4034 6200
380 271 490 328 535

1690 257 1999 317 GEORGII
2044 255 2510 316 PACHYMERE

3656 263 3740 318 536

377 393 483 463 ἳοι,
541 388 837 464 προθύμως
886 383 1371 458 πολεμησείοντες.
1427 383 1529 437 Τὸν
1579 381 1764 456 μέντοι
1813 400 1876 454 γε
1929 399 2030 432 πα·
2061 380 2223 450 Ατῷ
2251 379 2532 455 ἀγνοοῦντι
2578 381 2667 435 τὸν
2725 378 3142 454 βασιλεύσαντα,
3188 378 3308 434 ἀλλ’
3357 378 3406 440 ἐς
3442 382 3503 434 τὶ
3550 382 3748 454 μάλιστα

387 482 658 556 τριάρχην
692 477 768 538 εἷς
817 475 1047 531 Νίκαιαν
1095 472 1430 546 ἀποπέμπει,
1483 473 1598 545 μετ’
1649 471 1838 544 ὀλίγον
1885 488 2048 524 κατα-

393 565 579 626 λαϐεῖν
639 566 730 620 καὶ
793 562 954 625 αὐτὸς
1014 561 1453 638 ὑπισχνούμενος
1513 559 1724 634 σύναμα
1773 563 1852 630 τῷ
1893 559 2048 630 νέῳ,

390 653 886 726 ταινιωθησόμενοι
913 651 1004 707 καὶ
1055 650 1376 730 ἀμφότεροι.
1407 651 1469 708 Ὀ
1534 649 1626 723 μὶν
1662 647 1752 704 οὖν
1784 646 2052 721 πατριάρ-

393 765 505 822 χης
553 742 765 816 σύναμα
805 746 887 814 τῷ
934 739 1129 817 κλήρῳ
1174 741 1264 795 καὶ
1311 745 1427 802 τοῖς
1477 739 1809 814 άρχιερεῦσι,
1862 756 2051 790 συντα-

396 835 616 907 ξαμενοι
667 832 736 887 τὰ
783 829 966 886 εἰκότα
1007 835 1124 893 τοῖς
1176 826 1481 905 βασιλεῦσι,
1528 834 1628 896 τῆς
1687 825 1776 881 ἐπὶ
1824 824 2050 882 Νίκαιαν

396 921 660 992 ἥπτοντοο
722 920 751 974 ὁ
810 917 865 974 δέ
919 941 979 994 γε
1031 917 1283 995 βασιλεὺς
1311 917 1405 980 τὰς
1453 914 1708 990 δυνάμεις
1768 907 2055 969 ἀναλαϐὼν

398 1010 488 1067 καὶ
537 1008 790 1080 συντάξας
841 1006 1053 1082 συνάμα
1099 1007 1187 1062 καὶ
1237 1011 1354 1070 τοῖς
1385 1005 1436 1061 ἐν
1467 1004 1614 1061 τὲλει
1662 1003 1748 1059 ἐπὶ
1782 999 2056 1058 Φιλαδέλ-

401 1121 552 1180 φειαν
597 1096 828 1168 ἤλαυνε,
873 1097 963 1152 καὶ
1009 1094 1076 1166 δὴ
1128 1095 1349 1158 ἐπιστάς
1399 1099 1468 1169 τῇ
1516 1091 1675 1149 πόλει
1709 1093 1906 1148 ἐκεῖθεν
1961 1091 2057 1154 τας

399 1179 566 1266 ἄκρας
610 1187 858 1264 ὠχύρου,
905 1184 1033 1248 τοὺς
1084 1185 1181 1260 μὶν
1229 1186 1487 1258 πὲμπων,
1538 1182 1742 1244 ἄλλους
1782 1179 1828 1237 δ’
1860 1181 2060 1245 ἐκεῖθεν

402 1278 706 1353 δεχόμενος
762 1275 1046 1336 κατιόντας
1095 1273 1186 1328 καὶ
1237 1271 1436 1348 δώροις
1487 1273 1560 1335 ὡς
1595 1267 1707 1327 οἷόν
1757 1292 1815 1326 τε
1845 1268 2060 1348 φιλοτι-

409 1367 703 1443 μούμενος,
762 1363 1078 1439 προθύμους
1135 1363 1211 1425 είς
1267 1361 1516 1438 φυλακὴν
1549 1366 1722 1415 ποιῶν
1774 1361 1861 1415 καὶ
1928 1357 2061 1443 θαρέ

410 1439 783 1534 βαλεωτὲρους
837 1452 1018 1508 ἐλπίσι
1075 1457 1344 1528 χρησταῖς
1399 1450 1679 1515 καθιστάς.
1746 1442 1962 1524 Προϐἁς
2015 1439 2067 1502 δ’

411 1545 612 1608 ἐκεῖθεν
676 1543 868 1617 μικρὸν
925 1541 1015 1597 καὶ
1053 1543 1119 1598 τὶ
1167 1539 1355 1613 κύκλῳ
1412 1537 1739 1614 περιελθὼν,
1786 1537 1875 1592 καὶ
1932 1535 2064 1600 τοὺς

417 1635 512 1708 μὲν
587 1629 955 1707 προσλαλιαῖς
1030 1630 1282 1704 ἀγαθαῖς,
1354 1627 1482 1692 τους
1553 1624 1610 1682 δί
1690 1625 2064 1704 φιλοτιμίαις,

411 1722 539 1785 τοὺς
614 1718 670 1776 δὲ
738 1719 829 1775 καὶ
904 1720 1303 1794 ὑποσχέσεσιν,
1357 1714 1468 1772 ἔστι
1528 1713 1575 1771 δ’
1633 1717 1694 1770 οὗ
1750 1717 1840 1770 καὶ
1893 1710 2060 1794 φόϐον

411 1812 595 1888 κιρνάς
691 1809 1018 1884 ἡμερότητι,
1121 1807 1187 1862 τά
1291 1805 1743 1881 παρεμπίπτοντα
1856 1805 2064 1878 βασιλιο

411 1904 520 1962 κῶς
607 1898 1036 1974 μετερχόμενος,
1117 1897 1192 1960 ὡς
1271 1895 1387 1950 οἷόν
1462 1915 1520 1950 τε
1604 1895 1760 1949 κάκεῖ
1841 1893 2065 1958 καθίστα

411 1991 499 2044 καὶ
579 1985 976 2066 ἀσφαλέστερον
1053 1991 1313 2064 φρουροῖς
1367 1983 1715 2060 κατωχύρου·
1776 1984 1909 2059 Εἶχε
1961 1985 2064 2058 γὰρ

411 2081 511 2149 τήν
571 2077 660 2134 ἐπὶ
719 2076 866 2133 δύσιν
924 2076 1214 2152 μέριμναν,
1275 2076 1350 2137 ὼς
1411 2073 1644 2147 ἑτοίμων
1677 2075 1814 2150 πρὸς
1841 2073 1902 2129 τὸ
1926 2073 2066 2150 ἀφη-

415 2172 533 2238 νιᾷν
584 2163 774 2235 ὄντων,
826 2165 872 2220 εί
931 2164 1203 2240 εὐκαιρίας
1253 2165 1398 2226 τινὸς
1448 2161 1877 2236 ἰπιδράττοιντο.
1909 2165 2068 2226 ’Ὀθεν

415 2256 506 2311 καὶ
562 2250 815 2332 πρεσϐεις
885 2253 963 2316 είς
1031 2253 1238 2329 Πέρσας
1305 2250 1705 2325 ἐξαποστείλας,
1761 2255 1922 2307 τοῦτο
1974 2251 2069 2323 μὶν

424 2341 780 2415 δηλώσοντας
803 2340 878 2404 εἷς
907 2343 1006 2412 τήν
1040 2342 1219 2418 ἀρχὴν
1272 2339 1606 2397 καταστάντα
1658 2339 1716 2396 ὅν
1769 2340 1858 2395 καὶ
1916 2339 2073 2414 ἀκρι-

423 2428 535 2497 ϐὡς
586 2429 788 2494 ἰδόντες
837 2427 1057 2504 ᾔδεσαν,
1115 2434 1276 2486 τοῦτο
1335 2427 1392 2485 δὲ
1439 2429 1636 2503 καὶτῷ
1667 2430 1898 2486 σουλτάν
1951 2427 2074 2503 περὶ

424 2525 532 2576 τῶν
593 2520 705 2576 ἐκεῖ
758 2521 1098 2596 πραγμάτων
1153 2519 1740 2594 κοινολογησομὲνους,
1797 2515 1924 2574 οὐδὲ
1951 2516 2078 2572 τού-

428 2731 794 2788 alacritatem
821 2746 1058 2804 quoque
1087 2731 1406 2788 maximam
1445 2731 1755 2804 prteferens
1785 2730 1857 2786 ad
1890 2746 2070 2802 quos-

427 2823 518 2877 vis
569 2820 912 2878 subeundos
978 2819 1208 2877 labores
1255 2821 1762 2893 pugnandumque
1818 2818 2074 2876 ubicun-

427 2927 541 2985 que
589 2914 647 2967 et
713 2909 998 2966 adversus
1047 2926 1429 2982 quoscunque
1496 2910 1755 2966 duceret.
1819 2909 2072 2965 Patriar-

429 3000 602 3055 cham
659 2998 896 3055 interim
955 2998 1207 3055 Nicaeam
1279 2998 1602 3072 prmmittit,
1657 2997 1818 3054 brevi
1869 2997 2069 3054 eodem

424 3091 768 3144 secuturum
799 3104 862 3144 se
883 3086 1181 3161 pollicitus
1239 3104 1373 3145 cum
1411 3104 1589 3160 puero
1620 3091 1912 3160 Augusto,
1932 3087 2074 3158 regii

427 3177 779 3234 diadematis
811 3157 932 3233 un'a
951 3193 1086 3234 cum
1142 3175 1244 3233 illo
1297 3157 1430 3234 rite—
1464 3157 1802 3233 assumendi
1861 3157 2070 3249 gratia.
2104 3157 2147 3225 C

432 3268 623 3333 Quare
691 3265 976 3322 Arsenius
1045 3282 1180 3322 cum
1227 3264 1381 3321 clero
1429 3270 1488 3322 et
1537 3265 1892 3338 prmsulibus
1947 3263 2072 3320 vale

433 3355 589 3412 dicto
622 3354 1141 3426 Augustis,Nicaam
1169 3369 1374 3410 versus
1405 3353 1516 3410 iter
1569 3355 1780 3410 tenuit.
1815 3357 2072 3426 Impera-

435 3447 529 3500 tor
556 3458 690 3499 vero
723 3441 978 3514 sumptis
1027 3458 1228 3498 secum
1281 3441 1485 3513 copiis,
1539 3441 1808 3498 salutatis
1867 3441 1926 3496 in
1983 3441 2072 3496 di-

426 3547 636 3604 gressu
669 3529 1078 3602 optimatibus,
1105 3529 1575 3603 Philadelphiam
1606 3531 1900 3603 profectus
1938 3532 2073 3588 inde

425 3619 766 3677 muniendis
796 3617 1030 3675 arcibus
1062 3635 1262 3675 curam
1287 3619 1847 3692 impendit,mittens
1869 3621 1942 3678 ad
1974 3636 2072 3678 eas

419 3708 1282 3782 presidiarios,accersitosque
1313 3708 1414 3780 qui
1445 3708 1564 3765 illic
1616 3709 1850 3766 fuerant
1905 3711 2072 3766 beni-

417 3813 532 3873 gne
563 3797 879 3870 accipiens,
911 3803 968 3854 et
987 3797 1280 3854 donativis
1311 3814 1414 3870 pro
1445 3798 1614 3871 copia
1635 3799 1905 3871 praesenti
1937 3817 2072 3856 ma-

419 3887 656 3964 gniﬁcis
677 3885 1231 3958 liberalissimisque
1261 3887 1571 3960 promissis
1601 3889 1748 3945 bene
1782 3888 2073 3946 animatos

425 3979 499 4035 ad
532 3976 1030 4051 perseverandum
1063 3975 1122 4032 in
1155 3975 1268 4033 ﬁde
1298 3977 1573 4033 custodia
1597 3977 1828 4034 creditae
1852 3994 2073 4051 speque

425 4068 632 4141 plenos
661 4067 886 4140 optima
916 4065 1222 4122 remittens
1246 4067 1402 4122 unde
1432 4067 1892 4124 venerant.Hinc
1923 4085 2071 4141 pau-

435 4157 558 4214 lum
589 4172 938 4230 progressus
969 4159 1184 4211 cuncta
1204 4172 1308 4228 per
1342 4156 1652 4213 circuitum
1692 4157 1986 4228 lustravit,
2019 4165 2074 4214 et

421 4245 532 4302 hos
561 4244 802 4318 quidem
828 4243 1282 4300 allocutionibus
1315 4245 1607 4317 benignis,
1642 4245 1789 4302 alios
1812 4245 2073 4318 largitio-

422 4333 622 4400 nibus,
679 4333 966 4404 quosdam
1026 4333 1334 4404 promissis
1407 4335 1720 4390 demeruit.
1781 4335 1912 4390 Fuit
1973 4337 2074 4392 ubi

422 4428 482 4478 et
512 4426 794 4477 terrorem
839 4421 1162 4478 clementiae
1211 4422 1620 4479 submisceret.
1671 4424 1933 4496 Denique
1992 4423 2072 4479 ibi

2158 466 2303 546 φίλῳ
2342 465 2478 536 ὄντι,
2532 471 2693 532 αὐτὸς
2728 471 2826 538 τὴν
2879 467 3148 544 ταχίστην
3209 469 3530 544 ὑποστρέψας
3571 471 3646 524 καὶ
3679 475 3750 528 τὸν

2158 555 2326 613 παῖδα
2354 553 2686 631 παραλαϐὼν
2722 559 2825 612 ὑπὸ
2871 555 3061 632 πολλῇ
3109 556 3282 634 τρυφῇ
3329 579 3386 612 τε
3431 557 3513 612 καὶ
3559 557 3750 637 δορυφο-

2161 647 2253 720 ρίᾳ
2312 647 2539 722 μεγίστῃ
2599 653 2700 716 τῆς
2759 645 2845 701 ἐπὶ
2903 648 3002 714 τῆς
3059 649 3280 708 Νικαίας
3337 645 3548 714 ἥπτετο.
3591 648 3668 710 Ὠς
3717 647 3750 704 δ’

2161 735 2457 806 ἰπέστησαν
2517 737 2594 809 μὴ
2673 733 3048 808 μελλήσαντες
3103 732 3250 808 (οὐδὲ
3305 736 3402 810 γὰρ
3457 736 3517 804 ἦν
3572 735 3750 809 ἀμελεῖν

2163 826 2287 901 περὶ
2334 830 2442 880 τῶν
2483 823 2712 880 δυτικῖυν
2751 825 3194 897 σκοπουμένοις),
3227 823 3378 887 εὐθὺς
3432 825 3754 900 εὐτρεπίζοντο

2163 914 2230 969 τὰ
2284 921 2383 984 τῆς
2441 913 2797 984 ταινιώσεως,
2855 913 3188 982 ἐλπιζόντων
3249 912 3478 984 πάντων,
3533 915 3557 966 ὁ
3605 912 3662 982 δὴ
3687 919 3755 969 καὶ

2168 1005 2518 1078 συγκείμενον
2569 1006 2657 1073 ἦν,
2717 1007 2799 1077 [Ρ.
2839 1005 2932 1076 64]
2979 1009 3334 1071 ταινιωθῆναι
3396 1003 3484 1073 μὶν
3537 1003 3617 1057 τὸν
3665 1007 3755 1059 νὲον

2173 1093 2468 1168 βασιλικῶς
2539 1092 2628 1147 καὶ
2685 1094 2918 1167 πρώτως
2976 1093 3362 1167 εὖφημηθῆναι
3419 1093 3759 1165 στεφανωθέντα

2167 1183 2258 1238 καὶ
2307 1181 2665 1258 προκατάγειν
2709 1181 2801 1235 τὸν
2861 1175 3148 1256 θρίαμϐον,
3209 1179 3408 1236 ἐκεῖνον
3463 1177 3515 1234 δὲ
3560 1181 3637 1234 καὶ
3682 1184 3759 1251 τὴν

2171 1270 2374 1326 ἐκείνου
2423 1269 2649 1344 σύζυγον
2701 1268 2753 1324 ἐν
2802 1269 3009 1345 ὑστέρῳ
3042 1271 3469 1344 στεφανο›θέντας
3520 1274 3590 1340 τῷ
3637 1273 3760 1344 πρώ-

2168 1383 2247 1434 τῳ
2278 1361 2598 1434 μεθὲψεσθαι
2634 1359 2772 1414 κατὰ
2797 1359 2896 1427 τήν
2948 1356 3238 1434 βασιλικῆν
3285 1358 3372 1414 καὶ
3418 1360 3606 1428 συνήθη
3654 1379 3759 1431 προ-

2172 1448 2405 1505 ἐλευσιν.

2175 1559 2236 1626 ζ’.
2265 1558 2452 1618 Ὅπως
2482 1554 2879 1632 παρελογίσατο
2905 1554 3000 1632 τὰς
3030 1556 3299 1632 συνθήκας
3330 1560 3426 1622 τῆς
3455 1555 3762 1631 στεφηφορίας

2769 1628 2798 1682 ὃ
2829 1623 3239 1702 Ηαλαιολὸγος.

2245 1718 2323 1774 Τὸ
2373 1713 2420 1770 δ’
2469 1717 2534 1786 ἦν
2580 1716 2639 1771 ὲκ
2685 1716 2913 1790 πρώτης
2959 1715 3256 1793 άφετηρίας
3307 1711 3470 1778 δόλος
3511 1715 3591 1768 καὶ
3627 1735 3762 1787 παρα-

2174 1802 2492 1877 σπόνδησις,
2538 1804 2612 1867 εἰς
2663 1807 2778 1860 οἷον
2827 1804 2953 1874 ἦξον
3012 1800 3195 1874 τέλος,
3249 1800 3398 1859 οὐδὲν
3453 1803 3512 1858 τὸ
3559 1805 3761 1877 παράπαν

2174 1895 2434 1970 ἀγνοηθὲν
2492 1899 2608 1956 τοῖς
2661 1892 2918 1956 πολλοῖς.
2980 1894 3047 1951 Οἱ
3109 1893 3206 1966 μὲν
3269 1891 3357 1946 οὖν
3414 1891 3620 1947 ἱντέλει
3657 1913 3763 1966 προ-

2173 1983 2592 2057 κατελήφθησαν
2623 1983 2678 2037 εὖ
2725 1981 2986 2044 παθόντες
3029 1982 3116 2036 καὶ
3170 1982 3230 2036 εὗ
3285 1975 3359 2036 ἔτι
3414 1986 3584 2056 τυχεῖν
3636 1979 3763 2035 ἐλπί-

2181 2078 2378 2142 ζοντεςο
2412 2069 2642 2141 ἐπέδησε
2670 2072 2773 2147 γὰρ
2823 2070 2995 2126 αὐτῶν
3047 2071 3143 2134 τας
3191 2068 3467 2144 γλώσσας,
3505 2067 3632 2137 πλὴν
3677 2069 3768 2122 ὀλί-

2177 2183 2287 2237 γων
2331 2165 2494 2215 τινῶν
2546 2161 2614 2215 τὰ
2650 2159 3097 2236 φιλοτιμήματα,
3128 2159 3222 2214 καὶ
3257 2160 3402 2234 εἶχον
3433 2158 3634 2233 ἡσύχως
3677 2159 3765 2211 καθ’

2182 2249 2211 2305 ὅ
2265 2271 2318 2304 τι
2370 2249 2667 2325 πραχθείη.
2725 2251 2882 2311 Τινὲς
2945 2247 3001 2303 δὲ
3029 2253 3135 2302 τῶν
3192 2253 3374 2312 κακῶς
3423 2248 3668 2302 παθόντων
3713 2246 3770 2306 εἷς

2184 2340 2385 2412 ἄμυναν
2460 2337 2808 2414 λογιζόμενοι
2865 2339 2964 2406 τὴν
3023 2341 3120 2392 τοῦ
3177 2334 3375 2398 παιδὸς
3433 2335 3768 2414 καταφρόνησιν

2183 2428 2272 2484 καὶ
2302 2426 2693 2504 προσέχαιρον.
2752 2429 2813 2484 Ὀ
2867 2427 3050 2500 μὲντοι
3104 2447 3168 2500 γε
3220 2427 3553 2503 πατριάρχης
3599 2423 3662 2479 ἔτι
3706 2423 3773 2476 καὶ

2186 2515 2347 2578 αὐτὸς
2379 2515 2431 2570 ἐν
2484 2513 2697 2570 ἐλπίσιν
2755 2515 2822 2583 ἦν
2881 2518 2978 2570 τοῦ
3040 2512 3215 2588 μηδὲν
3246 2537 3298 2570 τι
3329 2509 3772 2589 παραϐαθῆναιτῶν

2184 2729 2320 2786 inde
2351 2728 2674 2801 quidquam
2703 2728 3012 2784 sinistrum
3047 2727 3559 2784 haerediTheodori
3603 2724 3769 2798 prioris

2184 2817 2558 2891 imperatoris
2591 2817 2704 2874 sibi
2734 2816 2875 2874 olim
2899 2833 3012 2873 non
3038 2814 3567 2890 ignoti,quinetiam
3587 2813 3769 2869 amicis-

2183 2908 2340 2964 simi.
2374 2908 2481 2964 His
2514 2908 2766 2980 peractis
2820 2908 3122 2965 celerrime
3184 2925 3474 2978 reversus,
3522 2908 3769 2975 assumpto

2183 3012 2380 3054 secum
2411 3001 2634 3053 Joanne
2657 3012 2998 3069 puero,cum
3022 2997 3340 3070 splendido
3363 3001 3623 3069 apparatu
3644 3009 3769 3067 pom-

2185 3103 2378 3160 paque
2409 3086 2724 3159 magniﬁca
2755 3086 3234 3143 numerosissimi
3269 3086 3520 3144 satellitii
3571 3085 3769 3140 Nicaeam

2187 3175 2297 3232 iter
2325 3176 2597 3232 intendit.
2627 3179 2750 3240 Quo
2783 3181 2847 3232 ut
2898 3182 3315 3248 pervenerunt,
3377 3175 3516 3232 nihil
3568 3174 3772 3230 cunctati

2189 3268 2326 3333 (non
2348 3265 2506 3320 enim
2536 3273 2771 3335 tempus
2802 3268 2989 3322 terere
3020 3265 3258 3322 sinebat
3286 3265 3602 3322 sollicitudo
3621 3278 3770 3317 rerum

2187 3352 2604 3424 Occiduarum)
2633 3354 2836 3410 statim
2867 3371 2930 3411 se
2951 3353 3264 3427 accingere
3291 3359 3580 3428 coeperunt
3620 3353 3678 3408 ad
3703 3368 3772 3407 so-

2188 3443 2443 3498 lemnem
2476 3443 2933 3500 coronationem.
2985 3444 3050 3500 In
3109 3461 3232 3517 qua
3282 3449 3518 3502 eventus
3570 3439 3771 3498 ostendit

2187 3530 2409 3589 frustra
2437 3537 2737 3606 speratum
2770 3533 2842 3589 ab
2867 3533 3180 3603 universis,
3219 3539 3306 3606 ut,
3341 3532 3771 3608 quemadmodum

2188 3626 2558 3691 convenerat,
2592 3621 3146 3695 priorimperatorio
3211 3625 3537 3681 diademate
3584 3619 3774 3692 insigni-

2187 3714 2348 3766 retur
2389 3715 2448 3767 et
2487 3712 2791 3783 Augustus
2847 3711 3282 3769 acclamaretur
3337 3707 3770 3774 adolescentulus,

2187 3799 2532 3872 praeiretque
2554 3800 2782 3856 eunetis
2819 3800 2878 3856 in
2911 3817 3126 3874 pompa
3154 3801 3523 3874 triumphali,
3561 3816 3670 3871 quae
3693 3795 3771 3850 tali

2186 3887 2490 3945 occasione
2541 3890 2941 3947 coronationis
2971 3889 3398 3961 imperatorum
3422 3884 3770 3949 soletinstilui,

2187 3975 2530 4050 Paleologus
2563 3993 2692 4034 vero
2722 3982 2780 4034 et
2810 3979 2990 4049 hujus
3023 3979 3242 4050 conjux
3268 3979 3518 4036 secundo
3569 3980 3681 4049 post
3720 3971 3774 4026 il-

2186 4066 2312 4122 lum
2335 4066 2538 4122 ordine
2568 4067 2928 4139 procederet.

2257 4175 2310 4226 7.
2348 4173 2412 4230 Ut
2443 4177 2609 4244 pacta
2633 4177 2896 4230 conventa
2926 4177 2987 4230 in
3015 4178 3371 4233 coronatione
3400 4183 3721 4245 transgressus

2781 4246 2854 4302 sit
2883 4247 3253 4320 Palwotogus.

2260 4331 2377 4388 Hoc
2407 4349 2540 4388 vero
2598 4334 2712 4389 fuit
2768 4335 3094 4408 impingere
3154 4338 3213 4392 in
3274 4337 3452 4392 limen
3507 4340 3559 4391 et
3606 4351 3636 4388 a
3683 4329 3774 4402 pri-

2192 4422 2307 4476 mis
2366 4422 2636 4479 aberrare
2690 4425 3025 4480 carceribus
3086 4442 3190 4498 per
3243 4426 3442 4482 dolum
3494 4429 3547 4480 et
3587 4418 3772 4477 foederis

425 4511 626 4567 omnia
659 4510 1009 4566 auctoritate
1034 4527 1100 4566 ac
1132 4511 1418 4583 sapientia
1442 4513 1812 4583 majestatem
1845 4512 2078 4586 imperii
2115 4502 2156 4568 D
2187 4511 2639 4581 iufraetionem;
2699 4529 2768 4570 ex
2822 4530 2939 4585 quo
2995 4515 3144 4571 fmdo
3194 4515 3476 4588 principio
3531 4514 3584 4568 in
3633 4521 3770 4580 quem

428 4601 669 4656 decente
694 4600 1020 4668 constituit,
1055 4605 1112 4656 et
1141 4601 1211 4656 ad
1245 4601 1620 4657 securitatem
1666 4602 1726 4657 in
1773 4607 2073 4674 posterum

429 4689 722 4764 praesidiis
751 4689 980 4745 idoneis
1013 4689 1286 4745 ﬁrmavit.
1322 4689 1675 4747 Imminebat
1717 4693 1870 4747 enim
1905 4693 1962 4747 in
1987 4709 2073 4748 re-

436 4796 566 4837 rum
596 4779 989 4836 Occiduarum
1020 4795 1245 4847 curam,
1298 4795 1433 4835 cum
1485 4797 1599 4835 non
1639 4779 1938 4852 ignoraret
1987 4783 2076 4836 in-

429 4871 595 4928 hiare
625 4871 799 4926 rebus
830 4871 996 4926 novis
1027 4869 1128 4940 qui
1160 4870 1480 4941 plurimum
1521 4871 1642 4927 illic
1697 4877 1989 4944 poterant,
2022 4878 2080 4928 et

427 4962 503 5019 ad
533 4959 973 5016 detrectandum
989 4957 1340 5030 obsequium
1357 4959 1506 5032 jugu
1517 4977 1686 5032 mque
1699 4960 1891 5032 palam
1905 4977 2078 5017 excu-

424 5051 696 5108 tiendum
711 5047 856 5104 nihil
880 5047 994 5104 nisi
1007 5048 1377 5104 commodam
1401 5049 1764 5106 occasionem
1779 5056 2078 5122 exspecta-

424 5139 785 5197 re.lndidem
825 5137 1001 5193 etiam
1034 5135 1256 5209 legatos
1279 5138 1350 5193 ad
1384 5138 1588 5194 Persas
1639 5138 1837 5205 misit;
1865 5139 2077 5210 partim

434 5235 501 5286 ut
521 5228 638 5285 illis
669 5227 1030 5300 signiﬁcaret
1057 5243 1226 5282 suam
1250 5228 1609 5283 evectionem
1652 5228 1711 5284 in
1744 5228 2078 5300 imperium,

427 5335 560 5392 quae
589 5322 755 5391 grata
785 5316 930 5388 ipsis
962 5316 1073 5371 fuit
1102 5317 1177 5371 ob
1209 5315 1462 5388 priorem
1503 5317 1632 5388 ejus
1692 5317 1963 5372 notitiam
2024 5323 2080 5373 et

433 5406 752 5465 amicitiam
783 5411 1074 5473 veterem;
1099 5405 1314 5476 partim
1347 5410 1412 5461 ut
1443 5404 1662 5460 sultani
1695 5405 1961 5476 quaedam
1990 5405 2079 5459 in-

426 5497 612 5552 terius
638 5493 1229 5551 communicarentde
1251 5493 1426 5548 modo
1447 5497 1504 5548 et
1520 5492 1712 5548 causis
1739 5492 2081 5548 mutationis

426 5588 582 5644 100
600 5602 786 5658 nuper
802 5583 1349 5654 factae,quemillum
1375 5588 1701 5641 averterent
1717 5602 1750 5641 a
1766 5585 2078 5641 metuendo

2187 4600 2364 4656 ﬁnem
2398 4601 2669 4673 proclivis
2699 4609 2856 4659 esset
2886 4603 3203 4678 prolapsio,
3265 4622 3434 4661 nemo
3506 4604 3610 4658 fere
3668 4612 3771 4670 pru-

2187 4691 2453 4746 dentium
2486 4708 2601 4747 non
2660 4693 2968 4750 sentiebat.
3028 4695 3248 4752 Verum
3299 4691 3655 4768 praeoccupati
3695 4689 3770 4742 be-

2189 4779 2416 4836 neﬁciis
2445 4785 2503 4836 et
2532 4783 2803 4854 suspensi
2838 4784 3056 4854 spebus
3114 4784 3380 4856 plerique
3435 4781 3768 4856 potentiorum

2190 4873 2538 4926 tacuerunt:
2571 4870 2805 4942 linguas
2835 4873 2992 4928 enim
3041 4873 3330 4940 omnium,
3373 4869 3651 4945 perpaucis
3698 4881 3768 4920 ex-

2191 4959 2396 5031 ceptis,
2429 4959 2752 5015 ambitiosae
2777 4960 3116 5032 largitiones
3145 4963 3533 5031 devinxerant,
3563 4963 3621 5013 ut
3646 4952 3774 5027 quid-

2190 5049 2277 5102 vis
2308 5047 2466 5104 taciti
2501 5048 2743 5104 ferrent.
2775 5049 3023 5113 Quidam
3055 5051 3230 5106 etiam
3255 5068 3289 5107 a
3319 5055 3475 5123 parte
3505 5045 3650 5121 pueri
3675 5055 3770 5113 qum

2193 5153 2308 5192 non
2338 5135 2644 5192 voluerant
2667 5139 2847 5208 passi,
2882 5139 3250 5195 dulcedinem
3305 5139 3561 5194 vindicta:
3604 5144 3767 5204 quam-

2192 5226 2326 5281 dam
2360 5226 2756 5296 degustabant
2786 5228 2844 5282 in
2877 5227 3257 5300 depressione
3286 5226 3395 5282 ﬁlii
3448 5227 3567 5296 ejus
3605 5239 3634 5276 a
3681 5231 3768 5288 quo

2193 5333 2255 5371 se
2287 5315 2524 5370 allectos
2552 5315 2769 5384 injuria
2798 5317 3102 5387 putabant.
3135 5318 3320 5381 Quare
3375 5316 3480 5371 hoc
3522 5310 3650 5384 ipsis
3693 5307 3766 5375 ju-

2192 5405 2450 5460 cundum
2485 5403 2801 5461 accidebat.
2825 5406 3157 5463 Patriarcba
3187 5410 3346 5461 totus
3375 5400 3688 5460 incumbens
3712 5392 3764 5448 ad

2193 5495 2546 5566 sperandum
2579 5494 2734 5564 quod
2767 5494 3159 5566 optabat,rata
3188 5493 3450 5550 videlicet
3494 5493 3640 5562 pacta
3665 5497 3765 5538 con-

2192 5587 2364 5639 venta
2392 5582 2451 5637 in
2475 5599 2707 5639 summa
2739 5583 2820 5639 rei
2853 5585 2993 5654 fore,
3029 5583 3168 5641 nihil
3204 5584 3261 5638 in
3323 5581 3412 5638 his
3468 5584 3761 5650 magnopere
