4034 6200
271 297 380 352 537

1355 299 1442 352 ΟΕ
1482 289 1852 352 MICUAELE
1888 295 2330 352 PAUEOLOGO
2367 297 2500 350 LIB.
2543 298 2616 350 II.

3579 303 3685 360 538

275 415 665 494 συγκειμένων,
725 415 816 471 καὶ
871 414 1023 472 οὐδέν
1077 439 1126 471 τι
1185 415 1586 494 προσεξηρεύνα
1619 460 1633 475 .
1693 419 1927 478 Ἐκεῖνος
1957 420 2012 487 Α
2041 438 2103 492 γε
2131 424 2231 486 τῆς
2262 416 2549 493 γερουσίας
2568 418 2709 480 τινες
2740 417 2829 472 καὶ
2872 420 3279 491 προσηπείλουν
3326 428 3508 487 κακῶς
3555 424 3682 500 δρᾷν

281 507 328 524 κο

275 507 333 563 δὲ
382 529 492 562 τισι
522 511 631 561 τῶν
677 506 983 581 ἀρχιερέων
1020 507 1082 562 τὸ
1114 509 1331 580 σγέμμα
1359 508 1783 578 κοινωσάμενος,
1840 507 1930 561 καὶ

273 599 347 659 ὡς
383 596 483 652 οὒκ
514 595 659 668 ἄξιον
692 593 776 666 εἷή
826 593 983 650 παιδὶ
1035 592 1144 650 ὄντι
1192 595 1282 650 καὶ
1319 597 1419 666 τὴν
1472 594 1691 664 ἡλικίαν
1749 596 1934 652 ἀτελεῖ

267 687 369 753 τὴν
443 692 546 753 τῆς
626 683 902 760 βασιλείας
977 683 1254 740 ταινίωσιν
1314 682 1679 760 προδεδέχθαι
1736 684 1824 740 καί
1879 689 1932 740 οἱ

268 769 687 850 προϐεϐηκότος
736 770 846 843 ἤδη
908 775 1000 828 καὶ
1056 774 1146 829 τὸν
1213 774 1331 847 βίον
1390 773 1847 851 κατατετριφότος
1880 773 1931 828 ἐν

268 864 552 939 πράγμασι
592 863 951 938 προηγεῖσθαι
1004 861 1056 916 έν
1118 856 1410 938 θριάμϐοις
1468 863 1557 917 καὶ
1611 863 1928 936 εὐφημίαις,

265 952 483 1029 ἰθάῤῥει
517 946 724 1024 λαϐὼν,
764 951 1113 1026 ὑποσχέσεις,
1155 951 1230 1012 ὡς
1276 952 1366 1005 καὶ
1416 950 1608 1013 αὐτοὺς
1653 953 1928 1022 ἀξιοῦντας

261 1046 435 1095 ταῦτα
478 1040 570 1095 καὶ
615 1040 692 1101 ὡς
740 1037 976 1103 δικαίοις
1032 1042 1462 1114 προσκειμένους
1517 1045 1634 1102 τοῖς
1692 1040 1928 1116 λεγομέ-

261 1151 382 1192 νοις
430 1128 579 1204 ἔχειν
628 1130 719 1183 καὶ
767 1130 860 1184 τὸν
911 1129 1258 1206 πατριάρχην
1320 1131 1638 1203 συμπείθειν
1690 1130 1784 1192 τὰς
1843 1130 1929 1184 ἐπὶ

257 1224 341 1291 τῷ
405 1217 558 1273 παιδῖ
622 1218 947 1295 ἀναρρήσεις
990 1219 1125 1292 πρὸς
1186 1219 1248 1273 τὸ
1305 1220 1478 1293 παρὸν
1530 1214 1928 1275 ἀναϐάλλεσθαι

258 1309 336 1371 ὡς
417 1306 686 1382 έγκαίρως
760 1309 1271 1380 ταινιωθησομὲνῳ.
1346 1304 1542 1364 Ε’ίπετο
1603 1305 1659 1361 δὲ
1717 1307 1928 1371 πάντως

260 1397 535 1469 ἐντεῦθεν,
570 1396 620 1451 εἴ
651 1398 726 1469 μή
765 1394 1066 1471 βασιλικῶς
1116 1399 1392 1472 στέφοιτο,
1440 1399 1536 1452 κάν
1589 1403 1705 1460 ταῖς
1764 1397 1929 1475 εὐφη-

263 1488 424 1560 μίαις
454 1486 544 1540 καὶ
591 1491 750 1542 πᾶσιν
802 1486 1005 1563 ἑτέροις
1053 1491 1148 1542 τοῦ
1205 1485 1313 1558 ἤδη
1372 1486 1750 1551 ταινιωθέντος
1799 1489 1930 1542 καθ-

260 1581 538 1649 υστερεῖν.
574 1574 726 1644 Πλὴν
760 1577 1039 1654 σοφιστέον
1074 1573 1258 1650 ἔλεγον
1295 1577 1392 1645 τὴν
1448 1575 1781 1650 ἐγχείρησιν,
1839 1576 1929 1630 καὶ

264 1666 388 1737 ἅμα
416 1663 767 1737 τελουμένων
799 1666 1050 1736 κινητέον
1079 1665 1146 1721 τὰ
1191 1667 1313 1741 περὶ
1366 1666 1583 1722 τούτου.
1642 1667 1792 1729 ὅπως
1851 1666 1928 1738 μὴ

256 1755 355 1808 καὶ
392 1753 829 1829 προαισθόμενος
883 1755 944 1809 τὸ
999 1754 1194 1832 στέφος
1227 1752 1415 1809 δώσων
1472 1754 1567 1816 τάς
1622 1753 1929 1816 ταινιώσεις

260 1845 587 1919 ὑπέρθοιτο.

261 1953 332 2020 η’.
402 1953 590 2012 ’Ὁπως
637 1949 864 2028 autem
918 1952 945 2006 6
1003 1948 1387 2028 Παλαιολόγος
1443 1950 1532 2006 καὶ
1591 1951 1652 2005 τὸ
1704 1948 1922 2006 παιδίον

921 2022 1272 2100 παρεωράθη.

339 2114 432 2184 [Ρ.
481 2113 572 2184 65]
620 2115 719 2168 Ἠν
762 2115 951 2180 ταῦτα,
999 2111 1087 2167 καὶ
1135 2115 1170 2181 ἡ
1215 2111 1376 2184 κυρία
1403 2115 1510 2166 τῶν
1538 2113 1761 2186 ἡμερῶν
1790 2133 1924 2186 παρ-

254 2207 354 2269 ῆν,
390 2199 482 2255 καὶ
512 2201 666 2254 πάντ’
698 2201 933 2276 εὐτρεπῆ
982 2200 1136 2272 ἦσαν,
1181 2200 1270 2256 καὶ
1321 2202 1595 2277 ἀρχιερεῖς
1648 2199 1742 2262 τὰς
1798 2222 1924 2257 στο-

252 2287 361 2351 λὰς
396 2287 638 2353 ἐνδόντες
665 2289 762 2352 τὰς
794 2291 941 2364 ἱεράς
983 2290 1118 2364 πρὸς
1148 2290 1211 2344 τὸ
1259 2290 1326 2345 τά
1365 2297 1464 2359 τῆς
1509 2287 1737 2360 τελετῆς
1779 2289 1924 2365 ἐνερ-

249 2383 378 2453 γεῖν
424 2377 660 2450 ἑτοίμως
708 2378 881 2452 εἶχον,
934 2378 1024 2432 καὶ
1072 2377 1199 2440 τοὺς
1250 2376 1637 2454 βασιλεύοντας
1667 2380 1920 2452 περιέμε-

253 2487 378 2521 νον.
438 2464 596 2523 Ἀλλ’
652 2465 848 2530 εὐθέως
885 2472 1113 2522 κινεῖται
1140 2468 1202 2521 τὸ
1262 2467 1498 2540 σκέμμα,
1557 2467 1644 2522 καὶ
1700 2469 1917 2542 ταραχή

254 2555 351 2625 ἦν,
389 2559 499 2611 τῶν
535 2555 631 2628 μὶν
662 2559 850 2629 ταῦτα,
881 2559 987 2611 τῶν
1019 2553 1064 2610 δ’
1114 2555 1290 2611 ἐκεῖνα
1346 2555 1636 2630 λεγόντων.
1687 2559 1801 2610 Τῶν
1864 2553 1921 2610 δέ

264 2769 533 2828 scrutari
566 2769 778 2839 voluit;
813 2771 967 2827 unde
999 2787 1103 2828 nec
1133 2771 1250 2828 nisi
1291 2788 1419 2828 sero
1450 2771 1590 2844 quid
1625 2776 1927 2843 pararetur

258 2860 479 2916 sensit.
500 2857 859 2932 Palaeologus
877 2865 1072 2916 autem
1093 2864 1274 2916 totam
1293 2861 1419 2932 jam
1438 2864 1574 2917 ante
1591 2860 1926 2916 machinam

258 2965 408 3006 cum
431 2948 791 3021 quibusdam
812 2948 1144 3005 antistitum
1161 2950 1306 3004 101
1327 2948 1439 3005 sibi
1459 2948 1646 3020 magis
1661 2948 1925 3005 obnoxiis

260 3043 712 3110 composuerat,
742 3037 892 3094 clam
924 3037 1084 3110 ipsos
1107 3037 1478 3106 conveniens,
1503 3043 1561 3094 et
1582 3039 1734 3094 factu
1766 3038 1924 3094 indi-

260 3145 463 3202 gnum
507 3129 950 3201 absurdumque
983 3130 1288 3185 afﬁrmans
1330 3129 1639 3202 puerulum
1680 3128 1924 3185 rationis

256 3219 433 3276 haud
467 3223 796 3291 compotem
821 3224 1071 3292 augusto
1095 3219 1444 3282 diademate.
1471 3218 1814 3275 ceremonia
1835 3236 1923 3276 re-

254 3308 682 3380 ligiosissima,
701 3307 1040 3364 celebritate
1065 3308 1434 3380 amplissima
1455 3309 1734 3379 decorari,
1759 3308 1923 3380 plau-

255 3412 498 3468 susque
517 3401 576 3453 et
597 3397 1091 3454 acclamationum
1117 3401 1339 3469 primas
1363 3399 1532 3468 ferre,
1556 3415 1618 3454 se
1641 3415 1772 3454 vero
1793 3403 1928 3454 asta-

254 3488 339 3542 tis
367 3487 640 3558 perfectae
663 3487 877 3553 virum,
895 3491 1018 3544 tota
1041 3488 1156 3543 vita
1176 3487 1450 3560 gerendis
1471 3487 1720 3559 negotiis
1744 3488 1927 3542 maxi-

254 3575 380 3632 mis
414 3577 650 3642 tritum,
677 3574 965 3632 asseclam
997 3574 1201 3631 larvati
1235 3579 1578 3632 ornamento
1604 3575 1927 3648 incongrue

255 3662 555 3720 infantuli
588 3663 817 3719 traduci
845 3663 1005 3735 regia
1034 3679 1252 3735 pompa
1274 3669 1331 3720 et
1351 3662 1525 3736 plane
1547 3664 1924 3736 triumphari.

251 3751 496 3816 Quibus
538 3750 624 3807 illi
679 3768 740 3808 se
789 3768 1100 3824 persuasos
1144 3753 1310 3820 fassi,
1347 3754 1794 3826 spoponderunt
1823 3755 1928 3810 da-

250 3846 434 3896 turos
467 3856 707 3912 operam
739 3846 804 3896 ut
840 3841 1178 3913 patriarcha
1226 3841 1604 3898 eoronatione
1652 3843 1817 3914 pueri
1868 3843 1928 3898 in

255 3945 537 4001 praesens
578 3931 1012 4002 supersederet,
1033 3931 1226 4003 specie
1258 3929 1418 3986 illius
1449 3931 1509 3986 in
1536 3936 1774 4004 tempus
1805 3948 1928 3988 ma-

262 4019 362 4091 gis
385 4023 789 4090 opportunum
817 4019 1176 4076 differendae.
1201 4024 1381 4075 Porro
1404 4035 1771 4091 consequens
1793 4021 1928 4077 hinc

261 4108 538 4163 futurum
558 4111 642 4175 ut,
659 4108 708 4162 si
733 4125 876 4180 puer
893 4125 960 4164 ea
976 4110 1070 4165 die
1087 4125 1204 4164 non
1223 4114 1534 4164 ornaretur
1552 4109 1930 4180 imperatoria

262 4213 513 4265 corona,
545 4196 604 4252 in
639 4197 860 4253 honore
900 4197 1344 4254 acclamationis
1375 4203 1433 4254 et
1464 4203 1712 4253 cunctus
1742 4198 1797 4253 id
1832 4215 1929 4270 ge-

259 4304 380 4343 nus
415 4285 818 4357 auspiciorum
844 4304 909 4343 ac
931 4288 1159 4358 jurium
1186 4287 1584 4359 praerogativis
1616 4287 1854 4343 omnino
1877 4289 1928 4343 ei

261 4376 735 4446 subjungeretur
765 4377 858 4432 cui
906 4376 1014 4432 soli
1047 4394 1113 4432 ea
1147 4376 1484 4432 celebritate
1516 4377 1785 4432 diadema
1819 4378 1927 4432 im-

263 4463 414 4536 perii
463 4463 735 4535 angustis
785 4463 996 4520 ritibus
1045 4469 1201 4520 esset
1252 4465 1925 4536 impositum.Caeterum

2040 507 2102 560 τὸ
2127 503 2345 560 παιδίον
2375 505 2464 560 καὶ
2498 503 2844 582 διαχρᾶσθαι,
2895 508 2940 562 εἰ
2969 506 3156 573 ἄλλως
3184 511 3437 582 πράττεις
3479 515 3513 581 ἡ
3562 515 3684 569 Ἐκ.

2039 593 2244 665 κλησία
2279 594 2559 671 βούλοιτο.
2605 596 2773 672 Λόγοι
2822 601 2947 671 γοῦν
3001 597 3267 674 ἐγένοντο,
3307 599 3396 654 καὶ
3445 598 3690 678 διεφιλο-

2041 685 2272 742 νείκουν.
2304 687 2358 738 Ὁ
2387 683 2442 740 δὲ
2472 685 2818 761 πατριάρχης
2870 686 2921 740 ἐν
2969 687 3256 762 ἀμηχανίᾳ
3311 689 3402 761 ἦν,
3443 692 3531 744 καὶ
3589 693 3690 759 οὐκ

2043 774 2185 848 εἶχεν
2219 776 2301 835 οἷς
2333 774 2678 849 προστεθείη,
2715 777 3040 850 Παρήρχετο
3085 779 3120 845 ἡ
3177 778 3378 850 ἡμέρα,
3427 779 3514 833 καὶ
3548 801 3689 852 συμ-

2042 867 2237 940 φωνεῖν
2286 861 2382 917 οὐκ
2433 863 2604 936 εἶχον.
2654 861 2833 925 Μόλις
2892 861 2982 917 οὖν
3036 863 3125 918 καὶ
3174 865 3307 937 μετὰ
3341 867 3441 934 τήν
3467 867 3687 936 πολλὴν

2042 949 2468 1029 διαφιλονεικίαν
2503 953 2554 1005 οἱ
2591 951 2868 1027 ἀρχιερεῖς
2913 952 3105 1014 πάντες
3147 953 3293 1024 πλήν
3343 975 3502 1010 τινων
3555 958 3686 1011 ὑπο-

2039 1038 2338 1096 κλίνουσιν.
2372 1043 2565 1096 Ἥσανν
2599 1038 2644 1092 δ’
2675 1041 2823 1095 οὗτοι
2856 1039 3202 1118 Ἀνδρόνικος
3236 1043 3264 1096 6
3293 1048 3400 1098 τῶν
3435 1042 3683 1120 Σάρδεων

2038 1129 2128 1184 καὶ
2162 1127 2425 1198 Μανουήλ
2459 1130 2486 1182 6
2518 1129 2916 1200 Θεσσαλονίκης
2949 1131 2976 1185 6
3005 1129 3304 1202 τούπίκλην
3359 1139 3548 1208 Ψαρᾶς
3594 1137 3684 1189 καὶ

2039 1219 2361 1281 Δισόπατος.
2422 1216 2576 1274 Ἀλλ’
2634 1220 2661 1272 6
2716 1220 2823 1273 τῶν
2886 1217 3134 1294 Σάρδεων
3185 1222 3299 1293 ἅμα
3347 1227 3427 1294 τῷ
3466 1224 3557 1277 τὸν
3589 1245 3688 1278 πα-

2036 1311 2311 1384 τριάρχην
2341 1314 2627 1377 πεισθῆναι
2654 1307 2742 1362 καὶ
2773 1308 2931 1371 αὐτὸς
2983 1308 3341 1380 συνεπείθετο,
3389 1311 3456 1366 τά
3501 1311 3687 1367 πολλά

2041 1391 2464 1470 συμϐαλομένου
2493 1399 2560 1470 τῇ
2590 1395 2868 1452 καταθέσει
2916 1401 3012 1452 τοῦ
3059 1404 3158 1467 τῆς
3207 1398 3342 1454 κατά
3385 1401 3485 1468 τὴν
3537 1401 3686 1474 Ὀρε-

2041 1482 2229 1539 στιάδα
2294 1483 2804 1560 Ἀδριανουπόλεως
2866 1491 3166 1562 Γερμανοῦ,
3227 1481 3305 1542 ἔτι
3357 1484 3415 1542 δὲ
3471 1493 3685 1564 Γρηγο-

2041 1575 2158 1649 ρίου
2214 1578 2311 1628 τοῦ
2371 1574 2636 1649 ’Δγκύρας
2693 1574 2783 1628 καὶ
2828 1579 2924 1629 τοῦ
2953 1574 3282 1651 Μελαγγίων
3342 1577 3684 1632 Κωνσταντί-

2038 1683 2154 1719 νου.
2213 1663 2271 1718 Ὁ
2331 1659 2385 1716 δέ
2433 1663 2484 1736 γ’
2529 1660 2754 1734 Ἐφέσου
2802 1661 3114 1740 Νικηφόρος
3148 1659 3386 1733 εὒλαϐὴς
3437 1662 3509 1719 ὢν
3545 1665 3681 1740 ἀνὴρ
3719 1684 3722 1686 ·

1963 1751 2127 1853 Baeti
2196 1751 2384 1824 τίμιος
2465 1750 2573 1826 οὐχ
2625 1750 2836 1806 ὑπενόει
2891 1751 2953 1805 τὸ
3012 1751 3452 1826 ὗπορυττόμένον
3499 1754 3573 1817 ὡς
3628 1754 3678 1808 ἐν

2034 1838 2304 1910 ἁπλότητι
2365 1844 2493 1912 ζῶν,
2550 1839 2640 1894 καὶ
2701 1839 2855 1902 εὐθὺς
2913 1843 3267 1916 συνυπήγετο.
3329 1843 3490 1899 Τοῦτ’
3544 1841 3679 1898 ἔπα-

2032 1950 2166 2006 σχον
2224 1929 2314 1985 καὶ
2373 1927 2538 1984 ἄλλοι
2588 1929 2812 1987 πολλοί.
2869 1931 2924 1983 Ὀ
2954 1927 3010 1984 δὲ
3042 1930 3388 2006 πατριάρχης
3411 1929 3548 2006 ἔγνω
3582 1933 3678 2004 μὲν

2032 2019 2350 2090 ἀπατηθεὶς,
2397 2018 2497 2074 οὐκ
2544 2018 2660 2094 εἶχε
2718 2017 2775 2073 δὲ
2831 2017 2861 2074 ὅ
2913 2041 2967 2074 τι
3024 2020 3253 2094 πράττοι
3309 2016 3529 2089 πολλῆς
3575 2027 3676 2090 τῆς

2032 2107 2271 2184 ἀνάγκης
2336 2109 2691 2183 περιστάσης.
2766 2108 2864 2162 Καὶ
2942 2106 3008 2177 δὴ
3086 2107 3498 2186 καθυπέγραφον
3577 2110 3672 2182 μὲν

2031 2195 2185 2252 οὗτοι
2241 2197 2309 2252 τά
2361 2197 2692 2271 ἐγνωσμένα,
2749 2202 2830 2269 τῷ
2883 2194 2939 2251 δέ
2995 2217 3058 2271 γε
3113 2195 3509 2267 Θεσσαλονίκης
3559 2195 3672 2252 οὐδ’

2031 2287 2264 2342 ἀκουστά
2312 2287 2462 2340 ταῦτ’
2519 2286 2678 2356 ἦσαν,
2732 2282 2862 2359 μηδ’
2905 2283 3090 2360 ἄκροις
3139 2285 3240 2340 ὠσὶ
3290 2283 3534 2358 δέξασθαι
3582 2307 3674 2340 κα-

2027 2373 2383 2450 ταδεχομένῳ
2417 2397 2428 2410 ’
2502 2375 2595 2430 τὸν
2661 2376 2762 2450 γάρ
2817 2381 2919 2443 τῆς
2980 2373 3256 2448 βασιλείας
3313 2373 3667 2450 κληρονόμον

2028 2469 2245 2538 πρῶτον
2300 2463 2456 2534 ἠξίου
2515 2463 2568 2517 ἐν
2627 2467 2754 2518 πᾶσι
2803 2461 3101 2538 γίγνεσθαι.
3133 2464 3221 2524 Ὧς
3255 2459 3310 2517 δὲ
3338 2463 3401 2517 τὸ
3435 2464 3669 2534 Μάρπου

2034 2555 2498 2627 ὑπεμιμνήσκετο,
2556 2551 2642 2607 καὶ
2702 2554 2934 2625 πέμπων
2987 2552 3015 2606 6
3069 2550 3370 2628 βασιλεύων
3415 2553 3675 2607 κατωνεί-

2037 2785 2171 2826 cum
2196 2783 2327 2825 ecce
2358 2765 2832 2840 inopinatissime
2862 2766 3208 2839 proponitur
3236 2766 3378 2838 quid
3410 2766 3678 2823 Palaaolo-

2035 2875 2148 2931 gus
2204 2873 2437 2929 aequum
2497 2859 2751 2912 censeat.
2802 2856 3096 2911 Turbatur
3153 2854 3376 2920 statim,
3418 2858 3475 2911 et
3521 2855 3677 2910 varie

2035 2963 2308 3004 murmur
2336 2944 2554 3018 gliscit,
2581 2944 2704 3000 haec
2735 2944 3126 3017 quorumdam
3169 2942 3418 2999 aliorum
3451 2943 3563 2998 alia
3591 2943 3677 2999 lo-

2036 3037 2364 3108 quentium.
2403 3035 2626 3090 Audita;
2659 3036 2811 3090 inter
2839 3033 2961 3088 haec
2993 3033 3163 3088 minae
3196 3032 3614 3088 nonnullorum
3647 3047 3677 3087 e

2038 3124 2398 3195 senatu,vim
2422 3138 2600 3196 puero
2621 3122 2985 3178 inferendam
3004 3126 3062 3177 et
3078 3121 3255 3177 vitam
3278 3121 3678 3192 adimendam,

2039 3216 2088 3272 si
2110 3215 2491 3270 obﬁrmarent
2512 3211 2776 3268 animum
2800 3211 3080 3282 praesules
3101 3209 3161 3265 in
3184 3210 3426 3266 consilio
3453 3209 3581 3280 ejus
3598 3210 3681 3266 sic

2036 3304 2188 3360 102
2217 3302 2530 3358 immature
2550 3299 2892 3357 coronandi.
2914 3297 3232 3355 Miscentur
3253 3314 3577 3368 sermones,
3593 3315 3679 3354 ar-

2037 3392 2222 3449 descit
2250 3389 2563 3460 contentio,
2583 3393 2791 3445 aestuat
2835 3387 3166 3460 patriarcha
3195 3387 3455 3443 incertus
3495 3387 3680 3442 animi

2037 3497 2214 3553 quam
2245 3479 2305 3534 in
2336 3481 2559 3552 partem
2583 3494 2645 3534 se
2672 3477 3018 3550 adjungant.
3043 3473 3382 3532 Praeteribat
3403 3476 3550 3544 dies,
3577 3492 3680 3532 nec

2038 3570 2172 3627 ﬁnis
2201 3568 2635 3626 dissensionum
2665 3571 2804 3624 erat.
2827 3573 2996 3638 Egre
3017 3566 3253 3622 tandem
3278 3569 3411 3636 post
3432 3563 3678 3620 multam

2039 3657 2472 3716 contentionem
2494 3656 2784 3713 antistites
2803 3657 2874 3713 ad
2891 3654 3193 3724 Paleologi
3215 3653 3574 3709 desiderium
3598 3654 3683 3709 in-

2037 3748 2338 3806 clinantur
2366 3762 2592 3814 omnes,
2618 3746 2822 3818 paucis
2845 3744 3119 3817 exceptis.
3152 3743 3329 3798 Erant
3358 3741 3420 3798 hi
3451 3742 3680 3797 Andro-

2039 3837 2206 3893 nicus
2244 3835 2571 3903 Sardensis,
2605 3835 2837 3891 Manuel
2884 3829 3426 3889 Thessalonicensis
3469 3846 3682 3903 cogno-

2039 3929 2238 3982 mento
2269 3925 2501 3992 Psaras,
2531 3928 2590 3980 et
2619 3923 2952 3996 Disypatus.
2984 3921 3203 3977 Verum
3232 3919 3570 3988 Sardensis,
3602 3920 3681 3974 si-

2039 4012 2162 4069 mul
2193 4029 2259 4068 ac
2292 4011 2633 4084 patriarchae
2667 4009 2955 4066 sententia
2975 4006 3235 4080 plurium
3267 4022 3549 4078 persuasa
3569 4012 3677 4078 est,

2037 4106 2094 4158 et
2113 4103 2239 4174 ipse
2261 4101 2528 4171 accessit,
2547 4099 2798 4156 multum
2819 4099 2890 4155 ad
2917 4098 3094 4168 hujus
3116 4112 3423 4152 assensum
3446 4095 3678 4152 elicien-

2038 4192 2178 4246 dum
2211 4191 2543 4246 conferente
2567 4189 2854 4244 Germano
2884 4185 3294 4256 Adrianopolis
3325 4185 3395 4240 ad
3428 4183 3683 4241 Orestia-

2039 4285 2169 4338 dem
2219 4283 2513 4354 episcopo,
2559 4279 2737 4336 simul
2789 4279 2966 4334 etiam
3015 4275 3290 4348 Gregorio
3340 4277 3578 4348 Ancyra
3622 4280 3680 4332 et

2036 4373 2416 4428 Constantino
2469 4369 2917 4440 Melangiorum.
2941 4369 3012 4420 At
3044 4364 3406 4435 Nicephorus
3437 4364 3682 4435 Ephesi-

2037 4481 2278 4535 nus,vnr
2297 4463 2429 4534 pius
2454 4467 2511 4517 et
2548 4461 2890 4528 honoratus,
2913 4475 3026 4530 prae
3061 4457 3265 4512 innata
3302 4455 3679 4528 simplicitate

263 4535 569 4609 addebant
595 4553 906 4624 gutendum
958 4558 1080 4608 arte
1111 4570 1176 4609 ac
1207 4535 1660 4625 gubernandum
1716 4570 1927 4609 arcano
1961 4535 2005 4598 D
2039 4569 2153 4608 non
2188 4552 2436 4624 pcrvidit
2467 4550 2608 4622 quid
2642 4547 2794 4605 clam
2827 4545 3177 4602 molirentur
3207 4545 3304 4617 qui
3337 4545 3458 4600 hmo
3490 4562 3678 4601 move-

266 4641 524 4696 consilio
559 4642 884 4713 negotium,
917 4659 1020 4697 nec
1053 4642 1218 4714 prius
1247 4644 1317 4698 de
1354 4641 1456 4697 tali
1488 4659 1546 4697 re
1576 4641 1924 4697 hiscendum

263 4746 451 4802 quam
484 4730 607 4800 jam
642 4729 914 4786 inchoata
954 4731 1287 4786 communis
1319 4730 1787 4802 inaugurationis
1819 4748 1927 4785 CIB-

263 4819 560 4884 remonia,
597 4835 668 4874 ne
712 4823 1064 4890 pramature
1104 4820 1245 4890 quid
1299 4823 1624 4874 strueretur
1671 4819 1926 4876 sentiens

262 4911 316 4962 is
353 4908 456 4978 qui
499 4907 774 4963 diadema
814 4912 938 4962 erat
970 4907 1381 4978 impositurus,
1415 4912 1593 4962 totam
1625 4906 1927 4964 solemita-

266 5000 391 5050 tem
425 5002 484 5051 et
515 5013 585 5051 ex
625 5013 790 5067 aequo
836 4996 1274 5052 coronationem
1308 4997 1620 5068 utriusque
1653 4995 1923 5052 differen-

271 5082 406 5138 dam
444 5083 502 5138 in
537 5089 772 5156 tempus
804 5083 961 5139 aliud
995 5084 1351 5140 decerneret.

341 5190 398 5244 8.
439 5191 501 5249 Ut
543 5191 880 5263 Palxologus
908 5201 1219 5264 coronatus,
1247 5209 1390 5264 puer
1416 5208 1541 5248 vero
1573 5191 1851 5263 dcspeclus

997 5263 1198 5336 fuerit.

338 5348 440 5404 His
464 5350 520 5404 in
548 5349 706 5407 hunc
731 5353 970 5407 modum
995 5351 1350 5419 constitutis,
1369 5353 1436 5408 ad
1450 5352 1557 5408 fuit
1580 5352 1736 5407 dicta
1760 5367 1921 5407 coro-

270 5440 493 5494 nationi
531 5441 912 5509 dies,cuncta
941 5446 1107 5497 erant
1148 5442 1219 5495 ad
1261 5442 1661 5497 caremoniam
1697 5445 1918 5512 parata,

262 5528 450 5584 sacris
483 5529 675 5585 induti
698 5531 957 5586 vestibus
983 5529 1259 5601 prmsules
1282 5530 1339 5584 in
1370 5529 1668 5601 procinctu
1695 5529 1918 5602 religio-

264 5632 346 5670 se
379 5617 699 5676 functionis
751 5621 987 5677 stabant
1027 5624 1084 5676 et
1133 5623 1430 5691 Augustos
1479 5620 1912 5692 exspectabant,

2037 4641 2464 4714 bant,idcoque
2486 4639 2653 4694 facile
2674 4641 2896 4692 tractus
2928 4638 2984 4692 in
3011 4639 3206 4708 partes
3232 4639 3339 4705 est,
3364 4635 3516 4707 quod
3551 4635 3680 4692 aliis

2037 4730 2176 4786 item
2209 4728 2411 4785 multis
2441 4726 2734 4784 usuvenit.
2767 4723 3167 4780 Patriarcham
3213 4740 3384 4795 porro
3415 4724 3678 4779 fraudem

2036 4819 2160 4874 ﬁeri
2193 4836 2306 4874 non
2340 4817 2550 4873 latuit:
2584 4816 2685 4872 sed
2722 4815 2908 4869 facere
2939 4811 3094 4868 aliud
3132 4812 3410 4884 nequivit,
3435 4818 3679 4884 urgente

2035 4909 2296 4979 undique
2325 4903 2705 4976 insuperabili
2739 4902 3109 4958 necessitate.
3134 4903 3350 4957 Tamen
3382 4901 3440 4956 in
3473 4919 3679 4960 omnes

2035 4997 2512 5067 subscripserunt
2542 4994 2772 5048 decreto
2806 4990 3126 5061 communi,
3159 4989 3278 5046 solo
3309 4990 3682 5046 Thessaloni-

2033 5086 2194 5140 censi
2237 5102 2308 5140 ne
2357 5083 2715 5139 mentionem
2747 5080 2984 5152 quidem
3019 5081 3120 5149 rei,
3147 5096 3324 5150 quam
3371 5079 3676 5150 iniquissi-

2032 5190 2191 5228 mam
2224 5173 2488 5244 putabat,
2515 5170 2598 5226 vel
2631 5169 2834 5242 primis
2865 5169 3208 5224 admittente
3239 5169 3502 5224 auribus.
3527 5167 3671 5222 Nam

2031 5261 2259 5333 imperii
2305 5261 2517 5316 hmredi
2552 5256 2993 5332 praerogativam
3041 5256 3401 5329 principatus
3433 5272 3672 5311 servan-

2031 5350 2165 5404 dam
2198 5350 2254 5404 in
2288 5350 2561 5406 omnibus
2605 5345 3011 5403 contendebat.
3044 5347 3116 5399 At
3143 5361 3276 5400 cum
3309 5348 3464 5400 esset
3493 5343 3542 5398 ei
3575 5358 3668 5396 re-

2029 5443 2296 5494 vocatum
2333 5439 2388 5493 in
2425 5443 2677 5492 mentem
2701 5433 3044 5490 vocabulum
3081 5438 3331 5503 Marpov,
3356 5431 3508 5502 quod
3542 5430 3665 5501 ipse

2028 5527 2172 5582 coelo
2204 5528 2452 5584 missum
2496 5526 2778 5593 audierat,
2811 5528 2866 5578 et
2899 5538 2999 5594 per
3048 5521 3260 5576 missos
3309 5517 3664 5588 Palacologus

2029 5617 2435 5688 exprobrasset
2470 5616 2625 5672 haud
2658 5618 3082 5683 consequenter
3125 5610 3319 5681 ipsum
3353 5622 3542 5680 agere,
3565 5608 3664 5678 qui
