  <div class='ocr_page' id='page_1' title='image "/cluster/home/n/w/nwhite01/storage/ocr_20150623/143/hvd.32044073502585/275.png"; bbox 0 0 4034 6200; ppageno 0'>
   <div class='ocr_carea' id='block_1_1' title="bbox 341 272 448 330">
    <p class='ocr_par' dir='ltr' id='par_1_1' title="bbox 341 272 448 330">
     <span class='ocr_line' id='line_1_1' title="bbox 341 272 448 330; baseline -0.009 0"><span class='ocrx_word' id='word_1_1' title='bbox 341 272 448 330; x_wconf 83' lang='grc'><strong>539</strong></span> 
     </span>
    </p>
   </div>
   <div class='ocr_carea' id='block_1_2' title="bbox 1642 259 2451 320">
    <p class='ocr_par' dir='ltr' id='par_1_2' title="bbox 1642 259 2451 320">
     <span class='ocr_line' id='line_1_2' title="bbox 1642 259 2451 320; baseline -0.002 -1"><span class='ocrx_word' id='word_1_2' title='bbox 1642 259 1946 320; x_wconf 76' lang='lat' dir='ltr'><strong>GEORGII</strong></span> <span class='ocrx_word' id='word_1_3' title='bbox 1985 262 2451 320; x_wconf 70' lang='lat' dir='ltr'><strong>PACHYMERB</strong></span> 
     </span>
    </p>
   </div>
   <div class='ocr_carea' id='block_1_3' title="bbox 3647 261 3764 318">
    <p class='ocr_par' dir='ltr' id='par_1_3' title="bbox 3647 261 3764 318">
     <span class='ocr_line' id='line_1_3' title="bbox 3647 261 3764 318; baseline -0.017 0"><span class='ocrx_word' id='word_1_4' title='bbox 3647 261 3764 318; x_wconf 73' lang='grc'><strong>540</strong></span> 
     </span>
    </p>
   </div>
   <div class='ocr_carea' id='block_1_4' title="bbox 345 384 3782 470">
    <p class='ocr_par' dir='ltr' id='par_1_4' title="bbox 345 384 3782 470">
     <span class='ocr_line' id='line_1_4' title="bbox 345 384 3782 470; baseline -0.004 -15"><span class='ocrx_word' id='word_1_5' title='bbox 345 397 486 470; x_wconf 83' lang='grc' dir='ltr'>διζεν</span> <span class='ocrx_word' id='word_1_6' title='bbox 518 397 594 459; x_wconf 81' lang='grc' dir='ltr'>ὡς</span> <span class='ocrx_word' id='word_1_7' title='bbox 624 394 788 457; x_wconf 80' lang='grc' dir='ltr'>αὐτὸς</span> <span class='ocrx_word' id='word_1_8' title='bbox 813 390 896 462; x_wconf 80' lang='grc' dir='ltr'><strong>εἷή</strong></span> <span class='ocrx_word' id='word_1_9' title='bbox 930 393 958 446; x_wconf 99' lang='lat'><strong>6</strong></span> <span class='ocrx_word' id='word_1_10' title='bbox 1007 387 1400 467; x_wconf 76' lang='grc' dir='ltr'>προαγγὲλΛων</span> <span class='ocrx_word' id='word_1_11' title='bbox 1452 388 1551 457; x_wconf 78' lang='grc' dir='ltr'>τήν</span> <span class='ocrx_word' id='word_1_12' title='bbox 1605 385 1881 464; x_wconf 78' lang='grc' dir='ltr'>βασιλείαν</span> <span class='ocrx_word' id='word_1_13' title='bbox 1944 386 1996 443; x_wconf 75' lang='grc' dir='ltr'>ἐν</span> <span class='ocrx_word' id='word_1_14' title='bbox 2025 390 2078 458; x_wconf 75' lang='grc' dir='ltr'><strong>Α</strong></span> <span class='ocrx_word' id='word_1_15' title='bbox 2110 385 2464 461; x_wconf 74' lang='grc' dir='ltr'><strong>προσέμενος,</strong></span> <span class='ocrx_word' id='word_1_16' title='bbox 2501 386 2624 443; x_wconf 81' lang='grc' dir='ltr'>ἀλλ’</span> <span class='ocrx_word' id='word_1_17' title='bbox 2660 387 2710 458; x_wconf 79' lang='grc' dir='ltr'><strong>ἐξ</strong></span> <span class='ocrx_word' id='word_1_18' title='bbox 2759 387 2996 462; x_wconf 83' lang='grc' dir='ltr'>ἀνάγκης</span> <span class='ocrx_word' id='word_1_19' title='bbox 3028 386 3114 442; x_wconf 78' lang='grc' dir='ltr'><strong>καὶ</strong></span> <span class='ocrx_word' id='word_1_20' title='bbox 3152 384 3244 462; x_wconf 78' lang='grc' dir='ltr'><strong>βίᾳ</strong></span> <span class='ocrx_word' id='word_1_21' title='bbox 3289 389 3387 441; x_wconf 88' lang='grc' dir='ltr'><strong>τοῦ</strong></span> <span class='ocrx_word' id='word_1_22' title='bbox 3439 384 3782 448; x_wconf 81' lang='grc' dir='ltr'>συνειδότος⁶</span> 
     </span>
    </p>
   </div>
   <div class='ocr_carea' id='block_1_5' title="bbox 348 477 1994 554">
    <p class='ocr_par' dir='ltr' id='par_1_5' title="bbox 348 477 1994 554">
     <span class='ocr_line' id='line_1_5' title="bbox 348 477 1994 554; baseline -0.006 -12"><span class='ocrx_word' id='word_1_23' title='bbox 348 487 590 547; x_wconf 77' lang='grc' dir='ltr'><strong>ἰδιώταις</strong></span> <span class='ocrx_word' id='word_1_24' title='bbox 635 482 712 539; x_wconf 78' lang='grc' dir='ltr'>ἔτι</span> <span class='ocrx_word' id='word_1_25' title='bbox 755 482 1002 538; x_wconf 78' lang='grc' dir='ltr'><strong>τελοῦντι</strong></span> <span class='ocrx_word' id='word_1_26' title='bbox 1055 484 1256 549; x_wconf 79' lang='grc' dir='ltr'>ζῶντος</span> <span class='ocrx_word' id='word_1_27' title='bbox 1305 483 1401 534; x_wconf 86' lang='grc' dir='ltr'><strong>τοῦ</strong></span> <span class='ocrx_word' id='word_1_28' title='bbox 1451 478 1742 554; x_wconf 75' lang='grc' dir='ltr'>βασιλέως,</span> <span class='ocrx_word' id='word_1_29' title='bbox 1793 477 1994 538; x_wconf 81' lang='grc' dir='ltr'>ἐκεῖνος</span> 
     </span>
    </p>
   </div>
   <div class='ocr_carea' id='block_1_6' title="bbox 344 563 1996 650">
    <p class='ocr_par' dir='ltr' id='par_1_6' title="bbox 344 563 1996 650">
     <span class='ocr_line' id='line_1_6' title="bbox 344 563 1996 650; baseline -0.007 -19"><span class='ocrx_word' id='word_1_30' title='bbox 344 577 434 631; x_wconf 86' lang='grc' dir='ltr'><strong>καὶ</strong></span> <span class='ocrx_word' id='word_1_31' title='bbox 463 570 913 650; x_wconf 86' lang='grc' dir='ltr'>προσωμολόγει,</span> <span class='ocrx_word' id='word_1_32' title='bbox 972 570 1063 625; x_wconf 85' lang='grc' dir='ltr'><strong>καὶ</strong></span> <span class='ocrx_word' id='word_1_33' title='bbox 1120 565 1344 642; x_wconf 65' lang='grc' dir='ltr'>ἕτοιμον</span> <span class='ocrx_word' id='word_1_34' title='bbox 1403 567 1589 623; x_wconf 71' lang='grc' dir='ltr'>ἑαυτὸν</span> <span class='ocrx_word' id='word_1_35' title='bbox 1621 571 1855 643; x_wconf 80' lang='grc' dir='ltr'>παρεῖχε</span> <span class='ocrx_word' id='word_1_36' title='bbox 1910 563 1996 620; x_wconf 82' lang='grc' dir='ltr'><strong>δέ-</strong></span> 
     </span>
    </p>
   </div>
   <div class='ocr_carea' id='block_1_7' title="bbox 344 655 1999 738">
    <p class='ocr_par' dir='ltr' id='par_1_7' title="bbox 344 655 1999 738">
     <span class='ocr_line' id='line_1_7' title="bbox 344 655 1999 738; baseline -0.006 -20"><span class='ocrx_word' id='word_1_37' title='bbox 344 661 541 738; x_wconf 88' lang='grc' dir='ltr'>χεσθαί</span> <span class='ocrx_word' id='word_1_38' title='bbox 569 680 628 717; x_wconf 87' lang='grc' dir='ltr'><strong>τε</strong></span> <span class='ocrx_word' id='word_1_39' title='bbox 655 660 746 717; x_wconf 85' lang='grc' dir='ltr'><strong>καὶ</strong></span> <span class='ocrx_word' id='word_1_40' title='bbox 777 659 1038 736; x_wconf 67' lang='grc' dir='ltr'>στέργειν,</span> <span class='ocrx_word' id='word_1_41' title='bbox 1089 656 1241 732; x_wconf 72' lang='grc' dir='ltr'>εἴπερ</span> <span class='ocrx_word' id='word_1_42' title='bbox 1302 656 1354 713; x_wconf 77' lang='grc' dir='ltr'>ἐν</span> <span class='ocrx_word' id='word_1_43' title='bbox 1405 658 1570 711; x_wconf 73' lang='grc' dir='ltr'>ἅπασι</span> <span class='ocrx_word' id='word_1_44' title='bbox 1618 659 1922 732; x_wconf 82' lang='grc' dir='ltr'>προηγοῖτο</span> <span class='ocrx_word' id='word_1_45' title='bbox 1971 655 1999 708; x_wconf 89' lang='lat'><strong>6</strong></span> 
     </span>
    </p>
   </div>
   <div class='ocr_carea' id='block_1_8' title="bbox 345 742 1998 826">
    <p class='ocr_par' dir='ltr' id='par_1_8' title="bbox 345 742 1998 826">
     <span class='ocr_line' id='line_1_8' title="bbox 345 742 1998 826; baseline -0.005 -19"><span class='ocrx_word' id='word_1_46' title='bbox 345 753 482 807; x_wconf 73' lang='grc' dir='ltr'>κατὰ</span> <span class='ocrx_word' id='word_1_47' title='bbox 528 749 908 826; x_wconf 81' lang='grc' dir='ltr'>κληρονομίαν</span> <span class='ocrx_word' id='word_1_48' title='bbox 945 747 1223 825; x_wconf 85' lang='grc' dir='ltr'>βασιλεύς.</span> <span class='ocrx_word' id='word_1_49' title='bbox 1280 747 1369 810; x_wconf 81' lang='grc' dir='ltr'>Ὠς</span> <span class='ocrx_word' id='word_1_50' title='bbox 1407 742 1453 800; x_wconf 88' lang='grc' dir='ltr'>δ’</span> <span class='ocrx_word' id='word_1_51' title='bbox 1510 743 1696 818; x_wconf 70' lang='grc' dir='ltr'>ἐκείνῳ</span> <span class='ocrx_word' id='word_1_52' title='bbox 1724 743 1998 820; x_wconf 89' lang='grc' dir='ltr'>παρίστων</span> 
     </span>
    </p>
   </div>
   <div class='ocr_carea' id='block_1_9' title="bbox 342 832 2000 912">
    <p class='ocr_par' dir='ltr' id='par_1_9' title="bbox 342 832 2000 912">
     <span class='ocr_line' id='line_1_9' title="bbox 342 832 2000 912; baseline -0.005 -16"><span class='ocrx_word' id='word_1_53' title='bbox 342 841 435 896; x_wconf 89' lang='grc' dir='ltr'><strong>καὶ</strong></span> <span class='ocrx_word' id='word_1_54' title='bbox 490 841 552 895; x_wconf 89' lang='grc' dir='ltr'><strong>τὸ</strong></span> <span class='ocrx_word' id='word_1_55' title='bbox 603 835 822 895; x_wconf 77' lang='grc' dir='ltr'>παιδίον</span> <span class='ocrx_word' id='word_1_56' title='bbox 880 834 1332 912; x_wconf 85' lang='grc' dir='ltr'>διερμηνεύοντες</span> <span class='ocrx_word' id='word_1_57' title='bbox 1399 832 1704 890; x_wconf 75' lang='grc' dir='ltr'><strong>κατανεύειν</strong></span> <span class='ocrx_word' id='word_1_58' title='bbox 1760 833 1824 889; x_wconf 86' lang='grc' dir='ltr'>τὸ</span> <span class='ocrx_word' id='word_1_59' title='bbox 1877 853 2000 889; x_wconf 85' lang='grc' dir='ltr'>ται-</span> 
     </span>
    </p>
   </div>
   <div class='ocr_carea' id='block_1_10' title="bbox 345 919 1996 1002">
    <p class='ocr_par' dir='ltr' id='par_1_10' title="bbox 345 919 1996 1002">
     <span class='ocr_line' id='line_1_10' title="bbox 345 919 1996 1002; baseline -0.005 -17"><span class='ocrx_word' id='word_1_60' title='bbox 345 932 608 1000; x_wconf 81' lang='grc' dir='ltr'>νιωθῆναι</span> <span class='ocrx_word' id='word_1_61' title='bbox 670 927 834 1002; x_wconf 82' lang='grc' dir='ltr'>μόνον</span> <span class='ocrx_word' id='word_1_62' title='bbox 895 927 1119 994; x_wconf 66' lang='grc' dir='ltr'>ἐκεῖνον,</span> <span class='ocrx_word' id='word_1_63' title='bbox 1177 926 1269 980; x_wconf 83' lang='grc' dir='ltr'><strong>καὶ</strong></span> <span class='ocrx_word' id='word_1_64' title='bbox 1326 924 1487 980; x_wconf 84' lang='grc' dir='ltr'>αὐτὸν</span> <span class='ocrx_word' id='word_1_65' title='bbox 1548 925 1776 999; x_wconf 80' lang='grc' dir='ltr'>ἀγαπᾷν,</span> <span class='ocrx_word' id='word_1_66' title='bbox 1807 922 1896 977; x_wconf 77' lang='grc' dir='ltr'><strong>καὶ</strong></span> <span class='ocrx_word' id='word_1_67' title='bbox 1929 919 1996 991; x_wconf 83' lang='grc' dir='ltr'>δὴ</span> 
     </span>
    </p>
   </div>
   <div class='ocr_carea' id='block_1_11' title="bbox 343 1013 1999 1094">
    <p class='ocr_par' dir='ltr' id='par_1_11' title="bbox 343 1013 1999 1094">
     <span class='ocr_line' id='line_1_11' title="bbox 343 1013 1999 1094; baseline -0.005 -18"><span class='ocrx_word' id='word_1_68' title='bbox 343 1022 515 1076; x_wconf 87' lang='grc' dir='ltr'>ταῦτα</span> <span class='ocrx_word' id='word_1_69' title='bbox 562 1018 698 1094; x_wconf 84' lang='grc' dir='ltr'>πρὸς</span> <span class='ocrx_word' id='word_1_70' title='bbox 743 1019 837 1074; x_wconf 84' lang='grc' dir='ltr'>τὸν</span> <span class='ocrx_word' id='word_1_71' title='bbox 881 1014 1142 1092; x_wconf 78' lang='grc' dir='ltr'>ἀρχιερέα</span> <span class='ocrx_word' id='word_1_72' title='bbox 1183 1014 1447 1090; x_wconf 81' lang='grc' dir='ltr'>ψελλίζον</span> <span class='ocrx_word' id='word_1_73' title='bbox 1495 1013 1679 1089; x_wconf 74' lang='grc' dir='ltr'>ἔλεγεν</span> <span class='ocrx_word' id='word_1_74' title='bbox 1711 1013 1784 1068; x_wconf 81' lang='grc' dir='ltr'>ὡς</span> <span class='ocrx_word' id='word_1_75' title='bbox 1835 1033 1999 1068; x_wconf 88' lang='grc' dir='ltr'>κατα-</span> 
     </span>
    </p>
   </div>
   <div class='ocr_carea' id='block_1_12' title="bbox 351 1101 2003 1186">
    <p class='ocr_par' dir='ltr' id='par_1_12' title="bbox 351 1101 2003 1186">
     <span class='ocr_line' id='line_1_12' title="bbox 351 1101 2003 1186; baseline -0.005 -21"><span class='ocrx_word' id='word_1_76' title='bbox 351 1109 597 1186; x_wconf 70' lang='grc' dir='ltr'>δέχοιτο,</span> <span class='ocrx_word' id='word_1_77' title='bbox 649 1109 698 1164; x_wconf 79' lang='grc' dir='ltr'><strong>εἷ’</strong></span> <span class='ocrx_word' id='word_1_78' title='bbox 749 1106 914 1181; x_wconf 91' lang='grc' dir='ltr'>μόνον</span> <span class='ocrx_word' id='word_1_79' title='bbox 968 1105 1103 1161; x_wconf 83' lang='grc' dir='ltr'>αὐτὸ</span> <span class='ocrx_word' id='word_1_80' title='bbox 1152 1107 1264 1178; x_wconf 80' lang='grc' dir='ltr'><strong>ζῴη</strong></span> <span class='ocrx_word' id='word_1_81' title='bbox 1320 1102 1488 1178; x_wconf 80' lang='grc' dir='ltr'>μηδὲν</span> <span class='ocrx_word' id='word_1_82' title='bbox 1533 1105 1704 1168; x_wconf 88' lang='grc' dir='ltr'>παθὸν</span> <span class='ocrx_word' id='word_1_83' title='bbox 1747 1101 1806 1158; x_wconf 77' lang='grc' dir='ltr'>ἔκ</span> <span class='ocrx_word' id='word_1_84' title='bbox 1854 1120 2003 1163; x_wconf 85' lang='grc' dir='ltr'>τινος</span> 
     </span>
    </p>
   </div>
   <div class='ocr_carea' id='block_1_13' title="bbox 348 1192 2003 1273">
    <p class='ocr_par' dir='ltr' id='par_1_13' title="bbox 348 1192 2003 1273">
     <span class='ocr_line' id='line_1_13' title="bbox 348 1192 2003 1273; baseline -0.003 -19"><span class='ocrx_word' id='word_1_85' title='bbox 348 1204 433 1273; x_wconf 75' lang='grc' dir='ltr'><strong>[Ρ.</strong></span> <span class='ocrx_word' id='word_1_86' title='bbox 485 1201 578 1272; x_wconf 81' lang='grc'><strong>66]</strong></span> <span class='ocrx_word' id='word_1_87' title='bbox 625 1195 855 1272; x_wconf 89' lang='grc' dir='ltr'>(πολλοὶ</span> <span class='ocrx_word' id='word_1_88' title='bbox 901 1197 1003 1273; x_wconf 77' lang='grc' dir='ltr'>γὰρ</span> <span class='ocrx_word' id='word_1_89' title='bbox 1051 1195 1141 1250; x_wconf 81' lang='grc' dir='ltr'><strong>καὶ</strong></span> <span class='ocrx_word' id='word_1_90' title='bbox 1189 1192 1458 1265; x_wconf 78' lang='grc' dir='ltr'>ἠπείλουν</span> <span class='ocrx_word' id='word_1_91' title='bbox 1500 1192 2003 1265; x_wconf 76' lang='grc' dir='ltr'>προεξανίστασθαι,</span> 
     </span>
    </p>
   </div>
   <div class='ocr_carea' id='block_1_14' title="bbox 350 1282 2003 1364">
    <p class='ocr_par' dir='ltr' id='par_1_14' title="bbox 350 1282 2003 1364">
     <span class='ocr_line' id='line_1_14' title="bbox 350 1282 2003 1364; baseline -0.004 -20"><span class='ocrx_word' id='word_1_92' title='bbox 350 1289 395 1344; x_wconf 81' lang='grc' dir='ltr'>εἰ</span> <span class='ocrx_word' id='word_1_93' title='bbox 429 1288 742 1364; x_wconf 77' lang='grc' dir='ltr'>ἀντὲχοιτο,</span> <span class='ocrx_word' id='word_1_94' title='bbox 773 1286 866 1342; x_wconf 75' lang='grc' dir='ltr'><strong>καὶ</strong></span> <span class='ocrx_word' id='word_1_95' title='bbox 895 1286 956 1341; x_wconf 88' lang='grc' dir='ltr'>τὸ</span> <span class='ocrx_word' id='word_1_96' title='bbox 986 1283 1252 1341; x_wconf 88' lang='grc' dir='ltr'>Κελτικὸν</span> <span class='ocrx_word' id='word_1_97' title='bbox 1287 1282 1660 1358; x_wconf 75' lang='grc' dir='ltr'>πελεκοφόρον</span> <span class='ocrx_word' id='word_1_98' title='bbox 1711 1284 2003 1359; x_wconf 85' lang='grc' dir='ltr'>περιεστὼς</span> 
     </span>
    </p>
   </div>
   <div class='ocr_carea' id='block_1_15' title="bbox 349 1369 1997 1450">
    <p class='ocr_par' dir='ltr' id='par_1_15' title="bbox 349 1369 1997 1450">
     <span class='ocr_line' id='line_1_15' title="bbox 349 1369 1997 1450; baseline -0.003 -18"><span class='ocrx_word' id='word_1_99' title='bbox 349 1373 572 1450; x_wconf 79' lang='grc' dir='ltr'>ἕτοιμον</span> <span class='ocrx_word' id='word_1_100' title='bbox 647 1373 716 1444; x_wconf 79' lang='grc' dir='ltr'>ἦν</span> <span class='ocrx_word' id='word_1_101' title='bbox 785 1375 878 1430; x_wconf 84' lang='grc' dir='ltr'><strong>καὶ</strong></span> <span class='ocrx_word' id='word_1_102' title='bbox 950 1374 1086 1429; x_wconf 85' lang='grc' dir='ltr'>κατᾶ</span> <span class='ocrx_word' id='word_1_103' title='bbox 1154 1371 1403 1449; x_wconf 85' lang='grc' dir='ltr'>φυλακὴν</span> <span class='ocrx_word' id='word_1_104' title='bbox 1458 1371 1548 1426; x_wconf 85' lang='grc' dir='ltr'><strong>καὶ</strong></span> <span class='ocrx_word' id='word_1_105' title='bbox 1598 1372 1716 1426; x_wconf 88' lang='grc' dir='ltr'>κατ’</span> <span class='ocrx_word' id='word_1_106' title='bbox 1763 1369 1997 1436; x_wconf 74' lang='grc' dir='ltr'>ἐπίθεσιν</span> 
     </span>
    </p>
   </div>
   <div class='ocr_carea' id='block_1_16' title="bbox 349 1458 2000 1542">
    <p class='ocr_par' dir='ltr' id='par_1_16' title="bbox 349 1458 2000 1542">
     <span class='ocr_line' id='line_1_16' title="bbox 349 1458 2000 1542; baseline -0.004 -20"><span class='ocrx_word' id='word_1_107' title='bbox 349 1467 624 1542; x_wconf 86' lang='grc' dir='ltr'>πράττειν,</span> <span class='ocrx_word' id='word_1_108' title='bbox 688 1461 784 1541; x_wconf 72' lang='grc' dir='ltr'>εἴγ’</span> <span class='ocrx_word' id='word_1_109' title='bbox 835 1461 1077 1539; x_wconf 86' lang='grc' dir='ltr'>ὀρισθείη</span> <span class='ocrx_word' id='word_1_110' title='bbox 1129 1460 1276 1537; x_wconf 76' lang='grc' dir='ltr'>παρὰ</span> <span class='ocrx_word' id='word_1_111' title='bbox 1320 1464 1428 1515; x_wconf 86' lang='grc' dir='ltr'><strong>τῶν</strong></span> <span class='ocrx_word' id='word_1_112' title='bbox 1487 1458 1798 1533; x_wconf 67' lang='grc' dir='ltr'>δυναμένων</span> <span class='ocrx_word' id='word_1_113' title='bbox 1835 1461 2000 1534; x_wconf 90' lang='grc' dir='ltr'>μάλι-</span> 
     </span>
    </p>
   </div>
   <div class='ocr_carea' id='block_1_17' title="bbox 349 1546 1998 1629">
    <p class='ocr_par' dir='ltr' id='par_1_17' title="bbox 349 1546 1998 1629">
     <span class='ocr_line' id='line_1_17' title="bbox 349 1546 1998 1629; baseline -0.002 -19"><span class='ocrx_word' id='word_1_114' title='bbox 349 1556 492 1629; x_wconf 87' lang='grc' dir='ltr'>στα),</span> <span class='ocrx_word' id='word_1_115' title='bbox 526 1554 554 1608; x_wconf 89' lang='lat'><strong>6</strong></span> <span class='ocrx_word' id='word_1_116' title='bbox 587 1551 875 1629; x_wconf 82' lang='grc' dir='ltr'>ἀρχιερεὺς</span> <span class='ocrx_word' id='word_1_117' title='bbox 925 1549 1091 1626; x_wconf 83' lang='grc' dir='ltr'>ὀλίγα</span> <span class='ocrx_word' id='word_1_118' title='bbox 1144 1556 1253 1606; x_wconf 89' lang='grc' dir='ltr'><strong>τῶν</strong></span> <span class='ocrx_word' id='word_1_119' title='bbox 1299 1549 1448 1624; x_wconf 86' lang='grc' dir='ltr'><strong>παρὰ</strong></span> <span class='ocrx_word' id='word_1_120' title='bbox 1495 1551 1592 1604; x_wconf 88' lang='grc' dir='ltr'><strong>τοῦ</strong></span> <span class='ocrx_word' id='word_1_121' title='bbox 1621 1546 1814 1612; x_wconf 66' lang='grc' dir='ltr'>παιδός</span> <span class='ocrx_word' id='word_1_122' title='bbox 1847 1547 1998 1626; x_wconf 89' lang='grc' dir='ltr'>λεγο-</span> 
     </span>
    </p>
   </div>
   <div class='ocr_carea' id='block_1_18' title="bbox 354 1635 2000 1720">
    <p class='ocr_par' dir='ltr' id='par_1_18' title="bbox 354 1635 2000 1720">
     <span class='ocr_line' id='line_1_18' title="bbox 354 1635 2000 1720; baseline -0.004 -21"><span class='ocrx_word' id='word_1_123' title='bbox 354 1643 530 1718; x_wconf 69' lang='grc' dir='ltr'>μένων</span> <span class='ocrx_word' id='word_1_124' title='bbox 562 1639 864 1720; x_wconf 80' lang='grc' dir='ltr'>φροντίζων</span> <span class='ocrx_word' id='word_1_125' title='bbox 924 1641 1038 1703; x_wconf 70' lang='grc' dir='ltr'>ἑνὸς</span> <span class='ocrx_word' id='word_1_126' title='bbox 1095 1639 1160 1708; x_wconf 83' lang='grc' dir='ltr'>ἦν</span> <span class='ocrx_word' id='word_1_127' title='bbox 1220 1641 1316 1693; x_wconf 90' lang='grc' dir='ltr'><strong>τοῦ</strong></span> <span class='ocrx_word' id='word_1_128' title='bbox 1375 1637 1506 1715; x_wconf 78' lang='grc' dir='ltr'>ύπὶρ</span> <span class='ocrx_word' id='word_1_129' title='bbox 1537 1635 1743 1694; x_wconf 68' lang='grc' dir='ltr'>ἐκείνου</span> <span class='ocrx_word' id='word_1_130' title='bbox 1783 1637 2000 1714; x_wconf 70' lang='grc' dir='ltr'>ἀντέχε-</span> 
     </span>
    </p>
   </div>
   <div class='ocr_carea' id='block_1_19' title="bbox 351 1726 1994 1805">
    <p class='ocr_par' dir='ltr' id='par_1_19' title="bbox 351 1726 1994 1805">
     <span class='ocr_line' id='line_1_19' title="bbox 351 1726 1994 1805; baseline -0.004 -16"><span class='ocrx_word' id='word_1_131' title='bbox 351 1746 494 1798; x_wconf 86' lang='grc' dir='ltr'>σθαι.</span> <span class='ocrx_word' id='word_1_132' title='bbox 547 1731 704 1790; x_wconf 86' lang='grc' dir='ltr'>Ἀλλ’</span> <span class='ocrx_word' id='word_1_133' title='bbox 760 1730 1028 1805; x_wconf 83' lang='grc' dir='ltr'>ἀντίσχειν</span> <span class='ocrx_word' id='word_1_134' title='bbox 1087 1729 1165 1793; x_wconf 85' lang='grc' dir='ltr'>εἰς</span> <span class='ocrx_word' id='word_1_135' title='bbox 1217 1731 1377 1792; x_wconf 68' lang='grc' dir='ltr'>τέλος</span> <span class='ocrx_word' id='word_1_136' title='bbox 1437 1729 1538 1784; x_wconf 85' lang='grc' dir='ltr'><strong>ούκ</strong></span> <span class='ocrx_word' id='word_1_137' title='bbox 1596 1728 1730 1804; x_wconf 75' lang='grc' dir='ltr'><strong>εἶχε⁸</strong></span> <span class='ocrx_word' id='word_1_138' title='bbox 1791 1726 1994 1784; x_wconf 79' lang='grc' dir='ltr'>πολλοὶ</span> 
     </span>
    </p>
   </div>
   <div class='ocr_carea' id='block_1_20' title="bbox 352 1817 2003 1898">
    <p class='ocr_par' dir='ltr' id='par_1_20' title="bbox 352 1817 2003 1898">
     <span class='ocr_line' id='line_1_20' title="bbox 352 1817 2003 1898; baseline -0.003 -20"><span class='ocrx_word' id='word_1_139' title='bbox 352 1823 454 1898; x_wconf 81' lang='grc' dir='ltr'><strong>γάρ</strong></span> <span class='ocrx_word' id='word_1_140' title='bbox 517 1823 606 1877; x_wconf 76' lang='grc' dir='ltr'><strong>καί</strong></span> <span class='ocrx_word' id='word_1_141' title='bbox 653 1817 1076 1896; x_wconf 87' lang='grc' dir='ltr'>προσωνείδιζον</span> <span class='ocrx_word' id='word_1_142' title='bbox 1131 1819 1218 1874; x_wconf 78' lang='grc' dir='ltr'><strong>καὶ</strong></span> <span class='ocrx_word' id='word_1_143' title='bbox 1278 1817 1686 1894; x_wconf 67' lang='grc' dir='ltr'>προύτρεποντο</span> <span class='ocrx_word' id='word_1_144' title='bbox 1729 1822 2003 1892; x_wconf 84' lang='grc' dir='ltr'>νεμεσῶν-</span> 
     </span>
    </p>
   </div>
   <div class='ocr_carea' id='block_1_21' title="bbox 2111 474 3778 553">
    <p class='ocr_par' dir='ltr' id='par_1_21' title="bbox 2111 474 3778 553">
     <span class='ocr_line' id='line_1_21' title="bbox 2111 474 3778 553; baseline -0.001 -20"><span class='ocrx_word' id='word_1_145' title='bbox 2111 479 2179 534; x_wconf 86' lang='lat'><strong>&quot;0</strong></span> <span class='ocrx_word' id='word_1_146' title='bbox 2208 474 2363 545; x_wconf 79' lang='grc' dir='ltr'>δήτὸ</span> <span class='ocrx_word' id='word_1_147' title='bbox 2423 479 2620 551; x_wconf 84' lang='grc' dir='ltr'>ὁμοῖον</span> <span class='ocrx_word' id='word_1_148' title='bbox 2673 477 2963 548; x_wconf 77' lang='grc' dir='ltr'>ὑπέφηνεν·</span> <span class='ocrx_word' id='word_1_149' title='bbox 3012 477 3205 550; x_wconf 84' lang='grc' dir='ltr'>ὁμοῖος</span> <span class='ocrx_word' id='word_1_150' title='bbox 3251 474 3354 553; x_wconf 74' lang='grc' dir='ltr'><strong>γὰρ</strong></span> <span class='ocrx_word' id='word_1_151' title='bbox 3386 475 3642 550; x_wconf 82' lang='grc' dir='ltr'>πόλεμος</span> <span class='ocrx_word' id='word_1_152' title='bbox 3685 477 3778 532; x_wconf 82' lang='grc' dir='ltr'>καί</span> 
     </span>
    </p>
   </div>
   <div class='ocr_carea' id='block_1_22' title="bbox 2113 565 3228 642">
    <p class='ocr_par' dir='ltr' id='par_1_22' title="bbox 2113 565 3228 642">
     <span class='ocr_line' id='line_1_22' title="bbox 2113 565 3228 642; baseline 0.003 -21"><span class='ocrx_word' id='word_1_153' title='bbox 2113 567 2306 640; x_wconf 81' lang='grc' dir='ltr'>ὁμοῖον</span> <span class='ocrx_word' id='word_1_154' title='bbox 2343 573 2518 642; x_wconf 84' lang='grc' dir='ltr'>γῆρας</span> <span class='ocrx_word' id='word_1_155' title='bbox 2544 566 2623 641; x_wconf 85' lang='grc' dir='ltr'>τῷ</span> <span class='ocrx_word' id='word_1_156' title='bbox 2651 571 2856 641; x_wconf 84' lang='grc' dir='ltr'>ποιητῇ</span> <span class='ocrx_word' id='word_1_157' title='bbox 2909 565 3228 642; x_wconf 79' lang='grc' dir='ltr'>λελὲχαται.</span> 
     </span>
    </p>
   </div>
   <div class='ocr_carea' id='block_1_23' title="bbox 2185 654 3774 733">
    <p class='ocr_par' dir='ltr' id='par_1_23' title="bbox 2185 654 3774 733">
     <span class='ocr_line' id='line_1_23' title="bbox 2185 654 3774 733; baseline -0.001 -21"><span class='ocrx_word' id='word_1_158' title='bbox 2185 657 2332 712; x_wconf 74' lang='grc' dir='ltr'>Ἐπεὶ</span> <span class='ocrx_word' id='word_1_159' title='bbox 2364 661 2495 732; x_wconf 89' lang='grc' dir='ltr'>γοῦν</span> <span class='ocrx_word' id='word_1_160' title='bbox 2535 657 2600 713; x_wconf 79' lang='grc' dir='ltr'><strong>τά</strong></span> <span class='ocrx_word' id='word_1_161' title='bbox 2650 661 2751 723; x_wconf 81' lang='grc' dir='ltr'>τῆς</span> <span class='ocrx_word' id='word_1_162' title='bbox 2803 654 3084 733; x_wconf 84' lang='grc' dir='ltr'>βασιλείου</span> <span class='ocrx_word' id='word_1_163' title='bbox 3131 661 3358 726; x_wconf 75' lang='grc' dir='ltr'>τελετῆς</span> <span class='ocrx_word' id='word_1_164' title='bbox 3403 655 3631 727; x_wconf 72' lang='grc' dir='ltr'>ἤνυσται</span> <span class='ocrx_word' id='word_1_165' title='bbox 3678 655 3774 712; x_wconf 66' lang='grc' dir='ltr'>καὶ</span> 
     </span>
    </p>
   </div>
   <div class='ocr_carea' id='block_1_24' title="bbox 2111 742 3776 824">
    <p class='ocr_par' dir='ltr' id='par_1_24' title="bbox 2111 742 3776 824">
     <span class='ocr_line' id='line_1_24' title="bbox 2111 742 3776 824; baseline -0.001 -23"><span class='ocrx_word' id='word_1_166' title='bbox 2111 742 2217 801; x_wconf 77' lang='grc' dir='ltr'>ἔδει</span> <span class='ocrx_word' id='word_1_167' title='bbox 2280 748 2486 822; x_wconf 86' lang='grc' dir='ltr'>χωρεῖν</span> <span class='ocrx_word' id='word_1_168' title='bbox 2555 748 2683 808; x_wconf 80' lang='grc' dir='ltr'>τοὺς</span> <span class='ocrx_word' id='word_1_169' title='bbox 2759 743 3079 824; x_wconf 69' lang='grc' dir='ltr'>στεφθέντας</span> <span class='ocrx_word' id='word_1_170' title='bbox 3146 744 3282 818; x_wconf 86' lang='grc' dir='ltr'>πρὸς</span> <span class='ocrx_word' id='word_1_171' title='bbox 3348 742 3416 799; x_wconf 74' lang='grc' dir='ltr'>τὰ</span> <span class='ocrx_word' id='word_1_172' title='bbox 3470 743 3776 820; x_wconf 80' lang='grc' dir='ltr'>ἀνάκτορα,</span> 
     </span>
    </p>
   </div>
   <div class='ocr_carea' id='block_1_25' title="bbox 2113 831 3776 912">
    <p class='ocr_par' dir='ltr' id='par_1_25' title="bbox 2113 831 3776 912">
     <span class='ocr_line' id='line_1_25' title="bbox 2113 831 3776 912; baseline -0.002 -20"><span class='ocrx_word' id='word_1_173' title='bbox 2113 838 2455 910; x_wconf 80' lang='grc' dir='ltr'>προηγοῦντο</span> <span class='ocrx_word' id='word_1_174' title='bbox 2517 837 2614 910; x_wconf 73' lang='grc' dir='ltr'>μὲν</span> <span class='ocrx_word' id='word_1_175' title='bbox 2674 835 2726 890; x_wconf 80' lang='grc' dir='ltr'>οἱ</span> <span class='ocrx_word' id='word_1_176' title='bbox 2780 834 2844 890; x_wconf 86' lang='grc' dir='ltr'>τὸ</span> <span class='ocrx_word' id='word_1_177' title='bbox 2892 831 3085 912; x_wconf 77' lang='grc' dir='ltr'>στέφος</span> <span class='ocrx_word' id='word_1_178' title='bbox 3141 831 3445 907; x_wconf 80' lang='grc' dir='ltr'>δεξάμενοι,</span> <span class='ocrx_word' id='word_1_179' title='bbox 3480 833 3776 907; x_wconf 83' lang='grc' dir='ltr'>μεθείπετο</span> 
     </span>
    </p>
   </div>
   <div class='ocr_carea' id='block_1_26' title="bbox 2118 921 3780 1002">
    <p class='ocr_par' dir='ltr' id='par_1_26' title="bbox 2118 921 3780 1002">
     <span class='ocr_line' id='line_1_26' title="bbox 2118 921 3780 1002; baseline -0.001 -22"><span class='ocrx_word' id='word_1_180' title='bbox 2118 923 2174 980; x_wconf 70' lang='grc' dir='ltr'>δὲ</span> <span class='ocrx_word' id='word_1_181' title='bbox 2204 926 2264 980; x_wconf 84' lang='grc' dir='ltr'>τὸ</span> <span class='ocrx_word' id='word_1_182' title='bbox 2303 923 2514 980; x_wconf 82' lang='grc' dir='ltr'>παιδίον</span> <span class='ocrx_word' id='word_1_183' title='bbox 2548 925 2651 981; x_wconf 74' lang='grc' dir='ltr'><strong>οὐκ</strong></span> <span class='ocrx_word' id='word_1_184' title='bbox 2681 923 2730 979; x_wconf 80' lang='grc' dir='ltr'><strong>ἐν</strong></span> <span class='ocrx_word' id='word_1_185' title='bbox 2767 924 2942 1002; x_wconf 70' lang='grc' dir='ltr'>στέφει</span> <span class='ocrx_word' id='word_1_186' title='bbox 2992 922 3284 1000; x_wconf 75' lang='grc' dir='ltr'>βασιλικῷ,</span> <span class='ocrx_word' id='word_1_187' title='bbox 3317 921 3445 980; x_wconf 79' lang='grc' dir='ltr'>ἀλλ’</span> <span class='ocrx_word' id='word_1_188' title='bbox 3498 922 3550 979; x_wconf 81' lang='grc' dir='ltr'>ἐν</span> <span class='ocrx_word' id='word_1_189' title='bbox 3617 923 3780 997; x_wconf 82' lang='grc' dir='ltr'>μόνῳ</span> 
     </span>
    </p>
   </div>
   <div class='ocr_carea' id='block_1_27' title="bbox 2116 1010 3785 1094">
    <p class='ocr_par' dir='ltr' id='par_1_27' title="bbox 2116 1010 3785 1094">
     <span class='ocr_line' id='line_1_27' title="bbox 2116 1010 3785 1094; baseline -0.001 -23"><span class='ocrx_word' id='word_1_190' title='bbox 2116 1015 2444 1094; x_wconf 74' lang='grc' dir='ltr'>κεκρυφάλῳ</span> <span class='ocrx_word' id='word_1_191' title='bbox 2520 1010 2887 1088; x_wconf 81' lang='grc' dir='ltr'>ἡμιτυμϐίῳ,</span> <span class='ocrx_word' id='word_1_192' title='bbox 2947 1012 3125 1078; x_wconf 85' lang='grc' dir='ltr'>λίθοις</span> <span class='ocrx_word' id='word_1_193' title='bbox 3179 1013 3270 1068; x_wconf 84' lang='grc' dir='ltr'><strong>καὶ</strong></span> <span class='ocrx_word' id='word_1_194' title='bbox 3335 1015 3638 1090; x_wconf 84' lang='grc' dir='ltr'>μαργάροις</span> <span class='ocrx_word' id='word_1_195' title='bbox 3682 1034 3785 1069; x_wconf 84' lang='grc' dir='ltr'>κε-</span> 
     </span>
    </p>
   </div>
   <div class='ocr_carea' id='block_1_28' title="bbox 2114 1101 3782 1178">
    <p class='ocr_par' dir='ltr' id='par_1_28' title="bbox 2114 1101 3782 1178">
     <span class='ocr_line' id='line_1_28' title="bbox 2114 1101 3782 1178; baseline -0.002 -18"><span class='ocrx_word' id='word_1_196' title='bbox 2114 1105 2472 1178; x_wconf 70' lang='grc' dir='ltr'>κοσμημένῳ.</span> <span class='ocrx_word' id='word_1_197' title='bbox 2506 1107 2603 1160; x_wconf 88' lang='grc' dir='ltr'>Ἤν</span> <span class='ocrx_word' id='word_1_198' title='bbox 2641 1101 2688 1160; x_wconf 89' lang='grc' dir='ltr'>δ’</span> <span class='ocrx_word' id='word_1_199' title='bbox 2743 1101 2930 1176; x_wconf 76' lang='grc' dir='ltr'>ἐκείνῳ</span> <span class='ocrx_word' id='word_1_200' title='bbox 2984 1101 3149 1177; x_wconf 68' lang='grc' dir='ltr'>μέλον</span> <span class='ocrx_word' id='word_1_201' title='bbox 3185 1101 3344 1157; x_wconf 78' lang='grc' dir='ltr'>οὐδὲν</span> <span class='ocrx_word' id='word_1_202' title='bbox 3399 1103 3477 1176; x_wconf 76' lang='grc' dir='ltr'>μὴ</span> <span class='ocrx_word' id='word_1_203' title='bbox 3533 1107 3782 1172; x_wconf 82' lang='grc' dir='ltr'>νοοῦντι,</span> 
     </span>
    </p>
   </div>
   <div class='ocr_carea' id='block_1_29' title="bbox 2113 1191 3780 1269">
    <p class='ocr_par' dir='ltr' id='par_1_29' title="bbox 2113 1191 3780 1269">
     <span class='ocr_line' id='line_1_29' title="bbox 2113 1191 3780 1269; baseline 0.001 -21"><span class='ocrx_word' id='word_1_204' title='bbox 2113 1191 2336 1256; x_wconf 73' lang='grc' dir='ltr'>ἕκαστος</span> <span class='ocrx_word' id='word_1_205' title='bbox 2395 1191 2452 1248; x_wconf 73' lang='grc' dir='ltr'>δὲ</span> <span class='ocrx_word' id='word_1_206' title='bbox 2519 1194 2581 1248; x_wconf 87' lang='grc' dir='ltr'>τὸ</span> <span class='ocrx_word' id='word_1_207' title='bbox 2645 1194 2763 1258; x_wconf 82' lang='grc' dir='ltr'>καθ’</span> <span class='ocrx_word' id='word_1_208' title='bbox 2817 1193 3002 1248; x_wconf 74' lang='grc' dir='ltr'>ἑαυτὸν</span> <span class='ocrx_word' id='word_1_209' title='bbox 3062 1195 3278 1248; x_wconf 78' lang='grc' dir='ltr'>σκοπῶν</span> <span class='ocrx_word' id='word_1_210' title='bbox 3333 1191 3396 1248; x_wconf 89' lang='grc' dir='ltr'><strong>ού</strong></span> <span class='ocrx_word' id='word_1_211' title='bbox 3448 1198 3780 1269; x_wconf 79' lang='grc' dir='ltr'>προσεῖχεν.</span> 
     </span>
    </p>
   </div>
   <div class='ocr_carea' id='block_1_30' title="bbox 2115 1279 3782 1357">
    <p class='ocr_par' dir='ltr' id='par_1_30' title="bbox 2115 1279 3782 1357">
     <span class='ocr_line' id='line_1_30' title="bbox 2115 1279 3782 1357; baseline -0.002 -17"><span class='ocrx_word' id='word_1_212' title='bbox 2115 1281 2358 1357; x_wconf 83' lang='grc' dir='ltr'>Ἔμελλε</span> <span class='ocrx_word' id='word_1_213' title='bbox 2403 1280 2450 1337; x_wconf 83' lang='grc' dir='ltr'>δ’</span> <span class='ocrx_word' id='word_1_214' title='bbox 2493 1281 2690 1345; x_wconf 77' lang='grc' dir='ltr'>αὐτοὺς</span> <span class='ocrx_word' id='word_1_215' title='bbox 2734 1281 2948 1345; x_wconf 85' lang='grc' dir='ltr'>πάντως</span> <span class='ocrx_word' id='word_1_216' title='bbox 2997 1284 3030 1352; x_wconf 89' lang='grc' dir='ltr'>ἡ</span> <span class='ocrx_word' id='word_1_217' title='bbox 3075 1279 3200 1352; x_wconf 85' lang='grc' dir='ltr'>δίκη</span> <span class='ocrx_word' id='word_1_218' title='bbox 3235 1281 3313 1344; x_wconf 70' lang='grc' dir='ltr'>εἷς</span> <span class='ocrx_word' id='word_1_219' title='bbox 3370 1280 3432 1336; x_wconf 87' lang='lat'><strong>16</strong></span> <span class='ocrx_word' id='word_1_220' title='bbox 3482 1281 3782 1356; x_wconf 71' lang='grc' dir='ltr'>μετέπειτα</span> 
     </span>
    </p>
   </div>
   <div class='ocr_carea' id='block_1_31' title="bbox 2116 1371 2885 1450">
    <p class='ocr_par' dir='ltr' id='par_1_31' title="bbox 2116 1371 2885 1450">
     <span class='ocr_line' id='line_1_31' title="bbox 2116 1371 2885 1450; baseline 0.001 -22"><span class='ocrx_word' id='word_1_221' title='bbox 2116 1372 2416 1447; x_wconf 80' lang='grc' dir='ltr'>μετελθεῖν,</span> <span class='ocrx_word' id='word_1_222' title='bbox 2449 1373 2523 1436; x_wconf 84' lang='grc' dir='ltr'>ὦς</span> <span class='ocrx_word' id='word_1_223' title='bbox 2556 1371 2885 1450; x_wconf 80' lang='grc' dir='ltr'>ἐγνώκαμεν,</span> 
     </span>
    </p>
   </div>
   <div class='ocr_carea' id='block_1_32' title="bbox 2113 1477 3776 1559">
    <p class='ocr_par' dir='ltr' id='par_1_32' title="bbox 2113 1477 3776 1559">
     <span class='ocr_line' id='line_1_32' title="bbox 2113 1477 3776 1559; baseline 0.001 -25"><span class='ocrx_word' id='word_1_224' title='bbox 2113 1482 2172 1538; x_wconf 87' lang='grc' dir='ltr'>θ’.</span> <span class='ocrx_word' id='word_1_225' title='bbox 2229 1483 2417 1544; x_wconf 85' lang='grc' dir='ltr'>Ὅπως</span> <span class='ocrx_word' id='word_1_226' title='bbox 2467 1480 2729 1559; x_wconf 67' lang='grc' dir='ltr'><strong>στεφθεῖιτ⁸</strong></span> <span class='ocrx_word' id='word_1_227' title='bbox 2819 1477 3067 1559; x_wconf 73' lang='grc' dir='ltr'>Μιχαὴλ</span> <span class='ocrx_word' id='word_1_228' title='bbox 3109 1479 3421 1559; x_wconf 75' lang='grc' dir='ltr'>ὑπεποιεῖτο</span> <span class='ocrx_word' id='word_1_229' title='bbox 3463 1477 3594 1543; x_wconf 74' lang='grc' dir='ltr'>τοὺς</span> <span class='ocrx_word' id='word_1_230' title='bbox 3623 1477 3776 1535; x_wconf 82' lang='grc' dir='ltr'>πολ-</span> 
     </span>
    </p>
   </div>
   <div class='ocr_carea' id='block_1_33' title="bbox 2484 1551 3381 1628">
    <p class='ocr_par' dir='ltr' id='par_1_33' title="bbox 2484 1551 3381 1628">
     <span class='ocr_line' id='line_1_33' title="bbox 2484 1551 3381 1628; baseline 0.004 -21"><span class='ocrx_word' id='word_1_231' title='bbox 2484 1551 2618 1615; x_wconf 74' lang='grc' dir='ltr'><strong>λοῦς</strong></span> <span class='ocrx_word' id='word_1_232' title='bbox 2643 1554 2734 1608; x_wconf 83' lang='grc' dir='ltr'><strong>καὶ</strong></span> <span class='ocrx_word' id='word_1_233' title='bbox 2765 1551 2954 1628; x_wconf 75' lang='grc' dir='ltr'>λόγοις</span> <span class='ocrx_word' id='word_1_234' title='bbox 2983 1553 3071 1608; x_wconf 75' lang='grc' dir='ltr'><strong>καὶ</strong></span> <span class='ocrx_word' id='word_1_235' title='bbox 3105 1552 3381 1626; x_wconf 77' lang='grc' dir='ltr'>πράξεσιν.</span> 
     </span>
    </p>
   </div>
   <div class='ocr_carea' id='block_1_34' title="bbox 2180 1638 3780 1717">
    <p class='ocr_par' dir='ltr' id='par_1_34' title="bbox 2180 1638 3780 1717">
     <span class='ocr_line' id='line_1_34' title="bbox 2180 1638 3780 1717; baseline -0.001 -20"><span class='ocrx_word' id='word_1_236' title='bbox 2180 1639 2398 1698; x_wconf 83' lang='grc' dir='ltr'>Τότεδέ</span> <span class='ocrx_word' id='word_1_237' title='bbox 2447 1639 2814 1716; x_wconf 76' lang='grc' dir='ltr'>ἀτημελήτως</span> <span class='ocrx_word' id='word_1_238' title='bbox 2861 1640 2924 1696; x_wconf 85' lang='grc' dir='ltr'>τὸ</span> <span class='ocrx_word' id='word_1_239' title='bbox 2973 1638 3188 1697; x_wconf 85' lang='grc' dir='ltr'>παιδίον</span> <span class='ocrx_word' id='word_1_240' title='bbox 3214 1639 3398 1717; x_wconf 86' lang='grc' dir='ltr'>διάγον</span> <span class='ocrx_word' id='word_1_241' title='bbox 3447 1641 3586 1717; x_wconf 78' lang='grc' dir='ltr'>πρὸς</span> <span class='ocrx_word' id='word_1_242' title='bbox 3646 1662 3780 1696; x_wconf 84' lang='grc' dir='ltr'>παι-</span> 
     </span>
    </p>
   </div>
   <div class='ocr_carea' id='block_1_35' title="bbox 2108 1727 3780 1807">
    <p class='ocr_par' dir='ltr' id='par_1_35' title="bbox 2108 1727 3780 1807">
     <span class='ocr_line' id='line_1_35' title="bbox 2108 1727 3780 1807; baseline 0 -21"><span class='ocrx_word' id='word_1_243' title='bbox 2108 1732 2303 1806; x_wconf 76' lang='grc' dir='ltr'>γνίοις,</span> <span class='ocrx_word' id='word_1_244' title='bbox 2355 1734 2419 1802; x_wconf 68' lang='grc' dir='ltr'>ἦν</span> <span class='ocrx_word' id='word_1_245' title='bbox 2479 1730 2780 1805; x_wconf 79' lang='grc' dir='ltr'>παιδικοῖς,</span> <span class='ocrx_word' id='word_1_246' title='bbox 2838 1732 2927 1787; x_wconf 85' lang='grc' dir='ltr'><strong>καὶ</strong></span> <span class='ocrx_word' id='word_1_247' title='bbox 2987 1732 3013 1786; x_wconf 89' lang='lat'><strong>6</strong></span> <span class='ocrx_word' id='word_1_248' title='bbox 3074 1729 3376 1807; x_wconf 80' lang='grc' dir='ltr'>βασιλεύων</span> <span class='ocrx_word' id='word_1_249' title='bbox 3416 1727 3467 1786; x_wconf 79' lang='grc' dir='ltr'>ἐν</span> <span class='ocrx_word' id='word_1_250' title='bbox 3504 1728 3780 1806; x_wconf 82' lang='grc' dir='ltr'>δημηγο-</span> 
     </span>
    </p>
   </div>
   <div class='ocr_carea' id='block_1_36' title="bbox 2116 1819 3780 1898">
    <p class='ocr_par' dir='ltr' id='par_1_36' title="bbox 2116 1819 3780 1898">
     <span class='ocr_line' id='line_1_36' title="bbox 2116 1819 3780 1898; baseline 0 -22"><span class='ocrx_word' id='word_1_251' title='bbox 2116 1822 2257 1896; x_wconf 87' lang='grc' dir='ltr'>ρίαις</span> <span class='ocrx_word' id='word_1_252' title='bbox 2287 1829 2386 1892; x_wconf 80' lang='grc' dir='ltr'>τῆς</span> <span class='ocrx_word' id='word_1_253' title='bbox 2417 1824 2626 1898; x_wconf 75' lang='grc' dir='ltr'>ἡμέρας</span> <span class='ocrx_word' id='word_1_254' title='bbox 2677 1821 2961 1896; x_wconf 85' lang='grc' dir='ltr'>συχνάκις.</span> <span class='ocrx_word' id='word_1_255' title='bbox 2994 1821 3110 1883; x_wconf 82' lang='grc' dir='ltr'><strong>Εἶθ’</strong></span> <span class='ocrx_word' id='word_1_256' title='bbox 3168 1819 3384 1896; x_wconf 79' lang='grc' dir='ltr'>ὕστερον</span> <span class='ocrx_word' id='word_1_257' title='bbox 3443 1820 3533 1875; x_wconf 77' lang='grc' dir='ltr'><strong>καὶ</strong></span> <span class='ocrx_word' id='word_1_258' title='bbox 3593 1840 3780 1895; x_wconf 83' lang='grc' dir='ltr'>προσ-</span> 
     </span>
    </p>
   </div>
   <div class='ocr_carea' id='block_1_37' title="bbox 349 1907 3780 1986">
    <p class='ocr_par' dir='ltr' id='par_1_37' title="bbox 349 1907 3780 1986">
     <span class='ocr_line' id='line_1_37' title="bbox 349 1907 3780 1986; baseline -0.001 -18"><span class='ocrx_word' id='word_1_259' title='bbox 349 1932 460 1982; x_wconf 87' lang='grc' dir='ltr'>τες,</span> <span class='ocrx_word' id='word_1_260' title='bbox 521 1911 565 1968; x_wconf 82' lang='grc' dir='ltr'>εἶ</span> <span class='ocrx_word' id='word_1_261' title='bbox 629 1909 794 1986; x_wconf 83' lang='grc' dir='ltr'>μόνος</span> <span class='ocrx_word' id='word_1_262' title='bbox 852 1907 1013 1973; x_wconf 73' lang='grc' dir='ltr'>αὑτὸς</span> <span class='ocrx_word' id='word_1_263' title='bbox 1055 1911 1224 1983; x_wconf 86' lang='grc' dir='ltr'>ὁμόσε</span> <span class='ocrx_word' id='word_1_264' title='bbox 1277 1909 1560 1971; x_wconf 81' lang='grc' dir='ltr'>τοσούτοις</span> <span class='ocrx_word' id='word_1_265' title='bbox 1591 1909 2006 1984; x_wconf 87' lang='grc' dir='ltr'>χωροίη.Τότε</span> <span class='ocrx_word' id='word_1_266' title='bbox 2114 1908 2575 1986; x_wconf 81' lang='grc' dir='ltr'>φιλοτιμούμενος</span> <span class='ocrx_word' id='word_1_267' title='bbox 2639 1908 2767 1974; x_wconf 77' lang='grc' dir='ltr'>τοὺς</span> <span class='ocrx_word' id='word_1_268' title='bbox 2838 1908 3107 1978; x_wconf 84' lang='grc' dir='ltr'>πολλοὺς,</span> <span class='ocrx_word' id='word_1_269' title='bbox 3181 1911 3317 1965; x_wconf 78' lang='grc' dir='ltr'>κατὰ</span> <span class='ocrx_word' id='word_1_270' title='bbox 3393 1912 3556 1983; x_wconf 74' lang='grc' dir='ltr'>μὲσον</span> <span class='ocrx_word' id='word_1_271' title='bbox 3621 1915 3780 1981; x_wconf 78' lang='grc' dir='ltr'>σφῶν</span> 
     </span>
    </p>
   </div>
   <div class='ocr_carea' id='block_1_38' title="bbox 345 1997 2001 2077">
    <p class='ocr_par' dir='ltr' id='par_1_38' title="bbox 345 1997 2001 2077">
     <span class='ocr_line' id='line_1_38' title="bbox 345 1997 2001 2077; baseline -0.002 -21"><span class='ocrx_word' id='word_1_272' title='bbox 345 2003 635 2076; x_wconf 80' lang='grc' dir='ltr'>τοιγαροῦν</span> <span class='ocrx_word' id='word_1_273' title='bbox 716 1999 1014 2077; x_wconf 77' lang='grc' dir='ltr'>ὑπογράφει</span> <span class='ocrx_word' id='word_1_274' title='bbox 1086 1997 1332 2060; x_wconf 81' lang='grc' dir='ltr'>κάκεῖνος</span> <span class='ocrx_word' id='word_1_275' title='bbox 1397 1997 1653 2062; x_wconf 88' lang='grc' dir='ltr'>πεισθείς.</span> <span class='ocrx_word' id='word_1_276' title='bbox 1709 1998 1862 2066; x_wconf 81' lang='grc' dir='ltr'>ΠΛὴν</span> <span class='ocrx_word' id='word_1_277' title='bbox 1925 1997 2001 2062; x_wconf 81' lang='grc' dir='ltr'><strong>εἰς</strong></span> 
     </span>
    </p>
   </div>
   <div class='ocr_carea' id='block_1_39' title="bbox 2113 1997 3780 2078">
    <p class='ocr_par' dir='ltr' id='par_1_39' title="bbox 2113 1997 3780 2078">
     <span class='ocr_line' id='line_1_39' title="bbox 2113 1997 3780 2078; baseline -0.001 -23"><span class='ocrx_word' id='word_1_278' title='bbox 2113 2000 2352 2076; x_wconf 77' lang='grc' dir='ltr'>ἐῤῥιπτει</span> <span class='ocrx_word' id='word_1_279' title='bbox 2407 2002 2500 2056; x_wconf 84' lang='grc' dir='ltr'><strong>καὶ</strong></span> <span class='ocrx_word' id='word_1_280' title='bbox 2551 2000 2883 2078; x_wconf 67' lang='grc' dir='ltr'>ἀμφοτέραις</span> <span class='ocrx_word' id='word_1_281' title='bbox 2937 1997 3186 2075; x_wconf 83' lang='grc' dir='ltr'>ἀργύρια.</span> <span class='ocrx_word' id='word_1_282' title='bbox 3247 2001 3315 2057; x_wconf 81' lang='grc' dir='ltr'><strong>Οἱ</strong></span> <span class='ocrx_word' id='word_1_283' title='bbox 3367 1997 3422 2055; x_wconf 71' lang='grc' dir='ltr'>δὲ</span> <span class='ocrx_word' id='word_1_284' title='bbox 3450 1999 3780 2074; x_wconf 83' lang='grc' dir='ltr'>προσυλλὲ-</span> 
     </span>
    </p>
   </div>
   <div class='ocr_carea' id='block_1_40' title="bbox 346 2085 3777 2166">
    <p class='ocr_par' dir='ltr' id='par_1_40' title="bbox 346 2085 3777 2166">
     <span class='ocr_line' id='line_1_40' title="bbox 346 2085 3777 2166; baseline 0 -21"><span class='ocrx_word' id='word_1_285' title='bbox 346 2090 578 2160; x_wconf 80' lang='grc' dir='ltr'>πιθανήν</span> <span class='ocrx_word' id='word_1_286' title='bbox 615 2087 876 2146; x_wconf 88' lang='grc' dir='ltr'>δοκοῦσαν</span> <span class='ocrx_word' id='word_1_287' title='bbox 912 2089 1238 2165; x_wconf 82' lang='grc' dir='ltr'>παραίτησιν</span> <span class='ocrx_word' id='word_1_288' title='bbox 1294 2088 1356 2143; x_wconf 86' lang='lat'><strong>16</strong></span> <span class='ocrx_word' id='word_1_289' title='bbox 1407 2086 1796 2162; x_wconf 82' lang='grc' dir='ltr'>ὁμοιοτρόπως</span> <span class='ocrx_word' id='word_1_290' title='bbox 1825 2106 2000 2161; x_wconf 77' lang='grc' dir='ltr'>προσ-</span> <span class='ocrx_word' id='word_1_291' title='bbox 2109 2109 2296 2164; x_wconf 88' lang='grc' dir='ltr'>γοντες</span> <span class='ocrx_word' id='word_1_292' title='bbox 2325 2088 2595 2163; x_wconf 78' lang='grc' dir='ltr'>ἂνύμνουν</span> <span class='ocrx_word' id='word_1_293' title='bbox 2629 2085 2788 2159; x_wconf 79' lang='grc' dir='ltr'>δῆθεν</span> <span class='ocrx_word' id='word_1_294' title='bbox 2819 2090 2911 2144; x_wconf 82' lang='grc' dir='ltr'>τὸν</span> <span class='ocrx_word' id='word_1_295' title='bbox 2945 2088 3250 2166; x_wconf 83' lang='grc' dir='ltr'>εύεργέτην,</span> <span class='ocrx_word' id='word_1_296' title='bbox 3309 2085 3528 2144; x_wconf 82' lang='grc' dir='ltr'>παιδίον</span> <span class='ocrx_word' id='word_1_297' title='bbox 3576 2089 3667 2144; x_wconf 82' lang='grc' dir='ltr'><strong>καὶ</strong></span> <span class='ocrx_word' id='word_1_298' title='bbox 3701 2091 3777 2145; x_wconf 74' lang='grc' dir='ltr'><strong>τά</strong></span> 
     </span>
    </p>
   </div>
   <div class='ocr_carea' id='block_1_41' title="bbox 347 2172 3773 2256">
    <p class='ocr_par' dir='ltr' id='par_1_41' title="bbox 347 2172 3773 2256">
     <span class='ocr_line' id='line_1_41' title="bbox 347 2172 3773 2256; baseline -0.001 -22"><span class='ocrx_word' id='word_1_299' title='bbox 347 2181 517 2243; x_wconf 74' lang='grc' dir='ltr'>ἑθετο·</span> <span class='ocrx_word' id='word_1_300' title='bbox 577 2182 674 2234; x_wconf 84' lang='grc' dir='ltr'><strong>τοῦ</strong></span> <span class='ocrx_word' id='word_1_301' title='bbox 733 2176 928 2252; x_wconf 83' lang='grc' dir='ltr'>ὁμοίου</span> <span class='ocrx_word' id='word_1_302' title='bbox 986 2179 1086 2255; x_wconf 70' lang='grc' dir='ltr'><strong>γάρ</strong></span> <span class='ocrx_word' id='word_1_303' title='bbox 1147 2177 1233 2234; x_wconf 79' lang='grc' dir='ltr'>ἐπὶ</span> <span class='ocrx_word' id='word_1_304' title='bbox 1292 2178 1593 2254; x_wconf 82' lang='grc' dir='ltr'>χειρίστοις</span> <span class='ocrx_word' id='word_1_305' title='bbox 1644 2172 1998 2250; x_wconf 78' lang='grc' dir='ltr'>λαμϐανομέ-</span> <span class='ocrx_word' id='word_1_306' title='bbox 2108 2181 2222 2234; x_wconf 89' lang='grc' dir='ltr'>κατ’</span> <span class='ocrx_word' id='word_1_307' title='bbox 2253 2178 2425 2235; x_wconf 84' lang='grc' dir='ltr'>ἐκεῖνο</span> <span class='ocrx_word' id='word_1_308' title='bbox 2456 2178 2662 2256; x_wconf 84' lang='grc' dir='ltr'>χαίρειν</span> <span class='ocrx_word' id='word_1_309' title='bbox 2696 2178 2909 2248; x_wconf 79' lang='grc' dir='ltr'>ἐῶντες,</span> <span class='ocrx_word' id='word_1_310' title='bbox 2946 2177 3078 2252; x_wconf 87' lang='grc' dir='ltr'>μηδ’</span> <span class='ocrx_word' id='word_1_311' title='bbox 3122 2181 3177 2233; x_wconf 87' lang='grc' dir='ltr'>οἴ</span> <span class='ocrx_word' id='word_1_312' title='bbox 3220 2179 3390 2233; x_wconf 87' lang='grc' dir='ltr'>κακοῦ</span> <span class='ocrx_word' id='word_1_313' title='bbox 3420 2174 3626 2240; x_wconf 78' lang='grc' dir='ltr'>εἰδότες</span> <span class='ocrx_word' id='word_1_314' title='bbox 3671 2199 3773 2254; x_wconf 79' lang='grc' dir='ltr'>γε-</span> 
     </span>
    </p>
   </div>
   <div class='ocr_carea' id='block_1_42' title="bbox 344 2263 3768 2346">
    <p class='ocr_par' dir='ltr' id='par_1_42' title="bbox 344 2263 3768 2346">
     <span class='ocr_line' id='line_1_42' title="bbox 344 2263 3768 2346; baseline 0 -24"><span class='ocrx_word' id='word_1_315' title='bbox 344 2287 439 2323; x_wconf 93' lang='grc' dir='ltr'><strong>νου</strong></span> <span class='ocrx_word' id='word_1_316' title='bbox 469 2267 615 2344; x_wconf 76' lang='grc' dir='ltr'>παρὰ</span> <span class='ocrx_word' id='word_1_317' title='bbox 641 2271 720 2341; x_wconf 80' lang='grc' dir='ltr'>τῷ</span> <span class='ocrx_word' id='word_1_318' title='bbox 763 2270 990 2343; x_wconf 83' lang='grc' dir='ltr'>ποιητῇ,</span> <span class='ocrx_word' id='word_1_319' title='bbox 1036 2267 1274 2346; x_wconf 70' lang='grc' dir='ltr'>ἐξέφηνεν</span> <span class='ocrx_word' id='word_1_320' title='bbox 1320 2267 1522 2330; x_wconf 79' lang='grc' dir='ltr'>ἐκεῖνος</span> <span class='ocrx_word' id='word_1_321' title='bbox 1582 2265 1640 2322; x_wconf 78' lang='grc' dir='ltr'>ἐκ</span> <span class='ocrx_word' id='word_1_322' title='bbox 1681 2265 1877 2322; x_wconf 87' lang='grc' dir='ltr'>τούτου</span> <span class='ocrx_word' id='word_1_323' title='bbox 1934 2267 1994 2322; x_wconf 86' lang='grc' dir='ltr'>τὸ</span> <span class='ocrx_word' id='word_1_324' title='bbox 2102 2266 2423 2340; x_wconf 85' lang='grc' dir='ltr'>γόνασιν.Ἡ</span> <span class='ocrx_word' id='word_1_325' title='bbox 2453 2269 2555 2344; x_wconf 81' lang='grc' dir='ltr'><strong>γάρ</strong></span> <span class='ocrx_word' id='word_1_326' title='bbox 2606 2266 2742 2324; x_wconf 67' lang='grc' dir='ltr'>κατὰ</span> <span class='ocrx_word' id='word_1_327' title='bbox 2771 2268 2996 2342; x_wconf 72' lang='grc' dir='ltr'>θατέρου</span> <span class='ocrx_word' id='word_1_328' title='bbox 3055 2263 3326 2337; x_wconf 75' lang='grc' dir='ltr'>ἐπιϐουλὴ</span> <span class='ocrx_word' id='word_1_329' title='bbox 3381 2268 3467 2342; x_wconf 87' lang='grc' dir='ltr'><strong>[Ρ.</strong></span> <span class='ocrx_word' id='word_1_330' title='bbox 3518 2269 3612 2341; x_wconf 81' lang='grc'><strong>67]</strong></span> <span class='ocrx_word' id='word_1_331' title='bbox 3661 2270 3768 2322; x_wconf 84' lang='grc' dir='ltr'><strong>τοῦ</strong></span> 
     </span>
    </p>
   </div>
   <div class='ocr_carea' id='block_1_43' title="bbox 345 2355 1990 2434">
    <p class='ocr_par' dir='ltr' id='par_1_43' title="bbox 345 2355 1990 2434">
     <span class='ocr_line' id='line_1_43' title="bbox 345 2355 1990 2434; baseline -0.002 -22"><span class='ocrx_word' id='word_1_332' title='bbox 345 2357 734 2434; x_wconf 82' lang='grc' dir='ltr'>ἀναγκαστικὸν</span> <span class='ocrx_word' id='word_1_333' title='bbox 785 2357 875 2412; x_wconf 84' lang='grc' dir='ltr'><strong>καὶ</strong></span> <span class='ocrx_word' id='word_1_334' title='bbox 923 2359 1267 2434; x_wconf 86' lang='grc' dir='ltr'>κακότροπον</span> <span class='ocrx_word' id='word_1_335' title='bbox 1323 2364 1423 2428; x_wconf 82' lang='grc' dir='ltr'><strong>τῆς</strong></span> <span class='ocrx_word' id='word_1_336' title='bbox 1484 2357 1802 2434; x_wconf 75' lang='grc' dir='ltr'>ὑπογραφῆς</span> <span class='ocrx_word' id='word_1_337' title='bbox 1841 2397 1855 2424; x_wconf 93' lang='grc'><strong>,</strong></span> <span class='ocrx_word' id='word_1_338' title='bbox 1916 2355 1990 2419; x_wconf 81' lang='grc' dir='ltr'>ὡς</span> 
     </span>
    </p>
   </div>
   <div class='ocr_carea' id='block_1_44' title="bbox 347 2443 1987 2521">
    <p class='ocr_par' dir='ltr' id='par_1_44' title="bbox 347 2443 1987 2521">
     <span class='ocr_line' id='line_1_44' title="bbox 347 2443 1987 2521; baseline -0.001 -19"><span class='ocrx_word' id='word_1_339' title='bbox 347 2448 446 2502; x_wconf 83' lang='grc' dir='ltr'><strong>οὑκ</strong></span> <span class='ocrx_word' id='word_1_340' title='bbox 491 2445 544 2504; x_wconf 78' lang='grc' dir='ltr'>ἰν</span> <span class='ocrx_word' id='word_1_341' title='bbox 589 2446 734 2521; x_wconf 68' lang='grc' dir='ltr'>καλῇ</span> <span class='ocrx_word' id='word_1_342' title='bbox 783 2443 998 2510; x_wconf 88' lang='grc' dir='ltr'>πάντως</span> <span class='ocrx_word' id='word_1_343' title='bbox 1039 2447 1216 2502; x_wconf 91' lang='grc' dir='ltr'>πίστει</span> <span class='ocrx_word' id='word_1_344' title='bbox 1259 2445 1348 2501; x_wconf 80' lang='grc' dir='ltr'><strong>καὶ</strong></span> <span class='ocrx_word' id='word_1_345' title='bbox 1405 2443 1590 2521; x_wconf 89' lang='grc' dir='ltr'>χάριτι</span> <span class='ocrx_word' id='word_1_346' title='bbox 1646 2445 1745 2515; x_wconf 80' lang='grc' dir='ltr'>τήν</span> <span class='ocrx_word' id='word_1_347' title='bbox 1799 2443 1987 2519; x_wconf 80' lang='grc' dir='ltr'>πρᾶξιν</span> 
     </span>
    </p>
   </div>
   <div class='ocr_carea' id='block_1_45' title="bbox 345 2660 1989 2736">
    <p class='ocr_par' dir='ltr' id='par_1_45' title="bbox 345 2660 1989 2736">
     <span class='ocr_line' id='line_1_45' title="bbox 345 2660 1989 2736; baseline -0.002 -17"><span class='ocrx_word' id='word_1_348' title='bbox 345 2664 440 2719; x_wconf 91' lang='lat' dir='ltr'><strong>cui</strong></span> <span class='ocrx_word' id='word_1_349' title='bbox 463 2661 607 2719; x_wconf 87' lang='lat' dir='ltr'><strong>alias</strong></span> <span class='ocrx_word' id='word_1_350' title='bbox 631 2661 875 2736; x_wconf 69' lang='lat' dir='ltr'><strong>privato,</strong></span> <span class='ocrx_word' id='word_1_351' title='bbox 896 2666 1179 2734; x_wconf 80' lang='lat' dir='ltr'><strong>regnante</strong></span> <span class='ocrx_word' id='word_1_352' title='bbox 1200 2661 1392 2717; x_wconf 89' lang='lat' dir='ltr'><strong>adhuc</strong></span> <span class='ocrx_word' id='word_1_353' title='bbox 1414 2661 1593 2732; x_wconf 84' lang='lat' dir='ltr'><strong>hujus</strong></span> <span class='ocrx_word' id='word_1_354' title='bbox 1617 2660 1779 2733; x_wconf 90' lang='lat' dir='ltr'><strong>pueri</strong></span> <span class='ocrx_word' id='word_1_355' title='bbox 1804 2666 1989 2733; x_wconf 88' lang='lat' dir='ltr'><strong>patre,</strong></span> 
     </span>
    </p>
   </div>
   <div class='ocr_carea' id='block_1_46' title="bbox 345 2747 1992 2824">
    <p class='ocr_par' dir='ltr' id='par_1_46' title="bbox 345 2747 1992 2824">
     <span class='ocr_line' id='line_1_46' title="bbox 345 2747 1992 2824; baseline -0.001 -17"><span class='ocrx_word' id='word_1_356' title='bbox 345 2750 659 2824; x_wconf 89' lang='lat' dir='ltr'><strong>imperium</strong></span> <span class='ocrx_word' id='word_1_357' title='bbox 690 2748 1076 2823; x_wconf 72' lang='lat' dir='ltr'><strong>praedixisset,</strong></span> <span class='ocrx_word' id='word_1_358' title='bbox 1099 2765 1255 2806; x_wconf 92' lang='lat' dir='ltr'><strong>nunc</strong></span> <span class='ocrx_word' id='word_1_359' title='bbox 1279 2752 1400 2806; x_wconf 91' lang='lat' dir='ltr'><strong>tam</strong></span> <span class='ocrx_word' id='word_1_360' title='bbox 1433 2747 1808 2822; x_wconf 80' lang='lat' dir='ltr'><strong>pertinaciter</strong></span> <span class='ocrx_word' id='word_1_361' title='bbox 1836 2749 1992 2806; x_wconf 85' lang='lat' dir='ltr'><strong>obsi-</strong></span> 
     </span>
    </p>
   </div>
   <div class='ocr_carea' id='block_1_47' title="bbox 349 2838 1990 2914">
    <p class='ocr_par' dir='ltr' id='par_1_47' title="bbox 349 2838 1990 2914">
     <span class='ocr_line' id='line_1_47' title="bbox 349 2838 1990 2914; baseline -0.001 -16"><span class='ocrx_word' id='word_1_362' title='bbox 349 2846 526 2899; x_wconf 88' lang='lat' dir='ltr'><strong>steret</strong></span> <span class='ocrx_word' id='word_1_363' title='bbox 570 2839 961 2898; x_wconf 81' lang='lat' dir='ltr'><strong>necessariam</strong></span> <span class='ocrx_word' id='word_1_364' title='bbox 1011 2840 1244 2898; x_wconf 73' lang='lat' dir='ltr'><strong>tuendae</strong></span> <span class='ocrx_word' id='word_1_365' title='bbox 1276 2838 1545 2912; x_wconf 79' lang='lat' dir='ltr'><strong>dignitati</strong></span> <span class='ocrx_word' id='word_1_366' title='bbox 1594 2856 1715 2897; x_wconf 89' lang='lat' dir='ltr'><strong>rem</strong></span> <span class='ocrx_word' id='word_1_367' title='bbox 1751 2839 1990 2914; x_wconf 85' lang='lat' dir='ltr'><strong>petenti,</strong></span> 
     </span>
    </p>
   </div>
   <div class='ocr_carea' id='block_1_48' title="bbox 349 2928 1991 3003">
    <p class='ocr_par' dir='ltr' id='par_1_48' title="bbox 349 2928 1991 3003">
     <span class='ocr_line' id='line_1_48' title="bbox 349 2928 1991 3003; baseline -0.001 -16"><span class='ocrx_word' id='word_1_368' title='bbox 349 2929 640 2988; x_wconf 84' lang='lat' dir='ltr'><strong>recordari</strong></span> <span class='ocrx_word' id='word_1_369' title='bbox 672 2946 734 2987; x_wconf 90' lang='lat' dir='ltr'><strong>se</strong></span> <span class='ocrx_word' id='word_1_370' title='bbox 758 2929 858 2986; x_wconf 90' lang='lat' dir='ltr'><strong>ille</strong></span> <span class='ocrx_word' id='word_1_371' title='bbox 905 2945 971 2987; x_wconf 88' lang='lat' dir='ltr'><strong>ac</strong></span> <span class='ocrx_word' id='word_1_372' title='bbox 1019 2929 1288 3003; x_wconf 86' lang='lat' dir='ltr'><strong>probare,</strong></span> <span class='ocrx_word' id='word_1_373' title='bbox 1313 2928 1478 3000; x_wconf 84' lang='lat' dir='ltr'><strong>dixit,</strong></span> <span class='ocrx_word' id='word_1_374' title='bbox 1501 2929 1599 2986; x_wconf 87' lang='lat' dir='ltr'><strong>sed</strong></span> <span class='ocrx_word' id='word_1_375' title='bbox 1641 2931 1725 2986; x_wconf 88' lang='lat' dir='ltr'><strong>sic</strong></span> <span class='ocrx_word' id='word_1_376' title='bbox 1755 2931 1991 2986; x_wconf 91' lang='lat' dir='ltr'><strong>demum</strong></span> 
     </span>
    </p>
   </div>
   <div class='ocr_carea' id='block_1_49' title="bbox 346 3018 1991 3092">
    <p class='ocr_par' dir='ltr' id='par_1_49' title="bbox 346 3018 1991 3092">
     <span class='ocr_line' id='line_1_49' title="bbox 346 3018 1991 3092; baseline -0.002 -14"><span class='ocrx_word' id='word_1_377' title='bbox 346 3018 652 3092; x_wconf 76' lang='lat' dir='ltr'><strong>Palaeologi</strong></span> <span class='ocrx_word' id='word_1_378' title='bbox 686 3018 890 3076; x_wconf 82' lang='lat' dir='ltr'><strong>honori</strong></span> <span class='ocrx_word' id='word_1_379' title='bbox 914 3019 1207 3087; x_wconf 81' lang='lat' dir='ltr'><strong>assentiri,</strong></span> <span class='ocrx_word' id='word_1_380' title='bbox 1233 3018 1280 3076; x_wconf 90' lang='lat' dir='ltr'><strong>si</strong></span> <span class='ocrx_word' id='word_1_381' title='bbox 1305 3018 1526 3091; x_wconf 90' lang='lat' dir='ltr'><strong>primas</strong></span> <span class='ocrx_word' id='word_1_382' title='bbox 1547 3019 1700 3075; x_wconf 74' lang='lat'><strong>108</strong></span> <span class='ocrx_word' id='word_1_383' title='bbox 1725 3019 1991 3075; x_wconf 90' lang='lat' dir='ltr'><strong>omnium</strong></span> 
     </span>
    </p>
   </div>
   <div class='ocr_carea' id='block_1_50' title="bbox 345 3107 1991 3182">
    <p class='ocr_par' dir='ltr' id='par_1_50' title="bbox 345 3107 1991 3182">
     <span class='ocr_line' id='line_1_50' title="bbox 345 3107 1991 3182; baseline -0.002 -15"><span class='ocrx_word' id='word_1_384' title='bbox 345 3111 521 3168; x_wconf 84' lang='lat' dir='ltr'><strong>ferret</strong></span> <span class='ocrx_word' id='word_1_385' title='bbox 538 3109 637 3182; x_wconf 91' lang='lat' dir='ltr'><strong>qui</strong></span> <span class='ocrx_word' id='word_1_386' title='bbox 655 3108 1023 3167; x_wconf 64' lang='lat' dir='ltr'><strong>haereditario</strong></span> <span class='ocrx_word' id='word_1_387' title='bbox 1040 3107 1350 3182; x_wconf 78' lang='lat' dir='ltr'><strong>imperaret</strong></span> <span class='ocrx_word' id='word_1_388' title='bbox 1362 3108 1386 3180; x_wconf 83' lang='lat' dir='ltr'>j</span> <span class='ocrx_word' id='word_1_389' title='bbox 1398 3109 1692 3167; x_wconf 91' lang='lat' dir='ltr'><strong>ure.Tunc</strong></span> <span class='ocrx_word' id='word_1_390' title='bbox 1705 3108 1804 3182; x_wconf 87' lang='lat' dir='ltr'><strong>qui</strong></span> <span class='ocrx_word' id='word_1_391' title='bbox 1822 3124 1991 3182; x_wconf 86' lang='lat' dir='ltr'><strong>agen-</strong></span> 
     </span>
    </p>
   </div>
   <div class='ocr_carea' id='block_1_51' title="bbox 344 3199 1990 3258">
    <p class='ocr_par' dir='ltr' id='par_1_51' title="bbox 344 3199 1990 3258">
     <span class='ocr_line' id='line_1_51' title="bbox 344 3199 1990 3258; baseline -0.001 0"><span class='ocrx_word' id='word_1_392' title='bbox 344 3205 464 3258; x_wconf 90' lang='lat' dir='ltr'><strong>tem</strong></span> <span class='ocrx_word' id='word_1_393' title='bbox 497 3200 606 3257; x_wconf 90' lang='lat' dir='ltr'><strong>hac</strong></span> <span class='ocrx_word' id='word_1_394' title='bbox 657 3202 988 3257; x_wconf 81' lang='lat' dir='ltr'><strong>constantia</strong></span> <span class='ocrx_word' id='word_1_395' title='bbox 1017 3199 1604 3258; x_wconf 83' lang='lat' dir='ltr'><strong>Thessalonicensem</strong></span> <span class='ocrx_word' id='word_1_396' title='bbox 1645 3200 1990 3258; x_wconf 83' lang='lat' dir='ltr'><strong>circumsta-</strong></span> 
     </span>
    </p>
   </div>
   <div class='ocr_carea' id='block_1_52' title="bbox 346 3289 1999 3358">
    <p class='ocr_par' dir='ltr' id='par_1_52' title="bbox 346 3289 1999 3358">
     <span class='ocr_line' id='line_1_52' title="bbox 346 3289 1999 3358; baseline 0 -11"><span class='ocrx_word' id='word_1_397' title='bbox 346 3291 586 3358; x_wconf 89' lang='lat' dir='ltr'><strong>bant,ad</strong></span> <span class='ocrx_word' id='word_1_398' title='bbox 597 3292 954 3346; x_wconf 88' lang='lat' dir='ltr'><strong>monuerunt</strong></span> <span class='ocrx_word' id='word_1_399' title='bbox 970 3293 1033 3346; x_wconf 90' lang='lat' dir='ltr'><strong>ut</strong></span> <span class='ocrx_word' id='word_1_400' title='bbox 1051 3293 1308 3346; x_wconf 85' lang='lat' dir='ltr'><strong>mentem</strong></span> <span class='ocrx_word' id='word_1_401' title='bbox 1329 3290 1651 3346; x_wconf 85' lang='lat' dir='ltr'><strong>adverteret</strong></span> <span class='ocrx_word' id='word_1_402' title='bbox 1664 3291 1734 3345; x_wconf 91' lang='lat' dir='ltr'><strong>ad</strong></span> <span class='ocrx_word' id='word_1_403' title='bbox 1754 3289 1999 3347; x_wconf 90' lang='lat' dir='ltr'><strong>innuen-</strong></span> 
     </span>
    </p>
   </div>
   <div class='ocr_carea' id='block_1_53' title="bbox 345 3377 1995 3451">
    <p class='ocr_par' dir='ltr' id='par_1_53' title="bbox 345 3377 1995 3451">
     <span class='ocr_line' id='line_1_53' title="bbox 345 3377 1995 3451; baseline 0 -17"><span class='ocrx_word' id='word_1_404' title='bbox 345 3384 464 3434; x_wconf 90' lang='lat' dir='ltr'><strong>tem</strong></span> <span class='ocrx_word' id='word_1_405' title='bbox 497 3377 610 3451; x_wconf 89' lang='lat' dir='ltr'><strong>ipsi</strong></span> <span class='ocrx_word' id='word_1_406' title='bbox 641 3393 744 3449; x_wconf 91' lang='lat' dir='ltr'><strong>pro</strong></span> <span class='ocrx_word' id='word_1_407' title='bbox 768 3393 882 3449; x_wconf 91' lang='lat' dir='ltr'><strong>quo</strong></span> <span class='ocrx_word' id='word_1_408' title='bbox 907 3381 1028 3434; x_wconf 89' lang='lat' dir='ltr'><strong>tam</strong></span> <span class='ocrx_word' id='word_1_409' title='bbox 1057 3377 1402 3450; x_wconf 85' lang='lat' dir='ltr'><strong>pugnaciter</strong></span> <span class='ocrx_word' id='word_1_410' title='bbox 1431 3377 1692 3434; x_wconf 84' lang='lat' dir='ltr'><strong>certabat</strong></span> <span class='ocrx_word' id='word_1_411' title='bbox 1723 3394 1995 3450; x_wconf 91' lang='lat' dir='ltr'><strong>puerum,</strong></span> 
     </span>
    </p>
   </div>
   <div class='ocr_carea' id='block_1_54' title="bbox 347 3465 1999 3539">
    <p class='ocr_par' dir='ltr' id='par_1_54' title="bbox 347 3465 1999 3539">
     <span class='ocr_line' id='line_1_54' title="bbox 347 3465 1999 3539; baseline 0.001 -16"><span class='ocrx_word' id='word_1_412' title='bbox 347 3470 405 3524; x_wconf 91' lang='lat' dir='ltr'><strong>et</strong></span> <span class='ocrx_word' id='word_1_413' title='bbox 433 3469 604 3539; x_wconf 85' lang='lat' dir='ltr'><strong>gestu</strong></span> <span class='ocrx_word' id='word_1_414' title='bbox 647 3465 1006 3522; x_wconf 87' lang='lat' dir='ltr'><strong>indicantem</strong></span> <span class='ocrx_word' id='word_1_415' title='bbox 1043 3465 1190 3538; x_wconf 67' lang='lat' dir='ltr'><strong>aequi</strong></span> <span class='ocrx_word' id='word_1_416' title='bbox 1224 3465 1482 3538; x_wconf 88' lang='lat' dir='ltr'><strong>bonique</strong></span> <span class='ocrx_word' id='word_1_417' title='bbox 1513 3482 1574 3522; x_wconf 92' lang='lat' dir='ltr'><strong>se</strong></span> <span class='ocrx_word' id='word_1_418' title='bbox 1600 3467 1904 3524; x_wconf 88' lang='lat' dir='ltr'><strong>consulere</strong></span> <span class='ocrx_word' id='word_1_419' title='bbox 1935 3471 1999 3524; x_wconf 91' lang='lat' dir='ltr'><strong>ut</strong></span> 
     </span>
    </p>
   </div>
   <div class='ocr_carea' id='block_1_55' title="bbox 348 3554 1998 3627">
    <p class='ocr_par' dir='ltr' id='par_1_55' title="bbox 348 3554 1998 3627">
     <span class='ocr_line' id='line_1_55' title="bbox 348 3554 1998 3627; baseline 0.001 -15"><span class='ocrx_word' id='word_1_420' title='bbox 348 3554 510 3612; x_wconf 86' lang='lat' dir='ltr'><strong>solus</strong></span> <span class='ocrx_word' id='word_1_421' title='bbox 540 3554 898 3626; x_wconf 79' lang='lat' dir='ltr'><strong>Palasologus</strong></span> <span class='ocrx_word' id='word_1_422' title='bbox 921 3559 1332 3624; x_wconf 83' lang='lat' dir='ltr'><strong>coronaretur;</strong></span> <span class='ocrx_word' id='word_1_423' title='bbox 1367 3570 1482 3627; x_wconf 92' lang='lat' dir='ltr'><strong>quo</strong></span> <span class='ocrx_word' id='word_1_424' title='bbox 1506 3554 1650 3611; x_wconf 88' lang='lat' dir='ltr'><strong>nihil</strong></span> <span class='ocrx_word' id='word_1_425' title='bbox 1683 3554 1781 3612; x_wconf 89' lang='lat' dir='ltr'><strong>11le</strong></span> <span class='ocrx_word' id='word_1_426' title='bbox 1802 3560 1998 3614; x_wconf 91' lang='lat' dir='ltr'><strong>motus</strong></span> 
     </span>
    </p>
   </div>
   <div class='ocr_carea' id='block_1_56' title="bbox 348 3642 1999 3704">
    <p class='ocr_par' dir='ltr' id='par_1_56' title="bbox 348 3642 1999 3704">
     <span class='ocr_line' id='line_1_56' title="bbox 348 3642 1999 3704; baseline 0.001 -3"><span class='ocrx_word' id='word_1_427' title='bbox 348 3642 574 3701; x_wconf 86' lang='lat' dir='ltr'><strong>audivit</strong></span> <span class='ocrx_word' id='word_1_428' title='bbox 602 3643 779 3700; x_wconf 90' lang='lat' dir='ltr'><strong>etiam</strong></span> <span class='ocrx_word' id='word_1_429' title='bbox 829 3659 964 3700; x_wconf 88' lang='lat' dir='ltr'><strong>mox</strong></span> <span class='ocrx_word' id='word_1_430' title='bbox 994 3659 1131 3700; x_wconf 89' lang='lat' dir='ltr'><strong>voce</strong></span> <span class='ocrx_word' id='word_1_431' title='bbox 1161 3642 1523 3700; x_wconf 87' lang='lat' dir='ltr'><strong>balbutiente</strong></span> <span class='ocrx_word' id='word_1_432' title='bbox 1567 3643 1677 3701; x_wconf 89' lang='lat' dir='ltr'><strong>sibi</strong></span> <span class='ocrx_word' id='word_1_433' title='bbox 1709 3645 1999 3704; x_wconf 88' lang='lat' dir='ltr'><strong>dicentem</strong></span> 
     </span>
    </p>
   </div>
   <div class='ocr_carea' id='block_1_57' title="bbox 347 3730 2001 3804">
    <p class='ocr_par' dir='ltr' id='par_1_57' title="bbox 347 3730 2001 3804">
     <span class='ocr_line' id='line_1_57' title="bbox 347 3730 2001 3804; baseline 0.002 -15"><span class='ocrx_word' id='word_1_434' title='bbox 347 3733 659 3800; x_wconf 88' lang='lat' dir='ltr'><strong>Joannem,</strong></span> <span class='ocrx_word' id='word_1_435' title='bbox 680 3730 946 3788; x_wconf 79' lang='lat' dir='ltr'><strong>sufficere</strong></span> <span class='ocrx_word' id='word_1_436' title='bbox 972 3730 1084 3788; x_wconf 90' lang='lat' dir='ltr'><strong>sibi</strong></span> <span class='ocrx_word' id='word_1_437' title='bbox 1107 3734 1248 3789; x_wconf 91' lang='lat' dir='ltr'><strong>tunc</strong></span> <span class='ocrx_word' id='word_1_438' title='bbox 1271 3731 1508 3804; x_wconf 87' lang='lat' dir='ltr'><strong>quidem</strong></span> <span class='ocrx_word' id='word_1_439' title='bbox 1531 3732 1581 3789; x_wconf 89' lang='lat' dir='ltr'><strong>si</strong></span> <span class='ocrx_word' id='word_1_440' title='bbox 1601 3736 1766 3791; x_wconf 86' lang='lat' dir='ltr'><strong>tutus</strong></span> <span class='ocrx_word' id='word_1_441' title='bbox 1784 3733 2001 3793; x_wconf 86' lang='lat' dir='ltr'><strong>viveret</strong></span> 
     </span>
    </p>
   </div>
   <div class='ocr_carea' id='block_1_58' title="bbox 351 3820 2000 3898">
    <p class='ocr_par' dir='ltr' id='par_1_58' title="bbox 351 3820 2000 3898">
     <span class='ocr_line' id='line_1_58' title="bbox 351 3820 2000 3898; baseline 0.002 -19"><span class='ocrx_word' id='word_1_442' title='bbox 351 3826 409 3879; x_wconf 88' lang='lat' dir='ltr'><strong>et</strong></span> <span class='ocrx_word' id='word_1_443' title='bbox 437 3838 680 3880; x_wconf 86' lang='lat' dir='ltr'><strong>securus</strong></span> <span class='ocrx_word' id='word_1_444' title='bbox 704 3839 737 3879; x_wconf 91' lang='lat' dir='ltr'><strong>a</strong></span> <span class='ocrx_word' id='word_1_445' title='bbox 756 3822 833 3878; x_wconf 89' lang='lat' dir='ltr'><strong>vi.</strong></span> <span class='ocrx_word' id='word_1_446' title='bbox 859 3820 1025 3878; x_wconf 84' lang='lat' dir='ltr'><strong>Multi</strong></span> <span class='ocrx_word' id='word_1_447' title='bbox 1045 3823 1200 3879; x_wconf 90' lang='lat' dir='ltr'><strong>enim</strong></span> <span class='ocrx_word' id='word_1_448' title='bbox 1228 3821 1607 3880; x_wconf 86' lang='lat' dir='ltr'><strong>minabantur</strong></span> <span class='ocrx_word' id='word_1_449' title='bbox 1627 3840 1688 3881; x_wconf 90' lang='lat' dir='ltr'><strong>se</strong></span> <span class='ocrx_word' id='word_1_450' title='bbox 1710 3824 1905 3898; x_wconf 85' lang='lat' dir='ltr'><strong>ipsum</strong></span> <span class='ocrx_word' id='word_1_451' title='bbox 1929 3825 2000 3882; x_wconf 87' lang='lat' dir='ltr'><strong>de</strong></span> 
     </span>
    </p>
   </div>
   <div class='ocr_carea' id='block_1_59' title="bbox 351 3905 1996 3986">
    <p class='ocr_par' dir='ltr' id='par_1_59' title="bbox 351 3905 1996 3986">
     <span class='ocr_line' id='line_1_59' title="bbox 351 3905 1996 3986; baseline 0.001 -16"><span class='ocrx_word' id='word_1_452' title='bbox 351 3911 542 3970; x_wconf 91' lang='lat' dir='ltr'><strong>medio</strong></span> <span class='ocrx_word' id='word_1_453' title='bbox 568 3905 930 3979; x_wconf 86' lang='lat' dir='ltr'><strong>sublaturos,</strong></span> <span class='ocrx_word' id='word_1_454' title='bbox 950 3912 1000 3968; x_wconf 88' lang='lat' dir='ltr'><strong>si</strong></span> <span class='ocrx_word' id='word_1_455' title='bbox 1023 3911 1349 3981; x_wconf 84' lang='lat' dir='ltr'><strong>resisteret;</strong></span> <span class='ocrx_word' id='word_1_456' title='bbox 1375 3911 1685 3986; x_wconf 86' lang='lat' dir='ltr'><strong>aderatque</strong></span> <span class='ocrx_word' id='word_1_457' title='bbox 1705 3913 1996 3972; x_wconf 88' lang='lat' dir='ltr'><strong>Celtarum</strong></span> 
     </span>
    </p>
   </div>
   <div class='ocr_carea' id='block_1_60' title="bbox 353 4001 1996 4078">
    <p class='ocr_par' dir='ltr' id='par_1_60' title="bbox 353 4001 1996 4078">
     <span class='ocr_line' id='line_1_60' title="bbox 353 4001 1996 4078; baseline 0.001 -17"><span class='ocrx_word' id='word_1_458' title='bbox 353 4019 587 4062; x_wconf 85' lang='lat' dir='ltr'><strong>secures</strong></span> <span class='ocrx_word' id='word_1_459' title='bbox 643 4001 1004 4078; x_wconf 88' lang='lat' dir='ltr'><strong>gestantium</strong></span> <span class='ocrx_word' id='word_1_460' title='bbox 1054 4001 1445 4061; x_wconf 87' lang='lat' dir='ltr'><strong>circumstans</strong></span> <span class='ocrx_word' id='word_1_461' title='bbox 1493 4003 1722 4072; x_wconf 89' lang='lat' dir='ltr'><strong>cohors,</strong></span> <span class='ocrx_word' id='word_1_462' title='bbox 1755 4005 1996 4078; x_wconf 88' lang='lat' dir='ltr'><strong>ancipiti</strong></span> 
     </span>
    </p>
   </div>
   <div class='ocr_carea' id='block_1_61' title="bbox 353 4093 1998 4167">
    <p class='ocr_par' dir='ltr' id='par_1_61' title="bbox 353 4093 1998 4167">
     <span class='ocr_line' id='line_1_61' title="bbox 353 4093 1998 4167; baseline 0.002 -18"><span class='ocrx_word' id='word_1_463' title='bbox 353 4093 634 4167; x_wconf 90' lang='lat' dir='ltr'><strong>obsequio</strong></span> <span class='ocrx_word' id='word_1_464' title='bbox 679 4093 750 4148; x_wconf 87' lang='lat' dir='ltr'><strong>ad</strong></span> <span class='ocrx_word' id='word_1_465' title='bbox 799 4095 1006 4149; x_wconf 88' lang='lat' dir='ltr'><strong>nutum</strong></span> <span class='ocrx_word' id='word_1_466' title='bbox 1041 4093 1436 4166; x_wconf 89' lang='lat' dir='ltr'><strong>potentiorum</strong></span> <span class='ocrx_word' id='word_1_467' title='bbox 1486 4098 1710 4167; x_wconf 87' lang='lat' dir='ltr'><strong>parata,</strong></span> <span class='ocrx_word' id='word_1_468' title='bbox 1734 4094 1818 4152; x_wconf 88' lang='lat' dir='ltr'><strong>vel</strong></span> <span class='ocrx_word' id='word_1_469' title='bbox 1848 4097 1998 4152; x_wconf 90' lang='lat' dir='ltr'><strong>tueri</strong></span> 
     </span>
    </p>
   </div>
   <div class='ocr_carea' id='block_1_62' title="bbox 351 4180 1999 4256">
    <p class='ocr_par' dir='ltr' id='par_1_62' title="bbox 351 4180 1999 4256">
     <span class='ocr_line' id='line_1_62' title="bbox 351 4180 1999 4256; baseline 0.002 -20"><span class='ocrx_word' id='word_1_470' title='bbox 351 4197 600 4253; x_wconf 89' lang='lat' dir='ltr'><strong>puerum</strong></span> <span class='ocrx_word' id='word_1_471' title='bbox 624 4181 710 4237; x_wconf 90' lang='lat' dir='ltr'><strong>vel</strong></span> <span class='ocrx_word' id='word_1_472' title='bbox 735 4181 955 4252; x_wconf 82' lang='lat' dir='ltr'><strong>tollere,</strong></span> <span class='ocrx_word' id='word_1_473' title='bbox 970 4197 1035 4238; x_wconf 88' lang='lat' dir='ltr'><strong>ac</strong></span> <span class='ocrx_word' id='word_1_474' title='bbox 1057 4181 1243 4238; x_wconf 84' lang='lat' dir='ltr'><strong>{acere</strong></span> <span class='ocrx_word' id='word_1_475' title='bbox 1263 4180 1503 4238; x_wconf 86' lang='lat' dir='ltr'><strong>omnino</strong></span> <span class='ocrx_word' id='word_1_476' title='bbox 1526 4181 1999 4256; x_wconf 85' lang='lat' dir='ltr'><strong>quidquidjubc-</strong></span> 
     </span>
    </p>
   </div>
   <div class='ocr_carea' id='block_1_63' title="bbox 352 4271 1998 4346">
    <p class='ocr_par' dir='ltr' id='par_1_63' title="bbox 352 4271 1998 4346">
     <span class='ocr_line' id='line_1_63' title="bbox 352 4271 1998 4346; baseline 0.002 -20"><span class='ocrx_word' id='word_1_477' title='bbox 352 4274 533 4327; x_wconf 90' lang='lat' dir='ltr'><strong>retur.</strong></span> <span class='ocrx_word' id='word_1_478' title='bbox 560 4271 669 4328; x_wconf 88' lang='lat' dir='ltr'><strong>Sed</strong></span> <span class='ocrx_word' id='word_1_479' title='bbox 717 4273 1127 4328; x_wconf 87' lang='lat' dir='ltr'><strong>contemnebat</strong></span> <span class='ocrx_word' id='word_1_480' title='bbox 1165 4272 1310 4328; x_wconf 87' lang='lat' dir='ltr'><strong>istas</strong></span> <span class='ocrx_word' id='word_1_481' title='bbox 1339 4287 1570 4345; x_wconf 87' lang='lat' dir='ltr'><strong>quoque</strong></span> <span class='ocrx_word' id='word_1_482' title='bbox 1600 4277 1666 4329; x_wconf 91' lang='lat' dir='ltr'><strong>ut</strong></span> <span class='ocrx_word' id='word_1_483' title='bbox 1710 4273 1872 4346; x_wconf 86' lang='lat' dir='ltr'><strong>pueri</strong></span> <span class='ocrx_word' id='word_1_484' title='bbox 1904 4290 1998 4330; x_wconf 83' lang='lat' dir='ltr'><strong>cx-</strong></span> 
     </span>
    </p>
   </div>
   <div class='ocr_carea' id='block_1_64' title="bbox 355 4362 1999 4437">
    <p class='ocr_par' dir='ltr' id='par_1_64' title="bbox 355 4362 1999 4437">
     <span class='ocr_line' id='line_1_64' title="bbox 355 4362 1999 4437; baseline 0.004 -21"><span class='ocrx_word' id='word_1_485' title='bbox 355 4377 589 4433; x_wconf 90' lang='lat' dir='ltr'><strong>pressas</strong></span> <span class='ocrx_word' id='word_1_486' title='bbox 642 4366 802 4419; x_wconf 89' lang='lat' dir='ltr'><strong>metu</strong></span> <span class='ocrx_word' id='word_1_487' title='bbox 833 4378 1000 4419; x_wconf 87' lang='lat' dir='ltr'><strong>voces</strong></span> <span class='ocrx_word' id='word_1_488' title='bbox 1046 4366 1316 4434; x_wconf 82' lang='lat' dir='ltr'><strong>perstans</strong></span> <span class='ocrx_word' id='word_1_489' title='bbox 1363 4362 1690 4434; x_wconf 86' lang='lat' dir='ltr'><strong>intrepidus</strong></span> <span class='ocrx_word' id='word_1_490' title='bbox 1722 4364 1778 4419; x_wconf 90' lang='lat' dir='ltr'><strong>in</strong></span> <span class='ocrx_word' id='word_1_491' title='bbox 1813 4369 1999 4437; x_wconf 80' lang='lat' dir='ltr'><strong>empta</strong></span> 
     </span>
    </p>
   </div>
   <div class='ocr_carea' id='block_1_65' title="bbox 351 4448 1998 4525">
    <p class='ocr_par' dir='ltr' id='par_1_65' title="bbox 351 4448 1998 4525">
     <span class='ocr_line' id='line_1_65' title="bbox 351 4448 1998 4525; baseline 0.003 -21"><span class='ocrx_word' id='word_1_492' title='bbox 351 4449 772 4508; x_wconf 86' lang='lat' dir='ltr'><strong>intercessione</strong></span> <span class='ocrx_word' id='word_1_493' title='bbox 788 4449 1348 4522; x_wconf 88' lang='lat' dir='ltr'><strong>Thessalonicensis,</strong></span> <span class='ocrx_word' id='word_1_494' title='bbox 1372 4448 1432 4506; x_wconf 91' lang='lat' dir='ltr'><strong>in</strong></span> <span class='ocrx_word' id='word_1_495' title='bbox 1457 4466 1572 4508; x_wconf 90' lang='lat' dir='ltr'><strong>uno</strong></span> <span class='ocrx_word' id='word_1_496' title='bbox 1597 4467 1826 4525; x_wconf 90' lang='lat' dir='ltr'><strong>semper</strong></span> <span class='ocrx_word' id='word_1_497' title='bbox 1849 4452 1998 4509; x_wconf 78' lang='lat' dir='ltr'><strong>fixus</strong></span> 
     </span>
    </p>
   </div>
   <div class='ocr_carea' id='block_1_66' title="bbox 2103 2351 3764 2434">
    <p class='ocr_par' dir='ltr' id='par_1_66' title="bbox 2103 2351 3764 2434">
     <span class='ocr_line' id='line_1_66' title="bbox 2103 2351 3764 2434; baseline -0.001 -22"><span class='ocrx_word' id='word_1_498' title='bbox 2103 2355 2289 2433; x_wconf 71' lang='grc' dir='ltr'>ἐτέρου</span> <span class='ocrx_word' id='word_1_499' title='bbox 2316 2355 2550 2413; x_wconf 75' lang='grc' dir='ltr'>ἐντεῦθεν</span> <span class='ocrx_word' id='word_1_500' title='bbox 2582 2355 2812 2434; x_wconf 75' lang='grc' dir='ltr'>ἤρχετο.</span> <span class='ocrx_word' id='word_1_501' title='bbox 2851 2356 2912 2413; x_wconf 89' lang='grc' dir='ltr'><strong>Τί</strong></span> <span class='ocrx_word' id='word_1_502' title='bbox 2953 2361 3081 2434; x_wconf 90' lang='grc' dir='ltr'>γοῦν</span> <span class='ocrx_word' id='word_1_503' title='bbox 3129 2351 3324 2414; x_wconf 86' lang='grc' dir='ltr'>λοιπόν</span> <span class='ocrx_word' id='word_1_504' title='bbox 3357 2379 3373 2428; x_wconf 83' lang='lat'><strong>;</strong></span> <span class='ocrx_word' id='word_1_505' title='bbox 3427 2358 3610 2433; x_wconf 82' lang='grc' dir='ltr'>ὑγρῶν</span> <span class='ocrx_word' id='word_1_506' title='bbox 3664 2353 3764 2411; x_wconf 77' lang='grc' dir='ltr'><strong>ὅν-</strong></span> 
     </span>
    </p>
   </div>
   <div class='ocr_carea' id='block_1_67' title="bbox 2099 2436 3761 2524">
    <p class='ocr_par' dir='ltr' id='par_1_67' title="bbox 2099 2436 3761 2524">
     <span class='ocr_line' id='line_1_67' title="bbox 2099 2436 3761 2524; baseline 0.001 -25"><span class='ocrx_word' id='word_1_507' title='bbox 2099 2465 2205 2500; x_wconf 89' lang='grc' dir='ltr'><strong>των</strong></span> <span class='ocrx_word' id='word_1_508' title='bbox 2239 2440 2317 2500; x_wconf 83' lang='grc' dir='ltr'><strong>ἔτι</strong></span> <span class='ocrx_word' id='word_1_509' title='bbox 2345 2436 2450 2502; x_wconf 77' lang='grc' dir='ltr'><strong>τῶν</strong></span> <span class='ocrx_word' id='word_1_510' title='bbox 2499 2448 2889 2524; x_wconf 69' lang='grc' dir='ltr'>γεγραμμένων</span> <span class='ocrx_word' id='word_1_511' title='bbox 2941 2444 3093 2503; x_wconf 79' lang='grc' dir='ltr'>αὐτοὶ</span> <span class='ocrx_word' id='word_1_512' title='bbox 3139 2444 3486 2520; x_wconf 76' lang='grc' dir='ltr'>κατημέλουν</span> <span class='ocrx_word' id='word_1_513' title='bbox 3543 2448 3620 2519; x_wconf 76' lang='grc' dir='ltr'>μὴ</span> <span class='ocrx_word' id='word_1_514' title='bbox 3671 2445 3761 2519; x_wconf 79' lang='grc' dir='ltr'><strong>ξί-</strong></span> 
     </span>
    </p>
   </div>
   <div class='ocr_carea' id='block_1_68' title="bbox 2102 2662 3764 2736">
    <p class='ocr_par' dir='ltr' id='par_1_68' title="bbox 2102 2662 3764 2736">
     <span class='ocr_line' id='line_1_68' title="bbox 2102 2662 3764 2736; baseline 0.001 -17"><span class='ocrx_word' id='word_1_515' title='bbox 2102 2666 2415 2720; x_wconf 86' lang='lat' dir='ltr'><strong>excusante</strong></span> <span class='ocrx_word' id='word_1_516' title='bbox 2431 2663 2818 2731; x_wconf 87' lang='lat' dir='ltr'><strong>conscientia;</strong></span> <span class='ocrx_word' id='word_1_517' title='bbox 2843 2664 3091 2736; x_wconf 89' lang='lat' dir='ltr'><strong>ideoque</strong></span> <span class='ocrx_word' id='word_1_518' title='bbox 3119 2664 3176 2718; x_wconf 93' lang='lat' dir='ltr'><strong>id</strong></span> <span class='ocrx_word' id='word_1_519' title='bbox 3194 2662 3466 2719; x_wconf 89' lang='lat' dir='ltr'><strong>similiter</strong></span> <span class='ocrx_word' id='word_1_520' title='bbox 3485 2679 3548 2719; x_wconf 92' lang='lat' dir='ltr'><strong>se</strong></span> <span class='ocrx_word' id='word_1_521' title='bbox 3568 2663 3764 2720; x_wconf 83' lang='lat' dir='ltr'><strong>facere</strong></span> 
     </span>
    </p>
   </div>
   <div class='ocr_carea' id='block_1_69' title="bbox 2103 2749 3760 2825">
    <p class='ocr_par' dir='ltr' id='par_1_69' title="bbox 2103 2749 3760 2825">
     <span class='ocr_line' id='line_1_69' title="bbox 2103 2749 3760 2825; baseline 0 -17"><span class='ocrx_word' id='word_1_522' title='bbox 2103 2751 2340 2819; x_wconf 85' lang='lat' dir='ltr'><strong>dixisse,</strong></span> <span class='ocrx_word' id='word_1_523' title='bbox 2375 2750 2483 2808; x_wconf 91' lang='lat' dir='ltr'><strong>hoc</strong></span> <span class='ocrx_word' id='word_1_524' title='bbox 2514 2755 2603 2809; x_wconf 92' lang='lat' dir='ltr'><strong>est</strong></span> <span class='ocrx_word' id='word_1_525' title='bbox 2644 2751 2922 2825; x_wconf 88' lang='lat' dir='ltr'><strong>pessime,</strong></span> <span class='ocrx_word' id='word_1_526' title='bbox 2947 2768 3060 2824; x_wconf 93' lang='lat' dir='ltr'><strong>quo</strong></span> <span class='ocrx_word' id='word_1_527' title='bbox 3094 2767 3271 2809; x_wconf 89' lang='lat' dir='ltr'><strong>sensu</strong></span> <span class='ocrx_word' id='word_1_528' title='bbox 3303 2749 3498 2808; x_wconf 86' lang='lat' dir='ltr'><strong>simile</strong></span> <span class='ocrx_word' id='word_1_529' title='bbox 3529 2749 3760 2808; x_wconf 89' lang='lat' dir='ltr'><strong>bellum</strong></span> 
     </span>
    </p>
   </div>
   <div class='ocr_carea' id='block_1_70' title="bbox 2103 2840 3222 2898">
    <p class='ocr_par' dir='ltr' id='par_1_70' title="bbox 2103 2840 3222 2898">
     <span class='ocr_line' id='line_1_70' title="bbox 2103 2840 3222 2898; baseline -0.002 0"><span class='ocrx_word' id='word_1_530' title='bbox 2103 2845 2159 2898; x_wconf 88' lang='lat' dir='ltr'><strong>et</strong></span> <span class='ocrx_word' id='word_1_531' title='bbox 2190 2840 2380 2898; x_wconf 89' lang='lat' dir='ltr'><strong>simile</strong></span> <span class='ocrx_word' id='word_1_532' title='bbox 2410 2841 2642 2898; x_wconf 88' lang='lat' dir='ltr'><strong>senium</strong></span> <span class='ocrx_word' id='word_1_533' title='bbox 2670 2846 2960 2898; x_wconf 84' lang='lat' dir='ltr'><strong>Homerus</strong></span> <span class='ocrx_word' id='word_1_534' title='bbox 2991 2841 3222 2897; x_wconf 81' lang='lat' dir='ltr'><strong>dixerit.</strong></span> 
     </span>
    </p>
   </div>
   <div class='ocr_carea' id='block_1_71' title="bbox 2171 2928 3763 3004">
    <p class='ocr_par' dir='ltr' id='par_1_71' title="bbox 2171 2928 3763 3004">
     <span class='ocr_line' id='line_1_71' title="bbox 2171 2928 3763 3004; baseline -0.001 -17"><span class='ocrx_word' id='word_1_535' title='bbox 2171 2930 2246 2988; x_wconf 93' lang='lat' dir='ltr'><strong>Ut</strong></span> <span class='ocrx_word' id='word_1_536' title='bbox 2274 2947 2410 3004; x_wconf 89' lang='lat' dir='ltr'><strong>ergo</strong></span> <span class='ocrx_word' id='word_1_537' title='bbox 2443 2931 2832 2988; x_wconf 90' lang='lat' dir='ltr'><strong>coronationis</strong></span> <span class='ocrx_word' id='word_1_538' title='bbox 2877 2928 3226 2987; x_wconf 84' lang='lat' dir='ltr'><strong>caeremonia</strong></span> <span class='ocrx_word' id='word_1_539' title='bbox 3275 2932 3506 3003; x_wconf 85' lang='lat' dir='ltr'><strong>peracta</strong></span> <span class='ocrx_word' id='word_1_540' title='bbox 3554 2934 3666 3000; x_wconf 87' lang='lat' dir='ltr'><strong>est,</strong></span> <span class='ocrx_word' id='word_1_541' title='bbox 3699 2935 3763 2986; x_wconf 86' lang='lat' dir='ltr'><strong>et</strong></span> 
     </span>
    </p>
   </div>
   <div class='ocr_carea' id='block_1_72' title="bbox 2105 3017 3760 3093">
    <p class='ocr_par' dir='ltr' id='par_1_72' title="bbox 2105 3017 3760 3093">
     <span class='ocr_line' id='line_1_72' title="bbox 2105 3017 3760 3093; baseline 0 -18"><span class='ocrx_word' id='word_1_542' title='bbox 2105 3021 2416 3093; x_wconf 89' lang='lat' dir='ltr'><strong>procedere</strong></span> <span class='ocrx_word' id='word_1_543' title='bbox 2446 3020 2504 3076; x_wconf 92' lang='lat' dir='ltr'><strong>in</strong></span> <span class='ocrx_word' id='word_1_544' title='bbox 2537 3019 2820 3092; x_wconf 89' lang='lat' dir='ltr'><strong>palatium</strong></span> <span class='ocrx_word' id='word_1_545' title='bbox 2869 3022 3164 3093; x_wconf 86' lang='lat' dir='ltr'><strong>Augustos</strong></span> <span class='ocrx_word' id='word_1_546' title='bbox 3197 3017 3475 3092; x_wconf 87' lang='lat' dir='ltr'><strong>oportuit,</strong></span> <span class='ocrx_word' id='word_1_547' title='bbox 3512 3019 3760 3091; x_wconf 65' lang='grc' dir='ltr'>ιιι-δεῖνο-</span> 
     </span>
    </p>
   </div>
   <div class='ocr_carea' id='block_1_73' title="bbox 2104 3106 3763 3182">
    <p class='ocr_par' dir='ltr' id='par_1_73' title="bbox 2104 3106 3763 3182">
     <span class='ocr_line' id='line_1_73' title="bbox 2104 3106 3763 3182; baseline -0.001 -16"><span class='ocrx_word' id='word_1_548' title='bbox 2104 3113 2244 3167; x_wconf 90' lang='lat' dir='ltr'><strong>runt</strong></span> <span class='ocrx_word' id='word_1_549' title='bbox 2265 3111 2362 3182; x_wconf 88' lang='lat' dir='ltr'><strong>qui</strong></span> <span class='ocrx_word' id='word_1_550' title='bbox 2382 3107 2639 3166; x_wconf 87' lang='lat' dir='ltr'><strong>coronati</strong></span> <span class='ocrx_word' id='word_1_551' title='bbox 2665 3106 3270 3181; x_wconf 70' lang='lat' dir='ltr'><strong>fuerantPalzeologus</strong></span> <span class='ocrx_word' id='word_1_552' title='bbox 3289 3124 3421 3164; x_wconf 92' lang='lat' dir='ltr'><strong>cum</strong></span> <span class='ocrx_word' id='word_1_553' title='bbox 3445 3109 3486 3163; x_wconf 87' lang='lat' dir='ltr'><strong>‘l</strong></span> <span class='ocrx_word' id='word_1_554' title='bbox 3500 3109 3606 3164; x_wconf 72' lang='lat'><strong>04</strong></span> <span class='ocrx_word' id='word_1_555' title='bbox 3625 3125 3763 3164; x_wconf 81' lang='lat' dir='ltr'><strong>con-</strong></span> 
     </span>
    </p>
   </div>
   <div class='ocr_carea' id='block_1_74' title="bbox 2097 3198 3762 3274">
    <p class='ocr_par' dir='ltr' id='par_1_74' title="bbox 2097 3198 3762 3274">
     <span class='ocr_line' id='line_1_74' title="bbox 2097 3198 3762 3274; baseline -0.002 -16"><span class='ocrx_word' id='word_1_556' title='bbox 2097 3203 2260 3274; x_wconf 88' lang='lat' dir='ltr'><strong>juge,</strong></span> <span class='ocrx_word' id='word_1_557' title='bbox 2284 3204 2417 3274; x_wconf 82' lang='lat' dir='ltr'><strong>post</strong></span> <span class='ocrx_word' id='word_1_558' title='bbox 2436 3199 2596 3273; x_wconf 91' lang='lat' dir='ltr'><strong>ipsos</strong></span> <span class='ocrx_word' id='word_1_559' title='bbox 2621 3215 2766 3273; x_wconf 91' lang='lat' dir='ltr'><strong>puer</strong></span> <span class='ocrx_word' id='word_1_560' title='bbox 2798 3199 2924 3256; x_wconf 89' lang='lat' dir='ltr'><strong>sine</strong></span> <span class='ocrx_word' id='word_1_561' title='bbox 2951 3198 3108 3271; x_wconf 84' lang='lat' dir='ltr'><strong>regia</strong></span> <span class='ocrx_word' id='word_1_562' title='bbox 3129 3213 3362 3270; x_wconf 89' lang='lat' dir='ltr'><strong>corona,</strong></span> <span class='ocrx_word' id='word_1_563' title='bbox 3389 3198 3492 3256; x_wconf 88' lang='lat' dir='ltr'><strong>sed</strong></span> <span class='ocrx_word' id='word_1_564' title='bbox 3527 3198 3762 3272; x_wconf 85' lang='lat' dir='ltr'><strong>simpli-</strong></span> 
     </span>
    </p>
   </div>
   <div class='ocr_carea' id='block_1_75' title="bbox 2101 3289 3760 3363">
    <p class='ocr_par' dir='ltr' id='par_1_75' title="bbox 2101 3289 3760 3363">
     <span class='ocr_line' id='line_1_75' title="bbox 2101 3289 3760 3363; baseline 0.001 -19"><span class='ocrx_word' id='word_1_565' title='bbox 2101 3291 2245 3347; x_wconf 79' lang='lat' dir='ltr'><strong>citer</strong></span> <span class='ocrx_word' id='word_1_566' title='bbox 2261 3289 2571 3347; x_wconf 88' lang='lat' dir='ltr'><strong>redimitus</strong></span> <span class='ocrx_word' id='word_1_567' title='bbox 2587 3289 2734 3346; x_wconf 87' lang='lat' dir='ltr'><strong>vitta</strong></span> <span class='ocrx_word' id='word_1_568' title='bbox 2753 3289 3046 3346; x_wconf 79' lang='lat' dir='ltr'><strong>ﬂmhriata</strong></span> <span class='ocrx_word' id='word_1_569' title='bbox 3068 3289 3321 3362; x_wconf 88' lang='lat' dir='ltr'><strong>gemmis</strong></span> <span class='ocrx_word' id='word_1_570' title='bbox 3338 3291 3396 3344; x_wconf 88' lang='lat' dir='ltr'><strong>et</strong></span> <span class='ocrx_word' id='word_1_571' title='bbox 3415 3289 3760 3363; x_wconf 85' lang='lat' dir='ltr'><strong>margaritis</strong></span> 
     </span>
    </p>
   </div>
   <div class='ocr_carea' id='block_1_76' title="bbox 2101 3379 3856 3452">
    <p class='ocr_par' dir='ltr' id='par_1_76' title="bbox 2101 3379 3856 3452">
     <span class='ocr_line' id='line_1_76' title="bbox 2101 3379 3856 3452; baseline -0.001 -14"><span class='ocrx_word' id='word_1_572' title='bbox 2101 3384 2322 3438; x_wconf 88' lang='lat' dir='ltr'><strong>ornata.</strong></span> <span class='ocrx_word' id='word_1_573' title='bbox 2347 3380 2463 3437; x_wconf 89' lang='lat' dir='ltr'><strong>Nec</strong></span> <span class='ocrx_word' id='word_1_574' title='bbox 2485 3379 2581 3436; x_wconf 91' lang='lat' dir='ltr'><strong>ille</strong></span> <span class='ocrx_word' id='word_1_575' title='bbox 2604 3379 2661 3436; x_wconf 92' lang='lat' dir='ltr'><strong>id</strong></span> <span class='ocrx_word' id='word_1_576' title='bbox 2691 3379 2918 3437; x_wconf 88' lang='lat' dir='ltr'><strong>scilicet</strong></span> <span class='ocrx_word' id='word_1_577' title='bbox 2937 3379 3200 3445; x_wconf 88' lang='lat' dir='ltr'><strong>curabat,</strong></span> <span class='ocrx_word' id='word_1_578' title='bbox 3227 3393 3332 3452; x_wconf 91' lang='lat' dir='ltr'><strong>per</strong></span> <span class='ocrx_word' id='word_1_579' title='bbox 3353 3382 3589 3435; x_wconf 74' lang='lat' dir='ltr'><strong>aetatem</strong></span> <span class='ocrx_word' id='word_1_580' title='bbox 3618 3397 3761 3436; x_wconf 84' lang='lat' dir='ltr'><strong>non-</strong></span> <span class='ocrx_word' id='word_1_581' title='bbox 3845 3407 3856 3416; x_wconf 87' lang='lat'><strong>-</strong></span> 
     </span>
    </p>
   </div>
   <div class='ocr_carea' id='block_1_77' title="bbox 2102 3469 3760 3541">
    <p class='ocr_par' dir='ltr' id='par_1_77' title="bbox 2102 3469 3760 3541">
     <span class='ocr_line' id='line_1_77' title="bbox 2102 3469 3760 3541; baseline 0 -15"><span class='ocrx_word' id='word_1_582' title='bbox 2102 3472 2243 3526; x_wconf 92' lang='lat' dir='ltr'><strong>dum</strong></span> <span class='ocrx_word' id='word_1_583' title='bbox 2277 3469 2559 3527; x_wconf 88' lang='lat' dir='ltr'><strong>sentiens.</strong></span> <span class='ocrx_word' id='word_1_584' title='bbox 2583 3472 2652 3526; x_wconf 86' lang='lat' dir='ltr'><strong>Et</strong></span> <span class='ocrx_word' id='word_1_585' title='bbox 2678 3485 2750 3526; x_wconf 92' lang='lat' dir='ltr'><strong>ne</strong></span> <span class='ocrx_word' id='word_1_586' title='bbox 2777 3469 2846 3527; x_wconf 90' lang='lat' dir='ltr'><strong>ad</strong></span> <span class='ocrx_word' id='word_1_587' title='bbox 2879 3469 3038 3525; x_wconf 87' lang='lat' dir='ltr'><strong>istud</strong></span> <span class='ocrx_word' id='word_1_588' title='bbox 3063 3483 3414 3541; x_wconf 83' lang='lat' dir='ltr'><strong>magnopere</strong></span> <span class='ocrx_word' id='word_1_589' title='bbox 3436 3473 3760 3540; x_wconf 66' lang='lat' dir='ltr'><strong>praesentes</strong></span> 
     </span>
    </p>
   </div>
   <div class='ocr_carea' id='block_1_78' title="bbox 2103 3555 3759 3632">
    <p class='ocr_par' dir='ltr' id='par_1_78' title="bbox 2103 3555 3759 3632">
     <span class='ocr_line' id='line_1_78' title="bbox 2103 3555 3759 3632; baseline -0.002 -16"><span class='ocrx_word' id='word_1_590' title='bbox 2103 3561 2487 3625; x_wconf 89' lang='lat' dir='ltr'><strong>adverterent,</strong></span> <span class='ocrx_word' id='word_1_591' title='bbox 2503 3575 2570 3615; x_wconf 90' lang='lat' dir='ltr'><strong>ea</strong></span> <span class='ocrx_word' id='word_1_592' title='bbox 2589 3574 2770 3616; x_wconf 90' lang='lat' dir='ltr'><strong>causa</strong></span> <span class='ocrx_word' id='word_1_593' title='bbox 2793 3561 2936 3623; x_wconf 89' lang='lat' dir='ltr'><strong>erat,</strong></span> <span class='ocrx_word' id='word_1_594' title='bbox 2959 3558 3114 3632; x_wconf 88' lang='lat' dir='ltr'><strong>quod</strong></span> <span class='ocrx_word' id='word_1_595' title='bbox 3136 3555 3302 3614; x_wconf 89' lang='lat' dir='ltr'><strong>veriti</strong></span> <span class='ocrx_word' id='word_1_596' title='bbox 3332 3556 3561 3630; x_wconf 88' lang='lat' dir='ltr'><strong>passim</strong></span> <span class='ocrx_word' id='word_1_597' title='bbox 3587 3575 3759 3631; x_wconf 91' lang='lat' dir='ltr'><strong>quor-</strong></span> 
     </span>
    </p>
   </div>
   <div class='ocr_carea' id='block_1_79' title="bbox 2103 3645 3758 3719">
    <p class='ocr_par' dir='ltr' id='par_1_79' title="bbox 2103 3645 3758 3719">
     <span class='ocr_line' id='line_1_79' title="bbox 2103 3645 3758 3719; baseline -0.002 -12"><span class='ocrx_word' id='word_1_598' title='bbox 2103 3665 2234 3707; x_wconf 90' lang='lat' dir='ltr'><strong>sum</strong></span> <span class='ocrx_word' id='word_1_599' title='bbox 2282 3647 2404 3703; x_wconf 74' lang='lat' dir='ltr'><strong>haac</strong></span> <span class='ocrx_word' id='word_1_600' title='bbox 2432 3651 2758 3719; x_wconf 88' lang='lat' dir='ltr'><strong>vergerent,</strong></span> <span class='ocrx_word' id='word_1_601' title='bbox 2779 3647 3088 3703; x_wconf 88' lang='lat' dir='ltr'><strong>vertebant</strong></span> <span class='ocrx_word' id='word_1_602' title='bbox 3135 3662 3239 3718; x_wconf 92' lang='lat' dir='ltr'><strong>pro</strong></span> <span class='ocrx_word' id='word_1_603' title='bbox 3271 3662 3333 3703; x_wconf 93' lang='lat' dir='ltr'><strong>se</strong></span> <span class='ocrx_word' id='word_1_604' title='bbox 3362 3645 3621 3719; x_wconf 84' lang='lat' dir='ltr'><strong>quisque</strong></span> <span class='ocrx_word' id='word_1_605' title='bbox 3661 3664 3758 3703; x_wconf 87' lang='lat' dir='ltr'><strong>cu-</strong></span> 
     </span>
    </p>
   </div>
   <div class='ocr_carea' id='block_1_80' title="bbox 2102 3734 3755 3809">
    <p class='ocr_par' dir='ltr' id='par_1_80' title="bbox 2102 3734 3755 3809">
     <span class='ocr_line' id='line_1_80' title="bbox 2102 3734 3755 3809; baseline -0.001 -14"><span class='ocrx_word' id='word_1_606' title='bbox 2102 3756 2197 3796; x_wconf 90' lang='lat' dir='ltr'><strong>ras</strong></span> <span class='ocrx_word' id='word_1_607' title='bbox 2228 3738 2288 3794; x_wconf 93' lang='lat' dir='ltr'><strong>in</strong></span> <span class='ocrx_word' id='word_1_608' title='bbox 2321 3753 2468 3807; x_wconf 87' lang='lat' dir='ltr'><strong>sese,</strong></span> <span class='ocrx_word' id='word_1_609' title='bbox 2503 3754 2568 3794; x_wconf 89' lang='lat' dir='ltr'><strong>ac</strong></span> <span class='ocrx_word' id='word_1_610' title='bbox 2597 3736 2683 3794; x_wconf 91' lang='lat' dir='ltr'><strong>vel</strong></span> <span class='ocrx_word' id='word_1_611' title='bbox 2731 3738 2791 3793; x_wconf 91' lang='lat' dir='ltr'><strong>in</strong></span> <span class='ocrx_word' id='word_1_612' title='bbox 2824 3739 2983 3793; x_wconf 91' lang='lat' dir='ltr'><strong>metu</strong></span> <span class='ocrx_word' id='word_1_613' title='bbox 3017 3734 3106 3792; x_wconf 91' lang='lat' dir='ltr'><strong>vel</strong></span> <span class='ocrx_word' id='word_1_614' title='bbox 3138 3735 3200 3791; x_wconf 91' lang='lat' dir='ltr'><strong>in</strong></span> <span class='ocrx_word' id='word_1_615' title='bbox 3232 3751 3336 3807; x_wconf 90' lang='lat' dir='ltr'><strong>spe</strong></span> <span class='ocrx_word' id='word_1_616' title='bbox 3384 3750 3589 3791; x_wconf 89' lang='lat' dir='ltr'><strong>rerum</strong></span> <span class='ocrx_word' id='word_1_617' title='bbox 3626 3753 3755 3809; x_wconf 90' lang='lat' dir='ltr'><strong>pro-</strong></span> 
     </span>
    </p>
   </div>
   <div class='ocr_carea' id='block_1_81' title="bbox 2103 3824 3761 3902">
    <p class='ocr_par' dir='ltr' id='par_1_81' title="bbox 2103 3824 3761 3902">
     <span class='ocr_line' id='line_1_81' title="bbox 2103 3824 3761 3902; baseline -0.001 -18"><span class='ocrx_word' id='word_1_618' title='bbox 2103 3829 2365 3902; x_wconf 90' lang='lat' dir='ltr'><strong>priarum</strong></span> <span class='ocrx_word' id='word_1_619' title='bbox 2405 3827 2768 3884; x_wconf 89' lang='lat' dir='ltr'><strong>habitabant.</strong></span> <span class='ocrx_word' id='word_1_620' title='bbox 2805 3827 3020 3883; x_wconf 87' lang='lat' dir='ltr'><strong>Omnes</strong></span> <span class='ocrx_word' id='word_1_621' title='bbox 3069 3841 3240 3898; x_wconf 91' lang='lat' dir='ltr'><strong>porro</strong></span> <span class='ocrx_word' id='word_1_622' title='bbox 3297 3824 3761 3882; x_wconf 87' lang='lat' dir='ltr'><strong>machinationis</strong></span> 
     </span>
    </p>
   </div>
   <div class='ocr_carea' id='block_1_82' title="bbox 2101 3914 3760 3990">
    <p class='ocr_par' dir='ltr' id='par_1_82' title="bbox 2101 3914 3760 3990">
     <span class='ocr_line' id='line_1_82' title="bbox 2101 3914 3760 3990; baseline -0.001 -16"><span class='ocrx_word' id='word_1_623' title='bbox 2101 3918 2281 3990; x_wconf 88' lang='lat' dir='ltr'><strong>hujus</strong></span> <span class='ocrx_word' id='word_1_624' title='bbox 2313 3917 2608 3974; x_wconf 84' lang='lat' dir='ltr'><strong>insidiosae</strong></span> <span class='ocrx_word' id='word_1_625' title='bbox 2640 3915 2955 3990; x_wconf 88' lang='lat' dir='ltr'><strong>participes</strong></span> <span class='ocrx_word' id='word_1_626' title='bbox 2983 3915 3180 3971; x_wconf 81' lang='lat' dir='ltr'><strong>divina</strong></span> <span class='ocrx_word' id='word_1_627' title='bbox 3209 3914 3529 3982; x_wconf 87' lang='lat' dir='ltr'><strong>deinde,ut</strong></span> <span class='ocrx_word' id='word_1_628' title='bbox 3552 3930 3760 3988; x_wconf 86' lang='lat' dir='ltr'><strong>cogno-</strong></span> 
     </span>
    </p>
   </div>
   <div class='ocr_carea' id='block_1_83' title="bbox 2101 4005 3197 4081">
    <p class='ocr_par' dir='ltr' id='par_1_83' title="bbox 2101 4005 3197 4081">
     <span class='ocr_line' id='line_1_83' title="bbox 2101 4005 3197 4081; baseline -0.002 -17"><span class='ocrx_word' id='word_1_629' title='bbox 2101 4007 2314 4080; x_wconf 87' lang='lat' dir='ltr'><strong>vimus,</strong></span> <span class='ocrx_word' id='word_1_630' title='bbox 2347 4025 2453 4064; x_wconf 89' lang='lat' dir='ltr'><strong>suo</strong></span> <span class='ocrx_word' id='word_1_631' title='bbox 2485 4011 2744 4081; x_wconf 89' lang='lat' dir='ltr'><strong>tempore</strong></span> <span class='ocrx_word' id='word_1_632' title='bbox 2777 4006 2921 4062; x_wconf 92' lang='lat' dir='ltr'><strong>ultio</strong></span> <span class='ocrx_word' id='word_1_633' title='bbox 2952 4005 3197 4077; x_wconf 82' lang='lat' dir='ltr'><strong>excepit.</strong></span> 
     </span>
    </p>
   </div>
   <div class='ocr_carea' id='block_1_84' title="bbox 2171 4114 3690 4174">
    <p class='ocr_par' dir='ltr' id='par_1_84' title="bbox 2171 4114 3690 4174">
     <span class='ocr_line' id='line_1_84' title="bbox 2171 4114 3690 4174; baseline -0.001 -3"><span class='ocrx_word' id='word_1_634' title='bbox 2171 4117 2223 4172; x_wconf 87' lang='lat'><strong>9.</strong></span> <span class='ocrx_word' id='word_1_635' title='bbox 2262 4119 2325 4174; x_wconf 84' lang='lat' dir='ltr'><strong>Ut</strong></span> <span class='ocrx_word' id='word_1_636' title='bbox 2353 4125 2640 4173; x_wconf 78' lang='lat' dir='ltr'><strong>coronatus</strong></span> <span class='ocrx_word' id='word_1_637' title='bbox 2671 4116 2914 4172; x_wconf 82' lang='lat' dir='ltr'><strong>Michael</strong></span> <span class='ocrx_word' id='word_1_638' title='bbox 2941 4114 3361 4171; x_wconf 79' lang='lat' dir='ltr'><strong>multitudinem</strong></span> <span class='ocrx_word' id='word_1_639' title='bbox 3389 4114 3690 4172; x_wconf 74' lang='lat' dir='ltr'><strong>delinicrit</strong></span> 
     </span>
    </p>
   </div>
   <div class='ocr_carea' id='block_1_85' title="bbox 2686 4186 3156 4257">
    <p class='ocr_par' dir='ltr' id='par_1_85' title="bbox 2686 4186 3156 4257">
     <span class='ocr_line' id='line_1_85' title="bbox 2686 4186 3156 4257; baseline 0.002 -13"><span class='ocrx_word' id='word_1_640' title='bbox 2686 4187 2867 4244; x_wconf 79' lang='lat' dir='ltr'><strong>verbis</strong></span> <span class='ocrx_word' id='word_1_641' title='bbox 2896 4195 2948 4242; x_wconf 79' lang='lat' dir='ltr'><strong>et</strong></span> <span class='ocrx_word' id='word_1_642' title='bbox 2976 4186 3156 4257; x_wconf 75' lang='lat' dir='ltr'><strong>fartis.</strong></span> 
     </span>
    </p>
   </div>
   <div class='ocr_carea' id='block_1_86' title="bbox 2173 4277 3759 4349">
    <p class='ocr_par' dir='ltr' id='par_1_86' title="bbox 2173 4277 3759 4349">
     <span class='ocr_line' id='line_1_86' title="bbox 2173 4277 3759 4349; baseline -0.001 -14"><span class='ocrx_word' id='word_1_643' title='bbox 2173 4285 2333 4335; x_wconf 90' lang='lat' dir='ltr'><strong>Tunc</strong></span> <span class='ocrx_word' id='word_1_644' title='bbox 2365 4297 2496 4335; x_wconf 88' lang='lat' dir='ltr'><strong>vero</strong></span> <span class='ocrx_word' id='word_1_645' title='bbox 2539 4295 2804 4334; x_wconf 88' lang='lat' dir='ltr'><strong>securam</strong></span> <span class='ocrx_word' id='word_1_646' title='bbox 2839 4278 3018 4334; x_wconf 87' lang='lat' dir='ltr'><strong>vitam</strong></span> <span class='ocrx_word' id='word_1_647' title='bbox 3059 4292 3204 4349; x_wconf 85' lang='lat' dir='ltr'><strong>puer</strong></span> <span class='ocrx_word' id='word_1_648' title='bbox 3234 4277 3455 4348; x_wconf 84' lang='lat' dir='ltr'><strong>degens</strong></span> <span class='ocrx_word' id='word_1_649' title='bbox 3507 4280 3673 4335; x_wconf 88' lang='lat' dir='ltr'><strong>totus</strong></span> <span class='ocrx_word' id='word_1_650' title='bbox 3704 4278 3759 4334; x_wconf 87' lang='lat' dir='ltr'><strong>in</strong></span> 
     </span>
    </p>
   </div>
   <div class='ocr_carea' id='block_1_87' title="bbox 2102 4365 3762 4439">
    <p class='ocr_par' dir='ltr' id='par_1_87' title="bbox 2102 4365 3762 4439">
     <span class='ocr_line' id='line_1_87' title="bbox 2102 4365 3762 4439; baseline -0.001 -15"><span class='ocrx_word' id='word_1_651' title='bbox 2102 4367 2347 4424; x_wconf 87' lang='lat' dir='ltr'><strong>ludicris</strong></span> <span class='ocrx_word' id='word_1_652' title='bbox 2369 4372 2425 4424; x_wconf 91' lang='lat' dir='ltr'><strong>et</strong></span> <span class='ocrx_word' id='word_1_653' title='bbox 2446 4367 2606 4424; x_wconf 88' lang='lat' dir='ltr'><strong>illius</strong></span> <span class='ocrx_word' id='word_1_654' title='bbox 2629 4365 2816 4423; x_wconf 62' lang='lat' dir='ltr'><strong>aetatis</strong></span> <span class='ocrx_word' id='word_1_655' title='bbox 2848 4365 3298 4422; x_wconf 89' lang='lat' dir='ltr'><strong>remissionibus</strong></span> <span class='ocrx_word' id='word_1_656' title='bbox 3320 4369 3464 4421; x_wconf 88' lang='lat' dir='ltr'><strong>erat.</strong></span> <span class='ocrx_word' id='word_1_657' title='bbox 3491 4365 3762 4439; x_wconf 86' lang='lat' dir='ltr'><strong>Impera-</strong></span> 
     </span>
    </p>
   </div>
   <div class='ocr_carea' id='block_1_88' title="bbox 2102 4453 3759 4528">
    <p class='ocr_par' dir='ltr' id='par_1_88' title="bbox 2102 4453 3759 4528">
     <span class='ocr_line' id='line_1_88' title="bbox 2102 4453 3759 4528; baseline 0.001 -16"><span class='ocrx_word' id='word_1_658' title='bbox 2102 4460 2194 4513; x_wconf 87' lang='lat' dir='ltr'><strong>tor</strong></span> <span class='ocrx_word' id='word_1_659' title='bbox 2222 4456 2437 4528; x_wconf 66' lang='lat' dir='ltr'><strong>saepius</strong></span> <span class='ocrx_word' id='word_1_660' title='bbox 2467 4455 2524 4512; x_wconf 90' lang='lat' dir='ltr'><strong>in</strong></span> <span class='ocrx_word' id='word_1_661' title='bbox 2560 4455 2652 4512; x_wconf 88' lang='lat' dir='ltr'><strong>die</strong></span> <span class='ocrx_word' id='word_1_662' title='bbox 2696 4456 2767 4513; x_wconf 89' lang='lat' dir='ltr'><strong>ad</strong></span> <span class='ocrx_word' id='word_1_663' title='bbox 2811 4455 3151 4512; x_wconf 89' lang='lat' dir='ltr'><strong>concionem</strong></span> <span class='ocrx_word' id='word_1_664' title='bbox 3184 4453 3435 4520; x_wconf 86' lang='lat' dir='ltr'><strong>dicebat,</strong></span> <span class='ocrx_word' id='word_1_665' title='bbox 3465 4456 3759 4514; x_wconf 87' lang='lat' dir='ltr'><strong>subinde-</strong></span> 
     </span>
    </p>
   </div>
   <div class='ocr_carea' id='block_1_89' title="bbox 354 4533 3761 4619">
    <p class='ocr_par' dir='ltr' id='par_1_89' title="bbox 354 4533 3761 4619">
     <span class='ocr_line' id='line_1_89' title="bbox 354 4533 3761 4619; baseline 0.002 -21"><span class='ocrx_word' id='word_1_666' title='bbox 354 4557 420 4598; x_wconf 89' lang='lat' dir='ltr'><strong>co</strong></span> <span class='ocrx_word' id='word_1_667' title='bbox 453 4541 606 4614; x_wconf 89' lang='lat' dir='ltr'><strong>quod</strong></span> <span class='ocrx_word' id='word_1_668' title='bbox 657 4542 904 4598; x_wconf 82' lang='lat' dir='ltr'><strong>dixerat.</strong></span> <span class='ocrx_word' id='word_1_669' title='bbox 941 4543 1149 4597; x_wconf 85' lang='lat' dir='ltr'><strong>Verum</strong></span> <span class='ocrx_word' id='word_1_670' title='bbox 1184 4539 1498 4613; x_wconf 88' lang='lat' dir='ltr'><strong>persistere</strong></span> <span class='ocrx_word' id='word_1_671' title='bbox 1548 4541 1618 4597; x_wconf 91' lang='lat' dir='ltr'><strong>ad</strong></span> <span class='ocrx_word' id='word_1_672' title='bbox 1670 4545 1994 4599; x_wconf 86' lang='lat' dir='ltr'><strong>extremum</strong></span> <span class='ocrx_word' id='word_1_673' title='bbox 2028 4533 2070 4598; x_wconf 81' lang='grc' dir='ltr'><strong>Ο</strong></span> <span class='ocrx_word' id='word_1_674' title='bbox 2103 4550 2324 4618; x_wconf 87' lang='lat' dir='ltr'><strong>que,ut</strong></span> <span class='ocrx_word' id='word_1_675' title='bbox 2351 4544 3102 4619; x_wconf 72' lang='lat' dir='ltr'><strong>peroraverat,deliuienda2</strong></span> <span class='ocrx_word' id='word_1_676' title='bbox 3125 4563 3302 4601; x_wconf 86' lang='lat' dir='ltr'><strong>causa</strong></span> <span class='ocrx_word' id='word_1_677' title='bbox 3326 4545 3761 4614; x_wconf 88' lang='lat' dir='ltr'><strong>multitudinis,</strong></span> 
     </span>
    </p>
   </div>
   <div class='ocr_carea' id='block_1_90' title="bbox 349 4629 1992 4705">
    <p class='ocr_par' dir='ltr' id='par_1_90' title="bbox 349 4629 1992 4705">
     <span class='ocr_line' id='line_1_90' title="bbox 349 4629 1992 4705; baseline 0.002 -19"><span class='ocrx_word' id='word_1_678' title='bbox 349 4647 464 4687; x_wconf 90' lang='lat' dir='ltr'><strong>non</strong></span> <span class='ocrx_word' id='word_1_679' title='bbox 498 4629 716 4688; x_wconf 88' lang='lat' dir='ltr'><strong>valuit:</strong></span> <span class='ocrx_word' id='word_1_680' title='bbox 743 4635 975 4688; x_wconf 91' lang='lat' dir='ltr'><strong>coortus</strong></span> <span class='ocrx_word' id='word_1_681' title='bbox 1005 4630 1160 4686; x_wconf 89' lang='lat' dir='ltr'><strong>enim</strong></span> <span class='ocrx_word' id='word_1_682' title='bbox 1189 4633 1278 4687; x_wconf 91' lang='lat' dir='ltr'><strong>est</strong></span> <span class='ocrx_word' id='word_1_683' title='bbox 1303 4630 1523 4686; x_wconf 89' lang='lat' dir='ltr'><strong>clamor</strong></span> <span class='ocrx_word' id='word_1_684' title='bbox 1552 4630 1610 4687; x_wconf 91' lang='lat' dir='ltr'><strong>in</strong></span> <span class='ocrx_word' id='word_1_685' title='bbox 1641 4648 1775 4688; x_wconf 89' lang='lat' dir='ltr'><strong>eum</strong></span> <span class='ocrx_word' id='word_1_686' title='bbox 1811 4631 1992 4705; x_wconf 91' lang='lat' dir='ltr'><strong>pluri-</strong></span> 
     </span>
    </p>
   </div>
   <div class='ocr_carea' id='block_1_91' title="bbox 352 4719 1990 4794">
    <p class='ocr_par' dir='ltr' id='par_1_91' title="bbox 352 4719 1990 4794">
     <span class='ocr_line' id='line_1_91' title="bbox 352 4719 1990 4794; baseline 0.001 -18"><span class='ocrx_word' id='word_1_687' title='bbox 352 4735 580 4777; x_wconf 90' lang='lat' dir='ltr'><strong>morum</strong></span> <span class='ocrx_word' id='word_1_688' title='bbox 601 4719 865 4776; x_wconf 89' lang='lat' dir='ltr'><strong>certatim</strong></span> <span class='ocrx_word' id='word_1_689' title='bbox 888 4736 1000 4791; x_wconf 87' lang='lat' dir='ltr'><strong>qua</strong></span> <span class='ocrx_word' id='word_1_690' title='bbox 1021 4720 1380 4776; x_wconf 88' lang='lat' dir='ltr'><strong>monentium</strong></span> <span class='ocrx_word' id='word_1_691' title='bbox 1403 4735 1519 4791; x_wconf 91' lang='lat' dir='ltr'><strong>qua</strong></span> <span class='ocrx_word' id='word_1_692' title='bbox 1541 4719 1990 4794; x_wconf 88' lang='lat' dir='ltr'><strong>increpantium,</strong></span> 
     </span>
    </p>
   </div>
   <div class='ocr_carea' id='block_1_92' title="bbox 349 4806 1991 4882">
    <p class='ocr_par' dir='ltr' id='par_1_92' title="bbox 349 4806 1991 4882">
     <span class='ocr_line' id='line_1_92' title="bbox 349 4806 1991 4882; baseline 0.001 -18"><span class='ocrx_word' id='word_1_693' title='bbox 349 4807 558 4881; x_wconf 91' lang='lat' dir='ltr'><strong>ecquid</strong></span> <span class='ocrx_word' id='word_1_694' title='bbox 591 4810 836 4882; x_wconf 86' lang='lat' dir='ltr'><strong>puderet</strong></span> <span class='ocrx_word' id='word_1_695' title='bbox 866 4826 1049 4864; x_wconf 91' lang='lat' dir='ltr'><strong>unum</strong></span> <span class='ocrx_word' id='word_1_696' title='bbox 1084 4812 1166 4864; x_wconf 92' lang='lat' dir='ltr'><strong>tot</strong></span> <span class='ocrx_word' id='word_1_697' title='bbox 1195 4811 1252 4864; x_wconf 91' lang='lat' dir='ltr'><strong>et</strong></span> <span class='ocrx_word' id='word_1_698' title='bbox 1279 4806 1502 4865; x_wconf 86' lang='lat' dir='ltr'><strong>talibus</strong></span> <span class='ocrx_word' id='word_1_699' title='bbox 1533 4809 1670 4867; x_wconf 87' lang='lat' dir='ltr'><strong>viris</strong></span> <span class='ocrx_word' id='word_1_700' title='bbox 1702 4827 1895 4867; x_wconf 84' lang='lat' dir='ltr'><strong>coram</strong></span> <span class='ocrx_word' id='word_1_701' title='bbox 1932 4811 1991 4867; x_wconf 88' lang='lat' dir='ltr'><strong>in</strong></span> 
     </span>
    </p>
   </div>
   <div class='ocr_carea' id='block_1_93' title="bbox 345 4898 1993 4975">
    <p class='ocr_par' dir='ltr' id='par_1_93' title="bbox 345 4898 1993 4975">
     <span class='ocr_line' id='line_1_93' title="bbox 345 4898 1993 4975; baseline 0.001 -19"><span class='ocrx_word' id='word_1_702' title='bbox 345 4916 414 4958; x_wconf 90' lang='lat' dir='ltr'><strong>os</strong></span> <span class='ocrx_word' id='word_1_703' title='bbox 447 4899 732 4958; x_wconf 89' lang='lat' dir='ltr'><strong>obsistere</strong></span> <span class='ocrx_word' id='word_1_704' title='bbox 760 4900 1186 4972; x_wconf 89' lang='lat' dir='ltr'><strong>adversumque</strong></span> <span class='ocrx_word' id='word_1_705' title='bbox 1219 4898 1366 4956; x_wconf 86' lang='lat' dir='ltr'><strong>niti?</strong></span> <span class='ocrx_word' id='word_1_706' title='bbox 1386 4898 1589 4957; x_wconf 81' lang='lat' dir='ltr'><strong>Victus</strong></span> <span class='ocrx_word' id='word_1_707' title='bbox 1621 4901 1800 4975; x_wconf 85' lang='lat' dir='ltr'><strong>igitur</strong></span> <span class='ocrx_word' id='word_1_708' title='bbox 1828 4903 1993 4959; x_wconf 86' lang='lat' dir='ltr'><strong>deni-</strong></span> 
     </span>
    </p>
   </div>
   <div class='ocr_carea' id='block_1_94' title="bbox 351 4989 1992 5066">
    <p class='ocr_par' dir='ltr' id='par_1_94' title="bbox 351 4989 1992 5066">
     <span class='ocr_line' id='line_1_94' title="bbox 351 4989 1992 5066; baseline 0.001 -18"><span class='ocrx_word' id='word_1_709' title='bbox 351 5007 461 5064; x_wconf 90' lang='lat' dir='ltr'><strong>que</strong></span> <span class='ocrx_word' id='word_1_710' title='bbox 492 4989 866 5063; x_wconf 87' lang='lat' dir='ltr'><strong>subscripsit,</strong></span> <span class='ocrx_word' id='word_1_711' title='bbox 891 4991 990 5048; x_wconf 89' lang='lat' dir='ltr'><strong>sed</strong></span> <span class='ocrx_word' id='word_1_712' title='bbox 1024 4990 1098 5047; x_wconf 90' lang='lat' dir='ltr'><strong>iis</strong></span> <span class='ocrx_word' id='word_1_713' title='bbox 1126 4989 1316 5047; x_wconf 83' lang='lat' dir='ltr'><strong>verbis</strong></span> <span class='ocrx_word' id='word_1_714' title='bbox 1340 5007 1465 5063; x_wconf 72' lang='lat' dir='ltr'><strong>qua:</strong></span> <span class='ocrx_word' id='word_1_715' title='bbox 1488 4995 1640 5048; x_wconf 84' lang='lat' dir='ltr'><strong>recte</strong></span> <span class='ocrx_word' id='word_1_716' title='bbox 1661 4992 1992 5066; x_wconf 85' lang='lat' dir='ltr'><strong>intelligen-</strong></span> 
     </span>
    </p>
   </div>
   <div class='ocr_carea' id='block_1_95' title="bbox 351 5079 1992 5152">
    <p class='ocr_par' dir='ltr' id='par_1_95' title="bbox 351 5079 1992 5152">
     <span class='ocr_line' id='line_1_95' title="bbox 351 5079 1992 5152; baseline 0.002 -15"><span class='ocrx_word' id='word_1_717' title='bbox 351 5082 509 5138; x_wconf 90' lang='lat' dir='ltr'><strong>tibus</strong></span> <span class='ocrx_word' id='word_1_718' title='bbox 545 5086 802 5138; x_wconf 87' lang='lat' dir='ltr'><strong>exortam</strong></span> <span class='ocrx_word' id='word_1_719' title='bbox 839 5080 1039 5137; x_wconf 90' lang='lat' dir='ltr'><strong>manui</strong></span> <span class='ocrx_word' id='word_1_720' title='bbox 1087 5079 1600 5152; x_wconf 89' lang='lat' dir='ltr'><strong>subscriptionem,</strong></span> <span class='ocrx_word' id='word_1_721' title='bbox 1627 5099 1743 5138; x_wconf 89' lang='lat' dir='ltr'><strong>non</strong></span> <span class='ocrx_word' id='word_1_722' title='bbox 1796 5084 1992 5140; x_wconf 89' lang='lat' dir='ltr'><strong>animo</strong></span> 
     </span>
    </p>
   </div>
   <div class='ocr_carea' id='block_1_96' title="bbox 351 5168 1994 5242">
    <p class='ocr_par' dir='ltr' id='par_1_96' title="bbox 351 5168 1994 5242">
     <span class='ocr_line' id='line_1_96' title="bbox 351 5168 1994 5242; baseline 0.001 -15"><span class='ocrx_word' id='word_1_723' title='bbox 351 5170 700 5228; x_wconf 83' lang='lat' dir='ltr'><strong>sententiam</strong></span> <span class='ocrx_word' id='word_1_724' title='bbox 734 5168 1055 5226; x_wconf 85' lang='lat' dir='ltr'><strong>iudicarent</strong></span> <span class='ocrx_word' id='word_1_725' title='bbox 1082 5186 1095 5226; x_wconf 87' lang='lat'>:</span> <span class='ocrx_word' id='word_1_726' title='bbox 1121 5169 1435 5242; x_wconf 85' lang='lat' dir='ltr'><strong>adscripsit</strong></span> <span class='ocrx_word' id='word_1_727' title='bbox 1456 5171 1607 5226; x_wconf 88' lang='lat' dir='ltr'><strong>enim</strong></span> <span class='ocrx_word' id='word_1_728' title='bbox 1636 5171 1910 5228; x_wconf 89' lang='lat' dir='ltr'><strong>similiter</strong></span> <span class='ocrx_word' id='word_1_729' title='bbox 1931 5190 1994 5229; x_wconf 88' lang='lat' dir='ltr'><strong>se</strong></span> 
     </span>
    </p>
   </div>
   <div class='ocr_carea' id='block_1_97' title="bbox 351 5257 1992 5332">
    <p class='ocr_par' dir='ltr' id='par_1_97' title="bbox 351 5257 1992 5332">
     <span class='ocr_line' id='line_1_97' title="bbox 351 5257 1992 5332; baseline 0.002 -17"><span class='ocrx_word' id='word_1_730' title='bbox 351 5258 646 5330; x_wconf 84' lang='lat' dir='ltr'><strong>assentiri,</strong></span> <span class='ocrx_word' id='word_1_731' title='bbox 675 5274 900 5315; x_wconf 87' lang='lat' dir='ltr'><strong>memor</strong></span> <span class='ocrx_word' id='word_1_732' title='bbox 944 5259 1097 5331; x_wconf 88' lang='lat' dir='ltr'><strong>apud</strong></span> <span class='ocrx_word' id='word_1_733' title='bbox 1148 5261 1376 5331; x_wconf 90' lang='lat' dir='ltr'><strong>poetam</strong></span> <span class='ocrx_word' id='word_1_734' title='bbox 1411 5257 1603 5314; x_wconf 90' lang='lat' dir='ltr'><strong>simile</strong></span> <span class='ocrx_word' id='word_1_735' title='bbox 1635 5260 1705 5315; x_wconf 92' lang='lat' dir='ltr'><strong>ad</strong></span> <span class='ocrx_word' id='word_1_736' title='bbox 1753 5261 1992 5332; x_wconf 78' lang='lat' dir='ltr'><strong>pessimi</strong></span> 
     </span>
    </p>
   </div>
   <div class='ocr_carea' id='block_1_98' title="bbox 349 5353 1991 5428">
    <p class='ocr_par' dir='ltr' id='par_1_98' title="bbox 349 5353 1991 5428">
     <span class='ocr_line' id='line_1_98' title="bbox 349 5353 1991 5428; baseline 0.001 -16"><span class='ocrx_word' id='word_1_737' title='bbox 349 5355 840 5428; x_wconf 76' lang='lat' dir='ltr'><strong>significationem</strong></span> <span class='ocrx_word' id='word_1_738' title='bbox 894 5355 1278 5421; x_wconf 86' lang='lat' dir='ltr'><strong>trahi.Quare</strong></span> <span class='ocrx_word' id='word_1_739' title='bbox 1325 5353 1410 5410; x_wconf 88' lang='lat' dir='ltr'><strong>sic</strong></span> <span class='ocrx_word' id='word_1_740' title='bbox 1459 5355 1743 5411; x_wconf 86' lang='lat' dir='ltr'><strong>innuebat</strong></span> <span class='ocrx_word' id='word_1_741' title='bbox 1789 5375 1850 5413; x_wconf 90' lang='lat' dir='ltr'><strong>se</strong></span> <span class='ocrx_word' id='word_1_742' title='bbox 1897 5376 1991 5414; x_wconf 86' lang='lat' dir='ltr'><strong>co-</strong></span> 
     </span>
    </p>
   </div>
   <div class='ocr_carea' id='block_1_99' title="bbox 350 5444 1991 5513">
    <p class='ocr_par' dir='ltr' id='par_1_99' title="bbox 350 5444 1991 5513">
     <span class='ocr_line' id='line_1_99' title="bbox 350 5444 1991 5513; baseline 0.001 -12"><span class='ocrx_word' id='word_1_743' title='bbox 350 5450 542 5501; x_wconf 86' lang='lat' dir='ltr'><strong>actum</strong></span> <span class='ocrx_word' id='word_1_744' title='bbox 580 5451 838 5502; x_wconf 84' lang='lat' dir='ltr'><strong>extrema</strong></span> <span class='ocrx_word' id='word_1_745' title='bbox 872 5444 1233 5510; x_wconf 78' lang='lat' dir='ltr'><strong>necessitate,</strong></span> <span class='ocrx_word' id='word_1_746' title='bbox 1259 5447 1462 5499; x_wconf 79' lang='lat' dir='ltr'><strong>contra</strong></span> <span class='ocrx_word' id='word_1_747' title='bbox 1489 5448 1765 5513; x_wconf 87' lang='lat' dir='ltr'><strong>mentem,</strong></span> <span class='ocrx_word' id='word_1_748' title='bbox 1794 5454 1856 5501; x_wconf 91' lang='lat' dir='ltr'><strong>ut</strong></span> <span class='ocrx_word' id='word_1_749' title='bbox 1888 5448 1991 5504; x_wconf 83' lang='lat' dir='ltr'><strong>b0-</strong></span> 
     </span>
    </p>
   </div>
   <div class='ocr_carea' id='block_1_100' title="bbox 350 5531 1988 5608">
    <p class='ocr_par' dir='ltr' id='par_1_100' title="bbox 350 5531 1988 5608">
     <span class='ocr_line' id='line_1_100' title="bbox 350 5531 1988 5608; baseline 0.002 -19"><span class='ocrx_word' id='word_1_750' title='bbox 350 5551 491 5590; x_wconf 88' lang='lat' dir='ltr'><strong>num</strong></span> <span class='ocrx_word' id='word_1_751' title='bbox 552 5537 910 5607; x_wconf 82' lang='lat' dir='ltr'><strong>approbasse</strong></span> <span class='ocrx_word' id='word_1_752' title='bbox 959 5532 1352 5603; x_wconf 88' lang='lat' dir='ltr'><strong>visum,quod</strong></span> <span class='ocrx_word' id='word_1_753' title='bbox 1404 5531 1621 5588; x_wconf 86' lang='lat' dir='ltr'><strong>malum</strong></span> <span class='ocrx_word' id='word_1_754' title='bbox 1663 5534 1988 5608; x_wconf 87' lang='lat' dir='ltr'><strong>judicabat,</strong></span> 
     </span>
    </p>
   </div>
   <div class='ocr_carea' id='block_1_101' title="bbox 348 5621 1984 5697">
    <p class='ocr_par' dir='ltr' id='par_1_101' title="bbox 348 5621 1984 5697">
     <span class='ocr_line' id='line_1_101' title="bbox 348 5621 1984 5697; baseline 0.004 -20"><span class='ocrx_word' id='word_1_755' title='bbox 348 5623 702 5680; x_wconf 80' lang='lat' dir='ltr'><strong>reclamante</strong></span> <span class='ocrx_word' id='word_1_756' title='bbox 726 5623 1103 5697; x_wconf 86' lang='lat' dir='ltr'><strong>persuasione</strong></span> <span class='ocrx_word' id='word_1_757' title='bbox 1126 5621 1305 5677; x_wconf 80' lang='lat' dir='ltr'><strong>animi</strong></span> <span class='ocrx_word' id='word_1_758' title='bbox 1329 5638 1394 5678; x_wconf 90' lang='lat' dir='ltr'><strong>ac</strong></span> <span class='ocrx_word' id='word_1_759' title='bbox 1417 5622 1530 5678; x_wconf 86' lang='lat' dir='ltr'><strong>vim</strong></span> <span class='ocrx_word' id='word_1_760' title='bbox 1559 5622 1984 5683; x_wconf 79' lang='lat' dir='ltr'><strong>inoluctahilem</strong></span> 
     </span>
    </p>
   </div>
   <div class='ocr_carea' id='block_1_102' title="bbox 2101 4633 3760 4711">
    <p class='ocr_par' dir='ltr' id='par_1_102' title="bbox 2101 4633 3760 4711">
     <span class='ocr_line' id='line_1_102' title="bbox 2101 4633 3760 4711; baseline 0.002 -21"><span class='ocrx_word' id='word_1_761' title='bbox 2101 4640 2406 4708; x_wconf 87' lang='lat' dir='ltr'><strong>argenteos</strong></span> <span class='ocrx_word' id='word_1_762' title='bbox 2433 4640 2681 4708; x_wconf 89' lang='lat' dir='ltr'><strong>utraque</strong></span> <span class='ocrx_word' id='word_1_763' title='bbox 2707 4652 2885 4690; x_wconf 91' lang='lat' dir='ltr'><strong>manu</strong></span> <span class='ocrx_word' id='word_1_764' title='bbox 2908 4633 2966 4689; x_wconf 90' lang='lat' dir='ltr'><strong>in</strong></span> <span class='ocrx_word' id='word_1_765' title='bbox 2994 4635 3252 4690; x_wconf 88' lang='lat' dir='ltr'><strong>medium</strong></span> <span class='ocrx_word' id='word_1_766' title='bbox 3276 4635 3526 4691; x_wconf 85' lang='lat' dir='ltr'><strong>conferti</strong></span> <span class='ocrx_word' id='word_1_767' title='bbox 3556 4639 3760 4711; x_wconf 83' lang='lat' dir='ltr'><strong>populi</strong></span> 
     </span>
    </p>
   </div>
   <div class='ocr_carea' id='block_1_103' title="bbox 2093 4722 3763 4796">
    <p class='ocr_par' dir='ltr' id='par_1_103' title="bbox 2093 4722 3763 4796">
     <span class='ocr_line' id='line_1_103' title="bbox 2093 4722 3763 4796; baseline 0.003 -17"><span class='ocrx_word' id='word_1_768' title='bbox 2093 4724 2373 4796; x_wconf 86' lang='lat' dir='ltr'><strong>jactabat.</strong></span> <span class='ocrx_word' id='word_1_769' title='bbox 2408 4723 2492 4780; x_wconf 92' lang='lat' dir='ltr'><strong>Illi</strong></span> <span class='ocrx_word' id='word_1_770' title='bbox 2526 4724 2789 4781; x_wconf 89' lang='lat' dir='ltr'><strong>certatim</strong></span> <span class='ocrx_word' id='word_1_771' title='bbox 2813 4722 3151 4796; x_wconf 83' lang='lat' dir='ltr'><strong>colligentes</strong></span> <span class='ocrx_word' id='word_1_772' title='bbox 3176 4722 3453 4779; x_wconf 88' lang='lat' dir='ltr'><strong>laudibus</strong></span> <span class='ocrx_word' id='word_1_773' title='bbox 3482 4725 3763 4784; x_wconf 88' lang='lat' dir='ltr'><strong>videlicet</strong></span> 
     </span>
    </p>
   </div>
   <div class='ocr_carea' id='block_1_104' title="bbox 2102 4809 3762 4884">
    <p class='ocr_par' dir='ltr' id='par_1_104' title="bbox 2102 4809 3762 4884">
     <span class='ocr_line' id='line_1_104' title="bbox 2102 4809 3762 4884; baseline 0.004 -16"><span class='ocrx_word' id='word_1_774' title='bbox 2102 4811 2387 4869; x_wconf 87' lang='lat' dir='ltr'><strong>tollebant</strong></span> <span class='ocrx_word' id='word_1_775' title='bbox 2433 4813 2761 4870; x_wconf 80' lang='lat' dir='ltr'><strong>beneﬁcum</strong></span> <span class='ocrx_word' id='word_1_776' title='bbox 2818 4810 3194 4884; x_wconf 88' lang='lat' dir='ltr'><strong>largitorem,</strong></span> <span class='ocrx_word' id='word_1_777' title='bbox 3254 4829 3502 4884; x_wconf 87' lang='lat' dir='ltr'><strong>puerum</strong></span> <span class='ocrx_word' id='word_1_778' title='bbox 3559 4821 3618 4872; x_wconf 89' lang='lat' dir='ltr'><strong>et</strong></span> <span class='ocrx_word' id='word_1_779' title='bbox 3673 4809 3762 4874; x_wconf 85' lang='lat' dir='ltr'><strong>res</strong></span> 
     </span>
    </p>
   </div>
   <div class='ocr_carea' id='block_1_105' title="bbox 2101 4901 3762 4974">
    <p class='ocr_par' dir='ltr' id='par_1_105' title="bbox 2101 4901 3762 4974">
     <span class='ocr_line' id='line_1_105' title="bbox 2101 4901 3762 4974; baseline 0.002 -16"><span class='ocrx_word' id='word_1_780' title='bbox 2101 4903 2230 4973; x_wconf 86' lang='lat' dir='ltr'><strong>ejus</strong></span> <span class='ocrx_word' id='word_1_781' title='bbox 2261 4901 2451 4959; x_wconf 85' lang='lat' dir='ltr'><strong>valere</strong></span> <span class='ocrx_word' id='word_1_782' title='bbox 2472 4903 2782 4974; x_wconf 89' lang='lat' dir='ltr'><strong>jubebant,</strong></span> <span class='ocrx_word' id='word_1_783' title='bbox 2812 4903 2996 4974; x_wconf 85' lang='lat' dir='ltr'><strong>ignari</strong></span> <span class='ocrx_word' id='word_1_784' title='bbox 3035 4901 3271 4972; x_wconf 87' lang='lat' dir='ltr'><strong>quidem</strong></span> <span class='ocrx_word' id='word_1_785' title='bbox 3307 4919 3424 4974; x_wconf 93' lang='lat' dir='ltr'><strong>quo</strong></span> <span class='ocrx_word' id='word_1_786' title='bbox 3456 4903 3762 4962; x_wconf 87' lang='lat' dir='ltr'><strong>malorum</strong></span> 
     </span>
    </p>
   </div>
   <div class='ocr_carea' id='block_1_106' title="bbox 2102 4991 3760 5052">
    <p class='ocr_par' dir='ltr' id='par_1_106' title="bbox 2102 4991 3760 5052">
     <span class='ocr_line' id='line_1_106' title="bbox 2102 4991 3760 5052; baseline 0.002 -4"><span class='ocrx_word' id='word_1_787' title='bbox 2102 4993 2494 5050; x_wconf 88' lang='lat' dir='ltr'><strong>devenissent.</strong></span> <span class='ocrx_word' id='word_1_788' title='bbox 2518 4993 2664 5049; x_wconf 88' lang='lat' dir='ltr'><strong>Nam</strong></span> <span class='ocrx_word' id='word_1_789' title='bbox 2699 4992 2867 5049; x_wconf 87' lang='lat' dir='ltr'><strong>initia</strong></span> <span class='ocrx_word' id='word_1_790' title='bbox 2889 4991 3011 5048; x_wconf 64' lang='lat' dir='ltr'><strong>hac</strong></span> <span class='ocrx_word' id='word_1_791' title='bbox 3037 4996 3205 5048; x_wconf 86' lang='lat' dir='ltr'><strong>erant</strong></span> <span class='ocrx_word' id='word_1_792' title='bbox 3227 4991 3586 5050; x_wconf 84' lang='lat' dir='ltr'><strong>insidiarum</strong></span> <span class='ocrx_word' id='word_1_793' title='bbox 3617 4995 3760 5052; x_wconf 71' lang='lat' dir='ltr'><strong>alt-e-</strong></span> 
     </span>
    </p>
   </div>
   <div class='ocr_carea' id='block_1_107' title="bbox 2102 5080 3756 5156">
    <p class='ocr_par' dir='ltr' id='par_1_107' title="bbox 2102 5080 3756 5156">
     <span class='ocr_line' id='line_1_107' title="bbox 2102 5080 3756 5156; baseline 0 -17"><span class='ocrx_word' id='word_1_794' title='bbox 2102 5085 2226 5140; x_wconf 88' lang='lat' dir='ltr'><strong>rius</strong></span> <span class='ocrx_word' id='word_1_795' title='bbox 2257 5088 2658 5156; x_wconf 84' lang='lat' dir='ltr'><strong>Augustorum</strong></span> <span class='ocrx_word' id='word_1_796' title='bbox 2690 5082 2749 5138; x_wconf 91' lang='lat' dir='ltr'><strong>in</strong></span> <span class='ocrx_word' id='word_1_797' title='bbox 2784 5081 3054 5138; x_wconf 88' lang='lat' dir='ltr'><strong>alterum.</strong></span> <span class='ocrx_word' id='word_1_798' title='bbox 3087 5080 3345 5153; x_wconf 91' lang='lat' dir='ltr'><strong>Populus</strong></span> <span class='ocrx_word' id='word_1_799' title='bbox 3369 5087 3578 5139; x_wconf 85' lang='lat' dir='ltr'><strong>autem</strong></span> <span class='ocrx_word' id='word_1_800' title='bbox 3610 5085 3756 5141; x_wconf 84' lang='lat' dir='ltr'><strong>obli-</strong></span> 
     </span>
    </p>
   </div>
   <div class='ocr_carea' id='block_1_108' title="bbox 2102 5169 3758 5242">
    <p class='ocr_par' dir='ltr' id='par_1_108' title="bbox 2102 5169 3758 5242">
     <span class='ocr_line' id='line_1_108' title="bbox 2102 5169 3758 5242; baseline -0.001 -13"><span class='ocrx_word' id='word_1_801' title='bbox 2102 5179 2197 5229; x_wconf 91' lang='lat' dir='ltr'><strong>tus</strong></span> <span class='ocrx_word' id='word_1_802' title='bbox 2228 5177 2347 5229; x_wconf 91' lang='lat' dir='ltr'><strong>tam</strong></span> <span class='ocrx_word' id='word_1_803' title='bbox 2376 5172 2486 5229; x_wconf 90' lang='lat' dir='ltr'><strong>cito</strong></span> <span class='ocrx_word' id='word_1_804' title='bbox 2512 5172 2722 5241; x_wconf 71' lang='lat' dir='ltr'><strong>juratse</strong></span> <span class='ocrx_word' id='word_1_805' title='bbox 2762 5171 2820 5226; x_wconf 90' lang='lat' dir='ltr'><strong>in</strong></span> <span class='ocrx_word' id='word_1_806' title='bbox 2855 5171 3110 5242; x_wconf 88' lang='lat' dir='ltr'><strong>primum</strong></span> <span class='ocrx_word' id='word_1_807' title='bbox 3142 5169 3498 5227; x_wconf 85' lang='lat' dir='ltr'><strong>insidiarum</strong></span> <span class='ocrx_word' id='word_1_808' title='bbox 3529 5173 3758 5230; x_wconf 87' lang='lat' dir='ltr'><strong>machi-</strong></span> 
     </span>
    </p>
   </div>
   <div class='ocr_carea' id='block_1_109' title="bbox 2102 5260 3756 5335">
    <p class='ocr_par' dir='ltr' id='par_1_109' title="bbox 2102 5260 3756 5335">
     <span class='ocr_line' id='line_1_109' title="bbox 2102 5260 3756 5335; baseline 0.001 -18"><span class='ocrx_word' id='word_1_809' title='bbox 2102 5267 2366 5317; x_wconf 87' lang='lat' dir='ltr'><strong>natorem</strong></span> <span class='ocrx_word' id='word_1_810' title='bbox 2400 5261 2680 5330; x_wconf 62' lang='lat' dir='ltr'><strong>,ultionis,</strong></span> <span class='ocrx_word' id='word_1_811' title='bbox 2712 5262 2903 5315; x_wconf 87' lang='lat' dir='ltr'><strong>adhuc</strong></span> <span class='ocrx_word' id='word_1_812' title='bbox 2935 5260 3067 5315; x_wconf 90' lang='lat' dir='ltr'><strong>udis</strong></span> <span class='ocrx_word' id='word_1_813' title='bbox 3092 5277 3160 5314; x_wconf 86' lang='lat' dir='ltr'><strong>ex</strong></span> <span class='ocrx_word' id='word_1_814' title='bbox 3209 5261 3425 5314; x_wconf 88' lang='lat' dir='ltr'><strong>recenti</strong></span> <span class='ocrx_word' id='word_1_815' title='bbox 3455 5263 3756 5335; x_wconf 87' lang='lat' dir='ltr'><strong>scriptura</strong></span> 
     </span>
    </p>
   </div>
   <div class='ocr_carea' id='block_1_110' title="bbox 2100 5350 3752 5421">
    <p class='ocr_par' dir='ltr' id='par_1_110' title="bbox 2100 5350 3752 5421">
     <span class='ocr_line' id='line_1_110' title="bbox 2100 5350 3752 5421; baseline 0 -14"><span class='ocrx_word' id='word_1_816' title='bbox 2100 5352 2318 5409; x_wconf 90' lang='lat' dir='ltr'><strong>tabulis</strong></span> <span class='ocrx_word' id='word_1_817' title='bbox 2349 5350 2582 5408; x_wconf 79' lang='lat' dir='ltr'><strong>fcederis</strong></span> <span class='ocrx_word' id='word_1_818' title='bbox 2612 5351 2763 5406; x_wconf 87' lang='lat' dir='ltr'><strong>inter</strong></span> <span class='ocrx_word' id='word_1_819' title='bbox 2783 5352 3079 5421; x_wconf 82' lang='lat' dir='ltr'><strong>Augustos</strong></span> <span class='ocrx_word' id='word_1_820' title='bbox 3107 5355 3471 5406; x_wconf 88' lang='lat' dir='ltr'><strong>sacramento</strong></span> <span class='ocrx_word' id='word_1_821' title='bbox 3504 5353 3752 5419; x_wconf 78' lang='lat' dir='ltr'><strong>firmati,</strong></span> 
     </span>
    </p>
   </div>
   <div class='ocr_carea' id='block_1_111' title="bbox 2101 5440 3752 5514">
    <p class='ocr_par' dir='ltr' id='par_1_111' title="bbox 2101 5440 3752 5514">
     <span class='ocr_line' id='line_1_111' title="bbox 2101 5440 3752 5514; baseline 0.002 -17"><span class='ocrx_word' id='word_1_822' title='bbox 2101 5450 2217 5498; x_wconf 84' lang='lat' dir='ltr'><strong>tam</strong></span> <span class='ocrx_word' id='word_1_823' title='bbox 2245 5441 2417 5514; x_wconf 88' lang='lat' dir='ltr'><strong>longe</strong></span> <span class='ocrx_word' id='word_1_824' title='bbox 2455 5443 2657 5498; x_wconf 87' lang='lat' dir='ltr'><strong>aberat</strong></span> <span class='ocrx_word' id='word_1_825' title='bbox 2687 5459 2720 5497; x_wconf 88' lang='lat' dir='ltr'><strong>a</strong></span> <span class='ocrx_word' id='word_1_826' title='bbox 2750 5440 3088 5511; x_wconf 85' lang='lat' dir='ltr'><strong>stringendo</strong></span> <span class='ocrx_word' id='word_1_827' title='bbox 3128 5441 3322 5513; x_wconf 83' lang='lat' dir='ltr'><strong>gladio</strong></span> <span class='ocrx_word' id='word_1_828' title='bbox 3353 5442 3412 5497; x_wconf 90' lang='lat' dir='ltr'><strong>in</strong></span> <span class='ocrx_word' id='word_1_829' title='bbox 3446 5449 3752 5501; x_wconf 86' lang='lat' dir='ltr'><strong>auctorem</strong></span> 
     </span>
    </p>
   </div>
   <div class='ocr_carea' id='block_1_112' title="bbox 2099 5517 3751 5604">
    <p class='ocr_par' dir='ltr' id='par_1_112' title="bbox 2099 5517 3751 5604">
     <span class='ocr_line' id='line_1_112' title="bbox 2099 5517 3751 5604; baseline 0 -16"><span class='ocrx_word' id='word_1_830' title='bbox 2099 5533 2352 5603; x_wconf 71' lang='lat' dir='ltr'><strong>injuriae,</strong></span> <span class='ocrx_word' id='word_1_831' title='bbox 2384 5517 2585 5604; x_wconf 34' lang='lat' dir='ltr'><strong>ut‘ipsi</strong></span> <span class='ocrx_word' id='word_1_832' title='bbox 2617 5529 2974 5587; x_wconf 65' lang='lat' dir='ltr'><strong>eﬂ‘usissime</strong></span> <span class='ocrx_word' id='word_1_833' title='bbox 3005 5528 3406 5602; x_wconf 81' lang='lat' dir='ltr'><strong>applauderet.</strong></span> <span class='ocrx_word' id='word_1_834' title='bbox 3447 5534 3514 5588; x_wconf 90' lang='lat' dir='ltr'><strong>In</strong></span> <span class='ocrx_word' id='word_1_835' title='bbox 3549 5534 3751 5590; x_wconf 81' lang='lat' dir='ltr'><strong>ordine</strong></span> 
     </span>
    </p>
   </div>
   <div class='ocr_carea' id='block_1_113' title="bbox 2099 5619 3747 5696">
    <p class='ocr_par' dir='ltr' id='par_1_113' title="bbox 2099 5619 3747 5696">
     <span class='ocr_line' id='line_1_113' title="bbox 2099 5619 3747 5696; baseline -0.001 -17"><span class='ocrx_word' id='word_1_836' title='bbox 2099 5620 2487 5679; x_wconf 81' lang='lat' dir='ltr'><strong>ecclesiastico</strong></span> <span class='ocrx_word' id='word_1_837' title='bbox 2527 5621 2718 5676; x_wconf 87' lang='lat' dir='ltr'><strong>clerus</strong></span> <span class='ocrx_word' id='word_1_838' title='bbox 2768 5619 3001 5692; x_wconf 79' lang='lat' dir='ltr'><strong>quidem</strong></span> <span class='ocrx_word' id='word_1_839' title='bbox 3054 5620 3110 5672; x_wconf 91' lang='lat' dir='ltr'><strong>in</strong></span> <span class='ocrx_word' id='word_1_840' title='bbox 3164 5620 3288 5691; x_wconf 85' lang='lat' dir='ltr'><strong>pari</strong></span> <span class='ocrx_word' id='word_1_841' title='bbox 3337 5637 3474 5675; x_wconf 90' lang='lat' dir='ltr'><strong>cum</strong></span> <span class='ocrx_word' id='word_1_842' title='bbox 3531 5623 3747 5696; x_wconf 90' lang='lat' dir='ltr'><strong>populo</strong></span> 
     </span>
    </p>
   </div>
  </div>
