3944 6202
223 328 316 383 541
1286 325 1378 378 DE
1418 322 1792 379 MICHAELB
1832 318 2278 377 PALBOLOGO
2316 324 2447 378 LIB.
2489 327 2558 379 II.

3523 328 3631 387 542

228 474 315 532 eo:
358 448 484 506 κατᾶ
513 449 580 504 τα
614 444 995 523 ὁμωμοσμένα
1024 453 1211 503 κινεῖν.
1272 447 1337 504 Et
1397 446 1454 503 δὲ
1501 452 1601 517 τῆς
1633 443 1862 514 Ἐκκλη-
1890 448 1944 516 Α
1973 448 2080 499 τῶν
2127 445 2337 521 ἀγαθῶν
2388 446 2522 516 ἦσαν
2574 445 2834 520 ἐλπίδων,
2889 449 2985 505 κᾶν
3048 447 3249 529 φόϐους
3307 473 3391 515 τις
3448 451 3626 531 λέγοι.

226 542 331 604 σίας
357 537 444 595 κᾶν
480 541 509 594 6
538 538 756 612 κλῆρος
788 536 1015 611 ἠμέλει,
1047 534 1172 591 ἀ,ελ’
1207 534 1259 591 o'i
1288 559 1348 614 γε
1378 537 1439 592 τὸ
1482 537 1865 615 ἀρχιερατικὸν

220 633 418 704 ἀξίωμα
466 628 743 705 φέροντες,
792 625 846 682 τί
900 628 975 701 μή
1025 623 1245 701 ἔχοντες
1279 628 1525 699 ἀμύνειν,
1583 627 1675 682 τὸν
1735 624 1865 681 λαὸν

220 720 347 778 οῧτω
404 713 791 775 κατενεπεδουν
837 710 1163 791 φρικώδεσιν
1214 712 1402 792 ὅρκοις
1453 716 1579 771 ὥστ’
1626 714 1676 787 ἐξ
1707 713 1869 789 ἀνάγ-

219 833 309 881 κης
335 806 390 866 ἕν
432 811 539 863 τῶν
583 803 680 863 δύο
728 803 946 868 τούτοις
992 798 1423 879 ἐπισυμῦαίνειν,
1479 803 1515 873 ἢ
1575 803 1869 882 ἐμφυλίοις

218 896 475 955 ἐνδιδόναι
501 894 777 969 πολέμοις
804 892 897 949 καὶ
947 895 1295 972 σφάττεσθαι,
1344 894 1379 964 ἢ
1435 895 1543 967 μὴν
1598 892 1665 949 τὰ
1715 896 1867 969 μέγι-

218 1010 301 1044 στα
358 987 440 1051 εἷς
501 983 632 1043 Θεὸν
695 985 1022 1061 ἁμαρτάνειν
1090 980 1474 1059 ἐπιορκοῦντας
1509 1026 1522 1041 .
1584 980 1739 1041 Ἀλλ’
1796 982 1868 1045 ὡς

213 1074 365 1145 ἔοικε,
432 1076 492 1131 τὸ
551 1076 699 1148 παρᾶ
754 1069 994 1136 πολλοῖς
1057 1070 1397 1146 ὑμνούμενον
1444 1068 1668 1143 ἀληθὲς,
1702 1073 1775 1134 ὡς
1806 1072 1868 1127 τὸ

214 1165 415 1240 μέλλον
466 1164 707 1241 γενέσθαι
769 1159 1116 1239 ἀντιπράττει
1162 1162 1252 1217 καὶ
1302 1165 1381 1233 τῷ
1428 1166 1665 1237 φρονεῖν.
1698 1163 1869 1219 Ἐκεῖ.

210 1277 290 1319 νος
357 1254 549 1311 τοίνυν
634 1252 764 1327 μεθὸ
834 1252 924 1307 καῖ
1000 1248 1437 1327 δημηγορήσειε,
1506 1254 1720 1313 κοντοῖς
1777 1242 1866 1305 καὶ

210 1342 459 1420 σφαίραις
496 1346 617 1405 τοῖς
664 1338 899 1419 ἅργουσι
946 1338 1307 1410 συνιππάζετό
1358 1360 1417 1395 τε
1472 1339 1561 1395 καὶ
1621 1340 1868 1395 συνέπαι-

212 1441 281 1506 ζε,
306 1432 405 1490 καὶ
439 1432 616 1510 τρυφή
648 1432 715 1502 ἦν
762 1434 879 1494 τοῖς
928 1428 1194 1507 βλέπουσι
1251 1430 1320 1485 τὰ
1349 1430 1716 1506 πραττόμενα.
1774 1428 1868 1491 Εἷς

209 1522 354 1579 τόσον
411 1518 473 1577 δὶ
523 1522 585 1577 τὸ
645 1522 860 1591 πλῆθος
923 1516 1257 1597 δημηγορῶν
1314 1517 1391 1582 είς
1446 1518 1620 1575 ἄνεσιν
1679 1516 1867 1596 ἔτρεπε

207 1613 287 1668 καί
325 1633 457 1686 σφιν
517 1607 764 1687 χρηστὰς
811 1609 908 1673 τὰς
958 1607 1185 1672 ἐλπίδας
1239 1609 1508 1665 ὑπέτεινεν
1560 1608 1635 1673 ὡς
1679 1605 1867 1671 καλῶς

209 1699 277 1764 εἷς
329 1699 569 1756 τούπιὸν
617 1698 929 1774 βιώσουσιν,
994 1697 1130 1754 ὣστε
1189 1698 1279 1753 καὶ
1332 1696 1575 1773 χαρίτων
1619 1696 1863 1773 ἀρχαίων

1977 532 2041 591 El
2072 532 2199 610 γοῦν
2232 533 2414 606 ἀληθῆ
2466 534 2532 591 τὰ
2571 534 2939 615 φοιϐάσματα,
2972 537 3164 611 ἔδειξεν
3194 543 3221 597 6
3270 545 3478 616 καιρὸς,
3536 546 3625 600 καὶ

1976 623 2142 697 ἡμεῖς
2190 626 2325 679 κατᾶ
2351 623 2516 681 τόπον
2551 623 2800 702 ἐροῦμεν,
2846 627 3015 701 μηδὲν
3066 628 3385 705 προσθέντες
3417 632 3493 694 εἷς
3523 634 3621 702 τὴν

1975 718 2077 783 τῆς
2124 712 2385 783 ἀληθείας
2440 714 2732 777 σύστασιν.
2806 715 2944 774 Τότε
3007 717 3188 773 τοίνυν
3250 718 3332 798 ἐφ’
3388 719 3622 795 ἡμέραις

1976 804 2083 857 τισὶ
2117 799 2399 877 διατρίψας
2428 806 2564 860 κατᾶ
2593 806 2691 875 τὴν
2722 806 2975 878 Νίκαιάν,
3002 806 3119 864 ἐπεῖ
3144 806 3486 865 παλινοστεῖν
3518 806 3624 865 ἔδει

1977 896 2115 968 πρὸς
2144 894 2453 971 Νύμφαιον,
2483 897 2561 966 τῷ
2607 893 2922 972 πατριᾶρχῃ
2971 896 3380 971 συνταξάμενος,
3427 897 3515 954 καὶ
3564 901 3626 953 τὸ

1977 978 2194 1036 παιδίον
2221 978 2553 1056 παραλαϐὼν
2588 986 2615 1039 6
2636 980 2881 1055 κηδεύειν
2920 985 3178 1062 ὑποσχὼν
3208 985 3413 1059 ἑαυτὸν,
3434 985 3623 1060 ἔξεισιν

1978 1072 2091 1143 ἅμα
2117 1077 2235 1135 τοῖς
2266 1071 2317 1127 ἐν
2357 1071 2501 1128 τέλει
2530 1074 2618 1128 καί
2647 1076 2722 1146 τῷ
2752 1078 2984 1150 στρατῷ.

1982 1179 2029 1235 ι’.
2063 1178 2252 1241 Ὅπως
2289 1177 2783 1260 ὑποστραφεῖςιείς
2816 1181 3101 1260 Νύμφαιον
3122 1186 3268 1260 *μετᾶ
3294 1187 3391 1239 τοῦ
3430 1183 3624 1249 παιδὸς

2357 1248 2608 1326 πρέσϐεις
2639 1248 2856 1328 ἐδέχετο
2886 1248 3248 1331 πανταχόθεν.

2047 1341 2131 1413 [Ρ.
2162 1341 2253 1411 68]
2286 1340 2385 1396 Καὶ
2446 1341 2473 1395 6
2538 1341 2630 1414 μὶν
2686 1338 3007 1397 καταλαϐὼν
3063 1343 3123 1397 τὸ
3175 1343 3462 1420 Νύμφαιον
3492 1350 3625 1419 Περ-

1978 1430 2082 1483 σῶν
2138 1430 2233 1501 μὲν
2291 1425 2510 1504 ἐδέχετο
2559 1425 2813 1505 πρέσϐεις
2869 1433 2959 1487 καὶ
2992 1428 3160 1508 δῶρα,
3192 1431 3282 1488 καὶ
3329 1435 3408 1505 τῷ
3458 1432 3620 1489 σουλ-

1974 1515 2066 1571 τᾶν
2124 1517 2560 1593 καταιγιζομένῳ
2619 1516 2679 1574 ἐκ
2725 1518 3057 1597 παλιρροίας
3097 1522 3434 1598 πραγμάτων
3470 1524 3631 1579 ὑπισ-

1978 1610 2161 1681 χνεῖτο
2221 1606 2699 1683 προσχωρήσαντά
2780 1611 2832 1664 οἱ
2903 1608 3118 1673 ὒπτίαις
3193 1609 3444 1687 δέχεσθαι
3509 1617 3628 1675 ταῖς

1976 1692 2132 1770 χερσὶ
2176 1692 2265 1749 καὶ
2315 1696 2387 1758 εἷς
2433 1696 2617 1768 καιρὸν
2652 1698 2883 1771 πέμπειν
2945 1699 3094 1761 αὖθις
3155 1701 3270 1773 μετ’
3328 1697 3623 1777 ἀσφαλείας

206 1789 510 1882 πολιτικῶν
550 1788 962 1882 ὑπεμίμνησκεν
1019 1784 1329 1882 ἐλευθερίας
1390 1788 1666 1864 φερουσῶν
1721 1784 1863 1859 σόμ-
1896 1815 1940 1882 Β
1972 1787 2080 1838 τῶν
2107 1782 2440 1859 πραγμάτων
2474 1785 2911 1861 ἡσυχασοέντων.
2964 1788 3026 1845 Ὀ
3081 1788 3181 1864 γὰρ
3213 1787 3411 1858 Μελήκ
3450 1810 3622 1863 προσ.

206 1874 389 1937 ϐολον.
456 1881 630 1934 Ἦσαν
683 1874 730 1933 δ’
762 1875 958 1933 ἐκεῖναι
1007 1873 1385 1951 προσκλώθειν
1441 1875 1537 1940 τὰς
1590 1873 1863 1948 γενειάδας

206 1970 467 2031 πέχοντας
524 1966 614 2023 καὶ
673 1964 885 2042 χαίρειν
934 1962 1150 2037 ἀνέδηνο
1208 1964 1297 2020 καί
1353 1983 1497 2026 τινες
1544 1959 1861 2040 προσέκλω-

208 2071 287 2123 θον
346 2058 511 2134 δίχα,
584 2058 674 2113 καὶ
755 2063 889 2134 σφᾶς
945 2054 1130 2131 ἐώρων
1194 2054 1296 2129 ἐγὼ
1355 2053 1745 2135 γαννυμένουςΔ
1779 2051 1861 2108 ὅτι

200 2154 349 2204 τοῦτο
407 2147 625 2203 κελεύει
678 2148 705 2201 6
759 2144 1036 2221 βασιλεὺς,
1086 2146 1187 2213 τὴν
1237 2143 1321 2199 ἐπὶ
1371 2149 1480 2199 τῶν
1526 2142 1860 2219 πραγμάτων

207 2238 496 2311 εὐμάρειαν
562 2235 1015 2311 ὑπισχνούμενος.
1074 2231 1241 2291 Ἦσαν
1298 2229 1356 2287 δέ’
1405 2254 1546 2292 τινες
1607 2230 1704 2287 οὐκ
1760 2227 1867 2287 οἶδ’

205 2328 393 2383 ὁπόθεν
455 2331 567 2382 τῶν
627 2323 944 2399 μελλόντων
995 2317 1425 2400 προφοιϐασταί,
1483 2321 1573 2377 καὶ
1631 2321 1860 2377 κλώθειν

204 2416 566 2489 προσέταττον
600 2413 859 2491 χαίρουσι
890 2415 1007 2475 τοῖς
1056 2410 1460 2485 έλπιζομένοις,
1509 2412 1582 2473 ὡς
1641 2415 1862 2487 συροῦσι

208 2502 577 2578 λυπουμένοις
628 2509 745 2567 τοῖς
800 2498 1218 2579 πραττομένοις,
1277 2498 1322 2555 εί
1371 2501 1596 2572 πεινῷεν
1651 2497 1862 2554 ἐσύστε-

206 2612 310 2668 ρον.
344 2594 421 2653 Οἱ
454 2589 505 2648 δ’
538 2593 615 2656 ὡς
662 2588 880 2655 είκαίως
926 2588 1247 2666 λεγομένοις
1278 2588 1340 2645 οὐ
1370 2594 1689 2663 προσεῖχον,
1717 2584 1863 2642 ἀλλά

214 2807 696 2869 dissimulatione
729 2825 793 2866 ac
824 2824 1019 2866 rerum
1052 2823 1178 2881 quas
1210 2806 1650 2864 attentabantur
1680 2803 1863 2877 negli-

211 2902 408 2973 gentia
441 2898 794 2956 versabatur
826 2912 841 2953 :
874 2895 1129 2971 episcopi
1164 2898 1361 2953 autem
1412 2910 1528 2951 non
1578 2894 1862 2950 habentes

208 2987 353 3045 aliud
392 3001 519 3060 quo
545 3000 797 3059 puerum
819 2985 1197 3042 defenderent
1225 2987 1327 3040 aut
1356 2985 1486 3056 ejus
1517 2981 1711 3040 violati
1737 2997 1861 3039 sce-

202 3077 293 3134 lus
327 3077 793 3144 ulciscerentur,
824 3072 1181 3132 insistebant
1222 3071 1512 3147 adigendo
1556 3072 1768 3146 populo
1800 3072 1857 3128 in

204 3181 346 3224 nova
370 3168 433 3223 et
463 3163 617 3222 diris
645 3162 1167 3237 imprecationibus
1196 3162 1501 3220 tremenda
1523 3162 1860 3234 juramenta

201 3253 526 3329 prestandi
546 3252 705 3327 quod
725 3252 1098 3327 promiserat.
1114 3251 1194 3309 Ex
1212 3267 1327 3324 quo
1344 3251 1593 3308 alterum
1613 3252 1864 3307 duorum

205 3343 548 3403 necessario
602 3348 946 3400 secuturum
998 3346 1143 3413 erat,
1184 3356 1395 3415 nempe
1446 3346 1511 3399 ut
1558 3344 1661 3398 aut
1711 3338 1865 3396 civili

206 3432 357 3493 bello
420 3438 652 3491 temere
698 3436 973 3507 suscepto
1022 3449 1150 3489 sese
1195 3431 1579 3489 trucidandos
1627 3429 1865 3487 armatis

210 3525 667 3597 objicerent,aut
716 3520 1054 3595 inexpiabili
1086 3539 1148 3579 se
1179 3521 1399 3596 ﬂagitio
1431 3520 1669 3595 perjurii
1708 3520 1863 3594 apud

211 3618 388 3672 Deum
424 3612 780 3688 obligarent.
808 3613 914 3670 Sed
964 3626 1163 3669 verum
1216 3619 1303 3668 est
1343 3610 1583 3685 vulgare
1614 3611 1863 3680 dictum,

210 3705 361 3776 quod
397 3704 558 3762 105
597 3705 841 3761 omnino
874 3702 1136 3759 futurum
1178 3704 1268 3759 est
1311 3700 1474 3757 nulla
1522 3716 1693 3774 posse
1722 3716 1865 3774 pru-

207 3794 401 3850 dentia
455 3790 753 3866 praeverti.
795 3789 1078 3848 Caeterum
1139 3788 1498 3863 Palaaologus
1555 3794 1688 3862 post
1732 3788 1864 3847 illas

208 3882 525 3940 conciones
548 3880 737 3938 contis
760 3883 816 3938 et
843 3879 962 3954 pila
983 3878 1286 3938 eolludens
1309 3895 1442 3936 cum
1474 3878 1862 3953 principibus,

200 3969 432 4028 ludicra
490 3969 791 4044 equestria
849 3984 1065 4043 magna
1125 3966 1517 4043 spectantium
1567 3968 1863 4042 voluptate

201 4058 580 4119 decurrebat.
614 4064 794 4117 Porro
828 4057 958 4115 istis
1007 4056 1389 4115 concionibus
1437 4060 1665 4113 tantum
1697 4058 1859 4114 bona:

200 4150 320 4222 spei
365 4148 714 4223 laetitiaeque
760 4147 1149 4223 popularibus
1199 4145 1414 4204 animis
1464 4146 1762 4217 iniecerat,
1798 4150 1861 4203 ut

200 4238 365 4312 quasi
422 4236 570 4296 certi
619 4238 918 4295 duraturae
970 4237 1265 4295 felicitatis
1306 4236 1485 4293 vitam
1536 4236 1649 4293 sibi
1699 4236 1859 4293 omni

198 4329 597 4403 prosperitate
615 4327 973 4386 cumulatam
999 4328 1058 4385 in
1085 4332 1383 4400 posterum
1404 4334 1859 4399 augurarentur,

1969 1874 2300 1949 κεχωρήκει,
2353 1872 2440 1929 καὶ
2501 1872 2618 1937 δέος
2678 1876 2743 1944 ἦν
2774 1879 2853 1947 τῷ
2908 1873 3137 1931 σουλτᾶν
3175 1877 3375 1951 μήπως
3416 1876 3620 1941 ἐκεῖνος

1970 1960 2209 2036 έπανήξῃ
2268 1965 2384 2034 μεθ’
2435 1962 2648 2035 ἱκανῆς,
2695 1964 2783 2018 καὶ
2834 1961 2963 2034 ὅσην
3016 1962 3113 2019 οὐκ
3167 1967 3232 2034 ἦν
3295 1966 3616 2036 ὑποστῆναι,

1971 2048 2272 2123 δυνάμεως.
2308 2050 2537 2127 Ἐγγῦας
2592 2049 2637 2105 δ’
2692 2048 2869 2107 ἐδίδου
2924 2055 3021 2109 τοῦ
3078 2053 3154 2128 μὴ
3204 2049 3615 2130 φοϐεῖσθαιτήν

1970 2136 2138 2195 πάλαι
2169 2141 2457 2211 συνήθειαν
2490 2136 2915 2217 Ἐπρεσϐεύοντο
2968 2138 3023 2197 δὲ
3079 2142 3216 2219 πρὸς
3267 2142 3470 2199 ἐκεῖνον
3527 2146 3617 2200 καὶ

1972 2227 2023 2283 οἱ
2078 2227 2212 2283 κατᾶ
2278 2228 2378 2297 τήν
2437 2227 2813 2305 μεγαλόπολιν
2888 2230 3116 2301 Ἰταλοὶ,
3175 2232 3283 2287 καὶ,
3325 2231 3618 2309 ἂνακωχήν

1970 2314 2149 2373 ἐδίδου
2178 2320 2245 2391 τῇ
2286 2318 2423 2394 πρὸς
2452 2316 2693 2383 ἐκείνους
2746 2317 2920 2395 μάχῃ,
2973 2322 3047 2385 ὡς
3102 2319 3193 2377 καὶ
3255 2322 3369 2395 μετ’
3431 2320 3616 2397 ὀλίγον

1969 2408 2351 2484 κραταιότερον
2406 2406 2759 2482 σπεισόμενος
2820 2408 2997 2487 σφίσιν
3032 2452 3047 2479 ,
3124 2410 3169 2466 εί
3225 2411 3616 2488 προτενοῦντός

1967 2515 2087 2551 τινα
2112 2495 2461 2572 ἱλπληροῖεν.
2497 2496 2648 2567 Πλὴν
2700 2495 2791 2553 καί
2835 2495 2962 2561 τοὺς
3014 2491 3266 2576 πρέσϐεις
3313 2500 3621 2573 Ῥωμαίους

1970 2587 2058 2641 καὶ
2119 2584 2178 2643 ἐκ
2232 2584 2519 2661 Ῥωμαίων
2580 2582 2733 2650 ὄντας
2784 2586 2858 2651 ὡς
2894 2586 3009 2663 εἶχε
3045 2588 3473 2664 μετεχειρίζετο,
3528 2588 3620 2645 καὶ

1973 2804 2107 2860 licet
2136 2803 2287 2877 pilos
2319 2804 2605 2861 malarum
2640 2820 2755 2877 prae
2787 2804 3001 2877 gaudio
3024 2809 3267 2878 speratae
3296 2806 3624 2867 durationis

1971 2893 2151 2965 hujus
2183 2894 2448 2968 prosperi
2498 2910 2693 2950 rerum
2727 2898 2935 2963 status,
2969 2898 3171 2966 postea
3220 2894 3350 2951 illos
3396 2895 3618 2952 vulsuri

1971 2984 2078 3056 piae
2100 2982 2470 3057 impatientia
2493 2982 2849 3053 suavissimas,
2871 2999 2996 3056 quas
3017 2981 3180 3039 vobis
3202 2983 3400 3039 fauces
3422 2984 3621 3056 oppri-

1974 3078 2113 3147 met,
2146 3074 2340 3141 famis,
2370 3097 2390 3125 ι
2428 3074 2511 3130 illi
2542 3072 2854 3129 ludibundi
2909 3088 3014 3129 nec
3064 3072 3363 3129 attendere
3394 3072 3616 3145 dignati

1975 3167 2255 3236 tanquam
2288 3162 2469 3219 anilia
2499 3162 2823 3235 garrientes
2855 3162 3343 3235 aspernabantur.
3363 3164 3499 3227 Quae
3525 3167 3618 3219 ta-

1974 3268 2106 3309 men
2139 3268 2210 3310 an
2239 3268 2306 3309 ex
2328 3267 2476 3309 vano
2500 3251 2885 3324 jactarentur,
2912 3259 3151 3308 eventus
3182 3250 3527 3319 declaravit;
3561 3256 3619 3311 et

1974 3360 2079 3402 nos
2127 3344 2185 3402 in
2234 3344 2359 3401 loco
2407 3343 2693 3415 dicemus,
2726 3341 2875 3399 nihil
2921 3342 3318 3417 adjungentes
3364 3341 3617 3400 veritati.

1970 3436 2136 3491 Tunc
2179 3434 2361 3508 igitur
2388 3433 2751 3506 Palaeologus
2782 3431 3004 3505 aliquot
3052 3431 3261 3489 diebus
3311 3450 3412 3506 per
3458 3432 3618 3489 hunc

1971 3524 2212 3582 modum
2245 3523 2448 3583 Nicaea
2489 3521 2826 3591 transactis,
2859 3520 2957 3578 ubi
2991 3524 3390 3595 opportunum
3421 3521 3615 3579 visum

1970 3616 2057 3670 est
2089 3614 2276 3670 redire
2323 3612 2731 3687 Nymphazum,
2766 3610 3019 3669 salutato
3072 3610 3408 3684 patriarcha
3438 3615 3495 3668 et
3524 3630 3617 3669 as-

1971 3706 2207 3775 sumpto
2240 3718 2442 3776 puero,
2465 3719 2531 3759 ac
2562 3700 2857 3759 renovatis
2890 3698 3195 3774 promissis
3225 3702 3355 3772 eius
3377 3708 3615 3775 paterne

1971 3793 2235 3863 curandi,
2270 3792 2565 3865 profectus
2597 3793 2687 3848 est
2717 3788 2904 3862 prima
2936 3788 3241 3846 nobilitate
3270 3793 3327 3848 et
3358 3790 3612 3847 exercitu

1969 3881 2410 3938 comitantibus.

2006 3988 2087 4042 10.
2127 3989 2187 4044 Ut
2215 3989 2569 4057 Palwologus
2598 4003 2849 4043 reversus
2873 4002 2997 4041 cum
3028 4001 3193 4058 puero
3214 3985 3574 4057 Nymphaeum

2331 4059 2692 4131 undecunque
2722 4060 2923 4129 legatos
2952 4058 3243 4129 exceperit.

2034 4147 2216 4204 Simul
2241 4165 2371 4205 vero
2408 4148 2556 4205 106
2584 4146 2968 4221 Nymphznum
2994 4144 3278 4218 pervenit,
3298 4144 3608 4204 Persarum

1965 4236 2186 4308 legatos
2214 4237 2451 4295 'audivit
2481 4245 2533 4294 et
2566 4236 2788 4309 accepit
2818 4237 2998 4304 dona;
3034 4234 3387 4307 sultanoque
3436 4235 3611 4293 rebus

1965 4330 2119 4383 retro
2141 4326 2324 4401 lapsis
2352 4326 2698 4400 periclitanti
2726 4324 2996 4399 promisit
3018 4342 3079 4380 se
3101 4321 3291 4391 illum,
3315 4321 3365 4379 si
3388 4325 3460 4382 ad
3484 4342 3613 4382 sese

199 4420 253 4474 et
282 4419 515 4492 passim
549 4415 826 4474 familiari
873 4416 1265 4491 gratulatione
1296 4416 1560 4489 qumdam
1594 4432 1660 4472 ex
1706 4414 1859 4472 anti-
1962 4414 2407 4487 veniret,obviis
2431 4414 2587 4471 ulnis
2614 4417 3091 4486 excepturum,et
3122 4412 3219 4469 ubi
3247 4414 3614 4471 detonuisset

197 4520 314 4577 qua
345 4505 640 4563 memoria
690 4506 891 4563 facetae
942 4504 1316 4574 urbanitatis,
1350 4503 1641 4561 libertatis
1689 4520 1857 4560 omen
1890 4508 1939 4572 Ι)
1971 4506 2098 4578 ejus
2118 4505 2437 4562 domestica
2460 4507 2800 4578 tempestas,
2818 4519 3091 4560 securum
3115 4502 3186 4559 ad
3208 4519 3315 4558 sua
3336 4503 3615 4559 remissu-

200 4593 503 4663 babentia,
538 4594 695 4652 dicta
738 4599 1121 4653 retractarent
1151 4594 1705 4667 irequentarentque
1735 4609 1855 4650 ser-

202 4682 506 4740 monibus.
536 4682 715 4740 Erant
745 4689 941 4741 autem
975 4699 1061 4754 ea,
1094 4682 1262 4739 licere
1294 4697 1451 4739 nunc
1483 4683 1633 4756 pilos
1663 4682 1853 4739 barbas

199 4771 479 4844 mulcere,
509 4778 739 4846 pectere
772 4774 1091 4847 digitisque
1122 4774 1448 4845 torquendo
1480 4772 1741 4845 crispare
1773 4773 1855 4828 fas

197 4859 506 4935 otiumque
533 4878 681 4933 esse,
704 4863 910 4937 utique
932 4865 1168 4937 profuse
1189 4862 1600 4935 gaudentibus.
1629 4862 1743 4919 Nec
1765 4876 1853 4918 se-

198 4966 302 5008 cus
329 4948 512 5026 vulgo
543 4951 891 5009 factitabant
930 4953 1214 5026 gestiente
1246 4952 1499 5025 quadam
1533 4952 1853 5023 alacritate,

196 5038 439 5098 innatas
471 5041 638 5115 genis
671 5040 821 5115 pilos
843 5040 1113 5098 nonnulli
1144 5040 1413 5098 bifariam
1440 5040 1854 5097 discriminan-

198 5132 308 5184 tee.
338 5130 408 5184 Et
442 5130 686 5186 memini
734 5146 826 5185 me
857 5130 1051 5186 videre
1081 5131 1164 5185 sic
1197 5134 1435 5202 agentes
1466 5127 1856 5185 exsultatione

198 5218 449 5289 ingenti,
484 5224 542 5275 et
572 5219 858 5275 addentes
890 5218 973 5274 sic
1010 5219 1220 5289 jubere
1252 5217 1690 5291 imperatorem,
1715 5218 1854 5274 dum

193 5311 315 5361 tam
351 5308 524 5363 beata
552 5310 728 5364 rebus
753 5309 872 5363 otia
904 5313 1028 5363 tum
1063 5314 1386 5380 praestaret,
1410 5313 1535 5362 tum
1571 5308 1627 5362 in
1664 5312 1856 5379 poste-

197 5410 328 5450 rum
350 5394 751 5467 polliceretur,
766 5396 987 5452 frustra
1001 5396 1609 5469 obstrepenteinsanis
1624 5396 1856 5468 gaudiis

202 5500 445 5540 morosa
489 5485 729 5542 tristitia
760 5487 961 5543 vatum
998 5485 1424 5553 ominosorum,
1451 5484 1646 5542 nescio
1700 5486 1856 5542 unde

202 5573 421 5629 hausta
450 5573 746 5630 divinandi
778 5574 991 5631 fiducia
1023 5573 1176 5631 mala
1198 5572 1691 5644 denuntiantium,
1718 5590 1857 5647 quo-

199 5677 335 5717 rum
375 5663 481 5719 has
521 5664 676 5721 inter
718 5663 1293 5738 inauspicatissimas
1324 5679 1491 5720 voces
1526 5680 1593 5719 ;‹‹
1618 5663 1853 5721 Vibrate

1969 4611 2121 4652 rum.
2150 4595 2340 4651 Causa
2369 4592 2613 4650 timendi
2647 4593 2880 4650 sultano
2926 4592 3116 4649 fuerat
3146 4592 3301 4665 quod
3335 4590 3614 4648 audiebat

1965 4685 2247 4741 Molecum
2283 4684 2617 4751 adventare,
2641 4682 3065 4754 verebaturque
3091 4696 3161 4737 ne
3193 4684 3385 4737 tantas
3410 4696 3611 4738 secum

1964 4791 2029 4830 ac
2074 4772 2218 4829 tales
2267 4772 2463 4845 copias
2514 4774 2770 4837 duceret,
2805 4770 3021 4843 quibus
3068 4769 3196 4843 ipse
3247 4768 3613 4827 sustinendis

1965 4863 2119 4919 haud
2155 4878 2259 4935 par
2289 4866 2460 4918 esset.
2484 4862 2695 4932 Pignus
2730 4877 2896 4933 porro
2921 4859 3146 4917 ﬁduciae
3170 4876 3308 4931 erga
3332 4857 3614 4917 Palaeolo-

1966 4969 2103 5026 gum
2137 4952 2371 5009 sultano
2404 4954 2527 5007 erat
2556 4951 2817 5006 amicitia
2847 4950 2999 5006 inter
3019 4966 3118 5006 eos
3152 4950 3373 5004 mutuis
3402 4950 3613 5006 officiis

1965 5044 2263 5099 contracta
2292 5038 2588 5112 cultaque,
2616 5056 2730 5111 quo
2779 5043 3043 5111 tempore
3073 5038 3130 5093 in
3162 5037 3399 5093 Perside
3430 5039 3610 5097 simul

1966 5129 2407 5186 fuerant.Venit
2436 5128 2637 5185 eodem
2662 5128 2731 5184 ad
2761 5128 3032 5184 eumdem
3064 5125 3277 5199 legatio
3311 5143 3517 5198 magna
3553 5129 3609 5184 in

1968 5220 2111 5275 urbe
2129 5218 2467 5291 degentium
2488 5218 3014 5289 Italorum,quibus
3036 5215 3305 5272 inducias
3325 5216 3611 5273 concessit

1966 5306 2101 5364 belli
2136 5308 2286 5379 quod
2337 5306 2393 5362 in
2450 5324 2549 5364 eos
2592 5306 2923 5380 gerebatur,
2948 5302 3235 5378 pollicens
3276 5303 3503 5358 firmius
3546 5321 3609 5360 so

1967 5415 2099 5453 mox
2131 5401 2186 5453 et
2218 5395 2448 5469 plenius
2480 5412 2607 5451 cum
2644 5396 2787 5469 ipsis
2819 5395 3003 5450 fcedus
3034 5392 3342 5460 initurum,
3364 5391 3411 5446 si
3447 5408 3603 5462 quaa-

1965 5486 2096 5541 dam
2133 5485 2186 5540 in
2230 5488 2619 5548 antecessum,
2645 5500 2771 5556 quas
2824 5481 3260 5555 propositurum
3294 5494 3355 5534 se
3387 5476 3597 5546 aiebat,

1964 5578 2439 5646 exsequerentur.
2480 5575 2759 5628 Caeterum
2794 5572 2954 5644 ipsos
2986 5569 3225 5642 legatos,
3260 5568 3457 5637 utpote
3491 5565 3602 5621 Ro-

1968 5680 2171 5720 manos
2192 5667 2247 5719 ct
2270 5679 2334 5719 ex
2360 5661 2637 5719 Romanis
2667 5665 2845 5726 ortos,
2871 5675 3047 5731 quam
3092 5656 3276 5729 potuit
3310 5654 3601 5713 liberalis—
