  <div class='ocr_page' id='page_1' title='image "/cluster/home/n/w/nwhite01/storage/ocr_20150623/143/hvd.32044073502585/277.png"; bbox 0 0 4034 6200; ppageno 0'>
   <div class='ocr_carea' id='block_1_1' title="bbox 289 255 396 310">
    <p class='ocr_par' dir='ltr' id='par_1_1' title="bbox 289 255 396 310">
     <span class='ocr_line' id='line_1_1' title="bbox 289 255 396 310; baseline 0.009 -1"><span class='ocrx_word' id='word_1_1' title='bbox 289 255 396 310; x_wconf 73' lang='grc'>543</span> 
     </span>
    </p>
   </div>
   <div class='ocr_carea' id='block_1_2' title="bbox 298 375 2027 454">
    <p class='ocr_par' dir='ltr' id='par_1_2' title="bbox 298 375 2027 454">
     <span class='ocr_line' id='line_1_2' title="bbox 298 375 2027 454; baseline -0.001 -20"><span class='ocrx_word' id='word_1_2' title='bbox 298 376 467 453; x_wconf 76' lang='grc' dir='ltr'>μηδὲν</span> <span class='ocrx_word' id='word_1_3' title='bbox 497 375 638 454; x_wconf 78' lang='grc' dir='ltr'>ἔχων</span> <span class='ocrx_word' id='word_1_4' title='bbox 673 378 724 433; x_wconf 76' lang='grc' dir='ltr'>ἐν</span> <span class='ocrx_word' id='word_1_5' title='bbox 782 383 849 452; x_wconf 80' lang='grc' dir='ltr'>τῇ</span> <span class='ocrx_word' id='word_1_6' title='bbox 906 379 1064 432; x_wconf 76' lang='grc' dir='ltr'>πόλει</span> <span class='ocrx_word' id='word_1_7' title='bbox 1123 379 1456 448; x_wconf 64' lang='grc' dir='ltr'>ζητούντωνκ</span> <span class='ocrx_word' id='word_1_8' title='bbox 1491 378 1669 436; x_wconf 82' lang='grc' dir='ltr'>ἐδίδου</span> <span class='ocrx_word' id='word_1_9' title='bbox 1727 380 1777 435; x_wconf 69' lang='grc' dir='ltr'>εἴ</span> <span class='ocrx_word' id='word_1_10' title='bbox 1815 377 1944 452; x_wconf 65' lang='grc' dir='ltr'>ἕξει,</span> <span class='ocrx_word' id='word_1_11' title='bbox 1973 381 2027 449; x_wconf 73' lang='grc' dir='ltr'><strong>Α</strong></span> 
     </span>
    </p>
   </div>
   <div class='ocr_carea' id='block_1_3' title="bbox 293 463 1948 548">
    <p class='ocr_par' dir='ltr' id='par_1_3' title="bbox 293 463 1948 548">
     <span class='ocr_line' id='line_1_3' title="bbox 293 463 1948 548; baseline -0.001 -25"><span class='ocrx_word' id='word_1_12' title='bbox 293 469 381 523; x_wconf 84' lang='grc' dir='ltr'>καὶ</span> <span class='ocrx_word' id='word_1_13' title='bbox 441 463 940 543; x_wconf 87' lang='grc' dir='ltr'>χρυσοϐουλλείοις</span> <span class='ocrx_word' id='word_1_14' title='bbox 971 467 1161 544; x_wconf 88' lang='grc' dir='ltr'>λόγοις</span> <span class='ocrx_word' id='word_1_15' title='bbox 1197 467 1484 548; x_wconf 67' lang='grc' dir='ltr'>κατησφαλ</span> <span class='ocrx_word' id='word_1_16' title='bbox 1510 469 1649 540; x_wconf 83' lang='grc' dir='ltr'>ίζετο</span> <span class='ocrx_word' id='word_1_17' title='bbox 1695 471 1762 524; x_wconf 75' lang='grc' dir='ltr'>τὰ</span> <span class='ocrx_word' id='word_1_18' title='bbox 1801 465 1948 523; x_wconf 80' lang='grc' dir='ltr'>διδό-</span> 
     </span>
    </p>
   </div>
   <div class='ocr_carea' id='block_1_4' title="bbox 298 551 1945 635">
    <p class='ocr_par' dir='ltr' id='par_1_4' title="bbox 298 551 1945 635">
     <span class='ocr_line' id='line_1_4' title="bbox 298 551 1945 635; baseline 0.001 -24"><span class='ocrx_word' id='word_1_19' title='bbox 298 578 452 630; x_wconf 89' lang='grc' dir='ltr'>μενα.</span> <span class='ocrx_word' id='word_1_20' title='bbox 511 557 808 611; x_wconf 80' lang='grc' dir='ltr'>Κάντεῢοεν</span> <span class='ocrx_word' id='word_1_21' title='bbox 857 551 1220 635; x_wconf 70' lang='grc' dir='ltr'>προσεφέρετο</span> <span class='ocrx_word' id='word_1_22' title='bbox 1270 560 1344 621; x_wconf 85' lang='grc' dir='ltr'>ὡς</span> <span class='ocrx_word' id='word_1_23' title='bbox 1405 556 1588 632; x_wconf 76' lang='grc' dir='ltr'>ἰδίοις,</span> <span class='ocrx_word' id='word_1_24' title='bbox 1637 559 1727 613; x_wconf 80' lang='grc' dir='ltr'>καὶ</span> <span class='ocrx_word' id='word_1_25' title='bbox 1758 564 1945 632; x_wconf 85' lang='grc' dir='ltr'>πεῖραν</span> 
     </span>
    </p>
   </div>
   <div class='ocr_carea' id='block_1_5' title="bbox 297 640 1948 723">
    <p class='ocr_par' dir='ltr' id='par_1_5' title="bbox 297 640 1948 723">
     <span class='ocr_line' id='line_1_5' title="bbox 297 640 1948 723; baseline 0 -23"><span class='ocrx_word' id='word_1_26' title='bbox 297 643 478 707; x_wconf 81' lang='grc' dir='ltr'>διδοὺς</span> <span class='ocrx_word' id='word_1_27' title='bbox 509 645 598 699; x_wconf 81' lang='grc' dir='ltr'>καὶ</span> <span class='ocrx_word' id='word_1_28' title='bbox 631 640 927 718; x_wconf 88' lang='grc' dir='ltr'>λαμϐάνων</span> <span class='ocrx_word' id='word_1_29' title='bbox 959 645 1164 723; x_wconf 72' lang='grc' dir='ltr'>ἆνήρτα</span> <span class='ocrx_word' id='word_1_30' title='bbox 1191 647 1257 703; x_wconf 74' lang='grc' dir='ltr'>τὰ</span> <span class='ocrx_word' id='word_1_31' title='bbox 1298 653 1405 703; x_wconf 81' lang='grc' dir='ltr'>τῶν</span> <span class='ocrx_word' id='word_1_32' title='bbox 1462 647 1732 718; x_wconf 82' lang='grc' dir='ltr'>σπονδῶν,</span> <span class='ocrx_word' id='word_1_33' title='bbox 1777 667 1948 721; x_wconf 60' lang='grc' dir='ltr'>προσ-</span> 
     </span>
    </p>
   </div>
   <div class='ocr_carea' id='block_1_6' title="bbox 297 730 1951 812">
    <p class='ocr_par' dir='ltr' id='par_1_6' title="bbox 297 730 1951 812">
     <span class='ocr_line' id='line_1_6' title="bbox 297 730 1951 812; baseline 0.002 -26"><span class='ocrx_word' id='word_1_34' title='bbox 297 730 474 786; x_wconf 81' lang='grc' dir='ltr'>δοκῶν</span> <span class='ocrx_word' id='word_1_35' title='bbox 503 754 554 787; x_wconf 92' lang='grc' dir='ltr'>τι</span> <span class='ocrx_word' id='word_1_36' title='bbox 588 739 772 807; x_wconf 83' lang='grc' dir='ltr'>μεῖζον</span> <span class='ocrx_word' id='word_1_37' title='bbox 808 733 858 805; x_wconf 81' lang='grc' dir='ltr'>ἐξ</span> <span class='ocrx_word' id='word_1_38' title='bbox 890 734 965 789; x_wconf 86' lang='grc' dir='ltr'>ὦν</span> <span class='ocrx_word' id='word_1_39' title='bbox 1015 733 1276 809; x_wconf 75' lang='grc' dir='ltr'>ἐμάνθανε</span> <span class='ocrx_word' id='word_1_40' title='bbox 1322 742 1440 799; x_wconf 85' lang='grc' dir='ltr'>τοῖς</span> <span class='ocrx_word' id='word_1_41' title='bbox 1487 731 1772 812; x_wconf 73' lang='grc' dir='ltr'>πρέσϐεσιν</span> <span class='ocrx_word' id='word_1_42' title='bbox 1823 737 1951 808; x_wconf 84' lang='grc' dir='ltr'>ὁμι-</span> 
     </span>
    </p>
   </div>
   <div class='ocr_carea' id='block_1_7' title="bbox 297 818 1948 899">
    <p class='ocr_par' dir='ltr' id='par_1_7' title="bbox 297 818 1948 899">
     <span class='ocr_line' id='line_1_7' title="bbox 297 818 1948 899; baseline 0.003 -26"><span class='ocrx_word' id='word_1_43' title='bbox 297 818 432 877; x_wconf 78' lang='grc' dir='ltr'>λῶν.</span> <span class='ocrx_word' id='word_1_44' title='bbox 466 823 601 884; x_wconf 86' lang='grc' dir='ltr'>Τοῖς</span> <span class='ocrx_word' id='word_1_45' title='bbox 635 819 692 877; x_wconf 74' lang='grc' dir='ltr'>δὲ</span> <span class='ocrx_word' id='word_1_46' title='bbox 732 820 977 886; x_wconf 87' lang='grc' dir='ltr'>δυτικοῖς</span> <span class='ocrx_word' id='word_1_47' title='bbox 1026 828 1434 899; x_wconf 75' lang='grc' dir='ltr'>προσετετήκει.</span> <span class='ocrx_word' id='word_1_48' title='bbox 1493 827 1652 889; x_wconf 83' lang='grc' dir='ltr'>’Όθεν</span> <span class='ocrx_word' id='word_1_49' title='bbox 1711 827 1798 880; x_wconf 85' lang='grc' dir='ltr'>καὶ</span> <span class='ocrx_word' id='word_1_50' title='bbox 1857 825 1948 879; x_wconf 89' lang='grc' dir='ltr'>τὸν</span> 
     </span>
    </p>
   </div>
   <div class='ocr_carea' id='block_1_8' title="bbox 295 907 1952 990">
    <p class='ocr_par' dir='ltr' id='par_1_8' title="bbox 295 907 1952 990">
     <span class='ocr_line' id='line_1_8' title="bbox 295 907 1952 990; baseline 0.002 -27"><span class='ocrx_word' id='word_1_51' title='bbox 295 909 498 965; x_wconf 83' lang='grc' dir='ltr'>οἰκεῖον</span> <span class='ocrx_word' id='word_1_52' title='bbox 531 907 766 989; x_wconf 70' lang='grc' dir='ltr'>ἀδελφὸν</span> <span class='ocrx_word' id='word_1_53' title='bbox 799 911 1072 984; x_wconf 79' lang='grc' dir='ltr'>Ἰωάννην,</span> <span class='ocrx_word' id='word_1_54' title='bbox 1106 915 1270 990; x_wconf 81' lang='grc' dir='ltr'>μέγαν</span> <span class='ocrx_word' id='word_1_55' title='bbox 1314 913 1390 970; x_wconf 82' lang='grc' dir='ltr'>ἔτι</span> <span class='ocrx_word' id='word_1_56' title='bbox 1441 912 1757 988; x_wconf 81' lang='grc' dir='ltr'>δομέστικον</span> <span class='ocrx_word' id='word_1_57' title='bbox 1805 910 1952 983; x_wconf 76' lang='grc' dir='ltr'>ὄντα,</span> 
     </span>
    </p>
   </div>
   <div class='ocr_carea' id='block_1_9' title="bbox 296 998 1363 1077">
    <p class='ocr_par' dir='ltr' id='par_1_9' title="bbox 296 998 1363 1077">
     <span class='ocr_line' id='line_1_9' title="bbox 296 998 1363 1077; baseline 0.007 -25"><span class='ocrx_word' id='word_1_58' title='bbox 296 999 509 1072; x_wconf 82' lang='grc' dir='ltr'>σύναμα</span> <span class='ocrx_word' id='word_1_59' title='bbox 538 999 820 1063; x_wconf 73' lang='grc' dir='ltr'>πλείσταις</span> <span class='ocrx_word' id='word_1_60' title='bbox 853 998 1108 1076; x_wconf 86' lang='grc' dir='ltr'>δυνάμεσι</span> <span class='ocrx_word' id='word_1_61' title='bbox 1139 1005 1363 1077; x_wconf 82' lang='grc' dir='ltr'>πέμπει.</span> 
     </span>
    </p>
   </div>
   <div class='ocr_carea' id='block_1_10' title="bbox 303 1107 1956 1189">
    <p class='ocr_par' dir='ltr' id='par_1_10' title="bbox 303 1107 1956 1189">
     <span class='ocr_line' id='line_1_10' title="bbox 303 1107 1956 1189; baseline 0.002 -30"><span class='ocrx_word' id='word_1_62' title='bbox 303 1108 388 1164; x_wconf 85' lang='grc' dir='ltr'>ια’,</span> <span class='ocrx_word' id='word_1_63' title='bbox 429 1108 620 1172; x_wconf 79' lang='grc' dir='ltr'>’Όπως</span> <span class='ocrx_word' id='word_1_64' title='bbox 658 1110 686 1162; x_wconf 99' lang='lat'>6</span> <span class='ocrx_word' id='word_1_65' title='bbox 734 1110 1177 1189; x_wconf 41' lang='grc' dir='ltr'>τοῦ-βασιλέως-</span> <span class='ocrx_word' id='word_1_66' title='bbox 1203 1107 1535 1189; x_wconf 37' lang='grc' dir='ltr'>αύτῼάδελιρος</span> <span class='ocrx_word' id='word_1_67' title='bbox 1584 1111 1838 1180; x_wconf 84' lang='grc' dir='ltr'>Ἰωάννης</span> <span class='ocrx_word' id='word_1_68' title='bbox 1890 1108 1956 1164; x_wconf 71' lang='grc' dir='ltr'>τὰ</span> 
     </span>
    </p>
   </div>
   <div class='ocr_carea' id='block_1_11' title="bbox 823 1177 1429 1256">
    <p class='ocr_par' dir='ltr' id='par_1_11' title="bbox 823 1177 1429 1256">
     <span class='ocr_line' id='line_1_11' title="bbox 823 1177 1429 1256; baseline 0.005 -22"><span class='ocrx_word' id='word_1_69' title='bbox 823 1177 956 1251; x_wconf 79' lang='grc' dir='ltr'>ἀξίώ</span> <span class='ocrx_word' id='word_1_70' title='bbox 964 1203 1107 1255; x_wconf 86' lang='grc' dir='ltr'>ματα</span> <span class='ocrx_word' id='word_1_71' title='bbox 1134 1177 1429 1256; x_wconf 85' lang='grc' dir='ltr'>ἐλάμϐανε.</span> 
     </span>
    </p>
   </div>
   <div class='ocr_carea' id='block_1_12' title="bbox 372 1266 1953 1346">
    <p class='ocr_par' dir='ltr' id='par_1_12' title="bbox 372 1266 1953 1346">
     <span class='ocr_line' id='line_1_12' title="bbox 372 1266 1953 1346; baseline -0.001 -22"><span class='ocrx_word' id='word_1_72' title='bbox 372 1269 469 1329; x_wconf 83' lang='grc' dir='ltr'>Ὅς</span> <span class='ocrx_word' id='word_1_73' title='bbox 542 1275 656 1330; x_wconf 83' lang='grc' dir='ltr'>τοῖς</span> <span class='ocrx_word' id='word_1_74' title='bbox 716 1266 953 1331; x_wconf 80' lang='grc' dir='ltr'>δυτικοῖς</span> <span class='ocrx_word' id='word_1_75' title='bbox 1009 1268 1230 1334; x_wconf 78' lang='grc' dir='ltr'>ἐπιστὰς</span> <span class='ocrx_word' id='word_1_76' title='bbox 1287 1267 1516 1346; x_wconf 68' lang='grc' dir='ltr'>φοϐερὸν</span> <span class='ocrx_word' id='word_1_77' title='bbox 1574 1268 1722 1342; x_wconf 74' lang='grc' dir='ltr'>ἓδοξε</span> <span class='ocrx_word' id='word_1_78' title='bbox 1777 1268 1953 1324; x_wconf 74' lang='grc' dir='ltr'>πνέειν</span> 
     </span>
    </p>
   </div>
   <div class='ocr_carea' id='block_1_13' title="bbox 300 1355 1953 1434">
    <p class='ocr_par' dir='ltr' id='par_1_13' title="bbox 300 1355 1953 1434">
     <span class='ocr_line' id='line_1_13' title="bbox 300 1355 1953 1434; baseline 0.002 -25"><span class='ocrx_word' id='word_1_79' title='bbox 300 1355 555 1428; x_wconf 82' lang='grc' dir='ltr'>ἐκείνοις,</span> <span class='ocrx_word' id='word_1_80' title='bbox 617 1357 728 1430; x_wconf 75' lang='grc' dir='ltr'>ἅμα</span> <span class='ocrx_word' id='word_1_81' title='bbox 763 1358 856 1430; x_wconf 75' lang='grc' dir='ltr'>μὲν</span> <span class='ocrx_word' id='word_1_82' title='bbox 888 1363 966 1431; x_wconf 82' lang='grc' dir='ltr'>τῷ</span> <span class='ocrx_word' id='word_1_83' title='bbox 1012 1360 1198 1434; x_wconf 78' lang='grc' dir='ltr'>θερμῷ</span> <span class='ocrx_word' id='word_1_84' title='bbox 1244 1367 1346 1430; x_wconf 78' lang='grc' dir='ltr'>τῆς</span> <span class='ocrx_word' id='word_1_85' title='bbox 1396 1360 1675 1430; x_wconf 84' lang='grc' dir='ltr'>νεότητος,</span> <span class='ocrx_word' id='word_1_86' title='bbox 1729 1359 1842 1431; x_wconf 78' lang='grc' dir='ltr'>ἅμα</span> <span class='ocrx_word' id='word_1_87' title='bbox 1901 1355 1953 1412; x_wconf 73' lang='grc' dir='ltr'>δὲ</span> 
     </span>
    </p>
   </div>
   <div class='ocr_carea' id='block_1_14' title="bbox 298 1443 1950 1523">
    <p class='ocr_par' dir='ltr' id='par_1_14' title="bbox 298 1443 1950 1523">
     <span class='ocr_line' id='line_1_14' title="bbox 298 1443 1950 1523; baseline 0.002 -24"><span class='ocrx_word' id='word_1_88' title='bbox 298 1445 386 1499; x_wconf 82' lang='grc' dir='ltr'>καὶ</span> <span class='ocrx_word' id='word_1_89' title='bbox 445 1449 524 1517; x_wconf 81' lang='grc' dir='ltr'>τῷ</span> <span class='ocrx_word' id='word_1_90' title='bbox 555 1445 678 1519; x_wconf 87' lang='grc' dir='ltr'>περί</span> <span class='ocrx_word' id='word_1_91' title='bbox 729 1444 932 1501; x_wconf 86' lang='grc' dir='ltr'>ἐκεῖνον</span> <span class='ocrx_word' id='word_1_92' title='bbox 983 1447 1344 1522; x_wconf 73' lang='grc' dir='ltr'>στρατεύματι</span> <span class='ocrx_word' id='word_1_93' title='bbox 1388 1447 1808 1523; x_wconf 76' lang='grc' dir='ltr'>κουφιζόμενος,</span> <span class='ocrx_word' id='word_1_94' title='bbox 1864 1443 1950 1502; x_wconf 76' lang='grc' dir='ltr'>καὶ</span> 
     </span>
    </p>
   </div>
   <div class='ocr_carea' id='block_1_15' title="bbox 301 1533 1956 1613">
    <p class='ocr_par' dir='ltr' id='par_1_15' title="bbox 301 1533 1956 1613">
     <span class='ocr_line' id='line_1_15' title="bbox 301 1533 1956 1613; baseline 0.004 -26"><span class='ocrx_word' id='word_1_95' title='bbox 301 1533 517 1606; x_wconf 75' lang='grc' dir='ltr'>ἀπτὲρῳ</span> <span class='ocrx_word' id='word_1_96' title='bbox 561 1533 721 1609; x_wconf 82' lang='grc' dir='ltr'>τάχει</span> <span class='ocrx_word' id='word_1_97' title='bbox 769 1536 912 1609; x_wconf 73' lang='grc' dir='ltr'>αἱρεῖ</span> <span class='ocrx_word' id='word_1_98' title='bbox 965 1537 1058 1609; x_wconf 80' lang='grc' dir='ltr'>μὲν</span> <span class='ocrx_word' id='word_1_99' title='bbox 1107 1539 1170 1592; x_wconf 87' lang='grc' dir='ltr'>τὸ</span> <span class='ocrx_word' id='word_1_100' title='bbox 1199 1539 1322 1612; x_wconf 85' lang='grc' dir='ltr'>περὶ</span> <span class='ocrx_word' id='word_1_101' title='bbox 1352 1538 1419 1592; x_wconf 76' lang='grc' dir='ltr'>τὰ</span> <span class='ocrx_word' id='word_1_102' title='bbox 1449 1539 1642 1591; x_wconf 83' lang='grc' dir='ltr'>Κάνινα</span> <span class='ocrx_word' id='word_1_103' title='bbox 1671 1537 1956 1613; x_wconf 71' lang='grc' dir='ltr'>φρούριον»</span> 
     </span>
    </p>
   </div>
   <div class='ocr_carea' id='block_1_16' title="bbox 294 1621 1952 1702">
    <p class='ocr_par' dir='ltr' id='par_1_16' title="bbox 294 1621 1952 1702">
     <span class='ocr_line' id='line_1_16' title="bbox 294 1621 1952 1702; baseline 0.004 -28"><span class='ocrx_word' id='word_1_104' title='bbox 294 1622 436 1697; x_wconf 75' lang='grc' dir='ltr'>αἱρεὶ</span> <span class='ocrx_word' id='word_1_105' title='bbox 470 1621 526 1676; x_wconf 77' lang='grc' dir='ltr'>δὲ</span> <span class='ocrx_word' id='word_1_106' title='bbox 581 1623 671 1677; x_wconf 82' lang='grc' dir='ltr'>καὶ</span> <span class='ocrx_word' id='word_1_107' title='bbox 727 1624 790 1677; x_wconf 89' lang='grc' dir='ltr'>τὸ</span> <span class='ocrx_word' id='word_1_108' title='bbox 847 1623 973 1699; x_wconf 83' lang='grc' dir='ltr'>περὶ</span> <span class='ocrx_word' id='word_1_109' title='bbox 1030 1625 1098 1678; x_wconf 71' lang='grc' dir='ltr'>τά</span> <span class='ocrx_word' id='word_1_110' title='bbox 1156 1623 1507 1700; x_wconf 86' lang='grc' dir='ltr'>Βελλάγραδα</span> <span class='ocrx_word' id='word_1_111' title='bbox 1557 1624 1649 1680; x_wconf 83' lang='grc' dir='ltr'>καὶ</span> <span class='ocrx_word' id='word_1_112' title='bbox 1706 1623 1952 1702; x_wconf 87' lang='grc' dir='ltr'>Πόλογον</span> 
     </span>
    </p>
   </div>
   <div class='ocr_carea' id='block_1_17' title="bbox 1589 255 2398 316">
    <p class='ocr_par' dir='ltr' id='par_1_17' title="bbox 1589 255 2398 316">
     <span class='ocr_line' id='line_1_17' title="bbox 1589 255 2398 316; baseline -0.007 0"><span class='ocrx_word' id='word_1_113' title='bbox 1589 257 1891 316; x_wconf 78' lang='lat' dir='ltr'>GEORGII</span> <span class='ocrx_word' id='word_1_114' title='bbox 1932 255 2398 312; x_wconf 68' lang='grc' dir='ltr'>ΡΔΟΗΥΜΕΒΛΕ</span> 
     </span>
    </p>
   </div>
   <div class='ocr_carea' id='block_1_18' title="bbox 3589 249 3720 305">
    <p class='ocr_par' dir='ltr' id='par_1_18' title="bbox 3589 249 3720 305">
     <span class='ocr_line' id='line_1_18' title="bbox 3589 249 3720 305; baseline 0 -1"><span class='ocrx_word' id='word_1_115' title='bbox 3589 249 3720 305; x_wconf 72' lang='grc'>,544</span> 
     </span>
    </p>
   </div>
   <div class='ocr_carea' id='block_1_19' title="bbox 2063 372 3726 460">
    <p class='ocr_par' dir='ltr' id='par_1_19' title="bbox 2063 372 3726 460">
     <span class='ocr_line' id='line_1_19' title="bbox 2063 372 3726 460; baseline -0.002 -30"><span class='ocrx_word' id='word_1_116' title='bbox 2063 377 2188 460; x_wconf 50' lang='grc' dir='ltr'>ιβ’..</span> <span class='ocrx_word' id='word_1_117' title='bbox 2237 381 2421 437; x_wconf 87' lang='grc' dir='ltr'>Ὅπως</span> <span class='ocrx_word' id='word_1_118' title='bbox 2453 449 2465 460; x_wconf 29' lang='grc' dir='ltr'><strong>λ</strong></span> <span class='ocrx_word' id='word_1_119' title='bbox 2504 375 2737 460; x_wconf 54' lang='grc' dir='ltr'>Μιχαῂλ</span> <span class='ocrx_word' id='word_1_120' title='bbox 2823 376 2850 429; x_wconf 92' lang='lat'>6</span> <span class='ocrx_word' id='word_1_121' title='bbox 2929 372 3196 460; x_wconf 69' lang='grc' dir='ltr'>δεσπότης</span> <span class='ocrx_word' id='word_1_122' title='bbox 3244 373 3726 460; x_wconf 45' lang='grc' dir='ltr'>,στενοχωρηοεξς</span> 
     </span>
    </p>
   </div>
   <div class='ocr_carea' id='block_1_20' title="bbox 2127 445 3726 574">
    <p class='ocr_par' dir='ltr' id='par_1_20' title="bbox 2127 445 3726 574">
     <span class='ocr_line' id='line_1_20' title="bbox 2127 445 3726 574; baseline -0.002 -73"><span class='ocrx_word' id='word_1_123' title='bbox 2127 448 2335 574; x_wconf 51' lang='lat' dir='ltr'>sttit-liii</span> <span class='ocrx_word' id='word_1_124' title='bbox 2407 449 2505 517; x_wconf 82' lang='grc' dir='ltr'>τήν</span> <span class='ocrx_word' id='word_1_125' title='bbox 2582 445 2807 523; x_wconf 66' lang='grc' dir='ltr'>σύζυγον</span> <span class='ocrx_word' id='word_1_126' title='bbox 2886 447 2976 502; x_wconf 75' lang='grc' dir='ltr'>καὶ</span> <span class='ocrx_word' id='word_1_127' title='bbox 3046 447 3137 501; x_wconf 84' lang='grc' dir='ltr'>τὸν</span> <span class='ocrx_word' id='word_1_128' title='bbox 3209 445 3323 499; x_wconf 66' lang='grc' dir='ltr'>υἱὸν</span> <span class='ocrx_word' id='word_1_129' title='bbox 3400 445 3550 520; x_wconf 73' lang='grc' dir='ltr'>παρα</span> <span class='ocrx_word' id='word_1_130' title='bbox 3625 445 3726 499; x_wconf 81' lang='grc' dir='ltr'>τὸν</span> 
     </span>
     <span class='ocr_line' id='line_1_21' title="bbox 2132 521 2380 574; baseline 0.004 -1"><span class='ocrx_word' id='word_1_131' title='bbox 2132 521 2254 574; x_wconf 82' lang='grc' dir='ltr'>Βασι</span> <span class='ocrx_word' id='word_1_132' title='bbox 2302 540 2380 574; x_wconf 88' lang='grc' dir='ltr'>..α.</span> 
     </span>
    </p>
   </div>
   <div class='ocr_carea' id='block_1_21' title="bbox 2132 521 2380 593">
    <p class='ocr_par' dir='ltr' id='par_1_21' title="bbox 2132 521 2380 593">
     <span class='ocr_line' id='line_1_22' title="bbox 2132 521 2380 593; baseline 0.012 -21"><span class='ocrx_word' id='word_1_133' title='bbox 2132 521 2380 593; x_wconf 84' lang='grc' dir='ltr'>βασιλέα.</span> 
     </span>
    </p>
   </div>
   <div class='ocr_carea' id='block_1_22' title="bbox 2125 640 3728 720">
    <p class='ocr_par' dir='ltr' id='par_1_22' title="bbox 2125 640 3728 720">
     <span class='ocr_line' id='line_1_23' title="bbox 2125 640 3728 720; baseline 0 -24"><span class='ocrx_word' id='word_1_134' title='bbox 2125 645 2181 696; x_wconf 89' lang='lat'>&#39;0</span> <span class='ocrx_word' id='word_1_135' title='bbox 2235 641 2292 698; x_wconf 80' lang='grc' dir='ltr'>δέ</span> <span class='ocrx_word' id='word_1_136' title='bbox 2319 665 2380 719; x_wconf 83' lang='grc' dir='ltr'>γε</span> <span class='ocrx_word' id='word_1_137' title='bbox 2422 643 2679 720; x_wconf 71' lang='grc' dir='ltr'>Μιχαήλ,</span> <span class='ocrx_word' id='word_1_138' title='bbox 2737 643 2869 715; x_wconf 85' lang='grc' dir='ltr'>μεοὸ</span> <span class='ocrx_word' id='word_1_139' title='bbox 2927 640 3389 718; x_wconf 74' lang='grc' dir='ltr'>συγχρησαμένου</span> <span class='ocrx_word' id='word_1_140' title='bbox 3440 648 3560 703; x_wconf 80' lang='grc' dir='ltr'>ταῖς</span> <span class='ocrx_word' id='word_1_141' title='bbox 3619 643 3728 696; x_wconf 78' lang='grc' dir='ltr'>ὑπὸ</span> 
     </span>
    </p>
   </div>
   <div class='ocr_carea' id='block_1_23' title="bbox 2053 728 3728 808">
    <p class='ocr_par' dir='ltr' id='par_1_23' title="bbox 2053 728 3728 808">
     <span class='ocr_line' id='line_1_24' title="bbox 2053 728 3728 808; baseline -0.003 -20"><span class='ocrx_word' id='word_1_142' title='bbox 2053 737 2150 788; x_wconf 80' lang='grc' dir='ltr'>τοῦ</span> <span class='ocrx_word' id='word_1_143' title='bbox 2199 728 2452 808; x_wconf 86' lang='grc' dir='ltr'>γαμϐροῦ</span> <span class='ocrx_word' id='word_1_144' title='bbox 2481 732 2680 807; x_wconf 73' lang='grc' dir='ltr'>Μαφρὲ</span> <span class='ocrx_word' id='word_1_145' title='bbox 2732 731 3074 807; x_wconf 81' lang='grc' dir='ltr'>συμμαχίαις</span> <span class='ocrx_word' id='word_1_146' title='bbox 3130 731 3196 786; x_wconf 79' lang='grc' dir='ltr'>τὰ</span> <span class='ocrx_word' id='word_1_147' title='bbox 3224 731 3360 786; x_wconf 84' lang='grc' dir='ltr'>κατὰ</span> <span class='ocrx_word' id='word_1_148' title='bbox 3388 730 3478 785; x_wconf 82' lang='grc' dir='ltr'>τὸν</span> <span class='ocrx_word' id='word_1_149' title='bbox 3513 729 3728 787; x_wconf 71' lang='grc' dir='ltr'>Καίσα-</span> 
     </span>
    </p>
   </div>
   <div class='ocr_carea' id='block_1_24' title="bbox 2057 814 3724 898">
    <p class='ocr_par' dir='ltr' id='par_1_24' title="bbox 2057 814 3724 898">
     <span class='ocr_line' id='line_1_25' title="bbox 2057 814 3724 898; baseline -0.002 -22"><span class='ocrx_word' id='word_1_150' title='bbox 2057 841 2121 898; x_wconf 87' lang='grc' dir='ltr'>ρ;ι</span> <span class='ocrx_word' id='word_1_151' title='bbox 2173 816 2369 892; x_wconf 70' lang='grc' dir='ltr'>συνέϐη</span> <span class='ocrx_word' id='word_1_152' title='bbox 2425 822 2545 897; x_wconf 85' lang='grc' dir='ltr'>περὶ</span> <span class='ocrx_word' id='word_1_153' title='bbox 2608 822 2683 875; x_wconf 84' lang='grc' dir='ltr'>ὧν</span> <span class='ocrx_word' id='word_1_154' title='bbox 2745 842 2838 894; x_wconf 91' lang='grc' dir='ltr'>μοι</span> <span class='ocrx_word' id='word_1_155' title='bbox 2893 821 3277 896; x_wconf 77' lang='grc' dir='ltr'>προανετάχθη</span> <span class='ocrx_word' id='word_1_156' title='bbox 3342 823 3463 874; x_wconf 79' lang='grc' dir='ltr'>νοῦν</span> <span class='ocrx_word' id='word_1_157' title='bbox 3527 814 3724 875; x_wconf 81' lang='grc' dir='ltr'>λαϐὼν</span> 
     </span>
    </p>
   </div>
   <div class='ocr_carea' id='block_1_25' title="bbox 2055 909 3727 985">
    <p class='ocr_par' dir='ltr' id='par_1_25' title="bbox 2055 909 3727 985">
     <span class='ocr_line' id='line_1_26' title="bbox 2055 909 3727 985; baseline -0.002 -19"><span class='ocrx_word' id='word_1_158' title='bbox 2055 909 2299 982; x_wconf 80' lang='grc' dir='ltr'>ἀλούσης</span> <span class='ocrx_word' id='word_1_159' title='bbox 2351 918 2452 980; x_wconf 80' lang='grc' dir='ltr'>τῆς</span> <span class='ocrx_word' id='word_1_160' title='bbox 2506 910 2724 972; x_wconf 84' lang='grc' dir='ltr'>πόλεως</span> <span class='ocrx_word' id='word_1_161' title='bbox 2781 910 2986 984; x_wconf 70' lang='grc' dir='ltr'>πέμπει</span> <span class='ocrx_word' id='word_1_162' title='bbox 3045 911 3180 985; x_wconf 88' lang='grc' dir='ltr'>πρὸς</span> <span class='ocrx_word' id='word_1_163' title='bbox 3232 909 3461 983; x_wconf 67' lang='grc' dir='ltr'>βασιλέα</span> <span class='ocrx_word' id='word_1_164' title='bbox 3502 911 3605 980; x_wconf 79' lang='grc' dir='ltr'>τήν</span> <span class='ocrx_word' id='word_1_165' title='bbox 3662 929 3727 964; x_wconf 89' lang='grc' dir='ltr'>τε</span> 
     </span>
    </p>
   </div>
   <div class='ocr_carea' id='block_1_26' title="bbox 2059 996 3722 1077">
    <p class='ocr_par' dir='ltr' id='par_1_26' title="bbox 2059 996 3722 1077">
     <span class='ocr_line' id='line_1_27' title="bbox 2059 996 3722 1077; baseline -0.003 -21"><span class='ocrx_word' id='word_1_166' title='bbox 2059 1000 2283 1077; x_wconf 83' lang='grc' dir='ltr'>σύζυγον</span> <span class='ocrx_word' id='word_1_167' title='bbox 2317 998 2597 1076; x_wconf 84' lang='grc' dir='ltr'>Θεοδώραν</span> <span class='ocrx_word' id='word_1_168' title='bbox 2657 1000 2746 1055; x_wconf 84' lang='grc' dir='ltr'>καὶ</span> <span class='ocrx_word' id='word_1_169' title='bbox 2807 1001 3060 1069; x_wconf 75' lang='grc' dir='ltr'>Ἰωάννην</span> <span class='ocrx_word' id='word_1_170' title='bbox 3110 999 3202 1054; x_wconf 85' lang='grc' dir='ltr'>τὸν</span> <span class='ocrx_word' id='word_1_171' title='bbox 3253 996 3442 1068; x_wconf 82' lang='grc' dir='ltr'>παῖδα,</span> <span class='ocrx_word' id='word_1_172' title='bbox 3501 998 3722 1068; x_wconf 78' lang='grc' dir='ltr'>ἐκείνην</span> 
     </span>
    </p>
   </div>
   <div class='ocr_carea' id='block_1_27' title="bbox 2061 1083 3725 1165">
    <p class='ocr_par' dir='ltr' id='par_1_27' title="bbox 2061 1083 3725 1165">
     <span class='ocr_line' id='line_1_28' title="bbox 2061 1083 3725 1165; baseline -0.002 -20"><span class='ocrx_word' id='word_1_173' title='bbox 2061 1091 2156 1165; x_wconf 68' lang='grc' dir='ltr'>μὲν</span> <span class='ocrx_word' id='word_1_174' title='bbox 2212 1091 2308 1151; x_wconf 76' lang='grc' dir='ltr'>τὰς</span> <span class='ocrx_word' id='word_1_175' title='bbox 2366 1090 2637 1164; x_wconf 77' lang='grc' dir='ltr'>εἰρηνικὰς</span> <span class='ocrx_word' id='word_1_176' title='bbox 2686 1083 3142 1165; x_wconf 81' lang='grc' dir='ltr'>πρεσϐεύσουσαν,</span> <span class='ocrx_word' id='word_1_177' title='bbox 3174 1089 3263 1143; x_wconf 86' lang='grc' dir='ltr'>τὸν</span> <span class='ocrx_word' id='word_1_178' title='bbox 3322 1085 3367 1142; x_wconf 85' lang='grc' dir='ltr'>δ’</span> <span class='ocrx_word' id='word_1_179' title='bbox 3424 1089 3540 1142; x_wconf 77' lang='grc' dir='ltr'>υἱὸν</span> <span class='ocrx_word' id='word_1_180' title='bbox 3593 1087 3725 1143; x_wconf 76' lang='grc' dir='ltr'>ἐσό-</span> 
     </span>
    </p>
   </div>
   <div class='ocr_carea' id='block_1_28' title="bbox 2062 1175 3723 1254">
    <p class='ocr_par' dir='ltr' id='par_1_28' title="bbox 2062 1175 3723 1254">
     <span class='ocr_line' id='line_1_29' title="bbox 2062 1175 3723 1254; baseline -0.004 -19"><span class='ocrx_word' id='word_1_181' title='bbox 2062 1201 2221 1253; x_wconf 87' lang='grc' dir='ltr'>μενον</span> <span class='ocrx_word' id='word_1_182' title='bbox 2254 1179 2490 1254; x_wconf 83' lang='grc' dir='ltr'>ὅμηρον,</span> <span class='ocrx_word' id='word_1_183' title='bbox 2545 1178 2692 1247; x_wconf 75' lang='grc' dir='ltr'>πλὴν</span> <span class='ocrx_word' id='word_1_184' title='bbox 2721 1177 2774 1234; x_wconf 81' lang='grc' dir='ltr'>ἐς</span> <span class='ocrx_word' id='word_1_185' title='bbox 2815 1175 3079 1249; x_wconf 73' lang='grc' dir='ltr'>διηνεκὲς,</span> <span class='ocrx_word' id='word_1_186' title='bbox 3137 1176 3218 1252; x_wconf 74' lang='grc' dir='ltr'>ἐφ⁴</span> <span class='ocrx_word' id='word_1_187' title='bbox 3258 1179 3381 1231; x_wconf 81' lang='grc' dir='ltr'>ὅσον</span> <span class='ocrx_word' id='word_1_188' title='bbox 3416 1177 3557 1249; x_wconf 81' lang='grc' dir='ltr'>ζῴη,</span> <span class='ocrx_word' id='word_1_189' title='bbox 3588 1176 3723 1246; x_wconf 77' lang='grc' dir='ltr'>ἀξό-</span> 
     </span>
    </p>
   </div>
   <div class='ocr_carea' id='block_1_29' title="bbox 2062 1263 3720 1343">
    <p class='ocr_par' dir='ltr' id='par_1_29' title="bbox 2062 1263 3720 1343">
     <span class='ocr_line' id='line_1_30' title="bbox 2062 1263 3720 1343; baseline -0.004 -19"><span class='ocrx_word' id='word_1_190' title='bbox 2062 1291 2221 1343; x_wconf 88' lang='grc' dir='ltr'>μενον</span> <span class='ocrx_word' id='word_1_191' title='bbox 2270 1268 2359 1324; x_wconf 85' lang='grc' dir='ltr'>καὶ</span> <span class='ocrx_word' id='word_1_192' title='bbox 2415 1271 2513 1340; x_wconf 78' lang='grc' dir='ltr'>τήν</span> <span class='ocrx_word' id='word_1_193' title='bbox 2574 1269 2995 1340; x_wconf 70' lang='grc' dir='ltr'>συνοικήσουσαν</span> <span class='ocrx_word' id='word_1_194' title='bbox 3051 1266 3463 1343; x_wconf 80' lang='grc' dir='ltr'>προσηκόντως,</span> <span class='ocrx_word' id='word_1_195' title='bbox 3521 1267 3582 1334; x_wconf 77' lang='grc' dir='ltr'>ἦν</span> <span class='ocrx_word' id='word_1_196' title='bbox 3647 1263 3720 1333; x_wconf 84' lang='grc' dir='ltr'>δὴ</span> 
     </span>
    </p>
   </div>
   <div class='ocr_carea' id='block_1_30' title="bbox 2059 1353 3721 1434">
    <p class='ocr_par' dir='ltr' id='par_1_30' title="bbox 2059 1353 3721 1434">
     <span class='ocr_line' id='line_1_31' title="bbox 2059 1353 3721 1434; baseline -0.004 -19"><span class='ocrx_word' id='word_1_197' title='bbox 2059 1361 2150 1416; x_wconf 83' lang='grc' dir='ltr'>καὶ</span> <span class='ocrx_word' id='word_1_198' title='bbox 2205 1357 2367 1415; x_wconf 86' lang='grc' dir='ltr'>δώσει</span> <span class='ocrx_word' id='word_1_199' title='bbox 2418 1361 2446 1414; x_wconf 90' lang='lat'>6</span> <span class='ocrx_word' id='word_1_200' title='bbox 2503 1357 2782 1434; x_wconf 87' lang='grc' dir='ltr'>βασιλεύς.</span> <span class='ocrx_word' id='word_1_201' title='bbox 2813 1359 2946 1413; x_wconf 86' lang='grc' dir='ltr'>Τότε</span> <span class='ocrx_word' id='word_1_202' title='bbox 2987 1361 3115 1432; x_wconf 77' lang='grc' dir='ltr'>γοῦν</span> <span class='ocrx_word' id='word_1_203' title='bbox 3150 1355 3355 1418; x_wconf 83' lang='grc' dir='ltr'>ἐκεῖνος</span> <span class='ocrx_word' id='word_1_204' title='bbox 3387 1353 3476 1411; x_wconf 70' lang='grc' dir='ltr'>διὰ</span> <span class='ocrx_word' id='word_1_205' title='bbox 3503 1357 3721 1429; x_wconf 79' lang='grc' dir='ltr'>τάχους</span> 
     </span>
    </p>
   </div>
   <div class='ocr_carea' id='block_1_31' title="bbox 2058 1443 3723 1524">
    <p class='ocr_par' dir='ltr' id='par_1_31' title="bbox 2058 1443 3723 1524">
     <span class='ocr_line' id='line_1_32' title="bbox 2058 1443 3723 1524; baseline -0.005 -18"><span class='ocrx_word' id='word_1_206' title='bbox 2058 1448 2562 1524; x_wconf 74' lang='grc' dir='ltr'>καταστρεψάμενος</span> <span class='ocrx_word' id='word_1_207' title='bbox 2618 1449 2773 1504; x_wconf 82' lang='grc' dir='ltr'>τάκεῖ</span> <span class='ocrx_word' id='word_1_208' title='bbox 2817 1448 3049 1524; x_wconf 80' lang='grc' dir='ltr'>ἀρεϊκῶς</span> <span class='ocrx_word' id='word_1_209' title='bbox 3099 1447 3512 1521; x_wconf 68' lang='grc' dir='ltr'>ἠγωνισμένος,</span> <span class='ocrx_word' id='word_1_210' title='bbox 3568 1443 3723 1517; x_wconf 70' lang='grc' dir='ltr'>μᾶλ-</span> 
     </span>
    </p>
   </div>
   <div class='ocr_carea' id='block_1_32' title="bbox 2062 1531 3722 1612">
    <p class='ocr_par' dir='ltr' id='par_1_32' title="bbox 2062 1531 3722 1612">
     <span class='ocr_line' id='line_1_33' title="bbox 2062 1531 3722 1612; baseline -0.005 -17"><span class='ocrx_word' id='word_1_211' title='bbox 2062 1539 2158 1595; x_wconf 89' lang='grc' dir='ltr'>λον</span> <span class='ocrx_word' id='word_1_212' title='bbox 2191 1538 2248 1596; x_wconf 73' lang='grc' dir='ltr'>δὲ</span> <span class='ocrx_word' id='word_1_213' title='bbox 2293 1540 2384 1594; x_wconf 87' lang='grc' dir='ltr'>καὶ</span> <span class='ocrx_word' id='word_1_214' title='bbox 2425 1539 2788 1608; x_wconf 79' lang='grc' dir='ltr'>καταστήσας,</span> <span class='ocrx_word' id='word_1_215' title='bbox 2848 1536 3118 1612; x_wconf 78' lang='grc' dir='ltr'>φρουροὺς</span> <span class='ocrx_word' id='word_1_216' title='bbox 3167 1531 3420 1610; x_wconf 83' lang='grc' dir='ltr'>ἐμϐαλὼν</span> <span class='ocrx_word' id='word_1_217' title='bbox 3466 1536 3560 1589; x_wconf 84' lang='grc' dir='ltr'>καὶ</span> <span class='ocrx_word' id='word_1_218' title='bbox 3615 1555 3722 1609; x_wconf 74' lang='grc' dir='ltr'>φυ-</span> 
     </span>
    </p>
   </div>
   <div class='ocr_carea' id='block_1_33' title="bbox 2061 1622 3718 1700">
    <p class='ocr_par' dir='ltr' id='par_1_33' title="bbox 2061 1622 3718 1700">
     <span class='ocr_line' id='line_1_34' title="bbox 2061 1622 3718 1700; baseline -0.005 -16"><span class='ocrx_word' id='word_1_219' title='bbox 2061 1629 2227 1691; x_wconf 75' lang='grc' dir='ltr'>λακὰς</span> <span class='ocrx_word' id='word_1_220' title='bbox 2269 1627 2562 1698; x_wconf 75' lang='grc' dir='ltr'>ἐπιστήσας</span> <span class='ocrx_word' id='word_1_221' title='bbox 2613 1627 2922 1697; x_wconf 79' lang='grc' dir='ltr'>ἐπανὲζευξε</span> <span class='ocrx_word' id='word_1_222' title='bbox 2971 1624 3108 1700; x_wconf 83' lang='grc' dir='ltr'>μετᾶ</span> <span class='ocrx_word' id='word_1_223' title='bbox 3161 1622 3432 1699; x_wconf 79' lang='grc' dir='ltr'>λαμπρῶν</span> <span class='ocrx_word' id='word_1_224' title='bbox 3490 1623 3582 1677; x_wconf 83' lang='grc' dir='ltr'>καὶ</span> <span class='ocrx_word' id='word_1_225' title='bbox 3612 1642 3718 1676; x_wconf 87' lang='grc' dir='ltr'>πε-</span> 
     </span>
    </p>
   </div>
   <div class='ocr_carea' id='block_1_34' title="bbox 291 1711 3719 1816">
    <p class='ocr_par' dir='ltr' id='par_1_34' title="bbox 291 1711 3719 1816">
     <span class='ocr_line' id='line_1_35' title="bbox 291 1711 3719 1816; baseline -0 -51"><span class='ocrx_word' id='word_1_226' title='bbox 291 1711 382 1765; x_wconf 79' lang='grc' dir='ltr'>καί</span> <span class='ocrx_word' id='word_1_227' title='bbox 416 1711 751 1781; x_wconf 86' lang='grc' dir='ltr'>Κολώνειαν,</span> <span class='ocrx_word' id='word_1_228' title='bbox 810 1717 1093 1788; x_wconf 79' lang='grc' dir='ltr'>χειροῦται</span> <span class='ocrx_word' id='word_1_229' title='bbox 1154 1711 1211 1768; x_wconf 75' lang='grc' dir='ltr'>δὲ</span> <span class='ocrx_word' id='word_1_230' title='bbox 1260 1714 1348 1768; x_wconf 84' lang='grc' dir='ltr'>καὶ</span> <span class='ocrx_word' id='word_1_231' title='bbox 1394 1715 1696 1789; x_wconf 86' lang='grc' dir='ltr'>Καστορίαν</span> <span class='ocrx_word' id='word_1_232' title='bbox 1729 1714 1817 1770; x_wconf 80' lang='grc' dir='ltr'>καὶ</span> <span class='ocrx_word' id='word_1_233' title='bbox 1847 1721 1952 1772; x_wconf 85' lang='grc' dir='ltr'>ΙῙε-</span> <span class='ocrx_word' id='word_1_234' title='bbox 1983 1751 2030 1816; x_wconf 78' lang='grc' dir='ltr'><strong>Β</strong></span> <span class='ocrx_word' id='word_1_235' title='bbox 2061 1723 2298 1798; x_wconf 79' lang='grc' dir='ltr'>ριφανῶν</span> <span class='ocrx_word' id='word_1_236' title='bbox 2327 1722 2434 1774; x_wconf 82' lang='grc' dir='ltr'>τῶν</span> <span class='ocrx_word' id='word_1_237' title='bbox 2463 1716 2762 1791; x_wconf 75' lang='grc' dir='ltr'>τροπαίων,</span> <span class='ocrx_word' id='word_1_238' title='bbox 2809 1715 2898 1770; x_wconf 82' lang='grc' dir='ltr'>καὶ</span> <span class='ocrx_word' id='word_1_239' title='bbox 2959 1713 3105 1770; x_wconf 80' lang='grc' dir='ltr'>λείαν</span> <span class='ocrx_word' id='word_1_240' title='bbox 3155 1715 3262 1769; x_wconf 79' lang='grc' dir='ltr'>οὐκ</span> <span class='ocrx_word' id='word_1_241' title='bbox 3308 1711 3503 1789; x_wconf 78' lang='grc' dir='ltr'>ὀλίγην</span> <span class='ocrx_word' id='word_1_242' title='bbox 3553 1731 3719 1786; x_wconf 86' lang='grc' dir='ltr'>περι-</span> 
     </span>
     <span class='ocr_line' id='line_1_36' title="bbox 293 1795 3626 1816; baseline 0 0"><span class='ocrx_word' id='word_1_243' title='bbox 293 1797 313 1816; x_wconf 71' lang='lat'><strong>‘</strong></span> <span class='ocrx_word' id='word_1_244' title='bbox 477 1799 489 1816; x_wconf 85' lang='grc' dir='ltr'><strong><em>Ι</em></strong></span> <span class='ocrx_word' id='word_1_245' title='bbox 676 1800 689 1814; x_wconf 66' lang='grc' dir='ltr'>ι</span> <span class='ocrx_word' id='word_1_246' title='bbox 758 1808 768 1816; x_wconf 66' lang='grc' dir='ltr'><strong>Α</strong></span> <span class='ocrx_word' id='word_1_247' title='bbox 834 1801 845 1816; x_wconf 87' lang='grc' dir='ltr'><strong><em>Ι</em></strong></span> <span class='ocrx_word' id='word_1_248' title='bbox 1011 1802 1107 1816; x_wconf 65' lang='grc' dir='ltr'>ηιμ.</span> <span class='ocrx_word' id='word_1_249' title='bbox 1256 1803 1268 1816; x_wconf 85' lang='grc' dir='ltr'><em>ι</em></span> <span class='ocrx_word' id='word_1_250' title='bbox 1493 1806 1504 1816; x_wconf 72' lang='grc' dir='ltr'>ι</span> <span class='ocrx_word' id='word_1_251' title='bbox 1554 1811 1562 1816; x_wconf 70' lang='grc'>.</span> <span class='ocrx_word' id='word_1_252' title='bbox 1623 1798 1673 1816; x_wconf 78' lang='grc' dir='ltr'>ιο</span> <span class='ocrx_word' id='word_1_253' title='bbox 1713 1801 1732 1816; x_wconf 79' lang='lat'><strong><em>\</em></strong></span> <span class='ocrx_word' id='word_1_254' title='bbox 1935 1795 1949 1816; x_wconf 85' lang='lat'><strong><em>\</em></strong></span> <span class='ocrx_word' id='word_1_255' title='bbox 2067 1805 2092 1816; x_wconf 68' lang='grc' dir='ltr'>η</span> <span class='ocrx_word' id='word_1_256' title='bbox 2133 1808 2149 1816; x_wconf 64' lang='grc' dir='ltr'>ι</span> <span class='ocrx_word' id='word_1_257' title='bbox 2185 1808 2198 1816; x_wconf 65' lang='grc' dir='ltr'><strong>ρ</strong></span> <span class='ocrx_word' id='word_1_258' title='bbox 2419 1808 2474 1816; x_wconf 68' lang='grc' dir='ltr'>,Α</span> <span class='ocrx_word' id='word_1_259' title='bbox 2556 1806 2570 1816; x_wconf 72' lang='grc' dir='ltr'>ι</span> <span class='ocrx_word' id='word_1_260' title='bbox 2676 1803 2704 1816; x_wconf 69' lang='grc' dir='ltr'><strong><em>ν</em></strong></span> <span class='ocrx_word' id='word_1_261' title='bbox 2792 1805 2818 1816; x_wconf 79' lang='grc' dir='ltr'><strong>Λ</strong></span> <span class='ocrx_word' id='word_1_262' title='bbox 2921 1803 2939 1816; x_wconf 63' lang='grc' dir='ltr'>ι</span> <span class='ocrx_word' id='word_1_263' title='bbox 2987 1803 2998 1816; x_wconf 78' lang='grc' dir='ltr'>ι</span> <span class='ocrx_word' id='word_1_264' title='bbox 3095 1803 3109 1816; x_wconf 67' lang='grc' dir='ltr'>ο</span> <span class='ocrx_word' id='word_1_265' title='bbox 3177 1807 3202 1816; x_wconf 64' lang='grc' dir='ltr'><em>υ</em></span> <span class='ocrx_word' id='word_1_266' title='bbox 3401 1801 3413 1816; x_wconf 84' lang='lat'><strong><em>\</em></strong></span> <span class='ocrx_word' id='word_1_267' title='bbox 3518 1799 3532 1816; x_wconf 63' lang='grc' dir='ltr'><strong>Ω</strong></span> <span class='ocrx_word' id='word_1_268' title='bbox 3615 1802 3626 1816; x_wconf 83' lang='grc' dir='ltr'><strong>Ι</strong></span> 
     </span>
    </p>
   </div>
   <div class='ocr_carea' id='block_1_35' title="bbox 1935 1795 1949 1816">
    <p class='ocr_par' dir='ltr' id='par_1_35' title="bbox 1935 1795 1949 1816">
     <span class='ocr_line' id='line_1_37' title="bbox 1935 1795 1949 1816; baseline 0 0"><span class='ocrx_word' id='word_1_269' title='bbox 1935 1795 1949 1816; x_wconf 88' lang='lat'><strong><em>\</em></strong></span> 
     </span>
    </p>
   </div>
   <div class='ocr_carea' id='block_1_36' title="bbox 293 1797 1948 1878">
    <p class='ocr_par' dir='ltr' id='par_1_36' title="bbox 293 1797 1948 1878">
     <span class='ocr_line' id='line_1_38' title="bbox 293 1797 1948 1878; baseline 0.004 -26"><span class='ocrx_word' id='word_1_270' title='bbox 293 1797 552 1874; x_wconf 86' lang='grc' dir='ltr'>λαγονίαν</span> <span class='ocrx_word' id='word_1_271' title='bbox 603 1800 693 1855; x_wconf 88' lang='grc' dir='ltr'>καὶ</span> <span class='ocrx_word' id='word_1_272' title='bbox 745 1801 950 1876; x_wconf 87' lang='grc' dir='ltr'>Δούρας</span> <span class='ocrx_word' id='word_1_273' title='bbox 1011 1802 1299 1878; x_wconf 83' lang='grc' dir='ltr'>Τζέρνικόν</span> <span class='ocrx_word' id='word_1_274' title='bbox 1332 1824 1388 1858; x_wconf 90' lang='grc' dir='ltr'>τε</span> <span class='ocrx_word' id='word_1_275' title='bbox 1417 1806 1507 1858; x_wconf 84' lang='grc' dir='ltr'>καὶ</span> <span class='ocrx_word' id='word_1_276' title='bbox 1541 1798 1798 1858; x_wconf 88' lang='grc' dir='ltr'>Διάϐολιν</span> <span class='ocrx_word' id='word_1_277' title='bbox 1857 1797 1948 1858; x_wconf 78' lang='grc' dir='ltr'>καῖ</span> 
     </span>
    </p>
   </div>
   <div class='ocr_carea' id='block_1_37' title="bbox 294 1886 1947 1968">
    <p class='ocr_par' dir='ltr' id='par_1_37' title="bbox 294 1886 1947 1968">
     <span class='ocr_line' id='line_1_39' title="bbox 294 1886 1947 1968; baseline 0.005 -27"><span class='ocrx_word' id='word_1_278' title='bbox 294 1889 573 1963; x_wconf 82' lang='grc' dir='ltr'>Πρίλαπον</span> <span class='ocrx_word' id='word_1_279' title='bbox 603 1886 860 1945; x_wconf 82' lang='grc' dir='ltr'>Βοδεεινά</span> <span class='ocrx_word' id='word_1_280' title='bbox 886 1911 943 1945; x_wconf 88' lang='grc' dir='ltr'>τε</span> <span class='ocrx_word' id='word_1_281' title='bbox 992 1891 1083 1946; x_wconf 82' lang='grc' dir='ltr'>καὶ</span> <span class='ocrx_word' id='word_1_282' title='bbox 1133 1892 1391 1968; x_wconf 88' lang='grc' dir='ltr'>Βόστρον,</span> <span class='ocrx_word' id='word_1_283' title='bbox 1451 1895 1530 1966; x_wconf 85' lang='grc' dir='ltr'>[Ρ.</span> <span class='ocrx_word' id='word_1_284' title='bbox 1560 1895 1651 1967; x_wconf 87' lang='grc'>69]</span> <span class='ocrx_word' id='word_1_285' title='bbox 1684 1887 1947 1968; x_wconf 75' lang='grc' dir='ltr'>ἕλλιμνον</span> 
     </span>
    </p>
   </div>
   <div class='ocr_carea' id='block_1_38' title="bbox 298 1978 1949 2060">
    <p class='ocr_par' dir='ltr' id='par_1_38' title="bbox 298 1978 1949 2060">
     <span class='ocr_line' id='line_1_40' title="bbox 298 1978 1949 2060; baseline 0.006 -30"><span class='ocrx_word' id='word_1_286' title='bbox 298 1983 481 2050; x_wconf 85' lang='grc' dir='ltr'>νῆσον,</span> <span class='ocrx_word' id='word_1_287' title='bbox 516 1978 724 2053; x_wconf 84' lang='grc' dir='ltr'>ΙΙέτραν</span> <span class='ocrx_word' id='word_1_288' title='bbox 756 1980 1004 2054; x_wconf 80' lang='grc' dir='ltr'>Πρέσπαν</span> <span class='ocrx_word' id='word_1_289' title='bbox 1034 2001 1092 2036; x_wconf 90' lang='grc' dir='ltr'>τε</span> <span class='ocrx_word' id='word_1_290' title='bbox 1121 1980 1210 2036; x_wconf 87' lang='grc' dir='ltr'>καὶ</span> <span class='ocrx_word' id='word_1_291' title='bbox 1261 1979 1564 2058; x_wconf 88' lang='grc' dir='ltr'>Στερίδολα</span> <span class='ocrx_word' id='word_1_292' title='bbox 1609 1984 1696 2038; x_wconf 81' lang='grc' dir='ltr'>καὶ</span> <span class='ocrx_word' id='word_1_293' title='bbox 1755 1985 1949 2060; x_wconf 65' lang='grc' dir='ltr'>’Διχρί-</span> 
     </span>
    </p>
   </div>
   <div class='ocr_carea' id='block_1_39' title="bbox 293 2061 1949 2150">
    <p class='ocr_par' dir='ltr' id='par_1_39' title="bbox 293 2061 1949 2150">
     <span class='ocr_line' id='line_1_41' title="bbox 293 2061 1949 2150; baseline 0.006 -32"><span class='ocrx_word' id='word_1_294' title='bbox 293 2061 386 2118; x_wconf 87' lang='grc' dir='ltr'>δαν</span> <span class='ocrx_word' id='word_1_295' title='bbox 436 2066 526 2120; x_wconf 87' lang='grc' dir='ltr'>καὶ</span> <span class='ocrx_word' id='word_1_296' title='bbox 572 2068 640 2122; x_wconf 73' lang='grc' dir='ltr'>τά</span> <span class='ocrx_word' id='word_1_297' title='bbox 694 2065 987 2144; x_wconf 83' lang='grc' dir='ltr'>Ἱλλυριῶν</span> <span class='ocrx_word' id='word_1_298' title='bbox 1049 2069 1411 2146; x_wconf 80' lang='grc' dir='ltr'>ὀχυρώματα,</span> <span class='ocrx_word' id='word_1_299' title='bbox 1470 2073 1560 2126; x_wconf 80' lang='grc' dir='ltr'>καὶ</span> <span class='ocrx_word' id='word_1_300' title='bbox 1611 2066 1714 2135; x_wconf 80' lang='grc' dir='ltr'>ἔως</span> <span class='ocrx_word' id='word_1_301' title='bbox 1743 2073 1949 2150; x_wconf 74' lang='grc' dir='ltr'>Δυρῥα-</span> 
     </span>
    </p>
   </div>
   <div class='ocr_carea' id='block_1_40' title="bbox 291 2155 1949 2242">
    <p class='ocr_par' dir='ltr' id='par_1_40' title="bbox 291 2155 1949 2242">
     <span class='ocr_line' id='line_1_42' title="bbox 291 2155 1949 2242; baseline 0.007 -32"><span class='ocrx_word' id='word_1_302' title='bbox 291 2155 422 2232; x_wconf 81' lang='grc' dir='ltr'>χίου</span> <span class='ocrx_word' id='word_1_303' title='bbox 453 2158 637 2234; x_wconf 72' lang='grc' dir='ltr'>φθάνει</span> <span class='ocrx_word' id='word_1_304' title='bbox 667 2157 730 2214; x_wconf 86' lang='grc' dir='ltr'>τὸ</span> <span class='ocrx_word' id='word_1_305' title='bbox 763 2156 893 2234; x_wconf 81' lang='grc' dir='ltr'>δόρυ</span> <span class='ocrx_word' id='word_1_306' title='bbox 936 2165 1126 2220; x_wconf 79' lang='grc' dir='ltr'>κινῶν.</span> <span class='ocrx_word' id='word_1_307' title='bbox 1169 2157 1518 2238; x_wconf 83' lang='grc' dir='ltr'>Προσϐάλλει</span> <span class='ocrx_word' id='word_1_308' title='bbox 1550 2161 1606 2218; x_wconf 74' lang='grc' dir='ltr'>δὲ</span> <span class='ocrx_word' id='word_1_309' title='bbox 1634 2166 1726 2219; x_wconf 83' lang='grc' dir='ltr'>καὶ</span> <span class='ocrx_word' id='word_1_310' title='bbox 1765 2166 1949 2242; x_wconf 83' lang='grc' dir='ltr'>Ηάτρᾳ</span> 
     </span>
    </p>
   </div>
   <div class='ocr_carea' id='block_1_41' title="bbox 289 2245 1945 2328">
    <p class='ocr_par' dir='ltr' id='par_1_41' title="bbox 289 2245 1945 2328">
     <span class='ocr_line' id='line_1_43' title="bbox 289 2245 1945 2328; baseline 0.007 -28"><span class='ocrx_word' id='word_1_311' title='bbox 289 2245 379 2300; x_wconf 82' lang='grc' dir='ltr'>καὶ</span> <span class='ocrx_word' id='word_1_312' title='bbox 411 2246 646 2322; x_wconf 79' lang='grc' dir='ltr'>Τρίκκῃ,</span> <span class='ocrx_word' id='word_1_313' title='bbox 698 2247 785 2302; x_wconf 84' lang='grc' dir='ltr'>καὶ</span> <span class='ocrx_word' id='word_1_314' title='bbox 815 2249 881 2303; x_wconf 75' lang='grc' dir='ltr'>τὰ</span> <span class='ocrx_word' id='word_1_315' title='bbox 905 2248 1096 2322; x_wconf 87' lang='grc' dir='ltr'>κύκλῳ</span> <span class='ocrx_word' id='word_1_316' title='bbox 1145 2251 1283 2306; x_wconf 79' lang='grc' dir='ltr'>κατὰ</span> <span class='ocrx_word' id='word_1_317' title='bbox 1329 2253 1598 2322; x_wconf 77' lang='grc' dir='ltr'>συνθήκας</span> <span class='ocrx_word' id='word_1_318' title='bbox 1645 2257 1945 2328; x_wconf 80' lang='grc' dir='ltr'>κρατήσας,</span> 
     </span>
    </p>
   </div>
   <div class='ocr_carea' id='block_1_42' title="bbox 289 2333 1946 2417">
    <p class='ocr_par' dir='ltr' id='par_1_42' title="bbox 289 2333 1946 2417">
     <span class='ocr_line' id='line_1_44' title="bbox 289 2333 1946 2417; baseline 0.005 -29"><span class='ocrx_word' id='word_1_319' title='bbox 289 2333 620 2411; x_wconf 81' lang='grc' dir='ltr'>καὶάμαχεὶ</span> <span class='ocrx_word' id='word_1_320' title='bbox 668 2335 735 2390; x_wconf 84' lang='grc' dir='ltr'><strong>τᾶ</strong></span> <span class='ocrx_word' id='word_1_321' title='bbox 775 2336 1027 2410; x_wconf 83' lang='grc' dir='ltr'>πλεῖστα,</span> <span class='ocrx_word' id='word_1_322' title='bbox 1081 2339 1157 2402; x_wconf 81' lang='grc' dir='ltr'>είς</span> <span class='ocrx_word' id='word_1_323' title='bbox 1211 2335 1379 2417; x_wconf 82' lang='grc' dir='ltr'>φόϐον</span> <span class='ocrx_word' id='word_1_324' title='bbox 1435 2340 1602 2416; x_wconf 82' lang='grc' dir='ltr'>μέγαν</span> <span class='ocrx_word' id='word_1_325' title='bbox 1659 2345 1946 2414; x_wconf 85' lang='grc' dir='ltr'>καθίστησι</span> 
     </span>
    </p>
   </div>
   <div class='ocr_carea' id='block_1_43' title="bbox 289 2421 1948 2509">
    <p class='ocr_par' dir='ltr' id='par_1_43' title="bbox 289 2421 1948 2509">
     <span class='ocr_line' id='line_1_45' title="bbox 289 2421 1948 2509; baseline 0.008 -31"><span class='ocrx_word' id='word_1_326' title='bbox 289 2425 380 2478; x_wconf 89' lang='grc' dir='ltr'>τὸν</span> <span class='ocrx_word' id='word_1_327' title='bbox 416 2421 682 2496; x_wconf 81' lang='grc' dir='ltr'>δεσπότην</span> <span class='ocrx_word' id='word_1_328' title='bbox 713 2425 804 2480; x_wconf 85' lang='grc' dir='ltr'>καὶ</span> <span class='ocrx_word' id='word_1_329' title='bbox 854 2424 907 2481; x_wconf 87' lang='grc' dir='ltr'>ἐν</span> <span class='ocrx_word' id='word_1_330' title='bbox 949 2432 1120 2500; x_wconf 86' lang='grc' dir='ltr'>στενῷ</span> <span class='ocrx_word' id='word_1_331' title='bbox 1149 2426 1377 2502; x_wconf 86' lang='grc' dir='ltr'>κομιδῆ.</span> <span class='ocrx_word' id='word_1_332' title='bbox 1411 2430 1550 2488; x_wconf 79' lang='grc' dir='ltr'>Τότε</span> <span class='ocrx_word' id='word_1_333' title='bbox 1579 2432 1668 2487; x_wconf 84' lang='grc' dir='ltr'>καὶ</span> <span class='ocrx_word' id='word_1_334' title='bbox 1700 2432 1948 2509; x_wconf 86' lang='grc' dir='ltr'>ἐγγίονος</span> 
     </span>
    </p>
   </div>
   <div class='ocr_carea' id='block_1_44' title="bbox 293 2513 1944 2596">
    <p class='ocr_par' dir='ltr' id='par_1_44' title="bbox 293 2513 1944 2596">
     <span class='ocr_line' id='line_1_46' title="bbox 293 2513 1944 2596; baseline 0.008 -30"><span class='ocrx_word' id='word_1_335' title='bbox 293 2513 454 2584; x_wconf 81' lang='grc' dir='ltr'>ἀξιῶν</span> <span class='ocrx_word' id='word_1_336' title='bbox 503 2514 682 2588; x_wconf 85' lang='grc' dir='ltr'>τύχης</span> <span class='ocrx_word' id='word_1_337' title='bbox 731 2513 889 2570; x_wconf 83' lang='grc' dir='ltr'>αὐτὸν</span> <span class='ocrx_word' id='word_1_338' title='bbox 937 2517 965 2570; x_wconf 90' lang='lat'>6</span> <span class='ocrx_word' id='word_1_339' title='bbox 1008 2521 1244 2591; x_wconf 81' lang='grc' dir='ltr'>κρατῶν,</span> <span class='ocrx_word' id='word_1_340' title='bbox 1298 2517 1516 2593; x_wconf 75' lang='grc' dir='ltr'>πέμψας</span> <span class='ocrx_word' id='word_1_341' title='bbox 1563 2520 1630 2576; x_wconf 71' lang='grc' dir='ltr'>τὰ</span> <span class='ocrx_word' id='word_1_342' title='bbox 1668 2518 1944 2596; x_wconf 88' lang='grc' dir='ltr'>σύμϐολα,</span> 
     </span>
    </p>
   </div>
   <div class='ocr_carea' id='block_1_45' title="bbox 295 2597 1036 2678">
    <p class='ocr_par' dir='ltr' id='par_1_45' title="bbox 295 2597 1036 2678">
     <span class='ocr_line' id='line_1_47' title="bbox 295 2597 1036 2678; baseline 0.011 -25"><span class='ocrx_word' id='word_1_343' title='bbox 295 2597 762 2678; x_wconf 85' lang='grc' dir='ltr'>σεϐαστοκράτορα</span> <span class='ocrx_word' id='word_1_344' title='bbox 790 2605 1036 2668; x_wconf 82' lang='grc' dir='ltr'>καθίστα.</span> 
     </span>
    </p>
   </div>
   <div class='ocr_carea' id='block_1_46' title="bbox 303 2728 1944 2810">
    <p class='ocr_par' dir='ltr' id='par_1_46' title="bbox 303 2728 1944 2810">
     <span class='ocr_line' id='line_1_48' title="bbox 303 2728 1944 2810; baseline 0.008 -26"><span class='ocrx_word' id='word_1_345' title='bbox 303 2728 452 2785; x_wconf 83' lang='lat' dir='ltr'>sime</span> <span class='ocrx_word' id='word_1_346' title='bbox 480 2729 763 2786; x_wconf 79' lang='lat' dir='ltr'>tractavit.</span> <span class='ocrx_word' id='word_1_347' title='bbox 796 2731 1018 2788; x_wconf 87' lang='lat' dir='ltr'>Etcum</span> <span class='ocrx_word' id='word_1_348' title='bbox 1043 2732 1237 2790; x_wconf 85' lang='lat' dir='ltr'>adhuc</span> <span class='ocrx_word' id='word_1_349' title='bbox 1266 2733 1326 2790; x_wconf 81' lang='lat' dir='ltr'>in</span> <span class='ocrx_word' id='word_1_350' title='bbox 1353 2734 1495 2792; x_wconf 85' lang='lat' dir='ltr'>urbe</span> <span class='ocrx_word' id='word_1_351' title='bbox 1518 2736 1662 2793; x_wconf 88' lang='lat' dir='ltr'>nihil</span> <span class='ocrx_word' id='word_1_352' title='bbox 1688 2738 1944 2810; x_wconf 85' lang='lat' dir='ltr'>haberet,</span> 
     </span>
    </p>
   </div>
   <div class='ocr_carea' id='block_1_47' title="bbox 297 2818 1945 2898">
    <p class='ocr_par' dir='ltr' id='par_1_47' title="bbox 297 2818 1945 2898">
     <span class='ocr_line' id='line_1_49' title="bbox 297 2818 1945 2898; baseline 0.007 -24"><span class='ocrx_word' id='word_1_353' title='bbox 297 2823 496 2874; x_wconf 79' lang='lat' dir='ltr'>tamen</span> <span class='ocrx_word' id='word_1_354' title='bbox 526 2835 652 2890; x_wconf 72' lang='lat' dir='ltr'>quae.</span> <span class='ocrx_word' id='word_1_355' title='bbox 693 2818 752 2875; x_wconf 90' lang='lat' dir='ltr'>in</span> <span class='ocrx_word' id='word_1_356' title='bbox 785 2836 854 2876; x_wconf 87' lang='lat' dir='ltr'>ea</span> <span class='ocrx_word' id='word_1_357' title='bbox 904 2819 1015 2876; x_wconf 86' lang='lat' dir='ltr'>sibi</span> <span class='ocrx_word' id='word_1_358' title='bbox 1047 2822 1117 2877; x_wconf 86' lang='lat' dir='ltr'>ab</span> <span class='ocrx_word' id='word_1_359' title='bbox 1152 2823 1277 2894; x_wconf 90' lang='lat' dir='ltr'>ipso</span> <span class='ocrx_word' id='word_1_360' title='bbox 1321 2823 1616 2896; x_wconf 89' lang='lat' dir='ltr'>petierunt</span> <span class='ocrx_word' id='word_1_361' title='bbox 1658 2827 1786 2898; x_wconf 83' lang='lat' dir='ltr'>jam</span> <span class='ocrx_word' id='word_1_362' title='bbox 1818 2833 1945 2886; x_wconf 91' lang='lat' dir='ltr'>tum</span> 
     </span>
    </p>
   </div>
   <div class='ocr_carea' id='block_1_48' title="bbox 297 2908 1945 2989">
    <p class='ocr_par' dir='ltr' id='par_1_48' title="bbox 297 2908 1945 2989">
     <span class='ocr_line' id='line_1_50' title="bbox 297 2908 1945 2989; baseline 0.007 -27"><span class='ocrx_word' id='word_1_363' title='bbox 297 2908 608 2979; x_wconf 86' lang='lat' dir='ltr'>concessit,</span> <span class='ocrx_word' id='word_1_364' title='bbox 657 2909 1018 2966; x_wconf 87' lang='lat' dir='ltr'>traditurum</span> <span class='ocrx_word' id='word_1_365' title='bbox 1067 2928 1131 2968; x_wconf 86' lang='lat' dir='ltr'>se</span> <span class='ocrx_word' id='word_1_366' title='bbox 1180 2913 1549 2985; x_wconf 78' lang='lat' dir='ltr'>promittens,</span> <span class='ocrx_word' id='word_1_367' title='bbox 1581 2915 1632 2971; x_wconf 86' lang='lat' dir='ltr'>si</span> <span class='ocrx_word' id='word_1_368' title='bbox 1683 2933 1945 2989; x_wconf 79' lang='lat' dir='ltr'><strong>unquam</strong></span> 
     </span>
    </p>
   </div>
   <div class='ocr_carea' id='block_1_49' title="bbox 251 2987 1946 3073">
    <p class='ocr_par' dir='ltr' id='par_1_49' title="bbox 251 2987 1946 3073">
     <span class='ocr_line' id='line_1_51' title="bbox 251 2987 1946 3073; baseline 0.008 -23"><span class='ocrx_word' id='word_1_369' title='bbox 251 2987 253 2989; x_wconf 62' lang='grc'><strong>’</strong></span> <span class='ocrx_word' id='word_1_370' title='bbox 306 2996 510 3052; x_wconf 80' lang='lat' dir='ltr'>urbem</span> <span class='ocrx_word' id='word_1_371' title='bbox 545 2999 1128 3071; x_wconf 87' lang='lat' dir='ltr'>recuperaret;idque</span> <span class='ocrx_word' id='word_1_372' title='bbox 1143 3000 1561 3073; x_wconf 85' lang='lat' dir='ltr'>diplomatibus</span> <span class='ocrx_word' id='word_1_373' title='bbox 1591 2987 1946 3063; x_wconf 81' lang='lat' dir='ltr'>aureabulla</span> 
     </span>
    </p>
   </div>
   <div class='ocr_carea' id='block_1_50' title="bbox 297 3085 1943 3162">
    <p class='ocr_par' dir='ltr' id='par_1_50' title="bbox 297 3085 1943 3162">
     <span class='ocr_line' id='line_1_52' title="bbox 297 3085 1943 3162; baseline 0.007 -23"><span class='ocrx_word' id='word_1_374' title='bbox 297 3085 543 3142; x_wconf 84' lang='lat' dir='ltr'>munitis</span> <span class='ocrx_word' id='word_1_375' title='bbox 574 3086 786 3142; x_wconf 82' lang='lat' dir='ltr'>sanxit.</span> <span class='ocrx_word' id='word_1_376' title='bbox 820 3087 1225 3162; x_wconf 89' lang='lat' dir='ltr'>Deincepsque</span> <span class='ocrx_word' id='word_1_377' title='bbox 1249 3091 1334 3147; x_wconf 89' lang='lat' dir='ltr'>sic</span> <span class='ocrx_word' id='word_1_378' title='bbox 1365 3107 1500 3147; x_wconf 91' lang='lat' dir='ltr'>cum</span> <span class='ocrx_word' id='word_1_379' title='bbox 1531 3093 1603 3148; x_wconf 92' lang='lat' dir='ltr'>iis</span> <span class='ocrx_word' id='word_1_380' title='bbox 1636 3093 1793 3150; x_wconf 88' lang='lat' dir='ltr'>velut</span> <span class='ocrx_word' id='word_1_381' title='bbox 1813 3111 1943 3152; x_wconf 90' lang='lat' dir='ltr'>cum</span> 
     </span>
    </p>
   </div>
   <div class='ocr_carea' id='block_1_51' title="bbox 298 3174 1947 3248">
    <p class='ocr_par' dir='ltr' id='par_1_51' title="bbox 298 3174 1947 3248">
     <span class='ocr_line' id='line_1_53' title="bbox 298 3174 1947 3248; baseline 0.007 -19"><span class='ocrx_word' id='word_1_382' title='bbox 298 3175 424 3231; x_wconf 87' lang='lat' dir='ltr'>suis</span> <span class='ocrx_word' id='word_1_383' title='bbox 457 3174 598 3248; x_wconf 87' lang='lat' dir='ltr'>egit,</span> <span class='ocrx_word' id='word_1_384' title='bbox 619 3179 676 3232; x_wconf 91' lang='lat' dir='ltr'>et</span> <span class='ocrx_word' id='word_1_385' title='bbox 696 3178 1095 3248; x_wconf 85' lang='lat' dir='ltr'>experimenta</span> <span class='ocrx_word' id='word_1_386' title='bbox 1117 3184 1334 3236; x_wconf 68' lang='lat' dir='ltr'>mutua:</span> <span class='ocrx_word' id='word_1_387' title='bbox 1358 3180 1584 3238; x_wconf 65' lang='lat' dir='ltr'>ﬁduciis</span> <span class='ocrx_word' id='word_1_388' title='bbox 1611 3183 1759 3239; x_wconf 87' lang='lat' dir='ltr'>dans</span> <span class='ocrx_word' id='word_1_389' title='bbox 1781 3183 1947 3240; x_wconf 82' lang='lat' dir='ltr'>vicis-</span> 
     </span>
    </p>
   </div>
   <div class='ocr_carea' id='block_1_52' title="bbox 298 3265 1945 3343">
    <p class='ocr_par' dir='ltr' id='par_1_52' title="bbox 298 3265 1945 3343">
     <span class='ocr_line' id='line_1_54' title="bbox 298 3265 1945 3343; baseline 0.007 -24"><span class='ocrx_word' id='word_1_390' title='bbox 298 3265 410 3320; x_wconf 91' lang='lat' dir='ltr'>sim</span> <span class='ocrx_word' id='word_1_391' title='bbox 443 3270 501 3321; x_wconf 91' lang='lat' dir='ltr'>et</span> <span class='ocrx_word' id='word_1_392' title='bbox 532 3266 825 3339; x_wconf 84' lang='lat' dir='ltr'>accipiens</span> <span class='ocrx_word' id='word_1_393' title='bbox 869 3269 1178 3341; x_wconf 87' lang='lat' dir='ltr'>suspendit</span> <span class='ocrx_word' id='word_1_394' title='bbox 1221 3270 1658 3328; x_wconf 86' lang='lat' dir='ltr'>conclusionem</span> <span class='ocrx_word' id='word_1_395' title='bbox 1691 3273 1945 3343; x_wconf 62' lang='lat' dir='ltr'>foederis,</span> 
     </span>
    </p>
   </div>
   <div class='ocr_carea' id='block_1_53' title="bbox 299 3355 1945 3434">
    <p class='ocr_par' dir='ltr' id='par_1_53' title="bbox 299 3355 1945 3434">
     <span class='ocr_line' id='line_1_55' title="bbox 299 3355 1945 3434; baseline 0.007 -26"><span class='ocrx_word' id='word_1_396' title='bbox 299 3359 640 3426; x_wconf 83' lang='lat' dir='ltr'>exspectans</span> <span class='ocrx_word' id='word_1_397' title='bbox 683 3355 905 3427; x_wconf 83' lang='lat' dir='ltr'>aliquid</span> <span class='ocrx_word' id='word_1_398' title='bbox 936 3358 1128 3428; x_wconf 83' lang='lat' dir='ltr'>majus</span> <span class='ocrx_word' id='word_1_399' title='bbox 1177 3375 1246 3414; x_wconf 82' lang='lat' dir='ltr'>ex</span> <span class='ocrx_word' id='word_1_400' title='bbox 1293 3359 1388 3416; x_wconf 89' lang='lat' dir='ltr'>his</span> <span class='ocrx_word' id='word_1_401' title='bbox 1437 3377 1567 3432; x_wconf 65' lang='lat' dir='ltr'>quas</span> <span class='ocrx_word' id='word_1_402' title='bbox 1616 3361 1945 3434; x_wconf 82' lang='lat' dir='ltr'>legatorum</span> 
     </span>
    </p>
   </div>
   <div class='ocr_carea' id='block_1_54' title="bbox 300 3441 1948 3519">
    <p class='ocr_par' dir='ltr' id='par_1_54' title="bbox 300 3441 1948 3519">
     <span class='ocr_line' id='line_1_56' title="bbox 300 3441 1948 3519; baseline 0.006 -23"><span class='ocrx_word' id='word_1_403' title='bbox 300 3457 571 3498; x_wconf 88' lang='lat' dir='ltr'>sermone</span> <span class='ocrx_word' id='word_1_404' title='bbox 597 3441 902 3498; x_wconf 77' lang='lat' dir='ltr'>didicerat.</span> <span class='ocrx_word' id='word_1_405' title='bbox 926 3445 1312 3501; x_wconf 87' lang='lat' dir='ltr'>Occiduarum</span> <span class='ocrx_word' id='word_1_406' title='bbox 1351 3464 1523 3519; x_wconf 90' lang='lat' dir='ltr'>porro</span> <span class='ocrx_word' id='word_1_407' title='bbox 1555 3465 1752 3506; x_wconf 87' lang='lat' dir='ltr'>rerum</span> <span class='ocrx_word' id='word_1_408' title='bbox 1785 3451 1948 3507; x_wconf 89' lang='lat' dir='ltr'>solli-</span> 
     </span>
    </p>
   </div>
   <div class='ocr_carea' id='block_1_55' title="bbox 299 3529 1944 3610">
    <p class='ocr_par' dir='ltr' id='par_1_55' title="bbox 299 3529 1944 3610">
     <span class='ocr_line' id='line_1_57' title="bbox 299 3529 1944 3610; baseline 0.006 -24"><span class='ocrx_word' id='word_1_409' title='bbox 299 3531 496 3586; x_wconf 88' lang='lat' dir='ltr'>citudo</span> <span class='ocrx_word' id='word_1_410' title='bbox 528 3529 695 3585; x_wconf 88' lang='lat' dir='ltr'>illum</span> <span class='ocrx_word' id='word_1_411' title='bbox 729 3533 965 3603; x_wconf 85' lang='lat' dir='ltr'>penitus</span> <span class='ocrx_word' id='word_1_412' title='bbox 992 3534 1230 3606; x_wconf 85' lang='lat' dir='ltr'>urebat;</span> <span class='ocrx_word' id='word_1_413' title='bbox 1262 3552 1442 3608; x_wconf 88' lang='lat' dir='ltr'>quare</span> <span class='ocrx_word' id='word_1_414' title='bbox 1471 3535 1612 3594; x_wconf 90' lang='lat' dir='ltr'>illuc</span> <span class='ocrx_word' id='word_1_415' title='bbox 1640 3539 1944 3610; x_wconf 89' lang='lat' dir='ltr'>proprium</span> 
     </span>
    </p>
   </div>
   <div class='ocr_carea' id='block_1_56' title="bbox 299 3619 1943 3694">
    <p class='ocr_par' dir='ltr' id='par_1_56' title="bbox 299 3619 1943 3694">
     <span class='ocr_line' id='line_1_58' title="bbox 299 3619 1943 3694; baseline 0.007 -19"><span class='ocrx_word' id='word_1_416' title='bbox 299 3621 534 3676; x_wconf 81' lang='lat' dir='ltr'>fratrem</span> <span class='ocrx_word' id='word_1_417' title='bbox 583 3619 896 3688; x_wconf 80' lang='lat' dir='ltr'>Joannem,</span> <span class='ocrx_word' id='word_1_418' title='bbox 929 3639 1210 3694; x_wconf 87' lang='lat' dir='ltr'>magnum</span> <span class='ocrx_word' id='word_1_419' title='bbox 1261 3629 1388 3681; x_wconf 89' lang='lat' dir='ltr'>tum</span> <span class='ocrx_word' id='word_1_420' title='bbox 1439 3626 1632 3684; x_wconf 87' lang='lat' dir='ltr'>adhuc</span> <span class='ocrx_word' id='word_1_421' title='bbox 1663 3628 1943 3686; x_wconf 88' lang='lat' dir='ltr'>domesti-</span> 
     </span>
    </p>
   </div>
   <div class='ocr_carea' id='block_1_57' title="bbox 300 3708 1596 3784">
    <p class='ocr_par' dir='ltr' id='par_1_57' title="bbox 300 3708 1596 3784">
     <span class='ocr_line' id='line_1_59' title="bbox 300 3708 1596 3784; baseline 0.006 -21"><span class='ocrx_word' id='word_1_422' title='bbox 300 3724 456 3777; x_wconf 90' lang='lat' dir='ltr'>cum,</span> <span class='ocrx_word' id='word_1_423' title='bbox 490 3724 625 3764; x_wconf 90' lang='lat' dir='ltr'>cum</span> <span class='ocrx_word' id='word_1_424' title='bbox 658 3708 956 3782; x_wconf 86' lang='lat' dir='ltr'>plerisque</span> <span class='ocrx_word' id='word_1_425' title='bbox 985 3711 1285 3784; x_wconf 87' lang='lat' dir='ltr'>copiarum</span> <span class='ocrx_word' id='word_1_426' title='bbox 1321 3713 1596 3771; x_wconf 88' lang='lat' dir='ltr'>destinat.</span> 
     </span>
    </p>
   </div>
   <div class='ocr_carea' id='block_1_58' title="bbox 341 3818 1911 3896">
    <p class='ocr_par' dir='ltr' id='par_1_58' title="bbox 341 3818 1911 3896">
     <span class='ocr_line' id='line_1_60' title="bbox 341 3818 1911 3896; baseline 0.006 -25"><span class='ocrx_word' id='word_1_427' title='bbox 341 3818 424 3872; x_wconf 84' lang='grc'>11.</span> <span class='ocrx_word' id='word_1_428' title='bbox 462 3819 524 3876; x_wconf 92' lang='lat' dir='ltr'>Ut</span> <span class='ocrx_word' id='word_1_429' title='bbox 553 3818 904 3891; x_wconf 74' lang='lat' dir='ltr'>imperatoris</span> <span class='ocrx_word' id='word_1_430' title='bbox 939 3823 1120 3892; x_wconf 78' lang='lat' dir='ltr'>frater</span> <span class='ocrx_word' id='word_1_431' title='bbox 1149 3822 1386 3879; x_wconf 74' lang='lat' dir='ltr'>Joannes</span> <span class='ocrx_word' id='word_1_432' title='bbox 1417 3822 1486 3878; x_wconf 86' lang='lat' dir='ltr'>ad</span> <span class='ocrx_word' id='word_1_433' title='bbox 1514 3822 1808 3896; x_wconf 75' lang='lat' dir='ltr'>dignitates</span> <span class='ocrx_word' id='word_1_434' title='bbox 1836 3825 1911 3881; x_wconf 78' lang='lat' dir='ltr'>sit</span> 
     </span>
    </p>
   </div>
   <div class='ocr_carea' id='block_1_59' title="bbox 973 3897 1276 3964">
    <p class='ocr_par' dir='ltr' id='par_1_59' title="bbox 973 3897 1276 3964">
     <span class='ocr_line' id='line_1_61' title="bbox 973 3897 1276 3964; baseline 0 -16"><span class='ocrx_word' id='word_1_435' title='bbox 973 3897 1276 3964; x_wconf 82' lang='lat' dir='ltr'>promotus.</span> 
     </span>
    </p>
   </div>
   <div class='ocr_carea' id='block_1_60' title="bbox 375 3979 1942 4059">
    <p class='ocr_par' dir='ltr' id='par_1_60' title="bbox 375 3979 1942 4059">
     <span class='ocr_line' id='line_1_62' title="bbox 375 3979 1942 4059; baseline 0.005 -25"><span class='ocrx_word' id='word_1_436' title='bbox 375 3979 428 4035; x_wconf 90' lang='lat' dir='ltr'>Is</span> <span class='ocrx_word' id='word_1_437' title='bbox 459 3979 531 4036; x_wconf 91' lang='lat' dir='ltr'>ad</span> <span class='ocrx_word' id='word_1_438' title='bbox 565 3979 888 4037; x_wconf 89' lang='lat' dir='ltr'>Occiduum</span> <span class='ocrx_word' id='word_1_439' title='bbox 921 3981 1152 4039; x_wconf 89' lang='lat' dir='ltr'>delatus</span> <span class='ocrx_word' id='word_1_440' title='bbox 1181 3983 1430 4040; x_wconf 88' lang='lat' dir='ltr'>limitem</span> <span class='ocrx_word' id='word_1_441' title='bbox 1457 3985 1686 4058; x_wconf 85' lang='lat' dir='ltr'>magnis</span> <span class='ocrx_word' id='word_1_442' title='bbox 1717 3986 1798 4041; x_wconf 91' lang='lat' dir='ltr'>ibi</span> <span class='ocrx_word' id='word_1_443' title='bbox 1824 3987 1942 4059; x_wconf 86' lang='lat' dir='ltr'>spi-</span> 
     </span>
    </p>
   </div>
   <div class='ocr_carea' id='block_1_61' title="bbox 303 4067 1945 4146">
    <p class='ocr_par' dir='ltr' id='par_1_61' title="bbox 303 4067 1945 4146">
     <span class='ocr_line' id='line_1_63' title="bbox 303 4067 1945 4146; baseline 0.006 -24"><span class='ocrx_word' id='word_1_444' title='bbox 303 4067 513 4125; x_wconf 83' lang='lat' dir='ltr'>ritibus</span> <span class='ocrx_word' id='word_1_445' title='bbox 563 4085 685 4125; x_wconf 89' lang='lat' dir='ltr'>rem</span> <span class='ocrx_word' id='word_1_446' title='bbox 744 4087 954 4142; x_wconf 86' lang='lat' dir='ltr'>gerens</span> <span class='ocrx_word' id='word_1_447' title='bbox 1004 4076 1286 4129; x_wconf 91' lang='lat' dir='ltr'>terrorem</span> <span class='ocrx_word' id='word_1_448' title='bbox 1346 4073 1438 4129; x_wconf 89' lang='lat' dir='ltr'>sui</span> <span class='ocrx_word' id='word_1_449' title='bbox 1498 4089 1602 4146; x_wconf 90' lang='lat' dir='ltr'>per</span> <span class='ocrx_word' id='word_1_450' title='bbox 1649 4075 1782 4132; x_wconf 91' lang='lat' dir='ltr'>illos</span> <span class='ocrx_word' id='word_1_451' title='bbox 1829 4075 1945 4132; x_wconf 90' lang='lat' dir='ltr'>late</span> 
     </span>
    </p>
   </div>
   <div class='ocr_carea' id='block_1_62' title="bbox 301 4158 1945 4235">
    <p class='ocr_par' dir='ltr' id='par_1_62' title="bbox 301 4158 1945 4235">
     <span class='ocr_line' id='line_1_64' title="bbox 301 4158 1945 4235; baseline 0.005 -23"><span class='ocrx_word' id='word_1_452' title='bbox 301 4158 546 4229; x_wconf 86' lang='lat' dir='ltr'>populos</span> <span class='ocrx_word' id='word_1_453' title='bbox 592 4158 890 4232; x_wconf 85' lang='lat' dir='ltr'>ingentem</span> <span class='ocrx_word' id='word_1_454' title='bbox 940 4163 1180 4234; x_wconf 88' lang='lat' dir='ltr'>sparsit.</span> <span class='ocrx_word' id='word_1_455' title='bbox 1215 4162 1516 4218; x_wconf 89' lang='lat' dir='ltr'>Fiduciam</span> <span class='ocrx_word' id='word_1_456' title='bbox 1567 4165 1945 4235; x_wconf 84' lang='lat' dir='ltr'>audendiju-</span> 
     </span>
    </p>
   </div>
   <div class='ocr_carea' id='block_1_63' title="bbox 297 4246 1945 4326">
    <p class='ocr_par' dir='ltr' id='par_1_63' title="bbox 297 4246 1945 4326">
     <span class='ocr_line' id='line_1_65' title="bbox 297 4246 1945 4326; baseline 0.006 -26"><span class='ocrx_word' id='word_1_457' title='bbox 297 4246 431 4301; x_wconf 90' lang='lat' dir='ltr'>veni</span> <span class='ocrx_word' id='word_1_458' title='bbox 463 4247 638 4304; x_wconf 86' lang='lat' dir='ltr'>dabat</span> <span class='ocrx_word' id='word_1_459' title='bbox 666 4253 724 4304; x_wconf 90' lang='lat' dir='ltr'>et</span> <span class='ocrx_word' id='word_1_460' title='bbox 754 4250 939 4305; x_wconf 83' lang='lat' dir='ltr'>fervor</span> <span class='ocrx_word' id='word_1_461' title='bbox 968 4251 1174 4320; x_wconf 72' lang='lat' dir='ltr'>aetatis,</span> <span class='ocrx_word' id='word_1_462' title='bbox 1207 4261 1264 4308; x_wconf 91' lang='lat' dir='ltr'>et</span> <span class='ocrx_word' id='word_1_463' title='bbox 1295 4252 1596 4324; x_wconf 81' lang='lat' dir='ltr'>copiarum</span> <span class='ocrx_word' id='word_1_464' title='bbox 1630 4255 1778 4309; x_wconf 78' lang='grc'>107</span> <span class='ocrx_word' id='word_1_465' title='bbox 1815 4255 1945 4326; x_wconf 82' lang='lat' dir='ltr'>qui-</span> 
     </span>
    </p>
   </div>
   <div class='ocr_carea' id='block_1_64' title="bbox 297 4335 1942 4412">
    <p class='ocr_par' dir='ltr' id='par_1_64' title="bbox 297 4335 1942 4412">
     <span class='ocr_line' id='line_1_66' title="bbox 297 4335 1942 4412; baseline 0.005 -22"><span class='ocrx_word' id='word_1_466' title='bbox 297 4335 410 4390; x_wconf 89' lang='lat' dir='ltr'>bus</span> <span class='ocrx_word' id='word_1_467' title='bbox 441 4341 566 4391; x_wconf 88' lang='lat' dir='ltr'>erat</span> <span class='ocrx_word' id='word_1_468' title='bbox 595 4338 933 4394; x_wconf 89' lang='lat' dir='ltr'>succinctus</span> <span class='ocrx_word' id='word_1_469' title='bbox 965 4341 1318 4412; x_wconf 89' lang='lat' dir='ltr'>optimarum</span> <span class='ocrx_word' id='word_1_470' title='bbox 1345 4343 1524 4398; x_wconf 90' lang='lat' dir='ltr'>robur</span> <span class='ocrx_word' id='word_1_471' title='bbox 1552 4347 1608 4397; x_wconf 88' lang='lat' dir='ltr'>et</span> <span class='ocrx_word' id='word_1_472' title='bbox 1639 4359 1942 4399; x_wconf 88' lang='lat' dir='ltr'>numerus.</span> 
     </span>
    </p>
   </div>
   <div class='ocr_carea' id='block_1_65' title="bbox 297 4423 1941 4498">
    <p class='ocr_par' dir='ltr' id='par_1_65' title="bbox 297 4423 1941 4498">
     <span class='ocr_line' id='line_1_67' title="bbox 297 4423 1941 4498; baseline 0.004 -18"><span class='ocrx_word' id='word_1_473' title='bbox 297 4423 457 4496; x_wconf 85' lang='lat' dir='ltr'>Cepit</span> <span class='ocrx_word' id='word_1_474' title='bbox 488 4441 624 4496; x_wconf 89' lang='lat' dir='ltr'>ergo</span> <span class='ocrx_word' id='word_1_475' title='bbox 659 4426 804 4482; x_wconf 89' lang='lat' dir='ltr'>mira</span> <span class='ocrx_word' id='word_1_476' title='bbox 835 4427 1126 4485; x_wconf 90' lang='lat' dir='ltr'>celeritate</span> <span class='ocrx_word' id='word_1_477' title='bbox 1155 4446 1346 4486; x_wconf 86' lang='lat' dir='ltr'>arcem</span> <span class='ocrx_word' id='word_1_478' title='bbox 1379 4431 1451 4486; x_wconf 88' lang='lat' dir='ltr'>ad</span> <span class='ocrx_word' id='word_1_479' title='bbox 1481 4431 1718 4498; x_wconf 88' lang='lat' dir='ltr'>Canina,</span> <span class='ocrx_word' id='word_1_480' title='bbox 1750 4448 1941 4487; x_wconf 86' lang='lat' dir='ltr'>arcem</span> 
     </span>
    </p>
   </div>
   <div class='ocr_carea' id='block_1_66' title="bbox 298 4500 2021 4592">
    <p class='ocr_par' dir='ltr' id='par_1_66' title="bbox 298 4500 2021 4592">
     <span class='ocr_line' id='line_1_68' title="bbox 298 4500 2021 4592; baseline 0.005 -23"><span class='ocrx_word' id='word_1_481' title='bbox 298 4511 415 4569; x_wconf 87' lang='lat' dir='ltr'>alia</span> <span class='ocrx_word' id='word_1_482' title='bbox 445 4514 516 4568; x_wconf 90' lang='lat' dir='ltr'>ad</span> <span class='ocrx_word' id='word_1_483' title='bbox 547 4514 890 4587; x_wconf 88' lang='lat' dir='ltr'>Bellagrada</span> <span class='ocrx_word' id='word_1_484' title='bbox 918 4517 1086 4585; x_wconf 89' lang='lat' dir='ltr'>sitas,</span> <span class='ocrx_word' id='word_1_485' title='bbox 1119 4523 1398 4590; x_wconf 65' lang='lat' dir='ltr'>prieterea</span> <span class='ocrx_word' id='word_1_486' title='bbox 1435 4518 1716 4592; x_wconf 88' lang='lat' dir='ltr'>Pologum</span> <span class='ocrx_word' id='word_1_487' title='bbox 1750 4525 1806 4576; x_wconf 91' lang='lat' dir='ltr'>et</span> <span class='ocrx_word' id='word_1_488' title='bbox 1837 4519 1942 4576; x_wconf 87' lang='lat' dir='ltr'>Co-</span> <span class='ocrx_word' id='word_1_489' title='bbox 1974 4500 2021 4564; x_wconf 82' lang='lat' dir='ltr'><strong>D</strong></span> 
     </span>
    </p>
   </div>
   <div class='ocr_carea' id='block_1_67' title="bbox 297 4602 1942 4681">
    <p class='ocr_par' dir='ltr' id='par_1_67' title="bbox 297 4602 1942 4681">
     <span class='ocr_line' id='line_1_69' title="bbox 297 4602 1942 4681; baseline 0.005 -24"><span class='ocrx_word' id='word_1_490' title='bbox 297 4602 563 4671; x_wconf 88' lang='lat' dir='ltr'>loneam;</span> <span class='ocrx_word' id='word_1_491' title='bbox 609 4605 846 4677; x_wconf 86' lang='lat' dir='ltr'>subegit</span> <span class='ocrx_word' id='word_1_492' title='bbox 891 4607 1234 4674; x_wconf 84' lang='lat' dir='ltr'>Castoriam,</span> <span class='ocrx_word' id='word_1_493' title='bbox 1280 4608 1683 4679; x_wconf 87' lang='lat' dir='ltr'>Pelagoniam,</span> <span class='ocrx_word' id='word_1_494' title='bbox 1732 4609 1942 4681; x_wconf 79' lang='lat' dir='ltr'>Duras,</span> 
     </span>
    </p>
   </div>
   <div class='ocr_carea' id='block_1_68' title="bbox 301 4691 1942 4771">
    <p class='ocr_par' dir='ltr' id='par_1_68' title="bbox 301 4691 1942 4771">
     <span class='ocr_line' id='line_1_70' title="bbox 301 4691 1942 4771; baseline 0.004 -23"><span class='ocrx_word' id='word_1_495' title='bbox 301 4691 646 4748; x_wconf 89' lang='lat' dir='ltr'>Tzernicum</span> <span class='ocrx_word' id='word_1_496' title='bbox 678 4711 912 4767; x_wconf 91' lang='lat' dir='ltr'>quoque</span> <span class='ocrx_word' id='word_1_497' title='bbox 961 4701 1016 4752; x_wconf 90' lang='lat' dir='ltr'>et</span> <span class='ocrx_word' id='word_1_498' title='bbox 1068 4697 1336 4754; x_wconf 89' lang='lat' dir='ltr'>Diabolin</span> <span class='ocrx_word' id='word_1_499' title='bbox 1386 4703 1444 4754; x_wconf 92' lang='lat' dir='ltr'>et</span> <span class='ocrx_word' id='word_1_500' title='bbox 1491 4699 1942 4771; x_wconf 83' lang='lat' dir='ltr'>Prilapum,Bo-</span> 
     </span>
    </p>
   </div>
   <div class='ocr_carea' id='block_1_69' title="bbox 300 4781 1940 4857">
    <p class='ocr_par' dir='ltr' id='par_1_69' title="bbox 300 4781 1940 4857">
     <span class='ocr_line' id='line_1_71' title="bbox 300 4781 1940 4857; baseline 0.005 -22"><span class='ocrx_word' id='word_1_501' title='bbox 300 4781 484 4837; x_wconf 88' lang='lat' dir='ltr'>deena</span> <span class='ocrx_word' id='word_1_502' title='bbox 527 4783 667 4838; x_wconf 90' lang='lat' dir='ltr'>item</span> <span class='ocrx_word' id='word_1_503' title='bbox 699 4789 755 4839; x_wconf 90' lang='lat' dir='ltr'>et</span> <span class='ocrx_word' id='word_1_504' title='bbox 785 4786 1056 4842; x_wconf 86' lang='lat' dir='ltr'>Bostram</span> <span class='ocrx_word' id='word_1_505' title='bbox 1104 4786 1359 4843; x_wconf 86' lang='lat' dir='ltr'>insulam</span> <span class='ocrx_word' id='word_1_506' title='bbox 1408 4788 1467 4844; x_wconf 91' lang='lat' dir='ltr'>in</span> <span class='ocrx_word' id='word_1_507' title='bbox 1520 4789 1940 4857; x_wconf 86' lang='lat' dir='ltr'>lacu,Petram,</span> 
     </span>
    </p>
   </div>
   <div class='ocr_carea' id='block_1_70' title="bbox 297 4873 1941 4951">
    <p class='ocr_par' dir='ltr' id='par_1_70' title="bbox 297 4873 1941 4951">
     <span class='ocr_line' id='line_1_72' title="bbox 297 4873 1941 4951; baseline 0.005 -28"><span class='ocrx_word' id='word_1_508' title='bbox 297 4873 603 4942; x_wconf 86' lang='lat' dir='ltr'>Prespam,</span> <span class='ocrx_word' id='word_1_509' title='bbox 633 4875 946 4944; x_wconf 80' lang='lat' dir='ltr'>Steridola,</span> <span class='ocrx_word' id='word_1_510' title='bbox 994 4876 1311 4932; x_wconf 86' lang='lat' dir='ltr'>Acbridam</span> <span class='ocrx_word' id='word_1_511' title='bbox 1344 4882 1401 4934; x_wconf 88' lang='lat' dir='ltr'>et</span> <span class='ocrx_word' id='word_1_512' title='bbox 1431 4878 1760 4951; x_wconf 83' lang='lat' dir='ltr'>Illyriorum</span> <span class='ocrx_word' id='word_1_513' title='bbox 1810 4895 1941 4933; x_wconf 88' lang='lat' dir='ltr'>mu-</span> 
     </span>
    </p>
   </div>
   <div class='ocr_carea' id='block_1_71' title="bbox 297 4960 1944 5039">
    <p class='ocr_par' dir='ltr' id='par_1_71' title="bbox 297 4960 1944 5039">
     <span class='ocr_line' id='line_1_73' title="bbox 297 4960 1944 5039; baseline 0.005 -26"><span class='ocrx_word' id='word_1_514' title='bbox 297 4960 572 5030; x_wconf 88' lang='lat' dir='ltr'>nitiones,</span> <span class='ocrx_word' id='word_1_515' title='bbox 606 4961 1031 5034; x_wconf 80' lang='lat' dir='ltr'>Dyrrhachium</span> <span class='ocrx_word' id='word_1_516' title='bbox 1088 4981 1272 5036; x_wconf 79' lang='lat' dir='ltr'>usque</span> <span class='ocrx_word' id='word_1_517' title='bbox 1318 4972 1546 5022; x_wconf 88' lang='lat' dir='ltr'>armata</span> <span class='ocrx_word' id='word_1_518' title='bbox 1594 4983 1944 5039; x_wconf 85' lang='lat' dir='ltr'>progressus</span> 
     </span>
    </p>
   </div>
   <div class='ocr_carea' id='block_1_72' title="bbox 293 5055 1945 5124">
    <p class='ocr_par' dir='ltr' id='par_1_72' title="bbox 293 5055 1945 5124">
     <span class='ocr_line' id='line_1_74' title="bbox 293 5055 1945 5124; baseline 0.005 -20"><span class='ocrx_word' id='word_1_519' title='bbox 293 5067 493 5105; x_wconf 90' lang='lat' dir='ltr'>manu.</span> <span class='ocrx_word' id='word_1_520' title='bbox 548 5057 878 5124; x_wconf 86' lang='lat' dir='ltr'>Aggressus</span> <span class='ocrx_word' id='word_1_521' title='bbox 933 5055 1107 5110; x_wconf 88' lang='lat' dir='ltr'>etiam</span> <span class='ocrx_word' id='word_1_522' title='bbox 1163 5056 1393 5112; x_wconf 78' lang='lat' dir='ltr'>Patrum</span> <span class='ocrx_word' id='word_1_523' title='bbox 1443 5062 1499 5113; x_wconf 89' lang='lat' dir='ltr'>et</span> <span class='ocrx_word' id='word_1_524' title='bbox 1561 5057 1822 5123; x_wconf 87' lang='lat' dir='ltr'>Triccen,</span> <span class='ocrx_word' id='word_1_525' title='bbox 1889 5062 1945 5112; x_wconf 93' lang='lat' dir='ltr'>et</span> 
     </span>
    </p>
   </div>
   <div class='ocr_carea' id='block_1_73' title="bbox 298 5139 1944 5217">
    <p class='ocr_par' dir='ltr' id='par_1_73' title="bbox 298 5139 1944 5217">
     <span class='ocr_line' id='line_1_75' title="bbox 298 5139 1944 5217; baseline 0.002 -22"><span class='ocrx_word' id='word_1_526' title='bbox 298 5139 528 5196; x_wconf 86' lang='lat' dir='ltr'>cunctis</span> <span class='ocrx_word' id='word_1_527' title='bbox 565 5156 668 5212; x_wconf 90' lang='lat' dir='ltr'>per</span> <span class='ocrx_word' id='word_1_528' title='bbox 697 5142 1006 5198; x_wconf 89' lang='lat' dir='ltr'>circuitum</span> <span class='ocrx_word' id='word_1_529' title='bbox 1040 5143 1335 5200; x_wconf 88' lang='lat' dir='ltr'>deditione</span> <span class='ocrx_word' id='word_1_530' title='bbox 1376 5145 1617 5217; x_wconf 78' lang='lat' dir='ltr'>potitus,</span> <span class='ocrx_word' id='word_1_531' title='bbox 1651 5144 1944 5216; x_wconf 88' lang='lat' dir='ltr'>plerisque</span> 
     </span>
    </p>
   </div>
   <div class='ocr_carea' id='block_1_74' title="bbox 299 5228 1942 5302">
    <p class='ocr_par' dir='ltr' id='par_1_74' title="bbox 299 5228 1942 5302">
     <span class='ocr_line' id='line_1_76' title="bbox 299 5228 1942 5302; baseline 0.002 -18"><span class='ocrx_word' id='word_1_532' title='bbox 299 5228 429 5284; x_wconf 87' lang='lat' dir='ltr'>sine</span> <span class='ocrx_word' id='word_1_533' title='bbox 458 5231 695 5287; x_wconf 88' lang='lat' dir='ltr'>admota</span> <span class='ocrx_word' id='word_1_534' title='bbox 748 5232 802 5286; x_wconf 90' lang='lat' dir='ltr'>vi</span> <span class='ocrx_word' id='word_1_535' title='bbox 846 5232 969 5290; x_wconf 92' lang='lat' dir='ltr'>solo</span> <span class='ocrx_word' id='word_1_536' title='bbox 1000 5237 1218 5290; x_wconf 86' lang='lat' dir='ltr'>terrore</span> <span class='ocrx_word' id='word_1_537' title='bbox 1265 5234 1590 5302; x_wconf 85' lang='lat' dir='ltr'>debellatis,</span> <span class='ocrx_word' id='word_1_538' title='bbox 1622 5233 1942 5290; x_wconf 74' lang='lat' dir='ltr'>niaximum</span> 
     </span>
    </p>
   </div>
   <div class='ocr_carea' id='block_1_75' title="bbox 245 5316 1942 5395">
    <p class='ocr_par' dir='ltr' id='par_1_75' title="bbox 245 5316 1942 5395">
     <span class='ocr_line' id='line_1_77' title="bbox 245 5316 1942 5395; baseline 0.001 -21"><span class='ocrx_word' id='word_1_539' title='bbox 245 5357 260 5374; x_wconf 83' lang='lat'>.</span> <span class='ocrx_word' id='word_1_540' title='bbox 300 5316 555 5375; x_wconf 88' lang='lat' dir='ltr'>incussit</span> <span class='ocrx_word' id='word_1_541' title='bbox 613 5325 836 5378; x_wconf 89' lang='lat' dir='ltr'>metum</span> <span class='ocrx_word' id='word_1_542' title='bbox 895 5322 1219 5378; x_wconf 88' lang='lat' dir='ltr'>dominanti</span> <span class='ocrx_word' id='word_1_543' title='bbox 1277 5323 1397 5379; x_wconf 90' lang='lat' dir='ltr'>illic</span> <span class='ocrx_word' id='word_1_544' title='bbox 1453 5323 1727 5395; x_wconf 69' lang='lat' dir='ltr'>despotte,</span> <span class='ocrx_word' id='word_1_545' title='bbox 1778 5329 1837 5378; x_wconf 92' lang='lat' dir='ltr'>et</span> <span class='ocrx_word' id='word_1_546' title='bbox 1885 5323 1942 5376; x_wconf 91' lang='lat' dir='ltr'>in</span> 
     </span>
    </p>
   </div>
   <div class='ocr_carea' id='block_1_76' title="bbox 303 5409 1945 5484">
    <p class='ocr_par' dir='ltr' id='par_1_76' title="bbox 303 5409 1945 5484">
     <span class='ocr_line' id='line_1_78' title="bbox 303 5409 1945 5484; baseline 0.005 -22"><span class='ocrx_word' id='word_1_547' title='bbox 303 5409 494 5464; x_wconf 88' lang='lat' dir='ltr'>arctas</span> <span class='ocrx_word' id='word_1_548' title='bbox 525 5409 693 5466; x_wconf 91' lang='lat' dir='ltr'>illum</span> <span class='ocrx_word' id='word_1_549' title='bbox 737 5413 1040 5484; x_wconf 82' lang='lat' dir='ltr'>angustias</span> <span class='ocrx_word' id='word_1_550' title='bbox 1072 5413 1384 5468; x_wconf 89' lang='lat' dir='ltr'>contrusit.</span> <span class='ocrx_word' id='word_1_551' title='bbox 1419 5412 1642 5476; x_wconf 89' lang='lat' dir='ltr'>Quibus</span> <span class='ocrx_word' id='word_1_552' title='bbox 1669 5411 1945 5469; x_wconf 71' lang='lat' dir='ltr'>Palreolo-</span> 
     </span>
    </p>
   </div>
   <div class='ocr_carea' id='block_1_77' title="bbox 297 5500 1943 5573">
    <p class='ocr_par' dir='ltr' id='par_1_77' title="bbox 297 5500 1943 5573">
     <span class='ocr_line' id='line_1_79' title="bbox 297 5500 1943 5573; baseline 0.004 -20"><span class='ocrx_word' id='word_1_553' title='bbox 297 5512 408 5568; x_wconf 85' lang='lat' dir='ltr'>gus</span> <span class='ocrx_word' id='word_1_554' title='bbox 441 5500 717 5573; x_wconf 86' lang='lat' dir='ltr'>cognitis,</span> <span class='ocrx_word' id='word_1_555' title='bbox 749 5505 864 5558; x_wconf 87' lang='lat' dir='ltr'>tam</span> <span class='ocrx_word' id='word_1_556' title='bbox 898 5507 1203 5558; x_wconf 90' lang='lat' dir='ltr'>strenuum</span> <span class='ocrx_word' id='word_1_557' title='bbox 1238 5503 1474 5558; x_wconf 82' lang='lat' dir='ltr'>fratrem</span> <span class='ocrx_word' id='word_1_558' title='bbox 1507 5502 1750 5573; x_wconf 87' lang='lat' dir='ltr'>dignum</span> <span class='ocrx_word' id='word_1_559' title='bbox 1781 5507 1943 5560; x_wconf 84' lang='lat' dir='ltr'>ratus</span> 
     </span>
    </p>
   </div>
   <div class='ocr_carea' id='block_1_78' title="bbox 294 5588 1940 5666">
    <p class='ocr_par' dir='ltr' id='par_1_78' title="bbox 294 5588 1940 5666">
     <span class='ocr_line' id='line_1_80' title="bbox 294 5588 1940 5666; baseline 0.005 -25"><span class='ocrx_word' id='word_1_560' title='bbox 294 5588 405 5658; x_wconf 89' lang='lat' dir='ltr'>qui</span> <span class='ocrx_word' id='word_1_561' title='bbox 441 5607 548 5645; x_wconf 88' lang='lat' dir='ltr'>suo</span> <span class='ocrx_word' id='word_1_562' title='bbox 577 5591 768 5662; x_wconf 83' lang='lat' dir='ltr'>ipsius</span> <span class='ocrx_word' id='word_1_563' title='bbox 811 5591 1117 5666; x_wconf 86' lang='lat' dir='ltr'>principali</span> <span class='ocrx_word' id='word_1_564' title='bbox 1167 5590 1401 5663; x_wconf 87' lang='lat' dir='ltr'>fastigio</span> <span class='ocrx_word' id='word_1_565' title='bbox 1451 5592 1692 5664; x_wconf 90' lang='lat' dir='ltr'>propius</span> <span class='ocrx_word' id='word_1_566' title='bbox 1741 5591 1940 5650; x_wconf 87' lang='lat' dir='ltr'>admo-</span> 
     </span>
    </p>
   </div>
   <div class='ocr_carea' id='block_1_79' title="bbox 2061 1799 3720 1882">
    <p class='ocr_par' dir='ltr' id='par_1_79' title="bbox 2061 1799 3720 1882">
     <span class='ocr_line' id='line_1_81' title="bbox 2061 1799 3720 1882; baseline -0.007 -18"><span class='ocrx_word' id='word_1_567' title='bbox 2061 1805 2388 1882; x_wconf 89' lang='grc' dir='ltr'>ϐαλόμενος.</span> <span class='ocrx_word' id='word_1_568' title='bbox 2419 1808 2482 1864; x_wconf 91' lang='grc' dir='ltr'>Ὁ</span> <span class='ocrx_word' id='word_1_569' title='bbox 2517 1806 2610 1879; x_wconf 76' lang='grc' dir='ltr'>μὲν</span> <span class='ocrx_word' id='word_1_570' title='bbox 2645 1803 2735 1859; x_wconf 73' lang='grc' dir='ltr'>οὖν</span> <span class='ocrx_word' id='word_1_571' title='bbox 2791 1803 3045 1880; x_wconf 81' lang='grc' dir='ltr'>βασιλεὺς</span> <span class='ocrx_word' id='word_1_572' title='bbox 3093 1803 3320 1869; x_wconf 80' lang='grc' dir='ltr'>ἐκεῖνον,</span> <span class='ocrx_word' id='word_1_573' title='bbox 3367 1801 3461 1856; x_wconf 77' lang='grc' dir='ltr'>σὺν</span> <span class='ocrx_word' id='word_1_574' title='bbox 3516 1799 3720 1872; x_wconf 79' lang='grc' dir='ltr'>ἐκείνῳ</span> 
     </span>
    </p>
   </div>
   <div class='ocr_carea' id='block_1_80' title="bbox 2060 1889 3721 1969">
    <p class='ocr_par' dir='ltr' id='par_1_80' title="bbox 2060 1889 3721 1969">
     <span class='ocr_line' id='line_1_82' title="bbox 2060 1889 3721 1969; baseline -0.007 -16"><span class='ocrx_word' id='word_1_575' title='bbox 2060 1896 2239 1954; x_wconf 75' lang='grc' dir='ltr'>δὲκαὶ</span> <span class='ocrx_word' id='word_1_576' title='bbox 2286 1893 2531 1957; x_wconf 76' lang='grc' dir='ltr'>πολλοὺς</span> <span class='ocrx_word' id='word_1_577' title='bbox 2590 1892 2793 1956; x_wconf 69' lang='grc' dir='ltr'>ἄλλους</span> <span class='ocrx_word' id='word_1_578' title='bbox 2857 1891 3134 1969; x_wconf 84' lang='grc' dir='ltr'>μεγίσταις</span> <span class='ocrx_word' id='word_1_579' title='bbox 3191 1889 3537 1968; x_wconf 86' lang='grc' dir='ltr'>δωρούμενος</span> <span class='ocrx_word' id='word_1_580' title='bbox 3593 1894 3721 1951; x_wconf 81' lang='grc' dir='ltr'>ταῖς</span> 
     </span>
    </p>
   </div>
   <div class='ocr_carea' id='block_1_81' title="bbox 2057 1987 2250 2059">
    <p class='ocr_par' dir='ltr' id='par_1_81' title="bbox 2057 1987 2250 2059">
     <span class='ocr_line' id='line_1_83' title="bbox 2057 1987 2250 2059; baseline 0.031 -19"><span class='ocrx_word' id='word_1_581' title='bbox 2057 1987 2250 2059; x_wconf 79' lang='grc' dir='ltr'>ἀξίαις.</span> 
     </span>
    </p>
   </div>
   <div class='ocr_carea' id='block_1_82' title="bbox 2061 2132 3725 2221">
    <p class='ocr_par' dir='ltr' id='par_1_82' title="bbox 2061 2132 3725 2221">
     <span class='ocr_line' id='line_1_84' title="bbox 2061 2132 3725 2221; baseline -0.005 -27"><span class='ocrx_word' id='word_1_582' title='bbox 2061 2141 2146 2214; x_wconf 86' lang='grc' dir='ltr'>ιγ’.</span> <span class='ocrx_word' id='word_1_583' title='bbox 2215 2140 2402 2199; x_wconf 89' lang='grc' dir='ltr'>Ὅπως</span> <span class='ocrx_word' id='word_1_584' title='bbox 2477 2137 2603 2198; x_wconf 83' lang='grc' dir='ltr'>τοὺς</span> <span class='ocrx_word' id='word_1_585' title='bbox 2693 2138 3012 2221; x_wconf 52' lang='grc' dir='ltr'>μεγιστᾶνας</span> <span class='ocrx_word' id='word_1_586' title='bbox 3074 2133 3374 2207; x_wconf 80' lang='grc' dir='ltr'>ἀξιώμασιν</span> <span class='ocrx_word' id='word_1_587' title='bbox 3455 2132 3621 2206; x_wconf 79' lang='grc' dir='ltr'>ἐτίμα</span> <span class='ocrx_word' id='word_1_588' title='bbox 3695 2133 3725 2186; x_wconf 89' lang='lat'>6</span> 
     </span>
    </p>
   </div>
   <div class='ocr_carea' id='block_1_83' title="bbox 2761 2227 2995 2282">
    <p class='ocr_par' dir='ltr' id='par_1_83' title="bbox 2761 2227 2995 2282">
     <span class='ocr_line' id='line_1_85' title="bbox 2761 2227 2995 2282; baseline 0.009 -22"><span class='ocrx_word' id='word_1_589' title='bbox 2761 2227 2995 2282; x_wconf 88' lang='grc' dir='ltr'>κρατων.</span> 
     </span>
    </p>
   </div>
   <div class='ocr_carea' id='block_1_84' title="bbox 2128 2335 3731 2417">
    <p class='ocr_par' dir='ltr' id='par_1_84' title="bbox 2128 2335 3731 2417">
     <span class='ocr_line' id='line_1_86' title="bbox 2128 2335 3731 2417; baseline -0.006 -15"><span class='ocrx_word' id='word_1_590' title='bbox 2128 2346 2232 2403; x_wconf 85' lang='grc' dir='ltr'>Τὸν</span> <span class='ocrx_word' id='word_1_591' title='bbox 2271 2345 2365 2417; x_wconf 77' lang='grc' dir='ltr'>μὲν</span> <span class='ocrx_word' id='word_1_592' title='bbox 2396 2342 2486 2398; x_wconf 76' lang='grc' dir='ltr'>οὖν</span> <span class='ocrx_word' id='word_1_593' title='bbox 2521 2343 2776 2412; x_wconf 79' lang='grc' dir='ltr'>Ἰωάννην</span> <span class='ocrx_word' id='word_1_594' title='bbox 2811 2339 3078 2410; x_wconf 84' lang='grc' dir='ltr'>δεσπότην</span> <span class='ocrx_word' id='word_1_595' title='bbox 3114 2339 3421 2414; x_wconf 77' lang='grc' dir='ltr'>ἐγκαθιστᾷ,</span> <span class='ocrx_word' id='word_1_596' title='bbox 3481 2339 3535 2392; x_wconf 79' lang='grc' dir='ltr'>αἱ</span> <span class='ocrx_word' id='word_1_597' title='bbox 3578 2335 3639 2393; x_wconf 79' lang='grc' dir='ltr'>δέ</span> <span class='ocrx_word' id='word_1_598' title='bbox 3667 2360 3731 2413; x_wconf 78' lang='grc' dir='ltr'>γε</span> 
     </span>
    </p>
   </div>
   <div class='ocr_carea' id='block_1_85' title="bbox 2057 2425 3729 2510">
    <p class='ocr_par' dir='ltr' id='par_1_85' title="bbox 2057 2425 3729 2510">
     <span class='ocr_line' id='line_1_87' title="bbox 2057 2425 3729 2510; baseline -0.007 -20"><span class='ocrx_word' id='word_1_599' title='bbox 2057 2433 2276 2510; x_wconf 80' lang='grc' dir='ltr'>πράξεις</span> <span class='ocrx_word' id='word_1_600' title='bbox 2307 2432 2513 2488; x_wconf 87' lang='grc' dir='ltr'>ἐκείνου</span> <span class='ocrx_word' id='word_1_601' title='bbox 2542 2430 2632 2485; x_wconf 83' lang='grc' dir='ltr'>καὶ</span> <span class='ocrx_word' id='word_1_602' title='bbox 2667 2432 2835 2507; x_wconf 74' lang='grc' dir='ltr'>μέγαν</span> <span class='ocrx_word' id='word_1_603' title='bbox 2867 2429 3165 2507; x_wconf 73' lang='grc' dir='ltr'>ἐφήμιζον,</span> <span class='ocrx_word' id='word_1_604' title='bbox 3225 2427 3450 2504; x_wconf 83' lang='grc' dir='ltr'>Θάτερον</span> <span class='ocrx_word' id='word_1_605' title='bbox 3503 2425 3563 2482; x_wconf 74' lang='grc' dir='ltr'>δὲ</span> <span class='ocrx_word' id='word_1_606' title='bbox 3615 2433 3729 2482; x_wconf 78' lang='grc' dir='ltr'>τῶν</span> 
     </span>
    </p>
   </div>
   <div class='ocr_carea' id='block_1_86' title="bbox 2056 2513 3727 2600">
    <p class='ocr_par' dir='ltr' id='par_1_86' title="bbox 2056 2513 3727 2600">
     <span class='ocr_line' id='line_1_88' title="bbox 2056 2513 3727 2600; baseline -0.005 -20"><span class='ocrx_word' id='word_1_607' title='bbox 2056 2521 2307 2600; x_wconf 78' lang='grc' dir='ltr'>ἀδελφῶν</span> <span class='ocrx_word' id='word_1_608' title='bbox 2383 2525 2792 2578; x_wconf 86' lang='grc' dir='ltr'>Κωνσταντῖνον</span> <span class='ocrx_word' id='word_1_609' title='bbox 2871 2513 3342 2593; x_wconf 84' lang='grc' dir='ltr'>σεϐαστοκράτορα</span> <span class='ocrx_word' id='word_1_610' title='bbox 3388 2516 3526 2590; x_wconf 85' lang='grc' dir='ltr'>μετᾶ</span> <span class='ocrx_word' id='word_1_611' title='bbox 3584 2518 3727 2572; x_wconf 81' lang='grc' dir='ltr'>Καί-</span> 
     </span>
    </p>
   </div>
   <div class='ocr_carea' id='block_1_87' title="bbox 2055 2600 3721 2687">
    <p class='ocr_par' dir='ltr' id='par_1_87' title="bbox 2055 2600 3721 2687">
     <span class='ocr_line' id='line_1_89' title="bbox 2055 2600 3721 2687; baseline -0.007 -19"><span class='ocrx_word' id='word_1_612' title='bbox 2055 2631 2243 2687; x_wconf 86' lang='grc' dir='ltr'>σαρας·</span> <span class='ocrx_word' id='word_1_613' title='bbox 2281 2614 2365 2684; x_wconf 87' lang='grc' dir='ltr'>[Ρ.</span> <span class='ocrx_word' id='word_1_614' title='bbox 2423 2611 2515 2682; x_wconf 90' lang='grc'>70]</span> <span class='ocrx_word' id='word_1_615' title='bbox 2566 2608 2678 2682; x_wconf 81' lang='grc' dir='ltr'>ἅμα</span> <span class='ocrx_word' id='word_1_616' title='bbox 2726 2609 2826 2684; x_wconf 73' lang='grc' dir='ltr'>γὰρ</span> <span class='ocrx_word' id='word_1_617' title='bbox 2884 2607 2978 2663; x_wconf 87' lang='grc' dir='ltr'>τὸν</span> <span class='ocrx_word' id='word_1_618' title='bbox 3039 2607 3295 2676; x_wconf 88' lang='grc' dir='ltr'>Ἰωάννην</span> <span class='ocrx_word' id='word_1_619' title='bbox 3347 2600 3721 2681; x_wconf 83' lang='grc' dir='ltr'>σεϐαστοκρά-</span> 
     </span>
    </p>
   </div>
   <div class='ocr_carea' id='block_1_88' title="bbox 2055 2731 3723 2807">
    <p class='ocr_par' dir='ltr' id='par_1_88' title="bbox 2055 2731 3723 2807">
     <span class='ocr_line' id='line_1_90' title="bbox 2055 2731 3723 2807; baseline -0.007 -11"><span class='ocrx_word' id='word_1_620' title='bbox 2055 2743 2303 2807; x_wconf 87' lang='lat' dir='ltr'>veretur,</span> <span class='ocrx_word' id='word_1_621' title='bbox 2334 2735 2504 2792; x_wconf 89' lang='lat' dir='ltr'>illum</span> <span class='ocrx_word' id='word_1_622' title='bbox 2531 2733 3078 2805; x_wconf 67' lang='lat' dir='ltr'>:sebastocratorem</span> <span class='ocrx_word' id='word_1_623' title='bbox 3132 2731 3330 2788; x_wconf 85' lang='lat' dir='ltr'>missis</span> <span class='ocrx_word' id='word_1_624' title='bbox 3379 2731 3509 2802; x_wconf 84' lang='lat' dir='ltr'>ejus</span> <span class='ocrx_word' id='word_1_625' title='bbox 3560 2747 3723 2802; x_wconf 73' lang='lat' dir='ltr'>pra:-</span> 
     </span>
    </p>
   </div>
   <div class='ocr_carea' id='block_1_89' title="bbox 2057 2821 3189 2897">
    <p class='ocr_par' dir='ltr' id='par_1_89' title="bbox 2057 2821 3189 2897">
     <span class='ocr_line' id='line_1_91' title="bbox 2057 2821 3189 2897; baseline -0.01 -10"><span class='ocrx_word' id='word_1_626' title='bbox 2057 2829 2223 2887; x_wconf 65' lang='lat' dir='ltr'>celse</span> <span class='ocrx_word' id='word_1_627' title='bbox 2254 2823 2558 2897; x_wconf 83' lang='lat' dir='ltr'>dignitatis</span> <span class='ocrx_word' id='word_1_628' title='bbox 2590 2822 2925 2895; x_wconf 86' lang='lat' dir='ltr'>insignibus</span> <span class='ocrx_word' id='word_1_629' title='bbox 2957 2821 3189 2878; x_wconf 84' lang='lat' dir='ltr'>creavit.</span> 
     </span>
    </p>
   </div>
   <div class='ocr_carea' id='block_1_90' title="bbox 2111 2930 3648 3002">
    <p class='ocr_par' dir='ltr' id='par_1_90' title="bbox 2111 2930 3648 3002">
     <span class='ocr_line' id='line_1_92' title="bbox 2111 2930 3648 3002; baseline -0.006 -10"><span class='ocrx_word' id='word_1_630' title='bbox 2111 2936 2198 2992; x_wconf 85' lang='grc'>12.</span> <span class='ocrx_word' id='word_1_631' title='bbox 2237 2935 2301 2992; x_wconf 90' lang='lat' dir='ltr'>Ut</span> <span class='ocrx_word' id='word_1_632' title='bbox 2331 2932 2559 2990; x_wconf 78' lang='lat' dir='ltr'>Michael</span> <span class='ocrx_word' id='word_1_633' title='bbox 2587 2931 2812 3002; x_wconf 75' lang='lat' dir='ltr'>despota</span> <span class='ocrx_word' id='word_1_634' title='bbox 2843 2932 2902 2985; x_wconf 82' lang='lat' dir='ltr'>in</span> <span class='ocrx_word' id='word_1_635' title='bbox 2932 2939 3088 2986; x_wconf 88' lang='lat' dir='ltr'>arcto</span> <span class='ocrx_word' id='word_1_636' title='bbox 3115 2930 3328 3000; x_wconf 75' lang='lat' dir='ltr'>positus</span> <span class='ocrx_word' id='word_1_637' title='bbox 3357 2931 3648 3000; x_wconf 79' lang='lat' dir='ltr'>conjugcm</span> 
     </span>
    </p>
   </div>
   <div class='ocr_carea' id='block_1_91' title="bbox 2353 3002 3404 3076">
    <p class='ocr_par' dir='ltr' id='par_1_91' title="bbox 2353 3002 3404 3076">
     <span class='ocr_line' id='line_1_93' title="bbox 2353 3002 3404 3076; baseline -0.005 -15"><span class='ocrx_word' id='word_1_638' title='bbox 2353 3014 2406 3061; x_wconf 82' lang='lat' dir='ltr'>et</span> <span class='ocrx_word' id='word_1_639' title='bbox 2433 3005 2616 3076; x_wconf 81' lang='lat' dir='ltr'>ﬁlium</span> <span class='ocrx_word' id='word_1_640' title='bbox 2645 3002 2716 3059; x_wconf 87' lang='lat' dir='ltr'>ad</span> <span class='ocrx_word' id='word_1_641' title='bbox 2748 3004 3138 3074; x_wconf 80' lang='lat' dir='ltr'>imperatorem</span> <span class='ocrx_word' id='word_1_642' title='bbox 3168 3003 3404 3058; x_wconf 76' lang='lat' dir='ltr'>miserit.</span> 
     </span>
    </p>
   </div>
   <div class='ocr_carea' id='block_1_92' title="bbox 2124 3089 3716 3165">
    <p class='ocr_par' dir='ltr' id='par_1_92' title="bbox 2124 3089 3716 3165">
     <span class='ocr_line' id='line_1_94' title="bbox 2124 3089 3716 3165; baseline -0.006 -12"><span class='ocrx_word' id='word_1_643' title='bbox 2124 3097 2408 3154; x_wconf 73' lang='lat' dir='ltr'>Caeterum</span> <span class='ocrx_word' id='word_1_644' title='bbox 2441 3091 2689 3149; x_wconf 84' lang='lat' dir='ltr'>Michael</span> <span class='ocrx_word' id='word_1_645' title='bbox 2741 3095 2874 3165; x_wconf 91' lang='lat' dir='ltr'>post</span> <span class='ocrx_word' id='word_1_646' title='bbox 2903 3107 2971 3148; x_wconf 88' lang='lat' dir='ltr'>ea</span> <span class='ocrx_word' id='word_1_647' title='bbox 3001 3107 3130 3162; x_wconf 74' lang='lat' dir='ltr'>qua:</span> <span class='ocrx_word' id='word_1_648' title='bbox 3179 3091 3295 3164; x_wconf 86' lang='lat' dir='ltr'>ipsi</span> <span class='ocrx_word' id='word_1_649' title='bbox 3326 3107 3429 3147; x_wconf 92' lang='lat' dir='ltr'>uso</span> <span class='ocrx_word' id='word_1_650' title='bbox 3463 3089 3716 3145; x_wconf 81' lang='lat' dir='ltr'>auxilia-</span> 
     </span>
    </p>
   </div>
   <div class='ocr_carea' id='block_1_93' title="bbox 2056 3177 3717 3256">
    <p class='ocr_par' dir='ltr' id='par_1_93' title="bbox 2056 3177 3717 3256">
     <span class='ocr_line' id='line_1_95' title="bbox 2056 3177 3717 3256; baseline -0.005 -14"><span class='ocrx_word' id='word_1_651' title='bbox 2056 3185 2222 3242; x_wconf 90' lang='lat' dir='ltr'>ribus</span> <span class='ocrx_word' id='word_1_652' title='bbox 2276 3183 2459 3256; x_wconf 88' lang='lat' dir='ltr'>copiis</span> <span class='ocrx_word' id='word_1_653' title='bbox 2506 3199 2541 3238; x_wconf 90' lang='lat' dir='ltr'>a</span> <span class='ocrx_word' id='word_1_654' title='bbox 2585 3181 2884 3238; x_wconf 83' lang='lat' dir='ltr'>Manfredo</span> <span class='ocrx_word' id='word_1_655' title='bbox 2937 3180 3066 3251; x_wconf 87' lang='lat' dir='ltr'>ejus</span> <span class='ocrx_word' id='word_1_656' title='bbox 3115 3195 3327 3252; x_wconf 87' lang='lat' dir='ltr'>genero</span> <span class='ocrx_word' id='word_1_657' title='bbox 3387 3177 3717 3234; x_wconf 87' lang='lat' dir='ltr'>submissis</span> 
     </span>
    </p>
   </div>
   <div class='ocr_carea' id='block_1_94' title="bbox 2055 3268 3720 3340">
    <p class='ocr_par' dir='ltr' id='par_1_94' title="bbox 2055 3268 3720 3340">
     <span class='ocr_line' id='line_1_96' title="bbox 2055 3268 3720 3340; baseline -0.006 -8"><span class='ocrx_word' id='word_1_658' title='bbox 2055 3275 2337 3332; x_wconf 88' lang='lat' dir='ltr'>adversus</span> <span class='ocrx_word' id='word_1_659' title='bbox 2376 3272 2662 3328; x_wconf 71' lang='lat' dir='ltr'>Caesarem</span> <span class='ocrx_word' id='word_1_660' title='bbox 2709 3273 3136 3339; x_wconf 86' lang='lat' dir='ltr'>successerant,</span> <span class='ocrx_word' id='word_1_661' title='bbox 3170 3269 3241 3324; x_wconf 88' lang='lat' dir='ltr'>de</span> <span class='ocrx_word' id='word_1_662' title='bbox 3272 3268 3490 3340; x_wconf 90' lang='lat' dir='ltr'>quibus</span> <span class='ocrx_word' id='word_1_663' title='bbox 3536 3272 3720 3323; x_wconf 80' lang='lat' dir='ltr'>antea</span> 
     </span>
    </p>
   </div>
   <div class='ocr_carea' id='block_1_95' title="bbox 2057 3355 3716 3430">
    <p class='ocr_par' dir='ltr' id='par_1_95' title="bbox 2057 3355 3716 3430">
     <span class='ocr_line' id='line_1_97' title="bbox 2057 3355 3716 3430; baseline -0.004 -12"><span class='ocrx_word' id='word_1_664' title='bbox 2057 3362 2338 3430; x_wconf 84' lang='lat' dir='ltr'>diximus,</span> <span class='ocrx_word' id='word_1_665' title='bbox 2389 3361 2461 3416; x_wconf 90' lang='lat' dir='ltr'>ad</span> <span class='ocrx_word' id='word_1_666' title='bbox 2521 3359 2760 3415; x_wconf 87' lang='lat' dir='ltr'>saniora</span> <span class='ocrx_word' id='word_1_667' title='bbox 2818 3358 3056 3414; x_wconf 85' lang='lat' dir='ltr'>tandem</span> <span class='ocrx_word' id='word_1_668' title='bbox 3115 3355 3362 3413; x_wconf 89' lang='lat' dir='ltr'>consilia</span> <span class='ocrx_word' id='word_1_669' title='bbox 3408 3356 3716 3412; x_wconf 86' lang='lat' dir='ltr'>inclinans</span> 
     </span>
    </p>
   </div>
   <div class='ocr_carea' id='block_1_96' title="bbox 2055 3445 3717 3518">
    <p class='ocr_par' dir='ltr' id='par_1_96' title="bbox 2055 3445 3717 3518">
     <span class='ocr_line' id='line_1_98' title="bbox 2055 3445 3717 3518; baseline -0.004 -9"><span class='ocrx_word' id='word_1_670' title='bbox 2055 3453 2344 3517; x_wconf 87' lang='lat' dir='ltr'>animum,</span> <span class='ocrx_word' id='word_1_671' title='bbox 2392 3449 2492 3505; x_wconf 91' lang='lat' dir='ltr'>ubi</span> <span class='ocrx_word' id='word_1_672' title='bbox 2542 3447 2752 3504; x_wconf 89' lang='lat' dir='ltr'>deinde</span> <span class='ocrx_word' id='word_1_673' title='bbox 2801 3446 3028 3503; x_wconf 84' lang='lat' dir='ltr'>audivit</span> <span class='ocrx_word' id='word_1_674' title='bbox 3077 3446 3283 3502; x_wconf 90' lang='lat' dir='ltr'>urbem</span> <span class='ocrx_word' id='word_1_675' title='bbox 3333 3445 3717 3518; x_wconf 87' lang='lat' dir='ltr'>imperatoris</span> 
     </span>
    </p>
   </div>
   <div class='ocr_carea' id='block_1_97' title="bbox 2055 3535 3716 3614">
    <p class='ocr_par' dir='ltr' id='par_1_97' title="bbox 2055 3535 3716 3614">
     <span class='ocr_line' id='line_1_99' title="bbox 2055 3535 3716 3614; baseline -0.004 -17"><span class='ocrx_word' id='word_1_676' title='bbox 2055 3539 2332 3614; x_wconf 87' lang='lat' dir='ltr'>potestati</span> <span class='ocrx_word' id='word_1_677' title='bbox 2363 3537 2650 3596; x_wconf 89' lang='lat' dir='ltr'>redditam</span> <span class='ocrx_word' id='word_1_678' title='bbox 2673 3536 2835 3592; x_wconf 88' lang='lat' dir='ltr'>misit</span> <span class='ocrx_word' id='word_1_679' title='bbox 2867 3537 2939 3591; x_wconf 90' lang='lat' dir='ltr'>ad</span> <span class='ocrx_word' id='word_1_680' title='bbox 2962 3537 3160 3608; x_wconf 90' lang='lat' dir='ltr'>ipsum</span> <span class='ocrx_word' id='word_1_681' title='bbox 3183 3536 3495 3607; x_wconf 88' lang='lat' dir='ltr'>conjugem</span> <span class='ocrx_word' id='word_1_682' title='bbox 3524 3535 3716 3591; x_wconf 83' lang='lat' dir='ltr'>Theo-</span> 
     </span>
    </p>
   </div>
   <div class='ocr_carea' id='block_1_98' title="bbox 2054 3623 3714 3696">
    <p class='ocr_par' dir='ltr' id='par_1_98' title="bbox 2054 3623 3714 3696">
     <span class='ocr_line' id='line_1_100' title="bbox 2054 3623 3714 3696; baseline -0.004 -10"><span class='ocrx_word' id='word_1_683' title='bbox 2054 3631 2259 3686; x_wconf 89' lang='lat' dir='ltr'>doram</span> <span class='ocrx_word' id='word_1_684' title='bbox 2308 3632 2366 3685; x_wconf 91' lang='lat' dir='ltr'>et</span> <span class='ocrx_word' id='word_1_685' title='bbox 2415 3627 2600 3683; x_wconf 87' lang='lat' dir='ltr'>filium</span> <span class='ocrx_word' id='word_1_686' title='bbox 2632 3629 2943 3692; x_wconf 88' lang='lat' dir='ltr'>Joannem,</span> <span class='ocrx_word' id='word_1_687' title='bbox 2977 3623 3141 3681; x_wconf 89' lang='lat' dir='ltr'>illam</span> <span class='ocrx_word' id='word_1_688' title='bbox 3194 3628 3258 3681; x_wconf 89' lang='lat' dir='ltr'>ut</span> <span class='ocrx_word' id='word_1_689' title='bbox 3307 3625 3378 3680; x_wconf 88' lang='lat' dir='ltr'>de</span> <span class='ocrx_word' id='word_1_690' title='bbox 3426 3639 3567 3696; x_wconf 89' lang='lat' dir='ltr'>pace</span> <span class='ocrx_word' id='word_1_691' title='bbox 3598 3625 3714 3680; x_wconf 89' lang='lat' dir='ltr'>viri</span> 
     </span>
    </p>
   </div>
   <div class='ocr_carea' id='block_1_99' title="bbox 2051 3713 3714 3790">
    <p class='ocr_par' dir='ltr' id='par_1_99' title="bbox 2051 3713 3714 3790">
     <span class='ocr_line' id='line_1_101' title="bbox 2051 3713 3714 3790; baseline -0.002 -15"><span class='ocrx_word' id='word_1_692' title='bbox 2051 3735 2188 3776; x_wconf 90' lang='lat' dir='ltr'>cum</span> <span class='ocrx_word' id='word_1_693' title='bbox 2247 3718 2599 3790; x_wconf 87' lang='lat' dir='ltr'>imperatore</span> <span class='ocrx_word' id='word_1_694' title='bbox 2655 3715 3025 3783; x_wconf 88' lang='lat' dir='ltr'>conveniret,</span> <span class='ocrx_word' id='word_1_695' title='bbox 3082 3713 3240 3770; x_wconf 88' lang='lat' dir='ltr'>hunc</span> <span class='ocrx_word' id='word_1_696' title='bbox 3294 3713 3518 3771; x_wconf 90' lang='lat' dir='ltr'>obsidis</span> <span class='ocrx_word' id='word_1_697' title='bbox 3579 3715 3714 3772; x_wconf 93' lang='lat' dir='ltr'>loco</span> 
     </span>
    </p>
   </div>
   <div class='ocr_carea' id='block_1_100' title="bbox 2053 3804 3714 3877">
    <p class='ocr_par' dir='ltr' id='par_1_100' title="bbox 2053 3804 3714 3877">
     <span class='ocr_line' id='line_1_102' title="bbox 2053 3804 3714 3877; baseline -0.002 -13"><span class='ocrx_word' id='word_1_698' title='bbox 2053 3824 2402 3864; x_wconf 87' lang='lat' dir='ltr'>mansurum</span> <span class='ocrx_word' id='word_1_699' title='bbox 2434 3807 2494 3862; x_wconf 91' lang='lat' dir='ltr'>in</span> <span class='ocrx_word' id='word_1_700' title='bbox 2529 3821 2704 3862; x_wconf 86' lang='lat' dir='ltr'>omne</span> <span class='ocrx_word' id='word_1_701' title='bbox 2755 3804 3032 3877; x_wconf 89' lang='lat' dir='ltr'>deinceps</span> <span class='ocrx_word' id='word_1_702' title='bbox 3061 3808 3297 3877; x_wconf 90' lang='lat' dir='ltr'>tempus</span> <span class='ocrx_word' id='word_1_703' title='bbox 3344 3804 3403 3859; x_wconf 91' lang='lat' dir='ltr'>in</span> <span class='ocrx_word' id='word_1_704' title='bbox 3450 3806 3714 3876; x_wconf 85' lang='lat' dir='ltr'>Augusti</span> 
     </span>
    </p>
   </div>
   <div class='ocr_carea' id='block_1_101' title="bbox 2054 3893 3714 3967">
    <p class='ocr_par' dir='ltr' id='par_1_101' title="bbox 2054 3893 3714 3967">
     <span class='ocr_line' id='line_1_103' title="bbox 2054 3893 3714 3967; baseline -0.004 -13"><span class='ocrx_word' id='word_1_705' title='bbox 2054 3896 2356 3967; x_wconf 85' lang='lat' dir='ltr'>comitatu,</span> <span class='ocrx_word' id='word_1_706' title='bbox 2388 3899 2446 3952; x_wconf 89' lang='lat' dir='ltr'>et</span> <span class='ocrx_word' id='word_1_707' title='bbox 2493 3911 2733 3952; x_wconf 82' lang='lat' dir='ltr'>uxorem</span> <span class='ocrx_word' id='word_1_708' title='bbox 2784 3893 2868 3949; x_wconf 91' lang='lat' dir='ltr'>ibi</span> <span class='ocrx_word' id='word_1_709' title='bbox 2912 3894 3255 3961; x_wconf 85' lang='lat' dir='ltr'>ducturum,</span> <span class='ocrx_word' id='word_1_710' title='bbox 3287 3909 3714 3965; x_wconf 87' lang='lat' dir='ltr'>quamcunque</span> 
     </span>
    </p>
   </div>
   <div class='ocr_carea' id='block_1_102' title="bbox 2053 3981 3715 4058">
    <p class='ocr_par' dir='ltr' id='par_1_102' title="bbox 2053 3981 3715 4058">
     <span class='ocr_line' id='line_1_104' title="bbox 2053 3981 3715 4058; baseline -0.004 -16"><span class='ocrx_word' id='word_1_711' title='bbox 2053 3985 2166 4058; x_wconf 88' lang='lat' dir='ltr'>ipsi</span> <span class='ocrx_word' id='word_1_712' title='bbox 2201 3986 2338 4041; x_wconf 89' lang='lat' dir='ltr'>dare</span> <span class='ocrx_word' id='word_1_713' title='bbox 2381 3985 2704 4056; x_wconf 89' lang='lat' dir='ltr'>imperator</span> <span class='ocrx_word' id='word_1_714' title='bbox 2750 3982 3114 4054; x_wconf 85' lang='lat' dir='ltr'>dignaretur.</span> <span class='ocrx_word' id='word_1_715' title='bbox 3149 3981 3260 4038; x_wconf 91' lang='lat' dir='ltr'>Sed</span> <span class='ocrx_word' id='word_1_716' title='bbox 3309 3981 3430 4037; x_wconf 76' lang='lat' dir='ltr'>haec</span> <span class='ocrx_word' id='word_1_717' title='bbox 3481 3987 3715 4053; x_wconf 84' lang='lat' dir='ltr'>postea.</span> 
     </span>
    </p>
   </div>
   <div class='ocr_carea' id='block_1_103' title="bbox 2052 4070 3716 4146">
    <p class='ocr_par' dir='ltr' id='par_1_103' title="bbox 2052 4070 3716 4146">
     <span class='ocr_line' id='line_1_105' title="bbox 2052 4070 3716 4146; baseline -0.002 -16"><span class='ocrx_word' id='word_1_718' title='bbox 2052 4075 2215 4130; x_wconf 87' lang='lat' dir='ltr'>Tunc</span> <span class='ocrx_word' id='word_1_719' title='bbox 2246 4089 2417 4146; x_wconf 90' lang='lat' dir='ltr'>porro</span> <span class='ocrx_word' id='word_1_720' title='bbox 2445 4073 2707 4128; x_wconf 70' lang='lat' dir='ltr'>Joannes</span> <span class='ocrx_word' id='word_1_721' title='bbox 2741 4071 2987 4143; x_wconf 82' lang='lat' dir='ltr'>Augusti</span> <span class='ocrx_word' id='word_1_722' title='bbox 3019 4071 3197 4126; x_wconf 88' lang='lat' dir='ltr'>frater</span> <span class='ocrx_word' id='word_1_723' title='bbox 3225 4070 3452 4126; x_wconf 89' lang='lat' dir='ltr'>domita</span> <span class='ocrx_word' id='word_1_724' title='bbox 3481 4070 3716 4126; x_wconf 81' lang='lat' dir='ltr'>brevis-</span> 
     </span>
    </p>
   </div>
   <div class='ocr_carea' id='block_1_104' title="bbox 2054 4159 3718 4237">
    <p class='ocr_par' dir='ltr' id='par_1_104' title="bbox 2054 4159 3718 4237">
     <span class='ocr_line' id='line_1_106' title="bbox 2054 4159 3718 4237; baseline -0.004 -15"><span class='ocrx_word' id='word_1_725' title='bbox 2054 4165 2206 4222; x_wconf 85' lang='lat' dir='ltr'>simo</span> <span class='ocrx_word' id='word_1_726' title='bbox 2237 4169 2499 4237; x_wconf 89' lang='lat' dir='ltr'>tempore</span> <span class='ocrx_word' id='word_1_727' title='bbox 2530 4166 2653 4218; x_wconf 87' lang='lat' dir='ltr'>tota</span> <span class='ocrx_word' id='word_1_728' title='bbox 2699 4161 2802 4217; x_wconf 86' lang='lat' dir='ltr'>illa</span> <span class='ocrx_word' id='word_1_729' title='bbox 2849 4161 3107 4234; x_wconf 88' lang='lat' dir='ltr'>regione,</span> <span class='ocrx_word' id='word_1_730' title='bbox 3137 4159 3290 4216; x_wconf 92' lang='lat' dir='ltr'>bello</span> <span class='ocrx_word' id='word_1_731' title='bbox 3341 4175 3556 4232; x_wconf 87' lang='lat' dir='ltr'>magno</span> <span class='ocrx_word' id='word_1_732' title='bbox 3589 4160 3718 4217; x_wconf 81' lang='lat' dir='ltr'>for-</span> 
     </span>
    </p>
   </div>
   <div class='ocr_carea' id='block_1_105' title="bbox 2054 4249 3714 4323">
    <p class='ocr_par' dir='ltr' id='par_1_105' title="bbox 2054 4249 3714 4323">
     <span class='ocr_line' id='line_1_107' title="bbox 2054 4249 3714 4323; baseline -0.002 -13"><span class='ocrx_word' id='word_1_733' title='bbox 2054 4253 2285 4310; x_wconf 86' lang='lat' dir='ltr'>tissime</span> <span class='ocrx_word' id='word_1_734' title='bbox 2326 4251 2780 4323; x_wconf 80' lang='lat' dir='ltr'>felicissimeque</span> <span class='ocrx_word' id='word_1_735' title='bbox 2827 4268 2894 4307; x_wconf 89' lang='lat' dir='ltr'>ac</span> <span class='ocrx_word' id='word_1_736' title='bbox 2945 4250 3122 4306; x_wconf 90' lang='lat' dir='ltr'>simul</span> <span class='ocrx_word' id='word_1_737' title='bbox 3153 4249 3519 4306; x_wconf 80' lang='lat' dir='ltr'>velocissime</span> <span class='ocrx_word' id='word_1_738' title='bbox 3567 4267 3714 4306; x_wconf 92' lang='lat' dir='ltr'>con-</span> 
     </span>
    </p>
   </div>
   <div class='ocr_carea' id='block_1_106' title="bbox 2056 4339 3713 4413">
    <p class='ocr_par' dir='ltr' id='par_1_106' title="bbox 2056 4339 3713 4413">
     <span class='ocr_line' id='line_1_108' title="bbox 2056 4339 3713 4413; baseline -0.002 -15"><span class='ocrx_word' id='word_1_739' title='bbox 2056 4345 2225 4410; x_wconf 89' lang='lat' dir='ltr'>fecto,</span> <span class='ocrx_word' id='word_1_740' title='bbox 2260 4359 2375 4413; x_wconf 89' lang='lat' dir='ltr'>qua</span> <span class='ocrx_word' id='word_1_741' title='bbox 2405 4341 2649 4398; x_wconf 88' lang='lat' dir='ltr'>victoria</span> <span class='ocrx_word' id='word_1_742' title='bbox 2687 4339 3112 4412; x_wconf 88' lang='lat' dir='ltr'>rempublicam</span> <span class='ocrx_word' id='word_1_743' title='bbox 3145 4339 3268 4395; x_wconf 89' lang='lat' dir='ltr'>illis</span> <span class='ocrx_word' id='word_1_744' title='bbox 3317 4339 3586 4411; x_wconf 89' lang='lat' dir='ltr'>partibus</span> <span class='ocrx_word' id='word_1_745' title='bbox 3618 4339 3713 4395; x_wconf 83' lang='lat' dir='ltr'>la-</span> 
     </span>
    </p>
   </div>
   <div class='ocr_carea' id='block_1_107' title="bbox 2056 4427 3714 4503">
    <p class='ocr_par' dir='ltr' id='par_1_107' title="bbox 2056 4427 3714 4503">
     <span class='ocr_line' id='line_1_109' title="bbox 2056 4427 3714 4503; baseline -0.001 -16"><span class='ocrx_word' id='word_1_746' title='bbox 2056 4432 2293 4488; x_wconf 90' lang='lat' dir='ltr'>bantem</span> <span class='ocrx_word' id='word_1_747' title='bbox 2337 4431 2568 4503; x_wconf 86' lang='lat' dir='ltr'>egregie</span> <span class='ocrx_word' id='word_1_748' title='bbox 2619 4430 2902 4498; x_wconf 90' lang='lat' dir='ltr'>restituit,</span> <span class='ocrx_word' id='word_1_749' title='bbox 2936 4430 3206 4502; x_wconf 68' lang='lat' dir='ltr'>praesidia</span> <span class='ocrx_word' id='word_1_750' title='bbox 3252 4427 3351 4484; x_wconf 90' lang='lat' dir='ltr'>ubi</span> <span class='ocrx_word' id='word_1_751' title='bbox 3399 4445 3549 4500; x_wconf 90' lang='lat' dir='ltr'>opus</span> <span class='ocrx_word' id='word_1_752' title='bbox 3579 4435 3714 4486; x_wconf 85' lang='lat' dir='ltr'>erat</span> 
     </span>
    </p>
   </div>
   <div class='ocr_carea' id='block_1_108' title="bbox 2053 4518 3710 4590">
    <p class='ocr_par' dir='ltr' id='par_1_108' title="bbox 2053 4518 3710 4590">
     <span class='ocr_line' id='line_1_110' title="bbox 2053 4518 3710 4590; baseline -0.002 -13"><span class='ocrx_word' id='word_1_753' title='bbox 2053 4520 2364 4588; x_wconf 90' lang='lat' dir='ltr'>collocans,</span> <span class='ocrx_word' id='word_1_754' title='bbox 2407 4521 2648 4576; x_wconf 90' lang='lat' dir='ltr'>idoneos</span> <span class='ocrx_word' id='word_1_755' title='bbox 2698 4519 2910 4575; x_wconf 86' lang='lat' dir='ltr'>virtute</span> <span class='ocrx_word' id='word_1_756' title='bbox 2959 4535 3204 4575; x_wconf 88' lang='lat' dir='ltr'>numero</span> <span class='ocrx_word' id='word_1_757' title='bbox 3251 4518 3514 4590; x_wconf 70' lang='lat' dir='ltr'>quaesitis</span> <span class='ocrx_word' id='word_1_758' title='bbox 3561 4535 3710 4574; x_wconf 82' lang='lat' dir='ltr'>eon-</span> 
     </span>
    </p>
   </div>
   <div class='ocr_carea' id='block_1_109' title="bbox 2051 4607 3708 4680">
    <p class='ocr_par' dir='ltr' id='par_1_109' title="bbox 2051 4607 3708 4680">
     <span class='ocr_line' id='line_1_111' title="bbox 2051 4607 3708 4680; baseline -0.001 -14"><span class='ocrx_word' id='word_1_759' title='bbox 2051 4609 2357 4666; x_wconf 89' lang='lat' dir='ltr'>servandis</span> <span class='ocrx_word' id='word_1_760' title='bbox 2414 4609 2687 4664; x_wconf 88' lang='lat' dir='ltr'>custodes</span> <span class='ocrx_word' id='word_1_761' title='bbox 2735 4625 3059 4680; x_wconf 88' lang='lat' dir='ltr'>apponens.</span> <span class='ocrx_word' id='word_1_762' title='bbox 3102 4607 3240 4664; x_wconf 89' lang='lat' dir='ltr'>Post</span> <span class='ocrx_word' id='word_1_763' title='bbox 3288 4624 3414 4679; x_wconf 71' lang='lat' dir='ltr'>quis</span> <span class='ocrx_word' id='word_1_764' title='bbox 3464 4608 3708 4680; x_wconf 78' lang='lat' dir='ltr'>tropaeis</span> 
     </span>
    </p>
   </div>
   <div class='ocr_carea' id='block_1_110' title="bbox 2051 4696 3708 4770">
    <p class='ocr_par' dir='ltr' id='par_1_110' title="bbox 2051 4696 3708 4770">
     <span class='ocr_line' id='line_1_112' title="bbox 2051 4696 3708 4770; baseline -0.002 -13"><span class='ocrx_word' id='word_1_765' title='bbox 2051 4699 2263 4757; x_wconf 79' lang='lat' dir='ltr'>erectis</span> <span class='ocrx_word' id='word_1_766' title='bbox 2321 4697 2678 4765; x_wconf 88' lang='lat' dir='ltr'>illustribus,</span> <span class='ocrx_word' id='word_1_767' title='bbox 2724 4697 2876 4752; x_wconf 76' lang='lat'>108</span> <span class='ocrx_word' id='word_1_768' title='bbox 2917 4696 3122 4770; x_wconf 87' lang='lat' dir='ltr'>spoliis</span> <span class='ocrx_word' id='word_1_769' title='bbox 3168 4701 3224 4754; x_wconf 93' lang='lat' dir='ltr'>et</span> <span class='ocrx_word' id='word_1_770' title='bbox 3282 4697 3476 4768; x_wconf 66' lang='lat' dir='ltr'>praeda</span> <span class='ocrx_word' id='word_1_771' title='bbox 3537 4697 3708 4753; x_wconf 83' lang='lat' dir='ltr'>dives</span> 
     </span>
    </p>
   </div>
   <div class='ocr_carea' id='block_1_111' title="bbox 2051 4785 3710 4861">
    <p class='ocr_par' dir='ltr' id='par_1_111' title="bbox 2051 4785 3710 4861">
     <span class='ocr_line' id='line_1_113' title="bbox 2051 4785 3710 4861; baseline -0.001 -17"><span class='ocrx_word' id='word_1_772' title='bbox 2051 4788 2251 4861; x_wconf 89' lang='lat' dir='ltr'>opima</span> <span class='ocrx_word' id='word_1_773' title='bbox 2279 4787 2521 4843; x_wconf 90' lang='lat' dir='ltr'>domum</span> <span class='ocrx_word' id='word_1_774' title='bbox 2568 4803 2839 4843; x_wconf 86' lang='lat' dir='ltr'>reversus</span> <span class='ocrx_word' id='word_1_775' title='bbox 2878 4791 2988 4843; x_wconf 87' lang='lat' dir='ltr'>cst.</span> <span class='ocrx_word' id='word_1_776' title='bbox 3021 4785 3227 4858; x_wconf 84' lang='lat' dir='ltr'>Ample</span> <span class='ocrx_word' id='word_1_777' title='bbox 3255 4785 3448 4854; x_wconf 89' lang='lat' dir='ltr'>illum,</span> <span class='ocrx_word' id='word_1_778' title='bbox 3481 4790 3547 4842; x_wconf 89' lang='lat' dir='ltr'>ut</span> <span class='ocrx_word' id='word_1_779' title='bbox 3577 4792 3710 4843; x_wconf 87' lang='lat' dir='ltr'>erat</span> 
     </span>
    </p>
   </div>
   <div class='ocr_carea' id='block_1_112' title="bbox 2054 4873 3707 4948">
    <p class='ocr_par' dir='ltr' id='par_1_112' title="bbox 2054 4873 3707 4948">
     <span class='ocr_line' id='line_1_114' title="bbox 2054 4873 3707 4948; baseline -0.001 -14"><span class='ocrx_word' id='word_1_780' title='bbox 2054 4877 2324 4945; x_wconf 88' lang='lat' dir='ltr'>meritus,</span> <span class='ocrx_word' id='word_1_781' title='bbox 2355 4875 2660 4934; x_wconf 86' lang='lat' dir='ltr'>honoravit</span> <span class='ocrx_word' id='word_1_782' title='bbox 2699 4874 3039 4947; x_wconf 89' lang='lat' dir='ltr'>imperator,</span> <span class='ocrx_word' id='word_1_783' title='bbox 3071 4879 3128 4931; x_wconf 88' lang='lat' dir='ltr'>et</span> <span class='ocrx_word' id='word_1_784' title='bbox 3158 4875 3374 4932; x_wconf 88' lang='lat' dir='ltr'>multos</span> <span class='ocrx_word' id='word_1_785' title='bbox 3422 4873 3571 4932; x_wconf 88' lang='lat' dir='ltr'>alios</span> <span class='ocrx_word' id='word_1_786' title='bbox 3604 4879 3707 4948; x_wconf 90' lang='lat' dir='ltr'>qui</span> 
     </span>
    </p>
   </div>
   <div class='ocr_carea' id='block_1_113' title="bbox 2053 4964 3707 5037">
    <p class='ocr_par' dir='ltr' id='par_1_113' title="bbox 2053 4964 3707 5037">
     <span class='ocr_line' id='line_1_115' title="bbox 2053 4964 3707 5037; baseline 0 -14"><span class='ocrx_word' id='word_1_787' title='bbox 2053 4984 2184 5023; x_wconf 91' lang='lat' dir='ltr'>cum</span> <span class='ocrx_word' id='word_1_788' title='bbox 2238 4983 2304 5022; x_wconf 90' lang='lat' dir='ltr'>eo</span> <span class='ocrx_word' id='word_1_789' title='bbox 2353 4967 2603 5037; x_wconf 83' lang='lat' dir='ltr'>fuerant,</span> <span class='ocrx_word' id='word_1_790' title='bbox 2639 4964 2914 5022; x_wconf 78' lang='lat' dir='ltr'>maximis</span> <span class='ocrx_word' id='word_1_791' title='bbox 2963 4965 3124 5037; x_wconf 90' lang='lat' dir='ltr'>ipsos</span> <span class='ocrx_word' id='word_1_792' title='bbox 3169 4965 3562 5037; x_wconf 83' lang='lat' dir='ltr'>dignitatibus</span> <span class='ocrx_word' id='word_1_793' title='bbox 3613 4984 3707 5024; x_wconf 74' lang='grc' dir='ltr'>τε-</span> 
     </span>
    </p>
   </div>
   <div class='ocr_carea' id='block_1_114' title="bbox 2055 5074 2394 5114">
    <p class='ocr_par' dir='ltr' id='par_1_114' title="bbox 2055 5074 2394 5114">
     <span class='ocr_line' id='line_1_116' title="bbox 2055 5074 2394 5114; baseline -0.003 -1"><span class='ocrx_word' id='word_1_794' title='bbox 2055 5074 2394 5114; x_wconf 88' lang='lat' dir='ltr'>munerans.</span> 
     </span>
    </p>
   </div>
   <div class='ocr_carea' id='block_1_115' title="bbox 2125 5162 3636 5246">
    <p class='ocr_par' dir='ltr' id='par_1_115' title="bbox 2125 5162 3636 5246">
     <span class='ocr_line' id='line_1_117' title="bbox 2125 5162 3636 5246; baseline 0.001 -27"><span class='ocrx_word' id='word_1_795' title='bbox 2125 5164 2208 5221; x_wconf 88' lang='grc'>13.</span> <span class='ocrx_word' id='word_1_796' title='bbox 2249 5165 2310 5221; x_wconf 82' lang='lat' dir='ltr'>Ut</span> <span class='ocrx_word' id='word_1_797' title='bbox 2351 5179 2603 5236; x_wconf 79' lang='lat' dir='ltr'>proceres</span> <span class='ocrx_word' id='word_1_798' title='bbox 2631 5162 2992 5246; x_wconf 50' lang='lat' dir='ltr'>dignitatibus</span> <span class='ocrx_word' id='word_1_799' title='bbox 3045 5163 3351 5234; x_wconf 80' lang='lat' dir='ltr'>imperator</span> <span class='ocrx_word' id='word_1_800' title='bbox 3393 5162 3636 5220; x_wconf 80' lang='lat' dir='ltr'>honora-</span> 
     </span>
    </p>
   </div>
   <div class='ocr_carea' id='block_1_116' title="bbox 2789 5245 2952 5291">
    <p class='ocr_par' dir='ltr' id='par_1_116' title="bbox 2789 5245 2952 5291">
     <span class='ocr_line' id='line_1_118' title="bbox 2789 5245 2952 5291; baseline -0.012 0"><span class='ocrx_word' id='word_1_801' title='bbox 2789 5245 2952 5291; x_wconf 81' lang='lat' dir='ltr'>verit.</span> 
     </span>
    </p>
   </div>
   <div class='ocr_carea' id='block_1_117' title="bbox 2126 5321 3707 5397">
    <p class='ocr_par' dir='ltr' id='par_1_117' title="bbox 2126 5321 3707 5397">
     <span class='ocr_line' id='line_1_119' title="bbox 2126 5321 3707 5397; baseline 0 -17"><span class='ocrx_word' id='word_1_802' title='bbox 2126 5324 2326 5397; x_wconf 87' lang='lat' dir='ltr'>Ipsum</span> <span class='ocrx_word' id='word_1_803' title='bbox 2359 5324 2574 5396; x_wconf 88' lang='lat' dir='ltr'>quippe</span> <span class='ocrx_word' id='word_1_804' title='bbox 2603 5323 2888 5380; x_wconf 86' lang='lat' dir='ltr'>Joannem</span> <span class='ocrx_word' id='word_1_805' title='bbox 2917 5321 3226 5378; x_wconf 90' lang='lat' dir='ltr'>constituit</span> <span class='ocrx_word' id='word_1_806' title='bbox 3254 5322 3587 5394; x_wconf 86' lang='lat' dir='ltr'>despotam,</span> <span class='ocrx_word' id='word_1_807' title='bbox 3613 5325 3707 5380; x_wconf 89' lang='lat' dir='ltr'>cui</span> 
     </span>
    </p>
   </div>
   <div class='ocr_carea' id='block_1_118' title="bbox 2053 5411 3703 5486">
    <p class='ocr_par' dir='ltr' id='par_1_118' title="bbox 2053 5411 3703 5486">
     <span class='ocr_line' id='line_1_120' title="bbox 2053 5411 3703 5486; baseline 0.001 -17"><span class='ocrx_word' id='word_1_808' title='bbox 2053 5413 2226 5470; x_wconf 90' lang='lat' dir='ltr'>titulo</span> <span class='ocrx_word' id='word_1_809' title='bbox 2249 5431 2340 5470; x_wconf 87' lang='lat' dir='ltr'>res</span> <span class='ocrx_word' id='word_1_810' title='bbox 2361 5414 2490 5484; x_wconf 88' lang='lat' dir='ltr'>ejus</span> <span class='ocrx_word' id='word_1_811' title='bbox 2511 5417 2687 5486; x_wconf 69' lang='lat' dir='ltr'>gesta:</span> <span class='ocrx_word' id='word_1_812' title='bbox 2711 5412 2910 5484; x_wconf 88' lang='lat' dir='ltr'>magni</span> <span class='ocrx_word' id='word_1_813' title='bbox 2933 5427 3257 5485; x_wconf 87' lang='lat' dir='ltr'>cognomen</span> <span class='ocrx_word' id='word_1_814' title='bbox 3281 5411 3703 5482; x_wconf 86' lang='lat' dir='ltr'>adjunxerunt.</span> 
     </span>
    </p>
   </div>
   <div class='ocr_carea' id='block_1_119' title="bbox 2052 5500 3704 5561">
    <p class='ocr_par' dir='ltr' id='par_1_119' title="bbox 2052 5500 3704 5561">
     <span class='ocr_line' id='line_1_121' title="bbox 2052 5500 3704 5561; baseline 0.002 -3"><span class='ocrx_word' id='word_1_815' title='bbox 2052 5503 2318 5560; x_wconf 77' lang='lat' dir='ltr'>Alterum</span> <span class='ocrx_word' id='word_1_816' title='bbox 2377 5519 2582 5559; x_wconf 89' lang='lat' dir='ltr'>verum</span> <span class='ocrx_word' id='word_1_817' title='bbox 2632 5505 2881 5559; x_wconf 88' lang='lat' dir='ltr'>fratrum</span> <span class='ocrx_word' id='word_1_818' title='bbox 2928 5500 3383 5558; x_wconf 89' lang='lat' dir='ltr'>Constantinum</span> <span class='ocrx_word' id='word_1_819' title='bbox 3433 5503 3704 5561; x_wconf 88' lang='lat' dir='ltr'>sebasto-</span> 
     </span>
    </p>
   </div>
   <div class='ocr_carea' id='block_1_120' title="bbox 2051 5590 3700 5666">
    <p class='ocr_par' dir='ltr' id='par_1_120' title="bbox 2051 5590 3700 5666">
     <span class='ocr_line' id='line_1_122' title="bbox 2051 5590 3700 5666; baseline -0.001 -13"><span class='ocrx_word' id='word_1_820' title='bbox 2051 5598 2336 5654; x_wconf 87' lang='lat' dir='ltr'>craterem</span> <span class='ocrx_word' id='word_1_821' title='bbox 2371 5597 2502 5666; x_wconf 91' lang='lat' dir='ltr'>post</span> <span class='ocrx_word' id='word_1_822' title='bbox 2521 5593 2802 5650; x_wconf 80' lang='lat' dir='ltr'>Caesarem</span> <span class='ocrx_word' id='word_1_823' title='bbox 2835 5591 3050 5649; x_wconf 88' lang='lat' dir='ltr'>creavit</span> <span class='ocrx_word' id='word_1_824' title='bbox 3080 5609 3093 5647; x_wconf 92' lang='lat'>:</span> <span class='ocrx_word' id='word_1_825' title='bbox 3127 5590 3303 5648; x_wconf 88' lang='lat' dir='ltr'>simul</span> <span class='ocrx_word' id='word_1_826' title='bbox 3335 5591 3488 5648; x_wconf 87' lang='lat' dir='ltr'>enim</span> <span class='ocrx_word' id='word_1_827' title='bbox 3523 5593 3700 5651; x_wconf 86' lang='lat' dir='ltr'>Joan-</span> 
     </span>
    </p>
   </div>
  </div>
