3944 6202
183 317 279 373 545

1209 314 1298 365 os
1335 312 1703 367 MICHAELE
1745 296 2188 367 PALBOLOGO
2226 312 2357 365 LIB.
2399 314 2474 365 ιι.

3456 326 3561 381 546

185 459 304 513 τορα
328 438 405 492 καὶ
428 437 657 511 Καίσαρα
689 433 996 493 ἀπεδείκνυ.
1030 438 1135 493 Τὸν
1186 434 1243 490 δέ
1282 456 1343 511 γε
1390 435 1640 511 πενθερὸν
1699 437 1796 489 τοῦ
1828 440 1880 505 Α
1910 430 2185 511 ταδὲλφης
2241 433 2412 503 υἱοὺς,
2467 434 2613 497 νὲους
2672 432 2828 499 ὄντας
2882 440 3209 516 ὑπερηγάπα
3264 446 3355 499 καὶ
3413 446 3560 512 ἐντὸς

188 526 420 583 δεσπότου
470 524 562 579 τὸν
632 523 909 598 Τορνίκιον
984 530 1383 579 Κωνσταντῖνον
1443 522 1503 579 ἐκ
1562 521 1801 598 μεγάλου

182 614 512 689 πριμικηρίου
572 607 1044 689 σεϐαστοκράτορα
1099 613 1191 668 καὶ
1249 612 1407 668 αὐτὸν
1494 612 1800 682 καθίστησι,

183 706 309 773 πλὴν
336 704 397 758 οὐ
427 703 560 758 κατά
588 705 679 757 τὸν
711 707 931 778 πρῶτον
985 702 1073 757 καὶ
1133 698 1367 761 ἀδελφόν
1403 720 1415 733 ·
1450 701 1652 757 ἐκεῖνον
1701 703 1800 775 γάρ

180 794 254 848 καὶ
310 791 611 867 βασιλικοῖς
669 792 847 853 ἀετοῖς
898 793 1035 846 κατά
1083 792 1146 846 τὸ
1196 790 1421 862 σύνηθες
1479 789 1802 865 ἐμεγάλυνε,

181 888 343 938 τοῦτον
377 879 432 937 δὲ
458 879 591 956 δίχα
619 886 727 935 ¹ιῶν
762 876 1055 955 συμϐόλων
1089 880 1304 936 ἐκείνων
1332 881 1384 934 ἐν
1444 880 1634 954 μόνοις
1683 885 1801 941 τοῖς

178 977 371 1033 κυανοῖς
434 965 907 1046 σεϐαστοκράτορα
968 969 1220 1049 ἔγραφεν.
1273 967 1542 1042 Ἐξεδίδου
1601 967 1658 1024 δὲ
1712 969 1802 1023 καὶ

174 1062 256 1129 τὴν
301 1058 459 1114 αὐτοῦ
518 1059 785 1133 θυγατέρα
841 1059 941 1127 τὴν
1008 1058 1142 1131 μετά
1197 1058 1297 1127 τὴν
1355 1056 1648 1133 προτέραν,
1678 1057 1737 1119 ἢν
1772 1056 1800 1111 ὁ

174 1148 411 1221 δεσπότης
474 1147 612 1222 εἶχε,
670 1152 752 1220 τῷ
807 1151 905 1202 τοῦ
958 1144 1221 1203 δεσπότου
1278 1146 1383 1220 υἱῴ
1458 1145 1518 1201 ἐκ
1601 1143 1801 1206 δόσεως

170 1241 386 1311 Ἰωάννῃ,
420 1238 480 1293 ὃν
535 1237 624 1291 καὶ
683 1238 757 1298 ὡς
817 1236 1031 1311 ὅμηρον
1079 1237 1395 1313 πεμφθῆναι
1445 1239 1525 1307 τῷ
1588 1234 1805 1310 βασιλεῖ

171 1329 295 1404 παρά
343 1331 442 1382 τοῦ
500 1326 703 1400 πατρὸς
761 1325 790 1379 ὁ
834 1324 1001 1399 λόγος
1050 1323 1408 1401 προέγραφεν.
1440 1322 1685 1394 Ἀλὲξιον
1746 1320 1803 1377 δὲ

172 1420 248 1472 τὸν
296 1412 804 1491 Στρατηγόπουλον
863 1413 1094 1488 γέροντα
1148 1409 1491 1489 προύϐάλετο
1542 1412 1798 1486 Καίσαρα.

174 1509 263 1565 Τὸν
318 1504 371 1561 δὲ
425 1506 683 1581 γέροντα
716 1503 985 1576 Αάσκαριν
1048 1504 1141 1557 τὸν
1217 1507 1315 1557 τοῦ
1373 1501 1802 1577 Τζαμαντοῦρου

171 1595 378 1674 ἀδελφὸν
412 1594 601 1669 (αὐτὸς
632 1593 736 1670 γάρ
770 1591 937 1648 ὑπέδυ
965 1593 1056 1648 τὸν
1088 1595 1356 1668 μοναχὸν)
1411 1594 1576 1669 μεγαν
1637 1592 1804 1649 δοῢκα

170 1685 429 1763 ἐφήμιζεν.
469 1685 726 1754 Ἰωάννην
783 1703 843 1737 τε
895 1683 987 1737 τὸν
1020 1681 1220 1738 Ῥαοὺλ
1269 1683 1387 1737 υἱὸν
1436 1686 1532 1737 τοῦ
1587 1702 1803 1758 πρωτο-

1909 521 2014 577 τῶν
2052 522 2341 598 βασιλείων
2382 524 2523 599 εἶχεν
2574 525 2998 604 ἐκτρεφομένους
3030 532 3287 606 (Μιχαὴλ
3347 533 3394 589 δ’
3423 537 3558 605 ἦσαν

1911 613 2000 665 καὶ
2058 609 2401 685 Ἀνδρόνικος
2446 612 2536 667 καί
2592 635 2653 690 γε
2708 615 2967 689 Ἰωάννης
2994 619 3179 684 αὐτοῖς
3233 624 3299 676 τά
3357 624 3560 697 ὀνόμα-

1910 703 2017 773 τα),
2050 702 2124 764 ὡς
2155 702 2242 756 καὶ
2276 700 2474 775 πολλῷ
2506 702 2724 781 ὕστερον
2780 706 2869 759 καὶ
2926 709 3015 762 τὸν
3078 708 3136 763 ἐκ
3194 707 3395 776 δύσεως
3450 720 3559 769 Πα-

1913 788 2205 864 λαιολόγον
2263 788 2630 866 Ἀνδρόνικον,
2684 794 2742 847 ’ὃν
2806 796 2894 849 καὶ
2975 794 3262 876 ἐξάδελφον
3338 798 3557 877 ἔγραφε,

1912 875 2279 935 συναναϐάντα
2333 884 2411 951 τῷ
2469 878 2697 956 δεσπότῃ
2737 882 2949 958 σόναμα
2978 886 3067 940 καὶ
3100 886 3294 950 ἄλλοις
3325 875 3561 953 πολλοῖς

1914 965 2153 1029 δυτικοῖς
2212 970 2445 1043 ἄρχουσι
2498 970 2803 1035 συνοικίσας
2849 977 2918 1047 τῇ
2949 978 3045 1029 τοῦ
3076 976 3274 1032 Ῥαοὺλ
3305 979 3557 1056 Θυγατρὶ,

1910 1057 2280 1132 κεχηρωμὲνῃ
2328 1056 2461 1133 οὔσῃ
2520 1060 2613 1115 καὶ
2655 1059 2821 1135 ταύτῃ
2868 1066 2965 1116 τοῦ
2997 1061 3347 1140 Ἀνδρονίκου
3405 1070 3558 1125 Μου-

1915 1145 2180 1216 ζάλωνος,
2236 1148 2293 1201 ὃν
2352 1147 2441 1202 καὶ
2518 1144 2686 1224 μέγαν
2763 1147 3084 1224 δομὲστικον
3158 1154 3557 1233 ἀνεγράφομεν,

1911 1235 2372 1313 πρωτοστράτορα
2428 1236 2798 1295 ἀποδείκνυσι.
2831 1240 2969 1297 Τότε
3028 1239 3074 1295 δ’
3120 1241 3205 1297 ἐπὶ
3262 1248 3341 1316 τῷ
3396 1244 3558 1317 ἀξιώ-

1916 1345 2041 1396 ματι
2073 1324 2249 1397 τούτῳ
2296 1326 2388 1380 τὸν
2444 1326 2913 1401 Φιλανθρωπηνὸν
2950 1327 3195 1400 Ἀλεξιον
3255 1331 3558 1407 ἐγκαθίστα.

1910 1414 2010 1468 Τὸν
2071 1412 2127 1469 δὲ
2179 1421 2279 1483 τῆς
2328 1422 2585 1490 πενθερᾶς
2642 1418 2807 1472 αὐτοῦ
2893 1417 3227 1498 αὐτάδελφον
3285 1422 3557 1497 ’Ἄγγελον

1916 1503 2079 1578 μεγαν
2164 1508 2312 1557 ποιεῖ
2397 1507 2780 1581 πριμικήριον,
2839 1504 3286 1583 πρωτοσεϐαστὸν
3362 1508 3418 1565 δὲ
3472 1513 3563 1566 τὸν

1911 1590 2224 1667 Νοστόγγον
2283 1591 2512 1666 Μιχαὴλ
2566 1594 2656 1647 καὶ
2708 1597 2965 1666 μυστικὸν
3028 1598 3120 1652 τὸν
3181 1596 3563 1675 Παλαιολόγον

1912 1679 2167 1754 Μιχαὴλ,
2221 1680 2311 1742 οὒς
2364 1681 2456 1735 καὶ
2515 1682 2870 1755 αὖτανεψίους
2927 1683 3187 1759 ἐλέγομεν
3245 1688 3372 1742 εἶναι
3432 1689 3567 1744 κατά

171 1772 457 1849 ϐεστιαρίου
516 1771 741 1841 Ῥαοὺλ,
799 1771 890 1826 καὶ
942 1773 1032 1827 τὸν
1091 1775 1187 1826 τοῦ
1244 1771 1594 1847 πηρωθέντος
1652 1772 1799 1842 Φιλῆ
1835 1769 2065 1875 Βγὲνος
2116 1774 2193 1842 τῷ
2247 1770 2465 1845 βασιλεῖ
2494 1778 2574 1843 [Ρ.
2626 1774 2737 1845 71]⁹
2771 1770 3009 1835 ’Ἄλλους
3054 1795 3110 1829 τε
3150 1774 3399 1840 πολλοὺς
3455 1783 3562 1833 τῶν

199 1865 233 1875 ..
299 1866 339 1875 .-
410 1863 456 1875 .-
644 1863 658 1875 ι
788 1861 805 1875 .
927 1862 959 1875 ...
1072 1865 1094 1875 -
1322 1855 1352 1875 ο
1551 1860 1563 1875 ,
1657 1866 1706 1875 --
1924 1858 1937 1875 ς
2042 1860 2053 1875 ,
2317 1864 2339 1875 ..
2466 1860 2480 1875 .
2632 1859 2643 1875 .
3051 1858 3211 1875 0.1..-
3362 1866 3375 1875 .
3551 1868 3561 1875 .

171 1865 268 1919 υἱὸν
299 1863 575 1933 Ἀλέξων,
604 1863 696 1916 τὸν
749 1861 844 1933 μὶν
890 1862 959 1932 τῇ
1002 1865 1099 1915 τοῦ
1128 1855 1629 1934 πρωτοϐεστιαρίου
1656 1866 1803 1917 Μου-

171 1952 415 2023 ζάλωνος,
448 1953 563 2027 πρὸ
598 1954 797 2026 μικροῦ
856 1950 1174 2025 χηρωθείσῃ
1225 1948 1433 2024 τρόπον
1483 1950 1541 2012 ὃς
1572 1949 1805 2026 εἴρηται,

170 2040 425 2118 Θεοδώρῳ,
459 2039 734 2118 ἀδελςριδῇ
766 2039 930 2095 αὐτοῦ
960 2060 1021 2113 γε
1048 2036 1204 2113 οὔσῃ,
1238 2036 1515 2113 Εὐλογίας
1563 2038 1621 2094 ἐκ
1666 2044 1807 2096 Καν-

176 2135 505 2202 ταχουζηνοῦ
564 2128 793 2204 θυγατρὶ
836 2128 953 2197 ’τῆς
1004 2129 1176 2183 αὐτοῦ
1233 2125 1559 2198 αὐταδὲλης,
1592 2128 1667 2191 εἰς
1712 2132 1809 2205 γά-

174 2243 257 2293 μον
315 2217 660 2293 συναρμόσας
712 2212 1211 2294 πρωτοϐεστιάριον
1271 2217 1807 2288 ἀποκαθίστησι,τὸν

171 2308 217 2365 δί
244 2310 316 2370 εἷς
346 2312 399 2366 ἓν
433 2307 611 2384 λέχος
641 2312 711 2382 τῇ
767 2304 1074 2384 αὗταδὲλφῃ
1123 2306 1323 2375 ταύτης
1368 2307 1548 2381 Μαρίᾳ
1578 2328 1809 2382 συναγαο

210 2402 222 2417 ι
342 2400 353 2419 Ι
504 2397 531 2415 ’λ
622 2396 635 2416 Ι
874 2396 888 2413 ε
982 2393 1005 2412 ἢ
1045 2394 1056 2415 Ι
1330 2397 1343 2415 1

169 2421 263 2473 γων
296 2420 467 2475 μεγαν
500 2415 831 2471 οομεστικον
866 2416 1235 2452 αποοεικνυσι.
1276 2401 1382 2465 Την
1443 2394 1500 2451 δὲ
1549 2395 1609 2451 ἐκ
1657 2398 1812 2460 θατέ-

167 2509 249 2563 ρας
275 2494 377 2544 τῶν
409 2485 773 2561 αὗταδὲλφων
809 2484 974 2540 αὐτοῦ
1022 2487 1247 2561 Μάρθας
1295 2490 1638 2559 γεννηθεῖσαν
1684 2492 1811 2540 Θεο-

167 2576 441 2651 δώραν,ἣν
502 2578 593 2631 καὶ
656 2577 685 2630 ὁ
742 2568 1126 2651 Καϐαλλάριος
1175 2574 1462 2637 Βασίλειος
1522 2574 1659 2651 εἶχε,
1694 2572 1812 2629 δια-

167 2667 335 2736 ζεύξας
367 2667 587 2721 ἐκεῖνον
618 2662 785 2731 αὐτῆς
831 2667 930 2730 τῆς
980 2659 1325 2739 αὐταδέλφης
1381 2659 1666 2733 δεηθείσης
1725 2660 1815 2716 διὰ

163 2759 223 2810 τα
275 2752 563 2828 συμϐάντα
622 2754 674 2808 οἱ
729 2750 876 2826 παρά
930 2752 1027 2819 τὴν
1080 2753 1269 2806 ἑαυτοῦ
1300 2750 1497 2820 αἰτίαν,
1527 2756 1605 2823 τῷ
1662 2750 1815 2809 Βαλα

164 2843 404 2919 νειδιώτῃ
476 2840 790 2908 ἐκδίδωσιν,
843 2840 900 2895 ’ὀν
961 2840 1049 2895 καὶ
1112 2842 1272 2915 μέγαν
1332 2838 1812 2917 στρατοπεδάρχην

163 2939 302 3006 τιμᾷ.
334 2934 482 2996 Τοὺς
538 2930 595 2987 δὲ
650 2930 854 2999 ταύτης
888 2926 1282 3008 αὐταδὲλφους,
1310 2930 1533 3003 Μάρθας
1558 2936 1659 3000 τῆς
1719 2928 1812 2984 αὖ·

1913 1858 2197 1934 ἀρχόντων
2249 1864 2366 1921 τοῖς
2456 1859 2727 1937 ὀφφικίοις
2811 1858 3285 1935 προσανεϐίϐαζεν,
3346 1866 3419 1928 ὡς
3476 1868 3565 1921 καὶ

1914 1949 2008 2002 τὸν
2041 1947 2339 2024 λογοθέτην
2387 1953 2493 2004 τῶν
2541 1949 2749 2023 ἀγελῶν
2779 1950 3276 2027 Ἀγιοθεοδωρίτην
3338 1952 3569 2029 λογοθὲ-

1916 2058 2013 2107 την
2044 2042 2152 2092 τῶν
2181 2037 2463 2092 οἷκειακῶν
2498 2034 2903 2108 ἐπαναϐιϐάζων
2958 2038 3164 2111 ἐκάλει,
3192 2042 3282 2096 καὶ
3334 2043 3561 2119 Μιχαὴλ

1918 2127 2007 2181 τὸν
2038 2128 2213 2183 Κακὸν
2269 2134 2728 2203 πρωτασηκρῆτις
2776 2126 3051 2200 ἀναδείξας
3104 2131 3307 2206 εὐγενεῖ
3363 2136 3568 2211 συνήρ-

1924 2236 2086 2287 μοττε
2128 2214 2267 2292 κόρῃ
2318 2214 2377 2270 ἐκ
2426 2220 2523 2271 τοῦ
2569 2220 2678 2270 τῶν
2710 2214 3194 2292 Φιλανθρωπηνῶν
3236 2221 3450 2295 γὲνους,
3477 2223 3566 2277 καὶ

1922 2303 2111 2366 ἁπλῶς
2135 2305 2313 2367 πολὺς
2339 2305 2406 2373 ἦν
2437 2305 2563 2367 τοὺς
2596 2302 2867 2381 ἄρχοντας
2896 2303 3263 2381 δεξιούμενος.

1923 2463 1983 2519 δ’.
2016 2468 2200 2527 Ὅπως
2235 2464 2323 2542 διά
2352 2463 2594 2542 σπουδῆς
2628 2467 2771 2541 εἶχεν
2802 2468 2837 2542 ὁ.
2866 2465 3221 2542 βασιλεὺςᾷτὸ
3263 2471 3362 2540 τὴν
3405 2470 3569 2528 πόλιν

2241 2536 2405 2611 ἱλεῖν,
2438 2537 2525 2593 καὶ
2554 2534 2715 2601 ὅπως
2736 2534 3047 2612 Σηλυϐρίαν
3082 2540 3245 2600 εἶλεν.

1994 2662 2094 2718 Ἦν
2122 2658 2215 2716 οὗν
2248 2660 2391 2733 αὖτῷ
2419 2658 2508 2716 διὰ
2539 2659 2782 2732 σπουδῆς
2816 2662 3073 2738 μεγίστης
3115 2664 3204 2719 καὶ
3258 2666 3358 2735 τὴν
3407 2666 3570 2723 πόλιν

1924 2748 2088 2823 ἑλεῖν,
2146 2752 2233 2804 καὶ
2291 2752 2702 2826 προσηνάγκαζε
2757 2752 2995 2825 τρόπους
3063 2751 3391 2831 ἐφευρίσκων
3472 2756 3572 2829 μά-

1924 2860 2035 2915 χης
2087 2845 2224 2917 πρὸς
2253 2838 2639 2909 ’1ταλοὺς,καὶ
2691 2839 2757 2894 τά
2804 2838 2994 2913 κύκλῳ
3044 2842 3246 2914 ταύτης
3296 2865 3571 2920 προκατα-

1926 2925 2111 2985 Λαϐεῖν
2167 2928 2449 3004 ἠπείγετο.
2484 2929 2631 2986 Ἐπεὶ
2692 2927 2748 2984 δὲ
2805 2928 2895 2984 καὶ
2956 2928 3032 2984 ἔτι
3093 2935 3218 3004 παρ’
3276 2931 3483 2989 Ιταλῶν
3538 2937 3573 3003 ἡ

171 3167 292 3207 nem
339 3150 879 3207 sehastocratorem
937 3153 996 3205 et
1041 3152 1322 3204 Caesarem
1391 3147 1803 3203 declaraverat.
1838 3147 1880 3214 ρ
1926 3145 2100 3211 ﬁlios,
2135 3146 2325 3201 adhuc
2355 3146 2845 3215 adolescentulos,
2866 3164 3032 3204 caros
3056 3148 3114 3203 in
3137 3147 3346 3219 primis
3366 3148 3579 3205 habuit

165 3243 428 3296 Socerum
454 3242 660 3294 autem
685 3238 1044 3309 despoantae,
1073 3236 1410 3293 Tornicium
1434 3234 1808 3291 Consttinum

166 3346 225 3384 ex
268 3345 488 3400 magno
542 3326 878 3399 primicerio
930 3328 1455 3382 sebastocratorem
1498 3323 1652 3392 fecit,
1704 3324 1803 3379 sed

165 3435 287 3473 cum
318 3418 530 3489 aliqua
559 3433 593 3472 a
621 3419 849 3472 Caesare
879 3413 1245 3471 differentia:
1280 3429 1418 3469 nam
1440 3414 1677 3468 fratrem
1698 3413 1809 3469 isto

164 3507 417 3563 afficiens
448 3506 679 3561 honore
702 3502 1098 3576 imperatoriis
1123 3518 1356 3575 quoque
1370 3503 1442 3558 de
1460 3517 1619 3557 more
1641 3501 1811 3573 aqui-

164 3594 664 3666 lisinsigniverat,
696 3593 857 3649 hunc
906 3609 1041 3649 vero
1100 3593 1225 3648 sine
1257 3591 1375 3647 illis
1433 3590 1718 3663 symbolis
1748 3589 1809 3644 in

163 3684 293 3741 solis
324 3682 604 3741 caeruleis
635 3682 1161 3739 sebastocratorem
1205 3679 1466 3752 scripsit.
1499 3678 1815 3736 Collocavit

164 3779 347 3829 autem
406 3770 667 3828 Tornicii
716 3770 900 3826 filiam
957 3768 1500 3841 secundogenitam,
1550 3783 1810 3824 sororem

165 3862 352 3920 uxoris
384 3864 654 3934 despota:
714 3860 808 3916 sui
865 3859 1087 3928 fratris,
1118 3857 1331 3915 Joanni
1390 3858 1508 3914 filio
1557 3859 1811 3930 despotaa

165 3951 525 4015 Occidentis,
557 3965 737 4021 quem
767 3947 1032 4005 obsidem
1062 3946 1405 4018 imperatori
1431 3964 1465 4003 a
1485 3951 1650 4019 parte
1672 3945 1814 4001 mis.

165 4057 288 4096 sum
328 4039 517 4114 paulo
550 4042 689 4095 ante
736 4037 1015 4093 diximus.
1067 4037 1278 4093 Senem
1328 4053 1499 4109 porro
1546 4034 1813 4091 Alexium

163 4127 649 4203 Slrategopulum
681 4127 894 4183 creavit
924 4129 1208 4183 Caesarem
1239 4151 1254 4195 ;
1285 4130 1341 4182 et
1370 4142 1571 4182 senem
1605 4125 1816 4181 Basca-

168 4220 272 4274 rim
297 4216 692 4275 Tzamanturi
720 4216 959 4272 fratrem
981 4215 1100 4286 (hic
1122 4215 1278 4270 enim
1302 4214 1575 4271 monachi
1598 4219 1818 4271 vestem

160 4307 457 4379 induerat)
491 4321 777 4379 magnum
796 4307 1005 4363 ducem
1037 4304 1666 4377 appellavit.Joannem
1684 4319 1817 4359 vero

164 4396 433 4466 Ranlem,
469 4394 907 4468 protovestiarii
939 4393 1146 4451 Raulis
1178 4393 1412 4464 Filium,
1437 4393 1819 4466 protovestia-

1928 3240 1986 3291 et
2018 3235 2173 3306 apud
2218 3250 2282 3290 se
2313 3234 2469 3306 regie
2500 3235 2720 3291 curavit
2769 3236 3025 3293 educari.
3075 3236 3327 3293 Nomina
3362 3238 3574 3293 horum

1926 3330 2093 3380 erant
2147 3322 2393 3380 Michael
2442 3324 2813 3381 Andronicus
2844 3329 2902 3381 et
2954 3326 3232 3383 Joannes.
3296 3326 3577 3383 Similiter

1929 3413 2313 3485 (quamquam
2328 3412 2438 3469 hoc
2451 3412 2635 3470 multo
2650 3414 2969 3485 posterius)
2981 3414 3378 3471 Andronicum
3394 3414 3575 3472 alium

1929 3502 2321 3574 Palaeologum
2351 3518 2421 3558 ex
2450 3503 2787 3571 Occidente,
2807 3520 2984 3576 quem
3015 3505 3413 3577 etpatruelem
3438 3504 3577 3561 scri-

1932 3591 2069 3663 psit,
2104 3592 2353 3663 quicum
2368 3593 2683 3665 despotaet
2713 3592 3063 3650 aliismultis
3098 3598 3318 3649 tractus
3333 3594 3575 3649 Occidui

1933 3680 2303 3754 principibus
2334 3682 2406 3737 ad
2465 3698 2528 3738 se
2559 3683 2919 3751 ascenderat,
2980 3682 3262 3739 collocata
3292 3682 3343 3738 ei
3401 3683 3577 3738 vidua

1934 3769 2247 3826 Andronici
2276 3770 2627 3838 Muzalonis,
2658 3786 2835 3842 quem
2866 3786 3149 3844 magnum
3183 3770 3576 3827 domesticum

1934 3858 2119 3915 fuisse
2167 3860 2294 3929 jam
2374 3858 2747 3930 scripsimus,
2804 3864 3285 3932 protostratorem
3344 3860 3578 3930 creavit,

1933 3947 2134 4004 eodem
2168 3951 2429 4018 tempore
2459 3947 2744 4019 collegam
2762 3949 2813 4004 ei
2835 3947 3017 4004 simili
3040 3948 3352 4021 dignitatis
3382 3947 3581 4019 appel-

1935 4036 2149 4093 latione
2178 4037 2445 4093 tribuens
2473 4036 2738 4093 Alexium
2760 4036 3343 4108 PhilanthrOpenum.
3365 4042 3579 4091 Socrus

1937 4129 2131 4182 autem
2148 4125 2334 4197 ipsius
2350 4127 2589 4182 fratrem
2604 4125 2916 4199 Angelum,
2933 4141 3213 4198 magnum
3227 4124 3581 4197 facitprimi.

1939 4215 2184 4285 cerium,
2216 4216 2691 4287 protosebastum
2704 4230 2836 4271 vero
2851 4214 3218 4286 Nostongum
3236 4214 3580 4271 Michaelem

1940 4310 1999 4360 et
2014 4305 2328 4377 mysticum
2349 4301 3088 4376 PalaeologumMichaelem
3101 4347 3114 4372 ,
3129 4320 3280 4375 quos
3293 4320 3360 4360 ex
3375 4318 3584 4376 genere

1939 4393 2324 4450 consobrinos
2353 4393 2693 4466 imperatori
2727 4392 2911 4448 fuisse
2941 4391 3222 4448 diximus.
3257 4392 3386 4449 Pari
3407 4392 3581 4448 modo

160 4486 308 4543 rium
341 4487 591 4556 creavit,
622 4484 1001 4556 conjunctaei
1032 4482 1407 4540 matrimonio
1428 4483 1605 4539 vidua
1626 4488 1820 4556 proto-
1849 4514 1896 4579 D
1940 4482 2159 4539 multos
2190 4481 2337 4539 alios
2354 4499 2422 4539 ex
2452 4481 2818 4555 principibus
2841 4482 2914 4537 ad
2939 4481 3134 4537 ofﬁcia
3166 4480 3475 4554 promovit.
3504 4481 3586 4536 uti

159 4576 423 4632 vestiarii
458 4573 788 4630 Muzalonis
818 4588 1007 4645 nuper
1028 4571 1208 4630 occisi
1241 4589 1355 4645 quo
1374 4572 1548 4628 modo
1567 4572 1823 4628 narravi-

162 4682 312 4722 mus.
348 4665 490 4721 Hazc
524 4667 724 4720 autem
768 4662 966 4729 vidua,
999 4662 1241 4718 nomine
1268 4661 1594 4729 Theodore,
1629 4662 1820 4732 neptis

163 4761 281 4811 exat
310 4752 701 4827 imperatoris
735 4750 1058 4824 Palaeologi,
1091 4752 1221 4822 ejus
1239 4750 1457 4807 sororis
1481 4751 1736 4823 Eulogiaz
1753 4769 1821 4808 ex

162 4840 577 4900 Cantacuzeno
624 4841 765 4898 ﬁlio.
798 4841 978 4913 Cujus
1027 4839 1284 4913 Eulogizs
1327 4839 1510 4895 filiam
1550 4842 1818 4908 alteram,

163 4946 515 5002 germanam
558 4931 904 5003 Theodora,
956 4928 1220 4998 Mariam,
1255 4928 1481 5002 nuptiis
1525 4929 1822 5002 copulavit

166 5022 315 5099 109
351 5021 574 5093 Alexio,
611 5019 786 5076 Phile
806 5019 904 5093 qui
928 5022 1249 5075 excaecatus
1273 5018 1461 5075 fuerat
1481 5019 1622 5087 filio,
1644 5035 1819 5092 quem

162 5114 216 5164 et
244 5126 538 5182 magnum
561 5109 951 5165 domesticum
977 5106 1313 5164 declaravit.
1336 5106 1523 5163 Aliam
1546 5113 1822 5180 praeterea

162 5200 534 5256 Theodoram
567 5216 637 5256 ex
666 5199 849 5255 altera
881 5214 1078 5255 sorore
1108 5213 1217 5253 sua
1259 5195 1489 5252 Martha
1536 5197 1817 5268 genitam,

164 5303 341 5358 quam
359 5289 621 5345 Basilius
635 5286 1002 5344 Gaballarius
1015 5287 1275 5356 duxerat,
1305 5284 1376 5340 ab
1399 5298 1465 5340 eo
1479 5286 1547 5340 ad
1548 5285 1572 5356 j
1584 5290 1818 5344 unctam

163 5382 377 5448 rogatu
410 5393 702 5447 germana:
752 5380 992 5448 prOpter
1019 5392 1087 5431 ea
1118 5390 1249 5446 quae
1280 5373 1392 5444 ipsi
1422 5374 1658 5430 Marthae
1690 5378 1820 5448 ejus

160 5482 349 5520 causa
363 5466 758 5539 contigerant,
780 5480 1019 5521 uxorem
1043 5463 1207 5519 dedit
1226 5460 1624 5535 Balanidiotai,
1646 5482 1818 5536 quem

162 5553 375 5625 magni
431 5553 920 5627 stratopedarcbae
982 5552 1204 5608 honore
1251 5551 1564 5607 decoravit.
1635 5554 1820 5625 Hujus

159 5642 491 5699 Theodore
541 5644 752 5701 fratres
819 5657 1075 5715 quoque,
1132 5640 1371 5696 Martha:
1421 5642 1638 5699 sororis
1700 5660 1819 5700 suae

1938 4572 2290 4645 logothetam
2316 4570 2613 4644 agelarum
2641 4570 3210 4643 Hagiotheodoriten,
3233 4586 3406 4641 quem
3426 4570 3588 4641 logo—

1940 4661 2159 4717 thetam
2218 4659 2674 4716 domesticorum
2733 4659 3078 4728 constituit;
3140 4664 3198 4715 et
3241 4657 3583 4715 Michaelem

1939 4757 2325 4829 cognomento
2358 4753 2598 4821 Malum,
2619 4753 2875 4825 primum
2908 4771 2943 4808 a
2965 4753 3205 4809 secretis
3232 4756 3404 4808 antea
3426 4768 3588 4808 orca-

1938 4851 2089 4913 tum,
2120 4845 2275 4899 no
2307 4841 2487 4898 nobili
2508 4842 2722 4914 virgini
2740 4841 3051 4913 conjunxit
3082 4859 3111 4898 e
3144 4840 3589 4914 Philanthrope-

1942 4949 2150 4990 norum
2178 4932 2379 5003 stirpe.
2416 4930 2678 5002 Denique
2710 4930 2935 4988 multus
2966 4936 3089 4988 erat
3119 4931 3177 4987 in
3214 4930 3591 4987 demerendis

1943 5040 2008 5079 ac
2038 5022 2151 5079 sibi
2183 5020 2569 5078 conciliandis
2600 5021 2875 5094 primaris
2906 5020 3067 5078 viriis
3098 5020 3491 5092 familiisque.‘

1939 5129 2027 5183 14.
2065 5129 2128 5185 Ut
2184 5127 2488 5199 imperator
2517 5127 2763 5183 studium
2793 5127 3114 5183 adhibuerit
3160 5127 3234 5182 ad
3262 5142 3566 5198 recuperan

2151 5192 2279 5255 ά(ιηὶ
2315 5198 2547 5268 urbem;
2608 5202 2658 5256 et
2688 5203 2745 5254 ut
2790 5199 3104 5271 Selybriam
3132 5202 3353 5270 ceperit.
3394 5192 3405 5198 ’
3574 5192 3596 5203 ³

2012 5291 2155 5345 Item
2186 5305 2357 5361 porro
2398 5288 2773 5344 incumbebat
2817 5287 2980 5344 omni
3024 5287 3220 5344 studio
3264 5287 3322 5341 in
3372 5299 3572 5342 curam

1940 5381 2352 5452 recuperanda
2384 5378 2568 5435 urbis.
2603 5381 2809 5449 Itaque
2864 5378 3097 5434 invento
3129 5378 3408 5448 praetextu
3456 5369 3593 5427 belli

1943 5474 2144 5526 contra
2176 5468 2373 5536 Italos,
2409 5467 2537 5523 loca
2556 5466 3057 5539 Constantinopoli
3082 5466 3472 5531 undecunque
3494 5473 3595 5528 per

1946 5558 2261 5615 circuitum
2292 5556 2483 5612 vicina
2500 5571 2905 5627 praeoccupare
2925 5551 3334 5610 contendebat.
3360 5548 3423 5602 Et
3443 5561 3597 5617 quo-

1952 5648 2111 5703 niam
2164 5645 2427 5719 Selybria
2454 5649 2592 5700 tunc
2626 5644 2817 5700 adhuc
2847 5647 2973 5699 erat
3002 5641 3059 5695 in
3094 5640 3379 5711 potestate
3426 5634 3598 5691 Italo-
