3944 6202
167 294 256 349 549
1184 290 1280 342 DE
1321 286 1693 342 menaeus
1732 286 2176 344 PALEOLOGO
2211 291 2345 344 LIB.
2388 296 2458 345 ιι.
3440 297 3547 352 550

170 418 293 472 ἔνθεν
349 415 442 487 μὲν
499 411 704 487 ἐχούσῃ
760 412 830 479 τὴ
887 408 1179 482 Θάλασσαν,
1237 407 1381 473 ἔνθεν
1445 405 1490 461 δ’
1533 408 2043 483 ὑπεράνωΑρεῦσι
2100 410 2161 464 τὸ
2214 413 2453 485 πραχθὲν
2497 418 2578 485 τῷ
2626 417 2939 491 πατριάρχῃ
2990 421 3261 473 κοινὸῦντι
3335 421 3425 477 καὶ
3483 423 3547 478 τὸ

172 506 365 578 κειμένῃ
417 507 514 559 τοῦ
573 505 826 574 ποταμοῦ
887 498 1207 575 Δράκοντος,
1267 497 1356 554 καί
1413 496 1495 576 ἂρ’
1550 498 1788 571 ἡσυχίας
1902 500 2158 568 ποιητέον
2207 503 2379 569 ζητεῖ,
2429 504 2560 564 Τοῖς
2616 506 2709 577 μὶν
2761 506 2853 559 οὗν
2906 508 3197 581 προτροπὴ
3240 510 3305 576 ἦν
3347 508 3435 564 ἰπὶ
3483 514 3547 566 τὸ

173 594 317 649 ἐκεῖσε
344 593 603 661 καθῆστο.
656 590 756 647 Καὶ
790 589 941 661 ὁμὲν
977 587 1122 643 οὕτω
1171 593 1252 659 τῷ
1300 587 1453 660 τόπῳ
1511 586 1792 659 ἐνησυχά-
1906 585 1994 642 διὰ
2042 587 2300 645 πλείστου
2352 591 2555 654 τιθέναι
2630 595 2729 662 τὴν
2806 595 3147 671 ἀνεχώρησιν
3216 599 3279 652 τό
3335 619 3393 652 τε
3450 605 3547 653 τοῦ

1905 678 2225 751 πράγματος
2281 678 2444 751 ἄηθες
2499 682 2587 738 καὶ
2641 686 2675 752 ἡ
2724 691 2821 753 τῆς
2870 684 3094 761 εἰρήνης
3154 688 3409 757 συνήθεια
3457 690 3549 743 καὶ

1905 768 1966 824 τὸ
2002 769 2077 837 μή
2111 767 2161 839 ἐξ
2206 769 2428 843 ἑτοίμου
2462 768 2607 841 δόξαι
2664 772 3191 849 ἀποπροσποιεῖσοαι
3249 777 3343 833 τὸν
3398 783 3550 853 πρῶ-

1906 877 1996 911 τον
2030 856 2119 911 καὶ
2180 862 2358 928 ζητεῖν
2419 856 2621 934 ἕτερον,
2681 862 2787 935 πρὸ
2845 860 2903 917 δὲ
2958 863 3163 920 τούτων
3216 866 3465 921 ἁπάντων
3516 869 3552 935 ἡ

1907 944 2002 1001 τοῦ
2037 944 2306 1020 βασιλέως
2347 949 2694 1025 παράκλησις
2722 952 2980 1028 Μιχαὴλ,
3014 953 3261 1029 λιπαρῶς
3313 952 3555 1017 δεδιότος

1915 1037 1990 1107 μή
2025 1035 2105 1112 ἐφ’
2137 1036 2285 1109 αὑτῷ
2312 1038 2379 1093 τὰ
2420 1045 2520 1108 τῆς
2581 1039 2982 1115 ἀναχωρήσεως
3038 1044 3251 1117 γένοιτο
3300 1042 3463 1099 αἴτια·
3494 1045 3559 1099 τὸ

1909 1125 2010 1199 γὰρ
2056 1124 2300 1188 συνειδὸς
2360 1127 2588 1202 ἀρρεπὲς
2632 1132 2916 1206 κριτήριον
2958 1131 3023 1199 ἦν
3083 1132 3172 1187 καὶ
3230 1134 3291 1188 τὸ
3351 1131 3557 1189 λυποῦν

1915 1214 2013 1269 ὁύκ
2043 1214 2248 1287 ἠγνόει,
2282 1213 2379 1270 κᾶν
2430 1216 2638 1280 ἐκεῖνος
2696 1219 2796 1275 οὐκ
2843 1215 3000 1294 ἔλεγε
3050 1226 3316 1298 φανερῶς,
3379 1220 3561 1291 λυπην

1919 1305 2094 1377 μόνην
2177 1306 2363 1381 κωρήν
2429 1307 2518 1361 καὶ
2594 1310 2997 1384 καταφρόνησιν
3071 1306 3563 1385 προϐαλλόμενος.

1917 1394 2123 1451 Ἑκεῖσε
2150 1399 2277 1469 γοῦν
2304 1402 2411 1453 τῶν
2446 1397 2793 1469 ὁπουδήποτε
2852 1401 3232 1475 συναχθέντων
3293 1402 3567 1476 ἱεραργῶν

173 1486 470 1550 εἰδάὖτὸς
521 1488 609 1543 καὶ
657 1484 817 1559 μόνος
860 1484 943 1555 εἶή
1001 1484 1277 1559 ἐνοχλῶν,
1326 1485 1483 1542 αὐτὸν
1541 1492 1808 1551 νουθετεῖν
1920 1484 2145 1553 ζήτησις
2177 1488 2242 1554 ἧν
2288 1486 2413 1562 περὶ
2469 1487 2676 1545 τούτων
2758 1490 2848 1543 καὶ
2930 1490 3135 1563 σκέψις.
3224 1490 3321 1547 Καὶ
3403 1489 3566 1553 τέλος

172 1579 411 1653 ἐλέγχειν
461 1574 818 1650 παρακαλεῖν,
867 1570 1366 1648 συλλαμϐανόντων
1414 1576 1502 1632 καὶ
1558 1581 1664 1633 τῶν
1713 1577 1810 1650 ἀρ-
1917 1576 2195 1649 πέμπουσι
2225 1576 2351 1638 τοὺς
2382 1579 2505 1653 περὶ
2556 1580 2647 1633 τὸν
2696 1579 3025 1653 ἸΙρακλείας
3080 1582 3321 1653 Νικήταν
3379 1578 3563 1658 (ἕτυγε

173 1669 388 1744 χιερὲων
442 1665 677 1722 καθόσον
712 1664 976 1738 ἰσχύοιεν.
1011 1665 1086 1721 Τὸ
1118 1662 1168 1738 δ,
1201 1663 1506 1739 ἀναχωρεῖν
1567 1667 1643 1738 μή
1674 1685 1809 1740 προ-
1917 1665 2015 1741 γὰρ
2041 1666 2165 1722 τότε
2194 1668 2281 1722 καὶ
2341 1669 2692 1743 πατριάρχης
2744 1673 2810 1742 τῇ
2872 1672 3016 1742 μονῇ
3070 1674 3168 1723 τοῦ
3227 1670 3379 1746 ἁγίου
3439 1681 3568 1726 Διο-

172 1761 334 1834 φανῶς
396 1754 497 1818 τὰς
551 1752 727 1818 αῗτίας
783 1752 995 1854 λέγοντι
1035 1800 1049 1824 ,
1115 1754 1193 1825 μὴ
1276 1755 1505 1826 μάταιον
1571 1752 2130 1854 νομισοῆΒμήιδους
2168 1758 2553 1854 προσμένων)
2614 1757 2974 1834 ἀγγελοῦντας
3037 1759 3132 1831 μὲν
3209 1761 3347 1835 πρὸς
3406 1760 3570 1815 αὐτὸν

171 1848 223 1901 τὸ
250 1846 589 1921 ἐγχείρημα.
641 1847 739 1901 Ἦν
796 1841 854 1898 δὲ
907 1842 1010 1918 ἄρα
1040 1843 1128 1899 καὶ
1187 1844 1520 1923 ἀμφοτέροις
1575 1844 1813 1915 ἀνήνυτα
1844 1841 1886 1854 ν
1924 1841 2107 1898 καὶτὰ
2156 1841 2260 1899 ἀπὸ
2309 1846 2407 1909 τῆς
2455 1842 2681 1900 συνόδου
2716 1843 3202 1919 μετακαλουμὲνης
3259 1847 3423 1904 αὐτὸν
3480 1848 3571 1903 καὶ

172 1936 230 1990 τὰ
270 1934 647 2010 πραττόμενα,
694 1937 813 1996 τοῖς
842 1934 891 1988 τ’
922 1931 1303 1989 ἐπιστέλλουσι
1335 1936 1419 2007 [Ρ.
1449 1936 1542 2005 73]
1596 1934 1686 1991 καὶ
1735 1938 1815 2005 τῷ
1932 1930 2150 2007 βαρεῖαν
2178 1928 2445 2002 δοκούσης
2478 1933 2726 2007 ἡγεῖσθαι
2784 1935 2885 2003 τὴν
2937 1934 3311 2009 ἀναχώρησιν,
3346 1936 3570 2010 ἑτοίμου

172 2027 527 2100 ἡσυχάζοντι,
562 2022 784 2095 δοκήσει
834 2027 942 2079 τῶν
980 2024 1073 2097 μὶν
1106 2028 1202 2080 τοῦ
1251 2024 1327 2096 μή
1374 2020 1521 2099 ἔχειν
1568 2024 1816 2093 ἀποσπᾷν
1927 2019 1973 2071 τ’
1997 2016 2162 2090 οὔσης
2188 2021 2325 2095 πρὸς
2353 2022 2415 2077 τὸ
2449 2026 2639 2095 μαθεῖν
2687 2020 2935 2085 εἰπόντος
2986 2023 3052 2080 τὰ
3097 2020 3268 2092 αἴτια.
3316 2022 3462 2092 πλὴν
3522 2022 3580 2079 δὶ

174 2114 354 2170 ἐκεῖθεν
390 2112 629 2185 ἐκεῖνον,
661 2110 757 2169 κᾶν
804 2114 833 2168 δ
862 2133 913 2167 τι
946 2109 1176 2186 λέγοιεν,
1209 2116 1307 2168 τοῦ
1355 2110 1414 2167 δὲ
1456 2116 1552 2168 τοῦ
1605 2114 1681 2187 μὴ
1733 2113 1820 2169 ἐπὶ
1931 2108 2020 2164 καὶ
2066 2107 2430 2173 όνειδιοῢντας
2490 2111 2563 2173 ὠς
2622 2112 2686 2166 οὗ
2747 2109 2976 2176 δεόντως
3010 2109 3373 2189 διαπρὲξοιτο,
3430 2112 3580 2169 ἀλλὰ

176 2204 349 2279 ῥητοῖς
390 2203 549 2273 ἱστᾷν
581 2203 649 2258 τὰ
696 2209 796 2272 τῆς
835 2202 1243 2277 ἀναχωρήσεως
1289 2200 1459 2273 αἶ’τια,
1491 2200 1570 2278 ἐφ’
1602 2203 1647 2273 ᾧ
1678 2200 1822 2256 πολ-
1936 2202 2322 2275 συναρπασθεὶς
2384 2198 2515 2265 ἴσως
2570 2201 2621 2271 ἐξ
2662 2199 2864 2272 ὀδύνης
2910 2203 2974 2259 τὸ
3026 2205 3100 2275 μὴ
3155 2203 3380 2260 κατὰτὸ
3438 2204 3583 2265 εἰκὸς

176 2294 319 2358 λὰκις
345 2294 446 2348 καὶ
479 2291 738 2369 θεραπεία
781 2289 1013 2367 γίνοιτο.
1060 2286 1406 2366 Τριϐομὲνου
1459 2289 1517 2346 δὲ
1568 2295 1664 2347 τοῦ
1703 2312 1825 2349 και·
1935 2292 2236 2360 ποιήσειεν,
2267 2290 2334 2359 ἢν
2383 2285 2490 2346 ἔδει
2546 2291 2858 2347 συναχθεῖσι
2920 2289 3124 2361 δηλοῦν
3183 2293 3273 2347 καὶ
3332 2290 3585 2367 διορθοῦν

176 2386 263 2455 pa?»
292 2384 489 2460 φθάνει
524 2383 611 2438 καὶ
658 2379 711 2445 ἐς
752 2380 979 2457 βασιλέα
1026 2381 1087 2437 τὸ
1138 2379 1340 2456 δρᾶμα,
1391 2381 1481 2437 καὶ
1534 2381 1670 2457 βαρὺ
1730 2381 1830 2438 αὐ·
1940 2380 2117 2451 ἀξιοῦν
2150 2380 2498 2457 πατριάρχην
2522 2380 2646 2437 ὅντα
2689 2382 2935 2444 καὶτοὺς
2983 2387 3090 2438 τῶν
3126 2384 3380 2459 Πατιρων
3427 2382 3591 2439 κανό-

176 2472 285 2526 tim
315 2471 476 2527 δοκεῖ
518 2472 797 2526 ἀκουσθέν.
853 2471 954 2528 Καὶ
1000 2472 1058 2532 ὃς
1100 2477 1217 2534 τοῖς
1245 2471 1378 2547 ἀμφ’
1437 2470 1595 2526 αὐτὸν
1641 2471 1829 2546 ἀρχιε-
1941 2492 2032 2533 νας
2063 2469 2151 2526 διὰ
2180 2471 2439 2527 πλείστου
2467 2473 2767 2547 τιθέμενον.
2799 2475 2913 2530 Ilo?)
2944 2474 3047 2549 γὰρ
3075 2474 3138 2530 τὸ
3168 2473 3449 2550 ἐλέγχειν,
3481 2480 3588 2530 ποῦ

176 690 262 753 ζων
309 678 523 743 οὐδενὸς
554 684 662 736 τῶν
698 678 1047 749 καθηκόντων
1097 680 1168 747 τῆ
1224 677 1527 753 παριαρχίᾳ
1565 676 1797 747 ἥπτετο,

172 774 306 828 πάντ’
350 770 528 840 ἐάσας,
590 771 765 841 ἑαυτῷ
824 766 882 826 δὲ
935 763 1088 841 μόνῳ
1148 766 1475 843 προσλαλῶν
1534 765 1624 821 καὶ
1658 768 1795 835 Θεῷ.

173 864 228 920 Οἱ
256 860 306 916 δὶ
330 864 435 918 τοῦ
460 856 703 934 κλήρου,
736 858 828 915 καὶ
878 858 997 914 ὅσοι
1024 862 1133 914 τῶν
1165 855 1464 933 ἀρχιερίων
1497 859 1565 929 τῇ
1598 854 1800 926 Νικαίᾳ

173 950 484 1023 ἐπεδήμουν,
519 947 691 1007 δεινὸν
723 949 786 1005 τὸ
828 944 1039 1022 συμϐὰν
1099 949 1337 1023 ήγοῦντο
1382 948 1474 1004 καί
1530 954 1797 1022 προσεπᾶ-

172 1040 377 1097 στελλον
415 1038 762 1107 ἱκετεύοντες,
815 1041 890 1110 μή
950 1058 1056 1093 που
1112 1037 1201 1093 καὶ
1257 1036 1509 1112 βασιλεὺς
1568 1040 1799 1102 ἀκούσας

170 1132 211 1187 ἐν
234 1129 391 1202 δεινῷ
446 1130 510 1186 τὸ
568 1129 812 1205 πραχθὲν
873 1130 1126 1197 ποιήσοι.
1177 1126 1278 1184 Καὶ
1339 1126 1525 1190 ἄλλως
1590 1127 1799 1185 δίκαιον

172 1222 305 1293 εἶναι,
359 1217 422 1275 εἴ
470 1219 554 1282 τίς
609 1239 715 1274 που
768 1218 858 1272 καὶ
908 1215 1136 1287 λυποίη,
1188 1217 1358 1273 αὐτοῦ
1388 1239 1493 1274 που
1545 1224 1641 1274 τοῦ
1697 1241 1801 1274 πα-

170 1309 475 1385 τριαρχείου
505 1309 771 1376 καθῆσθαι
803 1307 895 1361 καὶ
943 1327 1007 1379 γε
1055 1305 1304 1381 ἐλέγχειν
1353 1308 1446 1363 τὸν
1497 1310 1615 1363 κατ’
1670 1308 1803 1378 ἐπή-

172 1421 296 1475 ρειαν
347 1397 732 1473 ἐνοχλοῦντα,
790 1396 1229 1473 προπαφὲροντα
1286 1398 1372 1453 καὶ
1420 1401 1501 1469 τῷ
1560 1398 1803 1473 βασιλεὶ,

176 2687 288 2745 lam
318 2689 592 2761 quietem
625 2691 953 2759 opportune
983 2686 1185 2756 situm,
1223 2686 1360 2740 hinc
1393 2685 1631 2758 quidem
1692 2686 1841 2742 mari
1952 2686 2178 2742 dierum
2213 2685 2438 2760 aliquot
2467 2688 2656 2762 spatio
2682 2689 3106 2765 desperatoque
3133 2706 3425 2765 regressu,
3459 2706 3594 2766 per-

179 2784 565 2850 pratentum,
588 2776 751 2832 illinc
781 2776 1043 2832 Dracone
1072 2775 1337 2846 ﬂumine,
1365 2776 1432 2831 ad
1460 2775 1629 2844 cujus
1650 2775 1841 2849 ripam
1952 2776 2139 2831 fertur
2163 2778 2230 2832 ad
2253 2776 2669 2848 imperatorem
2701 2779 2782 2835 rei
2814 2780 2990 2852 fama,
3016 2797 3141 2852 quae
3172 2781 3364 2855 gravis
3386 2780 3437 2838 ei
3464 2796 3598 2856 per-

183 2872 597 2926 constructum
618 2870 779 2935 erat;
812 2865 1009 2937 ibique
1031 2866 1087 2921 in
1111 2864 1296 2921 altum
1328 2880 1390 2921 se
1421 2866 1607 2921 otium
1641 2866 1845 2921 condi~
1955 2863 2317 2938 molestaque
2363 2883 2505 2922 sane
2554 2868 2788 2925 accidit.
2822 2867 3025 2943 Itaque
3072 2869 3121 2927 is
3173 2870 3599 2927 communicato

180 2958 282 3028 dit,
314 2956 563 3014 nullam
594 2955 873 3026 deinceps
903 2971 1201 3026 usurpans
1221 2971 1291 3010 ex
1313 2954 1563 3027 propriis
1593 2955 1843 3027 patriar-
1957 2956 2111 3026 quod
2146 2954 2409 3010 audierat
2435 2955 2726 3029 episcopis
2758 2956 2858 3028 qui
2892 2957 3037 3012 forte
3069 2958 3401 3031 adfuerunt,
3446 2974 3604 3029 quie-

180 3047 293 3101 chae
354 3045 804 3110 functionibus,
844 3045 945 3100 sed
991 3044 1219 3100 cunctis
1278 3044 1544 3110 omissis,
1584 3044 1695 3099 sibi
1743 3044 1845 3098 uni
1957 3043 2120 3099 rebat
2140 3044 2210 3098 ab
2234 3043 2382 3114 ipsis
2407 3043 2544 3115 quid
2571 3044 2901 3100 faciendum
2935 3044 3035 3099 tali
3069 3046 3373 3104 occasione
3404 3062 3605 3104 censo-

184 3137 421 3208 Deoque
446 3133 890 3205 colloquens.At
904 3133 1098 3190 clerus
1117 3132 1460 3243 l‘lica’ensisg,
1482 3137 1538 3188 et
1558 3137 1847 3206 quotquot
1877 3176 1920 3243 Ο
1959 3135 2107 3233 νοοῖ,
2131 3132 2410 3205 Perplexa
2440 3135 2859 3236 eorumooratio
2891 3134 3019 3234 iuit,
3056 3134 3311 3243 prximum
3356 3151 3603 3209 exagge-

181 3224 450 3298 episcopi
479 3224 545 3279 in
576 3240 647 3281 ea
674 3224 819 3279 urbe
866 3226 994 3278 tum
1046 3223 1204 3294 regia
1257 3223 1628 3295 negotiorum
1668 3239 1847 3278 causa

182 3314 674 3381 diversabantur,
700 3313 866 3380 moti,
886 3317 953 3368 ut
974 3329 1080 3384 par
1094 3316 1237 3377 erat,
1263 3315 1384 3367 tam
1416 3312 1651 3368 insueto
1684 3313 1854 3383 facto,

184 3404 571 3477 scripserunt
602 3403 673 3457 ad
705 3400 873 3458 illum
907 3401 1203 3473 supplices
1246 3401 1495 3472 litteras,
1528 3406 1761 3458 orantes
1793 3407 1860 3457 ut

185 3494 436 3559 rediret,
459 3496 521 3547 et
551 3500 933 3563 suggerentes
957 3492 1077 3547 {ore
1097 3495 1165 3545 ut
1184 3490 1507 3562 imperator
1530 3508 1590 3547 re
1614 3490 1717 3547 tali
1755 3508 1861 3548 au-

188 3583 308 3639 dita
336 3582 750 3638 oil'enderetur
780 3598 793 3637 :
827 3581 983 3652 quod
1036 3580 1085 3635 si
1132 3580 1272 3651 quid
1318 3580 1433 3652 ipsi
1480 3597 1680 3637 eorum
1734 3598 1861 3653 qua:

1962 3221 2215 3276 rantium
2248 3225 2613 3276 momentum
2644 3221 3080 3281 inusitatissimi
3112 3223 3604 3294 iacti,secessisse

1964 3311 2033 3365 de
2064 3308 2255 3365 medio
2287 3313 2527 3380 repente
2557 3310 2881 3386 principem
2914 3328 3215 3368 sacrorum
3251 3313 3413 3371 nulla
3470 3318 3609 3369 nota

1966 3415 2164 3472 causa,
2189 3398 2245 3454 in
2275 3398 2449 3471 plena
2478 3416 2612 3455 cum
2643 3399 2911 3457 Ecclesiae
2935 3404 3057 3459 tum
3091 3401 3420 3477 reipublicae
3444 3419 3609 3476 pace,

1966 3492 2092 3543 tum
2113 3488 2454 3545 addentium
2486 3489 2645 3545 haud
2679 3489 2739 3546 in
2772 3495 3046 3563 promptu
3062 3508 3189 3549 esse
3207 3491 3489 3549 rationem
3511 3496 3614 3548 aut

1967 3578 2091 3634 loco
2124 3578 2393 3635 movendi
2426 3578 2684 3650 primum
2719 3580 3067 3650 antistitem,
3101 3586 3204 3640 aut
3233 3581 3413 3639 alium
3455 3598 3614 3655 quae—

188 3672 418 3728 iiebant
452 3670 1068 3743 displiceret,aequum
1093 3670 1275 3726 fuisse
1304 3670 1476 3727 illum
1509 3672 1864 3727 insidentem
1971 3666 2137 3722 rendi
2161 3667 2261 3738 qui
2285 3667 2335 3722 ei
2360 3668 2747 3724 sufﬁceretur.
2771 3670 2880 3724 Sed
2910 3686 3027 3743 prae
3048 3670 3141 3727 bis
3160 3672 3619 3746 omnibusauge-

188 3762 407 3818 throno
437 3758 1321 3831 suo,patriarcbaliauctoritate
1341 3775 1643 3833 perperam
1669 3765 1864 3816 actum
1973 3756 2074 3811 bat
2103 3760 2308 3811 aestum
2336 3772 2535 3812 eorum
2562 3756 2661 3828 qui
2686 3758 3146 3814 consulcbantur
3167 3761 3236 3816 de
3261 3778 3319 3817 re
3342 3761 3464 3831 tali,
3490 3763 3619 3834 ejus

191 3850 663 3923 reprehendere,
695 3853 755 3905 et
783 3849 834 3905 si
864 3849 963 3904 cui
996 3865 1099 3920 per
1126 3865 1187 3904 se
1219 3848 1435 3904 mederi
1485 3866 1600 3905 non
1646 3854 1865 3920 posset,
1975 3845 2073 3916 qui
2098 3844 2439 3900 consulebat
2459 3845 2727 3902 eminens
2748 3864 2815 3902 ex
2834 3846 2995 3903 vultu
3020 3851 3076 3903 et
3098 3849 3315 3905 frustra
3336 3849 3618 3907 dissimu-

196 3942 269 3997 ad
303 3942 746 4013 imperatorem
800 3939 1013 3994 referre
1046 3954 1059 3992 :
1096 3937 1236 4010 quin
1268 3938 1397 4011 ipso
1426 3937 1485 3992 in
1517 3938 1872 4010 imperatore
1975 3934 2094 3990 lata
2122 3933 2503 4004 perturbatio.
2531 3936 2658 4006 ipse
2690 3936 2907 4010 quippe
2938 3936 3183 3993 Michael
3211 3938 3349 3994 dum
3380 3939 3625 4010 rogabat

197 4029 245 4085 si
264 4034 441 4087 esset
467 4029 628 4100 quod
663 4032 1051 4097 suscenseret,
1075 4031 1339 4084 moneret
1359 4028 1575 4099 ipsum,
1599 4028 1872 4100 objurga-
1978 4023 2119 4096 quid
2143 4039 2289 4094 Opus
2310 4022 2654 4093 facto,male
2678 4024 2974 4080 metuebat
2995 4042 3066 4081 ne
3088 4026 3316 4083 audiret
3336 4028 3492 4100 Quod
3516 4045 3626 4086 sua

196 4123 289 4175 ret
318 4119 517 4175 etiam
552 4133 658 4191 pro
687 4120 977 4189 potestate
1008 4116 1294 4172 divinitus
1344 4122 1601 4189 accepta,
1635 4117 1873 4173 hortan-
1979 4112 2174 4183 (cujus
2193 4111 2611 4168 estinﬂexibile
2642 4113 2702 4167 in
2735 4113 3319 4189 gratiamjudicium)
3339 4115 3630 4189 intusipsi

193 4210 400 4279 doque
459 4223 528 4263 ac
580 4206 838 4278 rogando
894 4208 1213 4272 revocaret,
1262 4206 1661 4279 cooperaturis
1704 4206 1764 4262 in
1815 4207 1874 4263 id
1982 4201 2369 4273 exprobrabat
2400 4202 3048 4270 conscientia,causam
3080 4204 3361 4262 nimirum
3394 4206 3628 4264 dedisse

195 4298 412 4371 ipsum
470 4314 581 4370 pro
610 4295 769 4351 virili
820 4296 1042 4352 caeteris
1091 4294 1400 4367 episcopis.
1434 4296 1714 4351 Secedere
1742 4312 1877 4351 vero
1983 4291 2179 4362 ipsum
2210 4291 2518 4347 secedendi
2550 4291 2915 4365 patriarchae,
2937 4294 3317 4364 quantumvis
3338 4294 3438 4352 ille
3459 4295 3515 4353 id
3542 4296 3630 4353 i'a-

199 4406 325 4445 non
359 4386 650 4459 allegatis
671 4385 901 4441 idoneis
924 4389 1101 4441 tantae
1119 4384 1396 4440 novitatis
1420 4385 1636 4453 causis,
1659 4386 1883 4441 videret
1984 4381 2091 4437 teri
2124 4386 2442 4448 recusaret,
2465 4382 2566 4437 sed
2601 4386 2830 4438 mutum
2864 4381 3122 4441 dolorem
3158 4384 3400 4441 obtentu
3433 4386 3630 4442 nescio

190 4478 385 4533 etiam
441 4481 623 4546 atque
668 4474 847 4530 etiam
875 4490 948 4530 ne
973 4490 1183 4545 parum
1230 4490 1438 4530 sanum
1471 4473 1655 4532 videri
1688 4474 1882 4530 consi-
1918 4546 1945 4549 _
1988 4470 2178 4540 cujus,
2227 4470 2298 4525 de
2346 4485 2460 4542 quo
2516 4469 2639 4526 solo
2698 4471 3071 4543 querebatur,
3105 4472 3199 4527 sui
3257 4478 3631 4549 contemptus

196 4567 353 4622 lium
388 4569 619 4638 posset.
645 4563 780 4620 Hec
804 4567 860 4619 et
880 4564 1011 4636 ejus
1053 4563 1359 4619 sententiae
1395 4562 1509 4618 alia
1540 4564 1725 4620 missa
1756 4580 1883 4635 per-
1916 4546 1961 4611 Π
1993 4559 2624 4616 occultaret.Continuo
2645 4576 2780 4634 ergo
2802 4560 3209 4635 episcoporum
3242 4546 3637 4638 undecunque

197 4656 451 4727 lataque
480 4656 649 4721 sunt,
681 4653 883 4710 labore
927 4655 1098 4723 juxta
1136 4653 1532 4708 scribentibus
1581 4659 1637 4709 et
1685 4655 1734 4709 ei
1786 4651 1885 4709 cui
1998 4648 2349 4720 conquisitio
2380 4649 2465 4703 iit.
2500 4649 2762 4705 Evocatis
2792 4649 3130 4708 deliberatio
3161 4652 3445 4712 indicitur
3474 4655 3545 4712 de
3575 4672 3638 4714 re

196 4744 565 4802 consultum
612 4742 781 4798 ibant
828 4759 1072 4815 prorsus
1128 4741 1344 4797 inutili.
1377 4742 1514 4798 Nam
1562 4760 1667 4799 nec
1713 4743 1884 4800 illum

198 4836 643 4892 abstraxerunt
668 4848 701 4889 a
721 4832 848 4888 suis
870 4831 1138 4904 latebris,
1161 4847 1266 4886 nec
1298 4831 1507 4888 saltem
1541 4848 1705 4905 spem
1738 4832 1883 4902 ipsis

194 4923 600 4996 relinquebat
616 4920 958 4993 proficiendi
978 4920 1299 4991 quidquam
1331 4920 1391 4975 in
1422 4924 1722 4994 posterum
1751 4922 1887 4977 taci-

200 5014 487 5069 turnitas
535 5010 909 5082 patriarchae,
940 5009 1249 5066 obﬁrmate
1296 5010 1614 5080 perstantis
1662 5011 1719 5067 in
1764 5028 1881 5066 non

197 5102 528 5175 prodendo
551 5117 702 5173 quas
723 5100 798 5156 ob
820 5115 1031 5157 causas
1052 5098 1428 5166 secessisset;
1451 5115 1579 5171 quae
1602 5100 1650 5154 si
1675 5114 1883 5171 cogno-

198 5195 560 5259 scerentur,
614 5190 769 5245 IIS
829 5193 893 5245 ut
948 5188 1296 5260 plerumque
1354 5188 1640 5260 contingit
1692 5189 1882 5245 curari

198 5279 613 5354 aegritudines
633 5295 883 5351 quarum
917 5278 1081 5350 origo
1113 5294 1229 5333 non
1254 5276 1417 5343 latet,
1440 5276 1576 5332 iniri
1601 5277 1885 5333 nonnulla

196 5374 481 5427 fortasse
511 5369 803 5441 potuisset
824 5367 991 5424 utilis
1012 5367 1161 5422 ratio
1179 5365 1442 5421 remedii.
1466 5366 1631 5423 Nunc
1652 5366 1711 5421 in
1735 5384 1885 5425 caeca

199 5459 605 5534 ignoratione
655 5474 1001 5514 arcanorum
1034 5456 1194 5512 senis
1220 5471 1526 5525 sensuum,
1560 5455 1885 5528 quamlibet

199 5552 419 5606 multa
453 5548 736 5617 dicerent,
764 5547 941 5603 verba
967 5546 1027 5601 in
1058 5544 1293 5601 irritum
1318 5545 1629 5614 jactarent,
1663 5546 1747 5600 uti
1781 5545 1881 5617 qui

187 5637 571 5712 iaculantur
593 5652 769 5710 scopo
793 5653 905 5693 non
928 5636 1444 5706 viso.Consumpto
1467 5634 1524 5690 in
1547 5635 1641 5692 his
1663 5635 1881 5692 frustra

1996 4738 2288 4810 praesenti.
2330 4739 2682 4797 Convenitur
2715 4738 2775 4794 in
2823 4740 2880 4797 id
2913 4741 3148 4798 tandem
3172 4745 3236 4799 ut
3252 4741 3483 4802 Nicetas
3512 4745 3637 4819 epi-

1996 4842 2207 4901 scopus
2232 4826 2516 4883 Heracleae
2539 4826 2870 4883 mitteretur
2891 4829 2961 4885 ad
2983 4830 3374 4903 patriarcham
3398 4832 3559 4907 (nam
3583 4834 3635 4894 is

1995 4918 2135 4971 tunc
2157 4914 2437 4971 diversari
2461 4915 2764 4973 dicebatur
2785 4917 2843 4973 in
2864 4919 3218 4975 monasterio
3239 4920 3292 4979 S.
3314 4920 3635 4997 Diomedis)

1994 5005 2327 5077 perlaturus
2350 5006 2420 5061 ad
2444 5005 2640 5082 ipsum
2657 5008 2829 5081 jussa
2845 5008 3050 5083 synodi
3072 5012 3396 5071 revocantis
3414 5014 3634 5088 ipsum,

1995 5101 2053 5151 et
2083 5093 2313 5167 publice
2346 5097 2576 5155 noxiam
2630 5098 3220 5173 intempestivamque
3258 5102 3525 5175 judicare
3574 5122 3638 5163 se

1992 5186 2182 5258 ipsius
2205 5187 2595 5245 secessionem
2621 5187 3182 5262 deelarantis,seque
3205 5196 3460 5263 paratam
3481 5192 3640 5250 exhi-

1993 5277 2187 5334 bentis
2218 5281 2287 5335 ad
2322 5277 2644 5336 audiendas
2677 5293 2746 5331 ex
2768 5276 2894 5350 ipso
2919 5294 3127 5335 causas
3166 5281 3322 5337 114
3352 5281 3479 5353 ejus
3510 5280 3637 5338 ino-

1993 5368 2349 5438 pinatissimi
2408 5384 2511 5424 nec
2560 5367 2882 5440 probabilis
2935 5369 3105 5438 facti;
3156 5368 3390 5425 interim
3440 5373 3634 5429 autem

1992 5458 2461 5530 reprehensuros
2490 5458 2644 5531 quod
2680 5475 2983 5531 perperam
3023 5458 3237 5531 egisset
3268 5458 3364 5514 ille
3395 5457 3635 5532 quidem

1995 5546 2139 5602 forte
2187 5546 2247 5601 in
2301 5551 2699 5602 transversum
2758 5549 2922 5601 actus
2980 5544 3322 5615 aegritudine
3376 5547 3632 5618 quadam

1994 5635 2172 5692 animi
2199 5653 2211 5691 :
2239 5640 2507 5691 caeterum
2539 5633 2725 5705 illam,
2755 5633 3180 5705 qualiscunque
3200 5634 3431 5691 demum
3456 5642 3635 5713 esset,
