4034 6200
415 289 517 344 551

1719 277 2023 336 GEORGII
2061 275 2524 332 PACHYMERE
3670 293 3755 348 552

416 413 479 466 τὸ
510 407 858 486 παρακαλεῖν,
886 409 992 459 ποῦ
1021 405 1083 458 τὸ
1115 405 1390 476 ἐπιτιμᾷν,
1423 401 1467 456 εἰ
1497 402 1587 457 καὶ
1617 401 1812 456 τούτου
1853 397 2060 468 δεήσειε
2089 401 2145 468 Α
2175 399 2518 454 συνετάττετο
2576 403 2673 454 τοῦ
2731 400 3056 475 Ἡράκλείας
3108 402 3537 478 ὑπαγορεύοντος,
3565 410 3620 463 τὸ
3659 413 3761 468 ἀνά.

413 501 548 562 τέως
579 498 636 554 δέ
664 497 753 552 καὶ
786 497 860 559 ὡς
890 495 1098 558 θέλοιεν
1131 490 1298 548 πάλιν
1337 494 1526 566 μαθεῖν
1544 491 1638 554 τάς
1667 491 1837 552 αἰτίας
1871 490 1944 550 ὡς
1976 489 2066 542 καὶ

419 588 750 664 Θεραπεύειν,
785 585 829 640 εἰ
871 582 1114 656 δύναιτο,
1141 581 1375 658 ἕτοιμοι.
1423 582 1528 639 Καὶ
1577 587 1742 638 ταῦτα
1777 583 1872 654 μέν
1933 580 2066 647 ἦσαν

417 681 550 754 πρὸς
583 679 808 733 ἐκεῖνον’
856 677 1222 754 προστέτακτο
1279 673 1336 730 δὲ
1393 680 1511 737 τοῖς
1554 672 1956 749 ἀπαγγελοῦσιν
1990 671 2063 733 ὡς

418 768 462 823 εἰ
497 769 592 840 μὶν
626 764 921 841 πραύνοιτο
961 765 1051 820 καὶ
1109 764 1396 836 έπανήξτιν
1431 763 1752 838 ὑπόσχοιτο,
1787 761 1831 816 εἲ
1858 759 1905 814 δ’
1950 761 2061 828 οὖν,

417 855 542 911 ἀλλ’
601 854 796 917 αὐτοὺς
858 853 1172 929 ἀναγκάζειν
1232 851 1376 908 δυοῖν
1427 855 1645 928 θάτερον
1701 851 1971 917 ἐκτελεῖν,
2028 849 2063 917 ἢ

417 944 734 1000 έπανεΛΟεῖν
766 942 931 998 πάλιν
961 944 1050 998 καὶ
1089 942 1153 997 τὰ
1207 949 1309 1011 τῆς
1367 939 1690 1011 Ἐκκλησίας
1749 935 2062 1006 ἀναλαϐεῖν,

417 1033 452 1102 ἢ
487 1035 594 1106 μὴν
657 1034 812 1106 εἰμή
868 1031 1152 1108 βούλοιτο,
1202 1029 1411 1086 διδόναι
1471 1025 1732 1086 λίϐελλον
1791 1031 2063 1105 παραιτή-

417 1142 574 1187 σεως’
613 1121 882 1200 μηδὲγὰρ
913 1124 1078 1178 καλὸν
1115 1125 1250 1177 εἶναι
1295 1122 1392 1190 τήν
1427 1119 1752 1190 Ἐκκλησίαν
1785 1121 2065 1192 ἀποίμαν-

414 1235 530 1271 τον.
557 1213 767 1275 Ταύτας
801 1213 851 1268 οἱ
881 1212 1023 1290 ἀμφὶ
1079 1213 1321 1282 Νικήταν
1372 1208 1653 1284 δεξάμενοι
1701 1212 1794 1272 τάς
1847 1209 2062 1264 έπιστο·

419 1304 515 1366 λάς
547 1305 636 1360 ἐπὶ
665 1305 895 1366 Νικαίας
929 1303 1198 1378 ἐχώρουν,
1251 1299 1461 1376 σπουδῇ
1516 1303 1580 1356 τὰ
1627 1302 2064 1376 προστεταγμένα

417 1393 840 1472 ἐπιτελέσοντες.
892 1396 980 1456 Ὠς
1033 1392 1078 1448 δ’
1132 1391 1432 1467 ἐξελθόντες
1494 1392 1788 1464 ἐπέστησαν
1825 1396 1893 1465 τῇ
1944 1391 1996 1446 έν
2029 1393 2066 1461 ᾗ

415 1487 646 1558 κατῴκει
708 1489 882 1560 μογῇ,
929 1483 1320 1560 προσελθόντες
1371 1488 1452 1555 τῷ
1508 1485 1824 1559 πατριάρχῃ
1883 1481 2062 1544 καθὼς

423 1577 578 1651 εἶχον
604 1583 703 1646 τῆς
746 1576 851 1632 ἀπὸ
880 1579 981 1644 τῆτ
1039 1573 1266 1630 συνόδου
1323 1573 1620 1636 κελεύσεως
1677 1570 1884 1650 ἔλεγον.
1916 1574 1976 1630 Ὀ
2009 1570 2066 1627 δὲ

415 1667 506 1721 τὸν
543 1667 637 1739 μὶν
667 1672 770 1735 τῆς
830 1665 1010 1726 αὶτίας
1055 1664 1242 1739 καιρὸν
1290 1663 1473 1725 αὐτοῖς
1531 1664 1924 1739 παρῳχηκέναι
1958 1665 2066 1737 φή-

2177 488 2286 557 ξιον
2337 490 2625 562 προστεθὲν
2683 496 2783 560 τῆς
2839 490 3142 565 ἱερωσύνης
3175 493 3246 553 εἷς
3284 494 3346 548 τὸ
3390 502 3485 564 τῆς
3535 504 3764 572 παραιτή-

2173 599 2309 641 σεως
2361 577 2587 653 εὔλογον
2647 579 2893 655 ἠγρίαινὲ
2946 601 3002 634 τε
3075 580 3167 636 τὸν
3227 578 3405 656 ἄνδρα,
3453 585 3534 638 καὶ
3583 591 3762 663 ταραχή

2173 670 2206 720 ᾳ
2319 677 2331 690 ν
2378 669 2392 690 \
2541 670 2550 690 ι
2615 672 2626 692 ν
2697 671 2709 690 7
2796 671 2808 690 ν
2935 672 2946 690 ι
3028 693 3038 705 ,
3521 679 3545 690 -ρ
3593 675 3622 706 ι.
3730 680 3738 696 ,

2198 692 2262 738 ,ν.
2297 676 2394 724 hau.
2423 694 2450 720 ‹‹
2484 673 2550 727 Τι
2580 667 2606 724 δ
2653 691 2755 725 ουκ
2784 691 3135 746 αρκουμεθοι,
3171 693 3197 722 ››
3229 670 3399 747 ἔλεγε,
3435 697 3458 725 ‹‹
3487 695 3550 748 τῃ
3591 697 3641 730 ειι
3688 677 3765 732 λο-

2173 780 2283 832 γων
2389 759 2496 830 μὴν
2529 759 2618 812 καὶ
2657 759 2902 834 πράξεως
2951 761 3294 834 παραιτήσει,
3323 764 3410 815 καί
3464 763 3644 826 αἰτίαις
3683 766 3765 820 ούκ

2174 849 2402 923 ἀγαθαῖς
2457 847 2790 923 συμπλέκειν
2843 852 2989 922 ἡμᾶς
3024 849 3316 925 βούλεσθε;
3345 851 3571 916 Ἑκόντες
3598 852 3765 924 ἐξιστά-

2175 941 2309 1010 μεθα
2359 943 2465 993 τῶν
2525 940 2888 1014 πραγμάτων,
2921 937 3074 995 οὐδὲν
3125 942 3258 1014 ἡμῖν
3313 940 3474 1012 μέλον
3518 943 3603 998 κᾶν
3653 945 3679 999 δ
3723 967 3765 999 τι

2169 1030 2410 1104 γένηται.
2471 1055 2498 1080 ››
2551 1029 2708 1088 Οὕτω
2786 1030 2960 1085 τοίνυν
3023 1032 3480 1104 ἀποκρουσθέντες
3535 1029 3766 1109 έμϐριθῖυς

2170 1118 2660 1192 ἀποπεμπομένου,
2697 1116 2786 1173 διὰ
2841 1119 3052 1194 ταχέων
3110 1121 3172 1174 τὸ
3233 1120 3425 1192 μεταξὺ
3473 1119 3767 1183 διανύσαντες

2169 1209 2307 1283 πρὸς
2357 1209 2448 1263 τὸν
2505 1213 2806 1284 κρατοῦντα
2860 1209 2950 1263 καὶ
3004 1210 3106 1277 τήν
3147 1207 3370 1264 σύνοδον
3402 1211 3673 1282 ἀπαντῶσι,
3697 1211 3768 1267 καὶ

2169 1295 2582 1373 ἀπαγγέλλουσι
2640 1299 2734 1370 μὶν
2781 1297 2849 1353 τά
2902 1302 2980 1370 τῷ
3037 1297 3353 1374 πατριάρχῃ
3399 1297 3660 1374 λεχθέντα,
3700 1304 3771 1357 τέ·

2171 1385 2270 1450 λος
2325 1385 2383 1442 δέ
2441 1389 2530 1443 καὶ
2587 1389 2654 1442 τά
2703 1395 2806 1457 τῆς
2865 1389 3274 1464 παρενείροντες
3333 1390 3636 1461 ἀμετάθετον
3691 1393 3769 1459 τήν

2169 1476 2375 1534 ἐκείνου
2432 1478 2659 1554 γνώμην
2721 1473 3106 1554 διεϐεόοέουν·
3165 1476 3540 1552 ἀπολήψεσθαι
3603 1478 3652 1534 δέ
3700 1481 3770 1535 καὶ

2169 1569 2266 1635 τήν
2331 1573 2519 1642 πεῖραν
2572 1564 2994 1645 ἀσφαλεστέραν,
3047 1566 3099 1621 εἷ’
3148 1588 3313 1622 τινων
3369 1565 3648 1623 σταλέντων
3691 1571 3770 1637 τὴν

2175 1657 2470 1733 βακτηρίαν
2551 1658 2640 1712 καὶ
2724 1658 2786 1712 τὸ
2847 1654 3250 1730 λαμπαδοῦχον
3314 1652 3590 1712 ἀναλαϐεῖν
3642 1659 3770 1718 αὐτὸς

418 1776 536 1824 σας,
581 1757 806 1829 πρέπειν
865 1759 948 1827 [Ρ.
999 1757 1091 1827 74]
1150 1751 1207 1808 δὲ
1238 1757 1366 1827 σιγῇ
1422 1757 1532 1808 τῶν
1584 1752 1919 1828 πραγμάτων
1953 1752 2059 1823 έξί-
2093 1767 2142 1833 Β
2175 1746 2369 1810 εὐθέως
2417 1746 2715 1823 παράσχοι.
2757 1749 2822 1804 ’⁸0
2882 1744 2948 1814 δὴ
3007 1746 3094 1801 καὶ
3145 1747 3359 1821 γέγονε,
3415 1747 3500 1801 καὶ
3552 1751 3771 1822 παρεχώο

418 1843 838 1919 στασοαι(μηδὶ
881 1845 984 1921 γάρ
1043 1845 1178 1900 εἶναι
1237 1843 1546 1918 θεραπεύειν
1603 1843 1670 1899 τά
1723 1845 2061 1920 ἀνιάτρευτα)

419 1933 550 1998 ὅλος
578 1935 646 2004 ἦν
686 1935 824 2009 πρὸς
869 1935 930 1990 τὸ
978 1939 1376 2010 παραιτεῖσθαι.
1436 1935 1504 1990 Οἱ
1554 1931 1600 1988 δ’
1657 1934 1732 1996 ὡς
1785 1933 2058 1999 πολλάκις

421 2021 818 2100 προϐαλόντες,
844 2025 924 2091 ἐφ’
955 2026 1000 2097 ᾦ
1025 2032 1124 2094 τῆς
1180 2024 1386 2079 ἐκείνου
1436 2025 1660 2100 γνώμης
1717 2028 2062 2100 κρατήσειαν,

415 2111 468 2167 ἐν
527 2115 810 2190 ἀμηχανίᾳ
865 2118 960 2169 τοῦ
1013 2115 1264 2188 πράττειν
1315 2135 1367 2168 τι
1414 2114 1503 2168 καὶ
1559 2113 1734 2168 ἀνύειν
1793 2113 2058 2188 ἐγένοντο,

418 2203 549 2274 ὅπερ
607 2205 757 2277 εἶχον
813 2199 884 2255 δι’
941 2200 1263 2276 ἀπορρήτων
1323 2199 1618 2275 πράττειν,
1689 2200 1776 2255 ἐπὶ
1850 2202 2064 2268 τούτοις

417 2290 714 2369 ἐξέφαινον.
751 2292 848 2346 Καὶ
902 2289 1251 2362 ἐξαιτούντων
1313 2289 1528 2345 ἐκείνων
1586 2290 1908 2366 παραίτησιν
1983 2292 2066 2347 εύ-

419 2384 512 2448 θὶις
556 2387 870 2458 παρῃτεῖτο.
928 2383 1017 2443 Ὠς
1051 2379 1092 2436 δ’
1123 2379 1230 2435 ἔδει
1290 2382 1667 2445 συντάττεσθαι
1724 2381 1924 2451 τσύτην
1979 2383 2066 2438 καὶ

421 2564 588 2636 prius
621 2563 950 2636 oportuisse
982 2560 1297 2632 signiﬁcari
1329 2561 1662 2616 convocatis
1693 2562 1765 2616 ad
1799 2561 1855 2617 id
1877 2563 2070 2634 ipsum

419 2652 710 2722 Patribus,
737 2657 794 2708 et
817 2651 1240 2722 perquirendas
1263 2650 1523 2721 ipsorum
1556 2650 1627 2705 de
1658 2651 1915 2707 remedio
1937 2668 2074 2708 sen-

415 2741 656 2812 tentias,
688 2757 755 2796 ac
785 2757 854 2796 ex
885 2755 1088 2797 eorum
1139 2738 1404 2794 consiliis
1456 2739 1824 2796 emendanda
1861 2757 1986 2811 ιιοω
2038 2759 2071 2796 a

418 2837 574 2889 recto
610 2831 993 2899 declinarent,
1019 2829 1362 2887 auctoritate
1383 2845 1510 2900 quas
1541 2828 1600 2884 in
1633 2830 1757 2902 ipso
1788 2831 2070 2887 resideret.

419 2927 621 2995 utpote
657 2920 1015 2994 patriarcha,
1045 2936 1218 2991 quem
1252 2919 1482 2976 deceret
1511 2919 1753 2991 plurimi
1782 2922 1970 2976 facere
2002 2938 2068 2977 ac

415 3009 862 3083 religiosissime
893 3009 1202 3066 observare
1229 3023 1484 3063 canones
1516 3007 1778 3076 Patrum,
1821 3009 2069 3080 etjuxta

415 3101 565 3158 scita
592 3117 798 3158 eorum
831 3100 1002 3156 modo
1035 3115 1300 3171 arguere,
1334 3097 1508 3153 modo
1538 3097 1865 3167 obsecrare,
1890 3099 2063 3154 modo

2175 1858 2253 1912 ρει
2286 1833 2606 1910 λαμϐάνειν,
2638 1837 2683 1892 εἰ
2731 1836 3042 1912 βούλοιντο.
3076 1837 3136 1894 Ὀ
3190 1834 3443 1911 βασιλεὺς
3476 1834 3520 1890 δ’
3549 1836 3625 1891 ἐπὶ
3667 1838 3772 1892 10'3-

2170 1951 2290 1991 τοις
2350 1929 2534 1984 οὐκέτι
2595 1929 2812 1984 ἀνεκτὸν
2867 1926 3172 2002 ἡγούμενος
3226 1926 3527 1999 ἀναμένειν,
3561 1927 3629 1988 εἷς
3674 1930 3770 1982 lm-

2172 2021 2266 2088 νὴν
2324 2018 2623 2096 ἀπολογίαν
2681 2023 2762 2090 τῷ
2817 2016 3132 2094 πατριάρχῃ
3181 2021 3292 2072 τῶν
3350 2015 3770 2090 έπιγενησομένων

2174 2111 2261 2164 καὶ
2322 2111 2420 2178 τὴν
2470 2111 2598 2186 παρ’
2629 2111 2821 2163 ἑαυτοῦ
2877 2107 3110 2182 λιπαρὰν
3165 2105 3394 2180 νομίσας
3439 2106 3654 2177 ἀξίωσιν,
3697 2107 3773 2161 ἀλ-

2179 2199 2292 2262 λως
2347 2219 2405 2254 τε
2455 2196 2511 2253 δέ
2559 2199 2774 2253 καὶτοῦ
2806 2197 3032 2275 Ἑφέσου
3065 2195 3384 2272 Νικηφόρου
3426 2196 3497 2267 μὴ
3543 2195 3661 2250 κατὰ
3697 2217 3773 2250 κα-

2175 2291 2330 2350 νόνας
2357 2283 2630 2364 προϐῆναι
2659 2289 2760 2356 τὴν
2792 2285 3136 2363 χειροτονίαν
3191 2285 3402 2341 ἐκείνου
3455 2280 3774 2340 διαϐεϐαιοῦν-

2175 2403 2268 2443 τος
2324 2376 2556 2455 (σπουδὴ
2616 2379 2717 2454 γὰρ
2766 2379 2833 2446 ἦν
2879 2381 2977 2432 τοῦ
3007 2375 3129 2432 τότε
3158 2381 3486 2452 κρατοῦντος
3539 2372 3772 2449 Θεοδώρου

2183 2577 2518 2628 successus,
2552 2559 2601 2615 si
2632 2562 2940 2631 pergerent
2969 2557 3215 2624 instare,
3249 2557 3394 2614 satis
3441 2554 3691 2623 constitit,
3717 2554 3771 2609 ad

2182 2668 2250 2708 ea
2297 2667 2420 2724 qua:
2451 2650 2510 2706 in
2539 2649 2768 2706 arcanis
2818 2649 3094 2704 mandala
3140 2655 3438 2720 postremo
3484 2650 3772 2717 acceperant

2181 2743 2334 2798 circa
2354 2740 2646 2813 optionem
2668 2739 3022 2795 offerendam
3042 2739 3424 2796 devenerunt.
3447 2737 3523 2792 Ea
3539 2751 3594 2792 re
3608 2734 3774 2790 audita

2180 2832 2516 2905 patriarcha
2546 2830 2743 2888 statim
2778 2845 2841 2886 se
2871 2831 2996 2886 loco
3027 2846 3342 2886 cessurum
3374 2828 3530 2885 dixit.
3561 2833 3632 2882 Ac
3663 2825 3771 2897 quia

2180 2922 2449 2978 libellum
2481 2920 2766 2978 cessionis
2796 2920 3050 2976 indicem
3082 2919 3455 2976 conscribere
3497 2916 3769 2990 oportebat,

2178 3028 2353 3084 opera
2373 3011 2434 3066 in
2457 3011 2511 3066 id
2546 3010 2824 3066 continuo
2852 3008 3066 3065 collata
3094 3014 3210 3066 est.
3241 3009 3355 3065 Sed
3386 3025 3514 3064 cum
3546 3020 3772 3078 suggere-

2181 3107 2268 3158 ret
2288 3100 2690 3158 Heracleensis
2719 3101 2933 3156 addere
2963 3099 3366 3172 patriarcham
3398 3099 3610 3166 debere,
3631 3100 3685 3150 ut
3706 3093 3770 3148 vi-

411 3191 734 3264 increpare,
767 3190 817 3246 si
850 3194 908 3246 et
945 3188 1057 3244 hoc
1107 3203 1256 3260 opus
1301 3191 1457 3243 esset
1489 3205 1505 3257 ;
1557 3187 1808 3259 denique
1855 3187 2063 3245 iterato
2099 3153 2141 3220 C
2182 3192 2418 3249 deretur
2446 3190 2657 3246 idonea
2685 3189 2971 3246 cessionis
3011 3205 3216 3261 causa,
3250 3189 3553 3262 indignum
3596 3201 3652 3240 se
3689 3181 3770 3238 tali

413 3283 761 3338 denuntiatu
772 3298 874 3337 rus
896 3280 1010 3352 ipsi
1035 3277 1182 3334 velle
1199 3277 1439 3334 omnino
1462 3283 1846 3350 congregatos
1865 3279 2065 3336 Patres

411 3370 622 3442 exponi
653 3369 767 3425 sibi
799 3384 1009 3424 causas
1028 3383 1154 3437 quae
1175 3365 1342 3420 illum
1367 3365 1438 3420 ad
1461 3367 1847 3422 secedendum
1872 3368 2064 3440 impu-

409 3459 856 3530 lerint,paratos
879 3459 948 3513 ad
968 3457 1362 3513 adhibendum
1383 3473 1561 3528 quam
1585 3457 2062 3515 efﬁcacissimum

413 3552 660 3621 possent
713 3547 1040 3604 remedium
1102 3545 1354 3617 cognitis
1411 3544 1603 3601 malis.
1654 3546 1734 3601 Ea
1786 3548 2063 3604 mandata

406 3638 615 3712 synodi
647 3639 717 3693 ad
752 3637 1151 3710 patriarcham
1182 3636 1441 3692 fuerunt.
1477 3637 1836 3708 Imperatum
1866 3643 2060 3695 autem

407 3727 590 3783 misso
613 3730 704 3782 est
730 3730 794 3782 ut
824 3725 940 3782 nisi
971 3725 1393 3797 obsequentem
1426 3741 1488 3780 se
1509 3723 1791 3796 praeberet
1817 3743 1883 3783 ac
1909 3728 2061 3783 redi-

407 3821 535 3873 tum
570 3815 967 3888 polliceretur,
999 3814 1240 3870 omnino
1271 3813 1524 3870 ediceret
1549 3815 1858 3872 decernere
1887 3833 2056 3889 syno-

407 3903 547 3961 dum
572 3911 630 3962 et
653 3905 798 3961 citra
829 3919 1066 3961 omnem
1094 3903 1631 3976 tergiversationem
1651 3903 1724 3959 ab
1745 3920 1812 3961 eo
1833 3906 2060 3977 exigere

404 3998 470 4050 ut
500 3993 751 4051 alterum
780 3994 992 4051 horum
1027 3993 1203 4049 faciat
1231 3993 1388 4065 quod
1421 3991 1607 4061 malit,
1642 3997 1743 4050 aut
1773 3995 1974 4050 redeat
2003 3999 2061 4050 et

406 4100 614 4140 rursus
665 4083 929 4140 Ecclesia:
982 4097 1186 4138 curam
1238 4085 1456 4152 sumat,
1480 4085 1587 4138 aut
1631 4082 1681 4138 si
1715 4082 1770 4138 id
1805 4088 2056 4152 recuset,

401 4171 498 4226 det
531 4171 796 4228 libellum
828 4172 1113 4229 cessionis
1149 4170 1362 4227 throno
1396 4187 1410 4226 :
1463 4187 1579 4226 non
1629 4171 1788 4228 enim
1837 4173 2057 4229 bonum

404 4277 530 4317 esse
564 4261 816 4334 relinqui
848 4261 1167 4318 Ecclesiam
1217 4261 1345 4317 sine
1396 4265 1650 4332 pastore.
1679 4261 1782 4317 His
1825 4261 2059 4319 Nicetes

409 4349 704 4405 mandatis
727 4354 784 4406 et
803 4349 1068 4422 epistolis
1099 4349 1380 4420 acceptis,
1399 4352 1637 4404 strenue
1671 4349 2058 4406 detuncturus

407 4438 726 4494 commisso
776 4438 1008 4513 negotio
1058 4438 1310 4494 Nicaeam
1343 4436 1595 4506 advolat,
1620 4442 1678 4494 et
1710 4439 1846 4494 inde
1877 4456 2051 4510 quam

2179 3278 2505 3336 sacerdotio
2529 3279 2732 3348 fuisse,
2747 3282 3121 3349 exasperatus
3138 3294 3210 3333 ea
3233 3277 3524 3333 mentione
3541 3271 3771 3330 Arsenius

2176 3369 2439 3426 turbavit
2458 3372 2690 3438 cuncta,
2709 3371 3080 3438 captumque
3100 3367 3524 3439 abrumpens,«
3542 3367 3766 3433 Nempe,»

2175 3459 2390 3530 inquit,
2424 3481 2452 3507 ‹‹
2480 3457 2644 3513 vobis
2676 3473 2790 3512 non
2815 3455 3038 3511 sufﬁcit
3057 3460 3115 3512 et
3134 3457 3318 3512 verbo
3348 3460 3405 3512 et
3433 3455 3573 3510 facto
3593 3465 3768 3507 renun-

2173 3547 2321 3604 tiare
2353 3562 2444 3602 me
2473 3545 2767 3618 dignitati,
2800 3545 2900 3601 sed
2951 3545 3144 3601 causis
3206 3550 3482 3619 praeterea
3524 3539 3766 3614 probrosis

2172 3638 2477 3710 implicare
2509 3653 2600 3692 me
2630 3635 2893 3707 quaeritis
2915 3636 2942 3688 ‘I
2978 3634 3247 3692 volentes
3277 3635 3534 3691 cedimus
3561 3629 3765 3687 admini-

2171 3726 2451 3785 stratione
2482 3737 2816 3793 rerum,nec
2846 3741 3126 3780 curamus
3157 3723 3452 3797 quidquid
3482 3722 3607 3778 inde
3631 3733 3763 3775 secu-

2168 3821 2370 3874 turum
2395 3815 2490 3872 sit.
2516 3838 2544 3866 »
2569 3815 2663 3871 Sic
2687 3815 3033 3870 tractatione
3064 3812 3446 3886 indignanter
3464 3811 3684 3881 abrupta
3699 3805 3764 3860 di-

2169 3906 2392 3963 missus
2419 3903 2730 3960 inciviliter
2749 3902 3002 3970 Nicetas,
3027 3917 3386 3974 summaque
3416 3898 3682 3957 celeritate
3699 3909 3765 3950 re-

2169 4011 2412 4052 mensus
2459 3993 2635 4062 viam,
2669 3993 2741 4048 ad
2789 3993 3121 4065 Augustum
3172 3995 3236 4048 et
3284 3991 3560 4064 synodum
3613 3983 3766 4047 rediit.

2169 4082 2486 4154 retulitque
2510 4082 2768 4154 primum
2792 4081 2931 4152 quid
2948 4079 3196 4136 dixisset
3219 4079 3578 4153 patriarcha:
3599 4071 3768 4132 deinde

2169 4169 2457 4226 cessionis
2488 4167 2791 4241 negotium
2825 4183 2941 4239 quo
2971 4166 3030 4222 in
3062 4167 3217 4223 nodo
3246 4167 3520 4235 stetisset,
3551 4169 3602 4220 et
3626 4173 3767 4232 quam

2167 4259 2388 4315 frustra
2435 4260 2770 4329 speraretur
2820 4256 2970 4312 ﬂecti
2999 4271 3134 4312 eum
3169 4257 3241 4312 ad
3277 4256 3587 4328 quidquam
3604 4261 3766 4307 eorum

2166 4365 2291 4420 qua:
2313 4349 2644 4402 recusasset
2664 4362 2836 4417 posse
2857 4345 3078 4402 docuit.
3101 4345 3184 4400 Ad
3188 4345 3398 4416 junxit
3427 4348 3629 4400 restare
3646 4339 3767 4393 viam

2168 4437 2362 4492 adhuc
2407 4434 2584 4491 aliam
2634 4433 2999 4506 exploranda:
3047 4433 3241 4505 ipsius
3286 4434 3439 4490 circa
3491 4429 3766 4487 cessionem

407 4526 707 4584 celerrime
727 4527 796 4584 ad
823 4527 1248 4584 monasterium
1275 4526 1333 4582 in
1360 4542 1476 4598 quo
1495 4530 1636 4582 tunc
1659 4531 1785 4583 erat
1806 4528 2056 4600 patriar-
2086 4525 2136 4588 D
2168 4527 2492 4594 sententiae,
2517 4527 2566 4583 si
2601 4526 2800 4582 missis
2842 4527 2909 4581 ad
2943 4541 3078 4581 eum
3110 4525 3288 4582 certis
3321 4525 3420 4598 qui
3452 4517 3767 4596 pontiﬁcium

407 4615 520 4670 cha
550 4616 891 4688 perveniens
920 4615 1158 4688 eXponit
1187 4616 1238 4672 ei
1269 4632 1397 4687 qua:
1431 4616 1693 4688 synodus
1724 4617 2051 4674 mandaret.

409 4705 496 4760 Ad
520 4719 589 4760 ea
609 4703 706 4761 ille
739 4706 1061 4778 respondit,
1087 4705 1242 4778 quod
1277 4721 1515 4760 causam
1550 4705 1903 4763 secessionis
1934 4723 2056 4764 sua:

411 4797 758 4866 quaererent,
781 4793 1069 4865 nihiljam
1093 4793 1339 4850 attinere
1364 4792 1648 4849 declarari
1673 4795 2057 4868 eam,quippe

412 4883 584 4954 cujus
615 4885 994 4940 emendandae
1036 4889 1272 4955 tempus
1321 4883 1734 4956 praeteriisset;
1790 4902 1895 4942 nec
1943 4885 2056 4942 sibi

411 4971 706 5044 reliquum
739 4972 897 5028 aliud
925 4989 1052 5029 esse
1074 4989 1250 5044 quam
1275 4977 1341 5028 ut
1363 4971 1574 5029 tacitus
1598 4990 1631 5029 a
1651 4975 1901 5046 negotiis
1923 4976 2056 5031 abs-

410 5061 616 5118 cedat:
643 5079 757 5118 non
788 5061 942 5118 enim
974 5061 1402 5118 incurabilibus
1431 5061 1697 5118 adhiberi
1730 5064 2056 5120 remedium

411 5168 602 5223 posse.
628 5152 698 5208 Et
727 5153 1044 5225 apparebat
1073 5169 1207 5210 eum
1242 5151 1642 5208 inﬁexibiliter
1672 5155 2056 5225 perstiturum

409 5243 469 5296 in
495 5243 737 5300 tacendo
769 5260 1004 5300 causam
1033 5261 1046 5298 :
1072 5243 1215 5299 adeo
1248 5242 1548 5314 praefracte
1568 5242 1727 5299 illam
1751 5246 2061 5302 enuntiare

411 5333 729 5402 recusavit,
765 5339 819 5390 et
850 5333 1136 5406 expiscari
1169 5335 1316 5390 115
1355 5349 1422 5388 ex
1465 5349 1530 5388 eo
1579 5331 1797 5402 aliquid
1847 5336 2060 5407 saepius

406 5429 692 5480 conatum
727 5441 962 5496 semper
990 5424 1252 5479 Nicetam
1305 5421 1782 5478 constantissime
1821 5425 2057 5496 repulit.

406 5513 574 5568 Tune
607 5513 657 5570 is
689 5513 888 5569 habito
921 5511 1165 5569 consilio
1194 5529 1326 5567 cum
1349 5511 1823 5582 suis,postquam
1846 5515 2063 5572 frustra

407 5617 467 5656 se
501 5603 853 5659 contendere
909 5619 1010 5658 nec
1071 5618 1232 5674 spem
1282 5600 1530 5673 relinqui
1577 5600 1750 5658 ullam
1803 5603 2061 5664 melioris

2163 4617 2373 4673 lituum
2407 4620 2462 4672 et
2491 4615 2909 4672 candelabrum
2937 4615 3008 4670 ab
3033 4631 3099 4671 eo
3127 4615 3474 4687 reciperent,
3499 4615 3766 4675 utrumque

2163 4705 2468 4778 praeberet.
2500 4704 2790 4760 Successu
2815 4702 3132 4759 consilium
3163 4719 3282 4760 non
3315 4702 3533 4758 caruit:
3563 4691 3768 4769 petenti-

2167 4797 2276 4852 bus
2327 4795 2484 4852 enim
2533 4795 2638 4851 illa
2679 4794 2986 4866 respondit
3033 4793 3392 4863 patriarcha,
3423 4788 3708 4847 sumerent,
3733 4781 3767 4835 si

2166 4887 2414 4943 vellent:
2435 4902 2498 4942 se
2520 4884 2756 4957 quidem
2782 4883 2938 4939 haud
2955 4883 3287 4954 prohibere.
3307 4881 3546 4948 Quidem
3567 4877 3772 4947 impera-

2171 4981 2262 5032 tor
2283 4974 2534 5048 cognitis
2564 4973 2711 5030 nihil
2735 4974 2807 5028 ad
2841 4973 2933 5029 sui
2964 4973 3402 5028 excusationem
3430 4968 3576 5040 apud
3604 4973 3769 5020 omnes

2166 5071 2223 5123 et
2240 5066 2394 5138 apud
2418 5065 2612 5137 ipsum
2635 5063 3108 5135 patriarcham,si
3131 5061 3270 5134 quid
3298 5061 3347 5118 ei
3369 5059 3557 5116 minus
3576 5056 3766 5128 gratum

2168 5155 2476 5220 accideret,
2508 5153 2766 5226 amplius
2799 5153 3226 5224 expectandum
3279 5156 3459 5216 ratus,
3491 5162 3612 5204 cum
3652 5155 3766 5212 prm-

2169 5245 2372 5303 sertim
2392 5245 2756 5317 Nicephorus
2773 5243 2986 5315 Ephesi
3017 5243 3333 5314 episcopus
3366 5239 3663 5296 afﬁrmaret
3682 5227 3764 5286 mi-

2171 5337 2328 5391 nime
2367 5336 2516 5390 [16
2547 5334 2892 5390 canonicam
2926 5331 3274 5404 patriarcha:
3300 5328 3522 5386 Arsenii
3571 5323 3765 5381 ordina-

2170 5426 2390 5482 tionem
2422 5425 2605 5480 fuisse
2628 5424 2968 5496 (festinante
2990 5423 3201 5494 quippe
3224 5421 3298 5477 ad
3323 5437 3440 5477 suae
3489 5407 3763 5474 coronatio-

2170 5516 2264 5571 nis
2293 5513 2698 5571 caeremoniam
2739 5513 3040 5570 Theodoro
3069 5517 3208 5566 tunc
3241 5510 3598 5582 imperatore,
3626 5504 3675 5556 et
3697 5497 3764 5566 iP'

2173 5622 2305 5662 sum
2347 5604 2805 5678 perurgentibus
2837 5603 3080 5660 Occidui
3108 5600 3314 5657 limitis
3347 5600 3516 5656 rebus
3545 5592 3634 5650 illo
3660 5593 3754 5644 tem
