3944 6202
180 239 260 295 553

1213 240 1313 292 ns
1349 237 1719 320 montum
1757 235 2202 294 PALEOLOGO
2241 240 2371 293 LIB.
2417 241 2486 292 ιι.

3457 241 3561 296 551

183 365 247 438 ἐφ’
306 361 344 432 ᾧ
413 360 802 424 ταινιώσεσθαι
873 359 961 414 καὶ
1017 361 1435 435 τεταραγμένοις
1491 366 1608 422 τοῖς
1667 358 2147 430 κατὰΑκλησίας
2223 361 2312 415 καὶ
2384 366 2492 415 τῶν
2571 360 2736 430 αὐτῆς
2795 361 2975 434 νόμων
3035 365 3562 438 καταφρονουμένων

187 451 303 508 δῦσιν
355 449 692 506 ἐπεισπεσεῖν
750 449 1077 526 πράγμασι·
1135 452 1262 526 παρ’
1320 450 1386 520 ἦν
1443 449 1619 505 αἶτίαν
1675 452 1802 521 παρ’

185 539 410 614 οὐδεμίαν
473 538 672 612 μεταξὺ
721 537 916 615 σχεδὸν
949 540 1182 613 ἡμέραν,
1214 537 1361 594 ἀλλὰ
1392 544 1634 614 συνεχῶς
1666 539 1802 595 ἀπά-

185 651 275 693 σαις
299 629 423 691 τοὺς
461 635 562 698 τῆς
610 627 915 704 ἱερωσύνης
979 629 1224 704 βαθμοὺς
1281 627 1516 684 ἐτελεῖτο
1575 630 1802 697 πάντας,

181 721 249 775 καὶ
305 719 448 775 οὕτω
523 719 662 794 πρὸς
741 721 842 787 τήν
893 719 1117 794 πρώτην
1160 724 1262 787 τῆς
1320 716 1604 794 ἱεραρχίας
1655 718 1800 786 τάξιν

183 805 546 883 ἆνεὸιὸἁζετο),
581 807 671 864 διὰ
699 813 868 864 ταῦτα
900 810 927 864 ὁ
981 809 1234 884 βασιλεὺς
1286 814 1400 870 τοῖς
1459 809 1799 884 ἀρχιερεῦσιν

180 901 314 976 ἐφῆκε
343 900 598 975 πράττειν
660 896 690 952 ὅ
745 919 798 952 τι
845 898 933 952 καί
984 897 1295 973 βούλοιντο.
1346 898 1442 953 Καὶ
1475 895 1541 966 δὴ
1577 919 1801 954 σκεπτοο

183 994 326 1060 μένων
358 987 580 1043 ἐκείνων
615 986 704 1041 ἐπὶ
734 985 972 1050 πολλαῖς
1001 993 1122 1050 ταῖς
1159 989 1392 1064 ἡμέραις
1434 985 1588 1042 οὐὲὶν
1637 987 1801 1042 πλέον

180 1078 354 1152 ἇπῆρξε
430 1081 510 1147 τῷ
579 1077 897 1150 πατριάρχῃ
961 1082 1150 1140 παθεῖν
1211 1077 1659 1150 ἀνυπομονησίας
1716 1076 1804 1131 καὶ

176 1166 568 1241 καταγνώσεως,
616 1165 690 1226 ὡς
752 1163 865 1234 ἐξὸν
926 1163 1104 1240 λέγειν
1153 1166 1242 1220 καὶ
1304 1171 1484 1236 ζητεῖν
1517 1164 1802 1241 διόρθωσιν

178 1257 596 1328 μικροψυχοῦντι
629 1253 854 1308 καὶτοῦ
904 1254 1096 1329 θρόνου
1143 1253 1346 1330 ἐτὲροις
1406 1260 1804 1331 παραχωροῦν-

175 1366 234 1402 τι.
281 1343 544 1398 Κάκεῖνοι
608 1343 702 1415 μὲν
766 1341 978 1405 οὕτως’
1039 1345 1104 1411 ἦν
1168 1341 1225 1398 δὲ
1282 1342 1422 1419 ἄρα,
1479 1345 1554 1406 ὡς
1613 1339 1803 1415 ἔδειξεν

177 1432 396 1508 ὕστερον,
453 1431 520 1485 τὸ
576 1429 909 1503 ζητούμενον
945 1432 1022 1504 μὴ
1057 1432 1140 1486 ὅτι
1169 1451 1229 1508 γε
1260 1429 1500 1506 δυσχερῆ
1528 1433 1808 1508 Θεραπείαν

175 1519 542 1597 προσιέμενον,
571 1517 720 1574 ἀλλά
759 1523 846 1574 καὶ
899 1519 1043 1582 ὅλως
1093 1520 1332 1593 ἀνιάτον,
1395 1519 1478 1575 διὸ
1533 1521 1621 1576 καὶ
1656 1520 1809 1592 δίκην

174 1616 255 1678 τῆς
305 1608 544 1683 ἀγνοίας
601 1608 852 1684 ἄντικρυς
922 1607 1166 1665 ἑκουσίαν
1218 1610 1294 1672 εἷς
1354 1610 1652 1686 ἀπολογίαν
1711 1615 1806 1681 τὴν

1913 448 2234 514 ἐκκαίεσθαι.

1918 559 1996 619 ις’.
2057 560 2242 620 ’Ὁπως
2308 560 2334 612 ὁ
2391 565 2491 627 τῆς
2549 558 2790 637 Ἑφέσου⁸
2831 560 3148 637 Νικηφόρος
3217 561 3565 635 πατριάρχης

2565 629 2897 701 ἀπεκατέστη
2910 675 2920 686 .

1989 714 2209 792 Συμϐἁν
2245 716 2300 772 δὲ
2330 720 2419 774 καί
2451 741 2522 790 τι,
2557 720 2585 774 ὃ
2645 717 2710 788 δὴ
2771 721 2859 773 καὶ
2915 721 3006 774 τὸν
3067 719 3194 774 ὅλον
3247 727 3347 790 τῆς
3377 723 3564 796 ἱεραρ-

1916 807 2040 882 χίας
2115 809 2311 882 χρόνον
2383 809 2581 862 ἐκεῖνον
2642 807 2908 878 ἐπὲκνιζεν
2969 808 3258 882 (ἐψήφιστο
3315 811 3417 886 γὰρ
3485 811 3561 872 εἷς

1915 903 2305 974 πατριαρχεῖον
2362 898 2506 973 παρὰ
2568 905 2668 968 τῆς
2729 896 2953 953 συνόδου
3013 897 3096 952 ἐπὶ
3153 901 3408 955 Ἰωάννου
3463 904 3562 958 τοῦ

1916 988 2092 1042 Δούκα
2151 988 2257 1060 πρὸ
2308 991 2404 1041 τοῦ
2456 989 2802 1062 πατριάρχου
2862 986 3153 1058 Μανουὴλ,
3192 990 3282 1043 καὶ
3328 991 3354 1044 ὁ
3409 991 3565 1064 βασι.

1918 1075 2088 1130 λεύων
2149 1078 2240 1138 τὰς
2295 1079 2510 1152 ψήφους
2561 1078 2797 1152 συνέχει,
2849 1077 2940 1132 τὸν
2974 1077 3139 1146 ζῆλον
3188 1075 3566 1152 δεδιττόμενος

1913 1169 2010 1219 τοῦ
2064 1163 2280 1238 ἀνδρὸς,
2343 1168 2538 1240 φήσας·
2573 1187 2597 1218 ιο
2661 1168 2761 1221 ’ΊΙν
2795 1166 2860 1218 οὐ
2916 1164 3130 1220 δύναταί
3161 1188 3243 1228 τις
3272 1169 3569 1238 ὑποστῆναι

1915 1251 2302 1328 ἀρχιδιάκονον
2354 1252 2502 1323 ὅντα,
2562 1260 2679 1317 πῶς
2740 1254 2798 1310 ἄν
2851 1256 3296 1331 πάτριαρχοῢντα
3339 1257 3569 1330 ὑπομεί-

1914 1361 2059 1412 vste;
2099 1368 2125 1394 ››
2187 1343 2270 1399 διὸ
2321 1341 2386 1412 δὴ
2441 1347 2531 1399 καὶ
2587 1350 2685 1410 τῆς
2716 1346 2946 1420 Ἐφέσου
2976 1345 3383 1422 προχειρισθεὶς
3416 1348 3567 1419 ὅμως

1918 1432 2217 1497 ἀδικεῖσθαι
2279 1436 2422 1507 παρὰ
2480 1433 2748 1509 βασιλέως
2803 1435 2878 1496 εἷς
2936 1436 3034 1504 τήν
3091 1433 3230 1490 ἷδίαν
3269 1436 3437 1508 τιμὴν
3488 1433 3570 1489 δι-

1918 1523 2189 1597 ετείνετο)·
2222 1527 2382 1579 τοῦτο
2439 1522 2504 1593 δὴ
2565 1520 2948 1596 μεσολαϐἧσαν
2995 1524 3166 1580 ἐποίει
3205 1524 3327 1580 τότε
3353 1527 3443 1581 τὸν
3479 1524 3573 1580 άν-

1918 1611 2018 1688 δρα
2099 1617 2378 1685 πειθήνιον
2455 1614 2961 1690 προσκαλούμενον,
3034 1616 3122 1670 καὶ
3174 1617 3271 1684 τὴν
3334 1614 3568 1690 ἐκλογὴν

171 1699 285 1775 πρὸς
313 1699 451 1754 Θεὸν
504 1697 802 1762 ἐπιτιθέναι
830 1694 1087 1755 ἐϐούλετο
1141 1698 1336 1773 ἐαυτῷ,
1384 1702 1461 1774 μὴ
1510 1703 1623 1756 κατ’
1654 1701 1807 1757 ἐλπί-
1844 1704 2168 1797 Βάσμένως
2224 1701 2463 1780 ἐδέχετο·
2523 1703 2653 1759 εἶναι
2714 1703 2815 1779 γὰρ
2875 1701 3057 1759 ἔκτοτε
3112 1703 3438 1780 τεταγμένον
3495 1705 3570 1766 εἴς

175 1785 252 1849 δας
287 1784 783 1864 προχωρησάντων
845 1789 928 1861 [Ρ.
959 1791 1051 1862 75]
1109 1788 1255 1860 αὐτῷ
1309 1794 1417 1844 τῶν
1449 1791 1808 1866 πραγμάτων.

171 1879 378 1934 Ἐκεῖνοι
419 1874 477 1931 δὲ
507 1877 632 1931 τότε
661 1875 785 1951 περὶ
813 1881 909 1932 τοῦ
935 1877 1017 1935 τίς
1049 1875 1107 1932 ἂν
1165 1879 1263 1947 τήν
1323 1879 1648 1950 Ἐκκλησίαν
1678 1883 1813 1935 κατὰ

173 1967 224 2021 τὸ
252 1965 520 2042 ἐχέγγυον
551 1963 940 2041 παραλήψαιτο
996 1967 1063 2021 τὰ
1118 1966 1303 2022 πολλᾶ
1345 1971 1694 2040 ζητήσαντες,
1726 1972 1814 2025 καὶ

178 2053 373 2127 μᾶλλον
411 2057 464 2112 οἱ
498 2054 803 2124 δοκοῦντες,
867 2058 938 2111 ὧν
998 2058 1088 2112 καὶ
1141 2060 1202 2112 τὸ
1261 2057 1454 2113 λοιπὸν
1482 2063 1589 2114 τῶν
1623 2061 1816 2135 ἀρχιε-

179 2147 294 2218 ρέων
323 2147 553 2217 πλῆθος
583 2144 902 2223 ἐξήρτηντο,
959 2147 1116 2210 τέλος
1162 2152 1286 2221 μιᾶς
1334 2146 1419 2204 ἒπὶ
1469 2153 1549 2220 τῷ
1598 2152 1818 2227 Ἐφέσου

179 2239 385 2310 γνώμης
423 2235 691 2312 γίνονται,
743 2235 938 2314 ἀνδρὸς
985 2234 1251 2301 εὐλαϐοὖς
1306 2240 1395 2294 καὶ
1453 2243 1566 2295 κατ’
1627 2241 1822 2317 ἀρετὴν

178 2322 413 2396 ἐπιδόξου
443 2327 539 2381 καὶ
579 2325 731 2400 λόγῳ
785 2328 1020 2401 μετρίως
1073 2329 1477 2401 κοσμουμένου,
1537 2333 1823 2404 γηρῶντος

179 2411 368 2487 ἧδη,ᾧ
411 2413 481 2485 δῆ
513 2415 605 2470 καὶ
666 2421 836 2485 ζῆλος
893 2417 959 2485 ἦν
1019 2416 1204 2479 ἱκανὸς
1255 2418 1330 2481 ὡς
1391 2419 1521 2492 ὑπὲρ
1576 2425 1678 2486 τῆς
1711 2420 1826 2473 Ἐκ·

175 2629 302 2684 pore
348 2613 783 2685 turbatis,quo
827 2615 898 2669 ad
944 2629 1108 2688 spem
1159 2617 1357 2689 magni
1406 2632 1738 2687 successus,
1774 2618 1821 2671 si

175 2707 404 2760 strenue
466 2712 817 2772 occurreret,
847 2706 1185 2776 vocabatur,
1218 2705 1641 2778 pracipitatam
1695 2708 1821 2778 ejus

167 2792 328 2862 jussu
373 2793 534 2850 adeo
583 2793 767 2851 fuisse
809 2793 1320 2867 inaugurationem
1354 2795 1722 2868 patriarchae,
1760 2803 1825 2852 ut

170 2882 450 2956 legitimis
484 2885 820 2942 interstitiis
848 2885 1119 2942 ordinum
1153 2902 1267 2943 non
1301 2886 1546 2943 servatis
1603 2888 1822 2960 gradus

171 2989 363 3030 omnes
400 2975 726 3031 sacerdotii
761 2976 927 3048 quasi
982 2991 1097 3032 uno
1142 2975 1320 3047 saltu,
1351 2977 1445 3032 vix
1473 2976 1820 3050 interposito

174 3060 420 3121 dieculae
453 3061 632 3120 unius
661 3063 854 3120 medio
886 3065 1079 3136 spatio
1111 3064 1517 3136 pervolaverit,
1549 3070 1608 3122 et
1637 3066 1721 3122 sic
1754 3067 1823 3121 ad

170 3151 354 3209 throni
389 3151 815 3226 patriarchalis
845 3152 1149 3226 fastigium
1180 3154 1611 3212 transcenderit
1627 3160 1830 3211 contra

168 3242 520 3299 manifestas
535 3241 872 3314 regularum
888 3242 1156 3300 Ecclesiae
1170 3247 1431 3300 veterum
1446 3244 1825 3316 sanctiones),

167 3328 273 3399 his,
297 3331 405 3404 inq
419 3347 581 3400 uam,
599 3331 779 3388 simul
798 3333 1025 3390 cunctis
1051 3332 1407 3405 Palaeologus
1421 3338 1616 3390 motus
1648 3335 1829 3391 edixit

168 3419 531 3488 praesulibus
563 3421 935 3493 congregatis
967 3436 1028 3478 se
1060 3420 1206 3476 nihil
1237 3422 1470 3478 obstare
1511 3422 1828 3493 quominus

168 3509 314 3578 quod
340 3508 504 3582 ipsis
527 3509 825 3580 optimum
855 3509 1150 3567 videretur
1169 3509 1228 3566 in
1252 3527 1313 3566 re
1336 3511 1606 3582 praesenti
1637 3512 1831 3568 decer-

167 3603 370 3656 nerent
403 3611 800 3670 agerentque.
835 3600 1000 3656 Tunc
1029 3599 1230 3657 Patres
1278 3599 1502 3673 aliquot
1531 3599 1738 3656 diebus
1770 3602 1828 3655 in

161 3686 530 3759 inquirendo
562 3704 630 3744 ac
663 3688 1038 3746 deliberando
1069 3690 1456 3763 consumptis,
1490 3689 1636 3746 nihil
1671 3690 1827 3746 aliud

165 3780 316 3848 quod
370 3780 522 3837 vitio
570 3782 864 3836 verterent
920 3780 1264 3851 patriarcha:
1317 3785 1662 3853 repererunt
1717 3781 1830 3836 nisi

164 3873 496 3945 quamdam
518 3870 956 3944 impatientiam
977 3875 1034 3928 et
1057 3875 1469 3942 praematurum
1486 3871 1833 3944 desperatio-

167 3979 296 4020 nem
312 3961 763 4019 emendationis
776 3976 971 4017 rerum
999 3977 1149 4032 quas
1171 3961 1556 4034 improbaret;
1581 3978 1831 4034 quarum

163 4052 220 4108 in
245 4051 692 4110 correctionem
716 4050 881 4122 prius
903 4050 1203 4107 debuisset
1225 4051 1716 4120 incumbere,tum
1733 4067 1836 4123 per

166 4158 225 4198 se
275 4142 549 4216 agendo,
584 4144 710 4197 tum
749 4140 1106 4212 exquirendo
1156 4141 1228 4196 ab
1279 4139 1412 4196 aliis
1461 4144 1518 4197 et
1564 4141 1625 4198 in
1672 4157 1833 4196 com-

163 4247 344 4290 mune
366 4229 771 4302 consulendo,
795 4247 910 4287 nou
933 4234 1154 4299 autem,
1176 4235 1242 4287 ut
1273 4231 1408 4287 fecit
1438 4230 1835 4303 pusillanimi-

160 4327 275 4381 tate
302 4325 544 4395 victus,
576 4321 829 4393 abjicere
860 4321 1089 4378 clavum
1123 4321 1512 4395 periclitantis
1570 4321 1835 4378 Ecclesiae

159 4417 214 4470 et
233 4415 373 4487 ejus
397 4411 906 4488 gubernationem
940 4412 1074 4469 aliis
1106 4413 1324 4469 cedere.
1346 4411 1432 4468 Ita
1461 4411 1580 4468 illis
1603 4412 1838 4468 videba-

1921 1798 2082 1849 τοῦτο
2140 1797 2285 1869 παρᾶ
2339 1801 2438 1865 τῆς
2494 1795 2742 1870 χάριτος,
2800 1795 2846 1850 εἴ
2903 1797 2988 1850 καὶ
3050 1793 3388 1859 κωλυθέντος
3430 1796 3576 1870 ποιρά

1922 1886 2023 1952 τὴν
2083 1883 2332 1959 ῥηθεῖσαν
2393 1884 2585 1957 αἷτίαν,
2644 1886 2830 1954 ἱκανήν
2875 1887 2955 1957 [Ρ.
3015 1887 3104 1957 76]
3153 1905 3213 1960 γε
3265 1885 3423 1938 οὖσαν
3483 1885 3570 1938 καὶ

1923 1973 2124 2044 ταύτην
2179 1971 2390 2046 μᾶλλον
2452 1974 2528 2038 εἷς
2568 1975 2815 2028 σύστασιν
2869 1975 3081 2041 ἑαυτοῦ,
3112 1973 3202 2029 τὸν
3258 1973 3424 2028 αὐτοῦ
3478 1973 3573 2028 τό-

1927 2083 2027 2117 πον
2077 2061 2125 2134 ἐξ
2178 2061 2413 2139 ανάγκης
2462 2061 2952 2136 ἀναπληρώσαντες
3005 2061 3341 2138 εἰσήχθησαν
3372 2059 3572 2136 ἕτεροι.

1930 2151 2117 2212 Οὕτως
2177 2151 2377 2214 ἐκεῖνος
2439 2173 2536 2220 την
2570 2149 2806 2226 ἐκλογὴν
2854 2149 3032 2216 θεόθεν
3064 2151 3198 2206 κατᾶ
3225 2151 3325 2220 τὴν
3368 2148 3577 2206 δικαίαν

1931 2240 2137 2295 ἐκείνου
2196 2241 2368 2314 κρίσιν
2438 2239 2931 2315 ὑπολογισάμενος,
2981 2237 3131 2294 οὐδὲν
3193 2238 3579 2312 ἀναϐαλλόμε-

1932 2350 2040 2398 νος,
2073 2329 2454 2405 ἀναγορεύεται
2481 2331 2849 2405 πατριάρχης.
2910 2332 3007 2387 "Ov
3060 2326 3125 2398 δὴ
3187 2329 3277 2384 καὶ
3334 2329 3384 2383 ἐν
3441 2333 3578 2402 τιμῇ

1939 2419 2158 2494 μεγίστῃ
2211 2420 2237 2473 ὁ
2301 2418 2555 2495 βασιλεὺς
2610 2420 2746 2494 πρὸς
2806 2418 3031 2477 Νίκαιαν
3087 2417 3433 2487 ἀποστείλας,
3494 2418 3584 2473 αὐ-

1935 2621 2156 2674 attente
2204 2618 2764 2690 circumspexissent
2807 2618 3024 2689 diuque
3065 2617 3419 2690 quaesissent
3449 2617 3582 2688 quis

1935 2705 2200 2778 ipsorum
2241 2706 2536 2763 videretur
2583 2706 2831 2762 idoneus
2879 2707 2950 2761 ad
3000 2707 3261 2779 regimen
3310 2705 3581 2762 Ecclesiae

1934 2797 2382 2868 capessendum,
2415 2795 2671 2866 denique
2703 2813 2818 2851 uno
2850 2810 3139 2852 consensu
3167 2795 3226 2850 in
3259 2794 3576 2866 Ephesium

1933 2891 2350 2942 convenerunt.
2378 2886 2514 2941 Erat
2533 2885 2583 2941 is
2606 2885 2883 2955 religione
2914 2901 2980 2940 ac
3003 2884 3216 2939 virtute
3247 2884 3407 2938 omni
3435 2900 3577 2939 con-

1934 2975 2201 3046 spicuus,
2241 2975 2387 3031 satis
2417 2975 2648 3043 doctus,
2671 2974 2799 3043 jam
2831 2974 3046 3039 senior,
3075 2972 3169 3028 cui
3199 2970 3361 3028 zelus
3392 2971 3582 3027 inerat

1941 3079 2056 3119 non
2106 3063 2439 3131 mediocris,
2474 3062 2616 3118 adeo
2658 3066 2721 3117 ut
2771 3060 2868 3116 ubi
2913 3060 3233 3117 Ecclesium
3275 3063 3376 3117 aut
3421 3061 3580 3133 leges

1941 3155 2069 3225 ejus
2102 3152 2323 3224 despici
2351 3153 2592 3220 videret,
2625 3155 2784 3207 totus
2815 3152 3232 3208 exardesceret.

1940 3263 2022 3315 16.
2062 3262 2127 3318 Ut
2175 3261 2375 3334 Ephesi
2428 3261 2708 3403 episcOpz;s
2746 3259 3094 3386 [Nicephorus
3145 3260 3464 3332 patriarcha
3507 3263 3580 3317 sit

2679 3347 2744 3388 ac
2773 3349 2852 3387 us.

2679 3347 2852 3388 artus.

2008 3423 2341 3496 Contigerat
2363 3424 2587 3479 dudum
2622 3422 2928 3495 quiddam,
2950 3423 3104 3477 unde
3127 3422 3176 3478 is
3207 3425 3325 3479 toto
3355 3422 3578 3495 episco-

1937 3519 2108 3586 patus
2158 3514 2247 3571 sui
2295 3519 2556 3587 tempore
2606 3512 2823 3568 doloris
2851 3516 2909 3568 et
2940 3512 3310 3583 querelarum
3341 3529 3582 3569 causam

1937 3605 2153 3661 habere
2177 3606 2411 3676 justum
2442 3603 2556 3660 sibi
2579 3603 2894 3659 videretur.
2917 3606 3146 3659 Vacans
3173 3602 3311 3660 olim
3343 3602 3585 3674 patriar-

1940 3695 2123 3752 chalis
2155 3696 2324 3752 sedes
2353 3694 2648 3751 destinata
2696 3695 2861 3765 prius
2910 3693 3024 3764 ipsi
3079 3709 3276 3765 quam,
3310 3693 3410 3764 qui
3453 3708 3588 3748 mox

1939 3787 1997 3841 in
2021 3802 2148 3842 eam
2168 3785 2474 3853 successit,
2498 3783 2754 3840 Manueli
2777 3784 2987 3852 fuerat,
3014 3783 3169 3838 haud
3189 3782 3370 3839 dubio
3394 3783 3587 3838 favore

1942 3877 2149 3948 synodi
2196 3893 2208 3930 :
2259 3876 2362 3932 sed
2412 3875 2513 3945 qui
2562 3879 2705 3930 tunc
2753 3873 3084 3945 imperabat
3109 3873 3373 3928 Joannes
3403 3875 3587 3928 Ducas

1942 3965 2254 4022 consensui
2280 3965 2517 4020 Patrum
2551 3961 2802 4031 obstitit,
2825 3961 3014 4017 zelum
3045 3960 3152 4016 viri
3181 3959 3585 4033 praefervidum

1945 4060 2235 4113 metuens.
2259 4055 2439 4127 Cujus
2471 4052 2650 4121 enim,
2675 4052 2886 4123 aiebat,
2911 4051 3156 4123 spiritus
3179 4049 3371 4106 adhuc
3394 4049 3585 4106 archi-

1944 4146 2174 4202 diaconi
2223 4145 2371 4200 ferre
2420 4145 2515 4199 vix
2565 4157 2904 4215 possumus,
2933 4140 2984 4196 ei
3016 4141 3150 4212 quis
3181 4154 3459 4212 suprema
3489 4156 3590 4212 pa-

1945 4234 2212 4291 triarchas
2262 4237 2488 4289 armato
2538 4230 2888 4288 auctoritate
2920 4228 3251 4286 resisteret?
3281 4227 3376 4285 Sic
3402 4227 3501 4285 ille
3531 4230 3592 4285 in

1945 4329 2110 4380 tanto
2131 4323 2466 4380 inferiorem
2489 4320 2794 4393 Ephesinae
2817 4321 3127 4376 submotus
3150 4318 3419 4375 Ecclesiae
3438 4317 3596 4375 thro-

1947 4429 2090 4469 num
2117 4429 2223 4468 nec
2245 4411 2533 4484 patienter
2554 4425 2815 4480 unquam
2839 4425 2946 4465 nec
2967 4408 3140 4464 tacite
3161 4407 3460 4464 interverti
3483 4406 3598 4462 sibi

159 4485 280 4561 tur;
310 4485 609 4561 Caeterum
646 4502 938 4575 posterius
980 4501 1252 4574 apparuit
1297 4501 1588 4557 insedisse
1636 4500 1832 4558 animo
1861 4485 1913 4550 D
1943 4500 2202 4573 supremi
2224 4499 2464 4557 honoris
2484 4499 2788 4570 injuriam,
2815 4501 2879 4552 ut
2900 4497 3026 4570 ipse
3056 4496 3278 4569 passim
3303 4495 3596 4568 quiritans

159 4593 529 4664 patriarcha
582 4591 756 4648 altius
797 4591 1034 4660 vulnus,
1083 4595 1142 4648 et
1189 4607 1307 4647 non
1357 4590 1549 4647 solum
1600 4589 1834 4646 difficile

158 4684 534 4752 curatu,sed
572 4683 746 4756 plane
777 4681 1549 4755 insanabile,poenitentiam
1572 4681 1838 4738 videlicet

159 4789 360 4832 seram
395 4773 667 4831 tolerate
693 4772 1055 4829 infractionis
1085 4772 1320 4829 foederis
1344 4772 1836 4845 praetermittenda

155 4865 565 4923 coronatione
583 4862 835 4920 heredis
863 4862 1117 4936 imperii,
1142 4863 1316 4934 cujus
1338 4862 1522 4935 culpa:
1544 4866 1664 4920 tam
1689 4879 1842 4919 acer-

158 4955 273 5014 bus
303 4957 499 5012 illum
528 4954 743 5012 urebat
791 4969 1024 5021 sensus,
1052 4971 1210 5010 nunc
1251 4955 1504 5011 maxime
1549 4955 1838 5010 videntem

160 5064 350 5118 quam
376 5050 598 5105 contra
615 5059 782 5117 spem
805 5044 971 5117 prius
992 5049 1332 5119 conceptam
1374 5045 1606 5118 negotia
1643 5061 1841 5100 succe-

162 5135 411 5205 derent,
442 5138 512 5191 ut
533 5150 653 5206 quo
676 5132 855 5189 istius
879 5133 1150 5190 admissae
1173 5132 1310 5190 licet
1331 5149 1433 5206 per
1452 5132 1843 5206 ignorantiam

163 5223 586 5282 conniventize
615 5222 842 5280 crimen
874 5223 1029 5294 apud
1061 5221 1244 5280 Deum
1277 5221 1552 5294 expiaret,
1579 5221 1848 5277 volunta-

161 5312 331 5368 rium
369 5312 497 5368 hoc
527 5308 1022 5368 exauctorationis
1070 5309 1317 5383 propriae
1349 5307 1702 5380 supplicium
1735 5306 1847 5363 sibi

161 5402 331 5461 ultro
368 5400 881 5460 consciscendum
917 5401 1228 5472 putaverit.
1261 5400 1425 5455 Tunc
1455 5414 1624 5469 porro
1654 5403 1851 5454 Patres

162 5493 424 5565 synodi,
452 5489 544 5547 vel
575 5489 774 5563 potius
795 5489 1124 5546 eminentes
1143 5489 1298 5545 inter
1316 5488 1498 5560 ipsos,
1513 5504 1581 5544 ex
1602 5504 1853 5560 quorum

163 5581 555 5640 auctoritate
598 5595 666 5636 ac
716 5583 863 5635 nutu
908 5578 1100 5635 caeteri
1149 5579 1500 5650 pendebant,
1533 5594 1669 5634 cum
1700 5579 1849 5633 117

529 5699 788 5760 Parnm.
837 5698 946 5760 Gn.
993 5697 1248 5760 CXLIII.

1941 4591 2206 4660 vocabat,
2228 4595 2284 4646 et
2315 4587 2729 4646 contumeliam
2752 4585 2909 4642 tulit.
2935 4590 3014 4642 Ea
3043 4585 3208 4642 illum
3241 4585 3420 4644 animi
3454 4603 3592 4659 pra:-

1947 4681 2170 4753 paratio
2201 4678 2428 4735 facilem
2463 4683 2588 4733 tum
2622 4674 2884 4731 reddidit
2912 4675 2984 4730 ad
3016 4675 3394 4730 annuendum
3441 4675 3596 4731 desi-

1948 4769 2126 4826 deriis
2170 4767 2377 4841 synodi
2426 4765 2768 4838 frequentis,
2801 4767 2857 4821 et
2885 4763 3154 4821 electioni
3203 4763 3454 4821 libenter
3501 4781 3600 4820 as-

1949 4859 2325 4917 sentiendum
2357 4873 2496 4924 suta,
2530 4858 2798 4913 constare
2827 4853 3120 4926 siquidem
3149 4853 3264 4926 ipsi
3294 4853 3604 4910 videbatur

1943 4951 2069 5021 jam
2101 4948 2326 5021 pridem
2351 4962 2412 5004 se
2442 4947 2514 5002 ad
2547 4942 3008 5018 patriarchatum
3038 4941 3218 5000 divini
3250 4941 3440 5015 gratia
3470 4944 3600 5014 Spi-

1951 5039 2101 5095 ritus
2131 5038 2401 5105 electum,
2434 5036 2544 5092 etsi
2576 5035 2860 5092 hactenus
2891 5033 3196 5090 exclusum
3230 5031 3603 5104 possessione

1955 5127 2137 5185 debiti
2169 5127 2411 5183 honoris
2443 5123 2824 5197 insuperabili
2859 5122 3166 5180 obstaculo
3191 5120 3466 5177 humanae
3497 5136 3601 5191 po-

1955 5216 2171 5273 tentias.
2207 5217 2358 5288 Ergo
2407 5214 2506 5271 ille
2555 5213 2705 5269 nihil
2758 5215 3094 5278 cunctatus,
3129 5211 3247 5266 imo
3278 5209 3603 5282 praedicans

1959 5321 2242 5378 apparere
2298 5304 2678 5360 manifestum
2730 5301 2827 5357 Dei
2879 5315 3097 5356 numen
3149 5299 3208 5353 in
3245 5297 3337 5353 sui
3370 5295 3605 5352 restitu-

1958 5395 2138 5464 tione,
2172 5409 2351 5466 seque
2383 5409 2500 5449 non
2533 5391 2793 5447 delatum
2827 5406 2983 5445 nunc
3014 5387 3270 5458 primum
3307 5381 3604 5455 suffragiis

1962 5484 2331 5557 cligentium,
2365 5484 2461 5540 sed
2504 5483 2666 5552 justo
2719 5481 2942 5535 dudum
2971 5475 3194 5549 judicio
3226 5470 3604 5530 Providentiae

1965 5575 2074 5632 sibi
2096 5575 2392 5630 decretum
2426 5576 2562 5628 nata
2580 5569 2858 5626 divinitus
2885 5566 3186 5625 occasione
3209 5579 3337 5635 quae
3359 5560 3510 5617 IIS
3535 5559 3607 5615 nd

3220 5683 3296 5742 18
