4034 6200
438 244 545 300 555

1747 243 2043 299 GEORGII
2083 243 2544 298 PACHYMERE
3665 258 3749 312 556

437 372 531 432 τὸς
563 367 815 442 ἠπείγετο
849 370 983 441 πρὸς
1039 369 1136 436 τήν
1201 369 1507 440 Λάμψακον
1567 367 2084 442 περαιωθησόμενος
2116 377 2169 442 Α
2203 366 2428 441 εισάγειν
2491 363 2695 427 ἄλλους
2725 371 2841 427 ταῖς
2887 365 3199 435 ἐκκλησίαις
3253 366 3528 440 ἐσκέπτετο,
3556 375 3580 427 ὃ
3607 374 3660 445 δὴ
3683 383 3751 435 χαὶ

441 460 576 535 πρὸς
632 459 728 524 τήν
784 455 1065 531 ἀντιπέραν
1128 455 1566 514 Καλλιούπολινο
1637 455 1940 530 συνεκρότει
1984 457 2086 531 γὰρ

441 547 532 600 καὶ
593 543 846 618 δυνάμεις
905 545 1004 600 οὐκ
1061 543 1249 620 ὀλίγας
1305 545 1425 600 κατ’
1455 545 1679 602 Ἰταλῶν
1742 545 2088 621 ἐφ’ᾦπροσ-

440 635 661 696 καθίσας
742 639 980 709 πειρῷτο
1065 637 1352 711 κρατήσειν
1444 636 1506 689 τὸ
1583 633 1907 708 καταντικρὺ
1989 641 2089 702 τῆς

439 721 768 793 Βυζαντίδος
817 725 1099 800 φρούριον,
1159 725 1222 779 τὸ
1289 723 1431 778 οὕτω
1484 745 1600 785 πως
1655 723 1950 798 λεγόμενον
1985 729 2089 777 Γα-

441 811 630 868 λατᾶν.

443 921 525 988 ιζ’.
585 921 853 1010 ’ὉπωςΙὸ
933 917 1178 1012 Σάρδεων
1249 921 1341 1011 καὶ
1420 921 1447 974 6
1529 918 1928 1012 Θε,σσριλονίκης
2003 920 2088 974 ἐπὶ

721 990 935 1053 τούτοις
967 990 1027 1048 o6
1059 993 1400 1067 συνεφώνουν
1433 997 1547 1054 τοῖς
1582 990 1798 1053 ἄλλοις·

511 1081 651 1137 Τότε
677 1080 855 1134 τοίνυν
891 1081 917 1134 6
969 1079 1217 1156 Σάρδεων
1274 1079 1621 1156 Ἀνδρόνικος
1665 1082 1755 1136 καὶ
1815 1083 1843 1136 6
1892 1088 2090 1136 Θεσσα-

443 1168 670 1240 λονίκης
704 1169 968 1238 Μανουήλ
1003 1171 1050 1233 (6
1105 1169 1208 1244 γάρ
1261 1169 1587 1247 Καλοφόρος
1621 1170 1879 1243 Σμύρνης
1911 1169 1956 1223 εί
1999 1168 2088 1223 καὶ

440 1263 759 1333 παρῃτεῖτο,
806 1257 932 1311 ἀλλ’
972 1258 1063 1312 οὖν
1121 1257 1293 1320 αἰτίας
1339 1259 1522 1334 ἐτέρας
1571 1253 1953 1334 προύϐάλλετο
2000 1255 2090 1311 δο-

440 1347 598 1417 ξάσας
634 1346 819 1408 ἱκανὰς
882 1346 957 1410 εἷς
1015 1347 1391 1423 παραίτησιν]·
1456 1349 1511 1401 οἱ
1562 1345 1617 1401 δὲ
1671 1351 1912 1425 φανερῶς
1965 1347 2089 1401 ἀντ-

440 1435 664 1506 έτεινον,
723 1436 810 1489 καὶ
870 1440 952 1507 τῷ
1013 1433 1189 1491 δοκεῖν
1249 1439 1342 1508 μὶν
1408 1438 1539 1512 ὑπὲρ
1590 1441 1688 1491 τοῦ
1745 1437 2089 1511 πατριάρχου

436 1528 614 1585 κακῶς
668 1524 1039 1599 παροφθὲν-τος
1068 1523 1322 1594 ἐζήλουν,
1363 1529 1441 1596 τῷ
1499 1523 1555 1578 δὶ
1609 1522 1969 1599 κρυπτομένῳ
1999 1524 2088 1578 καὶ

437 1613 569 1688 ὑπὶρ
627 1613 698 1666 ὧν
751 1615 778 1667 ὁ
811 1615 1162 1689 πατριάρχης
1201 1614 1384 1684 ζηλῶν
1441 1614 1513 1676 ὡς
1545 1615 1683 1674 τέως
1718 1613 1814 1668 οὐκ
1845 1614 2085 1667 ἀνυστῶν

437 1701 736 1775 ὑπεχώρει.
795 1704 854 1758 Ὀ
916 1702 1098 1774 μέντοι
1152 1724 1211 1777 γε
1265 1703 1390 1758 τότε
1437 1702 1854 1778 πατριαρχεύων
1910 1704 2165 1806 Νικη-Β

438 1790 604 1866 φόρος
641 1791 668 1844 6
701 1792 791 1844 ἀπ’
848 1791 1097 1866 Ἑφέσου.
1153 1791 1621 1867 συγκροτούμενος
1685 1793 1778 1864 μὲν
1836 1796 1905 1864 τῇ
1961 1813 2086 1844 συν-

439 1878 570 1953 όδῳ,
630 1879 828 1952 πολλῷ
858 1879 915 1936 δὲ
945 1880 1112 1936 πλέον
1145 1884 1234 1936 καὶ
1291 1887 1360 1957 τῇ
1388 1889 1484 1938 τοῦ
1539 1881 1811 1958 βασιλέως
1841 1879 2082 1951 θελήσει,

439 1969 584 2042 έχων
617 1970 706 2024 καὶ
741 1968 914 2024 πολὺν
948 1971 1278 2046 συναχθέντα
1334 1972 1393 2026 ἐκ
1445 1979 1546 2041 τῆς
1603 1971 1828 2049 Ἐφέσου
1882 1971 2081 2046 χρυσὸν

436 2059 712 2136 ἐφίσταται
786 2064 854 2134 τῇ
933 2060 1150 2132 Νικαίᾳο
1233 2063 1335 2118 Καὶ
1410 2066 1629 2135 πρῶτοο
1691 2062 1787 2133 μὲν
1836 2061 2084 2135 ἐπειρᾶτο

437 2147 710 2211 ποικίλως
737 2153 845 2203 τῶν
895 2150 1238 2224 σχιζομένων
1297 2149 1595 2226 ἀρχιερέων
1657 2148 1738 2226 ἐφ’
1793 2150 1838 2220 ᾧ
1896 2149 2087 2202 συνέλ-

437 2235 578 2299 θοιέν
623 2235 680 2290 τέ
727 2238 776 2290 οἱ
828 2238 915 2291 καὶ
975 2235 1326 2312 εἷρηνεῦοιεν,
1383 2238 1472 2292 καὶ
1532 2235 1707 2300 πολὺς
1764 2240 1830 2305 ἦν
1889 2235 2087 2300 αὐτοὺς

435 2324 834 2399 μετερχόμενος
892 2326 1166 2389 ἀπειλαῖς·
1230 2325 1355 2382 ἀλλ’
1416 2328 1518 2382 οὐκ
1573 2325 1771 2395 ἔπειθε,
1821 2323 1988 2380 πλέον
2029 2322 2087 2378 δέ

432 2414 702 2490 παρέθηγε
769 2415 861 2470 τὸν
925 2415 1091 2484 ζῆλον
1166 2415 1414 2487 ἐκείνοις,
1471 2415 1559 2470 καὶ
1617 2414 1925 2490 κατεγέλων
1976 2418 2082 2468 τῶν

437 2505 784 2575 μηνιμάτων.
841 2510 928 2565 Ὡς
988 2503 1035 2558 δ’
1093 2507 1194 2559 οὐκ
1252 2504 1430 2569 ἔπειθε
1485 2507 1657 2560 πάντα
1706 2505 1927 2579 πράξας,
1963 2505 2085 2557 άντ-

433 2719 492 2774 id
521 2723 769 2790 cogeret,
801 2720 993 2775 locum
1026 2721 1306 2793 accipere,
1345 2721 1680 2793 patriarcha
1711 2721 2082 2777 renuntiatus

434 2812 561 2876 est;
596 2824 768 2880 quem
801 2825 934 2864 cum
968 2826 1202 2865 summo
1234 2809 1454 2867 honore
1486 2811 1803 2883 imperator
1831 2811 2080 2866 Nicaeam

434 2895 756 2966 dimittens,
785 2896 912 2969 ipse
941 2899 1329 2970 Lampsacum
1375 2900 1700 2968 contendit,
1731 2901 2080 2970 trajecturus

435 2985 571 3042 inde
592 2985 648 3041 in
674 2986 978 3043 adversam
1009 2987 1685 3060 Calliopolim.Collectis
1715 2989 1871 3045 enim
1901 2988 2083 3061 copiis

2197 452 2410 529 γέγονεν
2462 451 2702 530 ὕστερον.
2764 454 2937 514 Αὐτὸς
2996 451 3054 508 δὲ
3107 457 3209 507 τῶν
3251 453 3422 511 ἄλλων
3475 459 3754 538 ἐπεπειρᾶτο,

2196 544 2284 596 καὶ
2317 545 2351 612 ἡ
2411 544 2629 618 ταραχή
2688 540 2876 612 πολλή
2935 544 3026 611 ἦν,
3064 541 3156 607 ¹καὶ
3210 543 3268 598 τὸ
3296 547 3403 598 κατ’
3425 544 3606 604 ἐκείνου
3632 556 3754 608 σκάν-

2199 631 2364 686 δαλον
2399 629 2582 707 ᾔρετο·
2635 629 2782 699 πλὴν
2827 632 2926 706 γάρ
2979 637 3085 686 τῶν
3120 632 3194 693 εἰς
3249 633 3498 708 ἄρχοντας
3547 642 3756 715 τεταγμέ..

2195 743 2296 776 νων
2329 729 2427 790 τῆς
2454 719 2785 792 Ἐκκλησίας
2819 722 2870 776 οἱ
2921 719 3110 776 λοιποὶ
3151 722 3247 790 τὴν
3292 723 3478 778 ἐκείνου
3525 731 3757 784 κοινωνίαν

2200 807 2546 884 άπέστεργον.
2578 812 2770 882 Ὅμως
2827 811 2877 864 οἱ
2935 811 3029 883 μὶν
3089 810 3312 872 ἐχόντως
3365 814 3411 866 οἱ
3458 811 3508 868 δὲ
3533 815 3757 871 καὶάκὸν-

2194 921 2302 961 τως
2346 901 2491 967 πλὴν
2542 897 2742 974 ὀλίγων
2793 897 3268 968 καθυπεκλίνοντο,
3317 898 3684 976 διασεσωσμένοι
3724 905 3759 961 δ’

2198 987 2346 1051 ὄντες
2423 989 2518 1050 τάς
2587 987 2806 1062 γνώμας
2881 988 3072 1063 πράξει
3143 988 3268 1052 τοὺς
3346 991 3414 1060 μὴ
3465 994 3756 1064 πειθομένους

2199 1076 2472 1151 ὠχύρουν.
2535 1076 2612 1133 Td
2671 1074 2728 1132 δέ
2785 1077 2974 1132 λαίκὸν
3031 1084 3244 1147 πλῆθος
3307 1078 3392 1131 τὸν
3443 1078 3543 1134 νέον
3579 1085 3761 1154 ποιμένα

2197 1165 2284 1218 καὶ
2365 1166 2484 1220 λίαν
2532 1164 3111 1240 ἆποπροσποιοῦμενοι
3170 1165 3384 1236 ἐζήτουν
3436 1169 3516 1222 τὸν
3568 1172 3760 1242 γνήσιον.

2195 1256 2282 1326 [Ρ.
2338 1256 2426 1326 77]
2479 1254 2629 1308 Οὕτω
2676 1259 2805 1328 γοῦν
2847 1254 3256 1329 τεταραγμένων
3312 1259 3410 1310 τῶν
3474 1259 3761 1332 πραγμάτων,

2197 1342 2312 1396 ἐπεὶ
2369 1343 2458 1396 καὶ
2513 1343 2604 1397 τὸν
2664 1347 2964 1418 κρατοῦντα
3043 1343 3300 1416 ἐμάνθανε
3370 1344 3538 1418 μάχην
3588 1346 3762 1417 μέλλειν

2198 1437 2509 1507 συγκροτεῖν
2591 1433 2846 1509 μεγίστην
2927 1433 3060 1488 οιατᾶ
3140 1432 3395 1509 φρουρίου
3465 1439 3551 1488 τοῦ
3600 1435 3767 1490 Γαλαιτᾶ

2198 1521 2326 1584 ὥσθ’
2373 1522 2638 1596 αἰρήσειν,
2688 1522 2786 1577 κ’άν
2847 1521 2892 1576 εἸ
2947 1544 2998 1576 τι
3030 1523 3117 1576 καὶ
3172 1523 3333 1576 πάθοι
3365 1521 3567 1595 (ἐκεῖθεν
3593 1526 3674 1597 γάρ
3698 1525 3766 1578 καὶ

2195 1613 2295 1678 τήν
2323 1617 2422 1679 τῆς
2456 1609 2883 1685 μεγαλοπόλεως
2917 1609 3149 1680 ἤλπιζεν
3210 1609 3450 1682 ἅλωσιν),
3481 1611 3643 1686 ὀλίγον
3665 1615 3769 1668 κατὰ

2195 1699 2420 1755 Νίκαιαν
2479 1698 2793 1772 διαμείνας,
2857 1702 3106 1774 ὁρμήσας
3161 1700 3348 1755 αὐτίκα
3401 1699 3484 1754 καί
3533 1703 3648 1756 κατὰ
3689 1703 3766 1770 τήν

2194 1787 2373 1858 πύλην
2416 1790 2648 1864 γεγονὼς
2698 1790 2788 1843 τὸν
2840 1790 3122 1862 κονιορτὸν
3182 1793 3286 1843 τῶν
3349 1787 3575 1864 βλαυτῶν
3619 1790 3768 1844 ἀποτι-

2193 1877 2486 1950 ναξάμενος
2542 1879 2617 1942 ὡς
2670 1879 2744 1940 εἷς
2801 1878 3094 1952 μαρτύριον
3155 1877 3312 1942 δῆθεν
3366 1877 3534 1951 ἐξῄει,
3584 1879 3659 1932 καὶ
3703 1876 3768 1932 διὰ

2193 1971 2291 2021 τοῦ
2347 1968 2482 2022 κατά
2536 1969 2634 2035 τήν
2696 1966 3046 2023 Ἐλενὸπολιν
3097 1970 3198 2037 τῆς
3256 1966 3514 2038 θαλάσσης
3567 1967 3769 2042 πορθμοῦ

2194 2056 2328 2132 πρὸς
2388 2056 2586 2110 ἐκεῖνον
2647 2058 2927 2130 ἠπείγετο,
2991 2056 3105 2129 ἅμα
3168 2057 3262 2128 μὶν
3312 2055 3635 2128 ἐνασμενίζων
3663 2055 3770 2109 ἐκεῖ·

2195 2146 2281 2198 θεν
2326 2149 2393 2218 τῇ
2453 2144 2510 2200 ἐκ
2572 2144 2836 2220 βασιλέως
2885 2145 3226 2220 παραμυθίᾳ,
3276 2145 3382 2218 ἅμα
3412 2142 3466 2198 δὲ
3501 2145 3580 2198 καὶ
3610 2142 3771 2217 μεγάλα

2193 2232 2417 2306 ἤλπιζε,
2473 2233 2946 2308 συγκροτουμένην
3011 2235 3204 2309 μάχην
3276 2231 3484 2309 βλέπων
3536 2234 3654 2287 κατὰ
3699 2239 3772 2299 τῆς

2195 2319 2430 2394 πὸλεως,
2463 2325 2536 2386 ὡς
2583 2321 2824 2394 ἀλούσης
2881 2323 3073 2378 αὐτίκα
3129 2330 3231 2392 τῆς
3289 2321 3590 2392 Ἐκκλησίας
3619 2315 3771 2388 ἐπιϐη-

2196 2412 2445 2484 σόμενος,
2479 2409 2818 2487 ἀπαλλαγεὶς
2847 2412 3080 2475 Νικαίας
3129 2412 3222 2467 καὶ
3281 2417 3385 2467 τῶν
3444 2411 3562 2466 ἐκεῖ”
3591 2413 3662 2465 Ἐν
3689 2409 3773 2480 ὅσῳ

2197 2499 2253 2556 δὲ
2278 2503 2377 2570 τήν
2422 2501 2616 2574 μεταξὺ
2647 2501 2866 2574 πορείαν
2901 2499 3140 2573 διήνυεν,
3177 2501 3228 2556 ἐν
3285 2505 3352 2574 τῇ
3412 2495 3664 2575 Σηλυϐρίᾳ
3706 2496 3773 2552 καί

2191 2719 2353 2774 bant.
2380 2719 2581 2790 Itaque
2604 2736 2736 2774 cum
2763 2719 2878 2776 alia
2909 2736 3021 2776 non
3057 2721 3455 2792 procederent,
3483 2719 3546 2774 de
3573 2718 3771 2774 transfe-

2192 2807 2389 2863 rendis
2420 2823 2620 2864 eorum
2645 2808 2904 2865 ecclesiis
2924 2808 2984 2863 in
3008 2809 3158 2866 alios
3191 2809 3440 2882 cogitare
3462 2808 3631 2880 coepit,
3651 2807 3770 2878 quod

2190 2901 2248 2952 et
2269 2900 2468 2968 postea
2490 2897 3001 2970 contigit.lnterim
3025 2897 3178 2954 alios
3201 2898 3311 2954 sibi
3328 2897 3774 2970 adjungeretenta-

2195 2985 2314 3053 bat,
2349 2986 2496 3040 H9
2522 2985 2824 3057 multaque
2843 2992 2969 3042 erat
2989 2987 3450 3058 perturbatio,ac
3468 3000 3708 3058 magnum
3725 2985 3776 3038 de

435 3079 494 3134 in
545 3079 720 3135 Italos
769 3096 886 3136 non
936 3080 1140 3152 paucis
1189 3097 1255 3137 eo
1303 3081 1657 3148 condixerai,
1708 3082 1905 3138 animo
1954 3087 2078 3138 ten.
2114 3095 2155 3162 ρ
2194 3075 2323 3146 ipso
2355 3075 2586 3147 publice
2617 3076 2965 3133 scandalum
2997 3081 3196 3132 ortum
3227 3084 3335 3134 est.
3357 3081 3557 3133 Verum
3584 3074 3662 3130 alii
3688 3074 3776 3162 fere

434 3167 624 3223 tandm
657 3170 1058 3241 occupationis
1089 3171 1240 3226 arcis
1279 3188 1347 3227 ex
1378 3172 1620 3227 adverso
1651 3171 1909 3244 Byzantii
1935 3171 2080 3240 siler,

435 3253 529 3309 cui
561 3253 768 3311 Galata
799 3273 1032 3312 nomen.

438 3404 526 3457 17.
577 3405 640 3460 Ut
687 3405 978 3461 Sardemis
1009 3415 1080 3479 rel
1127 3407 1620 3479 Thessalonicensis
1669 3409 1916 3479 episcopi
1969 3427 2078 3466 non

591 3479 962 3531 consenserint
994 3478 1052 3531 in
1081 3478 1531 3546 subrogationem
1555 3478 1920 3551 patriarcha.

506 3608 672 3665 Tunc
721 3607 901 3680 igitur
957 3609 1268 3666 Sardensis
1323 3611 1696 3668 Andronicus
1745 3618 1802 3668 et
1849 3613 2080 3670 Manuel

433 3696 972 3754 Thessalonicensis
991 3697 1245 3770 episcopi
1267 3697 1462 3771 palam
1481 3699 1857 3758 declararunt
1881 3719 1941 3758 se
1964 3718 2077 3758 non

434 3787 683 3860 probare
712 3804 842 3860 quae
872 3788 1026 3843 facta
1053 3787 1304 3858 fuerant,
1354 3794 1736 3862 praetexentes
1767 3791 1978 3864 zelum,
2010 3811 2078 3850 ac

432 3892 550 3948 prae
581 3891 644 3932 se
675 3875 927 3933 ferentes
959 3877 1338 3934 miseratione
1359 3895 1422 3935 se
1455 3882 1669 3937 moveri
1719 3884 2075 3940 exauctorati

431 3981 547 4021 non
564 3965 728 4035 juste
748 3964 1454 4040 patriarchmﬁalophoro
1479 3986 1712 4042 quoque
1731 3973 2076 4046 Smyrnensi

432 4053 784 4126 displicebat
815 4055 1034 4112 factum
1071 4072 1083 4111 :
1117 4060 1386 4114 caeterum
1421 4057 1520 4115 ille
1551 4058 1721 4132 alias,
1752 4066 1818 4118 ut
1847 4061 1960 4134 ipsi
1990 4063 2075 4118 vi-

429 4143 946 4210 debatur,idoneas
969 4145 1143 4202 istius
1167 4147 1483 4218 suijudicii
1505 4166 1714 4206 causas
1728 4151 2072 4222 obtendens,

429 4247 569 4286 suas
601 4231 712 4286 sibi
736 4233 1051 4304 separatim
1077 4251 1168 4290 res
1192 4236 1418 4308 agebat.
1447 4237 1560 4292 Alii
1599 4239 1715 4295 duo
1757 4241 2074 4298 concordes

426 4318 485 4373 in
510 4319 582 4375 iis
612 4337 739 4392 qua:
771 4321 944 4376 retuli
979 4323 1212 4394 publice
1243 4323 1766 4397 allegandis,aliud
1789 4329 2070 4401 quiddam

426 4406 578 4463 clam
601 4409 966 4481 coquebant:
993 4427 1126 4466 nam
1151 4428 1219 4468 ea
1241 4413 1369 4484 ipsa
1392 4429 1640 4485 quorum
1665 4417 2071 4489 desperatione

424 4496 900 4569 corrigendorun
957 4499 1242 4557 Arsenius
1303 4508 1641 4572 recesserat,
1699 4504 2070 4578 impatienter

426 4585 575 4642 ferre
605 4587 985 4658 putabantur.
1009 4591 1080 4644 At
1112 4606 1295 4647 novus
1326 4607 1395 4646 ex
1425 4592 1637 4664 Ephesi
1670 4594 1942 4667 episcopo
1968 4613 2068 4669 pa-

423 4674 677 4732 triarcha
730 4676 1116 4749 Nicephorus,
1159 4679 1386 4748 judicio
1442 4683 1648 4754 synodi
1695 4700 1822 4756 quae
1869 4684 2068 4756 ipsum

424 4762 697 4835 elegerat,
721 4769 780 4820 et
801 4766 987 4822 multo
1012 4767 1198 4840 magis
1219 4768 1589 4841 imperatoris
1621 4771 1920 4830 voluntate
1951 4775 2068 4830 fre-

423 4857 541 4922 tus,
600 4870 741 4910 auro
789 4854 966 4911 etiam
1024 4856 1334 4914 abundans
1394 4861 1564 4931 cujus
1618 4861 1736 4918 vim
1789 4879 2066 4936 magnam

420 4941 646 5014 Epheso
675 4942 978 5016 extulerat,
1012 4945 1263 5002 Nicaeam
1297 4951 1596 5020 pervenit;
1631 4951 1831 5024 ibique
1877 4954 2066 5011 multa

417 5031 573 5088 varie
615 5037 862 5090 conatus
895 5034 965 5090 ad
999 5043 1352 5094 revocandos
1383 5037 1442 5094 in
1474 5041 1848 5097 concordiam
1883 5042 2060 5099 dissi-

414 5121 619 5177 dentes
648 5122 976 5195 episcopos,
996 5125 1066 5180 ad
1091 5129 1415 5183 extremum
1449 5129 1719 5186 incubuit
1749 5131 1808 5186 in
1842 5132 2059 5199 minas,

413 5208 690 5264 deterreri
725 5228 823 5267 eos
854 5229 1026 5284 posse
1045 5214 1491 5272 denuntiatione
1511 5217 1800 5275 malorum
1827 5237 2063 5294 magno-

409 5313 544 5368 pere
603 5315 866 5371 sperans.
921 5302 1031 5358 Sed
1082 5304 1304 5360 frustra
1351 5305 1410 5359 in
1461 5305 1569 5361 hoc
1611 5307 1848 5378 quidem
1902 5309 2059 5365 fuit:

410 5386 631 5460 quippe
687 5391 770 5445 ira
818 5389 1052 5446 illorum
1108 5392 1191 5447 sic
1242 5393 1430 5465 magis
1480 5394 1731 5463 irritata,
1767 5397 2060 5453 obfirmati

411 5475 603 5532 acrius
635 5477 692 5531 in
728 5481 1047 5550 proposito,
1081 5481 1259 5536 etiam
1292 5482 1566 5538 adversus
1616 5501 1761 5554 quas
1812 5485 1920 5542 iste
1973 5487 2060 5542 in-

409 5564 672 5620 tentabat
703 5583 904 5638 pcenas
927 5583 987 5622 se
1012 5566 1132 5623 risu
1165 5573 1618 5642 contemptuque
1642 5589 1877 5631 securos
1910 5576 2057 5632 ferc-

2193 3164 2470 3235 praesules
2496 3165 2876 3221 ecclesiarum
2933 3167 3060 3236 ejus
3109 3166 3574 3223 communionem
3603 3161 3776 3234 ample-

2191 3253 2519 3320 ctebantur,
2544 3255 2644 3309 sed
2674 3255 2888 3326 partim
2909 3254 3172 3312 volentes
3197 3256 3411 3329 partim
3434 3251 3775 3325 inviti,paucis

2191 3358 2258 3397 ex
2307 3341 2489 3398 animi
2533 3343 2827 3399 sententia
2857 3344 2914 3398 in
2947 3345 3076 3416 ejus
3137 3351 3337 3417 partes
3393 3342 3778 3404 inclinantibus,

2191 3431 2455 3502 Cumque
2486 3433 2580 3488 isti
2613 3449 2825 3488 arcano
2840 3433 3264 3490 dissentientes
3286 3434 3505 3490 occulta
3522 3429 3778 3488 suastudia

2191 3537 2306 3575 non
2356 3519 2526 3592 plane
2585 3520 3051 3592 dissimularent,
3085 3523 3286 3594 palam
3346 3521 3669 3579 dissidentes
3703 3532 3777 3575 eos

2189 3624 2337 3679 quos
2367 3608 2482 3664 dixi
2513 3610 2953 3667 observataista
2974 3611 3279 3668 fautorum
3302 3609 3594 3683 Nicephori
3613 3607 3782 3663 titubao

2187 3697 2268 3753 tio
2315 3698 2374 3753 in
2423 3703 2620 3770 coeptae
2671 3699 3037 3756 discissionis
3089 3699 3419 3773 pertinacia
3447 3697 3707 3755 ﬁrmabat.
3730 3697 3781 3749 At

2187 3785 2400 3842 laicum
2429 3786 2640 3859 vulgus
2663 3789 3041 3844 vehementer
3089 3789 3444 3846 abhorrebat
3472 3805 3504 3843 a
3531 3803 3659 3842 novo
3702 3799 3777 3855 pa-

2188 3880 2362 3944 store,
2384 3881 2758 3949 veteremque
2780 3882 2844 3933 ut
2865 3877 3198 3950 legitimum
3225 3877 3569 3951 requirebat.
3589 3873 3669 3930 Sic
3685 3877 3778 3928 tur-

2187 3965 2341 4022 batis
2372 3967 2570 4038 rebus,
2593 3967 2955 4039 Nicephorus
2986 3969 3237 4025 audiens
3270 3969 3658 4040 imperatorem
3685 3977 3784 4017 ma-

2185 4072 2298 4127 gno
2330 4054 2467 4112 belli
2501 4067 2781 4129 apparalu
2815 4059 3127 4114 imminere
3159 4059 3400 4129 Galata,
3427 4061 3634 4114 certum
3672 4065 3782 4124 qvo-

2183 4149 2272 4205 vis
2293 4149 2548 4221 periculo
2579 4151 2708 4221 ejus
2738 4151 2991 4224 prmsidii
3017 4151 3218 4224 potiri,
3241 4165 3589 4224 sperareque
3613 4161 3665 4203 se
3689 4158 3778 4198 non

2185 4237 2377 4295 solum
2400 4239 2528 4310 ejus
2547 4239 2663 4296 voti
2687 4245 3014 4313 compotem
3038 4243 3330 4314 futurum,
3357 4241 3456 4298 sed
3479 4241 3656 4312 ipsum
3673 4248 3784 4306 quo-

2185 4343 2298 4399 que
2348 4345 2625 4400 magnam
2676 4330 2879 4386 urbem
2927 4335 3207 4402 praeterea
3255 4337 3580 4403 capturum,
3609 4335 3777 4398 parum

2181 4415 2379 4472 Nicaea:
2413 4421 2676 4474 moratus
2707 4418 2980 4475 discessit
3009 4420 3165 4492 inde,
3211 4425 3271 4477 et
3314 4421 3387 4475 ad
3433 4420 3640 4492 portam
3666 4409 3776 4468 civi-

2179 4506 2317 4562 tatis
2363 4522 2608 4563 excusso
2663 4507 2957 4564 solearum
3014 4508 3280 4581 pulvere,
3317 4509 3376 4564 in
3428 4502 3778 4562 testimonium

2181 4595 2422 4664 scilicet,
2470 4597 2664 4652 exivit.
2699 4596 2949 4669 Moxque
2996 4613 3100 4668 per
3148 4598 3368 4654 fretum
3418 4587 3778 4662 Helenopolcos

2179 4686 2251 4740 ad
2274 4685 2470 4757 ipsum
2505 4684 2815 4753 ferebatur,
2843 4685 3023 4742 simul
3081 4689 3471 4744 recreandum
3493 4701 3550 4741 se
3578 4682 3647 4738 ibi
3675 4692 3779 4749 spc-

2178 4790 2316 4830 rans
2330 4775 2602 4846 praesenti
2619 4776 3017 4832 consolatione
3031 4775 3411 4848 imperatoris
3433 4773 3541 4847 ipsi
3565 4763 3777 4845 propitii,

2177 4862 2354 4919 simul
2386 4863 2647 4936 amplum
2673 4863 2788 4920 sibi
2816 4868 2874 4920 et
2895 4865 2967 4920 ad
2992 4864 3252 4921 rationes
3285 4868 3519 4921 caeteras
3547 4861 3778 4932 opportu-

2177 4969 2318 5008 num
2351 4957 2515 5009 ratus
2547 4954 2750 5009 adesse
2781 4952 2897 5009 illic
2940 4968 3004 5009 se
3055 4958 3431 5026 praesentem,
3463 4965 3589 5007 cum
3617 4944 3777 5037 civitas

2175 5042 2353 5112 regia,
2379 5043 2533 5113 quod
2554 5043 2714 5098 brevi
2737 5042 2997 5098 futurum
3017 5043 3445 5115 augurabatur,
3465 5033 3778 5113 oppugnanti

2174 5147 2329 5185 nunc
2357 5147 2484 5186 eam
2518 5130 2860 5202 imperatori
2889 5131 3237 5188 redderetur
3262 5148 3275 5186 :
3303 5131 3390 5187 sic
3421 5129 3569 5186 enim
3601 5127 3702 5180 fore
3727 5120 3777 5172 ut

2171 5219 2296 5290 ipse
2328 5219 2528 5275 statim
2560 5219 2619 5275 in
2653 5218 2813 5275 illam
2845 5219 3145 5292 ingressus
3176 5235 3379 5276 veram
3413 5205 3772 5292 patriarchalis

2171 5308 2260 5362 sui
2311 5307 2507 5363 throni
2560 5307 2786 5380 primus
2849 5307 3287 5380 possessionem
3322 5307 3516 5372 iniret,
3544 5303 3706 5359 Nicaea
3728 5297 3772 5350 et

2173 5397 2402 5453 infensa
2432 5397 2550 5452 illic
2581 5397 2692 5452 sibi
2725 5396 2892 5470 plebe
2918 5396 3111 5453 valere
3138 5396 3424 5470 deinceps
3447 5398 3626 5469 jussa.
3659 5389 3774 5445 Dum

2171 5490 2366 5541 autem
2401 5485 2494 5541 ille
2527 5485 2586 5540 in
2618 5501 2684 5542 eo
2717 5485 2928 5541 itinere
2959 5490 3066 5553 est,
3092 5484 3374 5557 Selybriae
3405 5485 3588 5542 adhuc
3614 5483 3774 5548 Augu-

2171 5580 2296 5631 stus
2320 5575 2922 5647 morabatur,quand0
2942 5579 2998 5631 et
3017 5574 3371 5631 Sardenscm
3389 5573 3592 5630 ibidem
3608 5567 3777 5626 adesse
