3944 6202
271 324 362 378 557

1296 330 1392 381 DE
1431 327 1803 382 MICHAELE
1842 326 2284 384 PALEOLOGO
2322 329 2454 384 LIB.
2497 333 2568 385 II.

3533 345 3642 399 558

274 447 419 515 ἔτιῆν
466 448 492 501 6
547 453 775 522 κρατῶν,
835 448 923 504 ὅτε
981 444 1173 520 συνέϐη
1234 452 1322 504 καὶ
1380 448 1722 524 Ἀνδρόνικον
1781 452 1870 505 τὸν
1904 465 1954 527 Α
1988 447 2036 504 δ’
2066 450 2217 527 ἀφεὶς
2250 453 2554 527 παραυτίκα
2582 452 2857 530 ἐξέρχεται
2887 462 2984 513 τοῦ
3042 461 3167 534 νεὼ,
3228 462 3302 525 ὡς
3363 468 3392 521 ὅ
3446 489 3495 523 τι
3556 471 3643 534 οξ-

270 533 485 609 Σάρδεων
543 534 708 592 ἐκεῖσε
781 543 1048 613 παρεῖναι.
1111 546 1265 593 Δτοιν
1333 539 1436 613 γάρ
1500 539 1873 613 σχιζομένων,

264 627 403 679 αὐτοῦ
454 646 506 679 τε
562 626 646 680 καὶ
694 631 792 681 τοῦ
852 628 1245 699 Θεσσαλονίκης
1304 628 1611 702 Μανουήλ,
1673 629 1876 692 ἐκεῖνος

263 716 344 785 μὲι
372 716 544 769 ἑαυτὸν
578 715 654 775 εἷς
686 714 895 790 ἐξορίαν
930 714 1107 771 ἐδίδου
1128 718 1217 772 καὶ
1249 718 1554 792 ἐξωρίζετο.

262 829 337 890 ιη’.
368 824 541 883 Ὀπως
574 824 601 876 6
647 821 904 901 Σάρδεων
943 824 1078 901 κατά
1109 826 1209 893 τήν
1264 820 1577 899 Σηλυϐρίαν
1631 827 1877 901 μοναχὸς

882 897 1223 971 ἀπεκείρατο.

312 984 361 1035 Ὀ
389 980 441 1035 δῖε
471 980 718 1055 Σάρδεων
744 984 912 1060 σοφόν
944 1006 993 1039 τι
1016 985 1268 1058 οἰόμενος
1300 985 1575 1061 πράττειν,
1612 985 1656 1039 εἰ
1688 988 1761 1058 μή
1797 990 1876 1059 τῷ

254 1069 443 1143 βασιλεῖ
486 1069 817 1147 διαμάχοιτο
876 1075 971 1128 τοῦ
1016 1074 1517 1150 πατριαρχεύοντος
1572 1074 1874 1152 ἀφιστάμε-

249 1180 339 1225 νος,
381 1154 513 1233 ἔγνω
546 1157 615 1214 δι’
650 1161 829 1232 ἄλλης
855 1160 983 1218 ὀδοῦ
1017 1162 1268 1228 ὑπελθεῖν
1300 1165 1391 1219 τὸν
1422 1169 1740 1239 κρατοῦντα.
1777 1164 1873 1218 Καὶ

250 1246 458 1316 ὖή,ἐπεὶ
511 1250 538 1303 6
587 1252 682 1322 μὲν
746 1249 1149 1330 Φιλαδελφείας
1208 1254 1537 1314 Ἰωαννίκιος
1584 1253 1719 1308 κατά
1773 1254 1871 1322 τήν

250 1338 397 1406 μονὴν
421 1342 518 1391 τοῦ
550 1343 811 1415 Σωτῆρος
845 1342 1121 1416 ἱερούργει
1172 1346 1269 1396 τοῦ
1320 1340 1591 1415 βασιλέως
1639 1362 1869 1417 προτρε-

246 1428 481 1496 ψαμένου,
546 1428 573 1481 6
638 1427 696 1483 δὲ
759 1428 1013 1505 βασιλεὺς
1045 1438 1223 1507 παρῆν
1254 1432 1342 1485 καὶ
1390 1432 1416 1485 6
1450 1428 1698 1503 Σάρδεων
1728 1452 1870 1503 συμ-

243 1518 430 1587 παρῆν,
481 1516 808 1588 προσελθὼν
866 1520 1029 1581 αὐτὸς
1090 1525 1168 1592 τῷ
1228 1519 1444 1594 βασιλεῖ
1490 1519 1614 1593 περὶ
1675 1519 1869 1574 ἐαυτοῦ

244 1603 620 1675 ὑπεμίμνησκεν
706 1607 782 1669 ὡς
840 1610 905 1662 τὰ
970 1613 1077 1663 τῶν
1133 1614 1388 1683 μοναχῶν
1448 1607 1869 1682 ἀναὶηψόμενος

241 1695 339 1750 ταῖς
388 1695 481 1744 τοῦ
539 1691 948 1768 Φιλαδελφείας
1007 1697 1164 1771 χερσί
1202 1742 1213 1754 .
1274 1698 1372 1751 Καὶ
1434 1696 1489 1757 ὅς
1556 1694 1704 1769 (οὐδὲ
1762 1696 1865 1772 γὰρ

238 1779 394 1850 ἠγνόει
440 1782 499 1834 τὸ
547 1788 653 1850 τῆς
702 1786 929 1858 γνώμης
979 1790 1076 1839 τοῦ
1135 1784 1393 1859 λέγοντος
1440 1784 1680 1840 ὕπουλον
1712 1830 1729 1857 ,
1790 1786 1864 1846 ὡς

237 1864 418 1936 ἓξοντὸς
474 1891 651 1939 ποτε,
714 1873 759 1925 εἰ
794 1874 1000 1948 αἰροῖτο
1035 1922 1049 1946 ,
1110 1875 1377 1950 πρόφασιν
1435 1876 1535 1943 τὴν
1592 1879 1689 1929 τοῦ
1747 1873 1868 1931 ἅνα-

236 1977 340 2018 κτος
394 1960 692 2034 παρουσίαν
729 2006 743 2030 ,
814 1962 887 2024 ὡς
953 1963 1044 2037 βίᾳ
1098 1963 1166 2038 τῇ
1221 1964 1418 2018 ἐκεῖθεν
1479 1959 1745 2026 λαϐόντος
1802 1963 1865 2018 τὸ

234 2050 417 2118 σχῆμαο
478 2046 627 2119 μηόὶ
683 2048 783 2125 γάρ
842 2045 1017 2105 θέλειν
1081 2050 1139 2105 ἐκ
1195 2053 1608 2127 προαιρέσεως),
1655 2050 1854 2105 ἐκεῖνον

234 2134 314 2204 μὲν
390 2136 475 2189 καὶ
560 2137 618 2190 τί
685 2139 870 2202 παθὼν
960 2137 1205 2215 διηρώτα
1283 2140 1855 2216 μετασχηματίζεσθαι

236 2221 486 2298 βούλοιτο,
535 2226 633 2280 καὶ
666 2226 744 2289 εἷς
771 2230 823 2283 τί
877 2228 1094 2303 βλέπων
1135 2230 1225 2285 τὸν
1259 2232 1490 2306 ἡσύχιον
1523 2230 1612 2285 καὶ
1647 2231 1856 2305 ἀπράγ-

230 2332 345 2381 μονα
397 2314 514 2388 βίον
580 2317 815 2389 αἱροῖτο·
879 2315 1034 2388 Πλὴν
1091 2317 1289 2387 οὐδείς,
1346 2320 1557 2394 ἔλεγεν,
1601 2320 1629 2373 6
1680 2316 1856 2373 κωλύο

230 2419 333 2471 πων,
387 2402 430 2456 εἰ
486 2402 640 2458 οὕτω
704 2405 980 2479 βούλεται.
1041 2408 1277 2463 Ἐκείνου
1319 2405 1376 2463 δὲ
1404 2409 1497 2469 τὰς
1527 2406 1701 2468 αἰτίας
1732 2428 1853 2460 συν-

231 2488 435 2563 είροντος
467 2496 547 2567 [Ρ.
595 2496 685 2567 78]
737 2496 824 2550 καὶ
873 2497 973 2565 τήν
1024 2502 1119 2551 τοῦ
1162 2498 1565 2570 ὑπονοουμένου
1625 2493 1853 2551 σκανδά-

228 2576 311 2631 λου
338 2577 481 2653 δόξαν
516 2580 617 2636 διὰ
646 2582 876 2638 πολλῶν
928 2584 1295 2662 ἀναιροῦντος,
1342 2588 1369 2640 ὁ
1422 2582 1677 2661 βασιλεὺς
1734 2581 1854 2637 δια·

228 2667 392 2741 κόψας,
440 2669 554 2726 ἐπεὶ
614 2673 702 2726 καὶ
750 2674 817 2727 τὰ
872 2679 972 2743 τῆς
1027 2675 1367 2751 λειτουργίας
1416 2674 1639 2747 ἤνυστο,
1689 2692 1856 2747 προσ-

225 2754 414 2832 ἔρχεται
490 2762 597 2834 μὶν
670 2767 747 2833 τῷ
828 2762 1280 2839 λειτουργήσαντι
1337 2764 1426 2819 καὶ
1488 2762 1852 2838 σφραγίζεται,

227 2842 487 2911 λαϐὼνείς
521 2851 796 2925 ἀγιασμὸν
830 2853 918 2906 καὶ
974 2851 1066 2906 τὸθ
1120 2854 1263 2927 ἱερὸν
1322 2851 1562 2927 κλάσμα,
1622 2849 1854 2911 ἐκείνους

224 3065 452 3136 contigit.
482 3066 638 3122 Nam
665 3067 915 3123 duorum
941 3068 1280 3125 sehismatis
1304 3075 1610 3126 auctorum
1637 3068 1855 3123 Andro-

224 3155 319 3209 nici
354 3157 670 3214 Sardensis
724 3162 781 3214 et
824 3159 1365 3217 Thessalonicensis
1414 3159 1722 3226 Manuelis,
1758 3158 1853 3213 hic

221 3244 427 3316 quidem
461 3248 625 3303 ultro
656 3247 928 3304 exsilium
961 3248 1075 3305 sibi
1108 3251 1480 3306 consciscens
1511 3254 1671 3306 extra
1702 3249 1850 3304 120

220 3334 344 3391 lines
374 3345 718 3393 recesserat.

226 3440 296 3495 13.
324 3443 381 3499 Ut
407 3444 717 3500 Sardensis
762 3447 908 3518 apud
951 3447 1254 3503 Selebriam
1285 3450 1346 3504 in
1399 3447 1728 3504 monachum
1776 3448 1852 3502 sit

891 3518 1167 3575 detonsus.

284 3603 595 3661 Sardensis
625 3619 760 3660 vero
791 3607 1088 3678 sapienter
1135 3625 1196 3664 se
1238 3608 1530 3664 facturum
1580 3613 1766 3677 ratus,
1799 3607 1848 3663 si

224 3706 320 3747 non
368 3695 567 3764 palam
634 3702 991 3767 repugnaret
1047 3698 1409 3770 imperatori,
1456 3697 1848 3770 patriarcham

223 3793 371 3847 quem
398 3781 494 3838 ille
521 3782 808 3853 probaret
838 3784 1132 3855 rejieiens,
1167 3785 1340 3841 aliam
1376 3786 1693 3842 ineundam
1737 3783 1851 3840 sibi

220 3867 480 3926 rationem
524 3870 704 3925 duxit
736 3870 1078 3929 insinuandi
1101 3890 1228 3931 sese
1250 3879 1307 3931 et
1330 3874 1539 3931 callida
1557 3874 1752 3947 ipsum
1772 3872 1852 3928 si-

222 3956 517 4015 mulatione
542 3958 1020 4033 fallendi.Itaque
1034 3979 1100 4017 cu
1113 3979 1164 4017 m
1187 3963 1327 4019 Joan
1340 3964 1525 4020 nicius
1537 3964 1852 4035 episcopus

220 4040 625 4121 Philadelphia
657 4054 862 4122 rogatu
896 4050 1268 4124 imperatoris
1299 4057 1355 4109 et
1394 4053 1522 4126 ipso
1572 4056 1854 4125 prtesente

219 4135 353 4203 apud
384 4137 820 4193 monasterium
853 4138 1171 4198 Salvatoris
1204 4158 1435 4197 sacrum
1468 4142 1700 4209 faceret,
1724 4142 1852 4197 Sar-

218 4222 415 4292 densis,
431 4227 534 4297 qui
555 4230 620 4282 et
640 4226 769 4298 ipse
790 4228 1013 4297 aderat,
1038 4230 1320 4286 accedens
1343 4230 1414 4285 ad
1440 4230 1852 4301 imperatorem

216 4308 476 4370 indicavit
509 4314 631 4387 ipsi
664 4330 794 4371 esse
827 4316 943 4372 sibi
977 4316 1036 4372 in
1071 4318 1267 4374 animo
1299 4335 1533 4374 sacrum
1578 4316 1853 4374 monachi

218 4394 462 4456 habitum
487 4402 574 4457 ibi
595 4417 830 4458 sumere
862 4403 1141 4461 manibus
1181 4404 1736 4477 Philadelphiensis.
1762 4404 1849 4460 Ad

219 4500 329 4556 Quae
364 4487 693 4561 imperator
733 4507 849 4547 non
903 4492 1144 4564 ignarus
1175 4498 1371 4549 astuta
1402 4494 1459 4549 id
1510 4493 1625 4549 diei
1656 4498 1713 4549 et
1754 4492 1848 4565 agi

1986 539 2131 595 λοιεν
2188 540 2420 606 ἀπόντος
2480 542 2685 599 ἐκείνου
2740 546 3075 621 πράξοντας.
3132 552 3191 608 Ὀ
3228 550 3305 607 δὲ
3349 556 3436 609 καὶ
3496 558 3640 615 οὕτω

1983 629 2349 704 προσέρχεται
2378 632 2467 685 καὶ
2523 632 2585 687 τὸ
2620 638 2813 708 σχῆμα
2866 635 3105 711 δέχεται,
3168 641 3487 707 Ἀθανάσιος
3518 645 3633 701 ἀντ’

1984 714 2331 791 Ἀνδρονίκου
2364 721 2707 793 ὀνομασθείς.

1985 825 2046 875 ιθ¹
2126 823 2315 885 Ὀπῶς
2369 822 2574 880 πολλοὶ
2631 831 2741 883 τῶν
2795 829 2914 884 ἐκκ)
3194 839 3221 849 “’
3325 834 3390 857 “’
3454 836 3467 855 ’
3607 862 3615 873 ο

2053 864 2065 877 .
2722 903 2733 914 Ι
2914 852 3264 901 κησιαστικων
3321 855 3372 891 οι
3444 838 3635 914 ολίγοδ

2636 903 2981 971 θνήσκουσιν.

2052 985 2356 1056 Θαυμάσειε
2411 982 2456 1039 δ’
2507 986 2565 1040 ἄν
2615 1008 2697 1049 τις
2742 990 2830 1044 καί
2879 993 2979 1061 τὴν
3013 990 3171 1065 δίκην
3200 996 3343 1051 τότε·
3380 995 3506 1053 οὐδὲ
3533 999 3631 1074 γὰρ

1980 1069 2031 1140 ἐξ
2090 1071 2405 1145 αὐτομάτου
2452 1074 2693 1148 γενέσθαι
2758 1079 2849 1133 τὸν
2924 1082 3098 1137 τόσων
3169 1083 3634 1155 ἐκκλησιαστικῶν

1978 1160 2261 1234 ἀρχόντων
2350 1162 2710 1220 ὑποτοπάσειε
2802 1168 3068 1224 θάνατον·
3155 1175 3447 1244 θνήσκουσι
3529 1176 3630 1251 γὰρ

1977 1246 2136 1323 ἐγγὺς
2195 1254 2299 1305 τῶν
2362 1248 2487 1305 δέκα
2545 1252 2693 1308 ἐννέα
2728 1261 2913 1328 μηνῶν
2958 1257 3145 1333 ἄνδρες
3176 1259 3320 1315 πολὺ
3347 1262 3409 1317 τὸ
3435 1246 3631 1337 σεμνὸν

1975 1342 2065 1395 καὶ
2121 1343 2441 1417 ἆξιοπρεπὶς
2496 1342 2740 1419 ἔχοντες.
2804 1350 2917 1425 Ἐφ’
2978 1352 3061 1413 οἷς
3122 1347 3300 1426 ἔλεγεν
3358 1355 3385 1407 6
3433 1350 3632 1429 τοῦναρ

1978 1426 2107 1482 ἰδὼν
2141 1431 2405 1505 πρότερον
2436 1434 2469 1501 ἢ
2506 1436 2681 1489 θανεῖν
2717 1436 2855 1491 ἐκείν
2901 1440 2980 1501 υς’
3014 1467 3078 1487 =
3129 1441 3157 1493 6
3208 1442 3409 1504 Βέκκος
3460 1438 3506 1495 δ’

1977 1519 2131 1580 οὗτος
2187 1519 2461 1591 Ἰωάννης,
2523 1520 2581 1584 ὅς
2624 1523 2908 1598 ἐσύστερον
2964 1528 3055 1582 καὶ
3109 1528 3243 1601 μετᾶ
3286 1530 3378 1584 τὸν
3429 1549 3634 1605 χαρτο-

1976 1605 2191 1680 φύλακα
2264 1611 2704 1685 πατριαρχεύσας
2780 1613 2973 1669 πολλά
3044 1618 3279 1674 πέπονθε
3334 1618 3401 1673 τὰ
3458 1616 3629 1692 δεινὰ,

1975 1696 2049 1757 ὡς
2082 1697 2109 1750 6
2162 1696 2330 1771 λόγος
2371 1700 2507 1753 κατὰ
2560 1701 2652 1755 τὸν
2707 1703 2899 1777 καιρὸν
2955 1701 3086 1777 ἐρεῖ.
3118 1739 3187 1747 —
3216 1706 3294 1762 T6
3336 1711 3464 1781 γοῦν
3498 1706 3628 1781 ὄναρ

1975 1784 2177 1847 ἐκεῖνος
2236 1784 2364 1841 ἰδὼν
2425 1787 2745 1864 ἐξήγγελλεν
2807 1790 2999 1853 οὕτως.
3065 1792 3253 1864 Ἔδοξε
3280 1797 3381 1870 γάρ
3414 1795 3497 1851 ἐπ’
3526 1795 3625 1871 ἀγ-

1977 1872 2252 1947 χωμάλου
2302 1873 2492 1931 πεδίου
2566 1874 2956 1953 διερχομένους
3018 1880 3291 1955 ἐφίππους
3346 1882 3473 1947 τοὺς
3530 1886 3629 1959 ἀρ-

1979 1980 2202 2035 χοντας,
2235 1961 2452 2031 πολλὴν
2486 1961 2805 2036 ἐξηνυκότας
2857 1964 3005 2036 ὁδὸν,
3062 1968 3196 2023 κατά
3264 1967 3459 2043 χεῖλος
3492 1977 3623 2039 στῆ-

1966 2071 2051 2105 ναι
2113 2050 2366 2125 μεγίστου
2423 2053 2511 2108 καὶ
2570 2048 2810 2130 φοϐεροῦ
2866 2061 3123 2130 ποταμοῦ
3171 2056 3659 2133 παραρρέοντος,

1967 2138 2218 2215 ἄρξασθαι
2287 2138 2335 2195 δ’
2409 2142 2645 2205 ἐκείνους
2720 2145 2857 2198 κατά
2927 2146 3026 2215 τήν
3077 2145 3221 2219 τάξιν
3281 2150 3377 2202 τοῦ
3436 2148 3617 2225 σφίσιν

1965 2223 2387 2302 ἀποϐησομένου
2453 2231 2684 2285 θανάτου
2760 2236 2925 2308 περᾷν
3005 2239 3222 2307 πρῶτον
3294 2223 3617 2290 τόνδεκαί

1967 2313 2212 2389 δεύτερον
2272 2315 2427 2374 τόνδε
2466 2320 2555 2373 καὶ
2596 2318 2785 2398 ἐφεξῆς
2841 2321 2967 2383 τοὺς
3018 2320 3268 2397 λοιπούς,
3328 2322 3457 2379 οὐδέ
3508 2326 3607 2398 γὰρ

1965 2403 2159 2460 σύνδυο
2200 2409 2291 2461 καὶ
2350 2408 2594 2483 σύντρεις
2652 2407 3024 2483 ἐπεραιοῦντο,
3083 2409 3213 2465 ἀλλ’
3270 2413 3348 2475 εἷς
3386 2409 3611 2474 ἕκαστος

1962 2496 2079 2548 καθ’
2107 2494 2285 2553 αὐτόν,
2332 2497 2422 2559 Ὡς
2470 2502 2600 2572 γοῦν
2636 2498 2663 2552 6
2717 2497 2937 2573 βλέπων
2996 2498 3283 2573 ἱστάμενος
3330 2500 3419 2555 καὶ
3477 2503 3612 2556 θεω-

1964 2587 2071 2657 ρῶν
2156 2584 2534 2655 ἐξεπλήττετο,
2622 2584 2915 2665 ἔμφροντις
2982 2586 3056 2642 ὢν
3134 2589 3388 2652 κάκεῖνος
3462 2591 3611 2652 ὅπως

1962 2675 2418 2745 περαιωθήσεται,
2497 2674 2683 2730 ἀκούει
2760 2683 2944 2753 φωνῆς
3018 2673 3241 2733 ἔκποθεν
3302 2676 3615 2753 διικνουμὲ-

1961 2782 2083 2831 νης·
2150 2786 2170 2813 ι
2226 2763 2293 2819 Τί
2352 2763 2652 2840 φροντίζεις
2685 2781 2699 2833 ;
2762 2764 2823 2818 οὗ
2855 2763 2918 2819 σὺ
2944 2768 3033 2820 νῦν
3064 2761 3290 2841 διεϐήσῃ
3327 2768 3423 2823 τὸν
3450 2788 3618 2823 ποτα-

1967 2850 2087 2922 μόν·
2147 2853 2267 2907 Ἕνι
2314 2852 2416 2927 γάρ
2465 2853 2650 2926 καιρὸς
2693 2853 2813 2907 καθ’
2853 2852 2910 2907 ὅν
2960 2855 3049 2908 καὶ
3099 2854 3257 2916 αὐτὸς
3298 2853 3347 2927 ἐξ
3382 2856 3615 2931 ἀνάγκης

1968 3066 2325 3137 abrumpens
2354 3067 2692 3139 imperator,
2725 3067 2825 3123 ubi
2857 3068 3041 3125 missa
3066 3073 3303 3141 peracta
3353 3074 3462 3139 est,
3515 3088 3611 3127 ac-

1966 3154 2141 3210 cessit
2172 3156 2241 3210 ad
2264 3155 2682 3224 celebrantem,
2707 3160 2763 3211 et
2784 3172 2912 3213 sese
2929 3174 3101 3213 cruce
3125 3157 3368 3230 signans
3382 3176 3609 3216 sacram

1965 3242 2315 3314 particulam
2343 3244 2452 3300 rite
2481 3245 2759 3317 sumpsit,
2793 3261 3041 3317 moxque
3073 3246 3293 3320 templo
3324 3249 3608 3305 excedens

1960 3332 2121 3404 ipsos
2145 3332 2384 3405 reliquit
2414 3334 2759 3401 facturos,se
2788 3335 3029 3393 absente
3051 3337 3339 3408 quidquid
3370 3336 3609 3393 vellent.

1960 3421 2251 3478 Processit
2284 3422 2667 3479 nihilominus
2699 3424 3008 3480 Sardensis
3040 3426 3112 3481 ad
3143 3426 3531 3494 destinatum,
3553 3430 3611 3482 et

1960 3510 2230 3567 monachi
2244 3510 2512 3568 habitum
2528 3512 2884 3585 sumpsit,ex
2904 3514 3235 3571 Andronico
3249 3514 3610 3573 Athanasius

1958 3604 2223 3657 vocatus.

1961 3707 2050 3762 49.
2097 3708 2161 3764 Ut
2214 3710 2378 3765 mulli
2423 3708 2919 3837 εσειθδίαδιεσοῖιιζη
2975 3711 3127 3767 brevi
3181 3715 3421 3785 tempore
3477 3712 3609 3770 sint.

2674 3798 2792 3837 mor
2818 3799 2901 3837 ιιι.

2674 3798 2877 3838 mortua
2888 3822 2901 3837 .

2034 3868 2181 3924 121
2212 3868 2452 3924 Miretur
2475 3874 2671 3925 autem
2692 3870 2989 3943 quispiam
3013 3874 3155 3927 tunc
3177 3875 3483 3928 ostensum
3507 3871 3611 3929 Dei

1953 3955 2268 4027 judicium.
2302 3956 2425 4013 Non
2448 3957 2602 4013 enim
2628 3974 2765 4014 casu
2785 3958 3099 4030 contigisse
3120 3962 3207 4014 tot
3226 3958 3405 4014 simul
3423 3959 3611 4015 eccle-

1962 4044 2333 4101 siasticarum
2348 4045 2681 4118 principum
2696 4047 2893 4103 obitus
2907 4046 3196 4119 suspicari
3211 4047 3613 4105 verisimiliter

1961 4133 2113 4190 licet.
2146 4134 2362 4190 Mortui
2390 4134 2608 4208 quippe
2642 4140 2782 4191 sunt
2811 4135 3002 4208 spatio
3036 4136 3154 4193 fere
3203 4137 3609 4194 novemdecim

1962 4224 2257 4279 mensium
2287 4224 2396 4279 viri
2429 4224 2777 4281 auctoritate
2799 4225 3201 4297 dignitateque
3216 4241 3451 4283 summa
3475 4242 3611 4283 con-

1963 4312 2174 4384 spicui,
2198 4328 2449 4385 quorum
2473 4312 2669 4369 obitus
2691 4313 3035 4385 praedixerat
3058 4314 3154 4386 qui
3174 4314 3245 4370 de
3265 4313 3339 4370 iis
3360 4331 3611 4387 pramo-

1962 4401 2123 4458 nitus
2154 4418 2257 4474 per
2284 4402 2579 4457 somnium
2604 4402 2811 4459 fuerat.
2843 4406 2979 4458 Erat
3000 4402 3049 4459 is
3077 4402 3335 4460 Joannes
3368 4404 3607 4472 Veccus,

1961 4490 2060 4561 qui
2094 4496 2318 4563 postea,
2340 4494 2657 4564 postquam
2678 4490 3100 4565 chartophylax
3122 4492 3333 4560 fuerat,
3358 4492 3614 4565 patriar-

220 4575 440 4645 ratione,
474 4583 542 4635 ut
578 4579 813 4651 deinde,
847 4597 981 4636 cum
1014 4597 1076 4639 se
1097 4582 1207 4653 ipsi
1248 4584 1412 4638 daret
1441 4583 1851 4655 opportunitas
1882 4567 1927 4633 D
1966 4578 2077 4635 cha
2101 4579 2289 4636 factus
2322 4579 2507 4636 multa
2538 4578 2595 4635 in
2630 4596 2698 4635 ea
2724 4579 3009 4652 dignitate
3039 4579 3242 4653 gravia
3264 4586 3610 4654 passusest,

218 4664 559 4736 deponenda:
596 4668 790 4738 larva,
816 4672 1046 4727 causari
1078 4672 1391 4728 Sardensis
1420 4678 1620 4745 posset
1638 4673 1693 4729 vi
1715 4673 1855 4729 ada-

218 4759 357 4811 ctum
376 4775 503 4815 sese
527 4760 777 4815 minime
798 4760 1088 4818 volentem
1111 4762 1551 4835 abimperatore
1574 4766 1857 4834 praesente

219 4845 280 4899 ad
308 4854 527 4904 vestem
563 4850 954 4907 monasticam
987 4852 1370 4923 induendam,
1396 4852 1667 4923 quaesivit
1696 4870 1763 4908 ex
1789 4869 1855 4909 eo

223 4935 347 5000 quid
394 4953 616 5007 passus
665 4937 881 5008 quidve
924 4956 1179 5013 sequens
1221 4945 1514 4996 mutatum
1560 4941 1669 4997 iret
1718 4958 1853 4997 cum

221 5016 407 5078 habitu
440 5024 575 5080 vita:
608 5026 858 5083 formam
882 5044 950 5084 ex
971 5034 1210 5085 actuosa
1232 5030 1289 5083 in
1313 5028 1691 5100 tranquillam
1716 5032 1859 5087 otio-

218 5123 447 5183 samque
478 5130 545 5169 se
593 5117 980 5173 translerens.
1032 5117 1341 5185 Caeterum,
1391 5118 1640 5189 addidit,
1684 5136 1858 5177 nemo

218 5199 473 5266 prohibet
498 5204 641 5275 quin
669 5204 852 5261 facias
885 5206 1087 5277 utique
1109 5208 1263 5279 quod
1286 5205 1452 5262 velis.
1478 5206 1579 5262 Hie
1602 5207 1859 5263 Sarden-

219 5286 291 5341 sis
314 5290 382 5344 ad
414 5291 525 5346 hoc
559 5309 620 5348 se
654 5293 874 5348 moveri
914 5294 1066 5350 dixit
1097 5311 1277 5350 causa
1308 5293 1554 5350 tollendi
1598 5296 1861 5351 scandali

218 5377 735 5453 satisiaciendique
770 5383 1079 5439 offensioni
1131 5383 1454 5440 multorum
1489 5383 1635 5441 {also
1680 5386 1752 5440 de
1799 5401 1862 5441 se

223 5476 955 5543 persuasornm,tanquam
982 5489 1161 5545 penes
1184 5473 1378 5544 ipsum
1404 5473 1707 5529 turbarum
1733 5491 1861 5545 qua

221 5556 352 5608 tunc
408 5562 580 5614 erant
641 5560 817 5633 culpa
868 5562 1170 5630 resideret,
1221 5567 1345 5617 tum
1393 5562 1537 5618 alias
1584 5568 1865 5635 praeterea

219 5644 477 5699 nectebat
506 5661 734 5704 causas.
764 5649 901 5705 Eam
928 5649 1165 5705 verbose
1185 5654 1514 5706 contextam
1539 5652 1862 5707 orationem

1965 4672 2031 4724 ut
2059 4668 2177 4723 haec
2209 4672 2409 4725 nostra
2440 4668 2689 4725 historia
2713 4684 2822 4725 suo
2871 4669 2997 4725 loco
3046 4670 3271 4727 reddet.
3304 4671 3612 4728 Somnium

1965 4774 2136 4829 porro
2166 4758 2323 4814 istud
2355 4774 2532 4815 suum
2564 4757 2661 4814 ille
2712 4758 2989 4815 narrabat
3032 4758 3092 4815 in
3144 4759 3298 4817 hunc
3346 4760 3613 4831 modum,

1964 4847 2128 4903 aiens
2158 4846 2350 4903 visum
2376 4847 2487 4902 sibi
2514 4846 2705 4903 videre
2729 4847 3025 4921 principes
3052 4848 3435 4905 ecclesiastici
3456 4851 3615 4907 ordi-

1966 4935 2061 4991 nis
2090 4936 2150 4990 in
2181 4935 2351 5008 equis
2383 4935 2722 4993 incedentes
2751 4953 2853 5008 per
2884 4954 3114 5011 aequam
3156 4937 3460 5010 planitiem
3512 4940 3615 4997 lati

1966 5025 2176 5095 campi,
2206 5022 2380 5096 longo
2412 5023 2601 5096 spatio
2632 5025 2894 5082 confecto
2926 5025 3255 5099 pervenisse
3271 5028 3507 5085 tandem
3540 5029 3615 5085 ad

1967 5117 2158 5188 ripam
2191 5113 2431 5169 maximi
2462 5119 2520 5170 et
2539 5120 2779 5186 aspectu
2810 5116 3093 5172 terribilis
3126 5117 3317 5173 amnis
3373 5122 3615 5190 praeter-

1968 5204 2227 5273 fluentis,
2288 5219 2464 5275 quem
2513 5203 2714 5259 statim
2758 5205 3021 5275 trajicere
3079 5206 3364 5279 cmperint
3413 5207 3615 5262 eodem

1968 5293 2171 5352 ordine
2203 5310 2319 5366 quo
2352 5298 2491 5350 sunt
2514 5298 2714 5365 postea
2736 5295 3239 5367 mortui,primum
3263 5293 3615 5361 illum,hunc

1970 5384 2320 5453 secundum,
2353 5388 2410 5439 et
2439 5383 2523 5439 sic
2557 5383 2847 5456 reliquos:
2883 5402 2997 5441 non
3030 5385 3185 5441 enim
3218 5385 3334 5439 duo
3364 5389 3467 5439 aut
3496 5387 3617 5437 tres

1970 5472 2173 5541 simul,
2203 5473 2306 5527 sed
2341 5471 2558 5545 singuli
2592 5472 2840 5528 seorsim
2869 5471 3258 5542 trajiciehant.
3308 5471 3380 5527 Ut
3422 5474 3620 5525 autem

1970 5563 2096 5635 ipse
2128 5561 2228 5633 qui
2260 5559 2490 5617 videbat
2540 5561 2770 5616 astabat
2818 5566 3085 5631 stupens,
3127 5559 3417 5615 sollicitus
3468 5574 3620 5628 quo-

1975 5651 2148 5707 modo
2177 5654 2232 5705 et
2277 5648 2403 5720 ipse
2450 5648 2763 5720 trajiceret,
2811 5648 3049 5704 audisse
3098 5663 3295 5704 vocem
3347 5646 3620 5704 alicunde
