4034 6200
225 224 334 279 559

1531 219 1829 280 GEORGII
1870 221 2331 278 PACHYMERE

3537 227 3649 283 560

223 350 595 424 περαιωθήσῃ.
653 349 760 404 Νῦν
822 343 866 400 δ’
922 345 1172 401 ἀπελθὼν
1208 347 1384 415 σώζου
1441 347 1491 401 ἐν
1534 346 1952 422 πραγμάτωνΑ
1982 344 2127 408 ἐντὸς
2181 347 2328 417 εἶ’ων,
2361 346 2486 403 ἀλλ’
2529 349 2784 419 ἀπήντων
2844 353 3062 425 συχνῶς
3090 350 3443 423 τοξαζόμενοι
3505 357 3648 408 κατὰ

227 441 410 515 ἡμέρῃ
487 437 919 512 διατηρούμενος
953 481 964 493 .
1028 461 1056 489 ››
1112 437 1298 499 Οὕτως
1361 436 1542 514 ἔλεγεν
1601 438 1628 493 ὀ
1681 436 1874 512 τοῦναρ

230 529 358 584 ἰδὼν
421 527 555 600 μετὰ
611 528 878 602 χρόνους,
924 527 1014 581 καὶ
1074 530 1238 601 ἡμεῖς
1295 527 1588 591 ἀκούοντος
1638 526 1875 599 ἐθαυμσὶο

232 623 414 689 ζομεν.
478 618 716 679 Ἐκεῖνος
770 612 826 669 δὲ
873 616 962 670 καὶ
1015 613 1205 678 ἄλΛως
1235 615 1550 690 φιλαλήθης
1583 612 1655 670 ὤν
1685 616 1763 678 εἷς
1792 615 1878 669 πί-

228 727 340 760 στιν
381 709 488 760 τῶν
549 703 860 780 Αεγομένων
918 704 1223 779 προσετίθει
1280 708 1368 760 καί
1427 704 1610 780 ὅρκον,
1666 703 1876 777 θαυμά-

227 799 333 863 ζων
390 795 503 868 ἅμα
557 795 649 849 καὶ
724 795 785 849 τὸ
844 801 941 863 τῆς
1012 795 1279 870 Προνοίας
1337 792 1621 869 δραστικόν
1669 815 1726 849 τε
1781 796 1871 848 καὶ

227 882 462 961 ἄφυκτον
473 926 486 940 .

221 995 289 1051 κ’.
320 994 451 1068 Περὶ
489 998 591 1062 τῆς
618 993 755 1047 κατὰ
783 995 880 1046 τοῦ
909 989 1124 1068 Γαλατία
1164 992 1424 1068 φρουρίου
1456 995 1551 1045 τοῦ
1603 987 1870 1065 βασιλέως

871 1058 1215 1136 προσϐολῆςξ

292 1156 376 1227 [Ρ.
428 1154 522 1227 79]
571 1159 656 1216 Ὠς
736 1157 865 1228 γοῦν
945 1155 972 1208 ὁ
1027 1157 1239 1226 κρατῶν
1296 1152 1389 1214 τὰς
1452 1149 1707 1224 δυνάμεις
1757 1173 1874 1206 συν·

217 1245 432 1319 αγαγὼν
506 1241 723 1304 πολλὰς
785 1240 949 1304 οὔσας
1015 1244 1102 1297 καὶ
1169 1240 1462 1319 διαφόρους
1521 1246 1602 1314 τῷ
1658 1239 1873 1309 Γαλατᾷ

219 1327 598 1406 προσέϐαλεν,
653 1330 814 1393 αὐτὸς
872 1332 967 1403 μὲν
1028 1330 1110 1406 ἐφ’
1166 1331 1347 1385 ἱκανὸν
1414 1329 1681 1404 μακρόθεν
1735 1350 1868 1397 σκη-

220 1421 657 1494 νοποιησάμενος
724 1419 804 1496 ἐφ’
864 1419 1080 1493 ὑψηλοῦ
1138 1426 1375 1488 καθῆστο
1452 1422 1738 1494 προσορῶν
1805 1419 1871 1472 τὰ

224 1509 499 1587 δρώμενα,
553 1511 665 1583 ἅμα
723 1507 782 1564 δὲ
828 1510 917 1563 καὶ
975 1511 1310 1583 πειρώμενος
1358 1507 1683 1569 εὐσύνοπτος
1737 1507 1870 1562 εἶναι

221 1607 340 1663 τοῖς
398 1600 659 1662 ἐναντίοις
716 1599 854 1673 πρὸς
909 1595 1198 1669 ἔκπληξιν,
1252 1596 1533 1674 συνὲῥρεον
1570 1594 1627 1651 δὲ
1673 1618 1871 1651 παντα-

1987 436 2180 507 στόμα.
2212 435 2256 491 ε’ί
2287 458 2395 490 που
2427 442 2658 514 φανεῖεν.
2717 437 2919 493 Ἰταλοὶ
2979 436 3036 493 δὶ
3083 439 3142 494 ἐκ
3201 437 3469 515 διαδοχῆς
3520 445 3648 505 καθ’

1986 525 2195 598 ἡμέραν
2246 527 2356 581 νὲοι
2406 531 2528 588 ταῖς
2582 526 2768 582 ἁλιάσι
2823 524 3329 602 διαπεραιούμενοι,
3395 527 3486 585 διὰ
3543 534 3649 600 τῆς

1987 613 2122 686 πρὸς
2184 613 2424 687 θαλάσσῃ
2479 613 2663 685 πύλης
2725 612 3160 690 διεκπαιόμενοι,
3211 617 3434 682 ἑαυτοὺς
3485 619 3655 674 εἰσώ-

1987 713 2135 767 θουν,
2189 700 2279 755 καί
2338 701 2523 774 ξύλοις
2583 700 2841 777 μεγάλοις
2897 704 2960 758 τὸ
3020 704 3167 766 ἐντὸς
3231 706 3306 768 εἰς
3337 707 3642 783 περίπατον

1983 791 2378 863 κρατυνάμενοι
2435 796 2709 867 καρτερῶς
2740 792 3092 866 ἀπημύνοντο
3135 799 3232 848 τοῦ
3280 793 3524 871 τείχους,
3591 797 3644 868 ἐξ

1985 879 2058 932 ὧν
2093 875 2364 934 συνέϐαινε
2421 879 2652 954 συχνοὺς
2700 883 3051 938 καταπίπτειν
3111 889 3216 939 τῶν
3269 882 3374 956 ἔξω
3411 885 3462 959 ἐξ
3497 887 3644 964 ἀφα-

2197 967 2595 1044 βαλλομένους’
2679 971 2807 1025 ποσὶ
2890 972 2991 1047 γὰρ
3042 973 3336 1052 ἀσφαλέσιν
3406 974 3645 1037 ἑστῶτες

1983 1057 2224 1131 ἀκμῆτες
2281 1056 2470 1133 ἄνδρες
2521 1059 2580 1114 ἐκ
2637 1057 2906 1136 διαδοχῆς
2955 1060 3074 1137 ἄρτι
3134 1064 3381 1141 φανέντες
3444 1065 3647 1120 ἐνέτει-

1982 1148 2072 1200 νόν
2103 1169 2162 1202 τε
2193 1145 2395 1223 ῥᾳδίως
2443 1149 2509 1202 τὰ
2575 1149 2723 1226 σφίσι
2758 1152 2964 1220 συνήθη
2997 1173 3056 1227 γε
3100 1148 3297 1208 ίοϐόλα
3329 1154 3518 1225 σκεύη,
3551 1155 3648 1209 καὶ

1983 1237 2310 1309 σκεπόμενοι
2368 1243 2486 1299 ταῖς
2541 1235 2793 1309 ἐπάλξεσι
2855 1237 2922 1293 δι’
2984 1240 3132 1297 ὀπῶν
3191 1239 3584 1313 κατηκόντιζον
3629 1289 3644 1303 .

1983 1325 2048 1382 Οἱ
2107 1323 2205 1395 ἔξω
2265 1323 2322 1380 δὲ
2350 1331 2468 1388 ταῖς
2504 1327 2898 1402 τειχομαχίαις
2951 1337 3214 1406 περιῆσαν
3272 1329 3648 1407 πετροϐόλοις

1988 1412 2284 1488 βάλλοντες
2317 1418 2706 1490 μηχανήμασι,
2765 1419 2900 1492 πρὸς
2949 1417 2981 1472 ἃ
3036 1418 3384 1493 κληματίδας
3435 1423 3647 1499 ξυμφο-

1984 1507 2242 1577 ρήσαντες
2287 1504 2338 1577 ἐξ
2390 1504 2650 1578 ἀμπέλων
2711 1508 2803 1560 καὶ
2861 1509 2926 1562 τὰ
2975 1514 3248 1565 πονοῦντα
3301 1515 3409 1566 τῶν
3455 1517 3644 1588 μερῶν

1981 1593 2313 1658 πυκάσαντες
2359 1600 2478 1656 ταῖς
2541 1594 2733 1670 βολαῖς
2792 1598 3066 1674 ἀντεῖχον.
3120 1600 3293 1656 Αὐτοὶ
3347 1599 3404 1655 δὶ
3461 1622 3644 1678 προσ-

1983 973 2109 1030 νοῦς

227 1691 389 1764 χόθεν
450 1688 606 1760 δίκην
663 1687 875 1766 ῥυάκων
935 1689 986 1742 οἱ
1037 1692 1299 1760 ποΛεμεῖν
1333 1685 1649 1760 μέλλοντες,
1681 1686 1770 1740 καὶ
1803 1677 2394 1786 δὴΒκαταϐαίνοντες
2453 1690 2572 1747 ταῖς
2632 1691 2815 1749 στοαῖς
2891 1687 2953 1742 τὸ
3021 1687 3258 1766 ἀσφαλὲς
3325 1691 3420 1762 μὶν
3496 1677 3644 1747 κατά

221 1780 344 1834 ὅσον
391 1779 635 1854 ἐξωτέρω
687 1776 883 1854 βέλους
925 1778 1077 1845 εἶναι,
1130 1776 1219 1832 καὶ
1278 1774 1429 1831 αὐτοὶ
1469 1778 1869 1845 σκηνοποιησόι⁹

223 1889 372 1942 μενοι
445 1865 666 1941 ἕτοιμοι
722 1863 1056 1943 προσϐαλεῖν
1114 1867 1277 1935 ἦσαν.
1334 1865 1550 1928 Εὐθέως
1604 1862 1661 1919 δὲ
1706 1883 1870 1938 προσ-

218 1955 392 2020 ϐολὰς
450 1957 736 2013 ἐποιοῦντο
800 1957 1159 2031 μερισθέντες,
1217 1953 1327 2010 ἔστι
1387 1951 1434 2009 δ’
1473 1954 1535 2008 οὗ
1565 1954 1653 2010 καὶ
1683 1972 1868 2027 τειχο-

222 2047 433 2122 μαχικὰ
491 2049 780 2118 στήσαντες
837 2045 1131 2121 ἐπειρῶντο
1189 2049 1284 2098 τοῦ
1339 2043 1594 2118 τείχους.
1653 2043 1870 2107 Πλῆθος

219 2136 265 2192 δ’
325 2138 392 2205 ἦν
447 2142 631 2210 μεῖζον
691 2138 725 2206 ἢ
776 2136 913 2191 κατά
969 2135 1217 2208 πόλεμον
1272 2133 1526 2188 τοιούτου
1583 2132 1866 2210 φρουρίου·

223 2228 358 2303 πρὸς
411 2226 514 2302 γὰρ
574 2231 690 2287 τοῖς
747 2223 944 2288 ἄλλοις
988 2223 1227 2287 πολλοῖς
1256 2244 1318 2298 γε
1349 2224 1468 2278 οὖσι
1497 2223 1586 2276 καὶ
1621 2222 1869 2296 ἰσχυροῖς

223 2317 492 2391 μάχεσθαι
549 2315 638 2370 καὶ
701 2310 890 2389 ἄνδρες
948 2315 1164 2384 τοξόται
1225 2313 1283 2368 ἐκ
1337 2317 1444 2367 τῶν
1475 2311 1611 2367 κατὰ
1645 2311 1872 2368 Νίκαιαν

157 2449 160 2454 .
226 2409 407 2480 μερῶν
437 2403 609 2459 ἐκεῖσε
638 2406 1071 2477 προστάττοντος
1115 2406 1212 2458 τοῦ
1265 2400 1532 2476 βασιλέως
1583 2403 1869 2474 συνήχθη-

225 2516 339 2565 σαν,
369 2494 459 2548 καὶ
504 2489 744 2548 εὕσκοπα
797 2491 1095 2569 βάλλοντες
1143 2489 1269 2546 οὐδὲ
1323 2490 1688 2564 παρακύπτειν
1750 2489 1874 2552 τοὺς

224 2717 493 2772 missam:
531 2739 551 2765 ι
571 2715 719 2782 Quid
748 2713 1036 2770 sollicitus
1063 2713 1155 2770 es?
1180 2713 1304 2768 Non
1329 2717 1389 2768 tu
1412 2713 1582 2768 modo
1604 2710 1863 2781 trajicies

225 2807 378 2862 hunc
409 2805 678 2861 fluvium:
712 2803 824 2860 erit
852 2809 1089 2876 tempus
1127 2819 1242 2875 quo
1285 2806 1341 2859 te
1384 2816 1618 2874 quoque
1668 2801 1862 2871 ipsum

218 2896 602 2951 transfretare
648 2892 955 2965 oportebit.
1009 2892 1176 2948 Nunc
1224 2885 1421 2948 salvus
1455 2890 1548 2945 abi
1599 2890 1657 2944 in
1708 2889 1862 2944 diem

218 2985 589 3056 negotiorum
618 2986 1008 3041 reservatus.»
1041 2982 1136 3038 Sic
1155 2981 1443 3038 referebat
1472 2979 1643 3053 longe
1665 2983 1868 3051 postea

1976 1771 2219 1850 κεφαλῆς
2259 1772 2317 1827 ἐκ
2367 1777 2475 1828 τῶν
2526 1773 2882 1847 κληματίδων
2941 1777 3084 1852 εἶχεν
3145 1778 3344 1844 ἐκεῖθεν
3392 1777 3451 1835 δὲ
3501 1782 3647 1836 κατᾶ

1981 1859 2227 1917 διοπτίαν
2256 1867 2374 1924 ταῖς
2431 1863 2590 1926 ὀπαῖς
2647 1864 2926 1940 χρώμενοι
2986 1867 3060 1928 ὡς
3118 1867 3270 1942 εἶχον
3326 1870 3641 1944 ἠμύνοντο.

1980 1951 2082 2009 Καὶ
2161 1951 2287 2013 τοὺς
2361 1952 2454 2024 μὲν
2527 1952 2740 2018 πλῆθος
2804 1955 2894 2010 καὶ
2952 1954 3114 2031 ἲσχὺς
3176 1959 3292 2031 μετ’
3345 1958 3641 2033 ἐμπειρίας

1978 2040 2324 2114 παρεκρότει,
2354 2041 2466 2113 ἅμα
2526 2039 2583 2096 δὲ
2629 2043 2812 2098 καὶτὸ
2868 2042 3171 2122 ἐφορῶντος
3206 2051 3304 2101 τοῦ
3358 2047 3639 2124 βασιλέως

1984 2131 2276 2204 μάχεσθαι,
2329 2127 2573 2192 Ἰταλοὺς
2625 2128 2683 2186 δὲ
2728 2133 2789 2186 τὸ
2839 2130 3127 2190 σπονδαῖον
3183 2135 3273 2191 καὶ
3332 2137 3643 2210 εὐσύνετον,

1981 2215 2055 2273 ἔτι
2106 2216 2163 2273 δὶ
2212 2218 2300 2273 καὶ
2333 2218 2395 2273 τὸ
2425 2219 2484 2273 ἐκ
2515 2216 2789 2295 διαδοχῆς
2823 2221 2897 2283 εἰς
2930 2225 3143 2297 ἡμέραν
3172 2224 3643 2301 προκινδυνεύειν,

1982 2306 2192 2362 οἷᾏιοθεν
2223 2306 2613 2381 ὡρμημένους.
2675 2307 2973 2384 Ἐκδρομαὶ
3027 2313 3120 2385 μὶν
3170 2314 3260 2368 οὖν
3309 2314 3411 2371 οὐκ
3456 2315 3640 2391 ἀσφα-

1983 2398 2097 2460 λεῖς
2153 2399 2330 2477 σφίσιν
2363 2399 2496 2467 ἦσαν
2548 2403 2627 2473 [Ρ.
2660 2402 2750 2474 80]
2803 2403 2902 2474 (τῷ
2947 2403 3047 2478 γὰρ
3101 2402 3305 2476 πλήθει
3366 2408 3456 2463 καὶ
3516 2408 3648 2464 λίαν

1983 2491 2227 2558 ἡττῶντο
2270 2492 2376 2542 τῶν
2425 2485 2573 2562 ἕξω),
2619 2489 2804 2564 τόλμῃ
2862 2488 2919 2546 δὲ
2973 2494 3281 2568 τρεφομένη
3343 2494 3448 2553 δέει
3505 2519 3645 2576 συγ-

1972 2726 2002 2764 e
2033 2708 2211 2780 lignis
2243 2709 2356 2765 alte
2378 2725 2479 2782 per
2501 2725 2709 2783 gyrum
2734 2719 2925 2770 erecto
2952 2715 3348 2789 ﬁrmaverant,
3376 2719 3648 2794 indeque

1972 2796 2337 2854 validissime
2369 2800 2821 2872 propugnabant
2851 2819 3111 2861 murum.
3145 2805 3309 2863 Unde
3330 2810 3650 2883 continge-

1975 2887 2077 2941 bat
2107 2885 2326 2942 multos
2358 2888 2614 2944 exterius
2644 2893 3118 2963 oppugnantium
3151 2896 3365 2952 cadere
3399 2897 3540 2955 telis
3573 2915 3653 2956 ex

1977 2975 2204 3032 occulto
2231 2977 2430 3046 jactis.
2482 2978 2632 3034 Nam
2681 2979 2930 3050 pedibus
2978 2981 3036 3037 in
3087 2987 3213 3040 tuto
3261 2986 3474 3057 positis
3526 2989 3648 3046 viri

218 3075 345 3146 ipse
375 3075 477 3146 qui
519 3074 818 3132 somnium
843 3073 1089 3141 viderat,
1114 3071 1491 3128 audientibus
1514 3074 1572 3125 et
1595 3067 1868 3125 miranti-
1898 3085 1944 3150 ι)
1978 3065 2204 3120 robusti
2237 3066 2411 3123 fessis
2442 3071 2703 3124 recentes
2735 3069 2969 3126 assidue
2998 3072 3227 3129 suffecti
3259 3075 3450 3134 vivido
3480 3095 3648 3136 sem-

219 3163 332 3218 bus
363 3163 554 3219 nobis.
580 3162 681 3218 Ille
711 3165 908 3218 autem
937 3161 1026 3216 vir
1048 3159 1266 3230 alioqui
1287 3158 1543 3215 veritatis
1561 3157 1864 3224 amans,ad

225 3252 400 3307 fidem
415 3251 774 3323 adjungebat
787 3251 1215 3321 juramentum,
1242 3248 1541 3303 admirans
1565 3247 1873 3301 Providen-

227 3341 319 3396 tiae
349 3339 745 3396 inevitabilem
778 3338 1120 3394 efﬁcaciam.

227 3486 317 3541 20.
349 3485 422 3542 De
448 3485 855 3558 Oppugnatione
882 3483 1026 3537 arcis
1055 3481 1258 3538 Galatae
1301 3497 1404 3553 per
1455 3483 1865 3552 imperatorem.

299 3609 453 3665 122
483 3608 595 3664 Sed
613 3612 676 3665 ut
707 3608 778 3663 ad
801 3607 1213 3679 imperatorem
1247 3607 1576 3678 redeamus,
1605 3623 1739 3662 cum
1772 3606 1868 3662 ille

226 3698 409 3771 capiis
440 3695 646 3753 multis
676 3696 973 3768 variisque
1002 3696 1266 3754 collectis
1297 3696 1354 3752 in
1389 3712 1569 3752 unum
1601 3695 1865 3752 Galatam

221 3803 534 3861 aggressus
557 3791 666 3857 est,
699 3787 825 3859 ipse
855 3786 1093 3859 quidem
1141 3787 1352 3844 idoneo
1393 3803 1426 3841 a
1471 3785 1658 3842 muris
1715 3786 1864 3842 arcis

219 3876 525 3934 intervallo
555 3877 670 3934 ﬁxo
717 3875 1028 3949 Augustali
1074 3877 1316 3933 sedebat
1363 3875 1422 3931 in
1467 3874 1590 3932 loco
1636 3874 1863 3931 excelso

214 3967 587 4040 conspicuus,
623 3967 860 4023 intuens
890 3983 1016 4039 quas
1048 3965 1429 4038 gerebantur,
1463 3964 1641 4021 simul
1683 3964 1862 4021 etiam

217 4055 536 4112 ostendens
558 4071 686 4112 sese
716 4055 1017 4122 hostibus,
1057 4059 1115 4111 et
1143 4057 1492 4126 experturus
1523 4053 1732 4126 ecquid
1763 4071 1863 4111 eos

212 4161 320 4200 sua
340 4145 565 4217 species
586 4149 642 4201 et
664 4144 976 4217 praesentia
993 4148 1256 4201 terreret.
1276 4143 1664 4200 Confluebant
1686 4144 1864 4199 undi-

212 4248 326 4303 que
357 4232 782 4290 concitatorum
814 4233 928 4289 ritu
951 4232 1302 4290 torrentium
1332 4232 1722 4306 oppugnaturi
1769 4249 1861 4289 ar-

213 4337 338 4377 cem
370 4320 589 4378 milites
637 4322 934 4394 ducesque
967 4343 980 4392 ;
1012 4327 1071 4379 et
1110 4322 1240 4378 ﬁxis
1285 4325 1447 4379 extra
1489 4321 1587 4378 teli
1630 4322 1856 4393 jactum

206 4409 603 4469 tabernaculis
625 4411 914 4486 procincti
954 4413 1025 4467 ad
1059 4411 1447 4484 irruptionem
1481 4411 1717 4484 signum
1753 4428 1850 4467 ex-

1979 3154 2300 3225 per,qualis
2327 3159 2419 3211 est
2444 3155 2872 3226 inchoantium,
2907 3159 3040 3217 nisu
3071 3161 3454 3227 intendebant
3483 3183 3646 3238 quas

1978 3243 2147 3314 longo
2179 3261 2288 3300 usu
2322 3248 2569 3301 tractare
2597 3245 2927 3304 didicerant
2957 3250 3307 3322 catapultas,
3340 3258 3397 3309 et
3444 3257 3630 3312 noxia

1978 3333 2237 3404 pondera
2257 3333 2398 3389 varii
2421 3334 2652 3406 generis
2677 3336 3162 3410 magnahostium
3185 3341 3444 3413 pernicie
3460 3345 3640 3418 jacu-

1975 3420 2251 3476 labantur
2271 3421 2382 3494 ipsi
2407 3423 2516 3477 tuti
2540 3423 2720 3479 lorica
2736 3440 2830 3480 mu
2843 3443 3038 3482 rorum
3051 3472 3065 3497 ,
3083 3445 3185 3500 per
3206 3447 3457 3501 quorum
3477 3435 3643 3492 fene-

1977 3511 2162 3568 stellis
2193 3511 2484 3568 hiantium
2518 3513 2921 3574 inobservatas
2953 3517 3134 3575 rimas
3170 3520 3290 3578 tela
3328 3523 3487 3580 I28
3517 3526 3643 3582 exi-

1977 3599 2455 3670 tialajactabant.
2505 3601 3000 3676 Oppugnantibus
3053 3611 3216 3666 extra
3264 3613 3637 3671 succedebat

1977 3689 2275 3762 negotium
2309 3690 2758 3762 quatiendorum
2783 3695 3062 3752 mmnium
3089 3713 3216 3769 qua:
3234 3700 3392 3756 saxis
3418 3701 3642 3774 ingen-

1973 3779 2130 3835 tibus
2154 3778 2362 3835 balisla
2383 3779 2615 3836 intortis
2635 3780 2793 3838 haud
2818 3783 3052 3841 innoxie
3076 3785 3424 3860 pulsabant;
3449 3796 3637 3864 atque

1972 3869 2043 3925 ad
2080 3869 2290 3926 horum
2320 3868 2511 3926 labem
2535 3869 2725 3928 scalas
2749 3873 3140 3932 admovebant
3162 3879 3420 3935 materias
3440 3882 3635 3954 vitem,

1972 3959 2257 4031 protentis
2289 3959 2469 4015 scutis
2507 3964 2704 4033 partes
2735 3961 2951 4020 ictibus
3000 3965 3282 4024 obnoxias
3330 3972 3626 4042 tegentes.

1972 4048 2078 4114 Qui
2112 4065 2247 4105 cum
2279 4049 2364 4106 sic
2396 4051 2466 4106 ad
2499 4067 2766 4109 summas
2799 4055 3084 4111 mcsnium
3116 4059 3379 4129 porticus
3431 4062 3627 4119 enite-

1971 4143 2195 4208 rentur,
2229 4139 2415 4210 capita
2446 4140 2685 4212 quidem
2713 4144 3157 4203 ascendentium
3190 4147 3251 4204 in
3281 4151 3409 4206 tuto
3426 4157 3620 4220 erant,

1969 4231 2250 4300 protecta,
2284 4233 2348 4285 ut
2376 4229 2516 4298 dixi,
2536 4229 2754 4302 clypeis
2784 4249 3024 4291 sursum
3057 4235 3322 4294 obversis
3349 4256 3363 4296 :
3417 4244 3620 4297 tamen

1968 4319 2068 4390 qui
2101 4319 2260 4376 intus
2292 4323 2461 4376 erant
2484 4335 2587 4392 per
2608 4321 2964 4396 fenestellae,
3003 4326 3220 4398 quibus
3243 4329 3471 4386 crebris
3493 4330 3622 4389 hia-

1963 4408 2066 4464 bat
2087 4423 2314 4478 murus,
2340 4408 2718 4467 collimantes
2739 4411 2856 4468 tela
2877 4429 3013 4472 vare
3033 4417 3627 4491 nocebant,defensa-

203 4500 568 4571 spectabant.
591 4483 720 4557 Mox
749 4501 807 4555 in
826 4517 1039 4558 manus
1062 4483 1232 4557 divisi
1256 4483 1638 4556 multifariam
1665 4516 1849 4572 oppu-
1882 4483 1925 4552 C
1964 4497 2222 4569 bantque
2261 4513 2455 4555 arcem
2492 4515 2592 4571 pro
2623 4500 2796 4557 virili.
2830 4503 3073 4562 Nostros
3103 4523 3213 4564 sua
3260 4483 3615 4582 multitudo,

201 4588 540 4660 gnationem
566 4589 863 4645 inchoant.
889 4589 1022 4646 Fuit
1045 4589 1143 4644 ubi
1163 4589 1369 4645 erectis
1392 4588 1684 4645 machinis
1708 4605 1854 4661 qua-

202 4681 398 4734 terent
427 4695 666 4735 murum
700 4695 938 4751 perrum
970 4693 1223 4751 peraque
1254 4681 1628 4736 conarentur.
1653 4678 1849 4734 Multi-

199 4767 340 4823 tudo
356 4772 479 4824 erat
502 4769 691 4840 major
703 4784 880 4840 quam
894 4785 998 4841 pro
1017 4768 1194 4824 unius
1209 4767 1645 4841 oppugnatione
1662 4769 1811 4824 arcis
1835 4785 1847 4823 :

201 4871 338 4910 nam
358 4860 567 4929 praeter
584 4855 730 4912 alios
749 4872 890 4912 sane
904 4855 1122 4913 multos
1145 4873 1210 4912 ac
1226 4855 1486 4913 valentes
1508 4855 1798 4928 sagittarii
1820 4873 1850 4912 e

197 4945 470 5016 partibus
500 4947 655 5003 circa
684 4945 940 5003 Nicwam
973 4945 1194 5003 evocati
1225 4947 1298 5003 ab
1329 4946 1682 5019 imperatore
1713 4948 1848 5003 ade-

194 5038 347 5104 rant,
364 5036 466 5108 qui
497 5035 720 5092 assueti
751 5035 1051 5092 collimare
1083 5036 1154 5092 ad
1186 5052 1430 5108 scopum
1465 5036 1759 5092 neminem
1780 5053 1846 5092 ex

189 5140 322 5182 arce
351 5131 523 5196 caput
554 5141 585 5182 e
617 5141 782 5182 muro
805 5125 1050 5198 impune
1075 5125 1348 5182 sinebant
1369 5129 1688 5193 ostentare,
1712 5125 1845 5179 ubi-

198 5230 433 5287 cunque
461 5213 652 5288 quivis
680 5215 1073 5288 apparuisset,
1106 5215 1304 5271 statim
1336 5231 1469 5271 eum
1521 5213 1581 5268 in
1635 5213 1840 5268 faciem

186 5307 370 5363 misso
388 5305 588 5378 jaculo
612 5310 893 5379 petentes.
927 5310 1002 5362 At
1027 5305 1157 5361 Itali
1189 5304 1352 5361 novis
1385 5321 1453 5360 ex
1485 5303 1630 5358 urbe
1650 5303 1842 5374 quoti-

187 5394 280 5450 die
311 5412 414 5468 per
461 5396 811 5469 piscatoriae
861 5395 1161 5452 naviculas
1200 5394 1542 5465 juvenibus,
1591 5393 1694 5464 qui
1739 5409 1842 5464 per

186 5484 342 5542 vices
369 5484 467 5542 alii
500 5484 630 5542 aliis
651 5487 1035 5542 succederent
1065 5489 1120 5540 et
1151 5483 1398 5541 conferti
1445 5485 1615 5554 porta
1663 5482 1837 5537 mari-

186 5571 332 5628 tima
354 5573 771 5645 irrumperent,
796 5572 1114 5630 submissis
1137 5572 1485 5645 pomarium
1507 5572 1665 5628 intus
1685 5571 1834 5630 vallo

1961 4590 2090 4643 tum
2117 4587 2304 4644 virtus
2335 4588 2571 4645 conscia
2597 4591 2917 4664 peritiaque
2949 4594 3087 4652 belli
3137 4595 3470 4667 animabat,
3514 4602 3622 4657 sed

1961 4680 2094 4732 ante
2123 4676 2321 4733 omnia
2365 4677 2739 4750 imperatoris
2784 4685 3090 4754 praesentis
3143 4692 3423 4759 aspectus
3474 4689 3619 4759 quid

1959 4765 2212 4838 quisque
2243 4767 2506 4838 praclari
2538 4768 2754 4826 faceret
2803 4787 3002 4830 coram
3059 4774 3228 4832 oculo
3287 4777 3616 4850 signantis.

1959 4855 2136 4912 Italos
2167 4872 2311 4912 suus
2343 4859 2518 4914 ardor
2547 4859 2752 4931 utique
2775 4877 2878 4932 pro
2909 4863 3029 4920 aris
3052 4864 3313 4938 focisque
3337 4883 3620 4940 pugnan-

1956 4944 2124 5014 tium,
2159 4946 2585 5018 praasentiaque
2615 4949 2848 5008 solertis
2879 4952 3086 5026 animi,
3118 4955 3448 5028 praesertim
3479 4973 3620 5016 vero

1957 5038 2228 5106 receptus
2280 5035 2570 5092 fessorum
2618 5038 2828 5110 facilis,
2871 5045 3153 5117 statasquc
3193 5047 3413 5119 quietis
3453 5054 3617 5114 vices

1955 5123 2331 5181 successione
2362 5125 2709 5196 quotidiana
2738 5131 3085 5200 recentium,
3134 5139 3261 5192 tum
3303 5143 3611 5204 certamen

1954 5211 2251 5283 quoddam
2275 5211 2834 5285 laudis,verentibus
2854 5234 3090 5292 semper
3109 5223 3208 5294 qui
3233 5226 3519 5287 subibant
3540 5249 3613 5290 ne

1952 5299 2211 5372 impares
2271 5299 2548 5358 dentibus
2602 5306 3031 5363 succenturiati
3084 5309 3447 5383 viderentur,
3498 5319 3608 5375 ﬁr-

1953 5389 2739 5464 mabant,accendcbantque
2777 5394 2834 5450 in
2860 5412 3052 5454 acrem
3067 5401 3449 5471 pertinaciam
3469 5411 3609 5464 resi-

1955 5479 2167 5535 stendi.
2201 5482 2266 5534 Et
2295 5478 2632 5551 eruptiones
2663 5482 2901 5554 quidem
2943 5486 3090 5558 ipsis
3120 5489 3282 5547 haud
3314 5500 3481 5553 erant
3511 5515 3604 5555 se-

1947 5569 2510 5636 curae,multitudine
2533 5572 2826 5644 siquidem
2848 5577 3248 5640 obsidentium
3271 5586 3598 5648 obrueban-
