3944 6202
259 334 353 390 561

1346 344 1443 398 DE
1481 342 1856 399 MICHAELE
1894 344 2320 402 PALEOLOGO
2358 347 2488 402 LIB.
2534 351 2605 403 II.

3547 351 3681 408 662

262 459 611 535 κροτούμενοι
687 464 957 541 ὁσημέραι
1030 464 1428 542 διεκαρτέρουν.
1489 467 1669 543 ’Δγὼν
1741 465 1785 522 δ’
1838 470 1903 537 ἦν
1937 474 1992 541 Α
2024 468 2213 546 λογίαν
2245 469 2486 544 εὐπρεπῆ
2517 470 2837 547 καταλείψοι
2884 474 2961 536 ὡς
3015 475 3105 529 καί
3137 474 3302 531 πάλιν
3332 477 3448 533 κατ’
3478 479 3680 556 ἀγαθὰς

262 554 615 628 ἀμφοτέροις,
647 561 767 618 τοῖς
804 557 899 631 μὲν
944 561 1041 613 τοῦ
1096 556 1423 632 κρατοῦντος
1484 560 1626 614 ἑλεῖν
1676 559 1749 620 ὡς
1805 559 1918 633 ἅμα

254 648 328 714 τῷ
387 645 641 721 φρουρίῳ
697 645 797 714 τὴν
863 642 1027 700 πόλιν
1077 644 1277 718 ἕξουσι,
1310 653 1425 709 τοῖς
1459 646 1504 702 δ’
1535 649 1781 724 ἀντέχειν
1842 650 1914 709 ὡς

258 732 754 806 συναπολλυμένης
811 734 863 805 ἐξ
916 736 1153 809 ἀνάγκης
1212 740 1291 808 τῷ
1349 738 1596 814 φρουρίῳ
1661 741 1763 803 τῆς
1810 737 1915 792 πό-

252 818 413 884 λεως.
447 825 710 893 Κατήντα
757 821 865 894 δνὴ
923 826 1079 899 μάχη
1133 825 1282 903 σφίσι
1337 823 1752 902 διαχρονίζουσι
1811 848 1914 899 μα-

249 910 515 985 χομένοις
556 917 676 976 τοῖς
709 914 807 985 μὲν
837 914 962 990 περὶ
1017 916 1108 969 τὸν
1165 913 1391 989 βασιλέα
1441 916 1516 978 εἲς
1575 914 1714 971 αἷλδὼ
1776 937 1911 991 προ-

250 1008 386 1079 φανῆ
446 999 545 1054 του
608 1003 684 1074 μή
741 1006 1114 1078 περιγενέσθαι
1163 1005 1428 1081 φρουρίου
1506 1005 1593 1060 ἐπὶ
1650 1010 1907 1060 τοσοῦτον

249 1089 611 1165 μαχομένους
640 1091 799 1147 τόσον
829 1091 1043 1157 πλῆθος
1092 1090 1242 1148 ούδέεν
1306 1096 1502 1166 σεμνὸν
1562 1089 1787 1169 ἔχοντος
1820 1096 1907 1149 καί

246 1201 387 1234 τισιν
442 1178 661 1255 ὀλίγοις
717 1178 1246 1260 διαφυλαττομένου,
1278 1189 1396 1247 τοῖς
1446 1182 1489 1239 δ’
1541 1182 1773 1245 Ἰταλοῖς
1834 1185 1907 1247 εἷς

248 1267 577 1343 φιλοτιμίαν
634 1268 733 1325 τοῦ
790 1273 984 1334 τόσους
1042 1274 1116 1344 μὴ
1167 1273 1535 1349 περιγενέσθαι
1577 1276 1909 1349 παρασκευά-

245 1380 328 1413 σαι
389 1360 591 1422 αὐτοὺς
645 1360 873 1437 ὀλίγους
933 1357 1090 1424 ὄντας
1150 1364 1237 1424 ὡς’
1282 1360 1425 1435 μηδὲ
1451 1363 1663 1436 τολμᾷν
1694 1364 1905 1435 ἐξιέναι,

244 1452 356 1522 ἅμα
418 1446 480 1503 δὲ
530 1450 620 1504 καὶ
666 1455 764 1505 τοῦ
795 1452 958 1506 αὐτὸν
996 1451 1225 1526 βασιλέα
1253 1449 1403 1523 δόξαι
1453 1457 1603 1525 νικᾷν
1667 1454 1755 1507 καὶ
1812 1460 1907 1508 πᾶ-

241 1560 333 1592 σαν
367 1539 475 1607 τὴν
505 1538 671 1594 αὐτοῦ
699 1537 928 1614 δύναμιν
987 1540 1075 1595 ἐπὶ
1134 1541 1297 1595 ταυτὸ
1356 1542 1715 1598 συνελθοῦσαν
1772 1544 1906 1616 ἅμα.

241 1627 382 1682 Τότε
472 1632 601 1703 γοῦν
686 1627 916 1684 πολλῶν
990 1632 1109 1684 καθ’
1156 1630 1365 1704 ἡμέραν
1421 1630 1481 1685 ἐκ
1533 1635 1629 1685 τοῦ
1684 1630 1905 1707 τείχους

252 1715 629 1791 βαλλομένων
680 1739 735 1773 τε
792 1718 882 1773 καὶ
932 1719 1237 1774 πιπτόντων
1298 1716 1546 1782 ἴοϐόλοις
1631 1721 1907 1796 μεγίστοις

251 1808 577 1882 μαγγάνοις,
631 1807 769 1863 ὥστε
836 1808 925 1862 καὶ
1012 1807 1315 1878 οῗκτίζοντο
1366 1810 1904 1884 κατειρωνευόμενοι,

241 1897 313 1967 μή
353 1893 616 1960 θέλοντες
648 1895 899 1973 βάλλειν,
935 1896 1060 1952 ἀλλ’
1093 1899 1443 1970 ἀποπέμπειν
1473 1900 1565 1953 τὸν
1621 1899 1769 1961 ἐντὸς
1811 1905 1907 1954 τοῦ

244 1984 444 2059 βέλους
501 1985 655 2041 ἰόντα
716 1984 805 2041 διὰ
860 1988 960 2056 τήν
1020 1986 1316 2062 ἐγγύτητα,
1344 1989 1417 2049 ὡς
1447 1992 1515 2061 τῇ
1564 1988 1797 2062 γυναικὶ,
1835 1990 1906 2050 ὡς

237 2072 453 2150 ἔλεγον,
489 2072 837 2145 διασώζοιτο,
869 2076 955 2130 καὶ
1007 2078 1118 2148 ἅμα
1172 2079 1365 2154 φήμης
1422 2074 1776 2152 διαχυθείσης
1831 2080 1905 2139 ὡς

236 2163 282 2236 ἐξ
331 2163 665 2233 ἀποστολῆς
717 2164 1020 2235 ἐπέστησαν
1069 2163 1234 2221 ἄλλοι
1286 2165 1538 2221 πλεῖστοι
1596 2167 1683 2221 καὶ
1746 2166 1903 2242 ἰσχυ-

234 2254 339 2327 ροὶ,
381 2254 780 2327 ὑπερπαθήσας
837 2257 951 2308 οἷον
1010 2251 1097 2308 διά
1154 2277 1213 2310 τε
1254 2257 1315 2311 τὸ
1363 2260 1460 2311 τοῦ
1490 2255 1666 2311 κόπου
1722 2257 1899 2325 κενὸν,

232 2344 315 2396 καὶ
388 2341 531 2415 μετᾶ
586 2344 687 2411 τὴν
738 2347 849 2397 τῶν
897 2346 1171 2399 πεσόντων
1232 2340 1519 2414 ἀποϐολὴν
1580 2346 1623 2400 εἰ
1680 2348 1769 2400 καὶ
1820 2348 1902 2419 γέ-

237 2437 392 2486 λωτα
453 2428 637 2509 ὥφλει
701 2435 775 2505 μή
834 2432 1198 2509 καταπράξας,
1260 2429 1394 2508 ἕγνω
1465 2433 1750 2490 καταλύειν
1808 2436 1899 2489 τὸν

234 2521 517 2593 πόλεμον,
548 2520 696 2593 πλὴν
751 2522 812 2577 ού
870 2522 1005 2578 κατᾶ
1067 2526 1356 2594 συνθήκας,
1414 2524 1485 2577 'iv‘
1545 2526 1716 2595 ἑαυτῷ
1764 2525 1898 2579 ἀπο-

229 2744 344 2795 tur.
384 2740 655 2796 Audacia
688 2746 881 2798 tamen
910 2742 1184 2813 vigebant
1210 2742 1575 2813 quotidianis
1606 2741 1722 2797 alta
1760 2757 1893 2797 suc-

232 2830 509 2885 cessibus
533 2832 988 2903 oppugnationis
1010 2832 1298 2888 hactenus
1315 2832 1443 2887 sine
1470 2848 1619 2887 noxa
1640 2832 1893 2887 toleratae

229 2919 450 2975 obnixa
486 2920 787 2991 utrimque
846 2922 1044 2979 studia
1098 2922 1393 2991 vincendi,
1452 2938 1556 2994 spe
1615 2925 1896 2991 metuque

231 3008 616 3064 inflammata
638 3011 971 3079 contrariis,
998 3010 1373 3082 sperantibus
1391 3010 1657 3067 videlicet
1678 3011 1898 3067 nostris

224 3098 272 3152 si
298 3114 509 3153 arcem
539 3104 962 3170 expugnarent,
1019 3101 1225 3156 urbem
1287 3100 1488 3156 statim
1546 3100 1895 3167 dedendam,

226 3187 481 3256 Latinis,
520 3189 675 3260 quod
710 3188 819 3245 hoc
872 3190 1068 3261 ipsum
1102 3190 1400 3258 timerent,
1452 3188 1658 3245 ultimo
1689 3192 1899 3288 conatu
1934 3227 1982 3291 Β

225 3277 607 3333 certantibus
640 3293 711 3333 ne
729 3278 945 3334 urbsin
972 3296 1102 3335 arce
1117 3283 1438 3351 caperetur.
1462 3278 1891 3349 Longissimam

230 3382 370 3422 vero
403 3368 905 3439 perseverantiam
939 3374 1149 3423 neutra
1170 3386 1236 3424 ex
1269 3373 1432 3441 parte
1455 3367 1685 3424 remissi
1708 3368 1891 3440 praelii

226 3454 284 3509 in
318 3456 691 3528 imperatore
723 3457 961 3528 quidem
990 3458 1325 3513 obstinabat
1357 3458 1545 3530 pudor
1566 3475 1680 3513 non
1715 3462 1890 3528 captae

233 3550 405 3600 tanto
428 3560 693 3617 tempore
716 3550 881 3601 atam
908 3547 1111 3602 multis
1145 3551 1266 3602 toto
1288 3547 1511 3618 impetu
1545 3550 1890 3619 oppugnata:

232 3632 398 3689 haud
429 3633 843 3691 famosissima:
877 3636 1259 3707 ejusdemque
1291 3654 1324 3691 a
1382 3637 1585 3708 paucis
1641 3637 1891 3692 dcfensze

232 3722 617 3791 munitionis,
650 3723 707 3779 in
741 3723 903 3779 Italis
933 3742 1066 3779 vero
1089 3725 1328 3781 ambitio
1352 3724 1667 3797 gloriaeque
1698 3727 1888 3793 ardor,

226 3811 448 3883 ingens
483 3812 593 3867 sibi
623 3812 802 3868 decus
835 3813 954 3869 fore
986 3816 1139 3870 I24
1194 3815 1589 3882 cernentibus,
1645 3832 1707 3870 se
1766 3818 1888 3870 tam

224 3916 452 3971 paucos
475 3904 541 3956 ut
563 3900 796 3973 prodire
816 3919 926 3957 non
948 3904 1253 3969 auderent,
1279 3903 1350 3959 ab
1374 3904 1679 3976 ingruente
1704 3904 1889 3959 unde-

224 4005 469 4062 cunque
502 3988 919 4046 innumerabili
949 3991 1332 4047 multitudine
1380 3992 1648 4065 superari
1682 3992 1888 4064 nequi-

222 4078 416 4143 visse,
448 4078 791 4135 blandiente
825 4085 1123 4150 praeterea,
1158 4082 1206 4136 si
1237 4082 1307 4135 ad
1340 4086 1662 4138 extremum
1689 4082 1887 4136 invicti

223 4168 544 4236 durarent,
580 4184 683 4239 spe
714 4184 828 4224 non
855 4185 999 4224 vane
1022 4170 1306 4240 gloriandi
1332 4174 1678 4242 praesentem
1698 4170 1891 4241 ipsum

220 4259 574 4328 Augustum
609 4273 743 4312 cum
778 4260 996 4313 coactis
1026 4260 1083 4313 in
1117 4276 1301 4315 unum
1336 4259 1628 4314 universis
1659 4259 1891 4331 imperii

220 4344 465 4400 viribus
486 4346 829 4401 Latinorum
851 4363 1029 4419 parva
1054 4364 1229 4404 manu
1256 4347 1596 4405 debellatos.
1615 4353 1891 4404 Caeterum

223 4436 714 4507 oppugnantium
747 4437 1006 4508 quotidie
1042 4438 1336 4509 plurimis,
1375 4437 1508 4494 telis
1556 4439 1891 4510 ingentibus

224 4523 676 4596 catapultarum
711 4542 775 4580 ex
798 4526 1021 4582 crebris
1043 4527 1196 4581 muri
1222 4527 1453 4582 ﬁssuris
1473 4528 1708 4584 assidue
1726 4528 1889 4599 jacu-

2032 556 2257 623 ἐλπίδας
2287 558 2707 633 ἐπιθησόμενος.

2032 666 2131 720 κα’.
2196 666 2323 740 Περῖ
2400 668 2495 721 τοῦ
2561 672 2752 741 νεκροῦ
2823 674 2928 750 ¹τοῖ’)
3019 671 3295 747 βασιλείου
3355 680 3671 750 Βουλγαρο-

2739 744 2954 798 κτόνου.

2101 827 2229 881 Τότε
2289 824 2344 881 δέ
2400 848 2537 889 τινες
2592 833 2697 883 τῶν
2728 830 2942 885 οἰκείων
2973 836 3049 904 τῷ
3089 833 3303 907 βασιλεῖ
3354 836 3471 890 κατ’
3500 832 3673 891 ἄνεσιν

2032 912 2318 991 διατριϐῆς
2378 916 2685 986 ἐξελθόντες
2738 918 3035 991 ἐπέστησαν
3091 926 3158 996 τῇ
3190 923 3328 979 κατὰ
3353 924 3446 979 τὸν
3475 920 3676 981 Ἕϐδο-

2034 1027 2132 1078 μον
2164 1010 2259 1061 τοῦ
2294 1004 2556 1082 θεολόγου
2592 1011 2754 1081 μονῇ,
2790 1006 2962 1083 ὄνομα
2999 1011 3186 1083 μόνον,
3218 1014 3278 1068 οὐ
3327 1020 3525 1088 σχῆμα
3573 1038 3679 1071 σω-

2033 1095 2194 1168 ζούσῃ
2276 1099 2469 1167 μονῆς,
2528 1097 2617 1151 καὶ
2699 1098 2789 1152 τὸν
2874 1098 3043 1154 ἐκεῖσε
3126 1100 3252 1155 ναὸν
3318 1101 3677 1173 εἰσελθόντες,

2028 1184 2363 1258 ἡρειμμένον
2415 1185 2502 1240 καὶ
2550 1190 2740 1241 τοῦτον
2799 1188 2888 1242 καὶ
2948 1188 3023 1251 είς
3078 1189 3404 1265 θρεμμάτων
3467 1195 3550 1267 [Ρ.
3584 1198 3677 1268 81]

2027 1271 2254 1331 ἔπαυλιν
2314 1272 2465 1346 ὄντα,
2511 1279 2596 1332 καὶ
2662 1275 2792 1351 τῇδε
2847 1279 3062 1334 κάκεῖσε
3087 1276 3554 1355 περιϐλεπόμενοι
3586 1286 3677 1340 καὶ

2026 1364 2087 1418 τό
2119 1386 2251 1420 ποτε
2299 1368 2395 1419 τοῦ
2451 1369 2583 1420 ναοῦ
2641 1364 2846 1429 κάλλος
2904 1366 2962 1421 ἐκ
3018 1372 3125 1423 τῶν
3158 1368 3434 1443 λειψάνων
3468 1376 3675 1445 θαυμά-

2030 1460 2206 1522 ζοντες
2240 1456 2397 1528 [ἦσαν
2423 1452 2467 1509 δ’
2501 1456 2651 1509 οὗτοι
2685 1457 2736 1509 οἱ
2793 1456 2918 1532 περὶ
2975 1456 3068 1512 τόν
3130 1458 3516 1533 Ἰατρόπουλον
3568 1468 3676 1530 Δη-

2031 1545 2261 1618 μήτριον
2312 1543 2399 1597 καὶ
2451 1542 2752 1618 λογοθέτην
2799 1545 2922 1600 τότε
2970 1550 3077 1601 τῶν
3110 1547 3424 1620 οἷκειακῶν)
3475 1550 3671 1623 ὁρῶσιν

2028 1629 2224 1705 αἶ’φνης
2301 1633 2436 1686 κατὰ
2506 1634 2706 1707 γωνίαν
2772 1634 3062 1707 ἱστάμενον
3123 1634 3318 1712 ἀνδρὸς
3365 1637 3536 1694 πάλαι
3591 1660 3673 1694 τε·

2027 1727 2260 1783 Ονεῶτος
2293 1719 2545 1795 λείψονον
2579 1720 2891 1795 ὁλόκληρον
2951 1725 3040 1778 καὶ
3096 1726 3156 1779 τὸ
3213 1732 3316 1781 πᾶν
3373 1725 3668 1801 ὁλομελὲς,

2024 1812 2228 1884 γυμνὸν
2264 1811 2313 1872 ἐς
2344 1808 2513 1873 πόδας
2571 1809 2630 1865 ἐκ
2686 1810 2944 1887 κεφαλῆς.
2983 1814 3113 1888 Εἶχε
3168 1812 3225 1870 δὲ
3274 1817 3364 1870 καὶ
3424 1815 3511 1872 ἐπί
3552 1818 3669 1871 στό-

2021 1921 2188 1972 ματος
2246 1899 2501 1972 καλάμην
2578 1906 2904 1972 ποιμενικῆς
2989 1903 3267 1978 σύριγγος,
3316 1903 3389 1965 εἷς
3456 1904 3667 1979 χλεύην

2015 1993 2174 2042 τινῶν
2232 1986 2373 2043 οὕτω
2419 1992 2761 2059 ποιησάντων
2814 1993 2896 2051 οἷς
2958 1986 3121 2063 ἔμελε
3180 1991 3531 2067 θρεμμάτων.
3579 1997 3668 2057 Ὠς

2017 2076 2064 2132 δ’
2098 2074 2305 2139 ἰδόντες
2365 2077 2663 2151 ἐθαύμαζον
2728 2081 2821 2151 μὲν
2880 2081 2980 2148 τήν
3013 2080 3109 2134 τού
3140 2080 3399 2154 λειψάνου
3461 2081 3663 2155 ὀλομέ-

2015 2165 2188 2235 λειαν,
2224 2164 2525 2242 διηπόρουν
2602 2163 2657 2221 δὲ
2703 2169 2913 2229 οὗτινος
2959 2167 3020 2222 ἂν
3069 2170 3158 2223 καὶ
3209 2166 3292 2240 εἴη
3340 2171 3368 2225 ὁ
3398 2174 3666 2245 πεπηγὼς

2014 2255 2214 2319 ἐκεῖνος
2250 2257 2335 2309 καὶ
2389 2250 2465 2309 ἔτι
2520 2256 2596 2318 εἷς
2640 2260 2800 2329 σῶμα
2844 2255 3227 2330 συνιστάμενος
3278 2262 3435 2333 χοῦς,
3466 2260 3667 2333 ὁρῶσιν

2010 2343 2067 2399 ἐκ
2119 2343 2305 2415 δεξιῶν
2365 2347 2427 2399 τὸ
2480 2348 2733 2420 κενήριον
2777 2347 2868 2402 καὶ
2918 2345 3004 2401 ἐπ’
3053 2347 3201 2420 αύοῷ
3250 2349 3661 2425 γεγραμμένους

2011 2434 2234 2509 στίχους
2263 2432 2566 2505 δηλοῦντας
2598 2436 2689 2489 τὸν
2737 2434 3002 2508 κείμενον.
3042 2437 3139 2492 Ἤν
3191 2437 3372 2509 οὗτος,
3404 2437 3480 2502 ὡς
3532 2436 3659 2508 ἐδή-

2009 2523 2108 2578 λου
2164 2525 2230 2578 τά
2278 2523 2596 2597 γράμματα,
2632 2524 2662 2578 ἀ
2694 2522 3175 2599 Βουλγαροκτόνος
3229 2525 3535 2590 Βασίλειος.
3568 2530 3658 2591 Ὡς

2004 2741 2329 2810 constituit,
2364 2742 2463 2798 sed
2496 2742 2644 2798 citra
2701 2746 3144 2800 conventionem
3202 2761 3335 2801 eum
3394 2746 3654 2803 obsessis

2008 2830 2285 2896 ullam,id
2310 2832 2379 2886 ad
2401 2830 2878 2903 qualemcunque
2900 2832 3211 2888 valiturum
3229 2834 3660 2891 excusationem

2008 2924 2348 2986 autumans,
2378 2920 2546 2991 quasi
2570 2937 2684 2976 non
2703 2925 2821 2976 tam
2845 2922 3139 2977 omitteret
3162 2924 3457 2994 inceptum
3485 2940 3658 2994 quam

2007 3009 2066 3063 in
2089 3013 2322 3080 tempus
2345 3010 2736 3080 Opportunius
2752 3009 3030 3079 differret,
3053 3026 3185 3065 cum
3211 3010 3289 3066 rei
3314 3011 3653 3083 prosperius

2008 3098 2300 3153 tentandae
2334 3114 2395 3153 se
2428 3097 2659 3154 offerret
2691 3100 2938 3155 occasio.

2061 3241 2149 3296 2t.
2182 3241 2257 3295 De
2285 3239 2547 3296 cadavere
2578 3240 2932 3312 imperatoris
2958 3241 3155 3298 Basilii
3183 3242 3600 3314 Bulgaroctom'.

2067 3370 2349 3438 Tempore
2378 3366 2554 3422 istius
2581 3366 2789 3423 obsidii
2830 3368 3070 3439 quidam
3104 3384 3171 3425 ex
3202 3366 3433 3425 familia
3463 3369 3649 3441 impe-

2000 3457 2210 3513 ratoris
2235 3457 2715 3528 circumquaque,
2752 3461 2814 3512 ut
2846 3457 2931 3528 fit,
2966 3461 3275 3529 evagantes
3306 3457 3490 3513 animi
3520 3473 3649 3531 gra-

1998 3547 2079 3600 tia
2109 3546 2469 3602 devenerunt
2498 3547 2555 3600 in
2590 3544 2842 3618 theologi
2874 3546 3316 3618 monasterium,
3347 3547 3405 3602 in
3437 3548 3645 3604 subur-

1998 3634 2095 3691 bio
2129 3635 2217 3690 cui
2241 3652 2449 3691 nomen
2476 3634 2843 3691 Hebdomum
2867 3635 3070 3691 situm.
3094 3637 3407 3708 Supererat
3431 3653 3644 3694 nomen

1999 3724 2191 3781 solum
2227 3724 2584 3792 monasterii,
2620 3725 2806 3780 forma
2835 3726 2964 3796 ejus
2997 3726 3189 3781 omnis
3220 3726 3411 3783 ruinis
3434 3726 3643 3783 deleta.

2001 3813 2092 3869 Illi
2133 3813 2418 3885 templum
2453 3815 2605 3884 quod
2636 3813 2715 3869 ibi
2748 3815 2937 3869 fuerat
2968 3815 3243 3887 ingressi,
3277 3818 3643 3872 destructum

2000 3908 2058 3959 et
2084 3903 2279 3974 ipsum
2311 3903 2436 3958 etin
2464 3902 2759 3959 stabulum
2777 3908 3174 3959 armentorum
3191 3908 3508 3969 mutatum,
3535 3906 3648 3961 huc

1999 3991 2254 4063 illucque
2277 3992 2766 4047 circumferebant
2788 3990 3012 4060 oculos,
3028 3996 3085 4047 et
3102 3992 3425 4048 miserabili
3454 3995 3647 4065 specie

1999 4079 2404 4152 reliquiarum,
2434 4082 2653 4150 quanta
2684 4079 2892 4135 fuisset
2919 4079 3075 4135 illius
3104 4096 3236 4135 cum
3258 4080 3448 4136 adhuc
3466 4085 3650 4137 staret

2000 4169 2141 4224 aedis
2174 4186 2350 4223 sacrae
2385 4167 2778 4240 pulchritudo,
2806 4185 2918 4224 non
2944 4169 3068 4225 sine
3091 4169 3643 4229 admiratione125

2001 4258 2255 4329 quadam
2288 4258 2662 4313 aestimantes.
2698 4262 2836 4313 Erat
2866 4258 2923 4312 in
2956 4258 3050 4314 his
3078 4259 3413 4330 latropulus
3444 4260 3647 4317 Deme-

1999 4346 2151 4403 trius
2190 4348 2484 4418 logotheta
2523 4351 2663 4401 tunc
2721 4347 3201 4403 domesticorum.
3264 4350 3350 4404 Ita
3395 4349 3648 4405 circum-

2001 4437 2408 4507 spectantibus
2449 4440 2691 4508 apparet
2720 4436 3038 4507 improviso
3069 4437 3128 4491 in
3157 4438 3405 4507 quodam
3431 4438 3647 4511 angulo

2004 4530 2168 4581 stans
2199 4525 2302 4579 viri
2327 4524 2465 4580 olim
2501 4525 2716 4580 mortui
2749 4526 3013 4593 cadaver,
3043 4526 3331 4596 integrum
3383 4527 3555 4599 plane
3583 4545 3647 4584 ac

224 4593 517 4681 lantium,
552 4615 921 4681 cadentibus,
954 4617 1279 4671 addebatur
1302 4616 1621 4671 ludibrium
1657 4593 1890 4681 damno,
1923 4593 1966 4661 C
2005 4615 2289 4670 membris
2308 4615 2431 4669 suis
2454 4615 2726 4670 omnibus
2748 4618 2880 4687 apte
2902 4593 3329 4671 cohaerentibus
3346 4593 3651 4686 constans,

230 4703 410 4757 etiam
442 4703 835 4759 illudentibus
866 4721 932 4759 ex
960 4709 1088 4759 tuto
1121 4703 1525 4776 libratoribus,
1551 4711 1605 4761 et
1636 4722 1808 4777 quem
1832 4706 1893 4761 in

229 4795 325 4845 tra
348 4792 581 4861 jactum
618 4809 724 4864 per
754 4793 1088 4848 fenestellae
1109 4794 1443 4864 cernebant,
1471 4809 1539 4849 ex
1564 4795 1892 4867 propinquo

231 4879 661 4949 compellatum
699 4882 922 4937 ironica
954 4883 1357 4938 misericordia
1387 4882 1591 4939 timere
1643 4884 1893 4938 vetanti-

230 4966 388 5023 bus:
422 4969 577 5024 haud
613 4971 771 5024 enim
806 4986 934 5026 sese
967 4970 1163 5041 ipsum
1197 4977 1495 5043 utcunque
1553 4974 1892 5041 contiguum

230 5057 353 5114 telo
392 5057 698 5129 petituros,
724 5076 796 5114 ne
819 5064 935 5114 tam
964 5061 1152 5117 bellus
1176 5062 1266 5115 vir
1288 5060 1575 5116 uxorculae
1602 5079 1721 5116 sure
1743 5063 1895 5133 peri-

230 5156 347 5200 ret.
378 5147 567 5220 Super
597 5149 721 5203 haec
755 5166 960 5219 sparsa
992 5150 1148 5205 fama
1177 5155 1267 5205 est
1299 5167 1439 5205 mox
1475 5151 1651 5205 affore
1677 5167 1709 5205 a
1759 5151 1894 5205 sede

234 5235 462 5291 missas
492 5236 818 5309 apostolica
849 5238 1029 5294 lectas
1061 5240 1398 5309 validasque
1424 5239 1620 5309 copias
1652 5236 1894 5294 in’auxi-

235 5324 396 5378 lium
412 5325 689 5382 obsessis.
710 5326 793 5380 Tu
806 5342 876 5381 nc
897 5327 1133 5381 demum
1153 5328 1469 5398 imperator
1487 5328 1651 5397 quasi
1678 5329 1895 5383 fractus

234 5412 467 5479 animo,
498 5416 651 5485 quod
692 5418 899 5485 praeter
918 5415 1149 5469 irritum
1176 5414 1429 5469 laborem
1456 5421 1512 5470 et
1529 5420 1612 5471 tot
1635 5422 1897 5471 strenuo-

232 5517 377 5555 rum
405 5502 651 5558 militum
672 5506 966 5573 jacturam
984 5504 1157 5559 etiam
1182 5510 1551 5561 metueretne
1567 5520 1774 5576 magno
1789 5522 1895 5560 suo

232 5591 461 5661 probro
492 5607 594 5662 per
616 5594 891 5647 viminde
926 5609 983 5648 re
1034 5594 1248 5648 infecta
1302 5592 1632 5665 pelleretur,
1689 5599 1896 5665 sponte

231 5679 610 5737 obsidionem
692 5682 914 5739 solvere
993 5687 1048 5737 et
1124 5683 1555 5754 oppugnatione
1614 5683 1896 5739 absistere

2006 4705 2228 4758 nudum
2267 4721 2299 4758 a
2338 4704 2526 4775 capite
2554 4704 2623 4758 ad
2658 4704 2853 4774 pedes.
2884 4703 3148 4761 Habebat
3177 4708 3376 4761 autem
3407 4706 3491 4762 ori
3524 4707 3650 4761 afﬁ-

2002 4810 2134 4848 xam
2156 4809 2399 4847 cannam
2418 4793 2732 4863 pastoritiae
2750 4792 2978 4858 ﬁstulae,
2994 4792 3244 4849 ludibrio
3258 4796 3649 4866 quorumdam

2005 4899 2210 4955 greges
2240 4882 2371 4936 istic
2400 4881 2699 4937 stabulare
2729 4881 2935 4937 solitos
2966 4884 3325 4939 curantium.
3353 4885 3652 4942 Miraban-

2002 4977 2102 5027 tur
2150 4971 2250 5042 qui
2309 4970 2431 5026 haec
2479 4971 2755 5027 videbant
2810 4971 3205 5043 integritatem
3264 4976 3525 5046 corporis
3584 4993 3652 5032 ex

2003 5060 2195 5130 longe,
2230 5064 2293 5113 ut
2330 5059 2666 5132 apparebat,
2700 5060 2973 5115 exanimi.
3023 5061 3407 5133 Ambigebant
3455 5069 3648 5119 autem

2004 5148 2176 5219 cujus
2207 5152 2360 5204 esset
2382 5148 2525 5203 illud
2549 5149 2632 5203 sic
2659 5147 2844 5203 solide
2867 5154 3233 5220 compactum
3255 5155 3311 5206 et
3331 5149 3647 5206 humanam

2006 5238 2195 5293 adhuc
2230 5240 2473 5293 formam
2510 5237 2765 5293 retinens
2796 5238 3059 5293 cadaver.
3093 5239 3352 5294 Cernunt
3374 5256 3404 5293 ιι
3435 5239 3651 5293 dextris

2006 5326 2340 5399 sepulcrum
2391 5332 2446 5381 et
2502 5326 2819 5398 inscriptas
2878 5327 2986 5398 ipsi
3042 5326 3265 5382 litteras
3322 5327 3650 5381 indicantes

2006 5416 2139 5487 quis
2170 5414 2581 5486 ibijacuisset.
2610 5417 2747 5470 Erat
2796 5419 2990 5471 autem
3048 5414 3163 5484 hic,
3215 5418 3385 5485 prout
3443 5414 3647 5467 littera:

2006 5505 2440 5577 significabant,
2474 5505 2724 5560 Basilius
2754 5504 3231 5575 Bulgaroetonus.
3271 5500 3339 5555 Ut
3391 5516 3525 5556 vero
3558 5518 3644 5555 re-

2004 5594 2175 5661 versi,
2211 5594 2349 5665 quid
2384 5593 2687 5660 vidissent,
2715 5591 3053 5664 imperatori
3086 5589 3425 5656 retulerunt,
3474 5589 3647 5645 mise-

2008 5684 2229 5739 ratione
2262 5683 2473 5738 irtima
2507 5688 2695 5739 tactus
2729 5682 2843 5745 ille,
2880 5679 3153 5735 continuo
3187 5676 3385 5733 missis
3444 5679 3646 5737 sericis
