4034 6200
326 291 434 347 563

1632 281 1934 337 GEORGII
1973 279 2434 336 PACHYMERE
3605 289 3696 345 ὅθ,

328 415 375 471 δν
407 413 835 489 ὑποστρέψαντες
870 407 1016 484 σφίσι
1072 405 1134 460 τὸ
1183 403 1365 468 θεαθὶν
1425 407 1504 475 τῷ
1558 399 1775 478 βασιλεῖ
1805 421 1974 477 προσ·
2005 402 2063 469 Α
2092 400 2208 474 ρὸν,
2241 398 2300 454 ἐκ
2349 403 2447 469 τῆς
2498 403 2634 456 κατὰ
2664 403 2762 470 τήν
2790 399 2940 457 δόσιν
2971 406 3068 457 τοῦ
3100 407 3502 478 Ξηροποτάμου
3551 419 3700 480 μονῆς

331 502 610 581 ἀνέφερον,
644 498 932 566 οἰκτίζεται
993 493 1184 550 αὐτίκα
1225 495 1252 548 ὁ
1288 491 1568 569 βασιλεὺς,
1618 490 1708 546 καὶ
1763 489 1982 564 πέμψας

329 579 532 665 σηρικᾶ
571 587 904 663 χρυσόσημα
959 580 1269 654 πέπλα,ἕτι
1315 581 1373 638 δὲ
1425 579 1809 652 ἐξαποστείλας
1857 579 1984 640 τοὺς

327 674 676 752 ὑμνοπόλους
709 674 800 729 σὺν
830 674 933 730 οὐκ
955 672 1170 748 ὀλίγοις
1195 670 1482 748 ἄρχουσιν,
1505 670 1607 725 ὑπὸ
1633 666 1821 742 πολλῇ
1843 671 1981 741 τιμῇ

324 766 414 822 καὶ
449 762 771 842 δορυφορίᾳ,
803 759 1057 837 ψαλμοῖς
1106 760 1197 815 καὶ
1246 759 1464 832 ὕμνοις,
1495 755 1876 831 ἀνακομίζεται
1927 754 1978 810 ἐν

327 857 469 930 θήκῃ
529 851 690 928 τιμίᾳ
744 852 882 928 πρὸς
928 851 1022 906 τὸν
1069 849 1311 905 Γαλατᾶν
1369 849 1432 902 τὸ
1489 846 1769 922 λείψανον,
1827 844 1983 900 κάκεῖ

327 942 651 1019 προστάττει
707 946 790 1014 τῷ
846 938 1070 1017 ἀδελφῷ
1119 933 1573 1012 σεϐαστοκράτορι
1633 934 1858 990 ἐνθεῖναι
1911 939 1980 1008 τῇ

327 1034 558 1113 σφετέρᾳ
612 1033 788 1104 σκηνῇ
836 1031 936 1099 τὴν
993 1031 1187 1100 θήκην,
1224 1025 1459 1089 πέπλοις
1497 1046 1555 1081 τε
1609 1029 1838 1100 χρυσοῖς
1893 1025 1980 1079 ὑπ’

329 1124 622 1196 ἀκοιμήτῳ
653 1120 792 1199 φωτὶ
825 1118 1064 1194 ἐχόμενα
1109 1123 1210 1187 τῆς
1242 1115 1448 1171 ἐκείνου
1488 1120 1779 1192 στρωμνῆς
1830 1114 1981 1177 θὲντα

325 1217 492 1286 τιμᾷν
533 1215 651 1272 τοῖς
700 1210 1096 1284 προσήκουσιν,
1139 1203 1243 1267 ἕως
1295 1204 1494 1268 ἐκεῖθεν
1545 1202 1979 1279 ἀναχωρούντων

327 1303 505 1356 αὐτῶν
552 1299 628 1362 εἷς
663 1291 973 1373 Σηλυϐρίαν
1014 1294 1245 1367 ἐντίμως
1293 1294 1384 1348 καί
1425 1292 1696 1368 λαμπρῶς
1751 1313 1981 1366 μετακο-

334 1390 581 1463 μίσαντες
667 1385 719 1441 ἐν
787 1387 857 1458 τῇ
937 1389 1034 1440 τοῦ
1115 1389 1377 1457 Σωτῆρος
1443 1386 1750 1446 καταθεῖναι
1815 1384 1976 1455 μονῇ.

331 1479 571 1536 Ἐκεῖθεν
626 1476 808 1532 τοίνυν
859 1473 1339 1546 ἐπανακάμπτουσι
1397 1472 1536 1546 πρὸς
1578 1470 1640 1525 τὸ
1693 1469 1982 1548 Νύμφαιον

331 1568 661 1624 καθιστῶντο
691 1564 758 1621 τά
801 1563 939 1619 κατά
991 1561 1161 1633 δόσιν,
1195 1558 1324 1636 Ξὶχρι
1377 1561 1465 1615 καὶ
1498 1557 1840 1634 Ὀρεστιάδος
1889 1561 1976 1616 καὶ

330 1658 392 1711 τὸ
441 1655 688 1710 ἐπέκεινα
743 1652 1132 1730 προφθασάσης
1174 1656 1275 1720 τῆς
1328 1647 1596 1723 βασιλεως
1650 1651 1840 1727 φήμης
1891 1649 1980 1704 καὶ

325 1741 805 1812 καταστελλοόσης
833 1739 898 1795 τὸ
925 1740 1227 1815 ἀνορμοῠν.

324 1851 430 1927 κβ’.
480 1851 669 1927 Ὅπως
727 1843 1232 1927 ῥ-πατριαρχερων
1291 1844 1612 1927 Νικηφόρος
1702 1843 1793 1898 σὺν
1872 1846 1983 1917 ἅμα

603 1916 819 1996 βασιλεῖ
852 1911 1263 1990 καταλαμϐάνει
1285 1916 1348 1971 τὸ
1378 1911 1695 1994 Νύμφαιον.

401 2005 832 2066 Καταλαϐόντων
867 2003 925 2062 δὶ
956 2004 1049 2060 σὺν
1099 2002 1299 2077 πολλῷ
1345 2003 1504 2080 τάχει
1552 2006 1615 2060 τὸ
1673 2005 1980 2081 Νύμφαιον,

329 2103 358 2156 ὁ
390 2097 812 2176 πατριαρχεόων
868 2095 1039 2152 συνὼν
1095 2099 1176 2167 τῷ
1223 2097 1532 2168 κρατοῦντι,
1583 2093 1750 2150 ἐπεὶὸ
1781 2103 1980 2153 Θεσσα-

330 2189 559 2259 λονίκης
613 2186 704 2242 καὶ
764 2186 793 2241 ὁ
841 2187 950 2240 τῶν
982 2180 1234 2256 Σάρδεων
1293 2187 1413 2244 τοῖς
1461 2180 1742 2254 δοξάζουσι
1803 2185 1980 2264 σφίσιν

329 2277 679 2352 ἆμεταθέτως
737 2269 1067 2348 ἐμμένοντες
1116 2268 1360 2326 ἐκποδὼν
1419 2271 1556 2340 ἦσαν
1607 2270 1981 2348 ἐξωρισμὲνοι,

328 2366 680 2435 ἀντικαθιστᾷ
728 2361 940 2418 τούτων
1011 2360 1228 2435 ἐτέρους
1284 2364 1404 2422 ταῖς
1463 2359 1840 2432 Ἐκκλησίαις,
1892 2364 1982 2419 καὶ

323 2456 416 2510 τὸν
478 2456 572 2528 μὲν
622 2449 888 2522 Κυδώνην
938 2450 1268 2510 ’Ῑωαννίκιον
1320 2455 1420 2518 τῆς
1477 2454 1588 2506 τῶν
1643 2449 1980 2528 Σωσάνδρων

335 2552 509 2619 μονῆς
557 2546 643 2616 [Ρ.
695 2545 783 2612 82]
840 2540 1139 2616 ἐξάρχοντα
1195 2537 1618 2612 Θεσσαλονίκης,
1665 2541 1755 2594 τὸν
1817 2538 1874 2596 δέ
1921 2563 1982 2616 γε

325 2632 576 2701 Χαλαζᾶν
633 2624 899 2685 Ἰάκωϐον
975 2627 1036 2683 ἐκ
1101 2624 1305 2689 δόσεως
1377 2628 1854 2702 προσχωρήσαντα
1906 2627 1984 2700 τῷ

333 2723 619 2796 κρατοῦντι
685 2715 936 2790 Σάρδεων
1000 2713 1402 2772 ἀποδείκνυσιν.
1455 2715 1592 2790 Εἶχε
1643 2713 1700 2770 δὲ
1754 2715 1843 2771 καὶ
1905 2717 1979 2778 εἷς

331 2813 514 2888 ψῆφον
566 2807 824 2882 Σμύρνης
870 2806 960 2861 τὸν
1010 2805 1210 2874 Ίσαάκ,
1243 2803 1410 2880 ἄνδρα
1455 2804 1546 2858 καὶ
1608 2804 1764 2859 αὐτὸν
1820 2826 1980 2882 γερα-

340 2950 483 2991 auro
514 2933 754 2991 intextis
775 2932 939 3004 velis,
973 2931 1315 2989 cantoribus
1360 2946 1596 3002 quoque
1653 2947 1718 2986 ac
1767 2931 1983 3004 princi-

339 3040 480 3097 pum
513 3039 630 3080 non
679 3021 882 3095 paucis
928 3022 1134 3078 eodem
1186 3037 1250 3076 se
1305 3021 1570 3076 conferre
1610 3020 1819 3090 jussis,
1849 3036 1983 3076 cum

330 3114 521 3171 multo
558 3113 782 3168 honore
813 3128 879 3168 ac
912 3110 1207 3179 satellitio,
1241 3108 1489 3182 psalmis
1519 3114 1575 3165 et
1606 3109 1841 3182 hymnis
1861 3126 1984 3182 per-

329 3203 702 3271 sonantibus,
733 3201 792 3256 in
849 3200 1018 3256 theca
1071 3199 1327 3272 pretiosa
1373 3198 1585 3255 deferri
1642 3200 1867 3254 curavit
1922 3199 1980 3255 id

335 3308 548 3364 corpus
580 3291 642 3346 in
673 3293 870 3346 castra
899 3289 970 3344 ad
998 3287 1284 3354 Galatam,
1317 3292 1374 3344 et
1403 3288 1484 3344 ibi
1516 3288 1679 3344 fratri
1739 3304 1846 3344 suo
1887 3306 1984 3346 se-

333 3377 724 3437 bastocratori
756 3376 1053 3433 mandavit
1102 3381 1167 3432 ut
1197 3377 1426 3432 thecam
1458 3393 1576 3448 qua
1607 3380 1733 3433 erat
1779 3378 1985 3434 condi-

332 3475 462 3526 tum
494 3468 553 3524 in
587 3464 967 3522 tabernaculo
1000 3480 1106 3522 suo
1138 3469 1395 3521 servaret
1421 3463 1564 3520 velis
1597 3465 1791 3522 aureis
1823 3483 1984 3538 oper-

333 3563 480 3624 tam,
511 3559 568 3612 et
599 3553 826 3610 facibus
855 3553 1075 3610 circum
1125 3556 1298 3609 noctu
1349 3552 1570 3625 diuque
1625 3553 1981 3627 lucentibus,

334 3661 514 3719 prope
545 3659 720 3700 suum
744 3641 934 3715 ipsius
959 3646 1314 3712 stratum,eo
1347 3658 1460 3713 quo
1491 3658 1597 3714 par
1623 3646 1713 3698 est
1738 3642 1979 3707 honore.

335 3735 596 3790 haberet.
629 3732 840 3805 Sicque
869 3730 987 3787 illic
1019 3729 1147 3800 fuit,
1181 3731 1374 3802 quoad
1407 3731 1581 3787 motis
1607 3731 1740 3788 inde
1772 3735 1982 3792 castris

335 3823 674 3881 recedentes
703 3819 790 3876 illi
820 3819 1142 3893 Selybriam
1194 3819 1496 3876 honoratis
1529 3837 1596 3876 ac
1655 3821 1982 3893 splendidis

334 3911 627 3985 exsequiis
653 3912 986 3984 portarunt,
1021 3909 1121 3965 ubi
1153 3909 1484 3982 depositum
1519 3913 1608 3966 est
1635 3910 1695 3966 in
1727 3911 1981 3970 Salvato-

334 4002 416 4059 ris
445 3999 823 4058 monasterio.
858 3998 1002 4055 Hinc
1042 3999 1329 4055 ﬂexerunt
1357 4015 1562 4056 versus
1592 4002 1978 4074 Nymphaeum

334 4091 464 4159 iter,
497 4089 626 4146 utili
661 4088 907 4146 consilio
938 4088 1220 4161 pacandis
1243 4093 1467 4145 tractus
1489 4088 1724 4146 Occidui
1757 4092 1980 4148 tumul-

335 4180 497 4236 tibus
525 4195 540 4236 :
569 4195 707 4234 nam
741 4194 1054 4250 progressa
1082 4194 1271 4250 usque
1301 4177 1663 4235 Orestiadem
1711 4184 1769 4235 et
1825 4182 1982 4238 ultra

334 4267 649 4342 propinqui
684 4271 739 4322 et
768 4268 922 4324 I26
954 4267 1122 4338 quasi
1183 4268 1552 4324 adventantis
1609 4269 1982 4340 imperatoris

333 4357 492 4414 fama
520 4355 768 4412 multum
809 4356 993 4412 valuit
1041 4357 1113 4413 ad
1165 4357 1639 4429 comprimendos
1688 4359 1980 4432 inquietos

336 4451 532 4503 motus
556 4445 791 4501 illarum
824 4445 1116 4518 gentium.

332 4601 420 4653 22.
450 4599 513 4655 Ut
541 4598 856 4671 patriarcha
886 4597 1224 4680 Nicephorus
1266 4598 1446 4680 simul
1477 4616 1601 4655 cum
1646 4602 1980 4673 imperatore

829 4671 1042 4726 venerit
1097 4671 1477 4743 Nymphaeum.

405 4804 546 4860 Cum
581 4806 780 4860 autem
814 4819 1028 4874 magna
1057 4802 1348 4860 celeritate
1377 4803 1758 4876 Nymphaeum
1787 4824 1979 4878 perve-

336 4894 584 4960 nissent,
612 4891 947 4964 patriarcha
978 4892 1078 4964 qui
1104 4909 1236 4948 cum
1261 4893 1608 4964 imperatore
1634 4894 1810 4950 simul
1833 4902 1976 4966 erat,

331 4984 540 5040 videns
569 4980 1150 5038 Thessalonicensem
1176 4988 1232 5038 et
1268 4983 1610 5039 Sardensem
1639 4983 1696 5038 in
1721 4985 1845 5041 suis
1868 4987 1978 5058 pri-

331 5074 479 5129 vatis
511 5070 805 5128 obtinatos
835 5071 1144 5126 sententiis
1163 5077 1388 5128 amotos
1419 5088 1450 5128 ο
1475 5073 1667 5129 medio
1688 5076 1975 5145 exsulare,

331 5161 644 5217 substituit
673 5159 819 5232 ipsis
859 5159 1006 5216 alios
1035 5160 1094 5215 in
1146 5160 1380 5216 illarum
1441 5179 1641 5218 curam
1693 5163 1975 5220 Ecclesia-

330 5267 481 5322 rum,
515 5254 572 5307 et
603 5249 898 5323 Cydonem
928 5250 1163 5321 quidem
1194 5250 1590 5316 Joannicium,
1623 5255 1977 5308 monasterio

331 5340 762 5398 Sosandrorum
795 5342 967 5394 antea
993 5339 1390 5411 praepositum,
1442 5339 1977 5410 Thessalonicensi,

331 5430 614 5485 Jacobum
646 5443 782 5483 vero
814 5426 1147 5494 Chalazam,
1181 5427 1279 5499 qui
1314 5443 1383 5483 ex
1412 5427 1724 5484 Occidente
1780 5444 1976 5484 acces—

333 5523 492 5573 serat
539 5517 990 5589 imperatorem,
1039 5517 1315 5572 Sardeusi
1386 5517 1626 5589 praeﬁcit
1675 5517 1976 5575 Ecclesiae.

332 5603 600 5676 Elegerat
619 5605 795 5660 etiam
817 5603 874 5658 in
908 5604 1323 5676 Smyrnensem
1347 5605 1684 5679 episcopum
1719 5607 1977 5664 lsaacum

2090 490 2439 564 ὁρμώμενον.
2469 489 2629 546 Ἀλλ’
2661 491 2712 545 ἐν
2744 491 2991 564 τοσούτῳ
3021 499 3124 561 τῆς
3155 492 3357 548 ἐκείνου
3393 499 3701 571 χειροτονίας

2090 579 2274 654 φθάνει
2333 581 2517 657 πεσὼν
2568 580 2644 644 εἷς
2682 580 2840 635 νόσον
2883 581 2912 635 ὁ
2950 580 3321 656 πατριάρχης,
3353 583 3440 637 καὶ
3496 606 3701 661 προτρο-

2088 673 2214 730 παῖς
2251 665 2471 740 ἰδίαιςῆ
2509 671 2616 742 μὴν
2643 670 2733 724 καὶ
2765 673 2861 724 τοῦ
2922 670 3374 743 ἐξυπηρετοῦντος
3429 671 3565 746 αὐτῷ
3612 678 3706 747 (καὶ

2086 761 2250 812 τοῦτο
2295 764 2396 832 γάρ
2445 755 2703 834 λέγεται·
2739 758 2944 821 ἐκεῖνος
2991 760 3093 835 γὰρ
3138 760 3452 832 ἠναισθήτει
3499 763 3560 817 τά
3611 762 3708 819 λοίς

2089 856 2211 909 σθια
2239 847 2497 920 πνέων)ὁ
2555 847 2613 902 ἐκ
2672 847 3070 918 Θεσσαλονίκης
3127 850 3372 919 Νικήτας
3423 851 3702 928 Δυρραχίου

2086 941 2504 1010 χειροτονεῖται.
2557 934 2706 993 Ἀλλ’
2739 937 2773 1006 ἡ
2825 937 2985 1011 κυρία
3026 935 3151 991 τότε
3179 941 3275 991 τοῦ
3335 939 3554 1001 θανάτου
3610 941 3702 1018 ἐφίη

2089 1044 2274 1078 σταται
2304 1029 2383 1096 τῷ
2404 1025 2882 1100 πατριαρχεόοντι,
2917 1024 3008 1079 καὶ
3039 1027 3068 1080 ὁ
3103 1024 3161 1080 ἐκ
3190 1029 3288 1094 τῆς
3343 1031 3438 1081 τοῦ
3491 1028 3710 1094 Πέλοπος

2088 1111 2144 1167 ἐκ
2175 1113 2484 1189 πριγκίπων
2539 1113 2783 1189 μοναχὸς
2826 1110 3139 1182 Θεοδόσιος,
3170 1115 3309 1189 ἀνὴρ
3369 1111 3597 1186 εὐλαϐὴς
3636 1121 3711 1174 καὶ

2088 1201 2176 1257 ἐπὶ
2208 1201 2489 1266 πλείστοις
2539 1202 2767 1279 χρόνοις
2807 1203 3071 1275 ἀσκήσας,
3105 1201 3185 1257 ἔτι
3237 1201 3296 1258 δὲ
3341 1204 3428 1258 καὶ
3469 1208 3564 1274 τὴν
3607 1229 3711 1262 συν-

2089 1289 2270 1346 ουσίαν
2303 1288 2439 1360 ἡδὺς
2477 1293 2567 1345 καὶ
2600 1292 2810 1367 χαρίεις
2865 1290 2956 1345 καὶ
3015 1289 3276 1353 ποικίλος
3335 1294 3434 1361 τήν
3489 1293 3712 1367 ὁμιλίαν,

2089 1379 2162 1441 ὠς
2213 1379 2378 1452 μόνον
2431 1379 2634 1434 ἐκεῖνον
2696 1378 2882 1434 ἰδόντα
2909 1381 3051 1451 τινα,
3086 1378 3184 1434 κᾶν
3243 1381 3312 1434 τὰ
3363 1381 3579 1457 μέγιστα
3629 1384 3712 1439 λυ-

2086 1473 2272 1540 ποῖτο,
2305 1475 2481 1543 χαρᾶς
2509 1468 2764 1542 ἔμπλεων
2792 1468 3185 1542 ἀπαλλάττειν,
3218 1469 3313 1524 καὶ
3363 1471 3436 1533 ὡς
3495 1471 3546 1526 εὖ
3594 1470 3718 1548 ἔχων

2085 1561 2182 1612 τοῦ
2233 1559 2422 1632 γένους
2478 1564 2621 1622 θεῖος
2671 1562 2768 1612 τοῦ
2820 1562 3147 1633 κρατοῦντος
3189 1559 3710 1632 όνομαζόμενος,τήν

2089 1646 2405 1720 οἰκονομίαν
2458 1651 2556 1702 τοῦ
2601 1647 2724 1702 ὅσον
2791 1646 2943 1702 οῧπω
2996 1648 3399 1721 τεθνηξομένου
3448 1651 3586 1724 παρὰ
3633 1657 3716 1706 τοῦ

2009 1771 2057 1836 Β
2088 1732 2315 1798 ἄνακτος
2348 1734 2714 1811 ἐπιτρέπεται,
2747 1735 2862 1790 ἐπεί
2893 1735 2978 1790 τοί
3008 1757 3072 1810 γε
3099 1737 3190 1790 καὶ
3221 1738 3506 1812 χρήμασιν
3538 1737 3714 1794 ἐπλοῦ-

2091 1845 2171 1878 τει
2230 1823 2289 1879 ἐκ
2333 1831 2433 1895 τῆς
2467 1825 2694 1903 Ἐφέσου
2757 1823 3019 1887 πολλοῖς.
3067 1823 3206 1880 Τότε
3265 1829 3398 1900 γοῦν
3456 1824 3593 1897 νόξαι
3635 1829 3714 1882 τὸν

2092 1912 2337 1986 κείμενον
2368 1912 2585 1988 λέγεται
2615 1914 2706 1968 τὸν
2738 1913 3053 1988 ἐπίτροπον,
3088 1909 3142 1967 εἷ’
3164 1934 3288 1976 πως
3332 1916 3539 1988 αἱροῖτο
3581 1914 3714 1970 ἐπεν-

2095 2001 2315 2072 δυθῆναι
2341 2001 2406 2057 τὰ
2435 2007 2694 2078 μοναχῶν
2733 2023 2744 2034 ·
2780 2003 2807 2057 ὁ
2841 1999 2898 2057 δέ
2947 2002 3058 2076 οὐχ
3113 2001 3267 2064 ὅπως
3328 2002 3564 2075 ἐπείσθη,
3593 2004 3718 2060 ἀλλὰ

2093 2092 2182 2147 καὶ
2235 2093 2446 2168 βαρέως
2497 2095 2598 2163 τήν
2658 2092 2966 2166 ὑπόμνησιν
3021 2090 3246 2168 ἤνεγκεν
3299 2094 3375 2155 ὡς
3431 2095 3714 2166 τεθνηξείων

2093 2181 2400 2257 ἀρχιερεύς.
2435 2182 2538 2238 Καὶ
2587 2179 2654 2250 δή
2715 2181 2764 2254 ἐξ
2817 2179 3115 2255 ἀνθρώπων
3175 2182 3477 2257 γεγονότος
3528 2184 3596 2247 ὡς
3641 2183 3720 2238 τάς

2093 2289 2218 2345 χος,
2249 2271 2276 2325 ὁ
2327 2271 2518 2345 νεκρὸς
2571 2270 2778 2326 ἐκείνου
2833 2268 3208 2344 διακομίζεται
3271 2273 3414 2347 πρὸς
3467 2275 3721 2348 τὴνἝφε-

2093 2379 2206 2429 σον,
2237 2359 2334 2413 κάν
2365 2363 2434 2432 τῇ
2481 2357 2825 2432 μητροπόλει
2872 2363 2953 2431 τῷ
3001 2360 3159 2437 τάφῳ
3208 2356 3444 2430 δίδοται,
3476 2360 3603 2434 ἀνὴρ
3645 2361 3724 2415 τὸν

2097 2448 2213 2523 βίον
2281 2449 2375 2521 μὲν
2427 2442 2683 2524 φοϐερὸς,
2735 2445 3155 2519 ἀκατάπληκτος
3212 2446 3276 2504 δὲ
3335 2442 3452 2512 τοῖς
3501 2447 3729 2525 ἄρχουσι,

2096 2539 2205 2590 τῶν
2268 2533 2325 2590 δέ
2375 2555 2434 2611 γε
2493 2531 2738 2611 φοϐερῶν
2795 2537 3132 2612 ὑπερόπτης,
3181 2541 3327 2594 κατὰ
3386 2539 3572 2615 ἀρετήν
3622 2561 3728 2594 παι-

2098 2623 2274 2689 διόθεν
2308 2627 2562 2696 συνήθης,
2596 2622 2750 2698 δόξας
2781 2623 2838 2680 δὶ
2865 2625 2990 2681 τότε
3016 2631 3138 2690 τοῖς
3182 2625 3428 2690 πολλοῖς
3485 2629 3728 2703 ἐπαχθὴς,

2096 2714 2158 2769 οὐ
2214 2711 2303 2768 διὰ
2347 2715 2445 2782 τὴν
2511 2715 2790 2788 μετάθεσιν
2836 2715 2995 2770 τόσον
3047 2715 3175 2772 ὅσον
3208 2719 3276 2772 τὸ
3309 2722 3505 2788 ζῶντος
3561 2738 3728 2794 πατρι-

2093 2801 2273 2879 ἅρχου
2304 2802 2532 2878 γνησίου
2560 2802 2722 2859 αὐτὸν
2759 2803 3153 2878 μετατίθεσθαι.

2094 2930 2283 2986 virum
2318 2934 2374 2987 et
2401 2930 2594 3002 ipsum
2628 2931 3003 2999 honoratum,
3038 2933 3139 3004 qui
3171 2949 3201 2989 e
3246 2935 3597 2991 monasterio
3633 2935 3726 2990 Xe-

2094 3019 2402 3090 ropotami,
2459 3019 2569 3076 silo
2629 3020 2688 3075 in
2747 3021 3017 3092 partibus
3072 3023 3376 3089 Oceiduis,
3441 3025 3723 3096 prodierat.

2097 3111 2207 3168 Sed
2235 3127 2368 3165 cum
2401 3114 2557 3166 esset
2587 3111 2643 3166 in
2667 3111 2972 3183 procinctu
3007 3113 3078 3166 ad
3112 3111 3274 3170 hunc
3329 3115 3723 3180 ordinandum,

2097 3197 2383 3255 inciditin
2431 3198 2702 3254 morbum
2763 3199 3119 3271 patriarcha,
3180 3203 3359 3273 cujus
3413 3204 3640 3259 consilio
3668 3219 3723 3257 ac

2091 3289 2412 3358 voluntate,
2435 3287 2524 3344 vel
2549 3288 2742 3360 potius
2774 3289 3031 3344 ministri
3059 3291 3189 3361 ejus
3217 3292 3385 3363 (nam
3417 3297 3474 3349 et
3503 3293 3603 3348 hoc
3645 3294 3719 3348 di-

2091 3377 2268 3449 citur)
2281 3378 2544 3448 cumjam
2567 3377 2686 3448 ipse
2702 3377 3013 3434 destitutus
3027 3378 3221 3434 officio
3254 3397 3537 3437 sensuum
3555 3388 3726 3454 ageret

2093 3467 2375 3534 animam,
2411 3467 2952 3523 Thessalonicensis
2982 3467 3212 3524 Nicetas
3243 3469 3302 3524 in
3328 3470 3722 3542 Dyrrhachicu-

2092 3575 2216 3616 sem
2243 3560 2548 3630 promotus
2579 3560 2666 3612 est
2689 3557 2990 3612 thronum.
3051 3558 3346 3615 Caeterum
3409 3560 3718 3631 patriarcha:

2091 3647 2408 3705 constituta
2439 3645 2607 3702 morti
2641 3645 2764 3701 dies
2822 3643 3114 3716 illuxerat,
3174 3651 3234 3703 et
3294 3648 3720 3722 Peloponnesias

2092 3739 2415 3794 monachus
2441 3751 2511 3790 ex
2567 3735 2900 3807 principum
2953 3735 3033 3790 ibi
3064 3736 3508 3794 dominantium
3563 3739 3722 3810 stirpe

2091 3824 2478 3893 Theodosius,
2511 3825 2598 3879 vir
2626 3824 2781 3896 pius,
2813 3824 3035 3896 quique
3064 3825 3469 3900 exlongojam
3491 3832 3722 3898 tempore

2089 3915 2266 3971 vitam
2294 3912 2625 3985 religiosam
2653 3917 2990 3968 exercuerat
3011 3916 3449 3972 consuetudine
3468 3933 3594 3972 vero
3619 3920 3720 3971 tam

2091 4003 2241 4059 comi
2275 4018 2340 4057 ac
2363 4004 2545 4058 faceta
2561 4001 2956 4072 varietateque
2969 4001 3223 4072 jucundi
3249 4005 3538 4061 sermonis
3556 4010 3719 4077 grata,

2092 4097 2155 4148 ut
2175 4091 2367 4164 quivis
2390 4091 2769 4162 quantumvis
2792 4096 3040 4146 mmstus
3063 4107 3128 4146 eo
3161 4091 3289 4148 viso
3321 4093 3721 4151 exhilaratuset

2095 4181 2362 4254 gaudens
2395 4180 2582 4235 abiret
2614 4184 2892 4250 praeterea
2923 4180 3302 4237 nobilissimo
3333 4199 3558 4253 genere,
3588 4183 3721 4237 itaut

2089 4276 2335 4345 patruus
2351 4270 2718 4342 imperatoris
2735 4271 3100 4327 nominaretu
3113 4274 3217 4328 rad
3231 4274 3631 4332 ministrandis
3646 4273 3724 4327 bo-

2092 4365 2345 4420 nisI27
2369 4363 2702 4418 moribundi
2721 4363 3066 4434 patriarcha:
3094 4367 3718 4436 praedivitis,utdictum

2091 4458 2199 4523 est,
2224 4451 2710 4524 pecuniaEpheso
2733 4455 2983 4523 portata,
3011 4454 3366 4525 prazpositus
3390 4455 3464 4510 ab
3489 4457 3718 4526 Augusto

2087 4546 2196 4598 est.
2231 4541 2334 4596 Hic
2367 4541 2739 4612 languentem
2774 4558 2893 4596 suae
2917 4558 3066 4596 curae
3088 4544 3479 4600 commissum
3503 4544 3720 4600 tentavit

2087 4631 2294 4703 ecquid
2325 4629 2500 4686 vellet
2531 4630 2801 4686 monachi
2832 4635 3048 4687 vestem
3081 4632 3350 4690 induere.
3375 4637 3448 4689 At
3472 4633 3564 4689 ille
3592 4633 3716 4688 adeo

2090 4737 2204 4776 non
2235 4723 2326 4775 est
2355 4736 2655 4789 asseusus,
2691 4724 2753 4774 ut
2781 4720 2957 4775 etiam
2992 4721 3167 4776 istam
3215 4724 3580 4780 mentionem
3610 4737 3718 4776 mo-

2087 4809 2232 4866 leste
2262 4808 2479 4878 tulerit,
2503 4810 2817 4864 ostendens
2834 4811 3148 4865 seomnino
3170 4812 3320 4867 velle
3353 4810 3716 4885 patriarcham

2092 4899 2261 4954 mori.
2297 4898 2470 4953 Porro
2501 4897 3024 4969 hujus,postquam
3054 4899 3333 4972 migravit
3355 4920 3424 4956 ex
3441 4899 3715 4968 humanis,

2089 5005 2301 5060 corpus
2333 4986 2596 5043 celeriter
2626 4989 2994 5058 deportatum
3046 4989 3347 5060 Ephesum
3409 4990 3527 5045 illic
3581 4987 3713 5060 apud

2090 5077 2601 5148 metropolitanum
2637 5075 2924 5147 templum
2959 5077 3276 5149 sepultura:
3327 5080 3595 5135 traditur.
3632 5076 3718 5130 Vir

2091 5167 2202 5221 fuit.
2231 5165 2349 5220 vita
2371 5181 2627 5234 severus,
2663 5163 2996 5235 intrepidus
3043 5165 3102 5220 in
3133 5166 3429 5222 obstando
3462 5165 3716 5237 principi-

2090 5256 2222 5324 bus,
2256 5253 2649 5326 periculorum
2686 5253 3101 5325 minarumque
3122 5259 3514 5326 eontemptor,
3540 5251 3713 5309 virtuti

2089 5362 2122 5399 a
2152 5347 2638 5416 pueroassuetus,
2662 5342 3168 5398 visusautemtum
3201 5343 3414 5399 multis
3444 5345 3714 5398 instrusus

2087 5435 2146 5490 in
2179 5431 2625 5505 patriarchalem
2660 5430 2957 5498 thronum,
2994 5448 3106 5487 nou
3152 5437 3272 5486 tam
3308 5433 3460 5502 quod
3489 5428 3714 5487 transla-

2091 5529 2181 5576 tus
2212 5536 2280 5575 ex
2310 5519 2602 5590 Ephesina
2633 5519 2790 5586 sede,
2823 5535 2996 5587 quam
3029 5521 3179 5590 quod
3230 5519 3496 5590 legitimo
3543 5517 3712 5574 adhuc

2088 5610 2316 5664 vivente
2343 5607 2674 5680 patriarcha
2703 5606 3026 5664 translatus
3059 5609 3286 5666 fuisset.
