4034 6200
275 323 380 378 565

1347 330 1443 383 DE
1484 329 1856 384 MICHAELE
1894 332 2341 390 PALEOLOGO
2378 337 2511 391 LIB.
2555 338 2624 392 II.

3591 346 3699 401 566

272 456 376 524 κγ’.
437 449 623 508 Ὅπως
680 450 708 502 ὁ
775 447 1028 521 βασιλεὺς
1072 450 1187 541 Ᾰτὸν
1266 452 1382 505 νέον
1461 448 1715 523 Ἰωάννην
1794 453 1922 508 ἀπε·
1956 458 2009 523 Α
2042 456 2129 509 καὶ
2192 456 2481 531 ἐμελῴδει,
2517 459 2696 515 οὐδενῖ
2756 460 2803 517 δ’
2860 462 3049 538 ἔθελγε
3106 466 3166 519 τὸ
3218 468 3490 541 παράπαν.
3535 468 3697 526 Ἀλλ,

937 521 1253 577 σκευάσατο.

342 629 398 680 Ὀ
433 626 616 699 μέντοι
651 647 713 701 γε
749 625 1001 701 βασιλεὺς
1036 626 1165 683 ὅσον
1198 630 1315 705 εἶχε
1343 629 1431 685 διὰ
1462 635 1693 707 γνώμης
1715 653 1927 705 κατωρ-

274 716 485 785 Θωκὼς,
522 713 760 787 Mam;
795 716 1247 793 ἀντιπράττοντος
1279 721 1359 792 (τὸ
1411 723 1515 797 γὰρ
1547 719 1765 776 παιδίον
1816 724 1930 777 κατ’

274 802 464 878 ὀλίγον
498 804 836 881 παρέῥριπτο
878 806 967 861 καὶ
1016 809 1228 877 ήσθὲνει
1275 810 1411 884 πρὸς
1460 811 1560 878 τήν
1616 812 1816 886 ἀρχὴν,
1853 812 1925 873 ὡς

269 894 357 948 καὶ
392 894 531 949 αὐτᾶ
563 891 628 963 δὴ
658 895 724 948 τά
754 901 853 963 τῆς
890 893 1166 968 βασιλείας
1218 893 1474 970 σύμϐολα
1522 896 1695 975 ἄχθος
1747 900 1923 976 φέρειν

269 985 424 1039 κενόν
458 1006 470 1018 ·
503 985 702 1059 ὥριστο
735 986 837 1061 γὰρ
882 987 971 1040 καί
1030 991 1196 1042 ταῦτα
1255 984 1598 1064 ἀποϐαλεῖν),
1633 989 1720 1045 διὰ
1769 996 1925 1047 τοῦτο

265 1073 315 1127 ἐν
388 1075 702 1150 ἂνακωχαῖς
759 1076 824 1143 ἦν
880 1077 968 1129 καὶ
1022 1074 1245 1153 ἐτρύφα,
1277 1082 1345 1152 τῇ
1374 1080 1481 1133 τῶν
1511 1085 1782 1154 γυναικῶν
1840 1082 1929 1136 αό-

263 1164 556 1242 ταδὲλφων
616 1164 873 1240 θεραπείᾳ
916 1167 1317 1241 θρυπτόμενος,
1374 1172 1459 1229 αῖς
1515 1170 1605 1224 καὶ
1654 1172 1729 1235 εἷς
1773 1174 1928 1228 πάντ’

266 1254 507 1330 ἐχρῆτο,
556 1259 624 1329 τῇ
674 1255 767 1327 μὲν
819 1256 1019 1328 Μάρθα
1072 1256 1148 1317 ὡς
1197 1256 1342 1329 αύτῷ
1388 1259 1609 1333 φανείσῃ
1639 1263 1773 1314 κατὰ
1820 1284 1927 1333 μη-

257 1344 397 1418 τέρα
454 1346 544 1399 καὶ
603 1346 719 1399 κατ’
752 1345 897 1399 οἷκον
959 1347 1039 1417 [Ρ.
1081 1347 1174 1419 83]
1233 1346 1522 1421 ἀναγούσῃ,
1570 1346 1649 1420 τῷ
1701 1350 1925 1423 μεγάλῳ

259 1433 580 1508 δομεστίκῳ
611 1435 686 1497 εἷς
722 1436 1001 1509 ὁμοζυγον
1028 1433 1184 1509 οὔσῃ,
1217 1435 1434 1492 πολλοῦ
1480 1459 1625 1502 τινος
1677 1441 1925 1513 τιμωμέ-

256 1548 338 1596 νῳ
372 1529 454 1597 τῷ
511 1523 725 1600 βασιλεὶ
780 1525 831 1597 (ὁ
870 1522 1201 1599 περίπυστος
1243 1523 1286 1579 δ’
1332 1527 1397 1594 ἢν
1445 1526 1648 1590 ἐκεῖνος
1698 1532 1923 1604 Ταρχα-

252 1615 542 1685 νειώτης),
575 1618 644 1687 τῇ
679 1611 725 1668 δ’
758 1611 1002 1688 Εὖλογίᾳ
1032 1613 1106 1675 ὠς
1155 1614 1243 1668 καὶ
1296 1614 1431 1689 αὐτῇ
1485 1615 1668 1680 καλῶς
1721 1618 1925 1694 ἐχούσῃ

250 1707 352 1758 τοῦ
387 1701 561 1771 ἤθους
589 1702 678 1756 καὶ
710 1702 879 1757 πλέον
912 1704 945 1772 ἢ
984 1701 1160 1773 ἐκείνη
1214 1699 1593 1780 τυρϐαζομὲνῃ
1644 1709 1777 1780 πρὸς
1825 1710 1922 1783 βα-

2039 544 2165 598 ὅταν
2222 547 2489 620 μεμυκόσι
2537 549 2778 625 χείλεσιν
2824 553 3260 629 ὑποκοριζομένη
3312 557 3373 610 τὸ
3424 558 3546 632 περὶ
3595 562 3695 628 τὴν

2039 631 2202 688 πόλιν
2257 633 2453 709 διεξῄει
2489 639 2572 710 (ἧν
2624 637 2681 694 δὲ
2728 642 2789 696 τὸ
2834 641 3124 715 λεγόμενον
3159 645 3231 704 ὡς
3287 642 3403 717 εὖγε
3459 631 3537 716 τῷ
3590 648 3691 722 βα-

2040 722 2185 777 σιλεῖ
2239 733 2339 794 τῆς
2368 726 2604 799 πόλεως,
2636 729 2725 783 καὶ
2781 731 2854 793 ὡς
2910 732 3045 785 κατᾶ
3088 734 3322 806 χρυσέαν
3373 733 3554 805 πύλην
3586 736 3691 791 εἷσ-

2041 811 2217 876 ελθεῖν
2273 812 2495 886 μέλλοι,
2547 818 2636 871 καὶ
2686 820 2759 880 ὡς
2803 821 2862 873 τὸ
2913 820 3002 874 καὶ
3046 821 3110 875 τὸ
3159 819 3331 876 ἐκεῖσε
3383 822 3689 899 μεγαλυνό-

2043 922 2204 974 μενος
2281 902 2654 979 ἐκτελέσειεν),
2704 905 2896 962 αὐτίκα
2952 908 3165 971 τούτοις
3225 910 3403 985 ὥσπερ
3463 917 3684 989 Σειρῆσι

2035 992 2098 1045 τὸ
2156 989 2375 1047 παιδίον
2424 992 2748 1068 θελγόμενον
2799 999 3076 1071 κατεσίγα,
3126 999 3214 1052 καί
3258 1021 3374 1062 πως
3424 1001 3685 1072 μαλακῶς

2034 1080 2124 1133 καὶ
2156 1078 2333 1149 ἡδέως
2363 1084 2792 1153 κατεκοιμίζετο.
2825 1085 3008 1148 Οὕτως
3060 1088 3194 1155 ἦσαν
3254 1089 3308 1141 αἱ
3356 1088 3684 1168 αὐτάδελφαι

2035 1174 2114 1240 τῷ
2146 1167 2362 1243 βασιλεῖ
2391 1172 2479 1225 καὶ
2511 1171 2681 1227 πάλαι
2719 1175 2811 1246 μὲν
2847 1176 2923 1236 εἷς
2966 1178 3308 1248 προμήθειαν
3360 1180 3461 1247 τὴν
3508 1167 3683 1254 προσ-

2036 1259 2295 1327 τίκουσαν,
2327 1260 2417 1313 καὶ
2466 1260 2587 1315 τότε
2636 1260 2692 1317 δὲ
2734 1262 3120 1338 πολυωροῦσαί
3169 1287 3226 1319 τε
3272 1266 3361 1319 καὶ
3420 1265 3682 1337 κηδεύου·

2037 1368 2143 1414 σαι,
2190 1348 2276 1421 ὑφ’
2306 1352 2391 1410 αἷς
2435 1348 2791 1425 λιπαρούσαις
2835 1353 2927 1424 μὲν
2981 1351 3167 1407 πολλά
3206 1375 3347 1408 τισιν
3398 1355 3475 1416 εἷς
3532 1357 3683 1429 εὐερο

2034 1436 2216 1510 γεσίας
2283 1436 2531 1512 ἔπραττε,
2582 1436 3087 1511 συμϐουλευούσαις
3156 1440 3213 1497 δὲ
3271 1448 3535 1518 προσεῖχε
3593 1446 3681 1499 καὶ

2036 1527 2385 1599 συγκατήνυε.
2448 1526 2668 1602 Λέγεται
2730 1527 2786 1583 δὲ
2853 1530 2941 1585 καὶ
3011 1532 3083 1593 ὡς
3140 1530 3317 1605 βουλῇ
3376 1537 3544 1609 σφῶν,
3594 1535 3681 1588 καὶ

2037 1610 2248 1683 μᾶλλον
2299 1620 2400 1681 τῆς
2460 1613 2729 1690 Εὐλογίας
2777 1618 2996 1688 (θατὲρα
3024 1618 3125 1693 γὰρ
3175 1618 3298 1693 περὶ
3356 1618 3681 1674 τὰπλεῖστα

2036 1699 2421 1775 μαλακώτερον
2490 1705 2682 1777 εἶχαν),
2746 1703 3041 1759 ἰδιωτεύειν
3119 1708 3210 1760 τὸν
3271 1708 3523 1776 Ἰωάννην
3597 1710 3681 1762 αἰ-

253 1791 438 1860 σιλέα,
474 1792 579 1846 οὐκ
610 1789 731 1846 οῖδα
761 1788 817 1845 δὲ
850 1790 895 1844 εἰ
926 1790 1014 1845 καὶ
1048 1793 1109 1845 τὸ
1162 1790 1454 1848 ὑποτείνειν
1507 1792 1731 1857 ἐλπίδας
1778 1815 1918 1871 χρη-
1955 1830 2000 1895 Β
2032 1795 2206 1865 ροῖτο.

330 1881 344 1895 .
424 1878 439 1895 ς
496 1880 508 1895 .
576 1883 601 1894 -
788 1878 806 1895 ς
918 1876 955 1895 ,κ
1107 1884 1131 1895 ..
1199 1881 1227 1895 η
1328 1880 1346 1895 ς
1392 1887 1414 1895 -
1482 1882 1495 1895 .
1672 1884 1683 1895 .
1874 1887 1885 1895 .

254 1881 389 1941 στάς
420 1878 512 1935 ἐπὶ
539 1883 605 1952 τῇ
642 1876 1019 1954 μεγαλοπόλει
1062 1884 1145 1951 τῷ
1198 1880 1414 1955 βασιλεῖ
1464 1882 1539 1944 ὠς
1589 1884 1791 1954 ταύτην
1838 1887 1923 1939 αἱ-

249 1973 487 2045 ρήσοντι
536 1968 597 2023 ἐκ
639 1968 937 2042 μορσίμου.
972 1970 1051 2026 Τὸ
1104 1967 1161 2024 δὲ
1209 1972 1503 2045 μόρσιμον,
1558 1974 1689 2044 μεθὸ
1744 1975 1837 2047 μὶν
1886 1978 1920 2044 ἡ

248 2056 425 2121 πόλις
460 2056 633 2125 ἑάλω,
668 2056 846 2127 ἐκείνη
880 2062 1058 2133 τρανῷ
1106 2056 1354 2133 διηγεῖτο
1403 2060 1630 2133 στόματι
1679 2062 1765 2116 κα)
1800 2064 1925 2117 ἀπε-

248 2148 506 2219 θαύμαζε
537 2146 793 2223 λέγουσα,
827 2142 934 2201 ἔδει
970 2144 1139 2202 δὲκαὶ
1182 2150 1281 2218 τὴν
1334 2150 1440 2222 πρὸ
1499 2154 1596 2204 τοῦ
1658 2150 1917 2224 Λὲγουσαν

251 2236 497 2313 θέλγειν.
527 2237 599 2291 Τὸ
630 2234 687 2292 δὲ
716 2237 808 2309 ἦν,
840 2237 913 2298 ὡς
953 2237 1401 2310 κατακοιμίζοιτο
1456 2242 1552 2312 μὲν
1602 2240 1629 2295 ὁ
1665 2240 1916 2317 βασιλεὺς

248 2326 360 2379 ὑπὸ
409 2328 603 2394 τίτθης
671 2325 868 2400 βρέφος
946 2324 996 2378 ἐν
1076 2324 1246 2398 Λίκνῳ
1317 2328 1474 2398 ποτὲ,
1528 2327 1803 2391 πολλάκις
1865 2327 1916 2383 δ’

245 2415 510 2490 ἠγρίαινὲ
564 2435 623 2469 τε
671 2414 761 2469 καὶ
832 2414 1233 2492 ἐκλαυθμύριζε
1309 2418 1400 2472 τὸν
1466 2418 1631 2473 ὕπνον
1684 2417 1912 2474 ἀποδιο-

248 2502 683 2577 πομπούμενον,
718 2502 835 2558 ἐπεὶ
868 2501 911 2558 δ’
945 2504 1152 2575 ἐκείνην
1196 2500 1301 2560 ἔδει
1351 2508 1457 2561 τινὶ
1521 2507 1672 2581 μέλει
1715 2506 1805 2563 διὰ
1854 2508 1914 2562 τὸ

246 2594 544 2669 ἆγριαῖνον
592 2597 901 2669 κατασιγᾷν,
930 2591 1117 2648 πολλὰ
1171 2594 1263 2667 μὲν
1313 2594 1371 2649 ὲκ
1414 2594 1645 2669 μελέτης
1704 2601 1911 2672 συνεῖρε

288 2814 390 2867 23.
432 2814 500 2869 Ut
524 2815 834 2884 imperator
858 2827 1099 2883 puerum
1118 2814 1383 2869 Joannem
1409 2815 1862 2870 hxaucloraverit

320 2902 740 2958 Succedebant
770 2918 942 2973 porro
973 2900 1312 2973 imperatori
1332 2902 1631 2974 negotium
1656 2903 1913 2959 trahenti

252 2993 326 3047 ad
367 3007 431 3047 se
466 2991 523 3046 in
547 2991 804 3047 solidum
829 2991 1311 3063 imperii,resque
1343 2992 1577 3048 nemine
1601 2994 1727 3063 jam
1745 2992 1913 3063 quid-

249 3097 439 3153 quam
476 3084 679 3136 contra
701 3079 975 3136 moliente
1009 3081 1382 3151 procedebat.
1408 3081 1557 3137 Puer
1586 3082 1741 3137 enim
1769 3098 1913 3153 pau-

242 3171 420 3226 latim
473 3169 888 3226 removebatur
944 3169 1299 3241 principatu,
1364 3187 1468 3225 nec
1524 3171 1642 3240 iam
1691 3170 1803 3226 nisi
1836 3175 1912 3227 te-
1945 3212 1988 3278 Ο

246 3276 435 3316 nuem
472 3262 528 3314 et
558 3258 868 3315 evanidam
899 3258 1028 3329 ejus
1062 3259 1317 3330 speciem
1349 3260 1623 3327 habebat,
1657 3259 1913 3331 insignia

242 3349 417 3422 regni
448 3353 694 3420 gestans
712 3347 807 3403 ille
831 3347 1068 3419 quidem
1096 3348 1417 3415 adhuc,sed
1441 3352 1722 3419 tanquam
1748 3348 1921 3403 inane

246 3438 652 3509 pondus;quae
668 3441 724 3491 et
748 3436 876 3506 ipsa
894 3436 944 3491 ei
972 3435 1420 3506 auferendajam
1443 3436 1746 3492 decretum
1774 3440 1918 3489 erat.

248 3529 450 3592 Quare
484 3525 734 3581 Michael
767 3540 974 3580 securo
1000 3524 1127 3595 jam
1160 3524 1463 3596 liberoque
1515 3524 1711 3581 animo
1764 3542 1826 3581 se
1859 3526 1919 3579 in

249 3617 520 3688 quietem
556 3613 918 3685 deliciasque
940 3612 1494 3685 relaxabat,prolixo
1519 3614 1576 3668 in
1601 3614 1693 3669 bis
1723 3613 1918 3669 indul-

254 3706 550 3777 gentique
582 3703 941 3759 admittendo
975 3702 1303 3758 ministerio
1335 3719 1603 3758 sororum
1653 3703 1920 3759 certatim

254 3800 603 3867 Augustum
627 3793 868 3847 fratrem
893 3791 1190 3864 obsequiis
1206 3792 1396 3848 favore
1418 3791 1695 3849 mollibus
1719 3792 1923 3847 mulie-

251 3885 382 3941 ebri
416 3881 705 3938 sdulitate
726 3879 1146 3951 satagentium.
1169 3886 1345 3936 Porro
1376 3880 1475 3936 ille
1505 3897 1920 3953 germanarum

252 3989 435 4047 opera
472 3970 679 4026 nonin
723 3985 862 4024 cura
912 3968 1106 4025 solum
1167 3969 1449 4040 corporis,
1511 3971 1611 4025 sed
1669 3970 1729 4024 in
1789 3969 1920 4026 aliis

255 4079 425 4134 aeque
459 4059 691 4116 cunctis
726 4058 1024 4123 utebatur,
1059 4056 1383 4129 plurimum
1415 4058 1653 4128 utrique
1682 4057 1917 4112 illarum

253 4153 318 4208 in
353 4151 519 4207 omni
554 4164 765 4220 genere
793 4148 983 4202 fidens
1014 4147 1420 4217 tribuensque,
1466 4147 1754 4202 Martbam
1789 4148 1919 4220 qui-

256 4243 395 4297 dem
431 4239 633 4294 studio
669 4237 1000 4307 ﬁduciaque
1033 4235 1195 4290 filiali
1245 4235 1455 4291 solitus
1510 4235 1803 4306 amplecti,
1855 4255 1921 4291 ex

252 4347 373 4402 quo
407 4329 483 4383 ab
518 4344 585 4383 ea
617 4331 681 4381 ut
705 4331 893 4381 matre
926 4326 1213 4381 educatus
1255 4324 1668 4380 amantissime
1727 4326 1923 4381 fuerat

252 4421 520 4476 habente
546 4418 740 4488 ipsum
770 4432 972 4470 secum
1007 4415 1068 4469 in
1098 4413 1207 4468 viri
1243 4414 1334 4469 sui
1387 4415 1557 4469 domo
1591 4416 1790 4485 magni
1824 4417 1918 4471 do-

255 4506 601 4575 mestici,ab
631 4504 986 4575 imperatore
1020 4508 1149 4559 tum
1178 4507 1459 4574 regnante
1491 4503 1676 4558 multo
1702 4504 1758 4559 in
1785 4520 1919 4576 pre-

2033 1947 2130 2004 κδ’.
2166 1949 2244 2007 Τὰ
2292 1953 2427 2006 κατὰ
2474 1953 2565 2032 τὸ]
2617 1952 2876 2032 Χαλυφᾷν
2940 1954 3028 2032 καὶ
3079 1954 3204 2017 τοὺς
3254 1958 3482 2032 Πέρσας,
3531 1958 3678 2019 ὅπως

2521 2024 2797 2099 Τοχάροις
2826 2025 3189 2101 ὑπετάγησαν.

2098 2150 2404 2217 Τηνικαῦτα
2460 2148 2546 2202 καὶ
2606 2153 2714 2203 τῶν
2769 2148 3181 2224 Τοχάρων,οὒς
3327 2155 3481 2222 κοινή
3517 2156 3677 2211 Ἀτα-

2028 2236 2181 2310 ρίους
2240 2235 2389 2311 λέγει
2451 2238 2731 2308 συνήθεια,
2764 2235 2919 2310 δίκην
2972 2239 3378 2316 συρῥευσάντων
3438 2241 3677 2317 χειμάρ-

2029 2324 2125 2399 ῥου
2184 2327 2322 2379 κατὰ
2369 2324 2653 2399 Περσίδος,
2707 2328 2735 2381 ὁ
2782 2329 2876 2400 μὲν
2946 2328 3200 2407 Χαλυφᾶς
3263 2336 3490 2406 χρυσοῖς
3548 2333 3678 2406 παρ’

2026 2413 2241 2467 ἐκείνων
2300 2414 2689 2488 ψωμιζόμενος
2766 2414 3041 2489 ἐτελεύτα,
3102 2418 3167 2472 οὐ
3248 2417 3461 2492 μᾶλλον
3540 2420 3677 2473 κατὰ

2029 2502 2212 2577 χρείαν
2248 2510 2461 2577 σφαγῆς
2490 2504 2525 2572 ἢ
2569 2506 2706 2559 κατὰ
2757 2505 2991 2580 χλεύην,
3025 2506 3097 2568 ὠς
3157 2506 3269 2578 ἐξὸν
3323 2508 3413 2561 τὸν
3474 2507 3676 2583 χρυσόν

2026 2593 2230 2666 ἐκχὲειν
2282 2593 2370 2645 καὶ
2417 2598 2563 2664 νικᾷν
2624 2594 2716 2648 τὸν
2779 2593 3001 2668 ἐχθρὸν,
3063 2597 3090 2650 ὁ
3149 2593 3193 2650 δ’
3254 2597 3438 2672 ἠγάπα
3506 2595 3671 2652 πλέον

2021 2811 2201 2866 fuisse
2235 2810 2402 2865 illum
2435 2826 2587 2882 saepe
2620 2810 3046 2867 rabiosiuscule
3072 2812 3386 2883 querulum
3402 2814 3667 2869 etsomni

2023 2899 2371 2965 difﬁcilis,se
2401 2916 2534 2955 vero
2564 2900 2787 2955 sororia
2817 2901 3059 2956 caritate
3100 2901 3427 2972 soporando
3466 2903 3672 2957 frater-

2026 2990 2156 3043 culo
2186 2989 2424 3043 dantem
2456 3003 2693 3059 operam
2754 2988 2970 3043 multas
3012 2993 3069 3044 et
3105 2988 3298 3043 varias
3336 2988 3569 3045 solitam
3607 2992 3676 3046 ad

2029 3093 2157 3132 eum
2192 3076 2648 3132 demulcendum
2683 3076 2987 3133 cantillare
3017 3078 3258 3142 naenias,
3280 3077 3444 3133 nulla
3475 3093 3678 3135 earum

2033 3170 2272 3235 pacante
2304 3164 2775 3236 inquietudinem
2809 3164 3061 3235 pueruli,
3090 3166 3273 3221 donec
3306 3165 3677 3236 semiapertis

2026 3254 2208 3310 labris
2258 3254 2395 3308 data
2442 3254 2617 3324 opera
2659 3252 2993 3309 balbutiens
3053 3253 3344 3309 modulari
3402 3256 3677 3327 ccepisset

2026 3343 2384 3400 cantilenam
2413 3344 2483 3398 de
2515 3342 2659 3397 urbe
2683 3341 2864 3412 hujus
2885 3343 3005 3397 fere
3028 3343 3280 3399 formaazu
3305 3346 3464 3415 Euge
3486 3345 3671 3416 impe-

2029 3437 2187 3488 rator
2215 3432 2467 3501 urbis,in
2501 3448 2627 3487 eam
2663 3448 2840 3487 aurea
2869 3431 3165 3488 inveheris
3214 3437 3399 3503 porta,
3460 3449 3674 3505 resque

2028 3522 2135 3577 has
2166 3526 2223 3577 et
2244 3521 2351 3577 has
2376 3519 2550 3577 isthic
2574 3521 2915 3591 magniﬁcas
2939 3521 3109 3591 plane
3140 3521 3424 3593 perficies.
3444 3524 3572 3577 »Λᾶ
3606 3540 3674 3579 ea

2026 3611 2241 3682 quippe
2273 3610 2472 3665 statim
2495 3609 2671 3665 verba
2692 3609 3005 3681 puerulum
3030 3609 3191 3666 velut
3218 3610 3487 3666 Sirenum
3529 3629 3670 3683 quo-

2028 3701 2164 3755 dam
2199 3704 2372 3755 cantu
2407 3699 2717 3755 delinitum
2749 3698 3013 3767 siluisse,
3065 3699 3346 3772 mollique
3389 3716 3455 3755 ac
3508 3702 3675 3756 suavi

2028 3789 2322 3861 quievisse
2353 3788 2770 3844 somno.Tales
2801 3792 2858 3843 et
2887 3787 2969 3842 sic
3000 3787 3060 3842 in
3091 3788 3287 3859 ipsum
3320 3790 3537 3845 affectae
3561 3790 3677 3844 im-

2027 3878 2313 3949 pcratoris
2336 3893 2566 3933 sorores
2598 3880 2783 3947 erant;
2816 3893 2944 3948 qua:
2975 3881 3033 3932 et
3088 3876 3284 3949 ipsum
3346 3878 3508 3949 olim,
3540 3895 3675 3934 cum

2026 3968 2154 4036 ejus
2186 3966 2274 4020 vel
2301 3970 2438 4020 aetas
2470 3965 2558 4020 vel
2619 3966 2852 4020 fortuna
2911 3965 3174 4035 ipsarum
3233 3965 3449 4021 auxilio
3514 3968 3677 4039 eguit

2028 4054 2221 4111 studio
2246 4071 2312 4110 ac
2342 4054 2582 4110 caritate
2614 4053 3132 4125 providentissime
3152 4054 3430 4109 fovissent
3450 4058 3675 4111 etnunc

2027 4144 2292 4213 ejusdem
2315 4142 2662 4213 imperantis
2684 4142 2982 4197 securitati
3008 4158 3073 4197 ac
3105 4142 3529 4199 conversationi
3550 4158 3676 4215 per-

2025 4232 2181 4303 vigili
2217 4248 2358 4287 cura
2385 4230 2822 4302 prospicerent;
2874 4246 3121 4301 quarum
3167 4232 3674 4288 commendatione

2027 4338 2093 4376 ac
2126 4321 2397 4393 precibus
2430 4319 2616 4374 multa
2645 4318 2703 4373 in
2736 4321 3024 4389 quosdam
3067 4320 3351 4375 beneficia
3404 4320 3672 4391 contulit,

2027 4410 2272 4466 consilia
2329 4426 2463 4465 vero
2517 4425 2718 4465 earum
2775 4412 2829 4463 et
2886 4407 3134 4463 libenter
3180 4409 3407 4463 audivit
3451 4414 3507 4464 et
3557 4409 3676 4481 ple-

2028 4516 2276 4569 rumque
2308 4504 2547 4553 secutus
2578 4504 2686 4567 est,
2721 4496 2945 4552 Dicitur
2986 4496 3162 4553 etiam
3195 4496 3405 4552 harum
3466 4514 3674 4571 sugge-

254 4599 337 4653 tio
368 4596 802 4653 babiti.Fuerat
824 4594 872 4648 is
896 4593 1150 4665 inclytus
1172 4592 1271 4647 ille
1293 4591 1700 4649 Tarchaniota.
1727 4593 1920 4649 Altera
1951 4586 1997 4648 D
2029 4589 2218 4644 stione
2250 4589 2401 4644 129
2456 4588 2754 4653 inductus,
2789 4587 3041 4641 maxime
3071 4591 3266 4642 autem
3298 4586 3550 4659 Eulogiae
3587 4588 3667 4659 (in

260 4691 387 4742 erat
418 4684 575 4741 I28
589 4698 871 4755 germana
889 4681 1260 4753 imperatoris
1279 4679 1917 4751 Eulogia,suavissimis

258 4781 317 4831 et
348 4777 482 4847 ipsa
504 4770 1286 4841 moribus,frequentiusque
1304 4768 1476 4824 solita
1502 4770 1642 4825 itare
1676 4772 1743 4824 ad
1767 4772 1919 4842 prin-

261 4866 455 4937 cipem
490 4864 725 4918 fratrem
758 4875 1006 4930 seseque
1054 4858 1387 4914 immiscere
1441 4859 1713 4929 negotiis,
1762 4861 1916 4916 haud

260 4954 382 5009 seio
417 4969 494 5007 an
530 4968 645 5006 non
669 4950 718 5005 ei
756 4947 1439 5020 peculiariterjucunda,
1472 4948 1622 5017 quod
1659 4950 1917 5020 augurio

258 5041 369 5113 ipsi
406 5056 688 5113 prospero
724 5036 1231 5108 recuperationem
1264 5052 1494 5107 magna;
1544 5035 1704 5091 urbis
1754 5038 1917 5092 fratri

264 5131 635 5186 ominaretur
664 5131 731 5182 ut
759 5124 880 5181 fato
908 5126 1187 5180 debitam.
1223 5124 1385 5180 Unde
1427 5129 1623 5179 autem
1674 5126 1733 5179 in
1789 5143 1916 5182 eam

266 5236 432 5289 spem
465 5222 622 5273 esset
648 5216 942 5287 ingressa,
968 5214 1051 5268 sic
1084 5214 1207 5277 illa,
1243 5218 1558 5285 postquam
1588 5218 1677 5269 est
1708 5215 1918 5270 deinde

261 5313 432 5379 capta
458 5306 683 5375 civitas,
714 5320 973 5369 narrare,
1010 5308 1409 5368 consueverat,
1445 5302 1745 5358 admirans
1774 5306 1915 5358 divi-

263 5413 398 5451 nam
433 5397 491 5450 in
524 5412 591 5451 eo
622 5394 1075 5466 providentiam.
1110 5392 1425 5461 Oportebat
1460 5396 1657 5446 autem
1687 5409 1785 5448 eos
1817 5395 1915 5464 qui

264 5484 370 5541 hoc
404 5485 615 5541 audire
639 5483 850 5554 exipsa
886 5481 1120 5545 vellent,
1155 5479 1399 5534 delinire
1442 5480 1631 5551 ipsam
1667 5483 1831 5553 prius
1862 5490 1917 5538 et

259 5574 812 5645 rogare.Referebat
844 5587 1012 5643 porro
1043 5569 1101 5623 in
1138 5568 1292 5622 hunc
1326 5569 1605 5624 modum:
1641 5588 1772 5625 cum
1811 5572 1913 5625 im—

260 5668 492 5733 perator
526 5662 720 5717 adhuc
746 5661 944 5716 iulans
985 5660 1093 5714 sub
1145 5658 1320 5712 ubere
1368 5658 1587 5727 jaceret
1622 5661 1674 5713 in
1711 5662 1909 5725 cuuis,

2027 4678 2178 4732 hanc
2228 4677 2382 4732 enim
2431 4676 2704 4731 teneriori
2763 4676 2881 4731 fere
2940 4676 3249 4730 videbatur
3304 4678 3669 4747 propendere

2028 4767 2282 4837 affectu),
2318 4766 2579 4836 redigere
2618 4765 2678 4819 in
2711 4766 2973 4819 ordinem
3002 4772 3053 4820 et
3079 4764 3410 4836 insignibus
3441 4767 3669 4839 imperii

2027 4872 2235 4911 exuere
2264 4856 2546 4910 Joannem
2570 4853 2867 4925 statuisse.

2026 4964 2115 5018 24.
2151 4964 2223 5017 De
2270 4962 2554 5033 (Ihalypha
2587 4969 2633 5016 et
2690 4963 2900 5041 Persis,
2951 4970 3010 5017 ut
3065 4961 3317 5017 Tocharis
3368 4961 3481 5017 sint
3540 4964 3675 5017 sub-

2763 5043 2897 5103 jecti
2908 5075 2919 5086 .

2101 5125 2219 5178 120.
2250 5123 2411 5177 Tunc
2441 5122 2739 5188 Tocharis,
2803 5138 2950 5192 quos
2994 5122 3223 5176 Atarios
3266 5122 3478 5193 vulgus
3526 5122 3672 5177 solet

2028 5229 2232 5267 vocare
2262 5212 2319 5266 in
2376 5212 2666 5266 Persidem
2702 5211 2982 5264 torrentis
3041 5211 3155 5264 ritu
3210 5211 3666 5280 conﬂuentibus,

2029 5300 2357 5372 Cbalyphas
2385 5317 2525 5355 auro
2555 5299 2870 5370 liquefacto
2898 5299 3247 5353 in'osintuso
3280 5300 3668 5371 interemptus

2029 5391 2099 5445 ab
2132 5390 2249 5445 illis
2278 5394 2507 5454 est,non
2544 5394 2657 5443 tam
2693 5391 2849 5459 quod
2884 5406 2997 5444 non
3032 5387 3210 5442 alium
3243 5388 3663 5457 expeditiorem

2027 5480 2301 5534 haberent
2326 5480 2453 5547 ejus
2477 5479 2716 5534 tollendi
2734 5478 3177 5547 modum,quam
3200 5477 3253 5529 in
3272 5474 3669 5543 exprobratio-

2025 5569 2239 5624 tionem
2276 5586 2431 5623 canere
2466 5569 2653 5639 ipsius
2682 5565 3064 5635 avaritiae,qui
3098 5581 3227 5618 cum
3261 5563 3424 5617 facile
3448 5564 3668 5633 potuis-

2028 5663 2116 5715 set
2133 5675 2339 5714 aurum
2362 5658 2710 5711 elfuudendo
2735 5657 2935 5710 hostes
2959 5651 3501 5720 viuccre,malucrat
3527 5669 3668 5708 auro
