  <div class='ocr_page' id='page_1' title='image "/cluster/home/n/w/nwhite01/storage/ocr_20150623/143/hvd.32044073502585/289.png"; bbox 0 0 4018 6198; ppageno 0'>
   <div class='ocr_carea' id='block_1_1' title="bbox 387 328 494 384">
    <p class='ocr_par' dir='ltr' id='par_1_1' title="bbox 387 328 494 384">
     <span class='ocr_line' id='line_1_1' title="bbox 387 328 494 384; baseline -0.037 0"><span class='ocrx_word' id='word_1_1' title='bbox 387 328 494 384; x_wconf 83' lang='grc'>567</span> 
     </span>
    </p>
   </div>
   <div class='ocr_carea' id='block_1_2' title="bbox 1699 321 2496 379">
    <p class='ocr_par' dir='ltr' id='par_1_2' title="bbox 1699 321 2496 379">
     <span class='ocr_line' id='line_1_2' title="bbox 1699 321 2496 379; baseline 0 -3"><span class='ocrx_word' id='word_1_2' title='bbox 1699 321 1999 379; x_wconf 79' lang='lat' dir='ltr'>GEORGII</span> <span class='ocrx_word' id='word_1_3' title='bbox 2037 321 2496 376; x_wconf 73' lang='lat' dir='ltr'>PACHYMERE</span> 
     </span>
    </p>
   </div>
   <div class='ocr_carea' id='block_1_3' title="bbox 3654 329 3742 386">
    <p class='ocr_par' dir='ltr' id='par_1_3' title="bbox 3654 329 3742 386">
     <span class='ocr_line' id='line_1_3' title="bbox 3654 329 3742 386; baseline 0 0"><span class='ocrx_word' id='word_1_4' title='bbox 3654 329 3742 386; x_wconf 79' lang='lat'>568</span> 
     </span>
    </p>
   </div>
   <div class='ocr_carea' id='block_1_4' title="bbox 392 441 3745 521">
    <p class='ocr_par' dir='ltr' id='par_1_4' title="bbox 392 441 3745 521">
     <span class='ocr_line' id='line_1_4' title="bbox 392 441 3745 521; baseline -0.015 -12"><span class='ocrx_word' id='word_1_5' title='bbox 392 453 568 510; x_wconf 85' lang='grc' dir='ltr'>ἐκεῖνο</span> <span class='ocrx_word' id='word_1_6' title='bbox 625 452 660 519; x_wconf 71' lang='grc' dir='ltr'>ἦ</span> <span class='ocrx_word' id='word_1_7' title='bbox 721 448 934 519; x_wconf 66' lang='grc' dir='ltr'>ἑαυτὸν,</span> <span class='ocrx_word' id='word_1_8' title='bbox 966 446 1040 508; x_wconf 85' lang='grc' dir='ltr'>ὠς</span> <span class='ocrx_word' id='word_1_9' title='bbox 1089 445 1178 500; x_wconf 86' lang='grc' dir='ltr'>καὶ</span> <span class='ocrx_word' id='word_1_10' title='bbox 1239 446 1704 521; x_wconf 78' lang='grc' dir='ltr'>χρυσοτραγήσων</span> <span class='ocrx_word' id='word_1_11' title='bbox 1765 441 2032 518; x_wconf 78' lang='grc' dir='ltr'>ἄντικρυς.</span> <span class='ocrx_word' id='word_1_12' title='bbox 2066 447 2122 516; x_wconf 69' lang='grc' dir='ltr'><strong>Α</strong></span> <span class='ocrx_word' id='word_1_13' title='bbox 2152 441 2485 519; x_wconf 71' lang='grc' dir='ltr'>ἀπορρήτοις</span> <span class='ocrx_word' id='word_1_14' title='bbox 2539 443 2860 516; x_wconf 74' lang='grc' dir='ltr'>βασιλικῶν,</span> <span class='ocrx_word' id='word_1_15' title='bbox 2893 441 2983 497; x_wconf 82' lang='grc' dir='ltr'>καὶ</span> <span class='ocrx_word' id='word_1_16' title='bbox 3026 441 3092 497; x_wconf 65' lang='grc' dir='ltr'><strong>τὰ</strong></span> <span class='ocrx_word' id='word_1_17' title='bbox 3140 443 3251 498; x_wconf 68' lang='grc' dir='ltr'>κατ.</span> <span class='ocrx_word' id='word_1_18' title='bbox 3300 441 3485 509; x_wconf 56' lang='grc' dir='ltr'>αὐτοὺς</span> <span class='ocrx_word' id='word_1_19' title='bbox 3540 448 3590 504; x_wconf 56' lang='grc' dir='ltr'><strong>εὖ</strong></span> <span class='ocrx_word' id='word_1_20' title='bbox 3641 449 3745 508; x_wconf 53' lang='grc' dir='ltr'>δια-</span> 
     </span>
    </p>
   </div>
   <div class='ocr_carea' id='block_1_5' title="bbox 397 531 2048 615">
    <p class='ocr_par' dir='ltr' id='par_1_5' title="bbox 397 531 2048 615">
     <span class='ocr_line' id='line_1_5' title="bbox 397 531 2048 615; baseline -0.008 -16"><span class='ocrx_word' id='word_1_21' title='bbox 397 545 490 615; x_wconf 88' lang='grc' dir='ltr'>[Ρ.</span> <span class='ocrx_word' id='word_1_22' title='bbox 525 542 616 613; x_wconf 81' lang='grc'>84]</span> <span class='ocrx_word' id='word_1_23' title='bbox 650 539 748 594; x_wconf 84' lang='grc' dir='ltr'>Καὶ</span> <span class='ocrx_word' id='word_1_24' title='bbox 806 538 834 592; x_wconf 87' lang='grc' dir='ltr'><strong>ὁ</strong></span> <span class='ocrx_word' id='word_1_25' title='bbox 888 536 982 609; x_wconf 79' lang='grc' dir='ltr'>μὶν</span> <span class='ocrx_word' id='word_1_26' title='bbox 1037 535 1181 591; x_wconf 75' lang='grc' dir='ltr'>οὕτω</span> <span class='ocrx_word' id='word_1_27' title='bbox 1229 536 1345 590; x_wconf 89' lang='grc' dir='ltr'>κατ’</span> <span class='ocrx_word' id='word_1_28' title='bbox 1393 533 1591 589; x_wconf 97' lang='grc' dir='ltr'>οἰκείαν</span> <span class='ocrx_word' id='word_1_29' title='bbox 1658 532 1832 608; x_wconf 80' lang='grc' dir='ltr'>κρίσιν</span> <span class='ocrx_word' id='word_1_30' title='bbox 1888 531 2048 598; x_wconf 79' lang='grc' dir='ltr'>δῆθεν</span> 
     </span>
    </p>
   </div>
   <div class='ocr_carea' id='block_1_6' title="bbox 397 622 2052 704">
    <p class='ocr_par' dir='ltr' id='par_1_6' title="bbox 397 622 2052 704">
     <span class='ocr_line' id='line_1_6' title="bbox 397 622 2052 704; baseline -0.006 -19"><span class='ocrx_word' id='word_1_31' title='bbox 397 630 666 704; x_wconf 81' lang='grc' dir='ltr'>ἐπνίγετο,</span> <span class='ocrx_word' id='word_1_32' title='bbox 693 627 760 681; x_wconf 76' lang='grc' dir='ltr'>τὰ</span> <span class='ocrx_word' id='word_1_33' title='bbox 818 625 875 681; x_wconf 77' lang='grc' dir='ltr'>δὲ</span> <span class='ocrx_word' id='word_1_34' title='bbox 930 633 1028 694; x_wconf 79' lang='grc' dir='ltr'>τῆς</span> <span class='ocrx_word' id='word_1_35' title='bbox 1086 623 1350 700; x_wconf 84' lang='grc' dir='ltr'>Περσίδος</span> <span class='ocrx_word' id='word_1_36' title='bbox 1381 622 1490 694; x_wconf 73' lang='grc' dir='ltr'>ἤδη</span> <span class='ocrx_word' id='word_1_37' title='bbox 1533 622 1702 678; x_wconf 81' lang='grc' dir='ltr'>ἐνόσει</span> <span class='ocrx_word' id='word_1_38' title='bbox 1749 623 1838 676; x_wconf 86' lang='grc' dir='ltr'>καὶ</span> <span class='ocrx_word' id='word_1_39' title='bbox 1871 627 2052 685; x_wconf 86' lang='grc' dir='ltr'>κακῶς</span> 
     </span>
    </p>
   </div>
   <div class='ocr_carea' id='block_1_7' title="bbox 397 709 2044 794">
    <p class='ocr_par' dir='ltr' id='par_1_7' title="bbox 397 709 2044 794">
     <span class='ocr_line' id='line_1_7' title="bbox 397 709 2044 794; baseline -0.005 -21"><span class='ocrx_word' id='word_1_40' title='bbox 397 720 566 794; x_wconf 80' lang='grc' dir='ltr'>εἶχεν,</span> <span class='ocrx_word' id='word_1_41' title='bbox 599 715 674 780; x_wconf 85' lang='grc' dir='ltr'>ὠς</span> <span class='ocrx_word' id='word_1_42' title='bbox 713 714 854 790; x_wconf 74' lang='grc' dir='ltr'>μηδὶ</span> <span class='ocrx_word' id='word_1_43' title='bbox 879 713 1008 791; x_wconf 90' lang='grc' dir='ltr'>δίχα</span> <span class='ocrx_word' id='word_1_44' title='bbox 1066 709 1238 794; x_wconf 70' lang='grc' dir='ltr'>φόϐου</span> <span class='ocrx_word' id='word_1_45' title='bbox 1295 715 1382 768; x_wconf 86' lang='grc' dir='ltr'>καὶ</span> <span class='ocrx_word' id='word_1_46' title='bbox 1448 712 1604 768; x_wconf 86' lang='grc' dir='ltr'>αὐτὸν</span> <span class='ocrx_word' id='word_1_47' title='bbox 1667 713 1754 766; x_wconf 79' lang='grc' dir='ltr'>τὸν</span> <span class='ocrx_word' id='word_1_48' title='bbox 1814 710 2044 766; x_wconf 76' lang='grc' dir='ltr'>σουλτᾶν</span> 
     </span>
    </p>
   </div>
   <div class='ocr_carea' id='block_1_8' title="bbox 404 801 2048 879">
    <p class='ocr_par' dir='ltr' id='par_1_8' title="bbox 404 801 2048 879">
     <span class='ocr_line' id='line_1_8' title="bbox 404 801 2048 879; baseline -0.007 -13"><span class='ocrx_word' id='word_1_49' title='bbox 404 807 662 878; x_wconf 82' lang='grc' dir='ltr'>Ἀζατίην</span> <span class='ocrx_word' id='word_1_50' title='bbox 723 805 926 861; x_wconf 76' lang='grc' dir='ltr'>ἐᾶσθαι,</span> <span class='ocrx_word' id='word_1_51' title='bbox 983 801 1395 879; x_wconf 76' lang='grc' dir='ltr'>Κατωρῥώδουν</span> <span class='ocrx_word' id='word_1_52' title='bbox 1471 802 1572 878; x_wconf 70' lang='grc' dir='ltr'>γὰρ</span> <span class='ocrx_word' id='word_1_53' title='bbox 1642 803 1705 856; x_wconf 88' lang='grc' dir='ltr'>τὸ</span> <span class='ocrx_word' id='word_1_54' title='bbox 1781 802 1932 865; x_wconf 77' lang='grc' dir='ltr'>ἔθνος</span> <span class='ocrx_word' id='word_1_55' title='bbox 1996 803 2048 854; x_wconf 75' lang='lat' dir='ltr'>ot</span> 
     </span>
    </p>
   </div>
   <div class='ocr_carea' id='block_1_9' title="bbox 393 891 2044 973">
    <p class='ocr_par' dir='ltr' id='par_1_9' title="bbox 393 891 2044 973">
     <span class='ocr_line' id='line_1_9' title="bbox 393 891 2044 973; baseline -0.005 -20"><span class='ocrx_word' id='word_1_56' title='bbox 393 897 594 973; x_wconf 89' lang='grc' dir='ltr'>Πέρσαι</span> <span class='ocrx_word' id='word_1_57' title='bbox 644 895 734 950; x_wconf 86' lang='grc' dir='ltr'>καὶ</span> <span class='ocrx_word' id='word_1_58' title='bbox 796 893 1163 968; x_wconf 71' lang='grc' dir='ltr'>κατημέλουν,</span> <span class='ocrx_word' id='word_1_59' title='bbox 1217 896 1502 963; x_wconf 80' lang='grc' dir='ltr'>ζητοῦντες</span> <span class='ocrx_word' id='word_1_60' title='bbox 1563 893 1681 956; x_wconf 84' lang='grc' dir='ltr'>καθ’</span> <span class='ocrx_word' id='word_1_61' title='bbox 1741 891 1898 946; x_wconf 89' lang='grc' dir='ltr'>αὐτὸν</span> <span class='ocrx_word' id='word_1_62' title='bbox 1970 891 2044 952; x_wconf 82' lang='grc' dir='ltr'>ὡς</span> 
     </span>
    </p>
   </div>
   <div class='ocr_carea' id='block_1_10' title="bbox 396 976 2049 1062">
    <p class='ocr_par' dir='ltr' id='par_1_10' title="bbox 396 976 2049 1062">
     <span class='ocr_line' id='line_1_10' title="bbox 396 976 2049 1062; baseline -0.005 -20"><span class='ocrx_word' id='word_1_63' title='bbox 396 989 541 1062; x_wconf 74' lang='grc' dir='ltr'>εἶχεν</span> <span class='ocrx_word' id='word_1_64' title='bbox 563 983 787 1046; x_wconf 66' lang='grc' dir='ltr'>ἕκαστος</span> <span class='ocrx_word' id='word_1_65' title='bbox 835 988 931 1038; x_wconf 80' lang='grc' dir='ltr'>τοῦ</span> <span class='ocrx_word' id='word_1_66' title='bbox 980 983 1267 1052; x_wconf 85' lang='grc' dir='ltr'>σώζεσθαι.</span> <span class='ocrx_word' id='word_1_67' title='bbox 1298 983 1397 1035; x_wconf 80' lang='grc' dir='ltr'>Καὶ</span> <span class='ocrx_word' id='word_1_68' title='bbox 1455 981 1591 1036; x_wconf 84' lang='grc' dir='ltr'>κατὰ</span> <span class='ocrx_word' id='word_1_69' title='bbox 1644 982 1744 1049; x_wconf 81' lang='grc' dir='ltr'>τὴν</span> <span class='ocrx_word' id='word_1_70' title='bbox 1777 980 1954 1056; x_wconf 74' lang='grc' dir='ltr'>ἀρχὴν</span> <span class='ocrx_word' id='word_1_71' title='bbox 1991 976 2049 1034; x_wconf 75' lang='grc' dir='ltr'>δὲ</span> 
     </span>
    </p>
   </div>
   <div class='ocr_carea' id='block_1_11' title="bbox 393 1068 2049 1150">
    <p class='ocr_par' dir='ltr' id='par_1_11' title="bbox 393 1068 2049 1150">
     <span class='ocr_line' id='line_1_11' title="bbox 393 1068 2049 1150; baseline -0.005 -19"><span class='ocrx_word' id='word_1_72' title='bbox 393 1077 460 1130; x_wconf 76' lang='grc' dir='ltr'>τὰ</span> <span class='ocrx_word' id='word_1_73' title='bbox 487 1082 588 1144; x_wconf 83' lang='grc' dir='ltr'>τῆς</span> <span class='ocrx_word' id='word_1_74' title='bbox 623 1071 889 1150; x_wconf 86' lang='grc' dir='ltr'>Περσίδος</span> <span class='ocrx_word' id='word_1_75' title='bbox 924 1069 1316 1140; x_wconf 82' lang='grc' dir='ltr'>ἐκλυδωνίζετο</span> <span class='ocrx_word' id='word_1_76' title='bbox 1365 1073 1472 1125; x_wconf 86' lang='grc' dir='ltr'>τῶν</span> <span class='ocrx_word' id='word_1_77' title='bbox 1524 1074 1808 1144; x_wconf 81' lang='grc' dir='ltr'>σατραπῶν</span> <span class='ocrx_word' id='word_1_78' title='bbox 1859 1068 2049 1124; x_wconf 80' lang='grc' dir='ltr'>ἐπανι-</span> 
     </span>
    </p>
   </div>
   <div class='ocr_carea' id='block_1_12' title="bbox 396 1157 2050 1234">
    <p class='ocr_par' dir='ltr' id='par_1_12' title="bbox 396 1157 2050 1234">
     <span class='ocr_line' id='line_1_12' title="bbox 396 1157 2050 1234; baseline -0.005 -14"><span class='ocrx_word' id='word_1_79' title='bbox 396 1167 696 1234; x_wconf 85' lang='grc' dir='ltr'>σταμένων,</span> <span class='ocrx_word' id='word_1_80' title='bbox 745 1163 881 1218; x_wconf 80' lang='grc' dir='ltr'>ὥστε</span> <span class='ocrx_word' id='word_1_81' title='bbox 955 1164 1044 1217; x_wconf 87' lang='grc' dir='ltr'>καὶ</span> <span class='ocrx_word' id='word_1_82' title='bbox 1123 1159 1218 1216; x_wconf 81' lang='grc' dir='ltr'>δύο</span> <span class='ocrx_word' id='word_1_83' title='bbox 1273 1163 1381 1214; x_wconf 87' lang='grc' dir='ltr'>τῶν</span> <span class='ocrx_word' id='word_1_84' title='bbox 1461 1163 1791 1234; x_wconf 76' lang='grc' dir='ltr'>μεγιστάνων</span> <span class='ocrx_word' id='word_1_85' title='bbox 1850 1157 2050 1214; x_wconf 81' lang='grc' dir='ltr'>ἐκεῖθεν</span> 
     </span>
    </p>
   </div>
   <div class='ocr_carea' id='block_1_13' title="bbox 396 1247 2048 1330">
    <p class='ocr_par' dir='ltr' id='par_1_13' title="bbox 396 1247 2048 1330">
     <span class='ocr_line' id='line_1_13' title="bbox 396 1247 2048 1330; baseline -0.004 -20"><span class='ocrx_word' id='word_1_86' title='bbox 396 1260 799 1330; x_wconf 79' lang='grc' dir='ltr'>προσχωρῆσαι</span> <span class='ocrx_word' id='word_1_87' title='bbox 829 1256 907 1323; x_wconf 81' lang='grc' dir='ltr'>τῷ</span> <span class='ocrx_word' id='word_1_88' title='bbox 941 1250 1175 1326; x_wconf 85' lang='grc' dir='ltr'>βασιλεῖ,</span> <span class='ocrx_word' id='word_1_89' title='bbox 1208 1254 1306 1305; x_wconf 71' lang='grc' dir='ltr'>τοῦ</span> <span class='ocrx_word' id='word_1_90' title='bbox 1358 1249 1610 1321; x_wconf 83' lang='grc' dir='ltr'>σουλτὰν,</span> <span class='ocrx_word' id='word_1_91' title='bbox 1643 1249 1716 1311; x_wconf 84' lang='grc' dir='ltr'>ὠς</span> <span class='ocrx_word' id='word_1_92' title='bbox 1769 1247 2048 1324; x_wconf 78' lang='grc' dir='ltr'>βλακικῶς</span> 
     </span>
    </p>
   </div>
   <div class='ocr_carea' id='block_1_14' title="bbox 401 1337 2048 1420">
    <p class='ocr_par' dir='ltr' id='par_1_14' title="bbox 401 1337 2048 1420">
     <span class='ocr_line' id='line_1_14' title="bbox 401 1337 2048 1420; baseline -0.004 -22"><span class='ocrx_word' id='word_1_93' title='bbox 401 1343 557 1420; x_wconf 83' lang='grc' dir='ltr'>διῆγε</span> <span class='ocrx_word' id='word_1_94' title='bbox 585 1343 674 1398; x_wconf 84' lang='grc' dir='ltr'>καὶ</span> <span class='ocrx_word' id='word_1_95' title='bbox 705 1343 822 1397; x_wconf 87' lang='grc' dir='ltr'>κατ’</span> <span class='ocrx_word' id='word_1_96' title='bbox 856 1338 1080 1410; x_wconf 79' lang='grc' dir='ltr'>ἰδιώτην</span> <span class='ocrx_word' id='word_1_97' title='bbox 1125 1339 1449 1409; x_wconf 81' lang='grc' dir='ltr'>ἀκόλαστον,</span> <span class='ocrx_word' id='word_1_98' title='bbox 1482 1339 1540 1395; x_wconf 79' lang='grc' dir='ltr'>έκ</span> <span class='ocrx_word' id='word_1_99' title='bbox 1595 1344 1692 1394; x_wconf 70' lang='grc' dir='ltr'>τοῦ</span> <span class='ocrx_word' id='word_1_100' title='bbox 1747 1337 2048 1414; x_wconf 75' lang='grc' dir='ltr'>προχείρου</span> 
     </span>
    </p>
   </div>
   <div class='ocr_carea' id='block_1_15' title="bbox 403 1425 2050 1508">
    <p class='ocr_par' dir='ltr' id='par_1_15' title="bbox 403 1425 2050 1508">
     <span class='ocr_line' id='line_1_15' title="bbox 403 1425 2050 1508; baseline -0.004 -20"><span class='ocrx_word' id='word_1_101' title='bbox 403 1430 778 1508; x_wconf 83' lang='grc' dir='ltr'>ὑπεριδόντας.</span> <span class='ocrx_word' id='word_1_102' title='bbox 808 1433 870 1484; x_wconf 76' lang='grc' dir='ltr'>Οἱ</span> <span class='ocrx_word' id='word_1_103' title='bbox 931 1427 1218 1487; x_wconf 82' lang='grc' dir='ltr'>Βασιλικοὶ</span> <span class='ocrx_word' id='word_1_104' title='bbox 1280 1427 1324 1484; x_wconf 87' lang='grc' dir='ltr'>δ’</span> <span class='ocrx_word' id='word_1_105' title='bbox 1357 1431 1507 1484; x_wconf 84' lang='grc' dir='ltr'>οὗτοι</span> <span class='ocrx_word' id='word_1_106' title='bbox 1559 1429 1718 1501; x_wconf 80' lang='grc' dir='ltr'>ἦσαν,</span> <span class='ocrx_word' id='word_1_107' title='bbox 1752 1425 1941 1502; x_wconf 76' lang='grc' dir='ltr'>ἄνδρες</span> <span class='ocrx_word' id='word_1_108' title='bbox 1992 1427 2050 1482; x_wconf 84' lang='grc' dir='ltr'>ὲκ</span> 
     </span>
    </p>
   </div>
   <div class='ocr_carea' id='block_1_16' title="bbox 399 1515 2050 1594">
    <p class='ocr_par' dir='ltr' id='par_1_16' title="bbox 399 1515 2050 1594">
     <span class='ocr_line' id='line_1_16' title="bbox 399 1515 2050 1594; baseline -0.004 -17"><span class='ocrx_word' id='word_1_109' title='bbox 399 1519 596 1577; x_wconf 84' lang='grc' dir='ltr'>Ῥόδου</span> <span class='ocrx_word' id='word_1_110' title='bbox 643 1522 740 1594; x_wconf 75' lang='grc' dir='ltr'>μὶν</span> <span class='ocrx_word' id='word_1_111' title='bbox 785 1519 1036 1583; x_wconf 83' lang='grc' dir='ltr'>ἀνέκαθεν</span> <span class='ocrx_word' id='word_1_112' title='bbox 1097 1518 1270 1591; x_wconf 79' lang='grc' dir='ltr'>ὅντες,</span> <span class='ocrx_word' id='word_1_113' title='bbox 1302 1518 1360 1573; x_wconf 82' lang='grc' dir='ltr'>ἐκ</span> <span class='ocrx_word' id='word_1_114' title='bbox 1408 1515 1710 1591; x_wconf 81' lang='grc' dir='ltr'>θυμελικῆς</span> <span class='ocrx_word' id='word_1_115' title='bbox 1761 1515 1807 1571; x_wconf 81' lang='grc' dir='ltr'>δ’</span> <span class='ocrx_word' id='word_1_116' title='bbox 1857 1517 2050 1587; x_wconf 81' lang='grc' dir='ltr'>ἐπιτη-</span> 
     </span>
    </p>
   </div>
   <div class='ocr_carea' id='block_1_17' title="bbox 403 1604 2050 1683">
    <p class='ocr_par' dir='ltr' id='par_1_17' title="bbox 403 1604 2050 1683">
     <span class='ocr_line' id='line_1_17' title="bbox 403 1604 2050 1683; baseline -0.001 -19"><span class='ocrx_word' id='word_1_117' title='bbox 403 1609 636 1673; x_wconf 82' lang='grc' dir='ltr'>δεύσεως</span> <span class='ocrx_word' id='word_1_118' title='bbox 688 1614 768 1681; x_wconf 81' lang='grc' dir='ltr'>τῷ</span> <span class='ocrx_word' id='word_1_119' title='bbox 825 1606 1055 1663; x_wconf 79' lang='grc' dir='ltr'>σουλτᾶν</span> <span class='ocrx_word' id='word_1_120' title='bbox 1115 1608 1625 1683; x_wconf 84' lang='grc' dir='ltr'>προσῳκειωμένοι,</span> <span class='ocrx_word' id='word_1_121' title='bbox 1686 1605 1746 1661; x_wconf 89' lang='grc' dir='ltr'>οὐ</span> <span class='ocrx_word' id='word_1_122' title='bbox 1824 1607 1930 1679; x_wconf 85' lang='grc' dir='ltr'>μήν</span> <span class='ocrx_word' id='word_1_123' title='bbox 1992 1604 2050 1662; x_wconf 75' lang='grc' dir='ltr'>δὲ</span> 
     </span>
    </p>
   </div>
   <div class='ocr_carea' id='block_1_18' title="bbox 402 1695 2050 1774">
    <p class='ocr_par' dir='ltr' id='par_1_18' title="bbox 402 1695 2050 1774">
     <span class='ocr_line' id='line_1_18' title="bbox 402 1695 2050 1774; baseline -0.003 -20"><span class='ocrx_word' id='word_1_124' title='bbox 402 1698 548 1754; x_wconf 73' lang='grc' dir='ltr'>ἀλλὰ</span> <span class='ocrx_word' id='word_1_125' title='bbox 587 1699 677 1754; x_wconf 82' lang='grc' dir='ltr'>καὶ</span> <span class='ocrx_word' id='word_1_126' title='bbox 709 1698 784 1759; x_wconf 85' lang='grc' dir='ltr'>ὠς</span> <span class='ocrx_word' id='word_1_127' title='bbox 817 1695 873 1752; x_wconf 76' lang='grc' dir='ltr'>εὗ</span> <span class='ocrx_word' id='word_1_128' title='bbox 905 1697 1126 1770; x_wconf 83' lang='grc' dir='ltr'>ἔχοντες</span> <span class='ocrx_word' id='word_1_129' title='bbox 1176 1700 1272 1751; x_wconf 82' lang='grc' dir='ltr'>τοῦ</span> <span class='ocrx_word' id='word_1_130' title='bbox 1313 1701 1529 1774; x_wconf 75' lang='grc' dir='ltr'>φρονεῖν</span> <span class='ocrx_word' id='word_1_131' title='bbox 1589 1695 1654 1749; x_wconf 82' lang='grc' dir='ltr'>τὰ</span> <span class='ocrx_word' id='word_1_132' title='bbox 1709 1699 1900 1771; x_wconf 90' lang='grc' dir='ltr'>πρῶτα</span> <span class='ocrx_word' id='word_1_133' title='bbox 1957 1697 2050 1773; x_wconf 76' lang='grc' dir='ltr'>φέ-</span> 
     </span>
    </p>
   </div>
   <div class='ocr_carea' id='block_1_19' title="bbox 2159 531 3741 612">
    <p class='ocr_par' dir='ltr' id='par_1_19' title="bbox 2159 531 3741 612">
     <span class='ocr_line' id='line_1_19' title="bbox 2159 531 3741 612; baseline 0.008 -27"><span class='ocrx_word' id='word_1_134' title='bbox 2159 533 2393 605; x_wconf 81' lang='grc' dir='ltr'>θέμενοι,</span> <span class='ocrx_word' id='word_1_135' title='bbox 2455 531 2571 604; x_wconf 83' lang='grc' dir='ltr'>ὅλῳ</span> <span class='ocrx_word' id='word_1_136' title='bbox 2629 531 2821 608; x_wconf 76' lang='grc' dir='ltr'>ῥυτῆρι</span> <span class='ocrx_word' id='word_1_137' title='bbox 2903 531 3037 605; x_wconf 81' lang='grc' dir='ltr'>πρὸς</span> <span class='ocrx_word' id='word_1_138' title='bbox 3083 532 3174 586; x_wconf 85' lang='grc' dir='ltr'>τὸν</span> <span class='ocrx_word' id='word_1_139' title='bbox 3237 531 3459 608; x_wconf 88' lang='grc' dir='ltr'>βασιλέα</span> <span class='ocrx_word' id='word_1_140' title='bbox 3509 545 3741 612; x_wconf 77' lang='grc' dir='ltr'>χωροῦσιν</span> 
     </span>
    </p>
   </div>
   <div class='ocr_carea' id='block_1_20' title="bbox 2154 618 3744 702">
    <p class='ocr_par' dir='ltr' id='par_1_20' title="bbox 2154 618 3744 702">
     <span class='ocr_line' id='line_1_20' title="bbox 2154 618 3744 702; baseline 0.006 -26"><span class='ocrx_word' id='word_1_141' title='bbox 2154 623 2206 676; x_wconf 72' lang='grc' dir='ltr'>ἐν</span> <span class='ocrx_word' id='word_1_142' title='bbox 2266 620 2592 695; x_wconf 80' lang='grc' dir='ltr'>αὐτομόλων</span> <span class='ocrx_word' id='word_1_143' title='bbox 2654 623 2926 696; x_wconf 73' lang='grc' dir='ltr'>σχήματι.</span> <span class='ocrx_word' id='word_1_144' title='bbox 2959 622 3020 678; x_wconf 90' lang='grc' dir='ltr'>Ὁ</span> <span class='ocrx_word' id='word_1_145' title='bbox 3075 618 3131 676; x_wconf 74' lang='grc' dir='ltr'>δὲ</span> <span class='ocrx_word' id='word_1_146' title='bbox 3182 618 3394 697; x_wconf 85' lang='grc' dir='ltr'>δέχεταί</span> <span class='ocrx_word' id='word_1_147' title='bbox 3444 645 3498 680; x_wconf 89' lang='grc' dir='ltr'>τε</span> <span class='ocrx_word' id='word_1_148' title='bbox 3537 626 3744 702; x_wconf 78' lang='grc' dir='ltr'>ἀσμένως</span> 
     </span>
    </p>
   </div>
   <div class='ocr_carea' id='block_1_21' title="bbox 2152 710 3742 792">
    <p class='ocr_par' dir='ltr' id='par_1_21' title="bbox 2152 710 3742 792">
     <span class='ocr_line' id='line_1_21' title="bbox 2152 710 3742 792; baseline 0.005 -26"><span class='ocrx_word' id='word_1_149' title='bbox 2152 711 2239 766; x_wconf 83' lang='grc' dir='ltr'>καὶ</span> <span class='ocrx_word' id='word_1_150' title='bbox 2289 716 2424 784; x_wconf 80' lang='grc' dir='ltr'>τιμᾷ</span> <span class='ocrx_word' id='word_1_151' title='bbox 2470 716 2588 773; x_wconf 82' lang='grc' dir='ltr'>τοῖς</span> <span class='ocrx_word' id='word_1_152' title='bbox 2638 713 3006 786; x_wconf 78' lang='grc' dir='ltr'>προσήκουσι,</span> <span class='ocrx_word' id='word_1_153' title='bbox 3055 710 3152 766; x_wconf 86' lang='grc' dir='ltr'>τὸν</span> <span class='ocrx_word' id='word_1_154' title='bbox 3207 712 3300 785; x_wconf 73' lang='grc' dir='ltr'>μὲν</span> <span class='ocrx_word' id='word_1_155' title='bbox 3358 719 3742 792; x_wconf 83' lang='grc' dir='ltr'>παρακοιμώμε-</span> 
     </span>
    </p>
   </div>
   <div class='ocr_carea' id='block_1_22' title="bbox 2151 798 3746 881">
    <p class='ocr_par' dir='ltr' id='par_1_22' title="bbox 2151 798 3746 881">
     <span class='ocr_line' id='line_1_22' title="bbox 2151 798 3746 881; baseline 0.006 -27"><span class='ocrx_word' id='word_1_156' title='bbox 2151 822 2242 855; x_wconf 92' lang='grc' dir='ltr'>νον</span> <span class='ocrx_word' id='word_1_157' title='bbox 2312 805 2409 855; x_wconf 81' lang='grc' dir='ltr'>τοῦ</span> <span class='ocrx_word' id='word_1_158' title='bbox 2484 804 2748 861; x_wconf 80' lang='grc' dir='ltr'>κοιτῶνος</span> <span class='ocrx_word' id='word_1_159' title='bbox 2807 798 3286 873; x_wconf 76' lang='grc' dir='ltr'>καταστησάμενος</span> <span class='ocrx_word' id='word_1_160' title='bbox 3339 803 3430 857; x_wconf 88' lang='grc' dir='ltr'>τὸν</span> <span class='ocrx_word' id='word_1_161' title='bbox 3482 805 3746 881; x_wconf 71' lang='grc' dir='ltr'>Βασίλειον,</span> 
     </span>
    </p>
   </div>
   <div class='ocr_carea' id='block_1_23' title="bbox 2153 886 3750 968">
    <p class='ocr_par' dir='ltr' id='par_1_23' title="bbox 2153 886 3750 968">
     <span class='ocr_line' id='line_1_23' title="bbox 2153 886 3750 968; baseline 0.006 -26"><span class='ocrx_word' id='word_1_162' title='bbox 2153 889 2373 964; x_wconf 78' lang='grc' dir='ltr'>θάτερον</span> <span class='ocrx_word' id='word_1_163' title='bbox 2428 886 2485 943; x_wconf 75' lang='grc' dir='ltr'>δὲ</span> <span class='ocrx_word' id='word_1_164' title='bbox 2522 888 2615 943; x_wconf 87' lang='grc' dir='ltr'>τὸν</span> <span class='ocrx_word' id='word_1_165' title='bbox 2665 886 2959 945; x_wconf 85' lang='grc' dir='ltr'>Βασιλικὸν</span> <span class='ocrx_word' id='word_1_166' title='bbox 3023 889 3189 965; x_wconf 83' lang='grc' dir='ltr'>μέγαν</span> <span class='ocrx_word' id='word_1_167' title='bbox 3223 889 3588 968; x_wconf 79' lang='grc' dir='ltr'>ἒταιρειάρχην</span> <span class='ocrx_word' id='word_1_168' title='bbox 3640 897 3750 952; x_wconf 87' lang='grc' dir='ltr'>ἀπο-</span> 
     </span>
    </p>
   </div>
   <div class='ocr_carea' id='block_1_24' title="bbox 2156 976 3752 1055">
    <p class='ocr_par' dir='ltr' id='par_1_24' title="bbox 2156 976 3752 1055">
     <span class='ocr_line' id='line_1_24' title="bbox 2156 976 3752 1055; baseline 0.004 -22"><span class='ocrx_word' id='word_1_169' title='bbox 2156 976 2348 1048; x_wconf 82' lang='grc' dir='ltr'>δείξας.</span> <span class='ocrx_word' id='word_1_170' title='bbox 2384 978 2486 1036; x_wconf 85' lang='grc' dir='ltr'>Καὶ</span> <span class='ocrx_word' id='word_1_171' title='bbox 2535 977 2738 1053; x_wconf 80' lang='grc' dir='ltr'>ἐχρᾶτο</span> <span class='ocrx_word' id='word_1_172' title='bbox 2790 977 3006 1040; x_wconf 79' lang='grc' dir='ltr'>τούτοις</span> <span class='ocrx_word' id='word_1_173' title='bbox 3059 977 3253 1051; x_wconf 80' lang='grc' dir='ltr'>δεξιοῖς</span> <span class='ocrx_word' id='word_1_174' title='bbox 3310 979 3364 1042; x_wconf 81' lang='grc' dir='ltr'>ἐς</span> <span class='ocrx_word' id='word_1_175' title='bbox 3420 979 3498 1036; x_wconf 78' lang='grc' dir='ltr'>δτι</span> <span class='ocrx_word' id='word_1_176' title='bbox 3558 982 3752 1055; x_wconf 80' lang='grc' dir='ltr'>μάλιστα</span> 
     </span>
    </p>
   </div>
   <div class='ocr_carea' id='block_1_25' title="bbox 2156 1067 3756 1144">
    <p class='ocr_par' dir='ltr' id='par_1_25' title="bbox 2156 1067 3756 1144">
     <span class='ocr_line' id='line_1_25' title="bbox 2156 1067 3756 1144; baseline 0.004 -21"><span class='ocrx_word' id='word_1_177' title='bbox 2156 1069 2230 1131; x_wconf 83' lang='grc' dir='ltr'>εἰς</span> <span class='ocrx_word' id='word_1_178' title='bbox 2287 1068 2353 1123; x_wconf 69' lang='grc' dir='ltr'>τὰ</span> <span class='ocrx_word' id='word_1_179' title='bbox 2406 1069 2696 1143; x_wconf 86' lang='grc' dir='ltr'>πράγματα</span> <span class='ocrx_word' id='word_1_180' title='bbox 2755 1067 3131 1140; x_wconf 76' lang='grc' dir='ltr'>φαινομένοις,</span> <span class='ocrx_word' id='word_1_181' title='bbox 3180 1069 3270 1123; x_wconf 77' lang='grc' dir='ltr'>καὶ</span> <span class='ocrx_word' id='word_1_182' title='bbox 3327 1071 3362 1139; x_wconf 77' lang='grc' dir='ltr'>ἡ</span> <span class='ocrx_word' id='word_1_183' title='bbox 3420 1072 3547 1144; x_wconf 85' lang='grc' dir='ltr'>πρὸς</span> <span class='ocrx_word' id='word_1_184' title='bbox 3594 1072 3756 1139; x_wconf 73' lang='grc' dir='ltr'>αὐτοὺς</span> 
     </span>
    </p>
   </div>
   <div class='ocr_carea' id='block_1_26' title="bbox 2155 1154 3751 1234">
    <p class='ocr_par' dir='ltr' id='par_1_26' title="bbox 2155 1154 3751 1234">
     <span class='ocr_line' id='line_1_26' title="bbox 2155 1154 3751 1234; baseline 0.003 -23"><span class='ocrx_word' id='word_1_185' title='bbox 2155 1156 2312 1234; x_wconf 74' lang='grc' dir='ltr'>φιλία</span> <span class='ocrx_word' id='word_1_186' title='bbox 2333 1162 2431 1212; x_wconf 81' lang='grc' dir='ltr'>τοῦ</span> <span class='ocrx_word' id='word_1_187' title='bbox 2467 1157 2734 1232; x_wconf 80' lang='grc' dir='ltr'>βασιλέως</span> <span class='ocrx_word' id='word_1_188' title='bbox 2766 1163 3000 1231; x_wconf 83' lang='grc' dir='ltr'>προσῆν.</span> <span class='ocrx_word' id='word_1_189' title='bbox 3034 1157 3102 1214; x_wconf 78' lang='grc' dir='ltr'>Οἱ</span> <span class='ocrx_word' id='word_1_190' title='bbox 3135 1154 3192 1212; x_wconf 71' lang='grc' dir='ltr'>δὲ</span> <span class='ocrx_word' id='word_1_191' title='bbox 3220 1157 3409 1214; x_wconf 87' lang='grc' dir='ltr'>πολλᾶ</span> <span class='ocrx_word' id='word_1_192' title='bbox 3448 1160 3536 1233; x_wconf 76' lang='grc' dir='ltr'>μὲν</span> <span class='ocrx_word' id='word_1_193' title='bbox 3579 1160 3751 1228; x_wconf 71' lang='grc' dir='ltr'>οἴκοθεν</span> 
     </span>
    </p>
   </div>
   <div class='ocr_carea' id='block_1_27' title="bbox 2154 1243 3754 1324">
    <p class='ocr_par' dir='ltr' id='par_1_27' title="bbox 2154 1243 3754 1324">
     <span class='ocr_line' id='line_1_27' title="bbox 2154 1243 3754 1324; baseline 0.003 -22"><span class='ocrx_word' id='word_1_194' title='bbox 2154 1243 2394 1322; x_wconf 79' lang='grc' dir='ltr'>ἔχοντες,</span> <span class='ocrx_word' id='word_1_195' title='bbox 2427 1247 2525 1302; x_wconf 90' lang='grc' dir='ltr'>οὐκ</span> <span class='ocrx_word' id='word_1_196' title='bbox 2566 1244 2732 1321; x_wconf 81' lang='grc' dir='ltr'>ὀλίγα</span> <span class='ocrx_word' id='word_1_197' title='bbox 2790 1243 2846 1301; x_wconf 69' lang='grc' dir='ltr'>δὲ</span> <span class='ocrx_word' id='word_1_198' title='bbox 2893 1245 2982 1300; x_wconf 83' lang='grc' dir='ltr'>καὶ</span> <span class='ocrx_word' id='word_1_199' title='bbox 3042 1245 3190 1321; x_wconf 86' lang='grc' dir='ltr'>παρᾶ</span> <span class='ocrx_word' id='word_1_200' title='bbox 3244 1252 3344 1302; x_wconf 77' lang='grc' dir='ltr'>τοῦ</span> <span class='ocrx_word' id='word_1_201' title='bbox 3399 1249 3647 1324; x_wconf 70' lang='grc' dir='ltr'>βασιλέως</span> <span class='ocrx_word' id='word_1_202' title='bbox 3693 1253 3754 1314; x_wconf 79' lang='grc' dir='ltr'>εἰς</span> 
     </span>
    </p>
   </div>
   <div class='ocr_carea' id='block_1_28' title="bbox 2155 1331 3760 1411">
    <p class='ocr_par' dir='ltr' id='par_1_28' title="bbox 2155 1331 3760 1411">
     <span class='ocr_line' id='line_1_28' title="bbox 2155 1331 3760 1411; baseline 0.002 -19"><span class='ocrx_word' id='word_1_203' title='bbox 2155 1338 2472 1411; x_wconf 77' lang='grc' dir='ltr'>οἰκονομίαν</span> <span class='ocrx_word' id='word_1_204' title='bbox 2531 1331 2812 1406; x_wconf 77' lang='grc' dir='ltr'>λαϐόντες,</span> <span class='ocrx_word' id='word_1_205' title='bbox 2869 1341 3078 1400; x_wconf 80' lang='grc' dir='ltr'>πιστῶς</span> <span class='ocrx_word' id='word_1_206' title='bbox 3151 1336 3302 1410; x_wconf 77' lang='grc' dir='ltr'>μάλα</span> <span class='ocrx_word' id='word_1_207' title='bbox 3370 1339 3457 1393; x_wconf 80' lang='grc' dir='ltr'>καὶ</span> <span class='ocrx_word' id='word_1_208' title='bbox 3541 1341 3760 1404; x_wconf 75' lang='grc' dir='ltr'>εὐνοϊκῶς</span> 
     </span>
    </p>
   </div>
   <div class='ocr_carea' id='block_1_29' title="bbox 2152 1424 3752 1506">
    <p class='ocr_par' dir='ltr' id='par_1_29' title="bbox 2152 1424 3752 1506">
     <span class='ocr_line' id='line_1_29' title="bbox 2152 1424 3752 1506; baseline 0.003 -25"><span class='ocrx_word' id='word_1_209' title='bbox 2152 1427 2287 1482; x_wconf 80' lang='grc' dir='ltr'>κατὰ</span> <span class='ocrx_word' id='word_1_210' title='bbox 2341 1424 2649 1500; x_wconf 71' lang='grc' dir='ltr'>Ῥωμαίὼς</span> <span class='ocrx_word' id='word_1_211' title='bbox 2739 1425 3348 1500; x_wconf 86' lang='grc' dir='ltr'>μετασχηματισθέντες</span> <span class='ocrx_word' id='word_1_212' title='bbox 3431 1429 3752 1506; x_wconf 81' lang='grc' dir='ltr'>ὑπηρετοῦντο</span> 
     </span>
    </p>
   </div>
   <div class='ocr_carea' id='block_1_30' title="bbox 2151 1513 3758 1590">
    <p class='ocr_par' dir='ltr' id='par_1_30' title="bbox 2151 1513 3758 1590">
     <span class='ocr_line' id='line_1_30' title="bbox 2151 1513 3758 1590; baseline 0.001 -20"><span class='ocrx_word' id='word_1_213' title='bbox 2151 1521 2230 1587; x_wconf 80' lang='grc' dir='ltr'>τῶ</span> <span class='ocrx_word' id='word_1_214' title='bbox 2264 1514 2482 1590; x_wconf 82' lang='grc' dir='ltr'>βασιλεῖ</span> <span class='ocrx_word' id='word_1_215' title='bbox 2513 1533 2524 1546; x_wconf 89' lang='grc'><strong>·</strong></span> <span class='ocrx_word' id='word_1_216' title='bbox 2561 1513 2714 1570; x_wconf 74' lang='grc' dir='ltr'>οὐδὲν</span> <span class='ocrx_word' id='word_1_217' title='bbox 2742 1517 2846 1590; x_wconf 75' lang='grc' dir='ltr'>γὰρ</span> <span class='ocrx_word' id='word_1_218' title='bbox 2898 1513 3042 1570; x_wconf 74' lang='grc' dir='ltr'>οὕτω</span> <span class='ocrx_word' id='word_1_219' title='bbox 3093 1515 3376 1586; x_wconf 78' lang='grc' dir='ltr'>συνίστησι</span> <span class='ocrx_word' id='word_1_220' title='bbox 3431 1517 3522 1579; x_wconf 77' lang='grc' dir='ltr'>τὰς</span> <span class='ocrx_word' id='word_1_221' title='bbox 3568 1518 3634 1580; x_wconf 67' lang='grc' dir='ltr'>εἷς</span> <span class='ocrx_word' id='word_1_222' title='bbox 3680 1521 3758 1588; x_wconf 69' lang='grc' dir='ltr'>τὴν</span> 
     </span>
    </p>
   </div>
   <div class='ocr_carea' id='block_1_31' title="bbox 2158 1603 3763 1680">
    <p class='ocr_par' dir='ltr' id='par_1_31' title="bbox 2158 1603 3763 1680">
     <span class='ocr_line' id='line_1_31' title="bbox 2158 1603 3763 1680; baseline 0.002 -21"><span class='ocrx_word' id='word_1_223' title='bbox 2158 1604 2432 1668; x_wconf 86' lang='grc' dir='ltr'>βασιλείαν</span> <span class='ocrx_word' id='word_1_224' title='bbox 2490 1603 2698 1666; x_wconf 87' lang='grc' dir='ltr'>εὐνοίας</span> <span class='ocrx_word' id='word_1_225' title='bbox 2758 1604 2832 1665; x_wconf 85' lang='grc' dir='ltr'>ὠς</span> <span class='ocrx_word' id='word_1_226' title='bbox 2864 1605 2898 1673; x_wconf 72' lang='grc' dir='ltr'>ἡ</span> <span class='ocrx_word' id='word_1_227' title='bbox 2941 1605 3060 1659; x_wconf 82' lang='grc' dir='ltr'>κατ’</span> <span class='ocrx_word' id='word_1_228' title='bbox 3092 1603 3245 1676; x_wconf 77' lang='grc' dir='ltr'>ἀξίαν</span> <span class='ocrx_word' id='word_1_229' title='bbox 3299 1605 3459 1680; x_wconf 84' lang='grc' dir='ltr'>χάρις</span> <span class='ocrx_word' id='word_1_230' title='bbox 3504 1611 3607 1669; x_wconf 87' lang='grc' dir='ltr'>τοῖς</span> <span class='ocrx_word' id='word_1_231' title='bbox 3634 1607 3763 1678; x_wconf 73' lang='grc' dir='ltr'>ἆξίως</span> 
     </span>
    </p>
   </div>
   <div class='ocr_carea' id='block_1_32' title="bbox 2155 1691 3760 1766">
    <p class='ocr_par' dir='ltr' id='par_1_32' title="bbox 2155 1691 3760 1766">
     <span class='ocr_line' id='line_1_32' title="bbox 2155 1691 3760 1766; baseline 0.002 -18"><span class='ocrx_word' id='word_1_232' title='bbox 2155 1695 2466 1765; x_wconf 87' lang='grc' dir='ltr'>οἰσομένοις</span> <span class='ocrx_word' id='word_1_233' title='bbox 2541 1693 2591 1764; x_wconf 82' lang='grc' dir='ltr'>ἐξ</span> <span class='ocrx_word' id='word_1_234' title='bbox 2663 1691 2888 1764; x_wconf 76' lang='grc' dir='ltr'>ἑτοίμου</span> <span class='ocrx_word' id='word_1_235' title='bbox 2970 1693 3398 1766; x_wconf 83' lang='grc' dir='ltr'>προτεινομένη.</span> <span class='ocrx_word' id='word_1_236' title='bbox 3453 1694 3573 1751; x_wconf 76' lang='grc' dir='ltr'>Τότε</span> <span class='ocrx_word' id='word_1_237' title='bbox 3616 1696 3760 1751; x_wconf 80' lang='grc' dir='ltr'>καἲὸ</span> 
     </span>
    </p>
   </div>
   <div class='ocr_carea' id='block_1_33' title="bbox 405 1779 3764 1884">
    <p class='ocr_par' dir='ltr' id='par_1_33' title="bbox 405 1779 3764 1884">
     <span class='ocr_line' id='line_1_33' title="bbox 405 1779 3764 1884; baseline -0.001 -41"><span class='ocrx_word' id='word_1_238' title='bbox 405 1809 587 1864; x_wconf 84' lang='grc' dir='ltr'>ροντες</span> <span class='ocrx_word' id='word_1_239' title='bbox 642 1788 694 1842; x_wconf 79' lang='grc' dir='ltr'>έν</span> <span class='ocrx_word' id='word_1_240' title='bbox 751 1785 956 1859; x_wconf 85' lang='grc' dir='ltr'>ἐκείνῳ,</span> <span class='ocrx_word' id='word_1_241' title='bbox 1023 1785 1276 1862; x_wconf 79' lang='grc' dir='ltr'>βρύοντες</span> <span class='ocrx_word' id='word_1_242' title='bbox 1337 1783 1521 1840; x_wconf 78' lang='grc' dir='ltr'>δὲκαὶ</span> <span class='ocrx_word' id='word_1_243' title='bbox 1579 1789 1770 1860; x_wconf 85' lang='grc' dir='ltr'>χρυσῷ</span> <span class='ocrx_word' id='word_1_244' title='bbox 1826 1781 2046 1856; x_wconf 82' lang='grc' dir='ltr'>πολλῷ,</span> <span class='ocrx_word' id='word_1_245' title='bbox 2081 1819 2128 1884; x_wconf 78' lang='grc' dir='ltr'><strong>Β</strong></span> <span class='ocrx_word' id='word_1_246' title='bbox 2160 1783 2391 1840; x_wconf 74' lang='grc' dir='ltr'>σουλτᾶν</span> <span class='ocrx_word' id='word_1_247' title='bbox 2449 1779 2525 1838; x_wconf 80' lang='grc' dir='ltr'>ἔτι</span> <span class='ocrx_word' id='word_1_248' title='bbox 2586 1781 2800 1858; x_wconf 82' lang='grc' dir='ltr'>μᾶλλον</span> <span class='ocrx_word' id='word_1_249' title='bbox 2849 1787 2957 1838; x_wconf 88' lang='grc' dir='ltr'>τῶν</span> <span class='ocrx_word' id='word_1_250' title='bbox 2989 1782 3126 1860; x_wconf 78' lang='grc' dir='ltr'>ἀμφ’</span> <span class='ocrx_word' id='word_1_251' title='bbox 3157 1783 3323 1838; x_wconf 87' lang='grc' dir='ltr'>αὐτὸν</span> <span class='ocrx_word' id='word_1_252' title='bbox 3383 1781 3764 1861; x_wconf 77' lang='grc' dir='ltr'>κραδαινομένων</span> 
     </span>
    </p>
   </div>
   <div class='ocr_carea' id='block_1_34' title="bbox 405 1875 2046 1950">
    <p class='ocr_par' dir='ltr' id='par_1_34' title="bbox 405 1875 2046 1950">
     <span class='ocr_line' id='line_1_34' title="bbox 405 1875 2046 1950; baseline -0.002 -18"><span class='ocrx_word' id='word_1_253' title='bbox 405 1878 530 1941; x_wconf 76' lang='grc' dir='ltr'>ὅσος</span> <span class='ocrx_word' id='word_1_254' title='bbox 571 1878 637 1945; x_wconf 79' lang='grc' dir='ltr'>ἦν</span> <span class='ocrx_word' id='word_1_255' title='bbox 689 1877 742 1932; x_wconf 85' lang='grc' dir='ltr'>ἐν</span> <span class='ocrx_word' id='word_1_256' title='bbox 793 1875 1076 1948; x_wconf 84' lang='grc' dir='ltr'>ἐκπώμασι</span> <span class='ocrx_word' id='word_1_257' title='bbox 1127 1875 1216 1930; x_wconf 82' lang='grc' dir='ltr'>καὶ</span> <span class='ocrx_word' id='word_1_258' title='bbox 1270 1877 1395 1937; x_wconf 83' lang='grc' dir='ltr'>ὅσος</span> <span class='ocrx_word' id='word_1_259' title='bbox 1458 1875 1912 1950; x_wconf 68' lang='grc' dir='ltr'>κατειργασμένος</span> <span class='ocrx_word' id='word_1_260' title='bbox 1971 1876 2046 1936; x_wconf 79' lang='grc' dir='ltr'>εἷς</span> 
     </span>
    </p>
   </div>
   <div class='ocr_carea' id='block_1_35' title="bbox 405 1959 2046 2043">
    <p class='ocr_par' dir='ltr' id='par_1_35' title="bbox 405 1959 2046 2043">
     <span class='ocr_line' id='line_1_35' title="bbox 405 1959 2046 2043; baseline -0.003 -22"><span class='ocrx_word' id='word_1_261' title='bbox 405 1963 719 2043; x_wconf 79' lang='grc' dir='ltr'>Χαλυφικὸν</span> <span class='ocrx_word' id='word_1_262' title='bbox 750 1966 1012 2037; x_wconf 81' lang='grc' dir='ltr'>νόμισμα.</span> <span class='ocrx_word' id='word_1_263' title='bbox 1048 1965 1126 2020; x_wconf 88' lang='grc' dir='ltr'>Τὸ</span> <span class='ocrx_word' id='word_1_264' title='bbox 1161 1961 1217 2018; x_wconf 75' lang='grc' dir='ltr'>δὲ</span> <span class='ocrx_word' id='word_1_265' title='bbox 1273 1968 1380 2018; x_wconf 89' lang='grc' dir='ltr'>τῶν</span> <span class='ocrx_word' id='word_1_266' title='bbox 1417 1961 1629 2039; x_wconf 74' lang='grc' dir='ltr'>βήλων,</span> <span class='ocrx_word' id='word_1_267' title='bbox 1661 1960 1736 2017; x_wconf 81' lang='grc' dir='ltr'>ἔτι</span> <span class='ocrx_word' id='word_1_268' title='bbox 1770 1959 1828 2017; x_wconf 69' lang='grc' dir='ltr'>δὲ</span> <span class='ocrx_word' id='word_1_269' title='bbox 1881 1961 2046 2017; x_wconf 91' lang='grc' dir='ltr'>λίθων</span> 
     </span>
    </p>
   </div>
   <div class='ocr_carea' id='block_1_36' title="bbox 399 2050 2044 2130">
    <p class='ocr_par' dir='ltr' id='par_1_36' title="bbox 399 2050 2044 2130">
     <span class='ocr_line' id='line_1_36' title="bbox 399 2050 2044 2130; baseline -0.002 -21"><span class='ocrx_word' id='word_1_270' title='bbox 399 2056 491 2109; x_wconf 83' lang='grc' dir='ltr'>καὶ</span> <span class='ocrx_word' id='word_1_271' title='bbox 525 2053 820 2130; x_wconf 82' lang='grc' dir='ltr'>μαργάρων</span> <span class='ocrx_word' id='word_1_272' title='bbox 872 2051 1131 2127; x_wconf 66' lang='grc' dir='ltr'>αὔταρκες</span> <span class='ocrx_word' id='word_1_273' title='bbox 1176 2055 1240 2121; x_wconf 73' lang='grc' dir='ltr'>ἦν</span> <span class='ocrx_word' id='word_1_274' title='bbox 1303 2052 1427 2113; x_wconf 72' lang='grc' dir='ltr'>τοὺς</span> <span class='ocrx_word' id='word_1_275' title='bbox 1486 2050 1700 2113; x_wconf 83' lang='grc' dir='ltr'>εἰδότας</span> <span class='ocrx_word' id='word_1_276' title='bbox 1755 2054 2044 2124; x_wconf 80' lang='grc' dir='ltr'>θαυμάσαι.</span> 
     </span>
    </p>
   </div>
   <div class='ocr_carea' id='block_1_37' title="bbox 402 2140 2052 2218">
    <p class='ocr_par' dir='ltr' id='par_1_37' title="bbox 402 2140 2052 2218">
     <span class='ocr_line' id='line_1_37' title="bbox 402 2140 2052 2218; baseline -0.004 -18"><span class='ocrx_word' id='word_1_277' title='bbox 402 2143 648 2205; x_wconf 82' lang='grc' dir='ltr'>Παλαιᾶς</span> <span class='ocrx_word' id='word_1_278' title='bbox 680 2147 811 2217; x_wconf 70' lang='grc' dir='ltr'>γοῦν</span> <span class='ocrx_word' id='word_1_279' title='bbox 845 2141 1029 2218; x_wconf 74' lang='grc' dir='ltr'>φιλίας</span> <span class='ocrx_word' id='word_1_280' title='bbox 1055 2149 1156 2210; x_wconf 82' lang='grc' dir='ltr'>τῆς</span> <span class='ocrx_word' id='word_1_281' title='bbox 1206 2141 1342 2217; x_wconf 86' lang='grc' dir='ltr'>πρὸς</span> <span class='ocrx_word' id='word_1_282' title='bbox 1391 2141 1484 2196; x_wconf 89' lang='grc' dir='ltr'>τὸν</span> <span class='ocrx_word' id='word_1_283' title='bbox 1539 2140 1762 2216; x_wconf 88' lang='grc' dir='ltr'>βασιλέα</span> <span class='ocrx_word' id='word_1_284' title='bbox 1799 2142 2052 2213; x_wconf 87' lang='grc' dir='ltr'>ὑπομνη-</span> 
     </span>
    </p>
   </div>
   <div class='ocr_carea' id='block_1_38' title="bbox 327 2229 2051 2308">
    <p class='ocr_par' dir='ltr' id='par_1_38' title="bbox 327 2229 2051 2308">
     <span class='ocr_line' id='line_1_38' title="bbox 327 2229 2051 2308; baseline -0.002 -22"><span class='ocrx_word' id='word_1_285' title='bbox 327 2293 330 2295; x_wconf 25' lang='grc' dir='ltr'>λ</span> <span class='ocrx_word' id='word_1_286' title='bbox 404 2233 637 2305; x_wconf 84' lang='grc' dir='ltr'>σοέντες,</span> <span class='ocrx_word' id='word_1_287' title='bbox 669 2232 857 2286; x_wconf 73' lang='grc' dir='ltr'>ἱκανοῦ</span> <span class='ocrx_word' id='word_1_288' title='bbox 889 2229 1180 2292; x_wconf 79' lang='grc' dir='ltr'>δοκοῦντος</span> <span class='ocrx_word' id='word_1_289' title='bbox 1230 2231 1376 2308; x_wconf 82' lang='grc' dir='ltr'>σφίσι</span> <span class='ocrx_word' id='word_1_290' title='bbox 1435 2231 1525 2284; x_wconf 80' lang='grc' dir='ltr'>καὶ</span> <span class='ocrx_word' id='word_1_291' title='bbox 1581 2233 1677 2285; x_wconf 75' lang='grc' dir='ltr'>τοῦ</span> <span class='ocrx_word' id='word_1_292' title='bbox 1725 2233 2051 2304; x_wconf 79' lang='grc' dir='ltr'>κρατοῦντος</span> 
     </span>
    </p>
   </div>
   <div class='ocr_carea' id='block_1_39' title="bbox 406 2318 2049 2396">
    <p class='ocr_par' dir='ltr' id='par_1_39' title="bbox 406 2318 2049 2396">
     <span class='ocr_line' id='line_1_39' title="bbox 406 2318 2049 2396; baseline -0.002 -20"><span class='ocrx_word' id='word_1_293' title='bbox 406 2320 462 2376; x_wconf 73' lang='grc' dir='ltr'>εὖ</span> <span class='ocrx_word' id='word_1_294' title='bbox 497 2323 624 2396; x_wconf 80' lang='grc' dir='ltr'>παρ’</span> <span class='ocrx_word' id='word_1_295' title='bbox 650 2321 862 2376; x_wconf 78' lang='grc' dir='ltr'>ἐκείνων</span> <span class='ocrx_word' id='word_1_296' title='bbox 892 2321 1156 2382; x_wconf 81' lang='grc' dir='ltr'>παθόντος</span> <span class='ocrx_word' id='word_1_297' title='bbox 1206 2319 1375 2374; x_wconf 84' lang='grc' dir='ltr'>πάλαι</span> <span class='ocrx_word' id='word_1_298' title='bbox 1434 2319 1569 2375; x_wconf 77' lang='grc' dir='ltr'>κατὰ</span> <span class='ocrx_word' id='word_1_299' title='bbox 1623 2319 1846 2374; x_wconf 87' lang='grc' dir='ltr'>τούπιὸν</span> <span class='ocrx_word' id='word_1_300' title='bbox 1905 2318 2049 2374; x_wconf 88' lang='grc' dir='ltr'>ἀπο-</span> 
     </span>
    </p>
   </div>
   <div class='ocr_carea' id='block_1_40' title="bbox 407 2407 2049 2484">
    <p class='ocr_par' dir='ltr' id='par_1_40' title="bbox 407 2407 2049 2484">
     <span class='ocr_line' id='line_1_40' title="bbox 407 2407 2049 2484; baseline -0.002 -20"><span class='ocrx_word' id='word_1_301' title='bbox 407 2409 769 2484; x_wconf 82' lang='grc' dir='ltr'>μνημονεύειν</span> <span class='ocrx_word' id='word_1_302' title='bbox 801 2412 901 2478; x_wconf 77' lang='grc' dir='ltr'>τήν</span> <span class='ocrx_word' id='word_1_303' title='bbox 959 2412 1142 2484; x_wconf 78' lang='grc' dir='ltr'>χάριν,</span> <span class='ocrx_word' id='word_1_304' title='bbox 1206 2407 1475 2484; x_wconf 88' lang='grc' dir='ltr'>βασιλέως</span> <span class='ocrx_word' id='word_1_305' title='bbox 1533 2409 1894 2469; x_wconf 83' lang='grc' dir='ltr'>καταστάντος</span> <span class='ocrx_word' id='word_1_306' title='bbox 1962 2409 2049 2462; x_wconf 80' lang='grc' dir='ltr'>καὶ</span> 
     </span>
    </p>
   </div>
   <div class='ocr_carea' id='block_1_41' title="bbox 411 2493 2051 2574">
    <p class='ocr_par' dir='ltr' id='par_1_41' title="bbox 411 2493 2051 2574">
     <span class='ocr_line' id='line_1_41' title="bbox 411 2493 2051 2574; baseline -0.003 -20"><span class='ocrx_word' id='word_1_307' title='bbox 411 2498 734 2572; x_wconf 82' lang='grc' dir='ltr'>δυναμένου,</span> <span class='ocrx_word' id='word_1_308' title='bbox 785 2500 850 2553; x_wconf 70' lang='grc' dir='ltr'>τὰ</span> <span class='ocrx_word' id='word_1_309' title='bbox 913 2498 1077 2553; x_wconf 85' lang='grc' dir='ltr'>πιστά</span> <span class='ocrx_word' id='word_1_310' title='bbox 1145 2493 1403 2560; x_wconf 76' lang='grc' dir='ltr'>λαϐόντες</span> <span class='ocrx_word' id='word_1_311' title='bbox 1470 2495 1559 2552; x_wconf 75' lang='grc' dir='ltr'>διὰ</span> <span class='ocrx_word' id='word_1_312' title='bbox 1615 2497 1953 2574; x_wconf 82' lang='grc' dir='ltr'>γραμμάτων</span> <span class='ocrx_word' id='word_1_313' title='bbox 1999 2495 2051 2551; x_wconf 86' lang='grc' dir='ltr'>ἐν</span> 
     </span>
    </p>
   </div>
   <div class='ocr_carea' id='block_1_42' title="bbox 405 2714 2051 2792">
    <p class='ocr_par' dir='ltr' id='par_1_42' title="bbox 405 2714 2051 2792">
     <span class='ocr_line' id='line_1_42' title="bbox 405 2714 2051 2792; baseline -0.005 -16"><span class='ocrx_word' id='word_1_314' title='bbox 405 2735 645 2792; x_wconf 85' lang='lat' dir='ltr'>parcere</span> <span class='ocrx_word' id='word_1_315' title='bbox 675 2735 848 2789; x_wconf 90' lang='lat' dir='ltr'>quam</span> <span class='ocrx_word' id='word_1_316' title='bbox 894 2717 1020 2772; x_wconf 66' lang='lat' dir='ltr'>vitm</span> <span class='ocrx_word' id='word_1_317' title='bbox 1054 2733 1120 2772; x_wconf 91' lang='lat' dir='ltr'>ac</span> <span class='ocrx_word' id='word_1_318' title='bbox 1165 2715 1341 2772; x_wconf 86' lang='lat' dir='ltr'>saluti</span> <span class='ocrx_word' id='word_1_319' title='bbox 1392 2715 1642 2787; x_wconf 66' lang='lat' dir='ltr'>propria:</span> <span class='ocrx_word' id='word_1_320' title='bbox 1702 2714 2051 2786; x_wconf 78' lang='lat' dir='ltr'>prospicere,</span> 
     </span>
    </p>
   </div>
   <div class='ocr_carea' id='block_1_43' title="bbox 396 2802 2056 2881">
    <p class='ocr_par' dir='ltr' id='par_1_43' title="bbox 396 2802 2056 2881">
     <span class='ocr_line' id='line_1_43' title="bbox 396 2802 2056 2881; baseline -0.003 -16"><span class='ocrx_word' id='word_1_321' title='bbox 396 2802 536 2881; x_wconf 90' lang='lat' dir='ltr'>jure</span> <span class='ocrx_word' id='word_1_322' title='bbox 567 2809 638 2864; x_wconf 91' lang='lat' dir='ltr'>ab</span> <span class='ocrx_word' id='word_1_323' title='bbox 667 2806 768 2863; x_wconf 90' lang='lat' dir='ltr'>illo</span> <span class='ocrx_word' id='word_1_324' title='bbox 800 2807 954 2880; x_wconf 91' lang='lat' dir='ltr'>quod</span> <span class='ocrx_word' id='word_1_325' title='bbox 987 2806 1133 2862; x_wconf 92' lang='lat' dir='ltr'>adeo</span> <span class='ocrx_word' id='word_1_326' title='bbox 1165 2804 1392 2877; x_wconf 89' lang='lat' dir='ltr'>perdite</span> <span class='ocrx_word' id='word_1_327' title='bbox 1422 2805 1794 2860; x_wconf 89' lang='lat' dir='ltr'>deamaverat</span> <span class='ocrx_word' id='word_1_328' title='bbox 1821 2803 2056 2860; x_wconf 91' lang='lat' dir='ltr'>metallo</span> 
     </span>
    </p>
   </div>
   <div class='ocr_carea' id='block_1_44' title="bbox 397 2892 2060 2970">
    <p class='ocr_par' dir='ltr' id='par_1_44' title="bbox 397 2892 2060 2970">
     <span class='ocr_line' id='line_1_44' title="bbox 397 2892 2060 2970; baseline -0.004 -17"><span class='ocrx_word' id='word_1_329' title='bbox 397 2897 690 2970; x_wconf 87' lang='lat' dir='ltr'>tragicum</span> <span class='ocrx_word' id='word_1_330' title='bbox 721 2895 942 2953; x_wconf 82' lang='lat' dir='ltr'>exitum</span> <span class='ocrx_word' id='word_1_331' title='bbox 973 2899 1200 2952; x_wconf 89' lang='lat' dir='ltr'>nactus.</span> <span class='ocrx_word' id='word_1_332' title='bbox 1235 2898 1302 2950; x_wconf 88' lang='lat' dir='ltr'>Et</span> <span class='ocrx_word' id='word_1_333' title='bbox 1349 2893 1442 2949; x_wconf 91' lang='lat' dir='ltr'>hic</span> <span class='ocrx_word' id='word_1_334' title='bbox 1491 2893 1732 2964; x_wconf 88' lang='lat' dir='ltr'>quidem</span> <span class='ocrx_word' id='word_1_335' title='bbox 1781 2893 1841 2948; x_wconf 90' lang='lat' dir='ltr'>in</span> <span class='ocrx_word' id='word_1_336' title='bbox 1903 2892 2060 2948; x_wconf 91' lang='lat' dir='ltr'>hune</span> 
     </span>
    </p>
   </div>
   <div class='ocr_carea' id='block_1_45' title="bbox 401 2980 2062 3056">
    <p class='ocr_par' dir='ltr' id='par_1_45' title="bbox 401 2980 2062 3056">
     <span class='ocr_line' id='line_1_45' title="bbox 401 2980 2062 3056; baseline -0.004 -14"><span class='ocrx_word' id='word_1_337' title='bbox 401 2985 644 3042; x_wconf 88' lang='lat' dir='ltr'>modum</span> <span class='ocrx_word' id='word_1_338' title='bbox 679 2987 904 3041; x_wconf 88' lang='lat' dir='ltr'>statuta</span> <span class='ocrx_word' id='word_1_339' title='bbox 942 2983 1054 3056; x_wconf 85' lang='lat' dir='ltr'>ipsi</span> <span class='ocrx_word' id='word_1_340' title='bbox 1086 2982 1320 3056; x_wconf 78' lang='lat' dir='ltr'>proprie</span> <span class='ocrx_word' id='word_1_341' title='bbox 1360 2999 1393 3037; x_wconf 93' lang='lat' dir='ltr'>a</span> <span class='ocrx_word' id='word_1_342' title='bbox 1426 2980 1866 3053; x_wconf 88' lang='lat' dir='ltr'>divinojudicio</span> <span class='ocrx_word' id='word_1_343' title='bbox 1891 2998 2062 3053; x_wconf 82' lang='lat' dir='ltr'>pcena</span> 
     </span>
    </p>
   </div>
   <div class='ocr_carea' id='block_1_46' title="bbox 405 3070 2065 3143">
    <p class='ocr_par' dir='ltr' id='par_1_46' title="bbox 405 3070 2065 3143">
     <span class='ocr_line' id='line_1_46' title="bbox 405 3070 2065 3143; baseline -0.003 -12"><span class='ocrx_word' id='word_1_344' title='bbox 405 3075 728 3131; x_wconf 77' lang='lat' dir='ltr'>sutiocatus</span> <span class='ocrx_word' id='word_1_345' title='bbox 752 3073 982 3130; x_wconf 81' lang='lat' dir='ltr'>est.Res</span> <span class='ocrx_word' id='word_1_346' title='bbox 1002 3088 1136 3128; x_wconf 90' lang='lat' dir='ltr'>vero</span> <span class='ocrx_word' id='word_1_347' title='bbox 1160 3071 1415 3128; x_wconf 86' lang='lat' dir='ltr'>Persidis</span> <span class='ocrx_word' id='word_1_348' title='bbox 1443 3070 1698 3143; x_wconf 79' lang='lat' dir='ltr'>graviter</span> <span class='ocrx_word' id='word_1_349' title='bbox 1717 3070 2065 3127; x_wconf 89' lang='lat' dir='ltr'>laborabant</span> 
     </span>
    </p>
   </div>
   <div class='ocr_carea' id='block_1_47' title="bbox 2161 1869 3761 1949">
    <p class='ocr_par' dir='ltr' id='par_1_47' title="bbox 2161 1869 3761 1949">
     <span class='ocr_line' id='line_1_47' title="bbox 2161 1869 3761 1949; baseline -0.001 -21"><span class='ocrx_word' id='word_1_350' title='bbox 2161 1875 2270 1946; x_wconf 83' lang='grc' dir='ltr'>ἅμα</span> <span class='ocrx_word' id='word_1_351' title='bbox 2306 1874 2399 1946; x_wconf 70' lang='grc' dir='ltr'>μὲν</span> <span class='ocrx_word' id='word_1_352' title='bbox 2426 1870 2516 1927; x_wconf 81' lang='grc' dir='ltr'>διὰ</span> <span class='ocrx_word' id='word_1_353' title='bbox 2543 1874 2604 1927; x_wconf 87' lang='grc' dir='ltr'>τὸ</span> <span class='ocrx_word' id='word_1_354' title='bbox 2635 1873 2793 1949; x_wconf 59' lang='lat' dir='ltr'>epava</span> <span class='ocrx_word' id='word_1_355' title='bbox 2823 1876 2931 1926; x_wconf 85' lang='grc' dir='ltr'>τῶν</span> <span class='ocrx_word' id='word_1_356' title='bbox 2963 1871 3226 1948; x_wconf 83' lang='grc' dir='ltr'>Τοχάρων</span> <span class='ocrx_word' id='word_1_357' title='bbox 3285 1869 3431 1936; x_wconf 81' lang='grc' dir='ltr'>ἔθνος</span> <span class='ocrx_word' id='word_1_358' title='bbox 3471 1875 3576 1947; x_wconf 74' lang='grc' dir='ltr'>ἅμα</span> <span class='ocrx_word' id='word_1_359' title='bbox 3621 1871 3670 1929; x_wconf 74' lang='grc' dir='ltr'>δὲ</span> <span class='ocrx_word' id='word_1_360' title='bbox 3693 1875 3761 1928; x_wconf 78' lang='grc' dir='ltr'>καί</span> 
     </span>
    </p>
   </div>
   <div class='ocr_carea' id='block_1_48' title="bbox 2161 1957 3762 2038">
    <p class='ocr_par' dir='ltr' id='par_1_48' title="bbox 2161 1957 3762 2038">
     <span class='ocr_line' id='line_1_48' title="bbox 2161 1957 3762 2038; baseline 0.001 -22"><span class='ocrx_word' id='word_1_361' title='bbox 2161 1961 2314 2016; x_wconf 86' lang='grc' dir='ltr'>ἰδίων</span> <span class='ocrx_word' id='word_1_362' title='bbox 2374 1964 2706 2038; x_wconf 81' lang='grc' dir='ltr'>πραγμάτων</span> <span class='ocrx_word' id='word_1_363' title='bbox 2765 1959 2942 2031; x_wconf 66' lang='grc' dir='ltr'>ἕνεκα,</span> <span class='ocrx_word' id='word_1_364' title='bbox 2970 1963 3060 2017; x_wconf 86' lang='grc' dir='ltr'>καὶ</span> <span class='ocrx_word' id='word_1_365' title='bbox 3115 1959 3288 2036; x_wconf 70' lang='grc' dir='ltr'>μηδὲν</span> <span class='ocrx_word' id='word_1_366' title='bbox 3333 1957 3474 2038; x_wconf 84' lang='grc' dir='ltr'>ἔχων</span> <span class='ocrx_word' id='word_1_367' title='bbox 3529 1964 3554 2017; x_wconf 79' lang='grc' dir='ltr'>δ</span> <span class='ocrx_word' id='word_1_368' title='bbox 3605 1984 3651 2017; x_wconf 90' lang='grc' dir='ltr'>τι</span> <span class='ocrx_word' id='word_1_369' title='bbox 3693 1963 3762 2017; x_wconf 76' lang='grc' dir='ltr'>καὶ</span> 
     </span>
    </p>
   </div>
   <div class='ocr_carea' id='block_1_49' title="bbox 2161 2049 3761 2127">
    <p class='ocr_par' dir='ltr' id='par_1_49' title="bbox 2161 2049 3761 2127">
     <span class='ocr_line' id='line_1_49' title="bbox 2161 2049 3761 2127; baseline -0.001 -21"><span class='ocrx_word' id='word_1_370' title='bbox 2161 2051 2374 2127; x_wconf 76' lang='grc' dir='ltr'>δράσειε</span> <span class='ocrx_word' id='word_1_371' title='bbox 2455 2055 2564 2106; x_wconf 88' lang='grc' dir='ltr'>τῶν</span> <span class='ocrx_word' id='word_1_372' title='bbox 2650 2051 2898 2106; x_wconf 79' lang='grc' dir='ltr'>ἁπάντων</span> <span class='ocrx_word' id='word_1_373' title='bbox 2967 2049 3427 2127; x_wconf 81' lang='grc' dir='ltr'>διεγηγερμένων,</span> <span class='ocrx_word' id='word_1_374' title='bbox 3488 2049 3608 2127; x_wconf 82' lang='grc' dir='ltr'>ἔγνω</span> <span class='ocrx_word' id='word_1_375' title='bbox 3675 2055 3761 2125; x_wconf 75' lang='grc' dir='ltr'>ἅμα</span> 
     </span>
    </p>
   </div>
   <div class='ocr_carea' id='block_1_50' title="bbox 2159 2137 3759 2217">
    <p class='ocr_par' dir='ltr' id='par_1_50' title="bbox 2159 2137 3759 2217">
     <span class='ocr_line' id='line_1_50' title="bbox 2159 2137 3759 2217; baseline -0.001 -22"><span class='ocrx_word' id='word_1_376' title='bbox 2159 2142 2362 2215; x_wconf 79' lang='grc' dir='ltr'>γυναιξὶ</span> <span class='ocrx_word' id='word_1_377' title='bbox 2417 2143 2506 2195; x_wconf 76' lang='grc' dir='ltr'>καὶ</span> <span class='ocrx_word' id='word_1_378' title='bbox 2556 2141 2788 2210; x_wconf 80' lang='grc' dir='ltr'>τέκνοις,</span> <span class='ocrx_word' id='word_1_379' title='bbox 2822 2141 2960 2217; x_wconf 84' lang='grc' dir='ltr'>πρὸς</span> <span class='ocrx_word' id='word_1_380' title='bbox 3039 2137 3096 2195; x_wconf 72' lang='grc' dir='ltr'>δὲ</span> <span class='ocrx_word' id='word_1_381' title='bbox 3173 2141 3268 2195; x_wconf 81' lang='grc' dir='ltr'>καὶ</span> <span class='ocrx_word' id='word_1_382' title='bbox 3343 2145 3536 2217; x_wconf 82' lang='grc' dir='ltr'>γηραιᾷ</span> <span class='ocrx_word' id='word_1_383' title='bbox 3605 2142 3759 2217; x_wconf 82' lang='grc' dir='ltr'>μητρὶ,</span> 
     </span>
    </p>
   </div>
   <div class='ocr_carea' id='block_1_51' title="bbox 2162 2227 3762 2307">
    <p class='ocr_par' dir='ltr' id='par_1_51' title="bbox 2162 2227 3762 2307">
     <span class='ocr_line' id='line_1_51' title="bbox 2162 2227 3762 2307; baseline -0.002 -21"><span class='ocrx_word' id='word_1_384' title='bbox 2162 2231 2462 2304; x_wconf 84' lang='grc' dir='ltr'>Χριστιανῇ</span> <span class='ocrx_word' id='word_1_385' title='bbox 2519 2229 2595 2292; x_wconf 72' lang='grc' dir='ltr'>εἲς</span> <span class='ocrx_word' id='word_1_386' title='bbox 2651 2229 2717 2284; x_wconf 79' lang='grc' dir='ltr'>τὰ</span> <span class='ocrx_word' id='word_1_387' title='bbox 2778 2229 3014 2302; x_wconf 80' lang='grc' dir='ltr'>μάλιστα</span> <span class='ocrx_word' id='word_1_388' title='bbox 3067 2227 3221 2303; x_wconf 75' lang='grc' dir='ltr'>οὔσῃ,</span> <span class='ocrx_word' id='word_1_389' title='bbox 3256 2230 3347 2283; x_wconf 83' lang='grc' dir='ltr'>καὶ</span> <span class='ocrx_word' id='word_1_390' title='bbox 3395 2227 3762 2307; x_wconf 77' lang='grc' dir='ltr'>ἆδελφῇ,καταο</span> 
     </span>
    </p>
   </div>
   <div class='ocr_carea' id='block_1_52' title="bbox 2166 2315 3761 2396">
    <p class='ocr_par' dir='ltr' id='par_1_52' title="bbox 2166 2315 3761 2396">
     <span class='ocr_line' id='line_1_52' title="bbox 2166 2315 3761 2396; baseline -0.001 -23"><span class='ocrx_word' id='word_1_391' title='bbox 2166 2319 2380 2396; x_wconf 70' lang='grc' dir='ltr'>φεύγειν</span> <span class='ocrx_word' id='word_1_392' title='bbox 2443 2319 2520 2380; x_wconf 87' lang='grc' dir='ltr'>εἰς</span> <span class='ocrx_word' id='word_1_393' title='bbox 2583 2318 2830 2394; x_wconf 76' lang='grc' dir='ltr'>βασιλέα,</span> <span class='ocrx_word' id='word_1_394' title='bbox 2891 2320 2966 2381; x_wconf 88' lang='grc' dir='ltr'>ὠς</span> <span class='ocrx_word' id='word_1_395' title='bbox 3045 2318 3251 2373; x_wconf 83' lang='grc' dir='ltr'>ἐκεῖθεν</span> <span class='ocrx_word' id='word_1_396' title='bbox 3303 2320 3392 2374; x_wconf 87' lang='grc' dir='ltr'>καὶ</span> <span class='ocrx_word' id='word_1_397' title='bbox 3448 2319 3612 2393; x_wconf 88' lang='grc' dir='ltr'>μόνως</span> <span class='ocrx_word' id='word_1_398' title='bbox 3660 2315 3761 2392; x_wconf 77' lang='grc' dir='ltr'>ἕξων</span> 
     </span>
    </p>
   </div>
   <div class='ocr_carea' id='block_1_53' title="bbox 2172 2407 3763 2483">
    <p class='ocr_par' dir='ltr' id='par_1_53' title="bbox 2172 2407 3763 2483">
     <span class='ocr_line' id='line_1_53' title="bbox 2172 2407 3763 2483; baseline 0.001 -21"><span class='ocrx_word' id='word_1_399' title='bbox 2172 2410 2428 2483; x_wconf 74' lang='grc' dir='ltr'>βοήθειαν</span> <span class='ocrx_word' id='word_1_400' title='bbox 2503 2409 2591 2463; x_wconf 81' lang='grc' dir='ltr'>καὶ</span> <span class='ocrx_word' id='word_1_401' title='bbox 2675 2411 2811 2464; x_wconf 78' lang='grc' dir='ltr'>κατὰ</span> <span class='ocrx_word' id='word_1_402' title='bbox 2888 2407 3076 2483; x_wconf 77' lang='grc' dir='ltr'>καιρόν</span> <span class='ocrx_word' id='word_1_403' title='bbox 3167 2407 3450 2481; x_wconf 73' lang='grc' dir='ltr'>ἐπανήξων</span> <span class='ocrx_word' id='word_1_404' title='bbox 3523 2407 3656 2474; x_wconf 78' lang='grc' dir='ltr'>αὖθις</span> <span class='ocrx_word' id='word_1_405' title='bbox 3724 2407 3763 2477; x_wconf 69' lang='grc' dir='ltr'>ἐξ</span> 
     </span>
    </p>
   </div>
   <div class='ocr_carea' id='block_1_54' title="bbox 2172 2483 3761 2574">
    <p class='ocr_par' dir='ltr' id='par_1_54' title="bbox 2172 2483 3761 2574">
     <span class='ocr_line' id='line_1_54' title="bbox 2172 2483 3761 2574; baseline 0 -23"><span class='ocrx_word' id='word_1_406' title='bbox 2172 2497 2462 2572; x_wconf 71' lang='grc' dir='ltr'>ὑπερτέρας</span> <span class='ocrx_word' id='word_1_407' title='bbox 2526 2499 2714 2574; x_wconf 86' lang='grc' dir='ltr'>χειρὸς</span> <span class='ocrx_word' id='word_1_408' title='bbox 2782 2499 2869 2553; x_wconf 78' lang='grc' dir='ltr'>καὶ</span> <span class='ocrx_word' id='word_1_409' title='bbox 2951 2483 3158 2574; x_wconf 76' lang='grc' dir='ltr'>ἰσχύος.</span> <span class='ocrx_word' id='word_1_410' title='bbox 3212 2501 3306 2568; x_wconf 89' lang='grc' dir='ltr'>[Ρ.</span> <span class='ocrx_word' id='word_1_411' title='bbox 3364 2500 3454 2571; x_wconf 90' lang='grc'>85]</span> <span class='ocrx_word' id='word_1_412' title='bbox 3506 2495 3646 2567; x_wconf 73' lang='grc' dir='ltr'>Μηδὲ</span> <span class='ocrx_word' id='word_1_413' title='bbox 3686 2497 3761 2574; x_wconf 72' lang='grc' dir='ltr'>γᾶρ</span> 
     </span>
    </p>
   </div>
   <div class='ocr_carea' id='block_1_55' title="bbox 2168 2715 3762 2791">
    <p class='ocr_par' dir='ltr' id='par_1_55' title="bbox 2168 2715 3762 2791">
     <span class='ocr_line' id='line_1_55' title="bbox 2168 2715 3762 2791; baseline -0.001 -20"><span class='ocrx_word' id='word_1_414' title='bbox 2168 2717 2358 2780; x_wconf 82' lang='lat' dir='ltr'>Quare</span> <span class='ocrx_word' id='word_1_415' title='bbox 2391 2733 2523 2774; x_wconf 91' lang='lat' dir='ltr'>cum</span> <span class='ocrx_word' id='word_1_416' title='bbox 2559 2717 2630 2772; x_wconf 88' lang='lat' dir='ltr'>ab</span> <span class='ocrx_word' id='word_1_417' title='bbox 2661 2717 2760 2774; x_wconf 90' lang='lat' dir='ltr'>illo</span> <span class='ocrx_word' id='word_1_418' title='bbox 2792 2719 3024 2774; x_wconf 91' lang='lat' dir='ltr'>arcanis</span> <span class='ocrx_word' id='word_1_419' title='bbox 3055 2719 3223 2791; x_wconf 90' lang='lat' dir='ltr'>prius</span> <span class='ocrx_word' id='word_1_420' title='bbox 3261 2724 3534 2776; x_wconf 87' lang='lat' dir='ltr'>convento</span> <span class='ocrx_word' id='word_1_421' title='bbox 3582 2715 3762 2773; x_wconf 88' lang='lat' dir='ltr'>nuntiis</span> 
     </span>
    </p>
   </div>
   <div class='ocr_carea' id='block_1_56' title="bbox 2171 2805 3763 2882">
    <p class='ocr_par' dir='ltr' id='par_1_56' title="bbox 2171 2805 3763 2882">
     <span class='ocr_line' id='line_1_56' title="bbox 2171 2805 3763 2882; baseline 0.001 -22"><span class='ocrx_word' id='word_1_422' title='bbox 2171 2806 2361 2878; x_wconf 87' lang='lat' dir='ltr'>regias</span> <span class='ocrx_word' id='word_1_423' title='bbox 2393 2805 2542 2863; x_wconf 90' lang='lat' dir='ltr'>clam</span> <span class='ocrx_word' id='word_1_424' title='bbox 2576 2806 2830 2878; x_wconf 90' lang='lat' dir='ltr'>perlatas</span> <span class='ocrx_word' id='word_1_425' title='bbox 2863 2807 3495 2882; x_wconf 84' lang='lat' dir='ltr'>litteras,quibusipsis</span> <span class='ocrx_word' id='word_1_426' title='bbox 3523 2808 3668 2882; x_wconf 90' lang='lat' dir='ltr'>plene</span> <span class='ocrx_word' id='word_1_427' title='bbox 3693 2823 3763 2862; x_wconf 84' lang='lat' dir='ltr'>ca-</span> 
     </span>
    </p>
   </div>
   <div class='ocr_carea' id='block_1_57' title="bbox 2171 2895 3767 2968">
    <p class='ocr_par' dir='ltr' id='par_1_57' title="bbox 2171 2895 3767 2968">
     <span class='ocr_line' id='line_1_57' title="bbox 2171 2895 3767 2968; baseline -0.001 -17"><span class='ocrx_word' id='word_1_428' title='bbox 2171 2895 2437 2961; x_wconf 86' lang='lat' dir='ltr'>vebatur,</span> <span class='ocrx_word' id='word_1_429' title='bbox 2497 2896 2882 2968; x_wconf 80' lang='lat' dir='ltr'>accepissent,</span> <span class='ocrx_word' id='word_1_430' title='bbox 2916 2897 3040 2953; x_wconf 89' lang='lat' dir='ltr'>suis</span> <span class='ocrx_word' id='word_1_431' title='bbox 3079 2897 3200 2954; x_wconf 89' lang='lat' dir='ltr'>illic</span> <span class='ocrx_word' id='word_1_432' title='bbox 3267 2899 3446 2956; x_wconf 81' lang='lat' dir='ltr'>otiose</span> <span class='ocrx_word' id='word_1_433' title='bbox 3495 2896 3767 2955; x_wconf 81' lang='lat' dir='ltr'>convasatis</span> 
     </span>
    </p>
   </div>
   <div class='ocr_carea' id='block_1_58' title="bbox 2175 2985 3764 3057">
    <p class='ocr_par' dir='ltr' id='par_1_58' title="bbox 2175 2985 3764 3057">
     <span class='ocr_line' id='line_1_58' title="bbox 2175 2985 3764 3057; baseline 0 -18"><span class='ocrx_word' id='word_1_434' title='bbox 2175 2989 2230 3039; x_wconf 88' lang='lat' dir='ltr'>et</span> <span class='ocrx_word' id='word_1_435' title='bbox 2288 2988 2412 3040; x_wconf 92' lang='lat' dir='ltr'>tuto</span> <span class='ocrx_word' id='word_1_436' title='bbox 2463 2985 2779 3057; x_wconf 87' lang='lat' dir='ltr'>asportatis</span> <span class='ocrx_word' id='word_1_437' title='bbox 2837 2985 3036 3055; x_wconf 85' lang='lat' dir='ltr'>rebus,</span> <span class='ocrx_word' id='word_1_438' title='bbox 3099 3003 3346 3044; x_wconf 88' lang='lat' dir='ltr'>summa</span> <span class='ocrx_word' id='word_1_439' title='bbox 3404 2985 3670 3044; x_wconf 80' lang='lat' dir='ltr'>celeritate</span> <span class='ocrx_word' id='word_1_440' title='bbox 3716 3000 3764 3040; x_wconf 86' lang='lat' dir='ltr'>se</span> 
     </span>
    </p>
   </div>
   <div class='ocr_carea' id='block_1_59' title="bbox 2177 3075 3761 3148">
    <p class='ocr_par' dir='ltr' id='par_1_59' title="bbox 2177 3075 3761 3148">
     <span class='ocr_line' id='line_1_59' title="bbox 2177 3075 3761 3148; baseline -0.001 -20"><span class='ocrx_word' id='word_1_441' title='bbox 2177 3075 2246 3129; x_wconf 87' lang='lat' dir='ltr'>ad</span> <span class='ocrx_word' id='word_1_442' title='bbox 2281 3075 2696 3147; x_wconf 79' lang='lat' dir='ltr'>imperatorem</span> <span class='ocrx_word' id='word_1_443' title='bbox 2737 3076 3045 3131; x_wconf 89' lang='lat' dir='ltr'>conferunt</span> <span class='ocrx_word' id='word_1_444' title='bbox 3103 3077 3304 3148; x_wconf 89' lang='lat' dir='ltr'>specie</span> <span class='ocrx_word' id='word_1_445' title='bbox 3360 3076 3761 3147; x_wconf 79' lang='lat' dir='ltr'>transfugarum.</span> 
     </span>
    </p>
   </div>
   <div class='ocr_carea' id='block_1_60' title="bbox 406 3159 3763 3248">
    <p class='ocr_par' dir='ltr' id='par_1_60' title="bbox 406 3159 3763 3248">
     <span class='ocr_line' id='line_1_60' title="bbox 406 3159 3763 3248; baseline -0.001 -28"><span class='ocrx_word' id='word_1_446' title='bbox 406 3163 579 3220; x_wconf 89' lang='lat' dir='ltr'>malis</span> <span class='ocrx_word' id='word_1_447' title='bbox 612 3167 669 3220; x_wconf 89' lang='lat' dir='ltr'>et</span> <span class='ocrx_word' id='word_1_448' title='bbox 700 3161 980 3236; x_wconf 90' lang='lat' dir='ltr'>periculis</span> <span class='ocrx_word' id='word_1_449' title='bbox 1012 3161 1244 3234; x_wconf 85' lang='lat' dir='ltr'>magnis</span> <span class='ocrx_word' id='word_1_450' title='bbox 1278 3161 1649 3233; x_wconf 89' lang='lat' dir='ltr'>urgentibus,</span> <span class='ocrx_word' id='word_1_451' title='bbox 1673 3177 1799 3232; x_wconf 65' lang='lat' dir='ltr'>quae</span> <span class='ocrx_word' id='word_1_452' title='bbox 1830 3176 1934 3216; x_wconf 91' lang='lat' dir='ltr'>nec</span> <span class='ocrx_word' id='word_1_453' title='bbox 1966 3159 2052 3232; x_wconf 85' lang='lat' dir='ltr'>ip-</span> <span class='ocrx_word' id='word_1_454' title='bbox 2090 3178 2133 3248; x_wconf 69' lang='grc' dir='ltr'>ο</span> <span class='ocrx_word' id='word_1_455' title='bbox 2171 3164 2278 3219; x_wconf 92' lang='lat' dir='ltr'>Eos</span> <span class='ocrx_word' id='word_1_456' title='bbox 2307 3164 2402 3219; x_wconf 91' lang='lat' dir='ltr'>ille</span> <span class='ocrx_word' id='word_1_457' title='bbox 2432 3181 2566 3219; x_wconf 91' lang='lat' dir='ltr'>cum</span> <span class='ocrx_word' id='word_1_458' title='bbox 2602 3163 2853 3220; x_wconf 90' lang='lat' dir='ltr'>libenter</span> <span class='ocrx_word' id='word_1_459' title='bbox 2873 3181 2940 3221; x_wconf 90' lang='lat' dir='ltr'>ae</span> <span class='ocrx_word' id='word_1_460' title='bbox 2972 3165 3362 3237; x_wconf 91' lang='lat' dir='ltr'>perbenevole</span> <span class='ocrx_word' id='word_1_461' title='bbox 3419 3164 3639 3238; x_wconf 82' lang='lat' dir='ltr'>excepit,</span> <span class='ocrx_word' id='word_1_462' title='bbox 3666 3167 3763 3218; x_wconf 87' lang='lat' dir='ltr'>tum</span> 
     </span>
    </p>
   </div>
   <div class='ocr_carea' id='block_1_61' title="bbox 406 3249 2054 3310">
    <p class='ocr_par' dir='ltr' id='par_1_61' title="bbox 406 3249 2054 3310">
     <span class='ocr_line' id='line_1_61' title="bbox 406 3249 2054 3310; baseline -0.004 0"><span class='ocrx_word' id='word_1_463' title='bbox 406 3271 538 3310; x_wconf 91' lang='lat' dir='ltr'>sum</span> <span class='ocrx_word' id='word_1_464' title='bbox 571 3253 874 3310; x_wconf 90' lang='lat' dir='ltr'>sultanum</span> <span class='ocrx_word' id='word_1_465' title='bbox 905 3252 1207 3308; x_wconf 83' lang='lat' dir='ltr'>Azatinem</span> <span class='ocrx_word' id='word_1_466' title='bbox 1241 3254 1401 3307; x_wconf 84' lang='lat' dir='ltr'>metu</span> <span class='ocrx_word' id='word_1_467' title='bbox 1444 3265 1694 3306; x_wconf 87' lang='lat' dir='ltr'>vacuum</span> <span class='ocrx_word' id='word_1_468' title='bbox 1758 3249 2054 3306; x_wconf 87' lang='lat' dir='ltr'>sinebant.</span> 
     </span>
    </p>
   </div>
   <div class='ocr_carea' id='block_1_62' title="bbox 407 3338 2057 3410">
    <p class='ocr_par' dir='ltr' id='par_1_62' title="bbox 407 3338 2057 3410">
     <span class='ocr_line' id='line_1_62' title="bbox 407 3338 2057 3410; baseline -0.004 -11"><span class='ocrx_word' id='word_1_469' title='bbox 407 3343 739 3399; x_wconf 84' lang='lat' dir='ltr'>Horrebant</span> <span class='ocrx_word' id='word_1_470' title='bbox 768 3341 924 3398; x_wconf 89' lang='lat' dir='ltr'>enim</span> <span class='ocrx_word' id='word_1_471' title='bbox 955 3341 1142 3396; x_wconf 75' lang='lat' dir='ltr'>Persa:</span> <span class='ocrx_word' id='word_1_472' title='bbox 1176 3339 1548 3396; x_wconf 87' lang='lat' dir='ltr'>vehementer</span> <span class='ocrx_word' id='word_1_473' title='bbox 1579 3344 1812 3410; x_wconf 84' lang='lat' dir='ltr'>gentem</span> <span class='ocrx_word' id='word_1_474' title='bbox 1872 3338 2057 3405; x_wconf 89' lang='lat' dir='ltr'>illam,</span> 
     </span>
    </p>
   </div>
   <div class='ocr_carea' id='block_1_63' title="bbox 410 3428 2058 3502">
    <p class='ocr_par' dir='ltr' id='par_1_63' title="bbox 410 3428 2058 3502">
     <span class='ocr_line' id='line_1_63' title="bbox 410 3428 2058 3502; baseline -0.003 -15"><span class='ocrx_word' id='word_1_475' title='bbox 410 3435 468 3487; x_wconf 91' lang='lat' dir='ltr'>et</span> <span class='ocrx_word' id='word_1_476' title='bbox 494 3431 663 3502; x_wconf 91' lang='lat' dir='ltr'>quasi</span> <span class='ocrx_word' id='word_1_477' title='bbox 697 3431 1005 3502; x_wconf 89' lang='lat' dir='ltr'>desperato</span> <span class='ocrx_word' id='word_1_478' title='bbox 1037 3429 1348 3484; x_wconf 89' lang='lat' dir='ltr'>resistendi</span> <span class='ocrx_word' id='word_1_479' title='bbox 1381 3443 1656 3484; x_wconf 87' lang='lat' dir='ltr'>successu</span> <span class='ocrx_word' id='word_1_480' title='bbox 1689 3428 2058 3500; x_wconf 85' lang='lat' dir='ltr'>negligentes</span> 
     </span>
    </p>
   </div>
   <div class='ocr_carea' id='block_1_64' title="bbox 419 3516 2064 3588">
    <p class='ocr_par' dir='ltr' id='par_1_64' title="bbox 419 3516 2064 3588">
     <span class='ocr_line' id='line_1_64' title="bbox 419 3516 2064 3588; baseline -0.002 -13"><span class='ocrx_word' id='word_1_481' title='bbox 419 3521 479 3575; x_wconf 89' lang='lat' dir='ltr'>in</span> <span class='ocrx_word' id='word_1_482' title='bbox 499 3534 813 3575; x_wconf 88' lang='lat' dir='ltr'>commune</span> <span class='ocrx_word' id='word_1_483' title='bbox 832 3517 1138 3573; x_wconf 90' lang='lat' dir='ltr'>consulere</span> <span class='ocrx_word' id='word_1_484' title='bbox 1160 3516 1443 3588; x_wconf 87' lang='lat' dir='ltr'>privatam</span> <span class='ocrx_word' id='word_1_485' title='bbox 1469 3516 1782 3587; x_wconf 87' lang='lat' dir='ltr'>sibi,prout</span> <span class='ocrx_word' id='word_1_486' title='bbox 1812 3516 2064 3587; x_wconf 89' lang='lat' dir='ltr'>quisque</span> 
     </span>
    </p>
   </div>
   <div class='ocr_carea' id='block_1_65' title="bbox 415 3603 2064 3682">
    <p class='ocr_par' dir='ltr' id='par_1_65' title="bbox 415 3603 2064 3682">
     <span class='ocr_line' id='line_1_65' title="bbox 415 3603 2064 3682; baseline -0.002 -17"><span class='ocrx_word' id='word_1_487' title='bbox 415 3611 668 3682; x_wconf 89' lang='lat' dir='ltr'>poterat,</span> <span class='ocrx_word' id='word_1_488' title='bbox 715 3607 1030 3662; x_wconf 89' lang='lat' dir='ltr'>nundinari</span> <span class='ocrx_word' id='word_1_489' title='bbox 1063 3605 1313 3662; x_wconf 88' lang='lat' dir='ltr'>salutem</span> <span class='ocrx_word' id='word_1_490' title='bbox 1361 3603 1506 3660; x_wconf 87' lang='lat' dir='ltr'>satis</span> <span class='ocrx_word' id='word_1_491' title='bbox 1539 3604 1852 3672; x_wconf 86' lang='lat' dir='ltr'>habebant,</span> <span class='ocrx_word' id='word_1_492' title='bbox 1887 3605 2064 3661; x_wconf 88' lang='lat' dir='ltr'>etiam</span> 
     </span>
    </p>
   </div>
   <div class='ocr_carea' id='block_1_66' title="bbox 413 3694 2064 3768">
    <p class='ocr_par' dir='ltr' id='par_1_66' title="bbox 413 3694 2064 3768">
     <span class='ocr_line' id='line_1_66' title="bbox 413 3694 2064 3768; baseline -0.002 -14"><span class='ocrx_word' id='word_1_493' title='bbox 413 3697 653 3754; x_wconf 90' lang='lat' dir='ltr'>aliunde</span> <span class='ocrx_word' id='word_1_494' title='bbox 669 3695 914 3768; x_wconf 86' lang='lat' dir='ltr'>imperio</span> <span class='ocrx_word' id='word_1_495' title='bbox 932 3694 1913 3766; x_wconf 86' lang='lat' dir='ltr'>Persidisnutante,insurgentibus</span> <span class='ocrx_word' id='word_1_496' title='bbox 1937 3711 2064 3766; x_wconf 87' lang='lat' dir='ltr'>pas-</span> 
     </span>
    </p>
   </div>
   <div class='ocr_carea' id='block_1_67' title="bbox 413 3783 2066 3856">
    <p class='ocr_par' dir='ltr' id='par_1_67' title="bbox 413 3783 2066 3856">
     <span class='ocr_line' id='line_1_67' title="bbox 413 3783 2066 3856; baseline -0.001 -13"><span class='ocrx_word' id='word_1_497' title='bbox 413 3789 528 3844; x_wconf 90' lang='lat' dir='ltr'>sim</span> <span class='ocrx_word' id='word_1_498' title='bbox 560 3791 616 3843; x_wconf 92' lang='lat' dir='ltr'>et</span> <span class='ocrx_word' id='word_1_499' title='bbox 641 3803 733 3843; x_wconf 89' lang='lat' dir='ltr'>res</span> <span class='ocrx_word' id='word_1_500' title='bbox 766 3785 900 3842; x_wconf 89' lang='lat' dir='ltr'>aliis</span> <span class='ocrx_word' id='word_1_501' title='bbox 933 3784 1044 3841; x_wconf 90' lang='lat' dir='ltr'>alio</span> <span class='ocrx_word' id='word_1_502' title='bbox 1090 3783 1462 3840; x_wconf 90' lang='lat' dir='ltr'>trahentibus</span> <span class='ocrx_word' id='word_1_503' title='bbox 1516 3784 1790 3856; x_wconf 89' lang='lat' dir='ltr'>satrapis,</span> <span class='ocrx_word' id='word_1_504' title='bbox 1825 3785 1967 3840; x_wconf 88' lang='lat' dir='ltr'>adeo</span> <span class='ocrx_word' id='word_1_505' title='bbox 2002 3790 2066 3841; x_wconf 90' lang='lat' dir='ltr'>ut</span> 
     </span>
    </p>
   </div>
   <div class='ocr_carea' id='block_1_68' title="bbox 415 3873 2063 3950">
    <p class='ocr_par' dir='ltr' id='par_1_68' title="bbox 415 3873 2063 3950">
     <span class='ocr_line' id='line_1_68' title="bbox 415 3873 2063 3950; baseline -0.002 -16"><span class='ocrx_word' id='word_1_506' title='bbox 415 3893 485 3934; x_wconf 81' lang='lat' dir='ltr'>ex</span> <span class='ocrx_word' id='word_1_507' title='bbox 518 3875 909 3950; x_wconf 87' lang='lat' dir='ltr'>optimatibus</span> <span class='ocrx_word' id='word_1_508' title='bbox 940 3875 1053 3931; x_wconf 89' lang='lat' dir='ltr'>duo</span> <span class='ocrx_word' id='word_1_509' title='bbox 1087 3873 1248 3930; x_wconf 92' lang='lat' dir='ltr'>illinc</span> <span class='ocrx_word' id='word_1_510' title='bbox 1280 3875 1349 3931; x_wconf 89' lang='lat' dir='ltr'>ad</span> <span class='ocrx_word' id='word_1_511' title='bbox 1381 3875 1793 3946; x_wconf 83' lang='lat' dir='ltr'>imperatorem</span> <span class='ocrx_word' id='word_1_512' title='bbox 1821 3875 2063 3931; x_wconf 89' lang='lat' dir='ltr'>accede-</span> 
     </span>
    </p>
   </div>
   <div class='ocr_carea' id='block_1_69' title="bbox 413 3963 2064 4040">
    <p class='ocr_par' dir='ltr' id='par_1_69' title="bbox 413 3963 2064 4040">
     <span class='ocr_line' id='line_1_69' title="bbox 413 3963 2064 4040; baseline -0.002 -17"><span class='ocrx_word' id='word_1_513' title='bbox 413 3970 565 4037; x_wconf 87' lang='lat' dir='ltr'>rent,</span> <span class='ocrx_word' id='word_1_514' title='bbox 593 3969 789 4040; x_wconf 90' lang='lat' dir='ltr'>spreto</span> <span class='ocrx_word' id='word_1_515' title='bbox 804 3965 1040 4021; x_wconf 86' lang='lat' dir='ltr'>sultano</span> <span class='ocrx_word' id='word_1_516' title='bbox 1073 3963 1388 4019; x_wconf 89' lang='lat' dir='ltr'>uthomine</span> <span class='ocrx_word' id='word_1_517' title='bbox 1407 3963 1576 4019; x_wconf 90' lang='lat' dir='ltr'>inerti</span> <span class='ocrx_word' id='word_1_518' title='bbox 1605 3963 1843 4020; x_wconf 52' lang='lat' dir='ltr'>desidia)</span> <span class='ocrx_word' id='word_1_519' title='bbox 1868 3963 2064 4020; x_wconf 88' lang='lat' dir='ltr'>dedito</span> 
     </span>
    </p>
   </div>
   <div class='ocr_carea' id='block_1_70' title="bbox 417 4052 2064 4126">
    <p class='ocr_par' dir='ltr' id='par_1_70' title="bbox 417 4052 2064 4126">
     <span class='ocr_line' id='line_1_70' title="bbox 417 4052 2064 4126; baseline -0.002 -14"><span class='ocrx_word' id='word_1_520' title='bbox 417 4061 474 4112; x_wconf 90' lang='lat' dir='ltr'>et</span> <span class='ocrx_word' id='word_1_521' title='bbox 503 4054 741 4112; x_wconf 91' lang='lat' dir='ltr'>omissis</span> <span class='ocrx_word' id='word_1_522' title='bbox 773 4053 1141 4126; x_wconf 83' lang='lat' dir='ltr'>principatus</span> <span class='ocrx_word' id='word_1_523' title='bbox 1172 4053 1350 4123; x_wconf 91' lang='lat' dir='ltr'>curis,</span> <span class='ocrx_word' id='word_1_524' title='bbox 1383 4056 1666 4124; x_wconf 88' lang='lat' dir='ltr'>tanquam</span> <span class='ocrx_word' id='word_1_525' title='bbox 1715 4053 1763 4108; x_wconf 89' lang='lat' dir='ltr'>si</span> <span class='ocrx_word' id='word_1_526' title='bbox 1798 4052 2064 4124; x_wconf 88' lang='lat' dir='ltr'>privatus</span> 
     </span>
    </p>
   </div>
   <div class='ocr_carea' id='block_1_71' title="bbox 411 4141 2060 4216">
    <p class='ocr_par' dir='ltr' id='par_1_71' title="bbox 411 4141 2060 4216">
     <span class='ocr_line' id='line_1_71' title="bbox 411 4141 2060 4216; baseline -0.003 -16"><span class='ocrx_word' id='word_1_527' title='bbox 411 4145 708 4216; x_wconf 90' lang='lat' dir='ltr'>quispiam</span> <span class='ocrx_word' id='word_1_528' title='bbox 737 4160 918 4215; x_wconf 89' lang='lat' dir='ltr'>nepos</span> <span class='ocrx_word' id='word_1_529' title='bbox 945 4141 1433 4210; x_wconf 83' lang='lat' dir='ltr'>esset,luxuriose</span> <span class='ocrx_word' id='word_1_530' title='bbox 1463 4159 1530 4198; x_wconf 90' lang='lat' dir='ltr'>ac</span> <span class='ocrx_word' id='word_1_531' title='bbox 1562 4141 1793 4198; x_wconf 91' lang='lat' dir='ltr'>moliter</span> <span class='ocrx_word' id='word_1_532' title='bbox 1815 4142 2060 4197; x_wconf 86' lang='lat' dir='ltr'>vivente.</span> 
     </span>
    </p>
   </div>
   <div class='ocr_carea' id='block_1_72' title="bbox 409 4230 2062 4300">
    <p class='ocr_par' dir='ltr' id='par_1_72' title="bbox 409 4230 2062 4300">
     <span class='ocr_line' id='line_1_72' title="bbox 409 4230 2062 4300; baseline -0.001 -11"><span class='ocrx_word' id='word_1_533' title='bbox 409 4234 478 4289; x_wconf 88' lang='lat' dir='ltr'>Hi</span> <span class='ocrx_word' id='word_1_534' title='bbox 511 4232 748 4288; x_wconf 84' lang='lat' dir='ltr'>Basilici</span> <span class='ocrx_word' id='word_1_535' title='bbox 777 4231 1157 4300; x_wconf 85' lang='lat' dir='ltr'>vocabantur,</span> <span class='ocrx_word' id='word_1_536' title='bbox 1187 4231 1418 4287; x_wconf 90' lang='lat' dir='ltr'>oriundi</span> <span class='ocrx_word' id='word_1_537' title='bbox 1454 4247 1522 4286; x_wconf 86' lang='lat' dir='ltr'>ex</span> <span class='ocrx_word' id='word_1_538' title='bbox 1567 4230 1792 4299; x_wconf 79' lang='lat' dir='ltr'>Rhodo,</span> <span class='ocrx_word' id='word_1_539' title='bbox 1851 4232 2062 4298; x_wconf 79' lang='lat' dir='ltr'>lyricos</span> 
     </span>
    </p>
   </div>
   <div class='ocr_carea' id='block_1_73' title="bbox 414 4319 2065 4392">
    <p class='ocr_par' dir='ltr' id='par_1_73' title="bbox 414 4319 2065 4392">
     <span class='ocr_line' id='line_1_73' title="bbox 414 4319 2065 4392; baseline -0.001 -15"><span class='ocrx_word' id='word_1_540' title='bbox 414 4321 554 4378; x_wconf 91' lang='lat' dir='ltr'>olim</span> <span class='ocrx_word' id='word_1_541' title='bbox 585 4338 652 4376; x_wconf 89' lang='lat' dir='ltr'>ac</span> <span class='ocrx_word' id='word_1_542' title='bbox 684 4321 891 4376; x_wconf 80' lang='lat' dir='ltr'>fidium</span> <span class='ocrx_word' id='word_1_543' title='bbox 925 4321 1172 4376; x_wconf 86' lang='lat' dir='ltr'>artiﬁcio</span> <span class='ocrx_word' id='word_1_544' title='bbox 1223 4321 1284 4376; x_wconf 88' lang='lat' dir='ltr'>in</span> <span class='ocrx_word' id='word_1_545' title='bbox 1345 4319 1564 4376; x_wconf 87' lang='lat' dir='ltr'>sultani</span> <span class='ocrx_word' id='word_1_546' title='bbox 1615 4321 1868 4392; x_wconf 88' lang='lat' dir='ltr'>gratiam</span> <span class='ocrx_word' id='word_1_547' title='bbox 1924 4320 2065 4376; x_wconf 87' lang='lat' dir='ltr'>insi-</span> 
     </span>
    </p>
   </div>
   <div class='ocr_carea' id='block_1_74' title="bbox 412 4408 2062 4482">
    <p class='ocr_par' dir='ltr' id='par_1_74' title="bbox 412 4408 2062 4482">
     <span class='ocr_line' id='line_1_74' title="bbox 412 4408 2062 4482; baseline -0.001 -16"><span class='ocrx_word' id='word_1_548' title='bbox 412 4411 600 4479; x_wconf 88' lang='lat' dir='ltr'>nuati,</span> <span class='ocrx_word' id='word_1_549' title='bbox 635 4410 844 4466; x_wconf 90' lang='lat' dir='ltr'>deinde</span> <span class='ocrx_word' id='word_1_550' title='bbox 875 4410 1026 4482; x_wconf 87' lang='lat' dir='ltr'>quod</span> <span class='ocrx_word' id='word_1_551' title='bbox 1061 4409 1306 4466; x_wconf 87' lang='lat' dir='ltr'>consilio</span> <span class='ocrx_word' id='word_1_552' title='bbox 1338 4408 1769 4481; x_wconf 88' lang='lat' dir='ltr'>prudentiaque</span> <span class='ocrx_word' id='word_1_553' title='bbox 1821 4409 2062 4465; x_wconf 84' lang='lat' dir='ltr'>excelle-</span> 
     </span>
    </p>
   </div>
   <div class='ocr_carea' id='block_1_75' title="bbox 416 4498 2063 4570">
    <p class='ocr_par' dir='ltr' id='par_1_75' title="bbox 416 4498 2063 4570">
     <span class='ocr_line' id='line_1_75' title="bbox 416 4498 2063 4570; baseline -0.001 -15"><span class='ocrx_word' id='word_1_554' title='bbox 416 4505 566 4569; x_wconf 89' lang='lat' dir='ltr'>rent,</span> <span class='ocrx_word' id='word_1_555' title='bbox 595 4500 666 4555; x_wconf 92' lang='lat' dir='ltr'>ab</span> <span class='ocrx_word' id='word_1_556' title='bbox 700 4514 766 4554; x_wconf 92' lang='lat' dir='ltr'>eo</span> <span class='ocrx_word' id='word_1_557' title='bbox 796 4500 855 4554; x_wconf 91' lang='lat' dir='ltr'>in</span> <span class='ocrx_word' id='word_1_558' title='bbox 887 4498 1092 4569; x_wconf 87' lang='lat' dir='ltr'>primis</span> <span class='ocrx_word' id='word_1_559' title='bbox 1116 4498 1497 4554; x_wconf 82' lang='lat' dir='ltr'>familiarium</span> <span class='ocrx_word' id='word_1_560' title='bbox 1530 4498 1692 4565; x_wconf 90' lang='lat' dir='ltr'>culti,</span> <span class='ocrx_word' id='word_1_561' title='bbox 1713 4498 1888 4554; x_wconf 90' lang='lat' dir='ltr'>iidem</span> <span class='ocrx_word' id='word_1_562' title='bbox 1918 4515 2063 4570; x_wconf 67' lang='lat' dir='ltr'>prae-</span> 
     </span>
    </p>
   </div>
   <div class='ocr_carea' id='block_1_76' title="bbox 368 4586 2062 4659">
    <p class='ocr_par' dir='ltr' id='par_1_76' title="bbox 368 4586 2062 4659">
     <span class='ocr_line' id='line_1_76' title="bbox 368 4586 2062 4659; baseline 0 -15"><span class='ocrx_word' id='word_1_563' title='bbox 368 4614 370 4616; x_wconf 60' lang='grc' dir='ltr'>τ</span> <span class='ocrx_word' id='word_1_564' title='bbox 414 4589 624 4645; x_wconf 89' lang='lat' dir='ltr'>divites</span> <span class='ocrx_word' id='word_1_565' title='bbox 656 4604 797 4643; x_wconf 91' lang='lat' dir='ltr'>auro</span> <span class='ocrx_word' id='word_1_566' title='bbox 829 4586 1015 4642; x_wconf 91' lang='lat' dir='ltr'>multo</span> <span class='ocrx_word' id='word_1_567' title='bbox 1047 4587 1131 4642; x_wconf 88' lang='lat' dir='ltr'>vel</span> <span class='ocrx_word' id='word_1_568' title='bbox 1166 4588 1320 4643; x_wconf 77' lang='lat'>130</span> <span class='ocrx_word' id='word_1_569' title='bbox 1376 4587 1434 4642; x_wconf 90' lang='lat' dir='ltr'>in</span> <span class='ocrx_word' id='word_1_570' title='bbox 1495 4587 1746 4658; x_wconf 85' lang='lat' dir='ltr'>scyphos</span> <span class='ocrx_word' id='word_1_571' title='bbox 1803 4604 2062 4659; x_wconf 89' lang='lat' dir='ltr'>vasaque</span> 
     </span>
    </p>
   </div>
   <div class='ocr_carea' id='block_1_77' title="bbox 414 4676 2058 4750">
    <p class='ocr_par' dir='ltr' id='par_1_77' title="bbox 414 4676 2058 4750">
     <span class='ocr_line' id='line_1_77' title="bbox 414 4676 2058 4750; baseline -0.001 -18"><span class='ocrx_word' id='word_1_572' title='bbox 414 4677 632 4733; x_wconf 88' lang='lat' dir='ltr'>similia</span> <span class='ocrx_word' id='word_1_573' title='bbox 663 4678 937 4744; x_wconf 89' lang='lat' dir='ltr'>formato,</span> <span class='ocrx_word' id='word_1_574' title='bbox 969 4677 1056 4731; x_wconf 90' lang='lat' dir='ltr'>vel</span> <span class='ocrx_word' id='word_1_575' title='bbox 1089 4693 1231 4732; x_wconf 89' lang='lat' dir='ltr'>cuso</span> <span class='ocrx_word' id='word_1_576' title='bbox 1267 4678 1323 4732; x_wconf 93' lang='lat' dir='ltr'>in</span> <span class='ocrx_word' id='word_1_577' title='bbox 1359 4682 1650 4732; x_wconf 86' lang='lat' dir='ltr'>monetam</span> <span class='ocrx_word' id='word_1_578' title='bbox 1683 4681 1817 4749; x_wconf 87' lang='lat' dir='ltr'>typo</span> <span class='ocrx_word' id='word_1_579' title='bbox 1851 4676 2058 4750; x_wconf 86' lang='lat' dir='ltr'>Chaly-</span> 
     </span>
    </p>
   </div>
   <div class='ocr_carea' id='block_1_78' title="bbox 415 4765 2062 4839">
    <p class='ocr_par' dir='ltr' id='par_1_78' title="bbox 415 4765 2062 4839">
     <span class='ocr_line' id='line_1_78' title="bbox 415 4765 2062 4839; baseline -0.001 -17"><span class='ocrx_word' id='word_1_580' title='bbox 415 4767 542 4839; x_wconf 68' lang='lat' dir='ltr'>pbce</span> <span class='ocrx_word' id='word_1_581' title='bbox 573 4765 1180 4838; x_wconf 87' lang='lat' dir='ltr'>signatam.Velorum</span> <span class='ocrx_word' id='word_1_582' title='bbox 1201 4782 1727 4837; x_wconf 87' lang='lat' dir='ltr'>vero,gemmarum</span> <span class='ocrx_word' id='word_1_583' title='bbox 1755 4773 1812 4822; x_wconf 93' lang='lat' dir='ltr'>et</span> <span class='ocrx_word' id='word_1_584' title='bbox 1838 4783 2062 4838; x_wconf 85' lang='lat' dir='ltr'>marga-</span> 
     </span>
    </p>
   </div>
   <div class='ocr_carea' id='block_1_79' title="bbox 416 4855 2059 4928">
    <p class='ocr_par' dir='ltr' id='par_1_79' title="bbox 416 4855 2059 4928">
     <span class='ocr_line' id='line_1_79' title="bbox 416 4855 2059 4928; baseline -0.001 -16"><span class='ocrx_word' id='word_1_585' title='bbox 416 4859 660 4912; x_wconf 88' lang='lat' dir='ltr'>ritarum</span> <span class='ocrx_word' id='word_1_586' title='bbox 695 4860 928 4910; x_wconf 87' lang='lat' dir='ltr'>tantum</span> <span class='ocrx_word' id='word_1_587' title='bbox 957 4855 1015 4910; x_wconf 90' lang='lat' dir='ltr'>in</span> <span class='ocrx_word' id='word_1_588' title='bbox 1049 4856 1348 4910; x_wconf 85' lang='lat' dir='ltr'>recondito</span> <span class='ocrx_word' id='word_1_589' title='bbox 1397 4856 1711 4927; x_wconf 89' lang='lat' dir='ltr'>habebant,</span> <span class='ocrx_word' id='word_1_590' title='bbox 1772 4860 2059 4928; x_wconf 89' lang='lat' dir='ltr'>quantum</span> 
     </span>
    </p>
   </div>
   <div class='ocr_carea' id='block_1_80' title="bbox 419 4944 2059 5017">
    <p class='ocr_par' dir='ltr' id='par_1_80' title="bbox 419 4944 2059 5017">
     <span class='ocr_line' id='line_1_80' title="bbox 419 4944 2059 5017; baseline 0 -16"><span class='ocrx_word' id='word_1_591' title='bbox 419 4948 469 5002; x_wconf 89' lang='lat' dir='ltr'>si</span> <span class='ocrx_word' id='word_1_592' title='bbox 501 4946 593 5001; x_wconf 91' lang='lat' dir='ltr'>cui</span> <span class='ocrx_word' id='word_1_593' title='bbox 622 4944 1139 5013; x_wconf 87' lang='lat' dir='ltr'>ostenderentjure</span> <span class='ocrx_word' id='word_1_594' title='bbox 1173 4944 1504 5003; x_wconf 90' lang='lat' dir='ltr'>miraretur.</span> <span class='ocrx_word' id='word_1_595' title='bbox 1539 4944 1606 5000; x_wconf 86' lang='lat' dir='ltr'>Hi</span> <span class='ocrx_word' id='word_1_596' title='bbox 1637 4962 1774 5017; x_wconf 92' lang='lat' dir='ltr'>ergo</span> <span class='ocrx_word' id='word_1_597' title='bbox 1806 4945 2059 5017; x_wconf 59' lang='lat' dir='ltr'>antiquas</span> 
     </span>
    </p>
   </div>
   <div class='ocr_carea' id='block_1_81' title="bbox 421 5033 2058 5106">
    <p class='ocr_par' dir='ltr' id='par_1_81' title="bbox 421 5033 2058 5106">
     <span class='ocr_line' id='line_1_81' title="bbox 421 5033 2058 5106; baseline 0.002 -19"><span class='ocrx_word' id='word_1_598' title='bbox 421 5033 708 5090; x_wconf 88' lang='lat' dir='ltr'>recordati</span> <span class='ocrx_word' id='word_1_599' title='bbox 743 5033 1012 5088; x_wconf 72' lang='lat' dir='ltr'>amicitiae</span> <span class='ocrx_word' id='word_1_600' title='bbox 1045 5049 1221 5103; x_wconf 88' lang='lat' dir='ltr'>quam</span> <span class='ocrx_word' id='word_1_601' title='bbox 1257 5049 1388 5088; x_wconf 88' lang='lat' dir='ltr'>cum</span> <span class='ocrx_word' id='word_1_602' title='bbox 1427 5034 1797 5105; x_wconf 89' lang='lat' dir='ltr'>imperatore,</span> <span class='ocrx_word' id='word_1_603' title='bbox 1823 5036 2058 5106; x_wconf 90' lang='lat' dir='ltr'>quando</span> 
     </span>
    </p>
   </div>
   <div class='ocr_carea' id='block_1_82' title="bbox 417 5121 2056 5194">
    <p class='ocr_par' dir='ltr' id='par_1_82' title="bbox 417 5121 2056 5194">
     <span class='ocr_line' id='line_1_82' title="bbox 417 5121 2056 5194; baseline 0.001 -17"><span class='ocrx_word' id='word_1_604' title='bbox 417 5123 469 5178; x_wconf 90' lang='lat' dir='ltr'>is</span> <span class='ocrx_word' id='word_1_605' title='bbox 501 5122 692 5177; x_wconf 87' lang='lat' dir='ltr'>adhuc</span> <span class='ocrx_word' id='word_1_606' title='bbox 723 5121 986 5193; x_wconf 88' lang='lat' dir='ltr'>privatus</span> <span class='ocrx_word' id='word_1_607' title='bbox 1027 5123 1098 5176; x_wconf 91' lang='lat' dir='ltr'>ad</span> <span class='ocrx_word' id='word_1_608' title='bbox 1133 5125 1336 5178; x_wconf 88' lang='lat' dir='ltr'>Persas</span> <span class='ocrx_word' id='word_1_609' title='bbox 1397 5123 1570 5194; x_wconf 89' lang='lat' dir='ltr'>fugit,</span> <span class='ocrx_word' id='word_1_610' title='bbox 1628 5128 2056 5194; x_wconf 83' lang='lat' dir='ltr'>contraxerant,</span> 
     </span>
    </p>
   </div>
   <div class='ocr_carea' id='block_1_83' title="bbox 418 5211 2058 5283">
    <p class='ocr_par' dir='ltr' id='par_1_83' title="bbox 418 5211 2058 5283">
     <span class='ocr_line' id='line_1_83' title="bbox 418 5211 2058 5283; baseline 0.001 -17"><span class='ocrx_word' id='word_1_611' title='bbox 418 5226 709 5266; x_wconf 90' lang='lat' dir='ltr'>memores</span> <span class='ocrx_word' id='word_1_612' title='bbox 739 5211 910 5266; x_wconf 90' lang='lat' dir='ltr'>etiam</span> <span class='ocrx_word' id='word_1_613' title='bbox 946 5227 1007 5266; x_wconf 92' lang='lat' dir='ltr'>se</span> <span class='ocrx_word' id='word_1_614' title='bbox 1040 5211 1098 5265; x_wconf 91' lang='lat' dir='ltr'>in</span> <span class='ocrx_word' id='word_1_615' title='bbox 1131 5226 1197 5266; x_wconf 92' lang='lat' dir='ltr'>eo</span> <span class='ocrx_word' id='word_1_616' title='bbox 1230 5211 1400 5283; x_wconf 90' lang='lat' dir='ltr'>signa</span> <span class='ocrx_word' id='word_1_617' title='bbox 1441 5212 1779 5268; x_wconf 86' lang='lat' dir='ltr'>observasse</span> <span class='ocrx_word' id='word_1_618' title='bbox 1840 5217 2058 5268; x_wconf 77' lang='lat' dir='ltr'>mutum</span> 
     </span>
    </p>
   </div>
   <div class='ocr_carea' id='block_1_84' title="bbox 417 5299 2057 5370">
    <p class='ocr_par' dir='ltr' id='par_1_84' title="bbox 417 5299 2057 5370">
     <span class='ocr_line' id='line_1_84' title="bbox 417 5299 2057 5370; baseline 0.001 -16"><span class='ocrx_word' id='word_1_619' title='bbox 417 5301 473 5355; x_wconf 90' lang='lat' dir='ltr'>in</span> <span class='ocrx_word' id='word_1_620' title='bbox 508 5301 667 5370; x_wconf 92' lang='lat' dir='ltr'>ipsos</span> <span class='ocrx_word' id='word_1_621' title='bbox 700 5299 1138 5364; x_wconf 66' lang='lat' dir='ltr'>benevolentiae,</span> <span class='ocrx_word' id='word_1_622' title='bbox 1174 5317 1287 5355; x_wconf 89' lang='lat' dir='ltr'>non</span> <span class='ocrx_word' id='word_1_623' title='bbox 1321 5300 1668 5356; x_wconf 88' lang='lat' dir='ltr'>dubitarunt</span> <span class='ocrx_word' id='word_1_624' title='bbox 1705 5317 1834 5356; x_wconf 91' lang='lat' dir='ltr'>esse</span> <span class='ocrx_word' id='word_1_625' title='bbox 1891 5301 2057 5356; x_wconf 87' lang='lat' dir='ltr'>illum</span> 
     </span>
    </p>
   </div>
   <div class='ocr_carea' id='block_1_85' title="bbox 417 5388 2060 5460">
    <p class='ocr_par' dir='ltr' id='par_1_85' title="bbox 417 5388 2060 5460">
     <span class='ocr_line' id='line_1_85' title="bbox 417 5388 2060 5460; baseline 0.001 -16"><span class='ocrx_word' id='word_1_626' title='bbox 417 5388 718 5445; x_wconf 83' lang='lat' dir='ltr'>hominem</span> <span class='ocrx_word' id='word_1_627' title='bbox 738 5388 809 5444; x_wconf 89' lang='lat' dir='ltr'>iis</span> <span class='ocrx_word' id='word_1_628' title='bbox 829 5389 1094 5444; x_wconf 88' lang='lat' dir='ltr'>moribus</span> <span class='ocrx_word' id='word_1_629' title='bbox 1115 5405 1289 5460; x_wconf 92' lang='lat' dir='ltr'>quem</span> <span class='ocrx_word' id='word_1_630' title='bbox 1313 5405 1430 5443; x_wconf 89' lang='lat' dir='ltr'>non</span> <span class='ocrx_word' id='word_1_631' title='bbox 1460 5389 1678 5444; x_wconf 88' lang='lat' dir='ltr'>frustra</span> <span class='ocrx_word' id='word_1_632' title='bbox 1698 5389 2060 5445; x_wconf 81' lang='lat' dir='ltr'>conﬁderent</span> 
     </span>
    </p>
   </div>
   <div class='ocr_carea' id='block_1_86' title="bbox 416 5477 2056 5550">
    <p class='ocr_par' dir='ltr' id='par_1_86' title="bbox 416 5477 2056 5550">
     <span class='ocr_line' id='line_1_86' title="bbox 416 5477 2056 5550; baseline -0.001 -17"><span class='ocrx_word' id='word_1_633' title='bbox 416 5484 711 5550; x_wconf 89' lang='lat' dir='ltr'>acceptam</span> <span class='ocrx_word' id='word_1_634' title='bbox 747 5477 804 5532; x_wconf 94' lang='lat' dir='ltr'>in</span> <span class='ocrx_word' id='word_1_635' title='bbox 838 5478 1062 5549; x_wconf 88' lang='lat' dir='ltr'>privata</span> <span class='ocrx_word' id='word_1_636' title='bbox 1114 5479 1346 5533; x_wconf 81' lang='lat' dir='ltr'>fortuna</span> <span class='ocrx_word' id='word_1_637' title='bbox 1394 5477 1642 5548; x_wconf 86' lang='lat' dir='ltr'>gratiam</span> <span class='ocrx_word' id='word_1_638' title='bbox 1696 5478 1752 5532; x_wconf 90' lang='lat' dir='ltr'>in</span> <span class='ocrx_word' id='word_1_639' title='bbox 1812 5479 2056 5550; x_wconf 89' lang='lat' dir='ltr'>imperio</span> 
     </span>
    </p>
   </div>
   <div class='ocr_carea' id='block_1_87' title="bbox 417 5566 2053 5640">
    <p class='ocr_par' dir='ltr' id='par_1_87' title="bbox 417 5566 2053 5640">
     <span class='ocr_line' id='line_1_87' title="bbox 417 5566 2053 5640; baseline 0.001 -18"><span class='ocrx_word' id='word_1_640' title='bbox 417 5569 615 5631; x_wconf 84' lang='lat' dir='ltr'>etiam,</span> <span class='ocrx_word' id='word_1_641' title='bbox 647 5573 958 5638; x_wconf 91' lang='lat' dir='ltr'>postquam</span> <span class='ocrx_word' id='word_1_642' title='bbox 994 5567 1064 5621; x_wconf 91' lang='lat' dir='ltr'>ad</span> <span class='ocrx_word' id='word_1_643' title='bbox 1097 5566 1241 5621; x_wconf 91' lang='lat' dir='ltr'>illud</span> <span class='ocrx_word' id='word_1_644' title='bbox 1276 5567 1660 5637; x_wconf 88' lang='lat' dir='ltr'>ascendisset,</span> <span class='ocrx_word' id='word_1_645' title='bbox 1694 5568 2053 5640; x_wconf 81' lang='lat' dir='ltr'>agniturum,</span> 
     </span>
    </p>
   </div>
   <div class='ocr_carea' id='block_1_88' title="bbox 420 5655 2052 5731">
    <p class='ocr_par' dir='ltr' id='par_1_88' title="bbox 420 5655 2052 5731">
     <span class='ocr_line' id='line_1_88' title="bbox 420 5655 2052 5731; baseline 0.004 -22"><span class='ocrx_word' id='word_1_646' title='bbox 420 5662 477 5709; x_wconf 79' lang='lat' dir='ltr'>at</span> <span class='ocrx_word' id='word_1_647' title='bbox 508 5672 620 5730; x_wconf 85' lang='lat' dir='ltr'>quo</span> <span class='ocrx_word' id='word_1_648' title='bbox 655 5655 786 5728; x_wconf 90' lang='lat' dir='ltr'>plus</span> <span class='ocrx_word' id='word_1_649' title='bbox 813 5656 934 5727; x_wconf 87' lang='lat' dir='ltr'>jam</span> <span class='ocrx_word' id='word_1_650' title='bbox 966 5661 1180 5728; x_wconf 85' lang='lat' dir='ltr'>posset,</span> <span class='ocrx_word' id='word_1_651' title='bbox 1216 5673 1282 5711; x_wconf 89' lang='lat' dir='ltr'>co</span> <span class='ocrx_word' id='word_1_652' title='bbox 1312 5655 1611 5714; x_wconf 89' lang='lat' dir='ltr'>liberalius</span> <span class='ocrx_word' id='word_1_653' title='bbox 1645 5673 2052 5731; x_wconf 88' lang='lat' dir='ltr'>repensurum.</span> 
     </span>
    </p>
   </div>
   <div class='ocr_carea' id='block_1_89' title="bbox 2171 3253 3763 3326">
    <p class='ocr_par' dir='ltr' id='par_1_89' title="bbox 2171 3253 3763 3326">
     <span class='ocr_line' id='line_1_89' title="bbox 2171 3253 3763 3326; baseline -0.001 -19"><span class='ocrx_word' id='word_1_654' title='bbox 2171 3260 2232 3308; x_wconf 92' lang='lat' dir='ltr'>ut</span> <span class='ocrx_word' id='word_1_655' title='bbox 2264 3253 2426 3326; x_wconf 87' lang='lat' dir='ltr'>digni</span> <span class='ocrx_word' id='word_1_656' title='bbox 2461 3257 2629 3309; x_wconf 91' lang='lat' dir='ltr'>erant</span> <span class='ocrx_word' id='word_1_657' title='bbox 2660 3254 2986 3321; x_wconf 91' lang='lat' dir='ltr'>honoravit,</span> <span class='ocrx_word' id='word_1_658' title='bbox 3021 3253 3280 3310; x_wconf 86' lang='lat' dir='ltr'>alterum</span> <span class='ocrx_word' id='word_1_659' title='bbox 3333 3255 3557 3326; x_wconf 89' lang='lat' dir='ltr'>quidem</span> <span class='ocrx_word' id='word_1_660' title='bbox 3603 3267 3763 3308; x_wconf 86' lang='lat' dir='ltr'>eorum</span> 
     </span>
    </p>
   </div>
   <div class='ocr_carea' id='block_1_90' title="bbox 2171 3339 3763 3408">
    <p class='ocr_par' dir='ltr' id='par_1_90' title="bbox 2171 3339 3763 3408">
     <span class='ocr_line' id='line_1_90' title="bbox 2171 3339 3763 3408; baseline -0.003 -10"><span class='ocrx_word' id='word_1_661' title='bbox 2171 3342 2450 3398; x_wconf 90' lang='lat' dir='ltr'>Basilium</span> <span class='ocrx_word' id='word_1_662' title='bbox 2483 3343 2717 3398; x_wconf 89' lang='lat' dir='ltr'>nomine</span> <span class='ocrx_word' id='word_1_663' title='bbox 2749 3342 3143 3400; x_wconf 85' lang='lat' dir='ltr'>excubitorem</span> <span class='ocrx_word' id='word_1_664' title='bbox 3159 3339 3763 3408; x_wconf 86' lang='lat' dir='ltr'>cubiculitaciens,alte-</span> 
     </span>
    </p>
   </div>
   <div class='ocr_carea' id='block_1_91' title="bbox 2172 3430 3760 3506">
    <p class='ocr_par' dir='ltr' id='par_1_91' title="bbox 2172 3430 3760 3506">
     <span class='ocr_line' id='line_1_91' title="bbox 2172 3430 3760 3506; baseline -0.003 -19"><span class='ocrx_word' id='word_1_665' title='bbox 2172 3450 2302 3488; x_wconf 93' lang='lat' dir='ltr'>rum</span> <span class='ocrx_word' id='word_1_666' title='bbox 2358 3449 2491 3488; x_wconf 89' lang='lat' dir='ltr'>vero</span> <span class='ocrx_word' id='word_1_667' title='bbox 2550 3432 2866 3488; x_wconf 80' lang='lat' dir='ltr'>Basilicum</span> <span class='ocrx_word' id='word_1_668' title='bbox 2922 3449 3202 3506; x_wconf 87' lang='lat' dir='ltr'>magnum</span> <span class='ocrx_word' id='word_1_669' title='bbox 3272 3439 3330 3491; x_wconf 92' lang='lat' dir='ltr'>et</span> <span class='ocrx_word' id='word_1_670' title='bbox 3385 3430 3760 3490; x_wconf 69' lang='lat' dir='ltr'>heteriarcbam</span> 
     </span>
    </p>
   </div>
   <div class='ocr_carea' id='block_1_92' title="bbox 2171 3512 3762 3586">
    <p class='ocr_par' dir='ltr' id='par_1_92' title="bbox 2171 3512 3762 3586">
     <span class='ocr_line' id='line_1_92' title="bbox 2171 3512 3762 3586; baseline -0.005 -16"><span class='ocrx_word' id='word_1_671' title='bbox 2171 3531 2396 3570; x_wconf 88' lang='lat' dir='ltr'>ereans.</span> <span class='ocrx_word' id='word_1_672' title='bbox 2431 3515 2836 3586; x_wconf 82' lang='lat' dir='ltr'>Expertusque</span> <span class='ocrx_word' id='word_1_673' title='bbox 2867 3531 2999 3569; x_wconf 86' lang='lat' dir='ltr'>mox</span> <span class='ocrx_word' id='word_1_674' title='bbox 3048 3530 3146 3570; x_wconf 89' lang='lat' dir='ltr'>eos</span> <span class='ocrx_word' id='word_1_675' title='bbox 3179 3516 3258 3570; x_wconf 91' lang='lat' dir='ltr'>ad</span> <span class='ocrx_word' id='word_1_676' title='bbox 3317 3514 3510 3571; x_wconf 86' lang='lat' dir='ltr'>omnia</span> <span class='ocrx_word' id='word_1_677' title='bbox 3561 3512 3625 3568; x_wconf 90' lang='lat' dir='ltr'>ad</span> <span class='ocrx_word' id='word_1_678' title='bbox 3665 3523 3762 3582; x_wconf 69' lang='lat' dir='ltr'>qua:</span> 
     </span>
    </p>
   </div>
   <div class='ocr_carea' id='block_1_93' title="bbox 2171 3603 3760 3676">
    <p class='ocr_par' dir='ltr' id='par_1_93' title="bbox 2171 3603 3760 3676">
     <span class='ocr_line' id='line_1_93' title="bbox 2171 3603 3760 3676; baseline -0.004 -17"><span class='ocrx_word' id='word_1_679' title='bbox 2171 3603 2606 3660; x_wconf 88' lang='lat' dir='ltr'>adhibebantur</span> <span class='ocrx_word' id='word_1_680' title='bbox 2679 3605 2912 3660; x_wconf 83' lang='lat' dir='ltr'>dextros</span> <span class='ocrx_word' id='word_1_681' title='bbox 2966 3608 3142 3676; x_wconf 88' lang='lat' dir='ltr'>atque</span> <span class='ocrx_word' id='word_1_682' title='bbox 3212 3604 3554 3671; x_wconf 90' lang='lat' dir='ltr'>industrios,</span> <span class='ocrx_word' id='word_1_683' title='bbox 3603 3613 3760 3657; x_wconf 89' lang='lat' dir='ltr'>eorum</span> 
     </span>
    </p>
   </div>
   <div class='ocr_carea' id='block_1_94' title="bbox 2172 3689 3758 3766">
    <p class='ocr_par' dir='ltr' id='par_1_94' title="bbox 2172 3689 3758 3766">
     <span class='ocr_line' id='line_1_94' title="bbox 2172 3689 3758 3766; baseline -0.004 -18"><span class='ocrx_word' id='word_1_684' title='bbox 2172 3711 2348 3765; x_wconf 89' lang='lat' dir='ltr'>opera</span> <span class='ocrx_word' id='word_1_685' title='bbox 2379 3695 2708 3765; x_wconf 82' lang='lat' dir='ltr'>frequenter</span> <span class='ocrx_word' id='word_1_686' title='bbox 2767 3693 3059 3758; x_wconf 85' lang='lat' dir='ltr'>utebatur,</span> <span class='ocrx_word' id='word_1_687' title='bbox 3121 3709 3489 3766; x_wconf 87' lang='lat' dir='ltr'>pronamque</span> <span class='ocrx_word' id='word_1_688' title='bbox 3543 3691 3595 3746; x_wconf 90' lang='lat' dir='ltr'>in</span> <span class='ocrx_word' id='word_1_689' title='bbox 3634 3689 3758 3762; x_wconf 84' lang='lat' dir='ltr'>ipsos</span> 
     </span>
    </p>
   </div>
   <div class='ocr_carea' id='block_1_95' title="bbox 2171 3778 3759 3854">
    <p class='ocr_par' dir='ltr' id='par_1_95' title="bbox 2171 3778 3759 3854">
     <span class='ocr_line' id='line_1_95' title="bbox 2171 3778 3759 3854; baseline -0.006 -15"><span class='ocrx_word' id='word_1_690' title='bbox 2171 3800 2339 3839; x_wconf 88' lang='lat' dir='ltr'>suam</span> <span class='ocrx_word' id='word_1_691' title='bbox 2394 3783 2641 3854; x_wconf 89' lang='lat' dir='ltr'>gratiam</span> <span class='ocrx_word' id='word_1_692' title='bbox 2701 3783 2853 3838; x_wconf 90' lang='lat' dir='ltr'>haud</span> <span class='ocrx_word' id='word_1_693' title='bbox 2913 3782 3110 3838; x_wconf 88' lang='lat' dir='ltr'>dubiis</span> <span class='ocrx_word' id='word_1_694' title='bbox 3168 3783 3505 3839; x_wconf 85' lang='lat' dir='ltr'>declarabat</span> <span class='ocrx_word' id='word_1_695' title='bbox 3556 3778 3759 3837; x_wconf 88' lang='lat' dir='ltr'>indiciis.</span> 
     </span>
    </p>
   </div>
   <div class='ocr_carea' id='block_1_96' title="bbox 2169 3866 3758 3947">
    <p class='ocr_par' dir='ltr' id='par_1_96' title="bbox 2169 3866 3758 3947">
     <span class='ocr_line' id='line_1_96' title="bbox 2169 3866 3758 3947; baseline -0.004 -20"><span class='ocrx_word' id='word_1_696' title='bbox 2169 3879 2347 3929; x_wconf 85' lang='lat' dir='ltr'>Porro</span> <span class='ocrx_word' id='word_1_697' title='bbox 2380 3873 2463 3928; x_wconf 93' lang='lat' dir='ltr'>illi</span> <span class='ocrx_word' id='word_1_698' title='bbox 2495 3873 2685 3930; x_wconf 88' lang='lat' dir='ltr'>multa</span> <span class='ocrx_word' id='word_1_699' title='bbox 2715 3891 2782 3929; x_wconf 88' lang='lat' dir='ltr'>ex</span> <span class='ocrx_word' id='word_1_700' title='bbox 2805 3891 2868 3929; x_wconf 90' lang='lat' dir='ltr'>se</span> <span class='ocrx_word' id='word_1_701' title='bbox 2899 3873 3342 3944; x_wconf 85' lang='lat' dir='ltr'>habentes,non</span> <span class='ocrx_word' id='word_1_702' title='bbox 3359 3889 3535 3947; x_wconf 88' lang='lat' dir='ltr'>pauca</span> <span class='ocrx_word' id='word_1_703' title='bbox 3560 3870 3683 3944; x_wconf 87' lang='lat' dir='ltr'>ipsis</span> <span class='ocrx_word' id='word_1_704' title='bbox 3707 3866 3758 3921; x_wconf 77' lang='lat' dir='ltr'>ab</span> 
     </span>
    </p>
   </div>
   <div class='ocr_carea' id='block_1_97' title="bbox 2169 3955 3758 4035">
    <p class='ocr_par' dir='ltr' id='par_1_97' title="bbox 2169 3955 3758 4035">
     <span class='ocr_line' id='line_1_97' title="bbox 2169 3955 3758 4035; baseline -0.005 -18"><span class='ocrx_word' id='word_1_705' title='bbox 2169 3963 2519 4035; x_wconf 90' lang='lat' dir='ltr'>imperatore</span> <span class='ocrx_word' id='word_1_706' title='bbox 2551 3961 3020 4019; x_wconf 89' lang='lat' dir='ltr'>administranda</span> <span class='ocrx_word' id='word_1_707' title='bbox 3075 3963 3402 4019; x_wconf 88' lang='lat' dir='ltr'>commissa</span> <span class='ocrx_word' id='word_1_708' title='bbox 3443 3975 3651 4018; x_wconf 84' lang='lat' dir='ltr'>summa</span> <span class='ocrx_word' id='word_1_709' title='bbox 3673 3955 3758 4011; x_wconf 84' lang='lat' dir='ltr'>ﬁde</span> 
     </span>
    </p>
   </div>
   <div class='ocr_carea' id='block_1_98' title="bbox 2169 4043 3762 4124">
    <p class='ocr_par' dir='ltr' id='par_1_98' title="bbox 2169 4043 3762 4124">
     <span class='ocr_line' id='line_1_98' title="bbox 2169 4043 3762 4124; baseline -0.006 -16"><span class='ocrx_word' id='word_1_710' title='bbox 2169 4051 2684 4123; x_wconf 82' lang='lat' dir='ltr'>benevolentiaque</span> <span class='ocrx_word' id='word_1_711' title='bbox 2715 4056 3062 4121; x_wconf 88' lang='lat' dir='ltr'>tractarunt,</span> <span class='ocrx_word' id='word_1_712' title='bbox 3096 4053 3435 4124; x_wconf 89' lang='lat' dir='ltr'>gratissime</span> <span class='ocrx_word' id='word_1_713' title='bbox 3449 4064 3656 4121; x_wconf 88' lang='lat' dir='ltr'>semper</span> <span class='ocrx_word' id='word_1_714' title='bbox 3674 4043 3762 4100; x_wconf 87' lang='lat' dir='ltr'>ati-</span> 
     </span>
    </p>
   </div>
   <div class='ocr_carea' id='block_1_99' title="bbox 2171 4139 3762 4214">
    <p class='ocr_par' dir='ltr' id='par_1_99' title="bbox 2171 4139 3762 4214">
     <span class='ocr_line' id='line_1_99' title="bbox 2171 4139 3762 4214; baseline -0.005 -18"><span class='ocrx_word' id='word_1_715' title='bbox 2171 4142 2514 4214; x_wconf 89' lang='lat' dir='ltr'>lissimeque</span> <span class='ocrx_word' id='word_1_716' title='bbox 2547 4141 3076 4198; x_wconf 90' lang='lat' dir='ltr'>servientes.Plane</span> <span class='ocrx_word' id='word_1_717' title='bbox 3103 4140 3500 4197; x_wconf 85' lang='lat' dir='ltr'>transformati</span> <span class='ocrx_word' id='word_1_718' title='bbox 3525 4139 3578 4194; x_wconf 86' lang='lat' dir='ltr'>in</span> <span class='ocrx_word' id='word_1_719' title='bbox 3610 4149 3762 4192; x_wconf 86' lang='lat' dir='ltr'>mores</span> 
     </span>
    </p>
   </div>
   <div class='ocr_carea' id='block_1_100' title="bbox 2172 4223 3759 4303">
    <p class='ocr_par' dir='ltr' id='par_1_100' title="bbox 2172 4223 3759 4303">
     <span class='ocr_line' id='line_1_100' title="bbox 2172 4223 3759 4303; baseline -0.006 -18"><span class='ocrx_word' id='word_1_720' title='bbox 2172 4231 2562 4303; x_wconf 84' lang='lat' dir='ltr'>habitumque</span> <span class='ocrx_word' id='word_1_721' title='bbox 2595 4232 2996 4287; x_wconf 79' lang='lat' dir='ltr'>Romanorum</span> <span class='ocrx_word' id='word_1_722' title='bbox 3023 4230 3436 4287; x_wconf 80' lang='lat' dir='ltr'>fidelissimum</span> <span class='ocrx_word' id='word_1_723' title='bbox 3467 4223 3759 4297; x_wconf 88' lang='lat' dir='ltr'>obsequium</span> 
     </span>
    </p>
   </div>
   <div class='ocr_carea' id='block_1_101' title="bbox 2169 4311 3760 4392">
    <p class='ocr_par' dir='ltr' id='par_1_101' title="bbox 2169 4311 3760 4392">
     <span class='ocr_line' id='line_1_101' title="bbox 2169 4311 3760 4392; baseline -0.007 -17"><span class='ocrx_word' id='word_1_724' title='bbox 2169 4320 2507 4391; x_wconf 86' lang='lat' dir='ltr'>imperatori</span> <span class='ocrx_word' id='word_1_725' title='bbox 2541 4320 2942 4392; x_wconf 70' lang='lat' dir='ltr'>praestiterunt</span> <span class='ocrx_word' id='word_1_726' title='bbox 2974 4337 2986 4375; x_wconf 94' lang='lat'>:</span> <span class='ocrx_word' id='word_1_727' title='bbox 3023 4319 3167 4374; x_wconf 90' lang='lat' dir='ltr'>nihil</span> <span class='ocrx_word' id='word_1_728' title='bbox 3202 4319 3359 4375; x_wconf 88' lang='lat' dir='ltr'>enim</span> <span class='ocrx_word' id='word_1_729' title='bbox 3381 4319 3457 4374; x_wconf 91' lang='lat' dir='ltr'>ita</span> <span class='ocrx_word' id='word_1_730' title='bbox 3476 4313 3692 4374; x_wconf 86' lang='lat' dir='ltr'>subditis</span> <span class='ocrx_word' id='word_1_731' title='bbox 3717 4311 3760 4364; x_wconf 90' lang='lat' dir='ltr'>in</span> 
     </span>
    </p>
   </div>
   <div class='ocr_carea' id='block_1_102' title="bbox 2174 4401 3761 4482">
    <p class='ocr_par' dir='ltr' id='par_1_102' title="bbox 2174 4401 3761 4482">
     <span class='ocr_line' id='line_1_102' title="bbox 2174 4401 3761 4482; baseline -0.005 -17"><span class='ocrx_word' id='word_1_732' title='bbox 2174 4409 2498 4482; x_wconf 84' lang='lat' dir='ltr'>principem</span> <span class='ocrx_word' id='word_1_733' title='bbox 2529 4426 2731 4466; x_wconf 79' lang='lat' dir='ltr'>verum</span> <span class='ocrx_word' id='word_1_734' title='bbox 2782 4425 3043 4466; x_wconf 91' lang='lat' dir='ltr'>amorem</span> <span class='ocrx_word' id='word_1_735' title='bbox 3069 4409 3479 4480; x_wconf 79' lang='lat' dir='ltr'>sinceramque</span> <span class='ocrx_word' id='word_1_736' title='bbox 3523 4405 3673 4460; x_wconf 83' lang='lat' dir='ltr'>ﬁdem</span> <span class='ocrx_word' id='word_1_737' title='bbox 3699 4401 3761 4453; x_wconf 84' lang='lat' dir='ltr'>in-</span> 
     </span>
    </p>
   </div>
   <div class='ocr_carea' id='block_1_103' title="bbox 2171 4488 3760 4572">
    <p class='ocr_par' dir='ltr' id='par_1_103' title="bbox 2171 4488 3760 4572">
     <span class='ocr_line' id='line_1_103' title="bbox 2171 4488 3760 4572; baseline -0.007 -18"><span class='ocrx_word' id='word_1_738' title='bbox 2171 4499 2358 4571; x_wconf 86' lang='lat' dir='ltr'>spirat</span> <span class='ocrx_word' id='word_1_739' title='bbox 2393 4504 2456 4554; x_wconf 90' lang='lat' dir='ltr'>ut</span> <span class='ocrx_word' id='word_1_740' title='bbox 2486 4499 2672 4571; x_wconf 89' lang='lat' dir='ltr'>gratia</span> <span class='ocrx_word' id='word_1_741' title='bbox 2702 4499 2927 4555; x_wconf 89' lang='lat' dir='ltr'>meritis</span> <span class='ocrx_word' id='word_1_742' title='bbox 2949 4503 3221 4572; x_wconf 89' lang='lat' dir='ltr'>prompte</span> <span class='ocrx_word' id='word_1_743' title='bbox 3253 4497 3479 4554; x_wconf 88' lang='lat' dir='ltr'>reddita</span> <span class='ocrx_word' id='word_1_744' title='bbox 3505 4499 3558 4552; x_wconf 87' lang='lat' dir='ltr'>et</span> <span class='ocrx_word' id='word_1_745' title='bbox 3586 4488 3760 4548; x_wconf 79' lang='lat' dir='ltr'>benefi-</span> 
     </span>
    </p>
   </div>
   <div class='ocr_carea' id='block_1_104' title="bbox 2171 4585 3760 4659">
    <p class='ocr_par' dir='ltr' id='par_1_104' title="bbox 2171 4585 3760 4659">
     <span class='ocr_line' id='line_1_104' title="bbox 2171 4585 3760 4659; baseline -0.005 -15"><span class='ocrx_word' id='word_1_746' title='bbox 2171 4589 2328 4644; x_wconf 90' lang='lat' dir='ltr'>cium</span> <span class='ocrx_word' id='word_1_747' title='bbox 2363 4587 2553 4659; x_wconf 86' lang='lat' dir='ltr'>dignis</span> <span class='ocrx_word' id='word_1_748' title='bbox 2612 4606 2679 4644; x_wconf 89' lang='lat' dir='ltr'>ac</span> <span class='ocrx_word' id='word_1_749' title='bbox 2740 4588 2951 4644; x_wconf 86' lang='lat' dir='ltr'>referre</span> <span class='ocrx_word' id='word_1_750' title='bbox 3013 4587 3340 4643; x_wconf 87' lang='lat' dir='ltr'>scientibus</span> <span class='ocrx_word' id='word_1_751' title='bbox 3400 4585 3539 4640; x_wconf 90' lang='lat' dir='ltr'>ultro</span> <span class='ocrx_word' id='word_1_752' title='bbox 3593 4592 3760 4650; x_wconf 58' lang='lat' dir='ltr'>repra-</span> 
     </span>
    </p>
   </div>
   <div class='ocr_carea' id='block_1_105' title="bbox 2174 4670 3760 4749">
    <p class='ocr_par' dir='ltr' id='par_1_105' title="bbox 2174 4670 3760 4749">
     <span class='ocr_line' id='line_1_105' title="bbox 2174 4670 3760 4749; baseline -0.003 -17"><span class='ocrx_word' id='word_1_753' title='bbox 2174 4679 2667 4733; x_wconf 88' lang='lat' dir='ltr'>sentatum.Tunc</span> <span class='ocrx_word' id='word_1_754' title='bbox 2696 4682 2754 4734; x_wconf 91' lang='lat' dir='ltr'>et</span> <span class='ocrx_word' id='word_1_755' title='bbox 2783 4677 3272 4749; x_wconf 88' lang='lat' dir='ltr'>sullanus,magis</span> <span class='ocrx_word' id='word_1_756' title='bbox 3287 4676 3476 4732; x_wconf 87' lang='lat' dir='ltr'>adhuc</span> <span class='ocrx_word' id='word_1_757' title='bbox 3505 4670 3760 4743; x_wconf 73' lang='lat' dir='ltr'>magisque</span> 
     </span>
    </p>
   </div>
   <div class='ocr_carea' id='block_1_106' title="bbox 2172 4753 3760 4838">
    <p class='ocr_par' dir='ltr' id='par_1_106' title="bbox 2172 4753 3760 4838">
     <span class='ocr_line' id='line_1_106' title="bbox 2172 4753 3760 4838; baseline -0.006 -16"><span class='ocrx_word' id='word_1_758' title='bbox 2172 4767 2586 4822; x_wconf 89' lang='lat' dir='ltr'>vacillantibus</span> <span class='ocrx_word' id='word_1_759' title='bbox 2645 4767 2745 4838; x_wconf 91' lang='lat' dir='ltr'>qui</span> <span class='ocrx_word' id='word_1_760' title='bbox 2795 4767 2953 4822; x_wconf 91' lang='lat' dir='ltr'>circa</span> <span class='ocrx_word' id='word_1_761' title='bbox 3002 4765 3199 4838; x_wconf 89' lang='lat' dir='ltr'>ipsum</span> <span class='ocrx_word' id='word_1_762' title='bbox 3254 4770 3439 4833; x_wconf 82' lang='lat' dir='ltr'>erant,</span> <span class='ocrx_word' id='word_1_763' title='bbox 3496 4757 3653 4818; x_wconf 87' lang='lat' dir='ltr'>simul</span> <span class='ocrx_word' id='word_1_764' title='bbox 3705 4753 3760 4808; x_wconf 81' lang='lat' dir='ltr'>ob</span> 
     </span>
    </p>
   </div>
   <div class='ocr_carea' id='block_1_107' title="bbox 2173 4850 3758 4927">
    <p class='ocr_par' dir='ltr' id='par_1_107' title="bbox 2173 4850 3758 4927">
     <span class='ocr_line' id='line_1_107' title="bbox 2173 4850 3758 4927; baseline -0.01 -15"><span class='ocrx_word' id='word_1_765' title='bbox 2173 4872 2302 4912; x_wconf 88' lang='lat' dir='ltr'>sese</span> <span class='ocrx_word' id='word_1_766' title='bbox 2369 4859 2763 4912; x_wconf 89' lang='lat' dir='ltr'>ostentantem</span> <span class='ocrx_word' id='word_1_767' title='bbox 2833 4855 3086 4911; x_wconf 89' lang='lat' dir='ltr'>terribili</span> <span class='ocrx_word' id='word_1_768' title='bbox 3155 4856 3346 4927; x_wconf 90' lang='lat' dir='ltr'>specie</span> <span class='ocrx_word' id='word_1_769' title='bbox 3418 4850 3758 4908; x_wconf 88' lang='lat' dir='ltr'>Tocharorum</span> 
     </span>
    </p>
   </div>
   <div class='ocr_carea' id='block_1_108' title="bbox 2170 4943 3756 5017">
    <p class='ocr_par' dir='ltr' id='par_1_108' title="bbox 2170 4943 3756 5017">
     <span class='ocr_line' id='line_1_108' title="bbox 2170 4943 3756 5017; baseline -0.006 -16"><span class='ocrx_word' id='word_1_770' title='bbox 2170 4950 2429 5017; x_wconf 85' lang='lat' dir='ltr'>gentem,</span> <span class='ocrx_word' id='word_1_771' title='bbox 2503 4945 2679 5000; x_wconf 90' lang='lat' dir='ltr'>simul</span> <span class='ocrx_word' id='word_1_772' title='bbox 2749 4945 2821 5000; x_wconf 90' lang='lat' dir='ltr'>ob</span> <span class='ocrx_word' id='word_1_773' title='bbox 2901 4943 3254 5016; x_wconf 88' lang='lat' dir='ltr'>peculiarem</span> <span class='ocrx_word' id='word_1_774' title='bbox 3317 4957 3504 4998; x_wconf 90' lang='lat' dir='ltr'>rerum</span> <span class='ocrx_word' id='word_1_775' title='bbox 3559 4944 3756 4991; x_wconf 84' lang='lat' dir='ltr'>suarum</span> 
     </span>
    </p>
   </div>
   <div class='ocr_carea' id='block_1_109' title="bbox 2172 5019 3755 5105">
    <p class='ocr_par' dir='ltr' id='par_1_109' title="bbox 2172 5019 3755 5105">
     <span class='ocr_line' id='line_1_109' title="bbox 2172 5019 3755 5105; baseline -0.01 -15"><span class='ocrx_word' id='word_1_776' title='bbox 2172 5036 2319 5090; x_wconf 75' lang='lat'>131</span> <span class='ocrx_word' id='word_1_777' title='bbox 2363 5038 2580 5090; x_wconf 89' lang='lat' dir='ltr'>statum</span> <span class='ocrx_word' id='word_1_778' title='bbox 2609 5034 2875 5090; x_wconf 88' lang='lat' dir='ltr'>nesciens</span> <span class='ocrx_word' id='word_1_779' title='bbox 2923 5051 3038 5105; x_wconf 92' lang='lat' dir='ltr'>quo</span> <span class='ocrx_word' id='word_1_780' title='bbox 3072 5049 3135 5089; x_wconf 89' lang='lat' dir='ltr'>se</span> <span class='ocrx_word' id='word_1_781' title='bbox 3161 5036 3403 5089; x_wconf 90' lang='lat' dir='ltr'>verteret</span> <span class='ocrx_word' id='word_1_782' title='bbox 3433 5029 3584 5084; x_wconf 90' lang='lat' dir='ltr'>cuive</span> <span class='ocrx_word' id='word_1_783' title='bbox 3609 5019 3755 5079; x_wconf 58' lang='lat' dir='ltr'>contio</span> 
     </span>
    </p>
   </div>
   <div class='ocr_carea' id='block_1_110' title="bbox 2171 5110 3758 5195">
    <p class='ocr_par' dir='ltr' id='par_1_110' title="bbox 2171 5110 3758 5195">
     <span class='ocr_line' id='line_1_110' title="bbox 2171 5110 3758 5195; baseline -0.008 -15"><span class='ocrx_word' id='word_1_784' title='bbox 2171 5124 2592 5195; x_wconf 87' lang='lat' dir='ltr'>deret,cunctis</span> <span class='ocrx_word' id='word_1_785' title='bbox 2615 5124 2858 5180; x_wconf 90' lang='lat' dir='ltr'>arrectis</span> <span class='ocrx_word' id='word_1_786' title='bbox 2890 5123 2947 5178; x_wconf 93' lang='lat' dir='ltr'>in</span> <span class='ocrx_word' id='word_1_787' title='bbox 2981 5140 3114 5194; x_wconf 87' lang='lat' dir='ltr'>spes</span> <span class='ocrx_word' id='word_1_788' title='bbox 3170 5125 3431 5177; x_wconf 88' lang='lat' dir='ltr'>metusve</span> <span class='ocrx_word' id='word_1_789' title='bbox 3471 5129 3643 5172; x_wconf 91' lang='lat' dir='ltr'>rerum</span> <span class='ocrx_word' id='word_1_790' title='bbox 3671 5110 3758 5163; x_wconf 88' lang='lat' dir='ltr'>im-</span> 
     </span>
    </p>
   </div>
   <div class='ocr_carea' id='block_1_111' title="bbox 2171 5195 3760 5284">
    <p class='ocr_par' dir='ltr' id='par_1_111' title="bbox 2171 5195 3760 5284">
     <span class='ocr_line' id='line_1_111' title="bbox 2171 5195 3760 5284; baseline -0.009 -16"><span class='ocrx_word' id='word_1_791' title='bbox 2171 5213 2526 5268; x_wconf 89' lang='lat' dir='ltr'>minentium</span> <span class='ocrx_word' id='word_1_792' title='bbox 2544 5229 2646 5269; x_wconf 91' lang='lat' dir='ltr'>nec</span> <span class='ocrx_word' id='word_1_793' title='bbox 2662 5213 2805 5268; x_wconf 90' lang='lat' dir='ltr'>satis</span> <span class='ocrx_word' id='word_1_794' title='bbox 2823 5213 3048 5284; x_wconf 84' lang='lat' dir='ltr'>uspiam</span> <span class='ocrx_word' id='word_1_795' title='bbox 3076 5195 3760 5275; x_wconf 68' lang='lat' dir='ltr'>consistentibus,decrcvit</span> 
     </span>
    </p>
   </div>
   <div class='ocr_carea' id='block_1_112' title="bbox 2174 5287 3756 5373">
    <p class='ocr_par' dir='ltr' id='par_1_112' title="bbox 2174 5287 3756 5373">
     <span class='ocr_line' id='line_1_112' title="bbox 2174 5287 3756 5373; baseline -0.007 -15"><span class='ocrx_word' id='word_1_796' title='bbox 2174 5319 2307 5358; x_wconf 91' lang='lat' dir='ltr'>cum</span> <span class='ocrx_word' id='word_1_797' title='bbox 2334 5303 2613 5358; x_wconf 84' lang='lat' dir='ltr'>uxoribus</span> <span class='ocrx_word' id='word_1_798' title='bbox 2637 5307 2692 5357; x_wconf 90' lang='lat' dir='ltr'>et</span> <span class='ocrx_word' id='word_1_799' title='bbox 2721 5302 2858 5358; x_wconf 83' lang='lat' dir='ltr'>ﬁliis</span> <span class='ocrx_word' id='word_1_800' title='bbox 2881 5318 3133 5373; x_wconf 90' lang='lat' dir='ltr'>cumque</span> <span class='ocrx_word' id='word_1_801' title='bbox 3164 5303 3345 5355; x_wconf 89' lang='lat' dir='ltr'>matre</span> <span class='ocrx_word' id='word_1_802' title='bbox 3365 5295 3550 5354; x_wconf 88' lang='lat' dir='ltr'>vetula</span> <span class='ocrx_word' id='word_1_803' title='bbox 3577 5287 3756 5361; x_wconf 66' lang='lat' dir='ltr'>optima</span> 
     </span>
    </p>
   </div>
   <div class='ocr_carea' id='block_1_113' title="bbox 2170 5383 3753 5463">
    <p class='ocr_par' dir='ltr' id='par_1_113' title="bbox 2170 5383 3753 5463">
     <span class='ocr_line' id='line_1_113' title="bbox 2170 5383 3753 5463; baseline -0.009 -16"><span class='ocrx_word' id='word_1_804' title='bbox 2170 5392 2524 5459; x_wconf 89' lang='lat' dir='ltr'>Christiana,</span> <span class='ocrx_word' id='word_1_805' title='bbox 2579 5396 2859 5463; x_wconf 69' lang='lat' dir='ltr'>praeterea</span> <span class='ocrx_word' id='word_1_806' title='bbox 2889 5408 3023 5446; x_wconf 91' lang='lat' dir='ltr'>cum</span> <span class='ocrx_word' id='word_1_807' title='bbox 3061 5406 3254 5446; x_wconf 90' lang='lat' dir='ltr'>sorore</span> <span class='ocrx_word' id='word_1_808' title='bbox 3287 5389 3356 5443; x_wconf 90' lang='lat' dir='ltr'>ad</span> <span class='ocrx_word' id='word_1_809' title='bbox 3400 5383 3753 5457; x_wconf 82' lang='lat' dir='ltr'>imperatorem</span> 
     </span>
    </p>
   </div>
   <div class='ocr_carea' id='block_1_114' title="bbox 2175 5477 3751 5553">
    <p class='ocr_par' dir='ltr' id='par_1_114' title="bbox 2175 5477 3751 5553">
     <span class='ocr_line' id='line_1_114' title="bbox 2175 5477 3751 5553; baseline -0.014 -15"><span class='ocrx_word' id='word_1_810' title='bbox 2175 5483 2506 5553; x_wconf 81' lang='lat' dir='ltr'>confugere,</span> <span class='ocrx_word' id='word_1_811' title='bbox 2540 5499 2572 5536; x_wconf 94' lang='lat' dir='ltr'>a</span> <span class='ocrx_word' id='word_1_812' title='bbox 2599 5497 2714 5552; x_wconf 90' lang='lat' dir='ltr'>quo</span> <span class='ocrx_word' id='word_1_813' title='bbox 2738 5479 2861 5538; x_wconf 88' lang='lat' dir='ltr'>solo</span> <span class='ocrx_word' id='word_1_814' title='bbox 2893 5481 2996 5536; x_wconf 90' lang='lat' dir='ltr'>tali</span> <span class='ocrx_word' id='word_1_815' title='bbox 3029 5477 3270 5536; x_wconf 90' lang='lat' dir='ltr'>articulo</span> <span class='ocrx_word' id='word_1_816' title='bbox 3314 5490 3500 5532; x_wconf 86' lang='lat' dir='ltr'>rerum</span> <span class='ocrx_word' id='word_1_817' title='bbox 3556 5477 3751 5526; x_wconf 84' lang='lat' dir='ltr'>suarum</span> 
     </span>
    </p>
   </div>
   <div class='ocr_carea' id='block_1_115' title="bbox 2163 5565 3750 5648">
    <p class='ocr_par' dir='ltr' id='par_1_115' title="bbox 2163 5565 3750 5648">
     <span class='ocr_line' id='line_1_115' title="bbox 2163 5565 3750 5648; baseline -0.001 -22"><span class='ocrx_word' id='word_1_818' title='bbox 2163 5572 2362 5643; x_wconf 88' lang='lat' dir='ltr'>juvari</span> <span class='ocrx_word' id='word_1_819' title='bbox 2389 5575 2616 5642; x_wconf 86' lang='lat' dir='ltr'>poterat</span> <span class='ocrx_word' id='word_1_820' title='bbox 2635 5575 2692 5626; x_wconf 88' lang='lat' dir='ltr'>et</span> <span class='ocrx_word' id='word_1_821' title='bbox 2712 5571 2766 5625; x_wconf 91' lang='lat' dir='ltr'>in</span> <span class='ocrx_word' id='word_1_822' title='bbox 2785 5575 3085 5641; x_wconf 87' lang='lat' dir='ltr'>posterum</span> <span class='ocrx_word' id='word_1_823' title='bbox 3110 5565 3384 5624; x_wconf 83' lang='lat' dir='ltr'>auxilium</span> <span class='ocrx_word' id='word_1_824' title='bbox 3407 5566 3750 5648; x_wconf 33' lang='lat' dir='ltr'>sperarevqlﬁ</span> 
     </span>
    </p>
   </div>
   <div class='ocr_carea' id='block_1_116' title="bbox 2171 5640 3749 5732">
    <p class='ocr_par' dir='ltr' id='par_1_116' title="bbox 2171 5640 3749 5732">
     <span class='ocr_line' id='line_1_116' title="bbox 2171 5640 3749 5732; baseline -0.013 -17"><span class='ocrx_word' id='word_1_825' title='bbox 2171 5640 2219 5716; x_wconf 80' lang='lat' dir='ltr'>si</span> <span class='ocrx_word' id='word_1_826' title='bbox 2254 5640 2515 5732; x_wconf 83' lang='lat' dir='ltr'>unquam</span> <span class='ocrx_word' id='word_1_827' title='bbox 2551 5640 2861 5716; x_wconf 82' lang='lat' dir='ltr'>resedisset</span> <span class='ocrx_word' id='word_1_828' title='bbox 2893 5658 2990 5714; x_wconf 88' lang='lat' dir='ltr'>illa</span> <span class='ocrx_word' id='word_1_829' title='bbox 3023 5649 3602 5729; x_wconf 84' lang='lat' dir='ltr'>tempestas,tentaret</span> <span class='ocrx_word' id='word_1_830' title='bbox 3627 5640 3749 5698; x_wconf 85' lang='lat' dir='ltr'>redi-</span> 
     </span>
    </p>
   </div>
  </div>
