4018 6198
288 336 399 392 569

1368 340 1464 393 DE
1502 340 1876 396 MICHAELE
1913 342 2356 401 PALEOLOGO
2393 346 2528 405 LIB.
2571 350 2643 403 II.

3607 352 3716 409 570

288 459 561 515 πιστεύειν
642 456 789 534 ἔχειν
863 460 1037 535 ἑτέρῳ
1086 461 1183 530 τὴν
1247 460 1539 534 σωτηρίαν,
1601 460 1711 517 ἐπεὶ
1771 464 1859 517 καὶ
1918 464 1945 518 ὁ
1977 470 2030 536 Α
2061 467 2123 534 ἢν
2182 467 2317 521 κατά
2364 469 2552 542 καιρὸν
2604 466 2788 534 διδοὺς
2818 470 3020 544 ⁹ἤλπιζε
3051 475 3196 550 παρά
3224 480 3321 531 τοῦ
3353 470 3620 541 λαϐόντος
3646 475 3714 532 τὰ

285 548 626 625 προρῥηοεὶς
687 547 890 617 Μελὴκ
936 550 1043 623 πρὸ
1086 548 1303 625 ’χρόνων
1366 549 1754 623 αὐτομολήσας
1806 554 1953 621 παρὰ

286 637 567 713 βασιλέως
625 637 956 713 κατείχετο,
1017 639 1075 693 ’ὸν
1136 635 1203 707 δὴ
1262 638 1351 693 καὶ
1411 639 1570 695 αὐτὸν
1641 640 1953 697 ὑπώπτευεν

282 728 559 802 ὁσημέραι
623 728 701 801 μή
764 726 948 791 λυθεὶς
1004 728 1197 802 ἐπιστῇ
1260 729 1395 800 μετά
1447 728 1697 800 πλήθους
1751 729 1843 784 καὶ
1893 729 1955 785 οὗ

279 815 476 879 καλῶς
534 814 685 891 ἔχειν
742 818 806 871 τὸ
863 816 941 878 εἷς
1003 817 1186 892 ἀρχῆς
1238 817 1436 891 κράτος
1466 816 1709 873 ἐντεῦθεν
1742 818 1953 893 γένοιτό

279 908 359 963 οἱ.
446 907 729 963 Ἐπίστευε
786 903 843 961 δὲ
912 908 1000 961 καὶ
1070 912 1191 969 ταῖς
1251 907 1327 968 εἰς
1391 906 1619 982 βασιλέα
1688 908 1952 971 παλαιαῖς

276 995 518 1058 ἐκείναις
559 995 991 1074 φιλοφρονήσεσι
1029 1041 1044 1065 ,
1099 997 1190 1050 καὶ
1252 994 1465 1073 ἐθάρρει
1524 998 1710 1067 φανεὶς
1765 998 1953 1053 ἀνύσαι

278 1085 352 1140 τὰ
413 1087 553 1161 πρὸς
603 1087 802 1159 Θυμοῦ’
838 1088 1213 1164 Συμφορήσας
1243 1091 1537 1162 τοιγαροῦν
1569 1087 1783 1157 πλῆθος
1816 1107 1953 1164 χρυ-

282 1174 425 1229 σίων
474 1176 539 1231 οὐ
591 1172 791 1251 ῥᾳδίως
837 1174 1166 1250 ἀριθμητὸν,
1214 1177 1425 1232 καὶτὸν
1460 1179 1679 1252 Περσῶν
1708 1177 1950 1233 πλοῦτον

273 1259 752 1338 περιϐαλόμενος,
786 1266 897 1338 ἅμα
946 1264 1157 1340 γυναιξὶ
1184 1267 1271 1320 καὶ
1325 1265 1557 1335 τέκνοις,
1616 1264 1714 1321 τοῦ
1762 1273 1954 1323 Πισσι-

274 1352 408 1415 δίας
437 1358 894 1431 προαγωγοῦντος
945 1355 1021 1416 ὡς
1075 1354 1303 1430 βασιλέα
1365 1360 1559 1430 χωρεῖ.
1620 1357 1682 1413 Ὀ
1739 1354 1817 1427 δὲ,
1877 1357 1953 1419 ὡς

275 1443 456 1514 εἰκὸς,
519 1442 766 1515 ἀσμένως
796 1440 1085 1516 δεξάμενος
1139 1444 1241 1499 οὐκ
1284 1444 1429 1518 εἶχεν
1491 1443 1521 1499 ὅ
1564 1448 1619 1499 τί
1679 1446 1949 1520 χρήσαιτο

272 1532 491 1617 τούτῳ,
523 1530 674 1601 πλὴν
709 1531 859 1604 μάλα
910 1531 1464 1611 φιλοφρονησάμενος
1518 1537 1658 1609 πρὸς
1720 1533 1950 1603 ἐκεῖνον,

272 1622 376 1676 καὶ
441 1620 658 1697 οαρῥεῖν
719 1618 904 1684 διδοὺς
962 1623 1038 1684 ὡς
1101 1621 1241 1677 κατά
1292 1623 1481 1697 καιρὸν
1543 1622 1802 1695 ἑπανήξοι
1859 1624 1948 1678 καὶ

270 1712 390 1779 τὴν
452 1711 634 1786 ἅρχὴν
661 1706 925 1766 ἀναλάϐοι
954 1708 1120 1766 αὐτοῦ
1171 1716 1578 1787 συνεργοῦντος,
1630 1711 1797 1789 ἐφῆκε
1829 1710 1947 1768 δια-

2063 555 2315 627 κρείττω.
2377 557 2453 613 Τὸ
2512 553 2569 612 δὲ
2624 561 2688 628 ἦν
2749 560 2850 634 ἄρα
2908 562 2970 617 οὐ
3029 563 3258 641 σταθερά
3288 586 3369 627 τις
3411 562 3568 628 ἐλπὶς
3597 572 3715 627 τοῖς

2064 648 2249 698 νοοῦσι
2302 645 2614 722 βαθύτερον.
2651 647 2825 705 Ἀλλά
2870 651 2993 708 τότε
3046 654 3138 709 τὸν
3180 654 3369 729 καιρὸν
3400 653 3709 728 θεραπεύων

2066 733 2094 786 ὁ
2129 732 2383 807 βασιλεὺς
2414 735 2541 799 τοὺς
2575 738 2669 810 μὲν
2717 740 2840 816 περὶ
2892 742 3077 816 αὐτὸν,
3124 744 3213 799 καὶ
3259 742 3471 817 μᾶλλον
3520 749 3713 819 γυναῖ-

2063 841 2160 883 κας
2239 822 2329 876 καὶ
2400 823 2583 892 τέκνα,
2666 827 2802 883 κατά
2873 832 3201 905 συντήρησιν
3274 832 3412 908 πρὸς
3480 830 3708 889 Νίκαιαν

2064 909 2290 983 πέμπει,
2321 917 2400 985 τῷ
2433 914 2526 987 μὲν
2557 912 2735 971 δοκεῖν
2793 917 2856 973 τὸ
2906 918 3142 995 ἀσφαλὲς
3198 919 3423 983 ἐκείνοις
3450 920 3708 998 παρέχων

2063 999 2145 1073 ἐφ’
2202 999 2247 1072 ᾧ
2295 1003 2370 1074 μὴ
2408 998 2658 1076 βλαϐεῖεν
2689 1005 2989 1079 ἀφύλακτοι
3020 1009 3191 1073 ὄντες·
3240 1007 3490 1085 οὐδὲγὰρ
3539 1012 3710 1065 καλὸν

2063 1086 2235 1144 ἐδόκει
2276 1095 2743 1169 συνεκστρατεύειν
2792 1101 2869 1169 τῷ
2922 1096 3137 1173 βασιλεῖ
3187 1098 3372 1171 ἀήθεις
3422 1095 3579 1163 ὄντας
3618 1100 3706 1154 καὶ

2060 1184 2159 1248 τῆς
2216 1180 2704 1254 γυναικωνίτιδος⁸
2762 1185 2825 1240 τὸ
2878 1186 2935 1243 δὲ
2998 1188 3161 1242 πάλιν
3228 1193 3362 1265 σφᾶς
3414 1184 3708 1264 διατρίϐειν

2061 1266 2144 1322 ἐπ’
2176 1269 2447 1339 ἀνατολῆς
2476 1273 2898 1349 ἀναχωροῦντος
2925 1279 3021 1331 τοῦ
3070 1274 3361 1352 βασιλέως,
3401 1277 3476 1351 μὴ
3507 1277 3597 1331 καὶ
3631 1277 3709 1339 εἷς

2059 1356 2307 1413 κίνδυνον
2362 1358 2596 1435 γένοιτο.
2653 1363 2761 1420 Τὸν
2818 1362 2874 1419 δέ
2920 1385 2985 1440 γε
3041 1363 3274 1420 σουλτάν
3324 1365 3705 1441 συμπεριάγων

2060 1447 2206 1519 αὐτῷ
2266 1447 2357 1501 σὺν
2417 1449 2772 1526 προσηκούσῃ
2822 1456 2960 1528 τιμῇ
3018 1453 3117 1521 τὴν
3177 1453 3264 1507 ἐπὶ
3318 1459 3435 1516 τοῖς
3501 1452 3707 1509 ἐκείνου

2060 1536 2365 1606 συνεσκίαζε
2394 1539 2608 1611 πρᾶξιν,
2669 1542 2733 1609 ἢν
2793 1545 2873 1613 τῷ
2932 1543 3025 1614 μὲν
3088 1539 3290 1615 δοκεῖν,
3341 1544 3416 1605 ὡς
3474 1541 3708 1617 εἴρηται,

2061 1626 2190 1701 ὑπὲρ
2248 1625 2544 1704 ἀσφαλείας
2592 1629 2813 1684 ἐκείνων
2867 1630 3219 1707 προσέταττε,
3277 1635 3346 1705 τῇ
3406 1629 3451 1687 δ’
3484 1631 3711 1704 ἀληθείᾳ

2059 1713 2128 1770 δι’
2173 1716 2387 1771 ἐκείνων
2443 1717 2505 1772 τὸ
2539 1718 2776 1796 ἀσφαλὲς
2826 1718 3065 1795 ἐχόντων
3123 1722 3185 1775 τὸ
3243 1720 3294 1776 έν
3328 1718 3559 1799 ἀσφαλεῖ
3615 1722 3706 1776 τὸν

270 1821 397 1875 γειν
430 1800 499 1869 ὣ,
533 1801 585 1856 οἱ
634 1799 860 1871 σύνηθες
889 1800 957 1869 ἦν
1008 1800 1157 1874 αύτῷ
1187 1799 1331 1856 οἶκοι
1379 1808 1481 1871 τῆς
1531 1800 1788 1875 Περσίδος
1846 1802 1942 1879 ἄρ·-
1979 1842 2025 1908 B
2057 1805 2288 1861 σουλτάν
2348 1807 2481 1861 εἶναι
2531 1809 2620 1862 καὶ
2673 1809 2748 1881 μή
2802 1808 3199 1884 συνισχημένον
3251 1808 3712 1886 πραγματευόμε-

270 1911 441 1967 χοντι
474 1933 489 1946 .
548 1890 708 1948 ’Ὀοεν
762 1891 851 1945 καὶ
913 1891 1147 1964 σέλμασι
1219 1888 1534 1966 βασιλικοῖς
1589 1897 1669 1964 τῷ
1731 1891 1945 1967 βασιλεῖ

269 1978 637 2055 παρεδρίαζε,
684 1975 1073 2058 καίφοϐεροὺς
1125 1980 1251 2055 περὶ
1309 1980 1469 2035 αὐτὸν
1522 1982 1637 2055 εἶχε
1690 1982 1945 2054 σώματος

272 2071 536 2146 φύλακας
570 2115 585 2139 ,
643 2069 731 2123 καὶ
788 2074 904 2130 τοῖς
957 2072 1058 2138 τῆς
1133 2069 1314 2145 ἀρχῆς
1382 2064 1684 2142 συμϐόλοις
1738 2069 1945 2147 ἐχρῆτο

274 2152 657 2234 ἐρυθροϐαφῖες
688 2155 913 2213 πέδιλον
951 2156 1346 2231 ὑποδούμενος.
1405 2158 1479 2213 Τά
1530 2160 1694 2213 πιστά
1743 2157 1800 2214 δὲ
1856 2160 1945 2215 καὶ

275 2250 426 2323 πρὸς
446 2248 510 2303 τὸ
542 2248 599 2303 εὗ
625 2247 844 2323 πράξειν
898 2247 1017 2323 εἶχε
1047 2245 1134 2303 διὰ
1178 2249 1276 2318 τήν
1327 2247 1377 2321 ἐξ
1438 2248 1698 2323 ὑπογυίου
1760 2252 1945 2325 χάριν,

279 2469 415 2522 tum
449 2465 511 2521 in
545 2464 944 2538 principatum
976 2462 1187 2520 validis
1212 2464 1485 2520 Romanas
1509 2464 1781 2535 potentia;
1814 2467 1946 2522 sub-

278 2559 467 2615 nixus
490 2557 921 2629 capiis.Cuncta
944 2556 1101 2612 enim
1127 2555 1629 2629 circumspiciens,
1651 2556 1945 2613 neminem

272 2655 433 2705 tunc
465 2648 796 2721 reperiebat
816 2647 913 2703 cui
940 2650 1092 2703 recte
1113 2647 1480 2703 committere
1502 2646 1753 2702 salutem
1777 2664 1946 2704 suam

275 2744 343 2794 et
368 2738 550 2794 fidere
568 2736 713 2793 satis
739 2740 957 2808 posset,
974 2735 1454 2808 quandoquidem
1472 2740 1528 2792 et
1550 2736 1713 2807 prius
1733 2752 1948 2793 memo-

278 2832 461 2884 ratus
508 2825 755 2896 Melecb,
788 2841 922 2881 eum
971 2825 1266 2897 aliquanto
1317 2828 1489 2881 antea
1534 2825 1662 2897 ipse
1714 2841 1948 2898 quoque

276 2915 736 2988 transfugisset,
776 2916 849 2971 ab
902 2916 1255 2986 imperatore
1305 2914 1703 2984 detinebatur;
1755 2933 1789 2971 a
1835 2932 1948 2986 quo

282 3006 523 3064 scilicet
554 3005 820 3077 quotidie
852 3005 1153 3061 metuebat
1183 3020 1255 3060 ne
1286 3020 1404 3075 qua
1431 3009 1637 3060 nactus
1666 3004 1885 3061 exitum
1918 3021 1950 3060 e

278 3096 563 3152 custodia
587 3110 968 3151 numerosum
992 3094 1049 3149 in
1076 3111 1137 3151 se
1163 3094 1404 3149 duceret
1425 3094 1767 3163 exercitum,
1786 3098 1843 3149 et
1865 3093 1949 3150 sic

272 3187 343 3241 in
378 3186 615 3241 irritum
649 3184 973 3240 reciderent
1001 3201 1136 3257 spes
1159 3187 1546 3255 conatusque,
1571 3199 1720 3255 quos
1750 3183 1945 3238 inten-

275 3277 470 3332 debat
500 3274 560 3330 in
609 3274 922 3331 statuendo
966 3273 1079 3329 sibi
1133 3273 1541 3344 firmandoque
1591 3272 1942 3345 principatu.

279 3365 644 3436 Magnopere
666 3366 865 3419 autem
890 3362 1188 3418 nitebatur
1205 3366 1394 3418 vetere
1415 3361 1790 3433 imperatoris
1812 3362 1950 3417 ami-

276 3455 446 3523 citia,
483 3453 717 3525 magnis
763 3451 872 3507 sibi
907 3451 1135 3519 ofﬁciis,
1171 3468 1303 3507 cum
1356 3456 1514 3507 esset
1544 3450 1686 3507 olim
1717 3451 1776 3506 in
1809 3454 1949 3505 Per-

280 3544 442 3612 side,
501 3547 747 3611 testata;
801 3542 1276 3610 conﬁdebatque,
1338 3540 1514 3596 simul
1565 3542 1692 3611 ejus
1750 3555 1948 3596 coram

271 3632 501 3690 atl’andi
548 3631 895 3705 contigisset
944 3631 1129 3702 copia,
1164 3646 1226 3686 se
1269 3630 1426 3701 quod
1474 3634 1712 3702 cuperet
1759 3630 1831 3685 ab
1882 3645 1949 3685 eo

268 3724 761 3794 impetraturum.
792 3721 1081 3791 Congesta
1128 3720 1310 3791 igitur
1341 3719 1398 3773 in
1434 3736 1643 3791 capsas
1676 3735 1824 3790 quas
1856 3734 1950 3774 se-

273 3829 416 3869 cum
450 3811 662 3867 extulit
697 3827 1009 3866 aureorum
1055 3809 1439 3865 multitudine
1488 3825 1604 3864 non
1638 3808 1807 3865 facile
1838 3825 1948 3863 nu-

273 3901 576 3969 merabili,
611 3906 669 3957 et
699 3901 1014 3957 ditissimis
1043 3900 1182 3956 luxu
1218 3899 1449 3956 Persico
1481 3899 1744 3955 vestibus
1775 3898 1947 3953 indu-

271 4000 398 4059 tus,
448 4007 588 4047 cum
638 3989 993 4062 conjugibus
1042 3993 1100 4045 et
1148 3988 1373 4058 liberis,
1420 3988 1653 4045 Pisidiae
1698 3987 1945 4059 praeside

274 4084 426 4139 duce
460 4080 716 4145 itineris,
752 4080 823 4135 ad
855 4078 1272 4151 imperatorem
1305 4095 1367 4133 se
1399 4078 1641 4143 confert,
1673 4076 1771 4147 qui
1804 4093 1940 4132 eum

274 4171 721 4228 humanissime
769 4168 1013 4241 excepit.
1061 4168 1127 4222 Et
1180 4183 1520 4239 quanquam
1570 4183 1686 4222 non
1738 4166 1946 4222 habuit

273 4268 420 4318 tunc
454 4261 514 4316 in
544 4277 661 4332 quo
683 4259 811 4330 ejus
835 4274 1013 4329 opera
1037 4261 1315 4326 uteretur,
1341 4256 1501 4311 omni
1536 4261 1735 4311 tamen
1766 4254 1945 4327 signi-

274 4350 554 4408 ﬁcatione
611 4347 1025 4404 benevolentiae
1077 4345 1421 4402 consolatus
1473 4350 1596 4415 est;
1657 4361 1945 4417 spemque

272 4441 384 4512 ipsi
439 4440 581 4496 fecit
632 4437 985 4493 auxiliorum
1019 4454 1053 4493 a
1093 4450 1155 4492 se
1201 4434 1851 4491 subministrandorum
1883 4434 1942 4489 in

272 4536 566 4602 tempore,
590 4543 848 4601 quorum
884 4542 991 4599 ope
1037 4530 1165 4581 tuto
1197 4524 1416 4580 rediret
1446 4524 1505 4578 in
1537 4523 1860 4592 Persidem,
1886 4527 1943 4579 et

2056 1915 2166 1959 νος.
2202 1892 2693 1969 Προκατελάμϐανε
2722 1897 2823 1973 γὰρ
2854 1900 2953 1967 τήν
2987 1899 3125 1974 πρὸς
3154 1899 3245 1952 τὸν
3276 1903 3383 1953 τῶν
3434 1897 3705 1976 Τοχάρων

2057 1982 2299 2060 ἄρχοντα
2367 1985 2592 2041 Χαλαοῦ
2649 1986 2891 2062 εἰρήνην,
2949 1987 3025 2050 ὡς
3083 1987 3559 2062 ἔνευκαιρήσοντος
3628 1987 3708 2042 ἐν·

2053 2076 2233 2128 τεῦθεν
2267 2073 2472 2129 ἐκείνου
2497 2080 2613 2139 τοῖς
2644 2083 2744 2145 τῆς
2776 2073 3060 2153 Περσίδος,
3116 2074 3244 2150 μηδ’
3295 2076 3707 2151 ὀνομαζομένου

2053 2167 2150 2217 τοῦ
2208 2161 2440 2218 σουλτάν
2496 2163 2547 2219 ἐν
2605 2164 2796 2239 ταύτῃ.
2850 2166 2948 2220 Καὶ
3012 2162 3101 2219 διὰ
3145 2169 3307 2220 τοῦτο
3354 2167 3577 2240 ἡμερῶν
3624 2165 3704 2243 ἐφ’

2055 2251 2289 2328 ἡμέραις
2343 2248 2684 2327 τριϐομένων
2740 2255 2807 2309 τά
2859 2258 2967 2309 τῶν
3046 2258 3264 2330 Περσῶν
3349 2254 3705 2311 ὑπεκλίνοντο

2060 2467 2353 2523 modicum
2379 2484 2491 2541 quo
2523 2486 2680 2525 nunc
2710 2474 2904 2543 egeret
2926 2473 3303 2543 accepturum
3337 2469 3507 2542 plane
3534 2468 3707 2525 conﬁ-

2058 2557 2249 2613 debat.
2278 2559 2415 2614 Erat
2445 2562 2643 2616 autem
2683 2574 2751 2616 ea
2781 2575 2918 2633 spes
2950 2576 3064 2616 non
3097 2576 3522 2632 usquequaque
3554 2562 3709 2615 certa

2058 2646 2444 2720 fundataque,
2490 2648 2713 2719 judicio
2762 2664 2967 2706 eorum
3011 2649 3113 2721 qui
3166 2666 3282 2706 non
3330 2648 3614 2704 haerentes
3646 2648 3706 2703 in

2057 2737 2464 2809 superficiaria
2508 2738 2701 2810 specie
2741 2756 2833 2795 res
2863 2738 3100 2811 penitus
3148 2738 3309 2811 ipsas
3358 2738 3707 2809 introspice-

2058 2832 2188 2883 rent
2218 2845 2282 2884 ac
2314 2828 2695 2900 profundiore
2733 2829 3047 2901 prudentia
3078 2829 3500 2885 examinarent.
3530 2832 3705 2885 Ciste-

2059 2933 2189 2972 rum
2223 2922 2362 2973 tunc
2394 2918 2634 2990 quidem
2666 2918 2985 2991 imperator
3014 2920 3071 2974 in
3104 2919 3471 2974 occasionem
3505 2917 3708 2973 immi-

2059 3023 2203 3063 nens
2238 3007 2516 3063 familiam
2562 3007 2802 3075 sultani,
2837 3008 3161 3081 praesertim
3197 3023 3406 3063 uxores
3455 3022 3520 3062 ac
3561 3005 3705 3062 libe-

2058 3110 2173 3162 ros,
2204 3094 2453 3151 Nicaeam
2496 3095 2679 3163 misit,
2710 3099 2986 3166 praetextu
3028 3094 3325 3167 plausibili
3360 3094 3703 3151 necessaria)

2059 3182 2414 3251 securitatis,
2448 3188 2514 3239 ut
2544 3185 2603 3239 in
2636 3188 2763 3241 tuto
2806 3184 2887 3239 ibi
2925 3187 3301 3242 servarentur
3330 3201 3472 3240 neve
3503 3184 3705 3255 cujus-

2059 3289 2236 3344 quam
2260 3273 2488 3343 injuriaa
2512 3277 2776 3346 paterent
2793 3273 2852 3329 in
2872 3273 2995 3329 loco
3020 3273 3218 3328 minus
3236 3274 3465 3328 munito
3482 3273 3709 3344 deposi-

2056 3363 2240 3432 ti,aut
2260 3363 2612 3418 militantem
2638 3363 3048 3433 imperatorem
3083 3378 3215 3418 cum
3249 3362 3480 3419 sultane
3515 3377 3705 3419 assec-

2053 3456 2250 3508 tantes
2282 3452 2561 3508 itinerum
2588 3452 2818 3508 insueto
2842 3452 3039 3508 labore
3061 3450 3285 3523 parvuli
3310 3450 3703 3523 mulieresque

2054 3546 2421 3613 vexarentur,
2454 3560 2662 3599 rursus
2710 3557 2781 3598 ne
2833 3542 2881 3597 si
2930 3542 3404 3611 relinquerentur
3453 3541 3512 3596 in
3563 3541 3708 3597 urbe

2055 3632 2334 3688 Orientali
2368 3632 2558 3704 magis
2587 3633 2821 3687 admota
2841 3630 3040 3697 limiti,
3065 3647 3199 3686 cum
3229 3631 3299 3686 ab
3323 3646 3391 3686 ea
3413 3629 3713 3702 continge-

2054 3730 2139 3779 ret
2171 3722 2586 3794 imperatorem
2636 3720 3075 3793 expeditionum
3108 3720 3415 3776 occasione
3467 3719 3706 3788 distare,

2054 3828 2172 3867 non
2204 3814 2350 3867 satis
2396 3811 2603 3866 remoti
2636 3816 2834 3867 essent
2863 3810 2934 3866 ab
2969 3809 3128 3865 omni
3177 3808 3518 3864 discrimine
3552 3808 3705 3880 quod

2054 3901 2189 3956 inde
2214 3902 2338 3971 iure
2362 3900 2686 3956 timeretur.
2708 3900 2883 3955 Porro
2907 3899 3210 3954 sultanum
3237 3898 3429 3970 ipsum
3452 3897 3706 3952 circum—

2054 3991 2274 4046 ducens
2306 4006 2500 4045 secum
2534 4003 2887 4060 quocunque
2912 3988 3040 4053 iret,
3066 4005 3131 4042 ac
3154 3985 3458 4057 exquisitis
3484 3985 3705 4056 ubique

2052 4096 2284 4152 semper
2332 4078 2595 4135 afﬁciens
2642 4078 2990 4146 honoribus,
3022 4077 3137 4132 ista
3169 4074 3590 4130 familiaritatis
3639 4091 3705 4129 ac

2051 4168 2384 4225 reverentia-
2415 4168 2607 4239 specie
2649 4166 2707 4221 id
2750 4164 3222 4237 consequebatur
3268 4164 3606 4235 imperator,
3640 4168 3705 4219 ut

2051 4257 2148 4314 ille
2179 4257 2326 4312 nihil
2357 4256 2581 4312 sinistri
2611 4256 2792 4311 latere
2814 4253 3216 4326 suspicaretur
3239 4252 3296 4308 in
3321 4251 3422 4307 illa
3444 4251 3700 4307 filiorum

2050 4351 2107 4402 et
2137 4363 2383 4401 uxorum
2409 4347 2536 4417 ejus
2562 4343 2847 4400 Niczeensi
2879 4342 3180 4411 custodia;
3213 4341 3385 4413 quasi
3418 4341 3476 4395 in
3510 4340 3702 4397 solum

2050 4434 2239 4506 ipsius
2271 4435 2642 4490 commodum
2676 4437 2733 4489 et
2762 4432 3136 4489 securitatem
3171 4432 3300 4502 ejus
3333 4429 3569 4486 familiai
3600 4430 3704 4486 de-

2048 4529 2228 4581 creta.
2264 4525 2483 4580 Revera
2512 4528 2702 4580 tamen
2755 4520 2911 4578 aliud
2948 4521 3250 4593 spectabat
3280 4522 3513 4575 astutus
3543 4518 3703 4591 prin-

271 4600 621 4692 principatu
642 4621 985 4689 recuperato
1006 4616 1307 4671 florentem
1334 4613 1413 4668 ibi
1436 4621 1496 4669 ut
1519 4613 1685 4685 prius
1707 4618 1765 4669 et
1786 4618 1942 4668 tran-
1974 4600 2017 4667 C
2059 4632 2218 4687 ceps,
2250 4614 2343 4669 cui
2389 4618 2513 4669 erat
2560 4612 2926 4686 propositum
2959 4608 3366 4667 custodiendis
3396 4615 3552 4664 certo
3588 4607 3700 4664 sibi

273 4709 525 4782 quillam
561 4707 717 4763 domi
750 4723 871 4763 suae
902 4705 1081 4761 vitam
1116 4705 1175 4760 in
1208 4707 1491 4760 consueta
1521 4702 1809 4775 dignitate
1839 4703 1941 4757 de-

274 4803 458 4871 geret.
484 4800 693 4867 Itaque
724 4795 783 4850 in
812 4793 1190 4867 suggestibus
1216 4790 1395 4864 regiis
1426 4789 1764 4860 imperatori
1788 4790 1940 4845 182

276 4887 524 4952 assedit,
560 4890 617 4940 et
648 4884 913 4940 minaces
965 4885 1089 4956 ipse
1119 4896 1358 4953 quoque
1405 4879 1559 4934 circa
1589 4894 1651 4934 se
1682 4879 1942 4950 corporis

275 4977 555 5033 custodes
603 4973 833 5039 habuit,
876 4977 933 5028 et
977 4971 1307 5041 insignibus
1357 4968 1589 5040 imperii
1642 4968 1938 5036 utebatur,

276 5068 491 5122 rubros
525 5063 779 5118 induens
819 5062 1063 5118 calceos.
1099 5065 1231 5117 Haec
1271 5064 1470 5117 autem
1502 5057 1742 5114 honoris
1773 5074 1935 5114 amo-

277 5157 479 5226 risque
531 5154 699 5224 signa
728 5169 844 5209 non
877 5167 1022 5207 vane
1072 5151 1374 5222 ostentari,
1408 5149 1508 5205 sed
1543 5164 1611 5203 ex
1640 5164 1770 5203 vere
1801 5164 1938 5219 pro-

279 5262 459 5317 penso
492 5243 555 5298 in
588 5243 786 5315 ipsum
841 5259 907 5297 ac
956 5241 1180 5297 sincere
1230 5240 1479 5309 favente,
1511 5253 1761 5309 quisque
1810 5236 1935 5308 pol-

276 5335 561 5391 liceretur
608 5331 961 5403 przestituro,
1000 5330 1371 5401 imperatoris
1404 5330 1599 5384 animo
1642 5325 1933 5398 proficisci

275 5421 579 5497 persuasit
632 5422 743 5493 ipsi
774 5420 1007 5477 conscia
1040 5419 1324 5475 memoria
1362 5433 1603 5473 suorum
1655 5417 1714 5471 in
1763 5414 1931 5470 illum

277 5514 650 5576 meritorum,
676 5528 791 5582 quo
824 5515 1081 5583 tempore
1127 5508 1452 5580 supplicem
1485 5521 1620 5560 eum
1652 5504 1930 5560 benevolo

276 5605 582 5674 exceperat
626 5600 907 5672 hospitio,
941 5601 1111 5670 cujus
1142 5597 1337 5670 gratia:
1368 5596 1551 5650 vicem
1595 5598 1863 5649 mutuam
1897 5612 1928 5650 a

278 5709 390 5749 non
440 5693 806 5760 immemore,
839 5694 895 5745 et
948 5690 1020 5746 ab
1070 5705 1137 5745 eo
1183 5687 1275 5743 cui
1308 5685 1439 5760 plus
1488 5684 1833 5755 contulerat,
1866 5685 1923 5740 id

2054 4710 2110 4760 et
2143 4708 2265 4759 tuto
2301 4704 2419 4759 loco
2450 4712 2569 4758 tam
2612 4702 2762 4757 caris
2812 4701 3045 4757 sultano
3077 4698 3367 4771 capitibus
3399 4696 3701 4753 sultanum

2051 4794 2249 4866 ipsum
2268 4797 2352 4848 tot
2369 4792 2677 4864 pignorum
2699 4790 2942 4846 caritate
2956 4788 3125 4861 quasi
3148 4787 3528 4843 constrictum
3545 4785 3699 4858 apud

2051 4900 2112 4939 se
2144 4883 2414 4948 retinere,
2439 4898 2510 4937 ne
2533 4898 2647 4952 quo
2674 4880 2867 4936 subito
2893 4881 3040 4936 forte
3071 4883 3240 4949 capto
3275 4878 3425 4949 fugae
3454 4875 3701 4932 consilio

2050 4973 2363 5029 recederet.
2392 4972 2513 5036 Quo
2546 4969 2645 5025 ille
2676 4970 2936 5025 faciendo
2964 4968 3375 5024 demerebatur
3403 4965 3700 5021 Tocharo-

2048 5078 2179 5117 rum
2204 5061 2531 5133 principem
2557 5059 2861 5127 Chalaum,
2886 5058 3124 5130 quicum
3158 5055 3333 5112 certis
3355 5055 3481 5125 jam
3508 5054 3706 5109 condi-

2048 5151 2311 5208 tionibus
2332 5152 2401 5206 de
2425 5166 2563 5222 pace
2586 5153 2987 5221 transegerat:
3014 5146 3109 5202 hic
3133 5146 3288 5201 enim
3315 5142 3548 5200 sultano
3574 5158 3702 5213 pro-

2044 5242 2137 5297 cui
2161 5241 2297 5296 alibi
2324 5242 2582 5307 detento,
2605 5247 2656 5296 et
2683 5239 2809 5308 ejus
2840 5238 2911 5294 ob
2945 5236 3223 5293 absentiae
3250 5232 3698 5289 diuturnitatem

2045 5332 2197 5387 I33
2245 5329 2531 5386 memoria
2580 5332 2798 5384 sensim
2850 5327 3215 5383 exolescente
3266 5323 3419 5394 apud
3472 5327 3697 5387 Persas,

2041 5424 2202 5475 tanto
2238 5419 2465 5475 facilius
2521 5417 2868 5488 feliciusque
2901 5416 3190 5472 universae
3222 5410 3393 5484 potiri
3444 5405 3698 5463 Persidis

2041 5513 2304 5581 poterat,
2365 5513 2541 5581 prout
2600 5507 2794 5580 reipsa
2855 5505 3007 5561 fecit.
3066 5504 3423 5573 lmperatore
3482 5495 3700 5566 quippe

2040 5598 2340 5655 sultanum
2404 5612 2763 5669 suspensum
2824 5594 3040 5666 spebus
3097 5590 3375 5647 inanibus
3431 5588 3696 5654 tenente,

2037 5687 2241 5760 sicque
2262 5687 2417 5742 diem
2445 5704 2509 5743 ex
2544 5687 2635 5741 die
2660 5685 2925 5741 ducendo
2950 5697 3140 5739 moras
3163 5677 3400 5735 assidue
3426 5676 3695 5733 nectente
