4018 6198
366 317 468 372 571
1678 307 1981 364 GEORGII
2021 309 2484 363 PACHYMERIE
3648 314 3740 370 57-3

374 447 488 502 τοῖς
543 438 835 512 Τοχάροις,
893 435 968 496 ὡς
1025 432 1112 486 καί
1141 451 1289 493 τινας
1335 430 1427 493 οὕς
1460 430 1518 485 ἂν
1553 427 1694 485 ε’ίποι
1724 449 1806 490 τις
1838 429 2021 499 σκηνί-
2050 431 2104 498 Α
2133 431 2226 487 κε’.
2269 432 2461 493 "Ome:
2521 437 2672 506 εἶχον
2734 433 2788 512 o't
2845 432 3000 512 πρὶν.
3031 428 3270 504 βασιλεῖς
3312 428 3432 502 περὶ
3487 436 3742 508 Τυχάρους

373 550 466 590 τας
497 527 582 581 καὶ
617 529 684 598 τῇ
716 522 968 592 πολιτείᾳ
996 520 1450 595 ἀπηχθημένους,
1487 520 1561 592 μὴ
1596 517 1851 583 θέλοντας
1884 519 2019 572 ὐπο-

373 615 670 670 τάττεσθαι.
707 614 786 682 [Ρ.
813 613 904 683 86]
937 610 1055 664 καθ’
1104 607 1301 669 αὐτοὺς
1362 607 1519 676 εἶναι,
1578 605 2020 680 ἐπειλημμένους

373 708 480 756 τῶν
541 698 822 774 ἡμετέρων
885 699 1290 774 ὀχυρωμάτων,
1349 694 1498 765 πλὴν
1529 697 1618 750 καὶ
1659 696 1750 751 τὸν
1784 695 2024 759 ἐντεῦθεν

376 792 815 858 ὑποτοπάζοντας
897 784 1168 856 κίνδυνον,
1244 786 1288 842 εἰ
1354 789 1598 862 φανερῶς
1672 784 2022 855 ἐπιτιθοῖντο,

373 879 508 935 κατᾶ
559 879 654 952 μὲν
703 879 764 933 τὸ
812 877 992 933 κοινὸν
1041 876 1130 931 καὶ
1161 875 1404 941 καθόλου
1435 871 1753 937 ἐνσπόνδους
1785 876 1917 929 εἶναι
1944 875 2024 945 τῷ

381 963 620 1040 βασιλεῖ,
680 965 798 1030 καθ’
841 964 936 1019 ’ὲνα
979 960 1036 1018 δὲ
1091 963 1282 1024 νυκτὸς
1317 960 1605 1035 λοχῶντας
1653 965 1770 1022 τοῖς
1829 959 1888 1015 ἐκ
1917 964 2022 1014 τῶν

376 1051 662 1129 ἡμετέρων
715 1051 999 1127 κλέμμασι
1047 1058 1309 1128 χρῆσθαι.
1365 1053 1443 1106 "A
1495 1048 1562 1119 δὴ
1620 1049 1843 1104 καὶτῶν
1885 1052 2027 1122 ἡμε-

374 1145 542 1218 τέρων
600 1142 651 1214 ἐξ
705 1141 830 1197 ’ίσου
860 1145 995 1218 πρὸς
1028 1141 1261 1202 ἐκείνους
1292 1139 1597 1196 ποιούντων
1628 1137 1689 1194 οὐ
1716 1140 1883 1200 πόνος
1935 1139 2026 1208 ἦν.

379 1234 471 1289 Ἐκ
499 1233 700 1294 παντὸς
732 1229 788 1286 δὲ
816 1227 1023 1307 τρόπου
1062 1231 1124 1286 τὸ
1173 1228 1324 1293 ἔθνος
1362 1233 1469 1284 τῶν
1512 1227 1774 1304 Τοχάρων
1825 1225 1895 1282 δι’
1944 1227 2026 1282 ἐν-

377 1323 530 1384 νοίας
580 1317 723 1396 ἔχων
781 1322 808 1375 ὁ
861 1317 1116 1396 βασιλεὺς
1169 1321 1241 1381 ὡς
1289 1318 1660 1374 ἀνυπόστατον
1721 1319 1818 1386 τὴν
1849 1319 2025 1392 ὁρμήν

377 1414 512 1466 κατὰ
541 1413 601 1466 τὸ
634 1411 775 1472 εἰκὸς
831 1409 1024 1466 δοκοῦν
1059 1405 1206 1484 ἔχειν
1255 1407 1398 1484 ἄρτι,
1445 1415 1692 1478 κινῆσαν,
1751 1407 1881 1472 τοὺς
1936 1408 2031 1480 μὲν

381 1502 516 1556 κατᾶ
572 1502 638 1554 τὰ
699 1499 1038 1574 ὀχυρώματα
1077 1497 1284 1572 Πέρσας
1316 1498 1408 1553 καὶ
1441 1497 1560 1553 λίαν
1596 1490 1932 1566 ὑπεποιεῖτο,
1957 1498 2030 1559 ὡς

380 1595 626 1666 θριγγοῖς
695 1589 929 1658 ἐλπίζων
997 1589 1234 1664 χρᾶσθαι
1313 1587 1359 1642 εἷ
1415 1581 1745 1662 ἐπιϐρίσειαν
1807 1587 2028 1654 ἐκεῖνοι,

383 1677 610 1740 ἐκείνοις
663 1677 710 1733 δ’
759 1679 874 1753 εἶχε
931 1675 1019 1732 διὰ
1079 1675 1314 1750 μελέτης
1352 1677 1442 1731 καὶ
1497 1674 1683 1738 ἄλλως
1716 1673 2030 1732 σπένδεσθαι

2763 503 3154 575 ἀκουομένους.

2205 611 2403 685 Πρώην
2440 611 2534 683 μὶν
2583 612 2686 686 γὰρ
2737 612 2766 666 ὁ
2815 613 3021 672 Δούκας
3080 608 3333 679 Ἰωάννης
3387 608 3544 670 κλέος
3601 611 3738 684 μόνον

2131 698 2349 754 ἐκείνων
2379 698 2567 771 ἤκουε,
2598 701 2689 755 καὶ
2737 699 3065 775 κατωχύρου
3119 698 3184 754 τὰ
3215 697 3448 776 φρούρια
3503 699 3624 772 σίτῳ
3667 705 3742 757 καὶ

2135 789 2393 862 ἅρμασιν,
2445 790 2517 843 ὧν
2571 791 2662 844 τὸν
2727 790 2820 862 μὶν
2865 792 2956 844 καὶ
3013 787 3088 849 είς
3148 787 3380 862 χρόνους
3424 787 3741 864 προσέταττεν

2133 877 2513 946 ἀποτίθεσθαι,
2575 877 2842 952 βούλλαις
2887 872 3242 951 μολυϐδίναις
3293 876 3386 931 τὸν
3434 875 3608 932 ἐνόντα
3646 886 3745 942 τοῖς

2136 967 2378 1030 ἐποίκοις
2432 968 2764 1046 σφραγίζων,
2825 969 3082 1046 φέροντας
3136 963 3183 1021 δ’
3238 963 3430 1036 ἔξωθεν
3490 965 3750 1023 ἐπιτάττων

2138 1056 2448 1128 σιτίζεσθαι,
2505 1059 2574 1112 τὰ
2622 1055 2679 1112 δὲ
2734 1057 2823 1112 καὶ
2885 1057 3146 1132 ἀναγκαῖα
3204 1054 3362 1110 ἐτίθει
3419 1060 3531 1117 τοῖς
3579 1078 3751 1126 κτησο-

2142 1147 2348 1219 μένοις,
2407 1146 2480 1208 ὡς
2538 1145 2754 1200 ἐκείνων
2814 1151 2917 1200 πᾶν
2975 1147 3036 1199 τὸ
3096 1144 3171 1205 εἷς
3203 1142 3515 1218 περιουσίαν
3547 1144 3600 1198 δν
3627 1146 3754 1201 ὑστε-

2141 1240 2269 1312 ρεῖν.
2356 1232 2854 1308 Προικοδοτεῦντας
2921 1234 3026 1310 γὰρ
3114 1233 3250 1306 μετὰ
3323 1233 3424 1301 τὴν
3499 1228 3757 1307 σεϐασμίαν

2141 1323 2324 1379 εῗκόνα
2349 1324 2417 1378 τὰ
2446 1323 2592 1380 ὅπλα
2621 1325 2948 1398 προσέταττε
2995 1323 3448 1400 καταγράφεσθαι·
3507 1319 3635 1394 μηδὲ
3673 1326 3755 1399 γὰρ

2139 1408 2290 1488 ἔχειν
2324 1411 2520 1468 εἰδέναι
2551 1413 2604 1469 τί
2633 1415 2696 1468 τὸ
2728 1412 3031 1488 ἐξορμῆσαν
3052 1417 3163 1466 τῶν
3185 1415 3335 1483 σφῶν
3359 1409 3580 1488 φωλεῶν
3603 1409 3755 1486 ἔθνος,

2139 1503 2231 1556 καὶ
2265 1503 2480 1566 ὁποίοις
2508 1507 2624 1564 τοῖς
2670 1499 2826 1570 ἤθεσι
2870 1507 3094 1576 χρᾶται,
3147 1498 3245 1554 κᾶν
3299 1499 3588 1571 εἰρηνεύειν
3630 1499 3757 1564 θέλοι

2138 1587 2234 1644 κᾶν
2262 1591 2552 1665 μάχεσθαι.
2572 1591 2738 1645 Τόσον
2761 1590 2828 1658 ἦν
2857 1587 3064 1660 ἄδηλον
3084 1586 3188 1652 ἕως
3202 1587 3330 1643 τότε
3355 1587 3418 1644 τὸ
3441 1586 3602 1649 ἔθνος.
3634 1591 3758 1663 Παρᾶ

2139 1677 2376 1742 πολλοῖς
2407 1677 2452 1734 δ’
2483 1678 2739 1754 ἐλέγοντο
2770 1676 3154 1755 κυνοκέφαλοι,
3179 1676 3270 1732 καί
3293 1697 3358 1750 γε
3388 1673 3609 1739 διαίταις
3635 1677 3760 1732 dum.

387 1765 475 1822 διὰ
505 1765 726 1838 κήδους.
777 1767 900 1824 Ἐπὶ
955 1769 1214 1820 τοσοῦτον
1271 1765 1372 1840 γὰρ
1433 1759 1662 1842 φοϐερὸν
1717 1762 1891 1820 ἐδόκει
1940 1765 2028 1819 καὶ
2065 1807 2112 1872 Β
2141 1766 2404 1844 ρημέναις
2436 1767 2705 1838 ἠκούοντο
2757 1768 3056 1842 χρώμενοι,
3107 1766 3247 1820 ὥστε
3294 1765 3387 1820 καὶ
3436 1765 3760 1843 ἀνθρωποφα-

448 1858 458 1872 1
699 1857 712 1872 \
804 1853 818 1872 τ
895 1856 906 1872 Ι
1139 1853 1180 1872 οη
1366 1852 1380 1872 ν
1513 1859 1534 1870 υ
1657 1851 1682 1872 υ
1885 1855 1898 1871 \
1931 1851 1954 1872 υ
2204 1862 2228 1872 α
2291 1855 2304 1872 9
2484 1857 2497 1872 1
2694 1863 2723 1872 Α
2798 1854 2822 1872 ἢ
2850 1857 2862 1872 Ι
3003 1853 3044 1872 ιι
3129 1857 3143 1872 \
3235 1853 3249 1872 θ
3354 1853 3370 1872 Ω
3445 1854 3474 1872 Λ
3567 1853 3586 1872 ς
3637 1855 3648 1872 Ι

391 1858 555 1929 μόνον
615 1857 752 1931 πρὸς
800 1853 1036 1916 ἐκείνους
1083 1853 1330 1926 πόλεμον
1361 1852 1584 1924 ἐννοεῖν,
1645 1851 1784 1910 ὥστε
1811 1855 1900 1908 καὶ
1931 1851 2036 1916 ἓως

389 1945 597 2001 ἐκείνου
673 1944 762 1999 καὶ
836 1943 1081 2018 τοῦνομα
1159 1943 1324 2016 μόνον
1397 1943 1474 2006 εἷς
1534 1937 1700 2020 φόϐον
1785 1945 2034 2018 ἡγεῖσθαι

390 2038 471 2110 [Ρ.
506 2038 598 2108 87]
630 2035 718 2090 καὶ
752 2031 1002 2090 δεδιέναι.

396 2271 468 2310 ne
514 2252 728 2308 rediret
759 2253 914 2309 unde
943 2255 1200 2319 venerat,
1233 2267 1326 2307 res
1361 2251 1670 2307 Persarum
1718 2251 1880 2307 omni
1929 2251 2042 2308 alio

393 2342 686 2399 destituta:
729 2342 1001 2414 praesidio
1047 2342 1284 2398 tandem
1333 2342 1404 2396 ad
1455 2339 1748 2397 Tocharos
1794 2339 2044 2397 inclina-

395 2437 553 2501 runt,
586 2437 706 2488 tam
751 2431 1063 2488 universali
1095 2447 1410 2493 consensu.
1445 2435 1510 2486 ut
1539 2429 1782 2502 quidam
1813 2430 1891 2486 ibi
1923 2432 2042 2502 jam

395 2525 568 2576 antea
618 2535 914 2593 segreges,
947 2536 1094 2592 quos
1147 2520 1282 2590 jure
1332 2519 1465 2590 quis
1513 2519 1765 2575 scenitas
1814 2518 2042 2589 dixerit,

396 2625 630 2682 semper
679 2609 837 2666 soliti
878 2625 912 2664 a
956 2608 1370 2664 communibus
1421 2607 1735 2663 abhorrere
1781 2605 2045 2663 consiliis

396 2704 454 2755 et
484 2714 576 2754 res
625 2695 737 2754 sibi
769 2713 909 2754 suas
941 2696 1156 2752 habere
1201 2695 1496 2767 privatim,
1529 2711 1661 2752 cum
1693 2694 1826 2751 aliis
1857 2695 2045 2751 omni-

401 2789 512 2844 bus
569 2789 778 2859 sponte
834 2784 1231 2842 subeuntibus
1281 2785 1596 2856 imperium
1645 2784 2042 2841 Tocharorum

397 2876 483 2931 illi
516 2875 616 2931 uni
647 2874 936 2946 subjicere
968 2890 1032 2930 se
1074 2873 1189 2945 ipsi
1221 2879 1581 2940 recusarent,
1614 2874 1796 2930 coacti
1828 2874 2048 2930 fuerint

396 2965 455 3020 in
503 2980 686 3030 arces,
720 2964 790 3019 de
838 2963 1056 3036 quibus
1086 2963 1365 3030 diximus,
1399 2961 1584 3018 nostri
1631 2961 1838 3018 limitis
1888 2979 2044 3019 rece-

399 3054 556 3110 dere.
585 3052 692 3108 Ubi
748 3051 893 3108 satis
924 3050 1320 3123 intelligentes
1350 3066 1412 3106 se
1443 3049 1601 3106 haud
1633 3051 1760 3108 sine
1809 3067 1916 3107 suo
1949 3067 2046 3123 pe-

399 3143 584 3200 riculo
615 3141 718 3198 tali
761 3146 1022 3212 tempore
1073 3139 1262 3213 palam
1313 3140 1448 3196 inde
1493 3140 1898 3197 incursaturos
1931 3141 2044 3196 Ro-

400 3249 602 3288 manas
649 3236 858 3301 terras,
891 3229 1097 3286 callido
1141 3227 1386 3286 consilio
1434 3229 1754 3285 universim
1803 3229 2043 3301 quidem

399 3338 466 3378 ac
505 3320 898 3376 communiter
945 3319 1256 3374 fcederatos
1306 3334 1368 3373 se
1416 3318 1753 3390 imperatori
1809 3319 2044 3390 profite-

399 3411 637 3473 bantur,
688 3407 1034 3478 singillatim
1076 3422 1210 3461 vero
1239 3405 1710 3476 grassationibus
1742 3408 2044 3464 nocturnis

400 3511 494 3552 res
545 3501 880 3551 nostrorum
931 3493 1440 3566 depraedabantur,
1483 3493 1543 3548 in
1595 3509 1707 3564 quo
1758 3495 2044 3550 damnum

401 3587 666 3640 nostrum
715 3583 870 3639 haud
914 3598 1196 3654 magnum
1247 3586 1398 3643 erat;
1445 3597 1581 3638 nam
1629 3581 1713 3637 illi
1762 3583 2046 3639 limitanei

401 3679 638 3730 strenue
695 3688 802 3745 par
858 3671 981 3744 pari
1039 3671 1356 3727 referentes
1400 3670 1783 3728 clandestinis
1831 3676 1887 3728 et
1933 3673 2046 3745 ipsi

402 3761 627 3834 rapinis
683 3761 898 3816 infidos
956 3759 1224 3832 hospites
1283 3758 1720 3816 ulciscebantur
1773 3764 1830 3816 et
1879 3761 2046 3818 facile

402 3851 623 3908 amissa
653 3850 1030 3922 reponebant.
1063 3848 1235 3905 Omni
1275 3854 1471 3904 autem
1504 3848 1728 3905 ratione
1757 3849 1869 3905 sibi
1901 3867 2046 3908 con-

399 3940 712 3996 ciliandam
755 3942 1041 3996 statuerat
1070 3937 1390 4010 imperator
1431 3941 1665 4010 gentem
1716 3939 2043 3996 Tocharum

398 4036 539 4088 tunc
569 4046 713 4086 novo
745 4029 968 4100 impetu
1013 4031 1070 4083 et
1116 4026 1376 4100 potentia
1406 4027 1764 4084 ineluctabili
1797 4033 2038 4102 motam,

400 4125 466 4176 ut
497 4119 589 4176 cui
622 4117 916 4174 hostiliter
945 4115 1296 4188 irrumpenti
1328 4115 1475 4172 nihil
1509 4121 1704 4188 posset
1735 4116 2039 4190 obsistere,

401 4226 528 4265 eam
562 4208 860 4264 beneficiis
910 4211 1373 4280 prmoceupatam
1400 4207 1474 4262 ab
1504 4207 1736 4264 infestis
1783 4209 2043 4265 consiliis

401 4299 704 4352 averteret.
738 4295 966 4350 Putavit
1017 4296 1194 4351 etiam
1238 4295 1555 4366 prudenter
1584 4297 1871 4353 utendum
1920 4297 2042 4366 illo,

401 4400 576 4456 quem
619 4383 958 4450 memoravi,
993 4385 1243 4439 adventu
1297 4400 1604 4455 segregum
1640 4390 1948 4441 Persarum
1985 4386 2044 4441 in

403 4490 563 4530 arces
613 4474 860 4529 Romani
909 4473 1136 4529 limitis.
1183 4474 1252 4528 Et
1299 4473 1406 4529 hos
1455 4473 1611 4529 enim
1662 4475 2046 4532 blandissime

402 4565 665 4621 definivit
719 4564 930 4621 ofﬁciis
1000 4563 1456 4636 promissisque,
1517 4564 1739 4620 scilicet
1805 4583 2048 4638 sperans
2085 4542 2131 4604 ί)

403 4655 534 4711 istis
589 4671 673 4722 se,
723 4654 890 4726 quasi
941 4670 1080 4726 sepe
1124 4655 1368 4725 objecta,
1415 4655 1622 4710 mediis
1673 4673 1918 4711 usurum
1973 4658 2044 4712 ad

403 4745 713 4800 arcendam
764 4744 1156 4798 Tocharorum
1190 4743 1355 4812 ',vim,
1405 4744 1453 4799 si
1504 4746 1758 4814 quando,
1813 4746 1962 4816 quod
2014 4763 2048 4801 a

403 4838 573 4906 gente
604 4832 880 4888 bellicosa
925 4833 1171 4886 barbara
1203 4833 1391 4888 timeri
1428 4833 1737 4904 prudentia
1775 4835 2044 4906 jubebat,

404 4923 618 4979 bellum
653 4937 782 4977 cum
811 4921 1090 4978 Romanis
1113 4939 1289 4991 quam
1324 4939 1524 4993 pacem
1557 4923 1810 4978 mallent.
1837 4925 2046 4980 Stude-

403 5013 501 5067 bat
531 5017 725 5067 autem
761 5012 1078 5082 imperator
1105 5011 1476 5066 vehementer
1506 5029 1680 5084 quam
1717 5014 2048 5071 arctissima

403 5101 840 5158 necessitudine
865 5099 1101 5156 fcederis
1122 5100 1412 5156 Tocharos
1443 5101 1554 5156 sibi
1579 5102 1889 5169 devincire,
1911 5121 2048 5175 quo-

405 5193 560 5247 niam
595 5191 776 5246 armis
808 5206 943 5246 cum
974 5207 1041 5246 ea
1069 5194 1241 5262 gente
1264 5191 1572 5246 decernere
1603 5207 1722 5246 rem
1759 5193 1900 5248 adeo
1933 5199 2044 5248 ter-

403 5279 634 5336 ribilem
666 5281 929 5351 putabat,
964 5282 1028 5334 ut
1072 5296 1142 5334 ne
1185 5279 1537 5350 cogitatione
1569 5280 1806 5350 quidem
1858 5282 2046 5352 prima

401 5374 573 5426 tenus
604 5368 741 5425 belli
773 5385 906 5425 cum
939 5369 1009 5424 iis
1041 5366 1404 5439 suscipiendi
1443 5369 1800 5423 mentionem
1833 5371 2042 5425 admit~

403 5459 630 5516 tendam
665 5459 923 5514 duceret.
961 5457 1328 5528 Omninoque
1363 5456 1505 5511 adeo
1539 5456 1594 5511 id
1629 5455 1904 5513 horribile
1936 5476 2046 5530 pu-

400 5551 580 5618 tabat,
613 5553 678 5604 ut
709 5549 796 5604 vel
829 5546 950 5603 solo
996 5546 1219 5618 prolato
1250 5545 1493 5602 istorum
1531 5545 1765 5601 nomine
1805 5563 2046 5604 causam

401 5653 462 5693 se
493 5637 710 5693 habere
761 5637 1027 5692 idoneam
1077 5635 1313 5690 duceret
1363 5638 1554 5689 metus
1602 5652 1715 5692 non
1767 5635 1956 5707 ignavi
1991 5643 2047 5692 et

2143 1862 2255 1932 γεῖν
2287 1855 2653 1914 ἐπιπεύοντο.
2689 1854 2973 1930 Θεοδώρνυ
2999 1853 3056 1910 δὲ
3083 1857 3182 1924 τήν
3224 1853 3412 1930 ἀρχὴν
3445 1853 3762 1929 βασιλεύσαν-

2143 1967 2260 2017 τος,
2311 1945 2425 2002 ἐπεῖ
2471 1943 2726 2021 ἐλέγοντο
2772 1943 2862 2000 διὰ
2899 1941 3162 2018 Περσίδος
3205 1944 3349 2018 πρὸς
3397 1941 3593 1998 ἐκεῖνον
3635 1964 3764 2019 πρεσ-

2147 2031 2416 2106 ϐεύεσθαι,
2449 2037 2538 2091 καὶ
2569 2036 2597 2090 ὁ
2630 2033 2794 2112 λόγος
2823 2033 3110 2106 ἀληθινὸς,
3143 2027 3318 2111 φόϐος
3354 2029 3411 2088 δὲ
3440 2031 3526 2088 καὶ
3555 2031 3762 2108 τάραχος

2151 2255 2641 2314 consternationis
2663 2270 2778 2312 non
2813 2251 3296 2326 reprehensibilis
3328 2251 3676 2324 experiundae
3705 2250 3764 2306 fa-

2153 2346 2474 2417 tendeque.

2153 2453 2308 2509 184
2335 2453 2424 2508 25.
2463 2453 2524 2510 Ut
2553 2468 2612 2507 se
2641 2451 2942 2506 habuerint
2972 2450 3185 2519 priore:
3221 2447 3575 2520 imper-amre:
3601 2445 3764 2500 audita

2681 2525 2834 2594 fama
2873 2521 3266 2578 Tocharorum.

2225 2617 2292 2668 Et
2315 2612 2563 2668 antehac
2588 2612 2827 2684 quidem
2855 2611 3116 2667 Joannes
3137 2608 3357 2674 Ducas,
3383 2607 3576 2663 audita
3603 2605 3760 2662 solum

2154 2703 2390 2776 illorum
2424 2703 2600 2770 fama,
2625 2701 2878 2758 munivit
2903 2716 3067 2757 arces
3093 2699 3397 2754 frumento
3425 2701 3482 2754 et
3499 2696 3680 2752 armis.
3703 2701 3763 2750 Ac

2156 2792 2516 2848 frumentum
2541 2791 2780 2862 quidem
2802 2807 2870 2846 ea
2891 2787 3200 2860 copiaquaa
3225 2786 3530 2843 sufficeret
3547 2784 3602 2840 in
3623 2798 3762 2838 usum

2153 2898 2328 2952 quam
2361 2879 2691 2952 longissimi
2723 2877 3009 2951 temporis
3040 2875 3282 2945 congeri
3306 2873 3511 2946 jussit,
3532 2871 3762 2942 obsigna

2155 2969 2323 3041 rique
2354 2968 2590 3040 singula
2619 2968 2828 3024 borrea
2858 2965 3038 3024 bullis
3082 2964 3387 3036 plumbeis
3416 2960 3765 3019 indicantibus

2155 3063 2438 3130 quantum
2470 3059 2527 3113 in
2561 3071 2796 3131 quoque
2820 3055 3126 3113 conditum
3157 3056 3514 3109 servaretur.
3539 3056 3702 3122 Atque
3721 3051 3770 3102 ut

2156 3150 2377 3208 certius
2423 3147 2472 3205 is
2503 3163 2786 3204 numerus
2827 3148 3148 3213 constaret,
3194 3145 3552 3215 praeceperat
3577 3157 3664 3197 eos
3690 3137 3766 3209 qui

2158 3239 2216 3296 id
2239 3238 2600 3293 frumentum
2623 3234 3073 3307 comportabant
3099 3249 3214 3288 non
3251 3232 3394 3286 inde
3413 3231 3482 3286 ad
3512 3229 3764 3302 proprium

2151 3329 2373 3384 victum
2397 3341 2648 3393 sumere,
2666 3325 2767 3381 sed
2791 3324 2938 3397 ipsis
2959 3323 3198 3379 aliunde
3219 3318 3764 3391 subministrari,quo

2154 3417 2411 3485 interim,
2461 3417 2603 3472 dum
2663 3415 2714 3471 ei
2773 3411 3138 3470 convectioni
3197 3411 3499 3468 navabant
3546 3423 3762 3480 operam,

2152 3512 2545 3566 vescerentur.
2590 3512 2905 3562 Armorum
2962 3521 3096 3560 vero
3149 3503 3578 3560 redundantem
3621 3500 3762 3556 etiam

2157 3614 2470 3655 numerum
2503 3595 2896 3653 necessarium
2929 3593 3196 3666 putabat,
3219 3593 3346 3650 tale
3375 3593 3433 3648 id
3470 3607 3588 3648 esse
3614 3604 3764 3662 genus

2155 3703 2354 3744 rerum
2385 3690 2672 3754 statuens,
2705 3685 2878 3755 cujus
2908 3698 3214 3755 nunquam
3253 3680 3478 3738 affatim
3511 3677 3764 3736 utentibus

2155 3776 2253 3845 sit,
2279 3776 2496 3847 quippe
2515 3789 2764 3846 quorum
2787 3773 2966 3829 etiam
2989 3773 3130 3828 dum
3164 3769 3614 3826 innumerabilis
3640 3767 3764 3821 vide-

2155 3866 2330 3921 batur
2375 3864 2615 3920 alﬂuere
2661 3862 2852 3932 copia,
2887 3877 3039 3932 saepe
3089 3860 3147 3915 in
3201 3859 3514 3916 occasione
3562 3853 3764 3930 penuria

2154 3953 2466 4010 sentiatur.
2495 3954 2682 4018 Quare
2713 3949 2847 4006 illos
2879 3949 3094 4021 quibus
3121 3948 3510 4004 incumbebat
3528 3963 3590 4003 ex
3613 3943 3766 4002 ofﬁcio

2160 4043 2342 4115 gratis
2375 4043 2640 4114 quaedam
2673 4039 3048 4112 suppeditare
3072 4037 3371 4093 militibus
3395 4031 3768 4108 jussitadscri-

2160 4132 2294 4188 bere
2324 4130 2604 4202 catalogis
2653 4129 3158 4201 suggerendarum
3189 4141 3220 4182 e
3255 4127 3401 4183 fisco
3433 4141 3635 4190 rerum,
3664 4123 3768 4194 post

2154 4237 2383 4278 sacram
2436 4220 2684 4285 iconem,
2719 4233 2884 4274 arma
2935 4217 3221 4286 cujusque
3273 4215 3508 4287 generis
3536 4218 3589 4269 et
3629 4225 3763 4265 usus.

2156 4309 2334 4365 Istius
2365 4313 2485 4364 tam
2510 4315 2790 4363 accuralaz
2815 4305 3168 4377 provisionis
3197 4303 3478 4375 prudenti
3499 4301 3623 4358 huic
3642 4297 3767 4372 prin-

2155 4398 2267 4469 cipi
2297 4413 2537 4452 causam
2565 4395 2812 4467 praebuit
2832 4410 3034 4449 rumor
3055 4391 3260 4466 procul
3288 4393 3524 4448 auditus
3547 4385 3767 4462 parantis

2156 4502 2464 4557 erumpere
2502 4485 2694 4557 gentis
2744 4483 3004 4538 barbarie
3057 4497 3390 4538 numerosas
3428 4474 3765 4542 vehementis,

2157 4575 2331 4631 etiam
2357 4591 2490 4630 cum
2515 4575 2777 4630 nondum
2807 4571 3235 4642 intelligeretur
3253 4570 3398 4642 quid
3422 4572 3592 4634 esset,
3612 4579 3765 4637 quan-

2155 4669 2282 4721 tum
2316 4667 2644 4736 posset,cur
2660 4662 2786 4718 suis
2809 4659 3076 4716 latibulis
3098 4659 3530 4730 exiret,quibus
3549 4657 3766 4712 uteretur

2158 4752 2442 4817 moribus,
2467 4767 2788 4824 pacemque
2821 4767 2892 4804 an
2927 4748 3148 4804 bellum
3176 4751 3563 4819 prmoptatura
3580 4744 3764 4798 videre-

2156 4845 2272 4896 tur.
2295 4842 2437 4897 Tam
2471 4839 2642 4911 vulgo
2672 4839 2829 4895 enim
2860 4837 3230 4893 increbuerat
3263 4852 3398 4890 cum
3431 4835 3652 4890 horrore
3677 4833 3764 4884 ter-

2157 4947 2403 5002 roreque
2434 4931 2504 4986 ad
2535 4929 2933 4985 Tocharorum
2989 4926 3348 4982 mentionem
3382 4923 3546 4996 quasi
3591 4918 3760 4992 panico

2157 5021 2330 5076 istius
2373 5019 2638 5088 ejusdem
2682 5033 2831 5073 caeca
2863 5016 3130 5088 quaedam
3162 5013 3452 5086 ignoratio
3483 5009 3685 5084 populi,
3712 5008 3762 5060 ut

2156 5125 2254 5166 eos
2287 5109 2550 5179 plerique
2597 5106 2826 5162 caninis
2858 5105 3152 5160 deformes
3198 5102 3491 5174 capitibus
3521 5098 3758 5157 dicerent,

2157 5196 2500 5268 passimque
2529 5195 2834 5250 audiretur
2854 5194 2924 5249 de
2952 5191 3193 5248 immani
3219 5207 3421 5246 eorum
3453 5202 3644 5262 genere
3668 5185 3760 5236 vic-

2156 5289 2273 5350 tus,
2308 5301 2371 5340 ac
2402 5285 2780 5340 crederentur
2824 5281 3104 5337 humanis
3155 5279 3432 5336 carnibus
3482 5274 3757 5348 ingluviem

2156 5371 2406 5442 explere.
2431 5374 2576 5427 Cum
2599 5385 2732 5424 vero
2758 5369 2827 5424 ad
2848 5367 3214 5423 Theodorum
3235 5363 3296 5419 in
3331 5364 3568 5436 imperio
3589 5375 3756 5416 recen-

2155 5464 2273 5515 tem
2308 5458 2641 5514 dicerentur
2669 5457 2708 5512 ii
2753 5473 2820 5512 ex
2851 5454 3089 5511 Perside
3138 5454 3361 5524 legatos
3412 5452 3625 5508 mittere
3651 5451 3754 5515 (nec

2156 5549 2311 5604 fama
2355 5546 2786 5616 mentiebatur),
2820 5560 3102 5617 magnum
3136 5543 3217 5598 illi
3245 5557 3315 5597 ea
3347 5557 3438 5598 res
3486 5545 3683 5595 metum
3709 5536 3753 5587 et

2157 5636 2653 5710 perturbationem
2681 5634 2959 5692 admovit.
2977 5633 3236 5690 Decrevit
3259 5635 3452 5686 tamen
3479 5627 3752 5700 imperator

3918 111 3933 130 ,ι

3918 139 3933 186 .1

3918 207 3933 244 Ἶ
