4018 6198
176 339 287 392 573

1261 332 1353 383 DE
1393 330 1766 385 MICHABLE
1806 328 2248 385 PALEOLOGO
2286 330 2418 383 LIB.
2461 334 2532 384 II.

3496 334 3602 388 574

174 464 269 530 ἦν,
308 463 492 533 Ἔγνω
544 455 589 510 δ’
621 457 775 529 ὅμως
829 456 856 508 ὁ
894 452 1146 527 βασιλεὺς
1204 453 1267 507 τὸ
1334 445 1563 528 φοϐερὸν
1624 448 1834 505 πλασάο
1865 452 1916 519 Α
1946 449 2016 503 Τὸ
2068 447 2124 503 δέ
2173 472 2235 523 γε
2282 458 2381 520 τῆς
2430 454 2713 526 γερουσίας
2767 455 2853 507 καὶ
2910 454 3033 509 ὅσον
3080 458 3144 522 ἦν
3174 461 3281 511 τῶν
3316 455 3366 511 ἐν
3399 458 3481 529 [Ρ.
3510 460 3601 533 88]

177 571 339 625 μενος
432 546 667 606 ἐκείνους
753 543 1234 608 κατασοφίσασθαι.
1298 543 1393 595 Καὶ
1464 546 1679 615 πρῶτον
1745 542 1837 610 μὲν

180 633 632 715 προαπεστελλεν
695 634 770 695 ὠς
821 630 980 700 δῆθεν
1011 629 1374 707 ἁγγελοῧντας
1435 629 1523 683 ἐπὶ
1581 625 1841 704 Περσίδος

178 728 252 789 ὡς
310 728 399 782 ἐπ’
430 724 629 785 αὐτοὺς
678 723 1072 797 εὐτρεπίζοιτο,
1104 720 1194 775 καὶ
1254 722 1306 774 οἱ
1360 717 1838 794 ταχυδρομοῦντες

177 818 517 888 ἐπέμποντο.
553 812 764 875 Μισθὸς
824 809 869 865 δ’
928 811 994 879 ἦν
1051 815 1169 872 τοῖς
1225 805 1517 883 ἀγγελοῦσι
1574 811 1763 874 ταῦτα,
1796 806 1840 860 εἰ

176 903 546 962 κινδυνεύοιεν
625 900 961 972 ἐνιστάμενοι
1043 900 1129 952 καὶ
1208 899 1307 966 τὴν
1395 900 1501 950 τῶν
1555 895 1839 968 Ῥωμαίων

174 996 363 1069 ἀρχὴν
412 992 784 1047 ἀνυπόστατον
829 994 989 1042 πᾶσιν
1037 986 1444 1061 ὁμολογοῦντες
1500 982 1693 1054 ἔθνεσι,
1747 982 1841 1038 δα-

173 1085 315 1157 ψιλῆ
380 1084 594 1141 τὲκνοις
655 1079 933 1155 σφετέροις
993 1077 1081 1130 καὶ
1129 1076 1330 1149 γυναιξὶ
1377 1075 1675 1148 σιτηρέσια.
1711 1074 1840 1129 Εἶτα

172 1173 226 1228 δὲ
255 1178 385 1233 τοῖς
436 1164 694 1246 πρέσϐεσι
746 1164 1174 1241 προσελαύνουσι
1228 1165 1447 1237 πεμψας
1504 1162 1629 1223 τοὺς
1681 1163 1837 1216 ὑπαν-

171 1266 451 1333 τήσοντας
512 1260 586 1319 ὠς
637 1254 795 1325 δῆθεν
844 1256 933 1309 καὶ
985 1254 1130 1327 σφίσι
1175 1253 1269 1314 τὰς
1322 1250 1479 1313 ὁδοὺς
1542 1250 1836 1325 ὁδηγῆσαι,

171 1350 236 1405 δι’
270 1350 366 1404 ὅτι
417 1347 719 1421 δυσχώρων
778 1342 1091 1415 ἐξεπίτηδες
1140 1344 1323 1397 τόπων
1380 1341 1615 1402 ἐκείνους
1669 1336 1839 1394 διαϐι-

174 1437 369 1508 ϐάζειν
420 1437 775 1511 προσέταττε,
808 1431 902 1487 κᾶν
960 1452 1043 1495 τις
1095 1430 1407 1485 ἀποκναίων
1458 1428 1681 1505 ἐρωτῴη
1740 1430 1838 1497 τὴν

171 1526 525 1603 δυσχωρίαν,
557 1522 701 1579 οὕτω
762 1528 931 1576 πᾶσαν
994 1517 1141 1593 ἔχειν
1201 1522 1301 1587 τήν
1380 1526 1481 1587 τῆς
1537 1515 1838 1591 Ῥωμαίδος

164 1625 265 1694 γῆν
323 1616 744 1687 ἀποκρίνεσθαι,
779 1610 852 1671 ὡς
913 1608 1149 1681 ἑτοίμως
1199 1607 1439 1682 ἐχόντων
1477 1612 1555 1679 τῷ
1589 1609 1663 1679 μὴ
1699 1604 1837 1661 είδὲ-

168 1729 253 1763 ναι
317 1704 620 1760 πιστεύειν.
678 1702 828 1758 Ἐπεὶ
884 1696 942 1754 δὲ
988 1699 1077 1753 καὶ
1143 1698 1281 1772 πρὸς
1358 1696 1584 1772 βασιλέα
1652 1694 1839 1750 πολλὰ

1948 536 2097 593 τὲλει
2127 540 2215 593 καὶ
2249 545 2325 611 τῷ
2364 540 2580 615 βασιλεῖ
2628 541 2768 616 πρός
2820 542 3073 616 α’ίματος,
3108 544 3305 608 πάντας
3353 548 3487 619 πρὸς
3542 550 3603 602 τὸ

1956 627 2374 704 μεγαλειότερον
2428 629 2847 704 ἐσκευασμένους
2916 635 3002 687 καὶ
3061 634 3287 697 στολαῖς
3354 636 3440 689 καὶ
3492 658 3603 709 γενο

1950 718 2083 789 ναίῳ
2130 725 2228 787 τῆς
2276 722 2466 794 ψυχῆς
2516 723 2923 794 παραστήματι,
2968 724 3040 783 ὡς
3090 723 3280 778 αὐτίκα
3327 725 3419 779 τὸν
3464 728 3600 780 κατά

1950 804 2120 867 πόδας
2181 806 2538 878 λαπάξοντας,
2570 807 2843 873 πολλάκις
2893 809 3128 873 διιόντας
3178 812 3228 882 ἐξ
3281 812 3498 888 ἀφανῶν
3545 814 3596 875 ἐς

1948 897 2111 951 ταυτὸ
2173 896 2519 970 ξυμπίπτειν,
2552 898 2625 959 ὡς
2682 898 2808 961 τοὺς
2867 899 3065 961 αὐτοὺς
3147 902 3239 973 μὲν
3302 902 3430 956 εἶναι
3483 908 3600 964 ταῖς

1949 983 2256 1055 ἀληθείαις,
2290 983 2465 1041 δοκεῖν
2500 984 2544 1040 δ’
2575 985 2780 1049 ἄλλους
2814 988 2901 1042 καὶ
2937 987 3144 1051 ἄλλους
3197 990 3287 1044 καὶ
3325 990 3600 1063 μηδέποτε

1948 1075 2075 1135 τοὺς
2154 1074 2372 1145 αὐτοὺς,
2429 1076 2630 1151 τρόπον
2713 1075 3063 1133 δακτυλιδίου
3140 1077 3437 1153 σφενδόνην
3520 1083 3596 1153 μή

1950 1162 2199 1239 ἔχοντος,
2232 1162 2296 1233 ἤν
2331 1186 2413 1226 τις
2440 1164 2699 1239 βούλοιτο
2734 1164 2815 1220 ἐπ’
2848 1167 3051 1221 ἐκείνου
3105 1169 3167 1221 τὸ
3211 1168 3473 1242 πρότερον
3505 1172 3593 1224 καὶ

1947 1254 2008 1307 τὸ
2058 1251 2276 1328 ὕστερον
2331 1256 2574 1329 Οεωρεῖν,
2602 1254 2677 1316 ὡς
2720 1254 2781 1309 τὸ
2832 1255 2960 1310 αὐτὸ
3008 1258 3101 1329 μὶν
3136 1255 3409 1321 πολλάκις
3454 1258 3595 1331 λαμ-

1949 1338 2247 1415 ϐανόμενον
2304 1344 2464 1413 εἶναι,
2527 1341 2704 1399 δοκεῖν
2759 1342 2804 1398 δ’
2861 1342 3044 1417 ἕτερον
3118 1345 3187 1419 τῇ
3256 1344 3573 1421 μεταλλαγῇ

1947 1431 2118 1487 Αὐτὸν
2158 1429 2212 1485 δὲ
2247 1432 2545 1506 βασιλικῶς
2603 1432 2950 1505 ἐσταλμένον,
2990 1434 3159 1506 μηδὲν
3193 1436 3299 1489 τῶν
3350 1430 3595 1513 φοϐερῶν

1946 1518 2293 1587 ἐλλείποντα,
2322 1519 2431 1575 ἄνω
2463 1542 2569 1575 που
2608 1523 2875 1590 καθῆσθαι
2926 1521 3134 1593 σπᾶοην
3186 1523 3418 1598 φέροντα
3473 1530 3593 1585 ταῖς

1947 1608 2128 1684 χερσὶ,
2180 1607 2377 1684 βήλοις
2424 1630 2483 1663 τε
2530 1606 2857 1665 πολυτελέσι
2909 1607 3447 1686 περικεκλεισμένον,
3503 1612 3598 1668 ὅλ-

1949 1696 2062 1752 λων
2107 1698 2195 1752 καὶ
2250 1699 2427 1755 αὐτῶν
2476 1694 2722 1776 φοϐερῶν
2774 1696 3228 1774 περιισταμένων,
3261 1702 3460 1756 ἱκανῶν
3513 1698 3597 1757 ὅν-

164 1798 503 1855 πονὲσαντες
581 1790 1004 1866 παραγένοιντος
1088 1785 1287 1855 τηνίκα
1360 1786 1449 1840 καὶ
1526 1783 1649 1840 ἄλλ’
1710 1783 1839 1840 ἄττα
1870 1805 1917 1870 Β
1946 1809 2052 1842 των
2086 1786 2174 1841 καὶ
2205 1786 2413 1841 τούτων
2446 1787 2784 1859 καταπλῆξαι
2815 1790 2907 1843 τὸν
2964 1790 3175 1863 ὁρῶντα
3204 1791 3321 1844 καθ’
3346 1790 3593 1853 ἑαυτοὺς.

166 1880 389 1963 φοϐερᾶ
420 1880 635 1936 ὑπενόει
670 1879 746 1941 ὠς
794 1875 984 1932 αὐτίκα
1026 1875 1117 1930 καὶ
1167 1874 1227 1929 ἐκ
1271 1881 1370 1944 τῆς
1401 1874 1523 1938 θεας
1553 1868 1832 1951 φοϐήσων.

162 1962 471 2029 Ἐπέταττε
529 1969 633 2045 γάρ
690 1969 788 2029 τὰς
843 1964 1099 2038 δυνάμεις
1164 1964 1215 2019 ἐν
1278 1962 1459 2035 ταυτῷ
1538 1962 1833 2034 συνελθεῖνς

163 2064 255 2119 καὶ
293 2058 663 2120 ὁπλισθέντας
711 2058 847 2111 κατά
898 2057 1140 2133 φρήτρας
1186 2053 1275 2107 καὶ
1330 2050 1475 2129 φῦλα
1518 2052 1606 2106 καὶ
1638 2051 1833 2123 τάξεις,

162 2153 212 2207 ἐν
274 2155 482 2210 ποσοῖς
538 2168 650 2202 τισι
703 2166 811 2199 των
872 2142 1013 2198 ὁδῶν
1082 2141 1441 2215 διαστήμασιν
1518 2141 1835 2213 ἱσταμένους

160 2241 593 2318 καταφράκτους
626 2232 857 2305 σιδήρῳ,
890 2226 1058 2308 φόὸον
1092 2232 1229 2285 νατᾶ
1277 2228 1499 2292 παιδιάς
1560 2229 1831 2302 ἐμποιεῖν.

164 2430 554 2490 dissimulata
605 2426 916 2483 formidine
967 2424 1124 2496 ipsos
1174 2423 1393 2479 fallere.
1447 2424 1523 2478 Ac
1578 2422 1835 2494 primum

166 2522 337 2578 misit
380 2524 573 2575 certos
607 2515 877 2571 homines
910 2514 1011 2585 qui
1044 2513 1387 2568 nuntiarent
1432 2512 1490 2567 in
1538 2513 1835 2567 Persidem

167 2613 583 2667 Romanorum
616 2607 1027 2677 imperatorem
1060 2618 1403 2674 comparare
1442 2603 1591 2658 185
1631 2603 1729 2657 sed
1766 2602 1836 2656 ad

170 2698 542 2757 movendum
563 2696 622 2749 in
646 2711 746 2750 eos
765 2693 997 2748 infestis
1021 2690 1227 2763 signis.
1254 2690 1322 2745 Hi
1356 2690 1456 2745 alii
1489 2705 1666 2761 super
1691 2689 1838 2744 alios

165 2790 331 2845 varie
365 2785 759 2842 mittebantur
784 2798 961 2853 quam
982 2780 1370 2848 velocissime,
1390 2796 1521 2834 cum
1544 2778 1838 2833 mandatis

175 2889 549 2948 magnopere
562 2870 875 2927 extollendi
896 2867 1139 2924 Romani
1166 2867 1396 2939 imperii
1425 2866 1742 2937 potentiam
1756 2870 1841 2935 ,ut

174 2968 462 3022 resistere
486 2960 650 3017 nulla
675 2958 944 3031 quamvis
973 2958 1090 3012 fera
1113 2962 1169 3012 et
1191 2972 1508 3011 numerosa
1538 2971 1681 3026 gens
1704 2972 1838 3026 pos-

170 3056 272 3121 sit,
312 3056 373 3107 in
398 3066 586 3123 eaque
605 3046 996 3105 afﬁrmatione
1021 3062 1197 3117 quam
1218 3044 1627 3100 efﬁcacissime
1650 3043 1836 3098 incul-

171 3137 734 3204 candainsistendi,
781 3136 972 3207 quoad
1016 3134 1191 3188 ﬁdem
1238 3134 1513 3189 facerent.
1548 3132 1728 3203 Cujus
1756 3131 1834 3187 rei

170 3230 443 3305 periculo
478 3246 551 3284 ne
583 3229 1035 3292 deterrerentur,
1062 3225 1360 3296 provisum
1385 3227 1510 3277 erat
1541 3222 1835 3293 magnitu-

172 3324 312 3377 dine
338 3319 644 3394 promissze
663 3311 1725 3383 mercedis.Constituebanturquippe
1747 3312 1837 3367 his

172 3414 273 3485 qui
308 3412 493 3467 istam
528 3423 765 3481 operam
799 3405 1131 3477 reipublicae
1168 3404 1465 3461 navabant
1499 3401 1697 3474 ampla
1747 3403 1841 3457 de-

174 3517 387 3557 mensa
418 3503 473 3555 et
506 3497 741 3570 publico
770 3500 825 3551 et
845 3498 1011 3549 statas
1035 3497 1431 3564 perpetuoque
1454 3492 1749 3546 duraturae
1780 3491 1837 3544 in

176 3592 470 3647 alimenta
503 3587 840 3661 pensiones,
875 3584 1093 3656 quibus
1125 3584 1172 3638 si
1206 3582 1344 3653 quid
1382 3581 1750 3646 humanitus,
1776 3584 1841 3635 ut

176 3684 234 3737 in
263 3678 604 3752 periculoso
634 3676 982 3744 ministerio,
1029 3673 1147 3745 pati
1181 3672 1546 3743 contingeret
1594 3688 1693 3726 eos
1740 3672 1838 3741 qui

180 3770 550 3833 meruerant,
585 3780 793 3819 uxores
844 3763 1107 3833 ipsorum
1150 3760 1437 3831 liberique
1484 3759 1837 3814 fruerentur.

184 3856 340 3911 Alios
368 3853 552 3909 etiam
578 3848 892 3905 destinavit
924 3849 984 3902 in
1026 3863 1339 3904 occursum
1373 3846 1703 3918 legatorum
1738 3848 1838 3917 qui

182 3945 589 4001 monstrarent
620 3940 731 3995 iter
783 3956 795 3991 :
846 3938 947 3993 sed
995 3936 1086 3991 his
1134 3938 1407 4009 praecepit
1434 3941 1495 3991 ut
1527 3953 1624 3992 eos
1658 3937 1727 3992 de
1757 3936 1841 3992 in-

179 4035 416 4091 dustria
449 4050 553 4105 per
583 4031 708 4086 loca
742 4029 994 4084 maxime
1018 4044 1219 4099 aspera
1242 4027 1513 4098 inviaque
1538 4029 1838 4100 ducerent,

180 4128 537 4181 excusantes
562 4120 665 4176 soli
699 4125 965 4174 naturam
991 4122 1045 4171 et
1065 4116 1469 4171 difﬁcultatem
1494 4117 1840 4177 situs.inde-

184 4233 294 4287 que
324 4217 570 4285 captata
602 4209 906 4265 occasione
938 4208 1422 4262 commendantes
1455 4206 1612 4262 istud
1644 4208 1838 4279 ipsum

184 4305 327 4376 ipsis
349 4301 640 4359 cxibitum
678 4298 936 4353 ofﬁcium
970 4300 1250 4367 tanquam
1295 4296 1840 4368 videlicetimpera-

181 4402 269 4449 ter
300 4392 513 4448 audito
553 4389 789 4443 illorum
822 4389 1097 4452 adventu,
1131 4390 1186 4441 et
1216 4387 1487 4441 conscius
1508 4386 1841 4457 asperitatis

183 4484 490 4547 itinerum,
518 4478 703 4532 multa
725 4475 1084 4547 benignitate
1111 4475 1310 4530 obvios
1335 4476 1441 4529 ded
1455 4481 1679 4531 uctorcs
1700 4474 1839 4528 viae-

189 4588 297 4643 que
322 4570 557 4624 indices
579 4565 823 4620 miserit.
844 4566 1360 4635 Admonueratque
1384 4570 1447 4617 ut
1470 4565 1516 4618 si
1538 4563 1670 4634 quis
1691 4563 1838 4619 forte
1872 4548 1918 4609 D

189 4663 517 4732 legatorum
542 4657 693 4711 inter
711 4670 860 4727 aegre
887 4653 1221 4724 superanda
1249 4653 1568 4725 prazcipitia
1609 4654 1842 4723 rupium

184 4758 241 4806 et
269 4750 539 4805 saltuum
565 4745 838 4817 perplexa
858 4744 1120 4799 offensus
1140 4747 1604 4815 percontaretur,
1640 4744 1842 4813 ecquis

186 4841 270 4895 vel
320 4840 500 4909 longo
545 4836 796 4892 circuitu
850 4834 1029 4906 qumri
1083 4838 1277 4906 posset
1306 4833 1442 4887 alibi
1478 4835 1841 4887 commodior

188 4930 844 4998 transitus,constantes
868 4928 1309 4995 concordesque
1326 4927 1725 4978 asseverarent
1741 4940 1842 4976 nu-

190 5016 740 5091 equamquidquam
774 5012 1139 5069 tolerabilius
1172 5013 1528 5084 sperandum
1578 5029 1588 5065 :
1625 5011 1841 5082 ubique

188 5109 343 5164 enim
397 5105 676 5162 similiter
701 5106 1054 5174 praeruptam
1109 5102 1575 5173 impeditamque
1623 5106 1839 5156 terram

189 5198 515 5252 Romanam
574 5209 722 5255 esse,
788 5191 896 5246 hoc
950 5191 1244 5262 siquidem
1301 5191 1467 5247 facile
1516 5190 1839 5245 credituros

189 5286 463 5340 audacter
492 5280 787 5353 indigenis
820 5279 1254 5334 afﬁrmantibus
1294 5296 1532 5350 peregre
1557 5279 1839 5350 appulsos

194 5377 472 5432 barbaros
494 5373 567 5427 ob
596 5370 989 5426 necessariam
1011 5370 1431 5441 ignorationem
1456 5374 1575 5424 tam
1602 5369 1836 5440 longin-

188 5481 313 5530 quae
352 5460 631 5533 regionis.
657 5461 1138 5529 Quandocumque
1178 5464 1373 5513 autem
1423 5465 1551 5529 post
1585 5458 1835 5512 multum

196 5552 447 5622 denique
478 5549 738 5604 laborem
768 5548 837 5601 ad
881 5548 1295 5617 imperatorem
1322 5548 1710 5618 pervenirent,
1744 5564 1839 5601 ex-

193 5641 545 5709 cogitaverat
607 5636 845 5689 modum
902 5636 1233 5705 ohjectandi
1295 5636 1378 5689 eis
1430 5636 1547 5690 illic
1600 5652 1835 5691 scenam

1950 1876 2091 1931 οὕτω
2115 1881 2289 1931 ποιεῖν
2326 1877 2685 1951 χρηματίζειν
2745 1882 2861 1939 τοῖς
2918 1873 3194 1951 πρὲσϐεσι,
3230 1879 3436 1955 μακράν
3499 1882 3593 1952 μὲν

1948 1962 2279 2038 ἱσταμένοις,
2321 1966 2444 2020 ὅσον
2507 1964 2735 2035 εἰκάζειν
2784 1966 2874 2020 τὸν
2930 1962 3157 2041 βασιλέα
3206 1967 3296 2021 καὶ
3347 1968 3473 2041 ὁρᾷν
3526 1970 3594 2023 τὰ

1949 2052 2220 2129 δρώμενα,
2250 2054 2497 2131 ἐξαίφνης
2554 2054 2600 2109 δ’
2650 2054 2702 2125 ἐξ
2746 2052 2955 2125 ἀδήλου
3001 2060 3108 2111 τῶν
3158 2057 3592 2132 παραπετασμά-

1946 2164 2053 2197 των
2114 2138 2532 2217 διανοιχθέντων
2585 2142 2758 2205 οὕτως
2818 2143 3117 2220 ἐηενέσθαι
3177 2146 3322 2220 σφίσι
3370 2141 3591 2219 βλέπειν

1945 2233 2036 2286 τὸν
2100 2230 2325 2305 βασιλέα
2375 2232 2461 2287 ἐπὶ
2518 2237 2614 2287 τοῦ
2675 2235 2871 2308 Ορύνου
2931 2231 3079 2307 μάλα
3138 2229 3592 2309 σοϐαρευόμενον,

1948 2424 2119 2495 plane
2159 2424 2498 2493 terriﬁcam,
2554 2440 2800 2496 quasque
2850 2426 3011 2497 ipsos
3060 2425 3385 2496 quamlibet
3441 2428 3594 2483 feros

1952 2513 2138 2585 primo
2162 2518 2399 2584 aspectu
2424 2513 2780 2582 percelleret.
2804 2518 3159 2585 Praeceperat
3182 2514 3337 2569 enim
3377 2516 3593 2571 exerci-

1948 2606 2073 2656 tum
2099 2602 2404 2657 convenire
2428 2602 2793 2672 universum,
2828 2619 3149 2675 omnesque
3176 2603 3390 2658 milites
3412 2620 3597 2659 arma-

1949 2696 2042 2747 tos
2081 2708 2183 2763 per
2224 2692 2579 2762 manipulos,
2622 2693 2917 2763 cohortes,
2949 2694 3232 2765 legiones,
3268 2695 3511 2750 structis
3540 2699 3596 2749 et

1953 2780 2197 2852 digestis
2228 2781 2553 2847 ordinibus,
2579 2783 2648 2837 ad
2670 2786 2827 2838 certa
2854 2783 3081 2839 viarum
3126 2783 3435 2839 intervalla
3472 2788 3592 2839 sta-

1950 2870 2210 2926 tionibus
2243 2871 2569 2942 descriptis,
2612 2888 2894 2945 apparere
2919 2873 3327 2944 cataphractos
3351 2877 3408 2928 et
3438 2877 3591 2928 totos

1951 2960 2210 3030 rigentes
2234 2962 2405 3029 ferro,
2442 2962 2684 3033 insuper
2703 2962 2955 3017 monitos
2988 2966 3055 3017 ut
3080 2967 3265 3017 artem
3316 2962 3597 3016 adderent

1954 3050 2205 3120 negotio,
2235 3050 2645 3120 eﬁ‘erandaque
2686 3050 2819 3105 daia
2848 3067 3025 3121 opera
3057 3050 3433 3106 contumacia
3452 3067 3593 3121 qua-

1948 3138 2080 3193 dam
2103 3138 2219 3193 oris
2252 3155 2315 3193 ac
2347 3138 2795 3210 superciliorum
2830 3138 3003 3193 minis
3037 3139 3205 3209 quasi
3247 3155 3350 3210 per
3379 3137 3588 3193 ludum

1953 3228 2330 3284 formidinem
2360 3229 2983 3300 augerent.Senatores
3012 3245 3244 3301 quoque
3262 3236 3498 3284 cunclos
3527 3246 3593 3283 ac

1948 3320 2238 3387 quotquot
2262 3319 2296 3371 1
2313 3317 2413 3372 36
2438 3318 2493 3371 in
2524 3316 2815 3389 praecipua
2838 3317 3126 3389 dignitate
3161 3321 3328 3372 erant
3347 3333 3588 3388 praeser-

1949 3407 2053 3463 tim
2081 3406 2420 3477 imperatori
2444 3406 2753 3477 sanguinis
2776 3406 3093 3479 principes,
3126 3408 3383 3478 jusserat
3414 3424 3591 3477 quam

1951 3495 2261 3566 magniﬁce
2289 3512 2354 3552 ac
2385 3494 2821 3567 speciosissime
2848 3496 3093 3551 vestitos
3125 3495 3435 3568 perculiari
3457 3512 3598 3550 cura

1952 3586 2323 3655 majestatem
2358 3602 2423 3640 ac
2440 3586 2655 3640 fastum
2676 3585 2967 3654 affectare,
2992 3585 3109 3640 imo
3133 3585 3395 3639 trucibus
3411 3584 3594 3640 oculis

1951 3674 2233 3746 vultuque
2255 3674 2404 3729 irato
2432 3675 2584 3729 feros
2616 3674 2861 3745 spiritus
2887 3691 3001 3745 pra:
3026 3691 3087 3729 se
3114 3674 3261 3729 ferre
3283 3674 3441 3729 velut
3464 3691 3595 3728 mox

1952 3764 2281 3819 obtrituros
2347 3780 2761 3835 quemcunque
2792 3768 3220 3829 occurrentem,
3255 3762 3457 3834 sicque
3517 3763 3599 3817 ire

1955 3854 2259 3923 redireque
2273 3852 2815 3923 saepius,ostentare
2847 3867 2907 3906 se
2926 3868 3249 3923 rursusque
3277 3850 3592 3918 occultare,

1952 3944 2274 4014 statimque
2306 3944 2495 3998 den-.20
2536 3941 2776 4011 intrare,
2802 3946 2867 3996 ut
2888 3942 2986 3997 alii
3011 3942 3224 4012 aliique
3258 3943 3595 3997 viderentur

1951 4039 2008 4091 et
2031 4050 2312 4088 numerus
2333 4033 2388 4087 in
2421 4032 2675 4103 speciem
2702 4036 3005 4087 cresceret.
3040 4032 3202 4086 Sicut
3224 4031 3377 4086 enim
3403 4047 3589 4085 annu-

1954 4128 2073 4178 lum
2110 4122 2242 4194 pala
2265 4126 2555 4178 carentem
2579 4121 2677 4193 qui
2697 4121 2953 4176 secundo
2972 4120 3314 4175 videtfacile
3342 4119 3592 4175 alterum

1953 4211 2157 4279 credit,
2191 4210 2407 4281 quippe
2450 4226 2561 4264 non
2597 4209 2906 4263 habentem
2941 4224 3054 4279 quo
3087 4208 3458 4263 discernatur
3491 4210 3593 4261 aut

1953 4300 2108 4355 unde
2156 4299 2386 4368 judicet
2452 4301 2745 4368 spectator
2775 4297 3047 4351 eumdem
3099 4313 3281 4350 unum
3341 4296 3597 4352 secundo

1953 4390 2194 4446 tertiove
2226 4388 2403 4457 sumi,
2439 4403 2619 4459 quare
2653 4386 2734 4440 illi
2761 4385 2927 4440 facile
2960 4388 3348 4457 persuadetur
3380 4386 3596 4442 multos

1952 4496 2079 4536 esse
2112 4480 2283 4550 plane
2327 4477 2549 4532 similes
2592 4476 2704 4532 sibi
2753 4477 3156 4543 succedentes,
3208 4476 3290 4531 ita
3338 4493 3591 4547 pronum

1950 4572 2073 4624 erat
2093 4571 2320 4623 exteros
2351 4565 2668 4620 intrantem
2704 4564 2761 4618 in
2796 4562 2991 4619 aulam
3037 4564 3489 4634 oll'erentemque
3532 4579 3593 4619 se

1951 4657 2200 4712 subinde
2246 4660 2575 4709 senatorem
2626 4658 2728 4709 aut
2777 4653 3102 4725 principem
3154 4654 3429 4708 eumdem
3489 4670 3591 4723 pro

1949 4742 2193 4798 diversis
2226 4758 2475 4796 sumere.
2512 4742 2685 4795 Porro
2734 4741 2861 4811 ipse
2910 4740 3301 4812 imperatoriis
3334 4740 3595 4795 vestibus

1950 4832 2201 4888 maxime
2235 4832 2503 4902 angustis
2537 4830 3019 4902 splendidissime
3051 4835 3295 4886 ornatus
3323 4830 3596 4901 praecelso

1949 4922 2213 4977 residens
2245 4921 2409 4989 solio,
2446 4920 2753 4975 minaciter
2782 4920 3052 4991 supinus.
3082 4920 3244 4975 vultu
3298 4936 3365 4976 ac
3410 4922 3594 4975 fronte

1948 5027 2231 5067 terrorem
2261 5010 2647 5081 spirantibus,
2680 5026 2881 5064 ensem
2933 5010 3267 5065 districtum
3297 5028 3477 5065 manu
3511 5010 3592 5064 vi-

1949 5104 2123 5156 brans
2159 5101 2373 5155 latebat
2397 5102 2547 5155 intra
2575 5105 2803 5170 septum
2829 5099 2968 5154 velis
2994 5100 3251 5171 undique
3293 5101 3559 5172 pretiosis
3578 5131 3595 5142 ο

1950 5191 2115 5246 simis
2139 5191 2416 5262 oppansis
2441 5191 2726 5254 clausura,
2748 5208 2858 5245 non
2896 5191 3091 5245 statim
3112 5193 3467 5262 conspicuus
3493 5192 3591 5244 ad-

1952 5280 2257 5334 mittendis
2280 5280 2335 5333 in
2353 5279 2570 5342 aulam,
2590 5297 2713 5350 qua:
2738 5278 2869 5332 aliis
2892 5280 3047 5335 varie
3071 5282 3260 5335 cincta
3301 5280 3591 5335 terriculis

1952 5371 2103 5425 haud
2130 5371 2309 5425 dubia
2336 5370 2645 5424 formidine
2678 5370 2985 5440 perfusum
3014 5376 3134 5425 erat
3153 5369 3590 5441 quantumlibet

1952 5466 2322 5515 constantem
2380 5461 2780 5530 audacemque
2824 5464 3231 5530 spectatorem.
3268 5460 3592 5514 Traductos

1955 5567 2055 5620 per
2080 5550 2252 5604 istam
2278 5555 2565 5605 terrorum
2598 5566 2868 5620 pompam
2897 5549 2948 5601 in
2979 5548 3102 5620 ipso
3131 5552 3444 5619 conspectu
3478 5546 3587 5601 veli

1949 5640 2227 5694 thronum
2264 5640 2487 5713 regium
2538 5638 2789 5711 tegentis
2840 5656 3002 5693 mora
3037 5638 3400 5710 longiuscula
3440 5638 3590 5694 dcti-
