4018 6198
490 309 602 370 575

1795 303 2099 362 GEORGII
2135 305 2598 362 PACHYMERIE
3732 315 3815 373 576

492 434 652 510 ὀλίγα
678 454 735 488 τε
761 431 929 487 εἰπεῖν
955 428 1045 484 καὶ
1096 428 1322 484 ἀκοῦσαι
1382 425 1893 503 μεταξυλογούντων
1946 433 2133 502 τινῶν,
2165 429 2216 497 Α
2248 427 2382 482 σπὶτα
2411 423 2670 498 λαϐόντα,
2703 427 3028 503 προσέταττε
3071 427 3163 484 τὸν
3197 427 3433 502 πόλεμον
3477 433 3600 505 πρὸς
3651 434 3808 495 ἐκεῖνον

487 521 696 603 φοϐερὰ
742 521 800 577 δὲ
845 520 934 576 καὶ
982 524 1152 576 ταῦτα
1198 517 1484 589 δοκοῦντα,
1519 520 1592 582 ὡς
1646 520 1810 592 μόνον
1865 517 2135 595 λεγόμενα

486 611 851 684 καταπλῆξαι.
911 610 1008 665 Καὶ
1071 609 1242 672 οὕτως
1301 608 1384 664 ἐπ’
1441 607 1628 682 ὀλίγον
1689 607 2136 683 ἀφοσιωσάμενον

483 701 578 758 τὸν
647 700 1066 776 χρηματισμὸν,
1117 699 1432 772 ἀποπέμπει
1484 695 1573 753 διὰ
1627 703 1736 753 τῶν
1804 697 1981 752 αὐτῶν
2042 697 2132 752 καὶ

485 789 652 846 πάλιν
713 787 1040 865 δυσχωριῶν
1097 793 1214 851 τοῖς
1270 785 1499 862 ὁδηγοῖς
1557 787 2018 864 έπαναγομένους.
2053 787 2136 845 Τὰ

483 887 619 959 γοῦν
666 881 906 958 πρότερα
948 881 1100 937 ταῦτ’
1149 883 1306 950 ἦσαν,
1350 879 1440 935 καὶ
1499 878 1640 934 οὕτω
1710 877 1954 941 δεδιότας
2015 879 2132 951 ξυν-

483 967 692 1027 έϐαινεν
742 965 1053 1048 ἀντιφοϐεῖν
1102 968 1161 1024 ἐκ
1209 966 1471 1030 συνέσεως
1506 985 1519 1000 °
1552 967 1674 1023 τότε
1700 966 1746 1022 δ’
1777 967 2004 1041 ὁμαλῶς
2043 969 2133 1022 καὶ

479 1061 662 1132 ἠπίως
691 1061 828 1116 πάνυ
858 1059 1181 1135 ἐπεχείρουν
1210 1053 1594 1132 πρεσϐεύεσθαι
1633 1059 1727 1130 μὲν
1760 1056 1842 1112 ἐπ’
1874 1056 2134 1128 ἐκείνους,

482 1151 683 1214 ἐκεῖθεν
717 1147 774 1205 δὲ
803 1145 1056 1224 πρέσϐεις
1090 1145 1362 1224 δέχεσθαι,
1388 1148 1464 1210 ὡς
1483 1145 1676 1203 αὐτίκα
1706 1146 1793 1202 καὶ
1825 1149 1960 1202 κατά
1988 1144 2132 1217 κήδη

485 1236 799 1295 σπένδεσθαι
836 1237 1082 1312 μελετᾷν.

487 1355 587 1412 κς’.
622 1346 750 1422 Περὶ
803 1349 938 1422 τῶν*
960 1345 1115 1422 κατὰ-
1143 1343 1291 1399 δύσιν
1315 1343 1458 1422 Α’Δκαὶ
1496 1342 1658 1422 ,ὅπως
1709 1347 1917 1419 Καῖσαρ
1967 1362 2136 1418 προσ-

879 1412 1070 1473 έϐαλεν
1098 1416 1158 1472 ἐκ
1185 1414 1429 1491 παρόδου
1455 1421 1522 1490 τῇ
1549 1416 1732 1472 πόλει.

552 1505 713 1566 Οὕτω
771 1505 829 1562 δὲ
875 1511 985 1562 τῶν
1033 1513 1137 1575 τῆς
1183 1503 1456 1574 ἀνατολῆς
1493 1509 1672 1580 μερῶν
1720 1505 2132 1578 κρατυνομένων

479 1600 568 1654 καὶ
619 1599 739 1654 κατ’
768 1594 996 1659 ἐλπίδας
1046 1597 1267 1670 ἀγαθὰς,
1313 1594 1598 1662 ὅντων,τὰ
1638 1597 1774 1650 κατᾶ
1835 1593 1985 1651 δύσιν
2041 1596 2133 1650 καὶ

479 1687 632 1749 αὖθις
665 1686 983 1760 έκύμαινον.
1015 1687 1077 1744 Ὀ
1104 1687 1206 1762 γὰρ
1239 1683 1507 1756 δεσπότης
1547 1684 1780 1760 Μιχαὴλ
1807 1687 1896 1758 {P.
1926 1686 2018 1759 89]
2054 1685 2128 1758 μὴ

2242 516 2483 594 ἐκφέρειν
2521 538 2532 550 ·
2567 517 2683 573 ἐπεὶ
2716 515 2773 574 δὲ
2801 520 2888 574 καὶ
2924 521 2975 574 οἱ
3009 519 3114 574 ἀπὸ
3160 525 3260 588 τῆς
3305 518 3584 592 Σικελικῆς
3629 525 3814 601 ρηγιχῇς

2245 607 2484 679 ἐξουσίας
2516 606 2702 663 πολλὰ
2733 611 2838 662 τῶν
2867 608 3155 684 Ἱλλυριῶν
3204 609 3291 664 καὶ
3337 615 3436 678 τῆς
3475 612 3587 676 νέας
3614 614 3816 694 Ἠπείρου

2243 697 2815 774 προσεσφετερίσαντο,
2857 699 3062 771 πέμπει
3108 697 3322 754 κάκεῖσε
3367 698 3490 762 τοὺς
3537 702 3816 779 ἀντιταξομέ.

2241 807 2386 849 νους.
2403 788 2506 844 Καὶ
2535 785 2602 857 δὴ
2625 794 2706 861 τῷ
2727 788 2954 864 Καίσαρι
2989 789 3214 862 Ἀλεξίῳ
3244 790 3304 844 τὸ
3328 792 3578 854 Σκυθικὸν
3600 794 3817 869 παραδοὺς

2244 879 2337 932 σὺν
2371 877 2432 932 οὐ
2462 876 2698 940 πολλοῖς
2733 877 2929 942 ἄλλοις
2957 883 3176 955 πρῶτον
3207 880 3342 954 πρὸς
3387 881 3587 954 Θρᾴκην
3632 882 3820 959 έξώρμα,

2241 968 2310 1022 τὰ
2358 969 2494 1023 κατά
2539 969 2637 1037 τήν
2668 966 2987 1044 Ὀρεστιάδα
3037 967 3223 1030 καλῶς
3273 970 3349 1031 ὡς
3391 971 3502 1044 εἶχε
3556 968 3819 1048 διαθησόμε.

2242 1079 2358 1130 νον,
2409 1057 2461 1112 ἐν
2521 1055 2757 1133 δευτέρῳ
2808 1059 3030 1114 κάκεῖνα
3085 1059 3389 1130 τιθέμενος.
3443 1060 3518 1116 Τὸ
3555 1061 3643 1137 γάρ
3683 1064 3820 1120 Bonl.

2245 1149 2470 1223 γαρικὸν
2511 1147 2608 1203 οὐκ
2652 1146 2847 1216 ἤθελεν
2907 1149 3159 1223 ἠρεμεῖν,
3207 1147 3298 1203 καὶ
3362 1147 3564 1220 μᾶλλον
3618 1153 3714 1207 κατ’
3755 1149 3822 1229 ἕχ-

2244 1240 2373 1314 θραν
2413 1238 2502 1292 καὶ
2558 1242 2714 1310 μῖσος
2763 1238 2825 1292 τὸ
2874 1238 3010 1306 πρὸς
3065 1235 3318 1310 βασιλέα,
3348 1244 3448 1308 τῆς
3495 1241 3694 1314 πρώτης
3734 1247 3816 1297 τῶν

2246 1329 2550 1403 θυγατέρων
2609 1331 2706 1381 τοῦ
2764 1325 3002 1402 Λάσκαρι
3083 1323 3372 1402 Θεοδώρου
3448 1327 3533 1382 καὶ
3605 1328 3820 1402 βασιλέως

2243 1418 2483 1493 Εἰρήνης
2512 1418 2604 1472 τὸν
2655 1416 2884 1491 σύζυγον
2928 1421 3366 1484 Κωνσταντῖνον,
3399 1417 3455 1471 ’ὸν
3513 1419 3595 1472 καὶ
3642 1417 3821 1495 βασιλέα

2243 1508 2578 1584 Βουλγάρων
2627 1509 2654 1563 6
2705 1506 2871 1582 λόγος
2919 1503 3148 1576 ἐδείκνυ,
3201 1504 3353 1580 μάλα
3401 1508 3605 1582 θερμῶς
3652 1507 3823 1584 ἐξοτρυ.

2241 1597 2442 1668 νούσης
2491 1601 2695 1653 κακοῦν
2765 1598 2866 1666 τῆν
2934 1597 3143 1672 χώραν,
3193 1595 3481 1651 ἀντίποινα
3529 1593 3670 1666 δῆθεν
3714 1599 3822 1652 ὧνὸ

2241 1685 2475 1761 ἀδελφὸς
2525 1687 2785 1756 Ἰωάννης
2836 1682 3063 1760 ἔπασχε.
3114 1689 3210 1757 Τῷ
3257 1689 3407 1760 γοῦν⁸
3441 1687 3645 1760 Καίσαρι
3693 1707 3820 1761 apos-

484 1777 728 1853 εὐχερῶς
774 1775 950 1866 φέρων
1001 1774 1359 1849 στερούμενος
1411 1779 1520 1830 τῶν
1572 1773 1845 1866 φρουρίων
1891 1775 1980 1829 καὶ
2026 1781 2128 1844 τῆς
2163 1801 2209 1866 Β
2239 1773 2566 1852 τεταγμένον
2625 1776 2692 1844 ἦν
2750 1777 2885 1850 πρὸς
2939 1774 3210 1850 βασιλέως
3289 1774 3549 1830 ἐπιστάντι
3605 1781 3704 1838 τοῖς
3747 1783 3822 1845 τῆς

485 1866 675 1942 χώρας
725 1863 1168 1938 ἀπεληλαμένος,
1199 1866 1261 1934 ἣν
1323 1866 1351 1919 6
1391 1865 1535 1926 θεῖος
1584 1863 1748 1920 αὐτοῦ
1801 1864 1890 1919 καὶ
1949 1865 2130 1938 πατήρ

487 1956 515 2009 6
574 1953 876 2029 Θεόδωρος,
936 1955 996 2017 ’ὸς
1072 1953 1162 2009 καὶ
1247 1951 1538 2029 βασιλικῆς
1595 1952 1944 2030 ἀναρῥήσεως
1999 1952 2134 2008 κατᾶ

487 2041 638 2100 δύσιν
687 2045 898 2117 ἠξιώθη
948 2044 1044 2099 τοῦ
1077 2041 1356 2119 Ἀρχιδῶν
1407 2043 1796 2105 ταινιώσαντος
1844 2037 2132 2113 Ἰακώϐου,

482 2131 676 2209 ἱδρῶσι
726 2131 1007 2189 πλείστοις
1058 2132 1149 2187 καὶ
1197 2133 1372 2207 σπάθῃ
1433 2130 1699 2195 έκσπάσας
1741 2136 1848 2188 τῶν
1901 2130 2130 2187 Ἰταλῶν

479 2229 598 2286 τοῖς
647 2220 809 2285 ἰδίοις
863 2223 1328 2297 προσεποιήσατο,
1357 2222 1564 2277 τούτων
1627 2224 1702 2294 μὴ
1756 2223 1932 2299 φέρων
1967 2223 2132 2277 ὁΜι-

480 2313 636 2390 ’χαήλ
689 2312 1048 2387 στερούμενος
1135 2308 1474 2384 ἀνελάμϐανέ
1553 2333 1612 2366 τε
1685 2312 1780 2373 τὰς
1848 2313 1986 2386 πρὸς
2040 2313 2129 2366 τὸν

491 2401 724 2480 βασιλέα
765 2403 1060 2474 συνθήκας,
1087 2402 1178 2456 καὶ
1225 2402 1292 2455 τὰ
1347 2401 1484 2456 κατᾶ
1512 2398 1660 2456 δύσιν
1695 2401 2132 2474 ὑποποιούμενος

487 2492 734 2568 εὐχερῶς
780 2491 923 2567 πρὸς
973 2489 1158 2544 ἑαυτὸν
1211 2488 1299 2544 διὰ
1335 2490 1398 2545 τὸ
1427 2491 1516 2544 καὶ
1548 2488 1734 2552 ἄλλως
1761 2495 1868 2546 τῶν
1902 2489 2132 2547 δυτικῶν

487 2579 802 2654 εύρίπιστον
848 2576 1055 2642 ἔπειθεν
1108 2577 1420 2632 ἀποκλίνειν
1469 2578 1641 2639 αὖθις.
1675 2578 1774 2632 Διά
1817 2582 1985 2634 ταῦτα
2039 2580 2132 2634 τὸν

491 2669 589 2744 μὶν
643 2665 909 2737 δεσπότην
962 2667 990 2720 6
1026 2664 1282 2741 βασιλεὺς
1308 2665 1591 2739 Ἰωάννην,
1623 2663 1832 2740 σπουδῇ
1877 2666 1943 2721 τὰ
1984 2689 2134 2745 φωσ-

483 2891 651 2949 nuit:
676 2893 800 2946 tum
827 2905 1155 2962 suspensus
1177 2885 1574 2958 expectatione
1610 2886 1866 2942 sollicita
1896 2892 2132 2958 repente

483 2979 684 3037 aulmis
706 2977 964 3048 undique
989 2975 1250 3032 reductis
1275 2979 1530 3047 angusta
1551 2973 1652 3030 illa
1674 2979 1731 3032 et
1760 2977 2032 3043 verenda,
2060 2977 2130 3032 de

483 3085 601 3141 qua
630 3068 770 3134 dixi,
805 3066 1118 3138 majestate
1152 3063 1666 3137 perculit;.jussos
1697 3064 1909 3121 dehinc
1939 3063 2130 3122 dicere

483 3176 611 3233 qua:
642 3159 856 3214 vellent
885 3154 1273 3227 contemptim
1332 3153 1490 3210 aliud
1531 3171 1706 3224 agens
1739 3154 1980 3224 audivit,
2005 3155 2130 3210 cui-

483 3250 620 3304 dam
649 3247 973 3304 identidem
1006 3244 1228 3316 aliquid
1256 3244 1320 3300 in
1352 3260 1554 3300 aurem
1582 3243 1983 3300 insusurranti
2004 3261 2130 3316 par-

482 3342 602 3394 tem
647 3335 991 3392 attentionis
1022 3333 1426 3389 commodans.
1462 3333 1568 3388 Ubi
1603 3338 1969 3405 perorarunt,
1997 3350 2130 3406 per-

479 3442 669 3500 pauca
697 3439 881 3496 eaque
913 3422 1164 3478 minacia
1183 3421 1506 3492 respondit.
1534 3425 1620 3477 Ita
1640 3422 1920 3479 dimissos
1941 3423 2129 3495 impe-

482 3517 574 3571 rat
593 3517 755 3568 extra
794 3511 1046 3566 limitem
1075 3527 1178 3582 per
1197 3511 1429 3566 easdem
1478 3511 1855 3582 confragosas
1889 3513 2039 3566 131
2076 3516 2133 3567 et

485 3605 806 3677 prmruptas
837 3601 963 3656 vias
995 3599 1151 3654 duci.
1187 3598 1247 3654 In
1284 3601 1438 3654 hunc
1471 3599 1714 3656 modum
1747 3603 1886 3656 tunc
1917 3599 2016 3656 illa
2039 3617 2133 3656 su-

484 3694 747 3764 spectam
773 3688 1168 3760 arrogantiam
1193 3687 1385 3760 gentis
1409 3688 1670 3744 barbarae
1690 3687 1968 3745 simulata
1991 3706 2131 3761 pru-

486 3781 693 3836 denter
726 3777 1003 3852 superbia
1023 3777 1333 3833 retundere
1357 3777 1591 3850 sategit,
1617 3776 1745 3833 utili
1788 3782 1916 3834 tum
1942 3778 2132 3834 consi-

487 3871 585 3928 lio.
617 3869 728 3927 Sed
761 3868 923 3926 aliud
980 3870 1185 3924 secuta
1233 3871 1368 3940 post
1416 3870 1684 3938 tempora
1716 3874 2130 3940 poposcerunt.

486 3961 674 4026 Quare
705 3975 820 4015 non
855 3957 1051 4013 minus
1076 3956 1373 4028 sapienter
1397 3955 1496 4028 qui
1521 3961 1722 4027 postea
1744 3957 2132 4029 imperarunt,

484 4049 773 4106 Tocharos
790 4044 1525 4119 etexceperuntvenientes
1547 4045 1868 4102 humanius
1883 4051 1938 4101 et
1963 4047 2131 4102 vicis-

490 4139 600 4195 sim
626 4136 966 4194 honorilicis
988 4135 1378 4207 legationibus
1401 4138 1820 4204 convenerunt,
1853 4134 2012 4190 omni
2035 4152 2134 4190 eos

489 4229 710 4284 ratione
747 4227 857 4283 sibi
889 4224 1201 4282 consiliare
1224 4228 1558 4295 satagentes
1590 4228 1648 4280 et
1699 4224 1912 4280 foedere
1955 4241 2132 4296 quam

487 4317 820 4374 arctissimo
850 4315 1226 4387 conjungere.

486 4417 558 4473 26
613 4417 688 4474 De
743 4418 904 4474 rebus
953 4413 1266 4542 Occiduis:
1291 4421 1346 4469 et
1395 4417 1454 4540 uti
1490 4413 1683 4470 Caesar
1714 4413 1891 4470 obiter
1941 4413 2134 4470 urbem

1175 4502 1239 4542 en
1272 4501 1419 4541 aven
1453 4525 1467 4539 .

1175 4501 1467 4543 entaveru.

2243 1865 2457 1940 Θρᾴκης
2509 1865 2689 1939 μέρεσι
2737 1866 2825 1919 καὶ
2986 1862 3145 1919 πόλει
3190 1870 3491 1940 προσσχεῖν
3522 1863 3574 1919 έκ
3613 1863 3818 1939 παρόδου,

2242 1953 2330 2010 καὶ
2363 1953 2625 2009 ἐπισεῖσαι
2674 1954 2770 2027 μὲν
2825 1952 3156 2008 ἀπειλοῦντα
3193 1954 3260 2008 τὸ
3314 1953 3462 2026 ξίφος
3488 1959 3594 2015 τοῖς
3619 1952 3818 2024 Ἰταλοῖς,

2249 2046 2324 2117 μὴ
2385 2044 2492 2118 μὴν
2549 2041 2606 2098 δὲ
2661 2043 2748 2098 καὶ
2809 2045 3013 2111 ὁτιοῦν,
3041 2044 3301 2118 πράττειν
3333 2059 3347 2074 ο
3401 2044 3469 2098 οὐ
3521 2043 3613 2118 γὰρ
3664 2044 3820 2104 ἱκανῶς

2244 2135 2360 2210 εἶχε
2407 2137 2512 2188 τῶν
2565 2134 3002 2206 στρατευμάτων.
3050 2134 3139 2194 Ὠς
3194 2136 3329 2209 γοῦν
3391 2133 3487 2200 τὴν
3557 2130 3820 2189 Καλλίουδ

2243 2228 2451 2301 Καῖσαρ
2530 2223 2856 2298 περαιωθεὶς
2921 2217 3242 2294 κατέλαϐεν,
3306 2217 3447 2296 ἔγνω
3529 2221 3821 2297 πρότερονῆ

2240 2318 2358 2375 τοῖς
2389 2313 2680 2386 κατωτέρω
2711 2315 3034 2386 προσσχεῖν,
3065 2310 3202 2366 κατᾶ
3264 2307 3566 2382 Σηλυϐρίαν
3610 2309 3820 2384 γενέσθαι,

2241 2403 2332 2458 καὶ
2363 2405 2430 2474 τῇ
2462 2399 2625 2456 πόλει
2657 2399 2717 2454 ἐκ
2739 2403 2847 2454 τῶν
2899 2397 3131 2454 δυτικῶν
3185 2403 3375 2475 μερῶν
3407 2401 3489 2473 [Ρ.
3519 2401 3602 2471 90]
3644 2418 3821 2471 apam-

2241 2499 2396 2569 γίσας
2441 2487 2606 2564 (μηδὲ
2655 2491 2757 2564 γὰρ
2810 2489 2944 2544 εἶναι
2993 2486 3270 2562 κωλύμη-δ
3321 2489 3558 2544 ἁπάντων
3610 2487 3699 2544 τῶν
3739 2487 3817 2542 tui

2242 2582 2321 2653 τῷ
2381 2578 2595 2656 βασιλεῖ
2668 2579 3136 2654 ὑποτεταγμένων)
3197 2582 3554 2635 κατοπτεῦσαι
3623 2579 3701 2651 μὲν
3755 2576 3817 2631 καὶ

2241 2670 2444 2740 ταύτην
2477 2670 2551 2732 ὡς
2581 2669 2695 2743 εἶχε
2739 2668 2863 2724 τότε
2909 2668 2996 2722 καὶ
3053 2673 3253 2741 μαθεῖν
3303 2669 3368 2724 τὰ
3414 2671 3515 2724 τῶν
3560 2667 3690 2729 ἐντὸς
3733 2670 3815 2732 πῶς

2241 2890 2545 2961 despotam
2577 2889 2858 2943 Joannem
2884 2887 3123 2958 jussum
3156 2887 3366 2943 statim
3399 2885 3687 2944 exercitum
3712 2884 3814 2940 edu-

2242 2993 2371 3033 cere
2402 2978 2471 3033 ad
2493 2975 2834 3032 Michaelem
2857 2974 3009 3032 bello
3043 2977 3385 3047 urgendum
3409 2975 3578 3032 misit.
3603 2975 3816 3032 Preterea

2240 3066 2518 3140 quoniam
2543 3066 2734 3122 missae
2756 3065 2936 3137 cepize
2969 3081 3002 3120 a
3033 3081 3164 3137 rege
3204 3065 3422 3121 Siciliae
3462 3063 3631 3120 multa
3659 3060 3815 3134 Illyrici

2245 3161 2301 3212 et
2348 3172 2504 3211 novae
2561 3153 2719 3226 Epiri
2775 3154 2901 3210 loca
2953 3152 3064 3208 sibi
3115 3154 3516 3226 subjecerant,
3564 3148 3813 3208 destinavit

2245 3245 2422 3301 etiam
2454 3243 2593 3300 illuc
2625 3243 2727 3316 qui
2759 3242 2906 3315 ipsis
2937 3243 3314 3299 obstiterant.
3348 3242 3601 3303 Alexium
3629 3241 3814 3310 insuper

2246 3338 2557 3403 Caesarem,
2617 3332 2849 3406 Scythis
2905 3337 2964 3387 et
3019 3331 3415 3389 auxiliaribus
3454 3349 3580 3388 cum
3606 3329 3712 3388 aliis
3735 3343 3816 3384 non

2253 3424 2456 3480 multis
2481 3423 2663 3495 copiis
2695 3421 2946 3490 traditis,
2971 3421 3232 3493 primum
3269 3422 3331 3478 in
3362 3422 3643 3477 Thraciam
3669 3416 3815 3473 immi-

2243 3513 2341 3584 sit,
2372 3529 2506 3569 cum
2538 3511 2834 3567 mandatis
2868 3515 2931 3566 ut
2963 3509 3302 3583 invigilaret
3329 3509 3804 3580 Orestiadiejusque

2242 3603 2541 3660 securitati
2592 3619 2764 3674 quam
2794 3603 2946 3658 138
2981 3605 3182 3674 posset
3235 3601 3456 3674 Optime
3503 3598 3807 3672 prospiceret.

2245 3695 2306 3748 In
2332 3709 2448 3765 quo
2479 3696 2679 3747 tamen
2713 3690 2873 3747 aliud
2924 3690 3217 3762 praecipue
3276 3689 3586 3763 spectabat.
3632 3683 3812 3740 Videbat

2242 3783 2398 3838 enim
2431 3781 2711 3852 Bulgaros
2742 3779 2801 3834 in
2829 3782 3114 3852 apparatu
3156 3795 3290 3836 esse
3342 3793 3609 3835 novarum
3651 3787 3810 3838 rerum,

2241 3873 2406 3928 Irene
2422 3869 2689 3926 videlicet
2709 3868 2999 3925 Theodori
3024 3869 3318 3940 Lascaris,
3341 3867 3443 3940 qui
3474 3881 3643 3938 nuper
3678 3864 3808 3933 impc-

2243 3964 2488 4027 raverat,
2515 3958 2634 4014 filia
2651 3958 3052 4026 Constantino,
3079 3974 3256 4030 quem
3288 3974 3480 4030 regem
3502 3957 3811 4026 Bulgarorum

2243 4051 2464 4106 factum
2491 4049 2765 4120 superius
2796 4047 3078 4115 diximus,
3104 4052 3312 4121 nupta,
3343 4048 3527 4104 virum
3559 4042 3812 4114 instigante

2244 4141 2304 4195 in
2339 4137 2725 4210 Palaeologum
2761 4154 2916 4193 nunc
2962 4136 3379 4208 imperantem,
3412 4141 3467 4193 et
3493 4136 3726 4191 ardenter
3749 4143 3816 4182 ur-

2242 4234 2416 4302 gente
2447 4229 2517 4283 ad
2551 4225 3000 4299 irrumpendum
3034 4227 3092 4281 in
3126 4231 3318 4283 terras
3335 4225 3569 4282 ditionis
3589 4223 3711 4294 ejus,
3732 4216 3817 4272 sic-

2243 4335 2357 4390 que
2389 4318 2767 4390 repetendam
2819 4315 3106 4372 ultionem
3163 4315 3396 4386 injurize
3449 4329 3614 4386 quam
3641 4310 3701 4366 ab
3725 4307 3817 4378 ipso

2243 4408 2574 4480 patiebatur
2610 4406 2868 4463 Joannes
2921 4405 3098 4460 frater
3127 4406 3398 4478 ejusdem
3450 4407 3626 4460 Irenes
3662 4398 3817 4453 contra

2244 4498 2332 4553 fas
2362 4501 2419 4553 et
2449 4500 2618 4569 pacta
2650 4493 3000 4551 redactusin
3025 4493 3674 4551 ordinem.Mandaverat
3691 4497 3816 4558 porro

560 4589 654 4646 Sic
695 4586 1080 4645 Orientalium
1105 4584 1540 4658 provinciarum
1582 4587 1739 4640 statu
1763 4601 1882 4656 qua
1905 4601 2046 4657 pace
2072 4585 2129 4640 in
2166 4569 2210 4635 D
2240 4585 2560 4658 imperator
2579 4584 2791 4642 Caesari
2819 4588 3042 4649 ut,cum
3068 4583 3364 4655 attigisset
3386 4586 3569 4655 partes
3586 4571 3808 4633 Thraciae,

491 4695 751 4751 praesens
807 4693 925 4749 qua
983 4692 1086 4748 spe
1130 4675 1286 4731 bona
1314 4675 1373 4729 in
1407 4677 1703 4746 posterum
1761 4674 2011 4741 ﬁrmato,
2048 4690 2140 4730 res

492 4767 883 4824 Occiduorum
907 4769 1200 4821 tractuum
1223 4764 1504 4819 ﬂuctuare
1523 4764 1713 4820 denuo
1731 4779 1972 4836 coepere.
1993 4763 2137 4819 Nam

494 4854 743 4912 Michael
773 4855 1017 4926 despota
1046 4853 1249 4924 iniquo
1299 4852 1496 4908 animo
1530 4852 1721 4908 ferens
1755 4852 2042 4924 privatum
2079 4869 2140 4908 se

506 4943 741 4999 arcibus
763 4947 819 4998 et
849 4940 1159 5013 expulsum
1188 4939 1441 5012 regione,
1468 4957 1641 5011 quam
1669 4945 1915 5011 patruus
1936 4942 2063 5012 ejus
2085 4945 2141 4996 et

494 5031 1011 5104 paterTheodorus
1033 5030 1152 5100 (qui
1177 5029 1354 5084 etiam
1370 5029 1729 5086 acclamatus
1751 5029 1808 5085 in
1829 5030 2139 5087 Occidente

492 5123 812 5193 imperator
834 5121 1366 5186 fuerat,coronante
1388 5117 1583 5189 ipsum
1619 5119 1837 5176 Jacobo
1861 5119 2136 5190 episcopo

490 5210 860 5281 Achridensi)
895 5209 1081 5264 multo
1123 5208 1339 5263 sudore
1382 5212 1600 5262 armata
1638 5223 1813 5262 manu
1846 5213 2133 5264 extortam

492 5299 654 5355 Italis
689 5316 807 5355 suae
839 5298 1045 5353 ditioni
1077 5297 1393 5368 adjecerat,
1430 5295 1541 5361 his,
1571 5296 1832 5366 inquam,
1879 5313 1941 5352 se
1998 5313 2136 5368 spo-

492 5390 701 5446 liatum
724 5387 970 5444 Michael
995 5403 1108 5441 non
1132 5388 1322 5440 ferens
1348 5385 1630 5439 revocavit
1661 5401 1788 5456 quae
1812 5385 1986 5457 paulo
2001 5393 2136 5441 ante

492 5478 833 5550 imperatori
879 5475 1249 5548 promiserat,
1278 5479 1332 5528 et
1365 5473 1650 5528 Occiduas
1689 5478 1894 5545 gentes
1927 5491 2134 5530 rursus

490 5569 562 5624 ad
596 5583 658 5622 ee
689 5564 918 5620 trahere
952 5579 1270 5634 aggressus
1305 5561 1470 5616 facile
1494 5563 1562 5617 ad
1605 5563 1987 5618 defectionem
2023 5565 2130 5619 im-

488 5655 640 5727 pulit
689 5652 844 5710 leves
901 5668 967 5710 ac
1027 5651 1226 5707 faciles
1281 5649 1549 5724 populos.
1583 5651 1666 5707 Ob
1699 5667 1762 5708 cu
1818 5651 2134 5725 imperator

2251 4671 2380 4728 urbi
2415 4689 2481 4727 ex
2526 4671 2855 4744 propinquo
2888 4670 3237 4737 minaretur,
3273 4669 3459 4726 obiter
3481 4669 3535 4723 id
3564 4663 3761 4738 quidem
3783 4661 3820 4710 et

2249 4761 2512 4817 tentandi
2546 4759 2741 4832 potius
2774 4759 3151 4831 terrendique
3181 4757 3358 4814 Italos
3384 4757 3566 4830 gratia
3589 4765 3735 4825 quam
3749 4761 3818 4802 ex-

2251 4849 2552 4922 pugnandi
2586 4865 2688 4920 spe
2724 4866 2737 4904 :
2770 4866 2886 4904 non
2919 4849 3075 4903 enim
3126 4847 3383 4903 habebat
3413 4847 3665 4902 idoneum
3691 4837 3820 4893 tanta

2249 4939 2327 4994 rei
2363 4943 2711 5012 apparatum
2772 4941 2876 4993 aut
2931 4938 3277 4992 exercitum.
3318 4936 3386 4991 Ut
3422 4934 3591 5006 igitur
3629 4928 3817 4998 trajecta

2249 5031 2438 5086 Caesar
2463 5031 2607 5084 freto
2629 5025 2998 5099 Calliopolim
3039 5025 3246 5094 tenuit,
3271 5024 3523 5080 decrevit
3539 5021 3816 5094 priusquam

2247 5117 2492 5175 inferius
2520 5119 2922 5184 descenderet,
2956 5115 3226 5172 accedere
3257 5113 3570 5186 Selybriam
3605 5114 3654 5164 et
3672 5105 3818 5162 indea

2247 5207 2514 5279 partibus
2545 5206 2817 5262 Occiduis
2849 5221 3030 5276 prope
3060 5221 3122 5259 se
3152 5203 3460 5258 admovere
3482 5193 3816 5279 Constantine-

2248 5277 2362 5369 poli
2393 5296 2564 5367 (nihil
2587 5295 2744 5351 enim
2775 5299 2901 5349 erat
2921 5294 3072 5365 quod
3101 5294 3154 5349 id
3187 5295 3426 5358 vetaret,
3455 5277 3818 5345 cunctisabill:

2247 5390 2408 5458 parte
2439 5384 2778 5457 imperatori
2833 5383 3160 5453 subjectis),
3208 5383 3266 5436 et
3298 5380 3383 5436 sic
3437 5396 3466 5435 e
3510 5376 3678 5432 vicino
3717 5383 3816 5423 con-

2244 5474 2513 5546 templari
2534 5491 2649 5546 quo
2671 5478 2811 5529 tunc
2829 5472 2949 5527 illic
2965 5477 3120 5528 statu
3145 5487 3235 5526 res
3259 5474 3452 5526 essent
3472 5465 3816 5538 explorareque

2244 5564 2482 5619 Latinos
2541 5565 2746 5619 urbem
2798 5567 3085 5629 tenentes,
3121 5559 3258 5631 quid
3322 5556 3498 5613 animi
3552 5558 3601 5609 et
3649 5547 3812 5602 virium

2246 5654 2546 5723 baberent,
2571 5650 2932 5710 voluntarios
2967 5664 3220 5724 quoque,
3252 5647 3322 5704 de
3355 5647 3562 5721 quibus
3589 5638 3812 5698 diximus.
