4018 6198
165 332 267 388 577

1242 336 1334 389 DE
1383 338 1746 392 MICHAELE
1788 334 2228 396 PALIEOLOGO
2268 341 2400 395 LIB.
2445 344 2514 397 II.

3478 343 3585 401 578

167 458 348 488 1'..-.--.
410 457 539 488 2:-1.
577 456 629 488 ἓξ.
664 460 749 488 .-..‘.
798 459 926 488 --.‘.-
983 459 1421 488 n-\_--..__-!-_.-
1508 462 1596 488 ,ΡΜ
1647 463 1733 488 ---λ
1799 464 1815 488 x
1867 469 1884 488 ι
1938 461 2086 488 --νβ’
2136 466 2150 488 2
2211 464 2232 488 3
2279 469 2321 488 με
2370 467 2382 481 α
2472 466 2485 488 ν
2565 466 2575 486 ι
2718 467 2867 488 μιν)
3016 467 3030 485 ο

167 459 188 473 ν
410 459 459 479 ,ς
491 465 513 474 -
578 459 621 476 η,
738 460 749 476 ι
868 459 881 479 κ
1540 462 1564 479 υ
1720 463 1733 481 ς
2074 466 2086 480 ι
2215 464 2229 481 .
2370 467 2382 481 .
2565 466 2575 486 ,
2826 469 2835 486 ,
3016 467 3030 485 ς

164 480 374 533 εχοιεν,
413 478 540 514 ιοειν
575 478 633 514 οε
664 480 753 513 και
798 481 926 522 τους
982 459 1445 538 θεληματαρίους,
1506 483 1597 524 ους
1647 483 1735 517 και
1795 464 1821 517 ὁ
1852 469 1905 535 Α
1936 461 2094 531 πειδη
2131 466 2158 518 ὁ
2206 469 2422 540 ανεψιος
2469 466 2672 521 ἐκεινου
2718 467 2957 539 Ἀλεξιος
3013 470 3253 524 επὲκειτο
3313 468 3584 546 προσϐια-

163 548 330 623 λόγος
362 549 690 623 προέγραψε,
748 550 837 603 καὶ
900 548 1167 622 ὁμιλῆσαι
1228 549 1292 605 τά
1324 552 1373 605 οἳ
1408 548 1668 606 δοκοῦντα
1700 553 1821 628 περὶ

163 644 262 706 τῆς
294 634 542 699 πόλεως.
586 636 791 702 Ἐλοπν
852 639 941 692 οὖν
972 640 1059 693 καὶ
1111 644 1383 712 σκηνῆσας
1418 641 1467 695 ἐν
1501 647 1617 702 τοῖς
1668 662 1823 716 περι-

164 725 388 788 πολίοις
474 725 873 801 προσεκαλεῖτο
958 727 1235 808 κρυφηδὸν
1320 735 1446 793 τοὺς
1530 728 1825 793 δοκοῦντας

161 816 385 870 ἐκείνων
422 862 436 888 ,
495 816 585 872 καί
638 838 702 893 γε
760 818 1107 875 κατεπίστευε
1167 821 1318 898 σφίσι
1369 820 1433 875 τὰ
1486 822 1621 875 κατὰ
1676 825 1825 893 νοῦν,

164 905 465 962 ὑποτείνων
523 906 796 969 κάκείνοις
857 905 1085 971 ἐλπίδας
1120 953 1137 977 ,
1211 909 1257 963 εἴ
1309 916 1612 986 συνεργοῖεν
1647 954 1661 980 ,
1734 910 1828 971 τὰς

162 996 410 1067 μεῖζους.
471 1001 590 1052 Τῶν
628 994 685 1051 δὲ
713 998 901 1073 καιρὸν
960 994 1105 1072 ἔχειν
1136 998 1396 1053 εἰπόντων
1441 1000 1515 1061 ὡς
1562 998 1829 1074 ἐγκαίρως

160 1083 582 1158 ἐπιθησομένων
643 1086 727 1159 (τὸ
787 1087 889 1162 γὰρ
938 1092 1046 1141 τῶν
1104 1090 1331 1144 Ἰταλῶν
1391 1088 1649 1161 πλώϊμον
1699 1088 1823 1144 ὅσον

160 1175 220 1241 ἦν
254 1174 311 1228 ἐν
370 1179 439 1249 τῇ
472 1174 633 1230 πόλει
666 1174 755 1230 ἐπὶ
789 1177 1119 1254 Δαφνουσῖας
1154 1178 1227 1240 ὡς
1258 1177 1469 1233 ἀλῶσνν
1510 1179 1612 1246 τήν
1661 1185 1826 1248 νῆσον

161 1270 397 1341 χωρεῖν,
458 1265 545 1318 καί
606 1267 658 1339 γ’
728 1264 813 1319 ἐπὶ
868 1264 1150 1328 πλείσταις
1208 1268 1443 1341 ἡμέραις
1490 1268 1827 1343 προσταλαι-

156 1356 465 1428 πωρεῖσῦαι
524 1356 861 1429 καθήμενον,
922 1351 1098 1431 ὄχλον
1131 1353 1178 1409 δ’
1204 1354 1389 1419 ἄλλως
1447 1358 1574 1411 εἶναι
1606 1357 1666 1410 τὸ
1693 1356 1829 1411 κατᾶ

155 1445 328 1498 πόλιν
384 1443 475 1499 καὶ
525 1442 789 1516 πολέμων
834 1444 1169 1518 ἀπείρατον),
1226 1447 1376 1500 ταῦτ’
1425 1445 1687 1500 εἰπόντων
1736 1448 1823 1500 καὶ

155 1535 216 1587 τὰ
278 1534 456 1587 πιστᾶ
516 1530 778 1588 διδόντων
842 1535 915 1595 ὡς
991 1537 1413 1611 συνεργήσουσιν
1475 1538 1825 1610 (ὁμονοήσειν

152 1625 253 1699 γὰρ
321 1622 476 1701 apis:
534 1624 625 1677 καὶ
693 1622 811 1686 ,οὓς
868 1623 1098 1685 λοιποὺς
1155 1623 1242 1679 ἐπὶ
1299 1628 1506 1699 τοῦτο),
1557 1626 1583 1679 ὁ
1620 1630 1824 1699 Καῖσαρ

154 1712 377 1781 αὖτίκοι,
410 1711 502 1767 ὅτε
537 1714 631 1785 μὲν
663 1712 799 1787 πρὸς
827 1712 953 1775 τοὺς
1006 1714 1097 1768 ἀπ’
1127 1712 1343 1769 ἐκείνων
1394 1713 1591 1789 λόγους
1638 1712 1825 1770 ἀπεῖδε

1938 557 2063 620 ζων,
2127 552 2215 607 καί
2247 575 2328 615 τις
2357 559 2464 609 τῶν
2497 554 2917 632 Οεληματαρίων
2947 561 3355 634 Κουτριῖζακης
3384 561 3582 615 τούπί-

1934 641 2072 712 κλην
2110 643 2242 716 μετᾶ
2295 645 2523 720 θαρῥους
2556 644 2703 708 ὅπως
2754 648 3026 722 πραχθείη
3080 647 3251 720 Λέγων
3308 648 3371 703 τὸ
3423 647 3577 724 ἔργον

1940 734 2196 810 ὑφίστατο
2226 737 2307 807 (τὸ
2336 738 2437 811 γὰρ
2471 736 2799 813 εἱμαρμένον
2834 735 3068 815 ἄφυκτον
3100 737 3278 813 ὥσπερ
3312 739 3585 815 ἐμψύχοις

1938 822 2080 878 οὕτω
2111 825 2197 879 καὶ
2230 824 2501 899 πόλεσιν),
2532 826 2819 903 ἀναθαρρεῖ
2845 848 2901 881 τε
2932 828 3204 900 κάκεῖνος,
3234 830 3323 883 καὶ
3354 830 3489 905 πρὸς
3522 833 3583 886 τὸ

1938 918 2199 986 κρατῆσαι
2254 914 2527 987 μετέωρος
2588 916 2675 983 ἦν.
2732 917 2893 979 "005v
2949 915 3038 969 καὶ
3083 920 3189 971 τῶν
3238 915 3421 972 ἄλλων
3484 941 3583 992 μα-

1940 998 2141 1054 Οόντων
2198 1022 2255 1055 τε
2312 1003 2401 1056 καὶ
2470 1005 2944 1080 συμφωνησάντων
3014 1004 3251 1079 ἑτοίμως
3320 1028 3581 1080 συγκατα-

1939 1090 2133 1163 πρᾶξαί
2166 1090 2220 1143 οἱ
2249 1091 2339 1145 τὸν
2373 1092 2568 1169 λόχον,
2604 1092 2759 1154 αὐτὸς
2818 1094 2910 1167 μὲν
2971 1094 3172 1151 ἄλλοτε
3222 1096 3316 1169 μὲν
3366 1098 3580 1171 περιῄει

1938 1181 2147 1234 καὶτὸν
2196 1179 2361 1235 τόπον
2411 1182 2484 1243 ὡς
2536 1181 2680 1244 εἷ’κὸς
2729 1184 3136 1255 κατεσκέπτετο,
3192 1184 3317 1239 τότε
3373 1183 3429 1240 δὲ
3485 1187 3581 1254 τὴν

1943 1269 2172 1342 ὑποψίαν
2226 1266 2729 1347 διαξυλαττὸμενος
2780 1269 3023 1326 ἐκποδὼν
3058 1271 3152 1345 ὥν,
3184 1279 3301 1335 τοῖς
3349 1269 3588 1329 ὑποϐαλ-

1939 1355 2195 1431 λομὲνοις
2229 1358 2542 1434 προσέχων,
2576 1360 2631 1414 εὖ
2665 1358 2823 1423 εἷ’δὼς
2860 1360 2971 1416 τῶν
3018 1360 3199 1416 τόπων
3242 1362 3448 1436 συνῄει,
3496 1363 3585 1417 καὶ

1938 1447 2364 1521 προσεσκέπτετο
2415 1448 2561 1510 ὅπως
2612 1446 2803 1525 ἄριστα
2849 1451 3061 1523 γὲνοιτο
3106 1450 3194 1504 καὶ
3247 1451 3381 1524 μετὰ
3419 1473 3586 1505 σπου-

1938 1532 2035 1605 δῆς
2065 1537 2125 1591 τὸ
2161 1536 2541 1610 μελετώμενον
2576 1538 2746 1616 σφίσι,
2780 1541 2853 1611 μή
2888 1560 3005 1601 πως
3038 1540 3123 1594 καὶ
3150 1538 3583 1611 ἆντιλλαξοὶντων

1935 1630 2098 1679 τινῶν
2127 1627 2189 1682 τὸ
2222 1626 2273 1681 ἐν
2301 1631 2525 1701 κρυπτῷ
2551 1628 2852 1705 φωραθείη.

2137 1720 2214 1784 κζ’
2242 1717 2429 1779 ’Ὀπως
2464 1714 2611 1771 ἐάλω
2643 1719 2676 1787 ἡ
2722 1716 2885 1780 πόλις
2916 1723 3031 1781 τοῖς
3060 1717 3376 1792 Ῥωμαίοις.

154 1804 242 1856 καὶ
279 1802 390 1871 τὴν
443 1802 755 1878 προθυμίαν
786 1803 927 1878 ἐώρα
977 1803 1051 1866 ὡς
1098 1803 1334 1876 ἑτοίμως
1380 1802 1621 1879 ἐχόντων
1655 1824 1822 1879 προσ·
1858 1844 1903 1909 Β
2008 1807 2088 1875 [Ρ.
2120 1806 2210 1878 91]
2270 1807 2357 1867 Ὡς
2404 1810 2528 1881 γοῦν
2570 1803 2696 1877 ἔστη
2729 1806 2791 1861 τὸ
2842 1812 2945 1861 πᾶν
2977 1813 3076 1877 τῆς
3132 1806 3362 1883 βουλῆς,
3405 1810 3494 1863 καὶ
3557 1810 3584 1865 ὁ

156 1888 416 1962 ϐοηθεῖν,
450 1890 665 1969 ἐοάῥρει
696 1893 793 1961 τὴν
828 1887 1172 1966 προσϐολὴν,
1208 1892 1297 1948 ὅτε
1329 1891 1384 1948 δὲ
1415 1896 1552 1970 πρὸς
1610 1897 1671 1949 τὸ
1724 1902 1822 1965 τῆς

155 1982 542 2057 ἐγχειρήσεως
588 1978 845 2057 δυσχερὲς
898 1981 1050 2044 αὖθις
1082 1976 1355 2038 ἀπέϐλεπε
1407 1984 1494 2038 καὶ
1544 1984 1605 2039 τὸ
1646 1981 1823 2039 κινδυ-

154 2069 336 2133 νῶδες
392 2074 490 2125 τοῦ
521 2070 858 2145 πράγματος,
920 2070 965 2125 εἲ
1025 2069 1165 2127 οὕτω
1229 2074 1343 2146 μετ’
1377 2071 1582 2148 ὀλίγων
1629 2072 1717 2127 καὶ
1767 2073 1824 2128 ἐκ

160 2159 451 2235 παρὲργου
503 2158 667 2214 πόλιν
718 2159 995 2232 τοιαύτην,
1041 2163 1101 2230 ἣν
1156 2161 1244 2216 καὶ
1303 2161 1511 2217 πολλαὶ
1571 2160 1824 2235 δυνάμεις

158 2250 266 2324 οὐχ
324 2250 474 2305 ἒλεῖν
507 2247 876 2321 ἠδυνήθησαν,
928 2252 1088 2314 αὐτὸς
1140 2250 1191 2306 ἐν
1244 2252 1432 2329 ἀκαρεῖ
1484 2255 1823 2328 παραστήσε-

157 2361 270 2411 ται,
328 2339 598 2394 κατώκνει
650 2339 738 2394 καὶ
788 2334 1141 2397 ἀνεϐάλλετο.
1188 2343 1374 2413 Ὅμως
1428 2342 1518 2395 καὶ
1558 2341 1683 2403 τοὺς
1728 2341 1823 2396 λό-

152 2450 288 2502 γους
344 2423 643 2501 λαμϐἅνων
696 2428 747 2483 ἐν
799 2434 968 2501 κοινῷ
1017 2431 1079 2485 τὸ
1130 2431 1394 2505 πρακτὲον
1446 2429 1630 2495 ἐτίθει.
1681 2432 1822 2487 Κάν-

146 2652 379 2721 videre,
404 2664 697 2722 agereque
721 2664 855 2705 cum
877 2647 994 2705 illis
1018 2666 1145 2721 qua:
1177 2654 1508 2722 opportuna
1539 2650 1817 2706 videban-

149 2746 247 2796 tur
292 2739 371 2794 ad
412 2755 579 2811 spem
627 2738 791 2795 urbis
839 2738 1154 2809 aliquando
1206 2740 1639 2811 recuperandae.
1673 2739 1817 2794 Cum

148 2831 350 2901 igitur
377 2827 729 2884 accessisset
759 2832 816 2884 et
844 2828 903 2882 in
934 2828 1080 2901 ipsis
1111 2828 1412 2885 suburbiis
1441 2828 1820 2885 tabernacula

150 2918 408 2984 ﬁxisset,
464 2914 613 2971 clam
662 2916 886 2972 vocavit
933 2916 1258 2988 praecipuos
1308 2933 1530 2987 eorum,
1573 2922 1630 2973 et
1677 2917 1820 2989 ipsis

152 3007 534 3063 confidenter
563 3005 702 3078 quid
737 3005 795 3060 in
828 3006 1024 3061 animo
1058 3006 1298 3061 haberet
1341 3006 1592 3079 aperuit,
1627 3011 1821 3063 osten-

153 3102 291 3152 tans
317 3094 405 3151 eis
432 3111 570 3167 spes
605 3093 843 3149 maximi
878 3095 1217 3166 proventuri
1248 3093 1391 3166 ipsis
1424 3095 1739 3162 commodi,
1774 3095 1823 3151 si

1934 1895 2119 1969 καιρὸς
2190 1893 2436 1949 ἐτάττετο
2504 1896 2696 1957 νυκτὸς
2742 1896 2842 1971 γὰρ
2900 1896 2997 1964 τὴν
3049 1891 3353 1966 ἐπιϐουλὴν
3406 1898 3583 1952 συνοί-

1937 2004 2045 2037 σειν
2079 1982 2167 2038 καὶ
2199 1982 2259 2038 ἐκ
2299 1988 2395 2039 τοῦ
2426 1981 2700 2061 αἷφνιδίου
2735 1985 2810 2057 μή
2842 1982 3271 2059 προσδοκώντων
3318 1979 3582 2061 ἔγνωσαν,

1937 2073 2221 2135 Κάκείνοις
2273 2074 2367 2147 μὲν
2422 2072 2586 2147 μέλον
2637 2074 2702 2143 ἦν
2764 2068 3236 2145 ἐπαναϐεϐηκότας
3282 2076 3344 2129 τὸ
3391 2080 3582 2150 τεῖχος

1937 2159 2025 2215 διὰ
2074 2161 2358 2237 κλιμάκων
2410 2162 2650 2241 ἀψοφητὶ
2698 2165 2823 2226 τοὺς
2875 2161 3162 2240 φυλαττειν
3212 2185 3269 2220 τε
3314 2163 3578 2239 τεταγμέ-

1934 2273 2056 2313 νους
2085 2251 2465 2328 καταῤῥιπτεῖν
2496 2249 2697 2307 ἄνωθεν
2744 2253 2832 2307 καὶ
2874 2255 2973 2322 τὴν
3023 2260 3121 2323 τῆς
3164 2262 3348 2329 πηγῆς
3397 2252 3576 2323 πύλην

1934 2341 2169 2417 ἀνοίγειν
2228 2345 2431 2417 σφῆνας
2490 2336 2866 2415 ἐμϐαλόντας,
2929 2343 3020 2397 τὸν
3081 2343 3140 2397 ἐκ
3189 2343 3354 2398 λίθων
3400 2344 3579 2416 μόνων

1933 2430 2388 2507 προσαρμόζοντα
2432 2433 2599 2504 ταύτῃ
2648 2437 2842 2507 τοῖχον
2901 2432 3331 2509 κατερηριφότας
3386 2432 3580 2505 πρότε-

1933 2648 2335 2716 Providentiae,
2369 2667 2484 2706 non
2526 2652 2718 2707 solum
2749 2650 2807 2706 in
2834 2650 3074 2706 interitu
3124 2654 3226 2707 aut
3276 2651 3391 2707 alio
3441 2668 3581 2708 casu

1929 2738 2298 2811 singulorum
2330 2739 2669 2807 viventium,
2722 2740 2822 2797 sed
2855 2740 3029 2796 etiam
3062 2740 3120 2795 in
3155 2739 3583 2797 mutationibus

1930 2828 2299 2899 fortunisque
2329 2828 2673 2901 civitatum),
2698 2830 2931 2885 tandem
2956 2834 3012 2885 et
3035 2829 3159 2901 ipse
3189 2830 3478 2886 adductus
3507 2831 3578 2885 ad

1932 2917 2270 2973 audendum
2304 2920 2412 2987 est,
2446 2922 2504 2973 et
2534 2918 2682 2974 nihil
2723 2919 2850 2989 jam
2901 2917 3061 2973 aliud
3115 2917 3229 2973 nisi
3277 2918 3579 2974 victoriam

1932 3007 2197 3078 cogitans
2230 3012 2386 3063 totus
2407 3007 2465 3062 in
2490 3007 2789 3079 negotium
2822 3007 3106 3062 incubuit.
3134 3006 3335 3079 Itaque
3356 3008 3579 3063 caeteris

1933 3095 2207 3152 similiter
2255 3113 2357 3168 per
2397 3096 2717 3152 exercitum
2764 3096 2993 3152 cunctis
3023 3094 3365 3164 consilium,
3400 3096 3577 3151 simul

150 3185 427 3242 conferre
450 3199 686 3256 operam
710 3182 1648 3248 vellent.Quibusadmonentibus
1673 3202 1817 3240 nun-
1849 3185 1891 3254 C
1931 3185 2632 3257 cognoverunt,impense
2664 3184 3071 3257 probantibus,
3105 3184 3579 3256 expedientibus-

150 3292 335 3348 quam
359 3274 843 3347 opportuniorem
863 3291 1040 3346 quam
1061 3291 1217 3330 nunc
1241 3278 1396 3331 esset
1427 3276 1618 3332 oll’erri
1650 3294 1821 3348 posse

149 3365 536 3420 occasionem
570 3363 865 3435 capienda:
900 3364 1086 3435 urbis,
1121 3364 1398 3436 quoniam
1431 3370 1720 3436 quantum
1760 3366 1819 3421 in

151 3472 218 3509 ea
249 3453 425 3526 prius
458 3454 611 3509 139
643 3452 938 3509 navalium
967 3454 1267 3524 copiarum
1319 3453 1446 3510 Itali
1494 3454 1823 3511 habuerant

151 3549 348 3599 totum
372 3541 810 3615 abcrat,procul
834 3543 967 3597 inde
980 3548 1333 3615 occupatum
1348 3542 1407 3598 in
1423 3545 1822 3617 oppugnanda

149 3633 353 3688 insula
384 3630 757 3703 Daphnusia,
792 3647 968 3703 quam
1005 3632 1208 3687 multis
1233 3633 1359 3703 jam
1392 3633 1601 3688 diebus
1633 3632 1822 3688 multa

151 3740 262 3779 sua
294 3737 568 3778 aerumna
599 3720 933 3776 obsiderent
965 3722 1298 3794 (superesse
1330 3722 1737 3777 tantummodo
1762 3722 1819 3777 in

150 3813 300 3867 urbe
322 3809 545 3882 vulgus
567 3808 849 3881 imbelle),
874 3809 965 3865 his
989 3809 1085 3866 ille
1110 3810 1348 3878 auditis,
1372 3816 1429 3867 et
1448 3815 1685 3883 accepta
1708 3811 1821 3867 ﬁde

154 3904 582 3973 cooperaturos
618 3915 718 3970 pro
741 3898 891 3955 virili
926 3899 993 3953 ad
1030 3899 1519 3972 expugnationem
1551 3901 1820 3956 volunta-

154 3991 276 4046 rios
303 3988 766 4060 (consentientes
798 3988 954 4044 enim
987 3988 1100 4044 sibi
1126 3995 1365 4045 caeteros
1395 3988 1691 4045 habebant
1720 3990 1819 4060 qui

150 4078 605 4151 loquebantur),
630 4094 743 4132 non
779 4078 1150 4134 mediocriter
1182 4077 1475 4133 animatus
1500 4079 1569 4133 ad
1594 4079 1819 4134 auden-

154 4169 295 4224 dum
327 4171 425 4224 est
477 4182 490 4222 :
546 4166 798 4222 faciebat
849 4167 1069 4240 quippe
1118 4168 1367 4223 istorum
1401 4171 1457 4223 et
1486 4168 1821 4239 signiﬁcata

153 4257 348 4313 verbis
383 4260 446 4312 et
471 4254 767 4313 declarata
796 4255 958 4313 vultu
991 4256 1297 4328 signisque
1329 4255 1553 4312 caeteris
1612 4256 1817 4313 alacri-

153 4352 266 4416 tas,
291 4346 863 4419 procinctorumque
906 4347 978 4402 ad
1025 4346 1612 4418 strenuejuvandum
1646 4347 1820 4402 ardor

150 4436 455 4503 eminens,
520 4438 583 4490 ut
639 4450 753 4490 non
814 4450 1241 4507 usquequaque
1309 4435 1689 4491 temerarium
1757 4435 1815 4491 id

151 4530 417 4598 emptum
439 4524 751 4580 videretur.
777 4523 909 4580 Mox
939 4528 1134 4580 tamen
1162 4540 1294 4580 cum
1316 4525 1386 4580 ad
1411 4524 1815 4582 difﬁcultatem

152 4615 376 4688 negotii
393 4618 655 4670 mentem
678 4614 1282 4686 adverteret,cumque
1304 4618 1813 4687 reputaretsecum

154 4706 363 4777 quanti
403 4702 650 4777 periculi
679 4702 866 4760 aleam
893 4704 1135 4775 jaceret,
1170 4705 1219 4759 si
1270 4720 1401 4759 cum
1436 4708 1555 4760 tam
1587 4706 1811 4777 paucis,

154 4794 346 4850 obiter
376 4796 437 4849 et
462 4792 707 4849 consilio
739 4791 884 4849 citra
913 4793 1183 4865 praevium
1238 4792 1719 4849 deliberationem
1754 4794 1811 4849 in

154 4898 337 4940 arena
390 4885 585 4954 capto,
632 4881 835 4937 urbem
888 4886 1115 4937 tantam
1163 4882 1600 4955 aggrederetur,
1635 4899 1812 4955 quam

151 4970 332 5042 paulo
357 4975 497 5027 ante
516 4970 797 5027 universa;
818 4970 971 5027 vires
994 4969 1225 5043 imperii
1248 4972 1466 5027 frustra
1487 4987 1815 5044 oppugnas-

155 5065 309 5128 sent,
343 5059 758 5129 cunctabatur,
783 5064 839 5116 et
872 5060 1252 5132 quaerendum
1286 5060 1540 5133 amplius
1573 5062 1816 5133 putabat

154 5150 300 5222 quid
356 5148 457 5206 tali
506 5149 813 5206 occasione
862 5153 1019 5206 esset
1073 5151 1388 5222 agendum.
1423 5154 1565 5206 Cum
1618 5155 1811 5207 autem

150 5240 380 5296 vocatis
415 5255 593 5311 super
621 5255 689 5295 ea
719 5254 783 5296 re
829 5239 890 5295 in
942 5239 1259 5296 concilium
1295 5239 1545 5297 ducibus
1576 5240 1811 5297 Alexius

150 5329 285 5399 ejus
334 5327 625 5400 patruelis
670 5327 742 5384 ad
791 5329 1262 5400 persuadendam
1317 5330 1813 5401 oppugnationem

149 5416 533 5474 vehementer
588 5417 979 5488 incumberet,
1011 5422 1066 5474 et
1096 5418 1335 5489 quidam
1371 5436 1439 5475 ex
1468 5418 1813 5477 voluntariis

152 5511 549 5579 cognomento
569 5504 941 5563 Cutritzaccs
975 5507 1297 5563 fortissime
1328 5508 1386 5561 in
1414 5525 1542 5564 eam
1576 5514 1813 5565 senten-

152 5597 303 5652 tiam
343 5596 591 5667 loquens
642 5596 835 5667 operis
884 5596 1061 5653 etiam
1112 5612 1455 5653 successum
1488 5598 1545 5653 in
1580 5616 1641 5655 se
1674 5598 1814 5655 reci-

152 5690 320 5759 peret
351 5684 729 5756 (inevitabilis
770 5685 1043 5742 efﬁcacia:
1074 5685 1345 5743 videlicet
1394 5693 1534 5744 sunt
1582 5690 1812 5745 decreta

1850 4570 1898 4635 D

1940 3291 2055 3346 que
2084 3291 2186 3347 pro
2214 3290 2277 3330 se
2308 3290 2541 3345 quoque
2573 3273 2859 3345 impetum
2904 3274 2977 3328 ad
3010 3289 3245 3329 omnem
3276 3272 3397 3329 sive
3430 3272 3575 3329 insi-

1929 3363 2129 3420 diandi
2188 3364 2307 3419 sive
2364 3362 2624 3418 irruendi
2680 3361 3075 3418 necessariam
3136 3378 3396 3433 operam,
3452 3360 3578 3433 ipsc

1930 3454 2085 3508 I40
2116 3452 2351 3524 quidem
2394 3451 2691 3507 interdum
2742 3449 3029 3507 circuibat
3073 3448 3335 3505 lustrans
3384 3456 3579 3521 explo-

1928 3557 2201 3613 ransque,
2235 3545 2299 3597 ut
2328 3558 2433 3613 par
2463 3545 2607 3608 erat,
2642 3544 2876 3609 cuncta,
2911 3537 3231 3595 identidem
3264 3542 3483 3600 autem.
3509 3556 3581 3594 ne

1930 3631 2329 3703 suspicionem
2382 3628 2607 3686 Latinis
2658 3629 2863 3685 urbem
2912 3628 3254 3684 tenentibus
3300 3632 3579 3695 moveret,

1929 3720 2207 3777 recedens
2237 3734 2662 3791 removensque
2709 3735 2772 3775 se
2812 3736 2845 3773 a
2875 3720 3210 3789 conspectu,
3244 3732 3478 3789 semper
3508 3717 3582 3773 iis

1928 3826 2060 3880 quae
2087 3809 2558 3881 suggerebantur
2590 3808 2929 3863 attendens:
2958 3806 3080 3861 ibat
3108 3806 3263 3862 enim
3298 3822 3417 3861 una
3448 3822 3579 3861 cum

1926 3899 2057 3971 ipso
2090 3899 2244 3954 idem
2298 3896 2394 3953 ille
2443 3897 2798 3953 Cutritzaces
2844 3894 3243 3968 peritissimus
3292 3895 3578 3961 locorum,

1928 3988 2146 4059 pariter
2175 3990 2385 4043 cuncta
2415 3984 2922 4058 circumspiciens.
2956 3982 3349 4039 Providebant
3380 3989 3575 4038 autem

1928 4077 2100 4132 ambo
2132 4075 2310 4131 simul
2343 4078 2610 4146 utquam
2659 4071 2877 4144 optime
2926 4087 3226 4144 quamque
3273 4070 3577 4127 celerrime

1928 4165 2081 4238 quod
2116 4163 2552 4220 meditabantur
2574 4163 2737 4217 ﬁeret
2762 4176 2775 4215 :
2804 4160 3132 4233 periculum
3167 4159 3326 4215 enim
3358 4163 3484 4215 erat
3514 4159 3574 4215 in

1928 4272 2111 4325 mora,
2135 4271 2206 4309 ne
2229 4252 2449 4323 aliquid
2484 4249 2753 4307 alicunde
2785 4248 3106 4305 sentientes
3137 4249 3411 4305 custodes
3435 4265 3576 4305 mm-

1928 4344 2089 4399 nium
2114 4342 2575 4398 vociferarentur
2595 4344 2650 4395 et
2672 4339 2825 4413 quod
2861 4336 3009 4394 clam
3042 4338 3362 4410 parabatur
3382 4336 3575 4411 palam

1927 4433 2261 4506 proderent.

2247 4578 2337 4635 27.
2374 4578 2435 4635 Ut
2463 4576 2592 4632 urbe
2620 4582 2775 4648 capta
2803 4573 2876 4630 sit
2907 4590 2941 4629 α
2971 4574 3248 4631 Romanis.

1996 4704 2069 4761 Ut
2099 4705 2279 4779 igitur
2308 4704 2377 4760 de
2414 4702 2692 4760 omnibus
2720 4699 2992 4757 convenit
3021 4716 3145 4771 quae
3178 4697 3575 4756 conducibilia

1925 4795 1996 4851 ad
2021 4810 2363 4851 successum
2387 4792 2601 4865 negotii
2626 4793 2765 4847 sunt
2787 4789 2998 4860 visa,ct
3018 4787 3408 4845 constitutum
3432 4791 3576 4844 tem-

1924 4901 2036 4957 pus
2080 4887 2170 4940 est
2219 4884 2419 4955 (noctu
2469 4880 2626 4938 enim
2659 4888 2711 4936 et
2737 4894 2806 4935 ex
2838 4878 3154 4952 improviso
3202 4877 3579 4950 supervenire

1925 4974 2169 5030 minime
2200 4960 2580 5047 opinantibus
2612 4969 3034 5040 decreverant),
3059 4969 3185 5025 suis
3206 4968 3428 5041 quique
3449 4984 3579 5040 par-

1924 5063 2085 5120 tibus
2135 5068 2375 5119 strenue
2425 5058 2816 5133 defungendis
2850 5057 3056 5114 intenti
3085 5059 3469 5130 expectabant
3498 5058 3577 5113 si-

1924 5170 2128 5226 gnum.
2145 5152 2290 5209 Aliis
2314 5151 2470 5208 enim
2495 5166 2635 5206 cura
2656 5148 3009 5205 demandata
3030 5152 3120 5203 est
3142 5146 3573 5205 conscendendi

1925 5243 2051 5299 sine
2084 5242 2333 5314 strepitu
2365 5240 2537 5299 scalis
2566 5238 2824 5295 admotis
2856 5253 3046 5306 muro,
3079 5252 3264 5308 eoque
3297 5240 3571 5308 superato

1925 5348 2074 5405 quos
2104 5330 2184 5387 ibi
2218 5331 2491 5387 custodes
2542 5328 2869 5402 reperirent
2916 5341 3169 5399 superne
3216 5330 3378 5382 extra
3426 5322 3571 5393 deji-

1925 5422 2139 5491 ciendi,
2171 5438 2238 5478 ac
2269 5424 2501 5495 portam
2547 5418 2640 5475 cui
2673 5435 2706 5473 a
2737 5418 2894 5473 fonte
2946 5432 3159 5472 nomen
3211 5418 3299 5471 est
3347 5412 3573 5485 patefa-

1924 5510 2135 5582 ciendi,
2159 5510 2362 5566 cuneis
2392 5507 2683 5581 impactis,
2718 5506 2817 5561 ubi
2853 5504 3165 5561 obductam
3199 5502 3347 5559 ostio
3380 5514 3569 5555 mace-

1922 5600 2069 5656 riam
2094 5600 2261 5674 prius
2288 5600 2628 5655 diruissent.
2646 5594 2860 5651 Caesari
2885 5607 3015 5649 vero
3040 5597 3398 5649 reservatum
3422 5586 3572 5645 exci-

1922 5694 2073 5746 tatos
2104 5705 2207 5762 per
2236 5696 2465 5745 noctem
2490 5692 2545 5742 et
2569 5700 2817 5757 pransos
2848 5684 3086 5754 paratos
3109 5695 3307 5737 secum
3341 5676 3574 5735 trahere
