4018 6198
473 297 579 352 579

1779 279 2082 335 GEORGII
2119 278 2582 332 PACHYMERE
3735 285 3822 338 580

474 443 566 496 ρον
601 466 615 491 ,
672 422 751 488 τῷ
808 413 862 468 δὲ
922 410 1149 484 Καίσαρι
1204 407 1331 469 τοὺς
1393 405 1724 481 στρατιώτας
1783 400 1871 456 διὰ
1925 401 2114 460 νυκτὸς
2146 419 2196 486 Α
2228 407 2345 462 τοῖς
2400 399 2548 463 ἐντὸς
2577 401 2674 468 τὴν
2708 396 3034 471 ἐπιϐουλήν,
3067 403 3223 466 Ὂθεν
3271 403 3362 458 καὶ
3395 402 3588 459 συνέδει
3621 403 3822 471 διδόντος

475 489 834 586 ἐφελκόμενον
881 499 1116 572 ἐτοίμως
1168 490 1478 551 εἰσϐάλλειν
1531 493 1620 547 καὶ
1664 492 1798 547 κατᾶ
1843 492 1941 559 τήν
1975 489 2122 543 ἀνοι-

473 579 686 652 λθεῖσαν
741 590 923 658 πύλην
983 587 1352 662 εἰσέρχεσοαι.
1415 581 1589 647 Εὐθὺς
1650 588 1748 650 τῆς
1808 579 2120 655 ὡρισμένης

469 683 659 744 νυκτὸς
718 679 1012 749 ἐπιστάσης
1061 678 1110 731 οἱ
1175 676 1269 748 μὲν
1324 675 1461 743 ἦσαν
1515 672 1650 747 πρὸς
1709 667 1972 744 τοῦργῳ,
2032 667 2120 721 καὶ

466 773 634 828 τόπον
694 767 906 834 εὔθετον
977 764 1376 841 στοχασάμενοι
1456 761 1629 816 ἐκεῖσε
1687 766 1963 834 προσῆγον
2021 759 2118 823 τήν

469 861 736 934 κλίμακα,
791 856 1142 935 εὐφυλάκτως
1189 854 1252 908 τὸ
1311 851 1524 924 σύμπαν
1581 847 1822 922 ἔχοντες,
1877 849 1950 918 μή
2007 867 2124 908 πῖς

468 956 585 1012 τοῖς
641 947 837 1027 φύλαξι
885 947 1182 1024 φωραθεῖεν
1231 941 1319 996 καὶ
1349 941 1448 1008 τὴν
1502 941 1668 1014 θήραν
1715 932 2120 1006 ἀνασοϐήσωσε,

477 1023 688 1113 μᾶλλον
751 1038 842 1111 μὶν
899 1023 989 1091 οὖν
1041 1033 1129 1087 καὶ
1188 1032 1442 1106 μέγιστος
1493 1027 1676 1088 αὐτοῖς
1726 1023 1970 1086 κίνδυνος
2001 1023 2118 1078 ἐπι-

474 1133 596 1203 στῇ,
628 1127 675 1182 εἲ
705 1125 878 1198 ἀλῷεν
914 1118 1386 1180 ἐπιϐουλεύοντες.
1425 1120 1630 1190 Καῖσαρ
1683 1114 1739 1170 δὲ
1786 1123 1885 1184 τῆς
1929 1113 2122 1176 νυκτὸς

473 1199 684 1285 ἐκείνης
714 1216 776 1270 τὸ
807 1213 1068 1277 Σκυθικὸν
1123 1209 1212 1264 καὶ
1263 1207 1384 1262 ὅσον
1433 1207 1498 1274 ἦν
1552 1202 1691 1259 ἄλλο
1734 1199 1917 1259 λαϐὼν
1964 1202 2120 1271 ἡπεί-

473 1327 600 1381 γετο
659 1305 794 1379 πρὸς
852 1303 950 1371 τὴν
1009 1297 1211 1368 πόλιν,
1271 1297 1360 1350 καὶ
1419 1294 1533 1349 ἐπεὶ
1602 1294 1863 1368 πρότερον
1923 1293 1956 1361 ἢ
2025 1294 2122 1345 τοῦ

477 1395 732 1471 πράττειν
792 1391 1032 1452 ἐκείνους
1089 1387 1320 1462 ἔφθασαν
1379 1384 1466 1438 καὶ
1527 1386 1562 1452 ἡ
1614 1383 1704 1455 νὺξ
1736 1382 1960 1456 ἀργοῦσι
2019 1401 2124 1433 πα-

476 1484 714 1558 ρώχετο,
763 1477 1027 1540 περιδεῶς
1078 1476 1193 1550 εἶχε
1220 1475 1354 1549 πρὸς
1399 1475 1496 1540 τήν
1527 1471 1718 1548 ἀργίαν
1766 1469 1854 1524 καὶ
1905 1470 2123 1524 ἀντεπι-

475 1557 682 1640 ϐουλὴν
743 1570 1055 1625 ὑπώτευεν.
1127 1563 1283 1621 Ἀλλ’
1345 1564 1372 1616 6
1428 1561 1834 1633 Κουτριτζάκης
1883 1557 2121 1631 ἀνελάμ-

475 1658 600 1715 ϐανέ
641 1680 698 1714 τε
747 1665 847 1727 τῆς
899 1653 1107 1715 δειλίας
1166 1651 1368 1706 ἐκεῖνον
1417 1649 1506 1704 καὶ
1567 1647 1805 1717 ἐλπίζειν
1851 1646 2122 1722 εὐθαρσῶς

474 1754 736 1824 παρεῖχεν
785 1747 858 1807 ὡς
906 1743 1120 1799 ἐκείνων
1171 1763 1222 1795 τι
1271 1738 1616 1814 πραττόντων
1663 1736 1832 1798 ἐντός.
1891 1735 1963 1790 Ού
2016 1737 2122 1808 μὴν

2231 488 2434 543 ἐκείνου
2493 490 2576 543 καὶ
2640 487 2856 562 ἕτοιμον
2915 490 3102 544 ἑαυτὸν
3163 493 3540 566 παρεχομένου
3593 497 3823 559 παθεῖνὸ

2229 598 2278 631 τι
2347 577 2626 653 βούλοιτο,
2692 577 2739 632 εἴ
2793 576 2991 633 ἐκεῖνοι
3052 573 3482 635 ἐπιϐουλεύοιεν.
3539 585 3819 656 Συγκατῄνει

2233 663 2289 720 δὲ
2316 673 2435 728 τοῖς
2486 665 2810 741 λεγομένοις
2853 667 2942 721 καὶ
2994 669 3022 722 6
3070 665 3315 738 Ἀλέξιος
3365 668 3707 746 ἐπιθ-αρῥύνων
3753 675 3822 728 τὸν

2234 761 2375 818 θεῖον
2420 756 2508 809 καὶ
2565 757 2627 809 τὸ
2687 753 2806 817 δέος
2865 753 3330 831 ἀποκρουόμενος.
3392 758 3492 813 Καὶ
3545 760 3570 812 6
3620 761 3822 836 μὲνπιρῖ

2229 846 2328 913 τὴν
2401 846 2573 917 μονὴν
2631 851 2729 914 τῆς
2804 853 2983 920 πογῆς
3044 847 3443 921 προσεκάθητο,
3500 846 3587 902 τὸν
3644 851 3820 922 στρατὸν

2231 935 2476 1008 κατέχων
2523 939 2650 1008 σιγῇ
2698 936 2786 988 καὶ
2841 937 3113 1010 μετέωρος
3167 934 3238 989 ὥν
3303 937 3437 1010 πρὸς
3485 937 3542 991 τὸ
3590 934 3820 1010 σύμϐολον

2234 1026 2315 1096 (τὸ
2349 1022 2396 1078 δ’
2425 1025 2486 1090 ἦν
2525 1027 2558 1093 ἡ
2611 1029 2716 1078 τῶν
2782 1024 3050 1098 βασιλέων
3100 1026 3345 1102 εὐφημία
3393 1024 3482 1080 ἐπὶ
3526 1031 3615 1081 τού
3650 1028 3824 1102 τείχους

2239 1113 2715 1188 ὑψηλοφωνεῖσοαι
2779 1111 3105 1186 μέλλουσα)⁶
3163 1117 3254 1184 [Ρ.
3297 1113 3392 1186 92]
3449 1117 3499 1168 οἱ
3550 1112 3603 1170 δέ
3640 1117 3824 1190 ἡσύχως

2234 1202 2351 1264 καθ’
2393 1199 2483 1255 ἕνα
2553 1197 2917 1264 ὑπαναϐἀντες
2985 1203 3079 1263 τὰς
3146 1201 3430 1275 κλίμακας
3489 1204 3823 1277 προσπαίουσιν

2233 1289 2386 1352 εὐθὺς
2442 1296 2558 1352 τοῖς
2618 1297 2877 1368 φρουροῖς
2937 1291 3339 1364 κοιμωμένοις,
3377 1290 3596 1354 Ἰταλοῖς
3622 1314 3676 1366 γε
3716 1292 3825 1358 οἶμαι,

2230 1381 2320 1434 καί
2407 1401 2526 1456 σιριν
2615 1382 2666 1434 οἱ
2755 1379 2994 1442 ἐπιόντες
3063 1377 3190 1455 ὅναρ
3273 1380 3562 1450 ἐπέστησαν
3619 1377 3824 1456 φοϐερόν

2233 1469 2387 1534 εὐθὺς
2412 1469 2512 1543 γὰρ
2560 1469 2686 1532 τοὺς
2733 1471 2826 1542 μὲν
2884 1468 3014 1542 μηδ’
3061 1469 3426 1543 αἰσθομένους
3486 1468 3704 1525 ἐκποδὼν
3753 1494 3825 1526 κα-

2231 1557 2522 1633 τασχόντες
2599 1557 2909 1634 ἐρρίπτουν,

2233 1645 2287 1702 δὲ
2357 1647 2446 1702 καὶ
2520 1655 2622 1717 τῆς
2696 1655 2944 1723 ταραχῆς
3013 1647 3302 1711 ἐπαΐοντας
3363 1650 3450 1703 καὶ
3513 1650 3638 1722 πρὸς
3688 1652 3823 1727 cur};

2228 1737 2598 1810 τρεπομένους
2679 1739 2966 1814 φθάνοντες
3053 1739 3453 1806 κατεσπάοιζον
3489 1782 3502 1808 ,

2993 1560 3321 1636 σφάττοντες
3397 1561 3665 1634 πρότεροι,
3726 1561 3824 1622 τοὺς

3584 1739 3650 1802 ὡς
3727 1737 3826 1810 μηδ’

476 1813 562 1892 δὲ¹
607 1813 697 1892 καὶ
777 1834 1011 1908 ὑποψίας
1079 1833 1106 1886 6
1167 1813 1368 1904 Καῖσαρ
1430 1827 1650 1904 ὑφίετοο
1708 1831 1813 1881 ποῦ
1870 1825 1972 1901 γὰρ
2031 1826 2117 1880 καὶ
2157 1813 2465 1901 Βᾶγγελον
2521 1831 2627 1879 τῶν
2685 1813 2981 1899 δρωμένων
3043 1824 3467 1903 ὑπολελεῖφθαι,
3527 1829 3650 1882 ὅπου
3674 1849 3723 1901 γε
3760 1829 3824 1882 καὶ

471 1926 764 1996 ὑπενόησεν
840 1923 1024 1998 ἀργεῖν
1086 1920 1317 1980 ἐκείνους
1374 1917 1458 1993 ἐφ’
1529 1917 1574 1987 ᾧ
1631 1916 1965 1987 κατερείπειν
2023 1915 2116 1968 τὸν

470 2014 558 2070 ἐπὶ
613 2019 680 2087 τῇ
739 2010 888 2086 πύλῃ
947 2017 1046 2080 τῆς
1104 2015 1287 2084 πηγῆς
1339 2005 1399 2060 ἐκ
1451 2005 1615 2060 λίθων
1650 2004 1828 2080 ξηρῶν
1859 2002 2120 2077 ἐπιτειχι-

472 2104 649 2177 σμόν;
710 2102 830 2166 ὅθεν
877 2100 966 2155 καὶ
1019 2099 1274 2176 ἐμφανεῖς
1322 2091 1711 2170 προεξεδέχετο
1761 2095 1886 2154 τοὺς
1940 2090 2118 2146 κινδύ-

468 2215 618 2261 νους,
666 2192 756 2247 καὶ
788 2188 958 2260 δῆλος
990 2187 1050 2253 ἦν
1082 2183 1403 2262 χλευασθεὶς
1451 2181 1654 2240 ἀλύων.
1703 2183 1762 2238 Ὁ
1812 2182 1914 2255 γὰρ
1963 2192 2116 2255 θερα-

469 2282 651 2336 πεύειν
701 2277 1040 2351 ἠλπισμένος
1088 2270 1383 2334 ἐπίϐουλος
1436 2271 1802 2340 ὑπωπτεύετο,
1854 2271 1940 2324 καὶ
1995 2291 2119 2323 συν-

471 2367 609 2424 δέειν
668 2366 954 2440 ἐδοκίμαζε
1009 2364 1100 2419 τὸν
1179 2355 1626 2433 ἀναλαμϐάνοντα
1697 2359 1770 2419 ὡς
1842 2354 2120 2412 συνειδότα

472 2585 712 2653 milites,
739 2597 883 2652 quos
911 2583 1234 2652 opportune
1263 2577 1606 2633 immitteret
1627 2584 1678 2631 et
1713 2591 1814 2646 per
1845 2579 2108 2647 apertum

470 2673 685 2730 ostium
709 2687 843 2726 cum
868 2669 1013 2740 ipsis
1036 2668 1404 2738 irrumperet.
1431 2665 1636 2720 Statim
1655 2680 1790 2737 ergo
1816 2668 1882 2718 ut
1912 2663 2112 2718 condi-

469 2768 562 2819 cta
611 2778 724 2816 nox
781 2759 992 2825 adfuit,
1025 2756 1111 2812 illi
1145 2755 1383 2828 quidem
1431 2754 1489 2809 in
1541 2769 1712 2826 opere
1771 2753 2111 2824 praescripto

466 2851 873 2916 versabantur,
907 2847 1056 2903 clam
1089 2844 1263 2902 scalis
1292 2844 1502 2900 erectis
1534 2843 1741 2898 idoneo
1773 2858 1837 2897 ac
1869 2841 2114 2897 solerter

466 2940 691 2997 delecto
731 2938 879 3004 loco,
911 2935 1241 2992 cautionem
1293 2933 1640 2989 adhibentes
1687 2946 2007 3001 summam,
2040 2947 2111 2985 ne

467 3030 812 3089 custodibus
842 3027 1127 3084 indicium
1160 3024 1252 3081 sui
1276 3025 1504 3094 darent,
1537 3029 1594 3079 et
1624 3040 1800 3095 quam
1831 3025 2106 3078 venatum

467 3122 631 3176 ibant
660 3119 912 3192 praedam
946 3115 1194 3188 strepitu
1228 3113 1636 3186 intempestivo
1669 3115 1953 3168 terrerent
1973 3128 2112 3182 prae-

469 3213 696 3264 mature
717 3208 1148 3276 moverentque.
1176 3203 1252 3258 Ad
1279 3218 1456 3275 quam
1482 3201 1849 3258 sedulitatem
1874 3199 2108 3255 cavendi

467 3298 869 3354 excitabantur
918 3291 1326 3365 magnitudine
1359 3290 1578 3362 preprii
1612 3289 1878 3362 periculi,
1912 3288 2114 3359 utique

465 3387 678 3455 quibus
709 3388 869 3439 certa
900 3381 1186 3452 pernicies
1208 3379 1606 3451 impendebat,
1632 3379 1680 3432 si
1705 3377 2114 3448 interciperen-

467 3479 563 3530 tur
585 3474 644 3529 in
673 3473 800 3544 ipsa
817 3471 1115 3526 molitione
1137 3467 1404 3523 insidiosi
1428 3465 1711 3523 assultus.
1735 3467 1924 3522 Cassar
1943 3482 2113 3538 porro

467 3579 571 3634 per
601 3577 728 3617 eam
761 3564 991 3616 noctem
1025 3555 1282 3627 sumptis
1315 3571 1515 3611 secum
1549 3553 1779 3626 Scythis
1801 3560 1857 3610 et
1886 3555 2112 3610 cunctis

467 3650 598 3706 aliis
631 3648 816 3722 copiis
847 3649 995 3702 141
1033 3644 1351 3700 festinabat
1380 3642 1586 3698 urbem
1617 3657 1841 3698 versus.
1875 3643 1942 3697 Et
1970 3659 2111 3714 quo-

466 3740 624 3795 niam
656 3739 726 3794 ad
758 3736 1029 3792 viciniam
1065 3736 1241 3806 porta:
1273 3748 1404 3788 cum
1463 3731 1588 3787 suis
1636 3730 1803 3803 prius
1852 3733 2116 3803 pervenit

377 3839 382 3844 ‘
465 3845 643 3902 quam
676 3827 773 3884 alii
808 3825 1191 3899 perfecissent
1221 3821 1278 3877 id
1312 3821 1468 3893 quod
1500 3820 1756 3877 facturos
1787 3820 1946 3892 ipsos
1977 3838 2114 3876 con-

463 3922 722 3985 venerat,
743 3919 800 3972 et
823 3931 934 3970 nox
957 3912 1102 3986 ipsis
1126 3911 1498 3968 cessantibus
1523 3909 1740 3978 abibat,
1771 3910 1921 3966 male
1942 3911 2116 3982 cmpit

465 4012 724 4065 metuere
745 4021 818 4061 ne
836 4004 1006 4075 cujus
1026 4000 1224 4072 magni
1266 3999 1406 4056 mali
1430 4003 1531 4055 aut
1552 4015 1730 4055 causa
1753 4003 1852 4055 aut
1874 4000 2114 4056 effectus

464 4101 620 4156 esset
649 4097 763 4153 ista
792 4093 1061 4151 cessatio.
1095 4089 1430 4148 Contrarias
1480 4088 1749 4145 videlicet
1780 4088 2030 4145 insidias
2060 4093 2116 4144 et

465 4185 778 4258 ancipitem
811 4180 1204 4256 proditionem
1237 4178 1630 4251 suspectabat.
1655 4177 1867 4233 Verum
1896 4177 2113 4233 Cutrit—

468 4291 632 4330 zaces
656 4272 963 4329 revocabat
983 4285 1117 4326 eum
1141 4269 1212 4324 ab
1237 4266 1336 4323 illo
1361 4271 1518 4322 metu
1551 4270 1840 4339 quantum
1867 4270 2112 4338 poterat,

463 4369 521 4419 et
551 4379 714 4436 spem
747 4360 1032 4434 optimam
1066 4363 1130 4414 ut
1159 4356 1494 4429 conciperet
1549 4356 1775 4425 orabat,
1809 4356 2116 4412 afﬁrmans

462 4453 680 4525 aliquid
706 4451 946 4509 omnino
969 4451 1155 4506 facere
1178 4448 1451 4503 intuseos
1467 4446 1568 4519 qui
1586 4462 1820 4502 murum
1840 4462 2116 4502 conscen-

2227 1915 2317 1967 τὸν
2373 1914 2478 1968 ἀπὸ
2535 1918 2632 1968 τοῦ
2692 1913 3044 1976 κωλύσοντος
3099 1910 3274 1990 φόϐον
3335 1915 3520 1969 ἐνίκων
3569 1917 3617 1970 αἱ
3669 1919 3824 1988 προθυ-

2234 2002 2371 2074 μίαι,
2429 2003 2518 2056 καὶ
2551 2001 2713 2072 δῆλοι
2739 2003 2897 2072 ἦσαν,
2958 2005 3019 2072 ἣν
3051 2024 3132 2065 τις
3164 2003 3474 2074 ἀντισταίη,
3522 2004 3823 2078 μαχούμενοι.

2230 2089 2514 2155 Ἐλοόντες
2567 2090 2624 2146 δὲ
2670 2091 2806 2166 πρὸς
2844 2094 2944 2162 τὴν
3003 2095 3104 2161 τῆς
3149 2100 3346 2166 πηγῆς
3392 2093 3566 2162 πύλην
3621 2095 3697 2148 καὶ
3735 2095 3826 2148 ταῦ-

2229 2202 2328 2248 την
2384 2180 2880 2256 ἀναπεφραγμένην
2940 2182 3186 2257 εὑρόντες
3245 2181 3425 2246 λίθοις
3471 2183 3720 2238 κατέσπων
3761 2184 3824 2237 εὖ·

2230 2269 2388 2341 θέως,
2446 2272 2548 2324 κάκ
2601 2271 2767 2343 μέσου
2825 2275 3110 2332 ποιοῦντες
3167 2271 3309 2334 τοὺς
3353 2269 3538 2333 λίθους
3591 2269 3740 2326 δίοδον
3774 2276 3822 2343 τῇ

2228 2363 2450 2431 στρατιᾷ
2478 2359 2779 2431 ἡτοίμαζον
2843 2360 3077 2434 εὐμαρῆ,
3139 2361 3258 2415 εἶτα
3315 2357 3373 2415 δὲ
3428 2362 3514 2415 γαί
3546 2358 3820 2438 0337,3211).-

2227 2573 2419 2631 fallaci
2449 2592 2718 2633 sermone
2751 2583 3187 2649 promuventem
3226 2579 3278 2634 ei
3313 2583 3636 2652 suspectum
3659 2577 3817 2634 redde-

2225 2668 2330 2718 ret.
2356 2666 2546 2730 Quare
2577 2667 2785 2722 statuit
2815 2683 2948 2723 eum
2975 2667 3152 2724 veluti
3187 2669 3502 2724 conscium
3533 2668 3816 2723 insidiarum

2225 2753 2626 2827 constringere
2681 2756 3263 2829 custodiendumque
3295 2757 3424 2813 suis
3455 2758 3602 2828 dare,
3632 2757 3816 2830 quodet

2223 2841 2359 2897 fecit
2380 2842 2608 2900 volente
2640 2845 2764 2916 ipso
2788 2863 2852 2900 ac
2886 2863 2948 2902 se
2972 2850 3250 2917 paratum
3277 2847 3578 2902 exhibente
3603 2847 3664 2901 ad
3688 2845 3815 2915 quid-

2220 2929 2306 2985 vis
2339 2931 2612 3004 supplicii
2647 2935 3047 3003 subeundum,
3082 2935 3130 2990 si
3163 2935 3497 3007 quidquam
3529 2934 3811 2990 insidiarum

2221 3020 2292 3074 ab
2323 3019 2396 3077 iis
2428 3022 2673 3094 quijam
2707 3024 2912 3079 urbem
2948 3023 3322 3081 intraverant
3347 3029 3665 3081 strueretur.
3687 3025 3812 3078 (Zom-

2223 3109 2508 3181 probabat
2537 3128 2664 3184 quas
2691 3129 2725 3168 a
2749 3114 3079 3169 Cutritzace
3109 3113 3368 3170 fidenter
3388 3131 3455 3170 ea
3476 3114 3734 3170 occasione
3750 3111 3811 3165 di-

2223 3199 2508 3254 cebantur
2525 3200 2782 3272 Alexius,
2806 3203 3162 3259 confirmans
3185 3203 3474 3260 similiter
3494 3208 3746 3274 patruum,
3771 3204 3810 3255 ct

2223 3292 2287 3343 ut
2310 3293 2532 3344 metum
2566 3291 2880 3364 deponeret
2910 3292 3262 3348 adhortans.
3288 3293 3440 3366 Ergo
3458 3291 3549 3348 ille
3570 3291 3697 3346 circa
3715 3305 3805 3345 mo-

2225 3377 2542 3433 nasterium
2578 3380 2644 3434 ad
2699 3380 2918 3436 fontem
2951 3381 3132 3437 situm
3166 3381 3533 3454 quiescebat,
3563 3381 3808 3438 continens

2223 3466 2541 3522 exercitum
2575 3467 2908 3534 silentio,et
2932 3471 3194 3526 intentus
3233 3471 3588 3527 observando
3609 3471 3742 3542 signo
3758 3468 3807 3520 de

2225 3571 2340 3626 quo
2371 3561 2739 3613 convenerat.
2787 3559 2925 3614 Erat
2975 3564 3173 3616 autem
3207 3561 3269 3617 id
3303 3558 3645 3625 acclamatio,
3670 3555 3810 3629 qualis

2224 3643 2350 3699 fieri
2381 3645 2836 3717 imperatoribus
2867 3647 3039 3716 solet,
3063 3665 3252 3720 supra
3285 3666 3522 3705 murum
3551 3647 3689 3703 edita
3712 3659 3812 3700 voce

2224 3732 2454 3788 sublata
2473 3739 2529 3789 et
2549 3733 2663 3790 late
2697 3735 3077 3809 intelligibili.
3107 3737 3192 3792 llli
3220 3755 3396 3810 porro
3424 3735 3705 3810 tranquille
3730 3749 3813 3788 ma-

2223 3837 2457 3895 gnaque
2484 3825 2633 3880 I42
2658 3825 2876 3881 vitandi
2902 3827 3189 3898 strepitus
3217 3826 3810 3899 cura,singillatimcon-

2224 3911 2447 3967 scensis
2474 3913 2668 3983 scalis,
2690 3915 2879 3971 ofl‘end
2892 3933 2922 3970 u
2935 3919 2998 3971 nt
3011 3916 3212 3972 statim
3226 3918 3502 3973 custodes
3524 3913 3809 3971 dormientes

2224 3999 2375 4071 (Itali
2401 4001 2460 4056 hi
2483 4006 2672 4070 erant)
2711 4010 2768 4058 et
2817 4004 3080 4060 terribile
3110 4004 3234 4062 illis
3267 4005 3560 4062 somnium
3591 4003 3808 4076 portant:

2224 4089 2420 4146 subito
2449 4091 2605 4146 enim
2631 4108 2729 4148 eos
2754 4109 2858 4148 nec
2881 4094 3206 4150 sentientes
3241 4094 3561 4166 corripiunt
3583 4107 3638 4148 ac
3657 4091 3808 4144 detur-

2225 4177 2368 4233 bant
2391 4179 2994 4253 deorsum,jugulatos
3014 4181 3415 4252 prius.Socios
3438 4198 3562 4238 vero
3582 4177 3808 4251 quosdam

2225 4265 2513 4338 ipsorum,
2543 4269 2641 4340 qui
2675 4269 2938 4326 tumultu
2987 4271 3159 4327 exciti
3211 4272 3416 4345 fugam
3468 4265 3808 4342 expediebant,

2225 4363 2696 4430 praeoccupantes
2728 4359 3048 4415 concidunt
3077 4359 3319 4432 gladiis,
3340 4365 3403 4416 ut
3423 4375 3582 4415 nemo
3603 4367 3812 4426 superes-

2224 4448 2314 4500 set
2345 4447 2446 4518 qui
2476 4449 2772 4505 nuntiaret
2804 4465 2931 4520 qua
2959 4450 3343 4521 gerebantur.
3370 4449 3579 4521 Nempe
3601 4447 3703 4516 jam
3723 4454 3809 4495 me-

463 4544 692 4599 derant.
719 4541 835 4598 Nec
864 4544 1061 4596 tamen
1094 4537 1264 4594 illum
1295 4536 1547 4593 audiens
1570 4553 1602 4592 a
1629 4535 1966 4607 suspicione
1983 4551 2116 4592 con-
2145 4526 2192 4593 D
2225 4541 2375 4602 tum,
2398 4553 2513 4608 quo
2545 4538 2760 4593 mcenia
2792 4539 2998 4595 timide
3030 4539 3359 4595 subeuntes
3384 4537 3811 4596 aestuavcrant,ne

464 4631 805 4704 quiescebat
834 4629 1026 4686 Caesar
1055 4645 1067 4682 :
1101 4625 1467 4683 comminisci
1512 4625 1666 4680 enim
1727 4641 1842 4681 non
1893 4630 2121 4697 poterat

465 4720 566 4776 ubi
589 4723 646 4775 et
667 4718 1051 4792 quamobrem
1097 4721 1218 4771 tam
1263 4715 1366 4770 diu
1419 4714 1796 4781 feriarentur,
1825 4730 1930 4770 nec
1962 4717 2118 4786 quod

462 4807 662 4865 statim
695 4808 952 4862 facturos
983 4804 1440 4876 spoponderant,
1473 4802 1665 4858 adhuc
1727 4803 2121 4875 dissipassent

463 4914 698 4953 murum
716 4894 1070 4952 subitarium
1086 4891 1661 4965 elapidibustemere
1686 4893 1981 4964 congestis
1994 4893 2119 4949 sine

465 4991 752 5043 cmmento
779 4988 930 5040 retro
960 4986 1185 5056 portam
1219 4979 1392 5036 fontis
1417 4983 1841 5047 erectum.Quaa
1867 4982 2119 5039 maxime

465 5093 560 5132 res
590 5072 1104 5146 inquietissimum
1128 5069 1212 5124 illi
1234 5075 1520 5126 terrorem
1545 5069 1896 5126 admovebat
1917 5071 2117 5143 magni

465 5183 498 5220 a
521 5181 652 5220 mox
674 5163 970 5235 erupturis
992 5159 1264 5216 hostibus
1281 5158 1546 5232 periculi.
1573 5158 1946 5230 ltaquevultu
1964 5161 2114 5216 haud

463 5252 882 5310 dissimulabat
900 5265 1204 5306 maerorem
1223 5248 1392 5320 quasi
1417 5264 1557 5302 serae
1583 5246 2116 5320 pmnitentiae,quod

465 5343 634 5399 illudi
659 5343 774 5398 sibi
801 5359 868 5397 ac
891 5341 1090 5396 fucum
1117 5337 1239 5393 fieri
1264 5353 1443 5407 seque
1474 5353 1540 5391 ac
1573 5334 1890 5391 exercitum
1914 5337 2118 5394 fraude

461 5433 521 5487 in
547 5430 797 5487 insidias
822 5427 976 5484 trahi
999 5442 1212 5500 passus
1237 5427 1606 5488 csset.Quem
1632 5422 1715 5477 illi
1741 5439 1992 5480 errorem
2015 5427 2112 5496 qui

459 5522 691 5577 demere
713 5516 1068 5574 consolando
1092 5513 1595 5583 conabatur,adeo
1621 5529 1826 5583 parum
1857 5515 2116 5585 proﬁcis-

461 5611 580 5674 bat,
606 5614 670 5664 ut
701 5624 828 5663 sese
861 5606 1052 5678 potius
1086 5603 1274 5672 ipsum
1312 5608 1592 5673 tanquam
1628 5601 1743 5656 doli
1775 5619 2114 5662 successum

2231 4644 2347 4699 qua
2365 4627 2422 4682 vi
2453 4627 2669 4697 majore
2694 4628 2764 4683 ab
2789 4627 3018 4699 incepto
3051 4628 3526 4700 prohiberentur,
3548 4616 3810 4681 nuncdeni-

2231 4734 2344 4788 que
2403 4715 2698 4773 alacritate
2743 4717 3075 4772 animorum
3123 4735 3189 4774 ac
3239 4717 3570 4774 fortitudine
3617 4721 3808 4770 sucessu

2229 4809 2400 4861 aucta
2444 4806 2706 4862 vicerant
2754 4807 3294 4878 exstinxerantque,
3329 4807 3604 4878 planeque
3639 4814 3731 4872 prae
3763 4809 3807 4849 se

2228 4895 2495 4951 ferebant
2516 4911 2577 4950 se
2599 4896 2885 4967 quemvis,
2912 4895 3012 4966 qui
3033 4895 3450 4951 adversaturus
3482 4910 3539 4948 se
3565 4887 3804 4960 objiceret.

2228 4984 2410 5040 armis
2442 4984 2594 5040 ultro
2628 4983 2847 5040 adoriri
2891 5001 3006 5041 non
3055 4985 3449 5041 dubitaturos.
3473 4973 3728 5051 Progressi
3752 4969 3803 5024 ad

2229 5078 2456 5144 portam
2484 5073 2683 5143 fontis,
2717 5078 2774 5129 et
2805 5073 2956 5130 banc
3008 5074 3263 5130 maceria
3312 5077 3463 5129 retro
3506 5066 3802 5126 obstructam

2228 5163 2602 5234 reperientes,
2627 5162 2871 5218 diruunt
2888 5179 3016 5218 eam
3041 5161 3238 5218 statim
3256 5159 3560 5216 abstractis
3581 5147 3806 5223 disjectis-

2228 5267 2340 5322 que
2372 5250 2670 5322 lapidibus
2703 5251 2914 5324 raptim
2949 5251 3243 5323 congestis
3295 5267 3360 5306 ac
3408 5253 3607 5304 temere
3649 5251 3804 5308 supcr-

2228 5339 2712 5410 structis,quil)us
2736 5341 3406 5413 constabat,ingressum
3431 5337 3806 5405 irrupturomox

2226 5430 2506 5484 exercitui
2535 5429 2720 5484 latum
2755 5434 2809 5485 et
2841 5429 3190 5486 inoffensum
3225 5445 3293 5483 ea
3325 5442 3495 5500 Opera
3523 5418 3800 5496 pandentes.

2230 5517 2443 5574 Deinde
2477 5523 2671 5573 autem
2708 5519 2910 5574 cuneis
2941 5519 3121 5575 aeneis
3151 5517 3419 5573 cardines
3446 5513 3704 5570 valvarum
3731 5501 3798 5554 d0-

2227 5606 2533 5663 molientes
2568 5606 3074 5664 revellunt.Florte
3107 5622 3361 5680 praesens
3393 5601 3570 5662 adfuit
3597 5597 3686 5653 hoc
3710 5586 3798 5644 illi!
