4018 6198
228 270 357 324 581.

1285 271 1380 323 DE
1418 269 1789 325 MICHAELE
1829 267 2273 322 PAL£OLOGO
2309 270 2443 322 LIB.
2485 272 2555 322 Il.
3535 273 3643 329 582

234 391 371 452 κέοις
426 390 555 452 τοὺς
605 393 825 464 θαιρούς
878 397 985 445 τῶν
1037 391 1226 447 πυλῶν
1280 392 1661 467 ἐκκρούσαντες
1718 393 1968 460 κατα-Α
2000 387 2183 451 λαγὼς
2243 392 2326 444 καὶ
2386 388 2543 452 εἰδὼς
2590 391 2655 445 τὶ
2708 395 2815 445 τῶν
2861 390 3120 447 ἀλώσεων
3149 391 3412 468 δυσχερῆ,
3448 394 3641 464 δεδιὼς

234 485 425 536 σπῶσι.
483 480 587 535 Καὶ
658 480 839 547 εὐθὺς,
902 475 1065 555 ἔτυχε
1133 481 1235 555 γὰρ
1315 481 1499 557 παρὼν
1562 480 1732 534 ἐκεῖσε
1786 477 1877 532 καὶ

230 575 330 625 τῶν
391 568 708 641 ἱερωμένων
773 572 801 624 ὁ
863 575 1127 645 Λακερᾶς,
1175 569 1235 624 ἐκ
1290 575 1399 625 τῶν
1457 568 1876 642 θεληματαρίων

232 658 305 713 ὢν
347 658 435 713 καὶ
490 658 652 722 αὐτὸς
699 660 783 713 καὶ
852 664 1121 733 συνεργῶν
1176 657 1467 734 ἀνδρικῶς.
1530 652 1879 713 ὑπαναϐαίνει

228 749 287 802 τὸ
320 753 505 823 τεῖχος
538 746 753 819 σύναμα
787 742 1057 819 Γλαόάτῳ
1084 746 1191 802 τινὶ
1237 748 1326 802 καὶ
1378 747 1598 809 λοιποῖς
1655 744 1877 820 ἑτέροις.

230 835 372 894 Οὐδὲ
427 837 525 910 γὰρ
586 833 663 891 ἔτι
726 835 958 908 ἐτόλμα,
988 836 1079 891 καὶ
1139 839 1174 906 ἡ
1235 838 1388 914 φωνή
1454 830 1877 898 συναπεσϐέσθαι

222 931 299 996 τῷ
354 924 459 980 δέει
518 924 678 1001 ἐγγὺς
737 922 1089 994 ἐκινδύνευεν,
1126 926 1264 979 ὅπου
1320 946 1380 1001 γε
1437 924 1527 980 καὶ
1585 926 1647 979 τὸ
1693 928 1881 998 τεῖχος

228 1012 407 1068 δοκεῖν
465 1015 492 1068 ὁ
549 1008 720 1091 φόϐος
777 1011 958 1068 ἐδίδου
1016 1010 1378 1088 κραδαίνεθαι,
1438 1015 1513 1077 ὡς
1570 1013 1659 1068 καὶ
1717 1035 1878 1068 κατα-

224 1104 447 1158 πίπτειν
500 1104 591 1157 τὸν
655 1102 792 1178 μέγα
846 1105 1166 1179 φωνήσοντα
1221 1105 1319 1172 τὴν
1372 1107 1483 1159 τῶν
1539 1104 1878 1178 κρατούντων

225 1193 529 1265 εὐφημίαν.
560 1194 754 1264 ’Όμως
784 1192 1305 1267 παρακρατούμενος
1348 1198 1467 1254 τοῖς
1516 1192 1720 1267 ἑτέροις
1759 1213 1881 1268 τρε-

224 1280 410 1355 μούσῃ
474 1282 629 1357 φωνῇ
685 1281 786 1348 τὴν
846 1279 1137 1354 βασιλικήν
1201 1282 1557 1354 ὑπεσήμαινε,
1614 1280 1703 1336 καὶ
1759 1302 1880 1335 συν-

225 1372 411 1443 ήχουν
446 1371 497 1424 οἱ
529 1370 677 1424 κάτω
704 1375 821 1431 τοῖς
850 1367 984 1435 ἄνω,
1018 1369 1106 1424 καὶ
1157 1371 1191 1438 ἡ
1245 1371 1398 1446 φωνή
1450 1367 1672 1445 διῄρετο
1721 1372 1884 1425 καθό-

222 1480 317 1512 σον
355 1459 420 1527 ἧν
474 1457 833 1535 ὑψηλότερον.
866 1458 999 1513 Τότε
1053 1459 1143 1514 καὶ
1202 1462 1253 1513 οἱ
1312 1458 1450 1536 ἀμφὶ
1507 1460 1597 1513 τὸν
1646 1460 1882 1534 Καίσαρα

218 1547 324 1613 τὴν
391 1547 575 1623 φωνὴν
638 1543 1063 1621 καραδοκοῦντες
1121 1546 1444 1608 ἀκούσαντες
1476 1544 1755 1617 ἐκπηδῶσι
1785 1551 1881 1601 τοῦ

224 1636 437 1710 λόχου,
466 1634 554 1690 καὶ
588 1637 700 1707 ἅμα
729 1636 888 1709 τάχει
922 1636 1140 1709 ἀπτέρῳ
1196 1634 1283 1690 ἐπὶ
1338 1642 1440 1704 τῆς
1497 1633 1679 1705 πύλης
1734 1635 1879 1710 ἐχώ-

219 1746 382 1797 ρουν,
438 1723 530 1778 καὶ
582 1719 1096 1799 προκαταλνιϐόντες
1159 1723 1461 1800 εἷσχέονται
1533 1722 1877 1797 παμπληοεί.

217 1816 351 1870 Ἔτι
404 1811 452 1866 δ’
498 1813 586 1867 ὑπ’
616 1812 803 1899 αιξχαῖς
850 1816 969 1876 ταῖς
1015 1814 1258 1886 πρώταις
1315 1816 1415 1878 τῆς
1457 1813 1668 1887 ἡμέρας
1719 1810 1886 1881 οὔσης

217 1902 486 1977 ἐξαίφνης
529 1902 628 1971 τὴν
665 1902 851 1975 χώραν
879 1900 1130 1966 κατέθεον
1162 1904 1250 1956 καί
1295 1901 1559 1977 ἐπόρθουν
1611 1903 1673 1956 τὸ
1724 1922 1892 1975 προσ-

218 1992 401 2066 τυχὸν
440 1988 815 2052 σκυλεύοντες.
849 1991 919 2044 Τὸ
952 1989 1008 2045 δέ
1038 2012 1100 2065 γε
1143 1992 1410 2046 Σκυθικὸν
1469 1990 1763 2055 εύσυνέτως
1814 1993 1889 2063 μὴ

224 2078 667 2152 σιεδαννύμενον
722 2080 902 2154 εἶργον
949 2082 1011 2134 τὸ
1055 2080 1483 2155 προσγινόμενον
1544 2080 1603 2135 ὲκ
1646 2087 1745 2149 τῆς
1786 2080 1892 2135 πό-

227 2168 381 2231 λεως
414 2167 655 2238 πλῆθος,
690 2166 743 2223 εἷ’
766 2189 872 2222 που
904 2169 1149 2223 συσταῖεν
1194 2189 1336 2230 τινες
1394 2168 1772 2241 μαθησείοντες
1829 2170 1892 2224 τὸ

225 2259 532 2333 γινόμενον
582 2256 864 2330 πλάσματι
910 2257 1012 2331 γὰρ
1055 2259 1118 2311 τὸ
1166 2258 1407 2333 πραχθὲν
1461 2257 1616 2329 ἐῴκει
1659 2257 1892 2333 λεγόμε-

226 2369 352 2402 νον.
388 2348 451 2403 Ὁ
487 2346 669 2420 μέντοι
716 2366 778 2421 γε
834 2350 1039 2420 Καῖσαρ
1082 2346 1383 2423 στρατείαις
1411 2346 1683 2409 πολλακις
1744 2348 1896 2423 ἐσχο-

220 2566 547 2640 agentibus
570 2566 842 2622 sacerdos
866 2566 1105 2637 quidam
1126 2567 1359 2623 nomine
1381 2571 1646 2635 Laceras,
1672 2582 1701 2624 e
1718 2572 1889 2640 gente

218 2661 277 2710 et
313 2655 446 2727 ipse
474 2654 936 2710 voluntariorum
960 2671 973 2720 ;
1008 2653 1109 2727 qui
1132 2655 1229 2710 ubi
1255 2657 1324 2711 ad
1352 2661 1531 2728 portas
1554 2656 1886 2712 demolitio-

218 2761 365 2799 nem
397 2743 648 2799 viriliter
675 2746 1019 2815 cooperatus
1049 2743 1197 2815 ipsis
1232 2749 1405 2816 esset,
1464 2762 1703 2800 murum
1746 2762 1884 2802 con-

217 2832 465 2888 scendit
496 2848 628 2887 cum
654 2832 909 2904 quodam
941 2831 1183 2888 Glabato
1212 2834 1449 2889 nomine
1475 2838 1532 2889 et
1589 2834 1719 2889 aliis
1752 2834 1884 2889 reli-

220 2922 382 2994 quis.
414 2922 526 2977 Sed
559 2925 747 2976 terror
777 2936 909 2977 cum
941 2924 1137 2977 tantus
1189 2922 1617 2978 constrinxerat
1675 2929 1736 2978 ut
1795 2924 1886 2978 vix

223 3011 510 3083 expedire
537 3014 736 3082 posset
765 3026 998 3078 vocem;
1034 3027 1361 3083 parumque
1392 3012 1591 3068 aberat
1647 3013 1788 3084 quin
1819 3029 1884 3069 ea

222 3099 287 3155 in
326 3100 603 3155 faucibus
644 3104 802 3154 metu
833 3101 1117 3155 exstincta
1147 3100 1425 3156 condicta:
1443 3102 1889 3158 acclamationis

223 3193 476 3262 signum
513 3190 683 3246 edere
714 3190 1019 3261 nequiret:
1056 3207 1189 3245 nam
1222 3191 1398 3247 etiam
1433 3209 1661 3263 murus,
1722 3196 1887 3265 post-

222 3297 412 3352 quam
447 3280 507 3334 in
540 3294 674 3334 eum
708 3278 989 3341 ascendit.
1023 3283 1270 3335 tremere
1300 3280 1412 3351 ipsi
1436 3280 1888 3352 utiqueturbato

222 3371 541 3427 videbatur
557 3373 613 3425 et
633 3372 795 3424 totus
816 3369 1065 3425 concuti.
1090 3369 1276 3433 Quare
1299 3376 1664 3441 opportunus
1683 3372 1732 3427 ei
1758 3387 1889 3427 con-

221 3458 527 3515 firmando
558 3457 669 3513 fuit
699 3456 1013 3513 comitatus
1044 3456 1315 3524 aliorum,
1339 3458 1439 3529 qui
1465 3458 1672 3515 misere
1693 3459 1888 3515 formi-

224 3551 471 3605 dantem
509 3563 602 3617 ne,
635 3546 814 3603 simul
845 3562 1043 3602 vocem
1075 3546 1365 3602 attolleret
1396 3547 1456 3602 in
1508 3548 1883 3605 constitutam

223 3638 717 3695 acclamationem
747 3638 1168 3707 Augustorum,
1202 3637 1273 3691 de
1306 3653 1474 3693 muro
1507 3638 1706 3693 statim
1740 3655 1884 3710 prae-

224 3743 363 3798 ceps
390 3726 646 3792 caderet,
667 3723 751 3779 sic
776 3723 1290 3779 adhortationibus
1315 3724 1576 3797 undique
1594 3725 1885 3782 instantes

227 3816 603 3879 animarunt,
627 3812 825 3883 sicque
858 3811 1246 3883 amplexando
1279 3814 1646 3885 tenendoque
1675 3831 1709 3870 a
1736 3831 1885 3870 vano

229 3904 497 3977 periculo
531 3901 738 3957 ruendi
768 3917 836 3957 ex
858 3899 978 3957 alto
1001 3917 1273 3956 securum
1302 3902 1565 3957 fecerunt
1586 3906 1650 3957 ut
1687 3910 1889 3959 conari

227 3994 475 4049 tandem
509 3991 772 4058 auderet,
807 4006 873 4045 ac
901 3994 1185 4045 tremente
1208 3990 1442 4061 quidem
1478 3991 1890 4049 intermortua-

232 4099 345 4154 que
377 4097 546 4150 voce,
580 4078 902 4136 solemnem
928 4078 1240 4134 formulam
1267 4080 1414 4135 bene
1457 4082 1733 4152 precandi
1766 4084 1887 4136 Au-

230 4172 427 4246 gustis
449 4175 752 4242 utcunque
774 4168 1199 4241 pronuntiaret.
1218 4168 1665 4240 Responderunt
1686 4172 1889 4227 statim

231 4264 329 4333 qui
354 4261 517 4316 143
543 4258 693 4314 infra
722 4274 958 4313 murum
991 4261 1176 4324 erant,
1207 4262 1263 4313 et
1292 4274 1488 4314 vocem
1514 4276 1766 4330 superne
1789 4276 1890 4317 ac-

233 4356 467 4424 ceptam
504 4347 896 4420 multiplicem
925 4347 1227 4403 robustius
1262 4348 1732 4419 frequentarunt,
1760 4367 1888 4421 qua:

232 4440 342 4497 late
366 4442 498 4512 jam
525 4438 795 4509 clareque
827 4437 1026 4493 audita
1058 4436 1157 4491 ubi
1189 4437 1473 4493 Cmsarem
1506 4454 1639 4493 cum
1674 4439 1797 4495 suis
1830 4440 1885 4495 id

1992 477 2179 551 οχολῇ
2227 475 2588 554 προσέϐαλεν,
2641 477 2743 541 ἕως
2797 486 2898 549 τῆς
2968 482 3180 557 ἡμέρας
3256 484 3640 561 ὑπαυγασάσης

1986 567 2171 623 τέλεον
2226 571 2388 642 μάθοι
2436 571 2535 639 τὴν
2568 568 2719 631 ἐντὸς
2757 568 2984 642 δύναμιν
3018 566 3418 647 ἀκριϐέστερον.
3453 582 3638 631 Μετα-

1990 652 2261 729 λαμϐάνει
2288 655 2345 712 δὲ
2374 659 2473 727 τὴν
2508 656 2714 712 δειλίαν
2746 658 2945 727 ταύτην
2996 656 3179 735 ἕτερος
3229 656 3487 736 θόρυϐος,
3518 664 3639 717 ἰκα-

1989 750 2094 800 νῶν
2131 745 2355 801 Ἰταλῶν
2390 748 2659 824 φανέντων
2693 746 2743 801 ἐν
2774 746 2972 809 ὅπλοις
3016 747 3103 802 καὶ
3153 749 3399 824 ἰσχυρῶς
3449 773 3638 827 φαινο-

1993 832 2166 907 μένων
2227 834 2375 909 ἔχειν
2452 836 2695 909 ἀμύνειν.
2751 836 2939 911 Ἐγγὺς
2997 835 3042 891 δ’
3102 836 3276 893 ἐλθεῖν
3343 838 3644 895 ἐκινδύνευε

1991 921 2079 978 διά
2124 928 2290 979 ταῦτα
2344 923 2512 979 πάλιν
2560 927 2854 1000 τραπέσθαι
2899 947 2956 980 τε
3003 926 3093 981 καὶ
3138 928 3239 996 τὴν
3282 930 3470 1004 πρᾶξιν
3513 930 3640 985 ἀνα-

1990 1007 2248 1077 ϐαλέσθαι
2284 1032 2295 1045 ·
2331 1010 2457 1068 οὐδὲ
2504 1013 2607 1090 γὰρ
2653 1014 2730 1077 εἰς
2783 1017 2969 1089 μάχην
3020 1014 3072 1070 οἷ
3115 1014 3445 1081 εἰσελθόντες
3498 1019 3643 1089 ἀξιό-

1990 1122 2140 1176 χρεῳ
2168 1102 2480 1176 ἐνομίζοντό
2513 1104 2585 1174 οἱ,
2622 1101 2787 1176 μόλις
2819 1103 2895 1165 εἷς
2943 1109 3133 1179 πεῖραν
3183 1106 3271 1159 καὶ
3321 1106 3491 1183 λόχον
3547 1108 3642 1183 ἀρ-

1988 1193 2258 1254 κέσοντες.
2292 1194 2372 1265 [Ρ.
2410 1194 2502 1265 93]
2548 1192 2727 1248 Ἀλλὰ
2773 1194 3142 1251 προστίθενται
3194 1193 3414 1258 τούτοις
3457 1196 3545 1250 καὶ
3591 1198 3642 1251 οἱ

1989 1277 2409 1353 θεληματάριοι,
2441 1282 2533 1335 καὶ
2565 1278 2752 1343 ἄλλως
2803 1282 2897 1355 μὲν
2942 1281 3236 1357 θαρραλέοι
3287 1279 3456 1353 ὄντες,
3491 1285 3645 1357 ὅμως

1991 1364 2048 1421 δὲ
2089 1369 2178 1422 καὶ
2218 1370 2245 1422 ὁ
2276 1370 2399 1444 περὶ
2430 1375 2538 1424 τῶν
2592 1369 2737 1425 ὅλων
2788 1368 3040 1432 κίνδυνος
3068 1371 3193 1425 τότε
3241 1371 3331 1426 καὶ
3380 1373 3525 1447 παρᾶ
3581 1374 3644 1428 τὸ

1991 1454 2134 1517 εἰκὸς
2167 1462 2301 1534 σφᾶς
2348 1456 2522 1512 ἐποίει
2575 1456 2938 1531 ἀνδρίζεσθαι,
2972 1459 3045 1520 ὡς
3104 1461 3178 1531 μὴ
3226 1460 3646 1535 περιεσομένους

1994 1546 2051 1598 ἂν
2099 1551 2345 1618 κρατοῖεν
2406 1546 2705 1604 οἱἾταλοί.
2738 1552 2824 1619 Τῷ
2879 1568 2964 1602 τοι
3015 1548 3105 1602 καὶ
3153 1548 3503 1613 συσταθέντες
3554 1550 3645 1605 καὶ

1993 1633 2215 1697 ἑαυτοὺς
2275 1635 2598 1711 ἀρτύναντες
2648 1637 2897 1711 ἀντεῖχον
2947 1637 3036 1691 καὶ
3085 1644 3373 1711 περιῆσαν,
3424 1638 3646 1714 ὀλίγους

1996 1724 2090 1795 μὲν
2145 1720 2540 1797 ἀποϐαλόντες,
2579 1724 2769 1781 ἐνίκων
2823 1724 2881 1780 δὲ
2928 1725 3019 1781 καὶ
3070 1731 3523 1803 κατετροποῦντο,
3557 1730 3645 1783 καὶ

1992 1815 2135 1867 νῶτα
2208 1810 2450 1876 διδόντας
2519 1819 2599 1886 τῷ
2657 1814 2731 1875 εἷς
2788 1815 2962 1891 φυγὴν
3028 1816 3323 1889 τραπέσθαι
3386 1814 3643 1872 ὑποδῦναι

2000 1902 2192 1964 σκότος
2249 1901 2487 1972 ἐποίουν,
2520 1901 2643 1967 ἔνθα
2699 1902 2760 1957 ἃν
2818 1903 2907 1958 καὶ
2961 1909 3202 1967 σωθεῖεν.
3237 1904 3376 1961 Τότε
3424 1926 3645 1981 τοιγαρ-

2001 1996 2092 2046 οῦν
2140 1991 2202 2046 τὸ
2253 1993 2346 2063 μὲν
2397 1993 2659 2047 Σκυθικὸν
2708 1990 2903 2062 ἀνέδην
2951 1998 3071 2054 ταῖς
3130 1992 3473 2049 σκυλεύσισιν
3520 1994 3646 2050 ἐπε-

2003 2078 2294 2149 ϐάλοντος,
2324 2082 2414 2135 καὶ
2445 2081 2747 2152 ἀποθήκαις
2776 2086 2884 2137 τῶν
2930 2079 3216 2157 χρειωδῶν
3252 2082 3644 2157 προσπαίοντες

2003 2169 2355 2247 ἐνεφοροῦντο
2402 2174 2509 2225 τῶν
2558 2170 2882 2246 ἀναγκαίων.
2915 2173 3107 2243 ’Όμως
3142 2167 3197 2224 δέ
3247 2191 3309 2244 γε
3338 2170 3428 2226 καὶ
3477 2172 3643 2227 πάλιν

2000 2259 2138 2335 ἀμφὶ
2171 2260 2261 2312 τὸν
2293 2258 2537 2333 Καίσαρα
2569 2254 2918 2334 συνελέγοντο
2943 2265 3042 2328 τῆς
3083 2260 3294 2334 ἡμέρας
3344 2259 3642 2330 πολλάκις,

2003 2348 2091 2402 καὶ
2120 2347 2618 2423 περιτειχιζόμενοι
2647 2352 2839 2403 τοῦτον
2875 2347 3171 2427 ἐφρούρουν
3211 2368 3269 2402 τε
3310 2350 3397 2404 καὶ
3447 2348 3641 2426 ἐφρου-

1998 2569 2505 2641 oppugnationum
2532 2568 2825 2640 periculis,
2859 2569 3113 2642 indeque
3135 2572 3415 2640 reputans
3464 2586 3643 2641 quam

1998 2656 2074 2711 sit
2103 2672 2317 2729 anceps
2348 2662 2405 2713 et
2434 2657 2731 2714 erroribus
2759 2657 3107 2730 perniciosis
3136 2657 3389 2714 obnoxia
3421 2672 3514 2714 res
3544 2674 3642 2715 ex-

1995 2745 2280 2817 gugnatio
2314 2746 2571 2816 urbium,
2588 2746 2838 2818 sapienti
2854 2747 3305 2803 cunctabundus
3322 2750 3478 2801 metu
3498 2763 3640 2803 non-

1997 2833 2111 2888 nisi
2142 2838 2310 2889 caute
2340 2851 2405 2890 ac
2454 2834 2818 2907 pedetentim
2866 2834 3239 2906 procedebat,
3299 2838 3645 2905 exspectans

1996 2922 2135 2976 dum
2186 2922 2386 2978 adulta
2425 2924 2550 2993 jam
2588 2923 2679 2979 die
2729 2924 2897 2993 plene
2947 2939 3013 2979 ac
3064 2926 3220 2978 certo
3271 2926 3646 2993 cognosceret

1994 3016 2276 3082 quantum
2303 3013 2461 3068 intus
2492 3017 2647 3069 esset
2676 3012 2999 3084 copiarum.
3034 3010 3217 3074 Quam
3249 3011 3377 3081 ejus
3403 3027 3640 3083 progre-

2002 3100 2199 3156 diendi
2226 3101 2593 3157 timiditatem
2618 3101 2771 3157 alius
2787 3101 3063 3156 continuo
3085 3100 3376 3155 tumultus
3394 3100 3639 3172 excepit.

2003 3189 2164 3244 Italis
2192 3188 2460 3246 videlicet
2486 3195 2578 3246 sat
2604 3206 2816 3262 magno
2848 3205 3092 3245 numero
3123 3188 3543 3259 apparentibus
3581 3188 3640 3243 in

1997 3278 2178 3333 armis
2210 3295 2274 3333 ea
2306 3278 2498 3350 specie
2548 3283 2611 3335 ut
2641 3278 2957 3335 fortissime
3002 3277 3339 3333 viderentur
3366 3293 3468 3348 pro
3501 3278 3644 3334 urbe

1996 3366 2297 3423 liberanda
2327 3368 2665 3441 pugnaturi.
2701 3368 2768 3423 Hi
2798 3384 2933 3423 cum
2965 3384 3028 3422 se
3067 3365 3467 3422 admovissent
3507 3383 3643 3438 pro-

1998 3455 2131 3528 pius
2161 3457 2367 3513 Caesari
2398 3474 2605 3530 parum
2628 3457 2817 3515 abfuit
2845 3458 2987 3529 quin
3020 3455 3119 3512 ille
3162 3455 3421 3527 receptui
3466 3473 3641 3513 cane-

1999 3549 2088 3601 ret
2107 3561 2370 3618 epusque
2400 3546 2755 3618 relinqueret
2780 3547 3112 3618 inceptum:
3169 3559 3284 3600 non
3339 3544 3495 3599 enim
3527 3545 3640 3615 ipsi

1998 3635 2365 3691 videbantur.
2399 3652 2544 3708 quos
2574 3637 2632 3691 in
2665 3636 2871 3692 urbem
2922 3634 3257 3704 induxerat,
3315 3633 3641 3689 resistendo

2000 3740 2190 3795 pares,
2220 3725 2434 3797 quippe
2463 3742 2612 3797 quos
2638 3726 2729 3780 vix
2753 3726 2825 3781 ad
2847 3724 3195 3780 tentandum
3218 3738 3287 3778 ex
3305 3722 3539 3779 insidiis
3561 3723 3645 3778 in-

1998 3811 2219 3868 sultum
2243 3814 2511 3869 sufﬁcere
2533 3814 2799 3885 putabat.
2820 3813 3035 3869 Verum
3058 3812 3130 3867 iis
3161 3826 3222 3866 se
3249 3811 3646 3881 adjunxerunt

1997 3901 2307 3957 voluntarii
2336 3903 2516 3959 fortes
2542 3902 2802 3974 alioquin
2832 3906 2889 3958 et
2910 3901 3059 3957 bello
3092 3900 3247 3967 boni,
3281 3904 3420 3955 tunc
3448 3904 3641 3954 autem

1998 3991 2338 4047 audaciores
2369 3992 2504 4047 facti
2538 3991 2889 4047 certitudine
2919 3986 3313 4061 impendentis
3366 3987 3512 4058 ipsis
3543 4002 3644 4042 ex-

1997 4079 2172 4134 tremi
2205 4080 2480 4151 periculi,
2512 4083 2666 4136 144
2697 4081 2747 4136 si
2780 4096 2873 4136 res
2904 4096 2969 4135 eo
3000 4077 3110 4134 loci
3132 4077 3385 4132 deducta
3412 4076 3646 4132 omitte.

1999 4173 2197 4225 retur:
2234 4185 2423 4241 neque
2452 4170 2608 4225 enim
2635 4173 2760 4226 erat
2788 4168 3034 4224 dubium
3066 4166 3231 4238 quin,
3273 4166 3321 4221 si
3369 4181 3435 4221 eo
3493 4165 3645 4238 peri-

1998 4257 2130 4313 culo
2160 4257 2488 4315 incolumes
2521 4259 2649 4315 Itali
2681 4258 3161 4329 defungerentur,
3210 4258 3445 4327 gentem
3503 4253 3649 4308 sibi-

1999 4347 2332 4415 obnoxiam,
2365 4365 2492 4421 qua:
2527 4348 2687 4420 ipsos
2717 4350 2875 4403 esset
2934 4346 3175 4417 perdere
3232 4348 3461 4411 conata,
3520 4342 3645 4414 pari

1998 4437 2281 4507 exigenda
2312 4442 2432 4492 tam
2464 4435 2857 4508 acrisinjurite
2878 4434 3136 4492 vindicta
3159 4432 3423 4490 funditus
3446 4432 3644 4505 perde-

235 4531 436 4602 ipsum
471 4530 875 4598 exspectantes
902 4526 1234 4592 admonuit,
1260 4525 1540 4583 exsiliunt
1569 4544 1635 4583 ex
1657 4527 1891 4585 insidiis
1922 4523 1970 4584 D
2002 4531 2149 4582 rent.
2172 4531 2460 4584 Coeuntes
2485 4527 2663 4599 igitur
2676 4542 2888 4598 magno
2906 4522 3645 4592 numeroinstruentesque

235 4624 287 4675 et
318 4616 547 4675 volucri
579 4614 869 4672 celeritate
892 4618 1129 4671 ruentes
1160 4614 1229 4669 ad
1264 4618 1489 4685 portam
1522 4632 1772 4686 peream
1797 4635 1891 4674 oc-

237 4716 516 4781 cupatam
538 4704 707 4761 densi
725 4705 1002 4761 subeunt.
1025 4708 1181 4759 Hora
1203 4706 1326 4759 erat
1343 4702 1756 4762 dilucescentis
1780 4708 1898 4778 pri-

241 4796 473 4853 mulum
510 4794 889 4868 diei,quando
913 4792 1162 4866 ingressi
1183 4792 1388 4849 urbem
1412 4793 1629 4851 milites
1648 4797 1895 4853 Caesaris

238 4887 546 4942 incursare
568 4884 865 4957 regionem
889 4883 1147 4956 primum
1173 4881 1401 4938 obviam
1424 4898 1489 4937 ac
1512 4882 1760 4955 diripere
1781 4902 1891 4941 cce-

241 4979 478 5048 perunt,
514 4972 833 5045 spoliantes
866 4976 1155 5044 quotquot
1185 4976 1577 5027 occurrerent.
1628 4975 1698 5029 At
1752 4974 1891 5046 Scy-

240 5065 411 5122 thicae
432 5063 634 5134 copim,
660 5062 936 5135 prudenti
959 5078 1102 5117 sane
1114 5060 1377 5127 consilio,
1396 5061 1731 5118 militariter
1744 5063 1895 5120 ordi-

240 5162 389 5213 natae
411 5155 813 5228 perstiterunt,
836 5155 1249 5210 submoventes
1268 5151 1608 5208 afﬂuentem
1628 5155 1895 5226 ereliqua

239 5244 381 5299 urbe
415 5242 882 5308 multitudinem,
910 5240 1097 5298 sicubi
1127 5245 1403 5296 coeuntes
1435 5240 1677 5310 quidam
1700 5243 1891 5298 consi-

239 5336 461 5388 sterent
482 5330 682 5402 cupidi
731 5329 1122 5404 cognoscendi
1173 5328 1314 5400 quid
1376 5333 1712 5400 gereretur:
1775 5348 1890 5388 non

238 5421 391 5476 enim
427 5421 603 5477 fidem
640 5420 930 5475 faciebant
961 5419 1061 5491 qui
1111 5435 1232 5473 rem
1275 5422 1337 5472 ut
1370 5423 1495 5473 erat
1552 5421 1888 5477 narrabant.

238 5518 521 5568 Caeterum
555 5511 747 5568 Cresar
769 5510 942 5583 longo
974 5526 1082 5566 usu
1135 5526 1328 5565 rerum
1361 5509 1704 5566 bellicarum
1757 5514 1889 5568 edo-

242 5608 395 5673 ctus,
429 5616 702 5674 szepeque
734 5617 798 5654 ac
832 5599 928 5653 diu
963 5602 1230 5654 versatus
1254 5597 1309 5652 in
1344 5598 1785 5669 expeditionum
1838 5607 1895 5658 et

2004 4632 2132 4672 sese
2162 4616 2220 4672 in
2245 4618 2426 4673 aciem
2446 4616 2677 4689 egregie
2702 4615 3084 4681 restiterumt,
3104 4612 3456 4682 tandemque
3479 4627 3649 4682 supe-

2004 4705 2209 4771 riores,
2224 4704 2428 4777 paucis
2446 4721 2686 4762 suorum
2702 4704 2959 4773 amissis,
2974 4702 3237 4759 vicerunt
3256 4701 3651 4771 fuderuntque

2004 4795 2226 4861 hostes,
2249 4798 2304 4850 et
2320 4799 2481 4866 tergo
2502 4799 2720 4850 vertere
2742 4792 3149 4864 compulsosin
3171 4790 3416 4846 latibula
3436 4790 3648 4859 cuique

2004 4888 2141 4939 nota
2173 4882 2604 4955 compulerunt,
2639 4883 2737 4938 ubi
2763 4882 3139 4939 tenebrarum
3170 4880 3450 4936 beneficio
3471 4878 3650 4934 vitam

2004 4976 2324 5028 servarent.
2366 4972 2527 5028 Tunc
2553 4972 2789 5027 demum
2841 4987 3044 5028 secure
3074 4987 3139 5026 ac
3171 4968 3365 5041 palam
3426 4967 3649 5040 Scythas

2002 5061 2389 5133 congerendis
2414 5078 2483 5118 ex
2504 5061 2669 5117 hoste
2701 5061 2913 5133 praedis
2935 5059 3257 5132 spoliisque
3281 5074 3515 5130 operam
3546 5057 3649 5111 de-

2004 5151 2235 5220 derunt,
2254 5155 2311 5206 et
2330 5151 2389 5206 in
2412 5150 2724 5222 apothecas
2746 5165 2941 5205 rerum
2976 5149 3045 5204 ad
3066 5148 3283 5204 victum
3308 5152 3648 5219 paratarum

2002 5239 2369 5296 incurrentes
2402 5239 2777 5311 expleverunt
2807 5255 2868 5295 se
2890 5239 3018 5295 cibo
3040 5242 3322 5310 potuque,
3346 5235 3428 5290 sic
3452 5239 3646 5288 tamen

2003 5333 2067 5383 ut
2096 5345 2303 5384 rursus
2333 5328 2489 5384 circa
2520 5330 2802 5385 Caesarem
2840 5343 2901 5384 se
2934 5326 3187 5383 subinde
3235 5325 3651 5395 congregarent

2003 5418 2316 5491 ipsumque
2347 5417 2651 5485 vallarent,
2683 5434 2748 5473 ac
2770 5417 3030 5473 vicissim
3067 5416 3135 5470 ab
3166 5415 3296 5486 ipso
3348 5410 3649 5481 copiisque

2004 5523 2152 5579 quas
2183 5509 2431 5564 ducebat
2462 5510 2922 5580 protegerentur,
2956 5522 3022 5560 ac
3054 5505 3139 5560 sic
3165 5517 3389 5570 omnes,
3437 5496 3485 5553 si
3544 5497 3645 5567 qui

2003 5601 2073 5656 de
2104 5615 2250 5655 novo
2282 5598 2748 5654 adversariorum
2795 5598 3165 5667 apparerent,
3225 5608 3321 5647 eos
3380 5587 3650 5646 alacriter
