4018 6198
393 270 500 328 583
1700 253 2003 314 GEORGII
2039 250 2502 310 racemum
3123 231 3126 233 Α
3648 265 3735 325 584

397 398 608 471 ροῦντο,
641 393 736 462 ὡς,
769 387 824 444 εἶ’
845 406 986 448 τινες
1019 387 1250 462 φανεῖεν.
1285 377 1665 443 εἷ’σϐαλοῦντες
1720 381 2036 454 προθύμως.
2069 388 2123 455 Α
2154 379 2434 456 σφετέραις
2487 375 2690 451 γυναιξὶ
2768 376 2858 430 καὶ
2941 375 3152 437 τέκνοις
3237 377 3700 454 κπορβωδήσαντες
3726 411 3737 424 '

395 463 457 544 ἑο
514 463 677 555 δέ-γε
731 473 986 554 βασιλεὺς
1029 471 1247 528 ἐκείνων
1303 474 1332 527 ὁ
1377 469 1728 541 ΒαΛδουῖνος,
1759 466 2047 544 ἐκπλαγεὶς
2156 469 2352 540 “Ὀμως
2413 465 2676 541 ἐτάχυναν
2737 463 3018 534 ἐπιστῆναι
3075 466 3164 521 καὶ
3223 467 3295 531 ὠς
3347 469 3486 546 εἶχον
3525 473 3733 548 ἀμῦναι*

397 577 513 629 οἷον
553 567 787 630 ἀκούσας
837 565 926 620 καὶ
985 568 1092 618 τῶν
1143 566 1350 641 φρενῶν
1397 557 1498 634 ἔξω
1547 560 1862 635 γενόμενος,
1894 555 2050 614 οὐδὲν
2156 557 2277 632 περὶ
2331 556 2434 633 γὰρ
2491 557 2780 630 τριάκοντα
2818 555 2908 610 καὶ
2957 557 3116 632 πρὸς,
3153 556 3316 633 λόγος
3363 559 3492 640 ἔχει,
3547 578 3740 646 μακραῖς

395 660 525 716 ἀλλ’
554 658 589 728 ἢ
620 656 761 734 πρὸς
789 659 869 727 τῷ
899 657 1093 732 φυγεῖν
1123 653 1212 722 ἦν.
1246 652 1344 706 Καὶ
1377 648 1443 720 δὴ
1477 647 1796 705 καταλιπὼν
1837 648 1904 703 τὰ
1940 653 2047 703 τῶν
2162 646 2317 701 ναυσί
2372 644 2629 720 μονήρέσί
2683 665 2742 700 τε
2785 643 2874 700 καὶ
2929 648 3176 723 τριήρεσι
3253 650 3386 706 κατὰ
3460 643 3744 734 Δαφνου-σίας

394 749 726 823 Βλαχερνῶν
760 743 1030 818 ἀνάκτορα
1075 743 1149 804 ὡς
1197 740 1259 797 οὐ
1310 738 1536 805 δυνατῆς
1589 737 1858 808 δοκούσης
1910 736 2050 810 ἆμύ-
2167 736 2494 811 χρήσασθαι.
2545 735 2772 797 Ταύταὶς
2840 734 3072 798 ἁπάσαις
3142 741 3582 813 ταχυναυτούσαις
3619 750 3744 818 ήπεε.

390 858 502 892 νειν
546 821 663 902 τῆς
719 841 845 911 γῆς,
897 830 1090 908 δρόμῳ
1149 835 1326 906 χωρεῖ
1375 828 1643 904 (ἐπίστευε
1684 829 1788 903 γὰρ
1837 830 1905 901 τῇ
1959 838 2051 891 ea"
2156 845 2317 898 γοντο
2367 824 2503 900 πρὸς
2561 825 2662 892 τὴν
2711 821 2899 911 πόλιν⁹
2949 825 3061 897 ἅμα
3111 825 3428 902 θαρῥοῦντες
3477 834 3559 888 καὶ
3598 841 3666 910 τῷ
3704 840 3749 894 ἐκ

394 927 569 1002 λάσσῃ
597 923 790 1000 πλέον)
823 924 962 998 πρὸς
1002 921 1065 977 τὸ
1099 922 1236 994 μέγα
1278 916 1567 988 παλάτιον,
1609 916 1698 972 καί
1756 917 1830 979 ὡς
1881 917 2050 992 εἶχεν,
2161 912 2413 1002 Σικελίας
2445 914 2681 1002 μεγίστῳ
2710 910 2896 985 πλοίῳ
2925 911 3173 976 πολλοὺς
3219 910 3403 990 ἔχοντι
3448 921 3564 985 τοὺς
3600 923 3752 982 ἐπιϐἀο

392 1017 549 1094 ἀφεὶς
601 1015 694 1088 μὶν
745 1010 1084 1086 καλύπτραν,
1120 1009 1275 1089 ἀφεὶς
1323 1006 1382 1064 δὲ
1429 1008 1518 1063 καὶ
1569 1005 1807 1078 σπάθην,
1837 1005 1907 1061 τὰ
1953 1012 2052 1076 τῆς
2156 1022 2275 1071 τας,
2319 1001 2396 1065 ὡς
2458 1001 2548 1056 καὶ
2597 1003 2794 1064 αὐτοὺς
2859 1002 3177 1076 συναμύνειν
3235 1009 3315 1078 τῷ
3359 1007 3491 1084 γένει
3538 1014 3612 1067 καὶ
3655 1022 3748 1079 τοῖς

395 1091 560 1162 αύτοῦ
596 1101 876 1179 βασιλείας
913 1095 1192 1174 σύμϐολα,
1223 1100 1318 1170 νηῒ
1367 1092 1603 1160 καταϐὰς
1654 1095 1894 1152 πιστεύει
1950 1095 2050 1164 τήν
2158 1091 2399 1148 ἐπιοῦσιν
2458 1092 2630 1164 ὁμόσε
2685 1099 2912 1169 χωρεῖν.
2970 1092 3076 1150 Καὶ
3127 1096 3179 1149 οἱ
3226 1097 3321 1168 μὲν
3369 1097 3455 1153 ἐπὶ
3517 1105 3750 1169 τοιαύταις

398 1192 693 1270 σωτηρίαν.
726 1195 841 1262 Τῆς
890 1190 1100 1265 ἡμέρας
1151 1186 1210 1244 δὲ
1257 1187 1460 1258 ταύτης
1508 1187 1564 1240 bt
1593 1191 1692 1256 τῆς
1740 1186 2052 1258 Ῥωμαϊκῆς
2158 1179 2372 1238 ἐλπίσιν
2397 1181 2714 1270 ἠπείγοντο,
2741 1183 2936 1256 [Ρ.94]
2979 1184 3006 1237 ὁ
3055 1181 3112 1238 δὲ
3144 1190 3344 1260 Καῖσαρ
3375 1193 3752 1267 προαισθόμενος

397 1266 707 1344 ἐπιστᾶντες
747 1280 1028 1360 φάλαγγος
1069 1277 1148 1356 ἐφ’
1181 1277 1330 1350 ᾧπερ
1377 1276 1625 1351 εὑρήσειν
1674 1276 1765 1330 καὶ
1812 1275 2052 1347 καθέξειν
2157 1270 2365 1325 τούτων
2394 1271 2493 1339 τήν
2523 1266 2717 1347 ἔφοδον
2760 1270 2889 1335 τοὺς
2939 1272 3345 1346 Ῥωμαῒζοντας
3387 1279 3750 1354 προσκαλεῖται,

395 1373 486 1428 τὸν
528 1369 905 1447 βασιλεύοντα,
935 1375 1036 1439 τῆς
1075 1373 1255 1444 φυγῆς
1300 1365 1547 1442 ἐχρῶντο
1599 1359 1928 1437 συμϐόλοις,
1961 1365 2051 1418 καὶ
2161 1359 2212 1413 οἳ
2241 1360 2331 1414 καὶ
2363 1359 2437 1422 ὠς
2469 1361 2736 1434 Ῥωμαῖοι
2769 1359 2980 1424 ἐνόντες
3011 1359 3228 1426 ἄκοντές
3260 1384 3321 1419 τε
3351 1369 3631 1444 συνήργουν
3657 1379 3752 1434 τοῖς

399 1459 736 1537 ἀπεθαρῥουν
787 1456 958 1513 πλέον
1006 1456 1251 1514 ἐντεῦθεν
1305 1451 1573 1528 δραπέτου
1619 1453 1907 1530 γεγονότος
1954 1457 2053 1507 τοῦ
2158 1451 2472 1525 ἡμετέροις.
2504 1451 2606 1507 Ἦν
2640 1448 2731 1505 οὖν
2762 1450 2886 1506 τότε
2916 1451 3118 1514 οἰκεῖος
3146 1454 3226 1526 τῷ
3285 1453 3588 1532 Βαλδουΐνῳ
3629 1463 3752 1536 θερά.

398 1549 486 1606 ἐπὶ
537 1553 616 1621 τῷ
664 1546 955 1626 φυλάσσειν
1005 1545 1359 1619 τεταγμένου,
1390 1544 1489 1612 τήν
1539 1540 1596 1597 δέ
1644 1563 1708 1617 γε
1735 1540 2049 1618 καλύπτραν
2156 1559 2274 1593 πων
2317 1539 2344 1592 ὁ
2399 1538 2584 1610 Φύλαξ
2641 1538 2933 1614 λεγόμενος
2986 1542 3268 1614 Ἰωᾶννης,
3303 1544 3436 1621 ἀνὴρ
3491 1547 3637 1622 βαθὺς
3683 1552 3752 1606 καὶ

398 1641 489 1696 καὶ
545 1639 608 1694 τὸ
656 1638 805 1716 ξίφος
850 1630 1213 1696 ἀναλαϐόντες
1261 1633 1520 1709 ἀπαρχήν
1584 1631 1825 1708 αὐτάρκη
1883 1636 2054 1686 ταῦτα
2156 1631 2254 1683 τοῦ
2301 1633 2519 1706 φρονεῖν
2569 1627 2626 1683 εὗ
2673 1629 2824 1698 ἥκων
2875 1630 2954 1693 εἷς
2980 1631 3044 1686 τὸ
3071 1631 3392 1708 ἀκρότατον,
3422 1635 3482 1697 ’ὸς
3525 1637 3604 1693 καὶ
3651 1640 3754 1715 βου.

397 1733 504 1784 τῶν
538 1727 674 1784 κατᾶ
723 1725 888 1781 πόλιν
937 1723 1194 1802 λαφύρων
1245 1722 1335 1778 καὶ
1386 1722 1698 1798 ἀκροθίνιον
1742 1720 2044 1776 ἐποιοῦντο.
2077 1785 2124 1804 ﬁ
2161 1717 2265 1787 λὴν
2316 1717 2511 1793 εἰσᾶγει
2559 1720 2681 1774 τότε
2732 1719 2880 1793 μάλα
2927 1720 3140 1794 καιρίαν
3185 1720 3278 1776 καὶ
3320 1726 3398 1796 τῷ
3439 1731 3600 1800 καιρῷ
3625 1728 3756 1804 πρόσ-

398 1818 500 1876 Καὶ
550 1818 663 1890 ἅμα
712 1819 941 1889 σημεῖον
977 1785 1044 1883 ἦν
1087 1785 1208 1876 ζτοῖς
1252 1811 1334 1866 ἐπ’
1379 1785 1571 1884 ἐκείνῳ
1631 1809 1925 1886 θαρροῦσιν
1975 1809 2050 1874 ὡς
2077 1785 2125 1852 Β
2157 1785 2348 1886 φο-ρον,
2379 1785 2567 1877 *ἣν-κᾶν
2600 1785 2777 1873 ἄλλος
2807 1785 3034 1885 εἷ’σᾶγειν
3086 1785 3381 1883 ἀπώκνησε
3427 1785 3756 1890 «paea-ma

398 1904 557 1962 οὐδὲν
604 1905 803 1961 ἐκεῖθεν
861 1903 1242 1980 ἀγαπήσαντος
1299 1899 1517 1978 φεύγειν
1563 1898 1766 1975 ἔχοιεν.
1798 1899 1948 1955 Ἐπεὶ
1999 1896 2046 1953 δ’
2156 1899 2479 1973 πράγματος
2509 1896 2761 1974 ὀλέθριον
2823 1893 3166 1974 ἀποϐλέψας.
3200 1898 3382 1964 Εἰδὼς
3420 1904 3514 1979 γὰρ
3561 1903 3757 1967 ἐκείνους

398 1991 662 2052 ἔκπυστον
695 1992 903 2070 ἐγένετο
931 1995 996 2046 τῦ
1027 1991 1292 2068 πραχθὲν,
1325 1989 1501 2045 αὐτῶν
1550 2010 1610 2065 γε
1650 1987 1741 2043 καὶ
1788 1984 1865 2043 ἔτι
1916 2007 2049 2042 κατ-
2163 1987 2512 2062 μαχομένους
2541 1987 2592 2059 ἐξ
2625 1985 2861 2064 ἀνὸίγκης
2901 1989 2988 2044 καὶ
3025 1989 3157 2064 ὑπὲρ
3188 1986 3418 2065 δύναμιν
3465 1992 3586 2069 ὑπέρ
3610 2015 3660 2049 τε
3682 2018 3756 2070 γυ-

399 2084 724 2161 επτηχότων
773 2083 865 2138 καὶ
920 2083 996 2155 μὴ
1041 2081 1292 2156 καθαρῶς
1341 2079 1703 2134 πιστευόντων
1781 2073 1926 2152 ἔχειν
1985 2076 2052 2131 τὰ
2157 2079 2357 2130 ναικῶν
2387 2075 2478 2129 καὶ
2509 2076 2748 2147 γνησίων
2783 2074 2947 2131 οἷ’κων
2979 2097 3036 2131 τε
3066 2077 3154 2132 καὶ
3205 2079 3514 2154 περιουσίας
3563 2080 3754 2151 ἇπέσης,

399 2175 452 2231 ἐν
517 2173 675 2249 χερσὶ
743 2172 1116 2248 κρατούμενα,
1165 2169 1465 2244 ἀφικνεῖται
1550 2167 1764 2241 ταχέως
1815 2165 1904 2221 καὶ
1961 2163 2051 2220 ἐπὶ
2159 2165 2248 2218 καὶ
2305 2165 2430 2227 συὸς
2488 2165 2690 2240 τρόπον
2733 2163 3226 2236 ἐπιτεθησομένους
3281 2167 3412 2241 ὑπὲρ
3455 2169 3612 2225 αὐτῶν
3647 2171 3757 2226 ὥστε

395 2262 524 2326 τοὺς
555 2262 677 2338 περὶ
709 2263 808 2331 τὴν
843 2257 1178 2335 Δαφνουσίαν
1226 2259 1384 2335 φήμη
1433 2277 1492 2331 γε
1541 2260 1672 2311 οὖσα
1708 2256 1795 2310 καὶ
1848 2253 1979 2318 Θεὸς
2014 2257 2049 2323 ἡ
2159 2255 2194 2323 ἢ
2221 2255 2600 2328 περιγενέσθαι
2631 2256 2667 2325 ἢ
2703 2255 2810 2328 μὴν
2851 2261 3029 2310 πεσεῖν
3083 2256 3353 2326 εὐκλεῶς,
3387 2255 3645 2323 εὐϐούλως
3680 2282 3752 2332 με.
3927 2277 3932 2300 ι

397 2355 582 2431 φήμη,
616 2351 706 2405 καὶ
767 2350 862 2424 ἅμ’
917 2347 1154 2418 ἤκουσαν
1207 2346 1716 2424 διαπεφωνήκεσαν,
1751 2344 1875 2420 περὶ
1933 2347 2050 2405 ταῖς
2167 2341 2305 2416 ρίζει
2352 2344 2451 2411 τὴν
2496 2343 2712 2418 χρείαν,
2751 2345 2840 2400 καὶ
2890 2349 2996 2421 πῦρ
3045 2347 3139 2419 μὶν
3173 2341 3436 2420 ἐμϐαλεῖν
3473 2349 3757 2420 ὑποτίθεται,

397 2570 789 2626 adorirentur.
807 2567 1092 2624 Caeterum
1109 2567 1427 2638 imperator
1448 2564 1788 2621 Latinorum
1812 2561 2016 2619 Baldui
2157 2563 2442 2634 fractique
2473 2562 2687 2619 animis
2719 2568 2859 2620 sunt
2893 2564 3130 2622 horrore
3152 2565 3512 2624 discriminis
3533 2569 3757 2635 extremi,

395 2676 510 2715 nus
540 2659 953 2715 consternatus
984 2655 1186 2711 audito
1218 2653 1382 2710 urbis
1413 2657 1593 2725 captas
1617 2669 1778 2719 casu,
1801 2656 1859 2708 et
1881 2667 2043 2708 men-
2154 2651 2213 2706 in
2247 2667 2362 2724 quo
2391 2652 2610 2709 versari
2643 2653 2946 2709 carissima
2976 2653 3228 2727 pignora
3250 2654 3561 2714 liberorum
3589 2659 3757 2729 conju-

395 2749 474 2806 tis
503 2747 692 2820 impos
725 2747 934 2816 factus,
962 2742 1111 2800 nihil
1140 2744 1254 2799 nisi
1279 2744 1478 2816 fugam
1538 2743 1957 2799 meditabatur:
1991 2748 2046 2797 et
2155 2755 2413 2814 gumque
2435 2742 2788 2799 sentiebant.
2822 2743 3010 2808 Quare
3042 2760 3252 2801 omnes
3288 2763 3400 2802 uno
3425 2746 3627 2818 impetu
3664 2746 3756 2802 sol-

392 2837 596 2894 relicta
624 2834 784 2908 regia
831 2833 1307 2901 Blachernarum,
1361 2831 1626 2904 nihilque
1672 2831 1743 2888 ad
1795 2831 2044 2888 salutem
2153 2835 2320 2902 vunt,
2353 2847 2654 2888 occurrere
2676 2833 2746 2887 ad
2779 2833 3181 2890 defensionem
3216 2839 3323 2892 aut
3344 2834 3608 2892 ultionem
3630 2837 3758 2892 festi-

398 2927 523 2999 spei
553 2925 812 2998 amplius
842 2923 900 2979 in
931 2927 1090 2980 terra
1119 2921 1501 2988 constituens,
1535 2937 1711 2978 cursu
1744 2921 2047 2976 contendit
2156 2924 2386 2977 nantes.
2419 2921 2601 2977 Aiunt
2627 2921 2876 2978 classem
2911 2923 3259 2980 Latinorum
3292 2926 3365 2981 ad
3407 2925 3757 2998 Daphnusiam

398 3019 471 3074 ad
497 3031 779 3088 magnum
807 3013 1122 3088 palatium:
1143 3011 1293 3068 mari
1314 3011 1468 3068 enim
1491 3010 1625 3084 plus
1650 3009 1960 3079 fidebat,et
1983 3014 2050 3066 ut
2157 3007 2338 3066 fuisse
2363 3010 2598 3066 navium
2615 3009 2921 3084 longarum
2938 3011 3428 3086 circitertriginta
3451 3014 3757 3071 uniremium

393 3111 537 3176 erat,
557 3106 779 3162 amisso
803 3103 1014 3177 capitis
1034 3103 1292 3176 tegmine
1318 3101 1661 3175 abjectoque
1681 3100 2046 3173 ense,ipsius
2077 3101 2121 3171 C
2159 3101 2260 3153 aut
2287 3097 2638 3154 triremium.
2672 3099 2895 3163 Quibus
2928 3099 3154 3157 cunctis
3185 3106 3311 3159 toto
3343 3102 3552 3175 impetu
3575 3104 3636 3160 ad
3683 3119 3760 3156 ur-

393 3195 731 3268 insignibus
760 3193 1014 3266 imperii.
1041 3192 1172 3249 navi
1204 3193 1420 3263 raptim
1443 3208 1774 3248 conscensis
1795 3189 2047 3246 salutem
2157 3187 2286 3244 bem
2319 3187 2676 3258 ferebantur,
2713 3188 2957 3246 ﬁdentes
2987 3189 3159 3246 etiam
3179 3192 3448 3249 oneraria
3468 3210 3584 3265 qua
3603 3193 3761 3248 aderat

393 3284 661 3342 credidit.
682 3285 763 3340 Ea
785 3299 956 3355 porro
980 3283 1073 3338 die
1095 3283 1274 3338 duces
1299 3281 1579 3338 Romana-
1593 3280 2048 3354 phalangis,quo
2155 3294 2222 3332 ex
2237 3277 2437 3333 Sicilia
2450 3277 2725 3348 maxima,
2751 3278 3023 3351 plurimis
3045 3284 3265 3338 onusta
3295 3283 3628 3351 vectoribus,
3649 3297 3760 3353 quo-

396 3373 651 3429 militum
685 3371 882 3428 studia
902 3358 1280 3426 incenderent
1310 3370 1382 3425 ad
1431 3369 1905 3441 investigandum
1949 3386 2048 3425 ca-
2155 3383 2287 3422 rum
2321 3367 2588 3423 auxiliari
2618 3383 2794 3440 Opera
2825 3384 2928 3440 pro
2960 3370 3399 3428 necessitudine
3417 3370 3633 3444 generis
3653 3387 3762 3425 usu-

395 3462 797 3533 piendumque
820 3459 1615 3530 Latinorumimperatorem,
1641 3458 1835 3530 palam
1858 3463 2048 3515 osten-
2156 3472 2252 3511 ros
2283 3470 2346 3512 se
2378 3473 2493 3512 non
2528 3457 2881 3514 dubitabant
2909 3457 2970 3513 in
3002 3458 3225 3531 praelia,
3289 3461 3338 3518 si
3388 3459 3763 3517 decernendum

395 3554 595 3606 larunt
615 3547 846 3620 imperii
877 3548 1009 3618 ejus
1041 3546 1319 3619 insignia,
1350 3563 1480 3619 quas
1505 3547 1660 3619 quod
1693 3546 1752 3602 in
1784 3547 2045 3604 hostium
2156 3546 2322 3601 foret.
2363 3545 2461 3601 llis
2482 3545 2567 3600 illi
2595 3545 2812 3618 spebus
2835 3546 3081 3604 animati
3105 3550 3515 3621 procedebant.
3539 3550 3766 3606 AtCasar

393 3656 605 3695 manus
629 3636 930 3694 venissent
950 3635 1178 3708 judicio
1209 3640 1379 3692 erant
1400 3635 1624 3709 fugisse
1656 3635 1878 3708 ipsum.
1912 3636 2049 3700 Quae
2154 3633 2435 3691 infestum
2470 3650 2671 3690 eorum
2703 3636 3016 3692 adventum
3078 3639 3460 3709 praesentiens
3516 3639 3757 3694 Romanos

392 3743 487 3785 res
518 3727 694 3784 etiam
725 3725 958 3783 valebat
986 3727 1058 3782 ad
1090 3727 1394 3798 augendos
1427 3726 1577 3782 I45
1612 3725 1890 3782 Romanis
1917 3726 2044 3782 ani-
2155 3723 2254 3794 qui
2288 3723 2398 3780 sub
2433 3723 2595 3780 Italis
2625 3725 2684 3779 in
2718 3725 2862 3781 urbe
2893 3726 3284 3783 constiterant
3313 3725 3756 3797 convocat,etad-

395 3834 546 3886 mos,
580 3816 784 3890 utique
815 3815 916 3888 qui
947 3814 1214 3871 viderent
1244 3814 1381 3871 inde
1412 3831 1527 3872 non
1582 3814 1823 3871 difficile
1869 3830 2044 3886 nego-
2156 3813 2410 3870 monitos
2432 3812 2676 3886 originis
2697 3813 2957 3871 volentes
2978 3814 3248 3873 nolentes
3274 3816 3470 3890 adegit
3487 3817 3553 3873 ad
3576 3821 3757 3871 nostras

391 3909 543 3965 tium
576 3910 796 3963 restare
827 3903 1191 3961 absolvendas
1209 3904 1660 3977 expugnationis
1684 3904 1846 3961 urbis
1867 3920 2043 3976 quam
2155 3918 2260 3973 pro
2290 3903 2441 3958 virili
2468 3903 2760 3973 juvandas
2794 3908 3008 3976 partes.
3044 3906 3198 3962 146
3223 3906 3356 3962 Erat
3386 3911 3524 3962 tunc
3552 3901 3757 3962 familia-

392 3994 443 4051 is
474 3994 567 4051 cui
599 3993 834 4068 proprie
864 3990 1241 4048 incumbebat
1261 4008 1329 4048 ex
1349 3992 1542 4049 ofﬁcio
1566 3991 1716 4048 tueri
1742 4007 1807 4048 ac
1827 4007 2046 4063 propu-
2157 3992 2238 4047 ris
2268 3990 2539 4048 Balduini
2573 3992 2843 4049 minister
2887 3993 3146 4052 Joannes
3199 3994 3413 4069 Phylax
3440 3995 3552 4052 sive
3603 3995 3761 4049 custos

386 4099 568 4156 gnaro
600 4085 956 4140 deseruerat.
990 4082 1248 4153 Tegmen
1281 4095 1418 4154 ergo
1449 4080 1678 4152 regium
1723 4079 1934 4152 capitis
1988 4085 2046 4136 et
2155 4081 2371 4148 dictus,
2405 4082 2682 4154 profundi
2725 4082 2818 4138 vir
2873 4083 3118 4156 ingenii,
3172 4085 3524 4157 solertiaque
3566 4094 3759 4139 summa

388 4189 588 4230 ensem
609 4171 986 4244 imperatoris
1000 4169 1279 4242 fugientis
1301 4173 1587 4242 tanquam
1603 4169 1896 4241 primitias
1919 4186 2048 4242 spo-
2155 4171 2459 4243 praeditus.
2485 4172 2538 4227 Is
2561 4171 2874 4228 consilium
2899 4173 3592 4248 suggessitopportunum
3611 4176 3661 4228 et
3677 4167 3758 4225 tali

391 4263 606 4320 liorum
639 4261 802 4317 urbis
833 4263 1014 4332 captaa
1041 4263 1099 4316 et
1127 4259 1385 4316 votivum
1409 4257 1726 4315 anathema
1749 4275 2048 4316 consecra-
2156 4276 2352 4316 rerum
2385 4260 2630 4317 articulo
2662 4261 3069 4332 utilissimum,
3101 4263 3392 4334 ejusmodi
3427 4268 3601 4319 tamen
3633 4256 3756 4333 quod

389 4349 738 4423 runtpalam
771 4349 1192 4421 appendentes,
1227 4348 1284 4403 id
1315 4362 1551 4420 quoque
1581 4347 1953 4404 consecuturi
1981 4352 2047 4404 ut
2158 4366 2330 4406 nemo
2364 4349 2514 4406 alius
2545 4355 2783 4424 propter
2811 4351 2941 4423 ejus
2992 4352 3392 4424 perniciosam
3448 4350 3757 4409 atrocitatem

390 4443 504 4500 isto
537 4439 871 4516 spectaculo
904 4437 1120 4495 fiducia
1149 4437 1344 4494 omnis
1384 4437 1719 4510 Byzantinis
1749 4441 2044 4494 excutere-
2075 4478 2123 4545 Β
2155 4438 2538 4495 ustinuisset
2563 4455 2904 4510 proponere.
2941 4441 3334 4499 Considerans
3364 4441 3513 4498 enim
3555 4455 3642 4496 eos
3676 4433 3757 4508 qui

392 4539 507 4602 tur,
541 4530 589 4586 si
613 4527 873 4602 quamin
896 4528 1240 4584 Latinorum
1263 4527 1476 4599 opibus
1497 4529 1781 4599 tanquam
1812 4526 2041 4583 idoneis
2075 4525 2121 4545 "
2153 4545 2223 4585 ex
2252 4526 2598 4599 Daphnusia
2627 4529 2922 4601 desperati
2968 4545 3166 4586 serum
3217 4531 3350 4588 urbi
3401 4531 3522 4604 jam
3559 4525 3757 4601 perditae

393 4621 465 4677 ad
497 4620 658 4692 ipsos
681 4617 1086 4689 defendendos
1117 4614 1507 4672 collocassent
1535 4629 1549 4670 :
1607 4615 1706 4687 qui
1765 4615 1920 4671 enim
1973 4617 2044 4672 ab
2155 4617 2439 4674 auxilium
2472 4617 2759 4689 ferebant,
2791 4618 3029 4676 caritate
3060 4619 3264 4692 utique
3285 4620 3589 4676 liberorum
3617 4630 3672 4671 ac
3688 4611 3755 4667 la-

400 4710 475 4766 iis
492 4709 620 4780 jam
650 4706 764 4764 tale
795 4721 1032 4779 sperare
1059 4708 1301 4778 possent
1330 4720 1463 4761 cum
1491 4719 1694 4761 eorum
1720 4703 2045 4777 principem
2157 4707 2332 4773 rium,
2366 4705 2586 4762 ultima:
2617 4707 2826 4765 adactu
2853 4708 3219 4766 necessitatis
3240 4725 3422 4782 supra
3441 4709 3598 4775 vires,
3620 4718 3756 4776 apro-

397 4813 562 4871 spem
595 4813 713 4854 suis
744 4794 937 4868 ipsius
967 4793 1182 4850 salutis
1212 4794 1367 4850 ultro
1394 4792 1455 4848 in
1486 4793 1625 4865 fuga
1673 4793 2048 4850 constituisse
2156 4811 2289 4851 rum
2323 4794 2511 4852 instar
2540 4797 2694 4852 intra
2724 4812 2922 4854 casses
2954 4798 3177 4855 frustra
3206 4797 3606 4866 frendentium,
3634 4794 3754 4848 fero-

391 4885 751 4945 cernerent?
778 4882 1008 4940 Accidit
1038 4885 1234 4939 autem
1265 4899 1334 4938 ea
1356 4898 1449 4938 res
1505 4884 1626 4938 tam
1686 4882 1856 4954 mira,
1912 4899 2045 4940 cum
2158 4885 2247 4941 cia
2277 4884 2425 4941 nihil
2456 4884 2569 4942 nisi
2601 4886 2659 4942 in
2693 4887 2877 4943 cladis
2909 4886 3215 4944 cumulum
3245 4904 3380 4944 cum
3405 4885 3570 4944 exitio
3597 4877 3752 4955 gentis

390 4973 626 5047 vulgata
659 4977 770 5044 est,
799 4976 867 5028 ut
894 4971 1006 5044 ipsi
1039 4970 1281 5028 Romani
1304 4969 1550 5027 victores
1573 4971 2049 5044 inopinatissima
2157 4975 2487 5047 profectura
2516 4979 2904 5048 pugnaturos,
2938 4977 3157 5051 quippe
3187 4975 3540 5034 irrevocabili
3561 4972 3754 5029 ruentes

391 5079 701 5122 successus
722 5060 976 5118 novitate
995 5059 1309 5133 stupefacti
1329 5058 1421 5116 vix
1443 5059 1695 5132 propriis
1718 5060 1901 5118 oculis
1923 5077 2046 5118 cre-
2154 5064 2454 5137 proposito
2481 5070 2583 5122 aut
2611 5065 2903 5138 vincendi,
2936 5067 3090 5139 quod
3122 5067 3247 5123 ﬁeri
3279 5083 3392 5122 non
3442 5064 3638 5138 posset,
3674 5059 3754 5113 aut

389 5154 618 5222 darent,
643 5168 709 5210 ac
731 5167 793 5209 se
816 5167 945 5224 quae
965 5149 1243 5206 manibus
1265 5149 1542 5206 tenebant
1562 5165 1712 5223 aegre
1732 5151 2046 5222 persuade-
2154 5153 2473 5210 honorifice
2498 5155 2744 5210 cadendi
2772 5172 2785 5223 ;
2807 5155 3012 5212 videns
3037 5155 3164 5228 hoc,
3190 5156 3452 5228 inquam,
3472 5157 3526 5210 et
3541 5142 3750 5221 sapienti

387 5247 594 5301 rentur
622 5243 945 5317 possidere.
983 5240 1310 5298 Pervolavit
1359 5244 1556 5297 autem
1611 5239 1915 5298 celerrime
1970 5242 2043 5299 ad
2154 5243 2398 5301 consilio
2431 5244 2752 5301 decernens
2793 5246 3143 5303 necessariis
3199 5245 3426 5302 afflictae
3480 5233 3750 5312 improvisa

389 5334 627 5391 Latinos
649 5331 1046 5406 Daphnusiam
1067 5333 1475 5404 oppugnantes
1491 5331 1672 5402 captaa
1688 5329 1852 5386 urbis
1866 5331 2043 5402 fama,
2154 5332 2319 5389 clade
2341 5333 2675 5406 reipublicae
2697 5335 2908 5392 usibus
2933 5334 3064 5390 illas
3087 5334 3365 5407 reliquias
3387 5345 3620 5398 servare,
3635 5321 3747 5380 sub-

385 5438 520 5480 vere
549 5422 729 5490 fama,
759 5421 867 5478 hoc
898 5424 990 5477 est
1021 5419 1288 5476 divinum
1319 5435 1427 5475 nec
1482 5417 1742 5474 humano
1783 5418 2042 5476 delatum
2144 5422 2472 5494 jiciendum
2503 5440 2606 5495 per
2628 5424 2833 5480 urbem
2870 5423 3060 5497 ignem
3092 5424 3362 5481 domibus
3387 5418 3577 5478 suasit.
3600 5413 3744 5484 Cujus

392 5513 722 5570 ministerio
746 5510 1019 5583 judicum
1051 5526 1184 5566 cum
1216 5509 1408 5564 adhuc
1439 5524 1533 5564 res
1564 5507 1726 5563 fieret
1774 5508 2043 5582 divulga-
2152 5511 2310 5569 mira
2338 5513 2756 5584 propositionis
2787 5513 3045 5570 rationes
3075 5513 3232 5569 hunc
3261 5511 3380 5568 fere
3436 5510 3492 5564 in
3546 5503 3742 5562 modum

392 5605 519 5658 tum
551 5599 776 5675 procul.
802 5598 891 5654 Illi
917 5597 1094 5654 simul
1115 5597 1451 5670 audierunt,
1477 5595 1654 5654 simul
1682 5600 2039 5655 consternati
2151 5601 2548 5659 subducebat:
2574 5602 2840 5659 Flamma
2869 5602 2926 5658 in
2962 5603 3115 5659 aedes
3146 5603 3351 5675 injecta
3383 5595 3745 5656 consumetso-
