4018 6198
251 238 357 294 585

1317 238 1406 290 DE
1444 235 1811 291 MICHAELE
1853 233 2295 290 PALEOLOGO
2333 235 2465 289 LIB.
2506 238 2578 290 ΙΙ.

3561 247 3669 304 ῐ86

254 363 331 424 ὡς
381 359 733 435 καυσομένων
790 361 883 416 καὶ
942 359 1104 416 οἷ’κων
1153 361 1244 416 καὶ
1291 362 1550 437 περιττῆς
1598 358 1688 414 καὶ
1734 357 1911 432 ἀρχή-
1943 359 1994 424 Α
2027 357 2366 428 παρεκάλουν
2413 357 2540 420 τοὺς
2585 355 2688 430 ἔξω
2735 363 3038 434 θεωμένους
3086 362 3153 418 τὰ
3200 363 3476 441 δρώμενα.
3528 372 3670 430 Τότε

254 475 385 508 στου
415 452 575 523 ὕλης,
609 455 884 527 γυναικῶν
915 448 972 506 δὲ
1018 451 1108 506 καὶ
1157 447 1366 506 παίδων
1413 449 1464 520 ἐξ
1512 449 1745 525 ἀνάγκης
1795 443 1909 500 δια-

252 541 652 620 φυλαξομένων
685 547 764 613 τῷ
795 539 1109 617 ἐκδραμεῖν,
1160 537 1271 596 ἔστι
1317 538 1363 596 δ’
1415 537 1478 595 οῦ
1519 539 1608 593 καὶ
1645 532 1910 613 φυλαξόν-

248 654 364 687 των
419 632 510 686 καί
564 653 688 686 τινα
741 637 841 700 τῆς
897 631 1138 705 καθαρᾶς
1187 630 1276 685 καὶ
1331 630 1408 691 εἷς
1460 626 1699 683 πλοῦτον
1747 624 1909 695 ὕλης,

252 719 498 782 ἐκείνους
531 717 580 774 δ’
628 719 686 774 ἐκ
732 723 879 790 νηῶν
912 716 1127 781 ἰδόντας
1160 718 1290 795 πυρὶ
1328 716 1653 791 μὲνίοῗκους
1703 716 1910 788 ἀμαθυ-

249 811 549 882 νομένους,
609 814 867 884 γυναῖκας
923 805 980 862 δὲ
1027 809 1117 862 καὶ
1161 806 1356 869 παῖδας
1394 807 1489 870 τάς
1518 811 1710 881 χεῖρας
1740 802 1908 858 ἐκτεί-

247 919 447 960 νοντας
507 898 585 961 εἷς
637 895 951 971 ἀντίληψιν,
1006 901 1114 951 τῶν
1179 897 1272 969 μὲν
1309 893 1578 972 ὑπεριδεῖν
1612 893 1686 954 ὠς
1723 890 1911 965 μηκέτ’

814 985 854 1004 ἢν

246 985 454 1059 ὄντων,
514 988 752 1050 ἐκείνους
811 985 850 1042 δ’

243 1077 418 1155 χάριν
450 1078 579 1142 τοὺς
608 1075 855 1138 διδόντας
897 1076 1099 1132 τιθέναι
1130 1082 1247 1138 τοῖς
1298 1076 1634 1144 ἐκζητοῦσιν,
1685 1073 1910 1147 ἀγαπω-

916 987 1158 1058 έκζητεῖν
1217 988 1307 1042 καὶ
1353 985 1563 1055 σώζειν,
1621 984 1709 1040 καὶ
1767 981 1909 1037 οὕτω

244 1193 330 1224 σιν
367 1170 415 1226 εἰ
449 1169 603 1224 αὐτοὶ
657 1169 748 1222 καὶ
777 1173 1027 1242 γυναῖκες
1077 1166 1166 1221 καὶ
1213 1167 1376 1220 τέκνα
1433 1167 1716 1234 σώζοιντο.
1760 1164 1907 1219 Εἶναι

238 1262 353 1334 γὰρ
387 1257 438 1332 ἐξ
492 1260 716 1330 ἑτοίμου
762 1256 978 1317 τούτοις
1027 1257 1116 1310 καὶ
1141 1256 1239 1317 τας
1269 1257 1518 1330 τριήρεις
1578 1250 1908 1325 ὑποδεξομέ-

237 1371 343 1411 νας
374 1349 440 1403 τὸ
470 1345 710 1418 πλῆθος,
771 1345 866 1400 κᾶν
920 1343 1090 1400 ἄλλοι
1123 1342 1357 1413 θέλοιεν,
1409 1343 1499 1398 καὶ
1554 1342 1737 1403 αὐτοῖς
1773 1340 1908 1418 ἐφιέ-

237 1458 356 1495 ναι·
393 1439 558 1506 ἱκανή
588 1438 690 1512 γὰρ
719 1439 754 1506 ἡ
807 1436 858 1490 έν
911 1435 1168 1498 Σικελίας
1215 1439 1342 1496 ναῦς
1392 1432 1588 1495 αὐτοὺς
1639 1429 1910 1506 ὑποδέχε-

241 1541 397 1592 σθαι.
433 1527 593 1585 Οὕτω
622 1533 724 1594 τῆς
762 1523 969 1600 βουλῆς
1003 1523 1260 1599 ῥηθείσης
1306 1523 1395 1578 καὶ
1429 1523 1632 1595 ἀγαθῆς
1656 1519 1906 1591 δοξάσης,

237 1618 336 1672 καὶ
375 1614 596 1689 μᾶλλον
625 1615 870 1690 ἀντέχειν
909 1614 985 1685 μὴ
1038 1611 1226 1687 ἔχουσι
1259 1609 1348 1665 διὰ
1397 1612 1495 1679 τὴν
1544 1615 1650 1664 τῶν
1697 1607 1905 1684 ἀνδρῶν

239 1705 575 1781 ὀλιγότητα,
633 1709 738 1780 πῦρ
799 1703 1099 1779 ὑφάπτουσι
1149 1700 1454 1777 παραυτίκα
1501 1699 1640 1754 ὅπου
1694 1697 1907 1771 μᾶλλον

239 1797 393 1850 οἶκοι
446 1794 538 1848 καὶ
596 1791 908 1868 πράγματα.
966 1793 1028 1843 Ὃ
1085 1788 1150 1858 δὴ
1205 1790 1295 1843 καὶ
1327 1787 1649 1862 νεμόμενον,
1677 1786 1802 1848 τοὺς
1833 1783 1909 1840 οἷ’-

236 1905 375 1945 κους
428 1879 669 1938 ἐσπόδει.
724 1881 959 1950 Ἐξέθεον
1013 1875 1060 1932 δ’
1091 1879 1142 1932 οἱ
1177 1877 1228 1932 ἐν
1267 1874 1443 1940 οἴκοις
1471 1870 1906 1951 τεθορυϐημένοι

237 1973 530 2041 μελισσῶν
589 1969 790 2044 τρόπον
850 1968 1264 2040 καπνιζομένων
1301 2009 1313 2033 ,
1370 1965 1456 2020 κατ
1517 1964 1645 2028 τοὺς
1700 1963 1905 2038 λόφους

231 2069 339 2131 τῆς
368 2059 592 2120 πόλεως
641 2052 1156 2130 καταλαμϐάνοντες
1184 2056 1386 2131 γυμνοὶ
1444 2054 1518 2116 ὠς
1579 2053 1750 2128 εἶχον,
1795 2055 1907 2124 ἅμα

236 2149 296 2206 δὲ
343 2150 438 2206 καὶ
491 2145 762 2223 περιδεεῖς
807 2148 929 2222 περὶ
968 2153 1068 2216 τῆς
1099 2149 1245 2220 σφῶν
1303 2143 1597 2219 σωτηρίας,
1649 2140 1904 2216 δακρύοις

236 2354 370 2409 lum
399 2348 716 2406 materiam
747 2345 1084 2420 migraturis
1109 2342 1688 2412 iuutilem,hostibus
1712 2341 1905 2414 profu-

235 2447 299 2496 tu
310 2442 535 2510 ram,et
553 2453 833 2509 personas
849 2435 1060 2491 avellet
1074 2432 1298 2490 salubri
1313 2433 1663 2488 necessitate
1680 2447 1712 2483 a
1731 2429 1900 2484 noxio

234 2545 399 2586 nunc
426 2525 735 2597 complexu
763 2523 1061 2595 penatium
1088 2522 1145 2576 in
1171 2521 1388 2592 quibus
1412 2524 1558 2575 natze
1581 2524 1898 2590 sunt,quos

236 2617 359 2673 nisi
395 2613 897 2686 deserant,przeda
923 2611 1193 2667 hostibus
1215 2615 1407 2665 erunt.
1435 2610 1549 2666 Nec
1569 2625 1776 2663 uxores
1798 2624 1895 2663 so-

235 2706 365 2762 lum
404 2703 698 2776 liberique
732 2707 1065 2758 nostrorum
1097 2700 1180 2756 sic
1211 2699 1355 2755 salvi
1387 2699 1656 2764 ﬁent,sed
1687 2695 1897 2768 pretio-

237 2796 513 2861 sissima,
550 2797 614 2847 ut
645 2791 731 2862 fit,
763 2789 1131 2846 conditarum
1163 2789 1318 2843 domi
1352 2804 1546 2842 rerum
1579 2802 1776 2841 secum
1803 2803 1896 2840 as-

244 2883 602 2958 portabunt.
637 2880 927 2937 Classiarii
967 2895 1138 2950 porro
1171 2877 1354 2933 nostri
1388 2876 1501 2931 huc
1534 2874 1760 2946 appulsi
1795 2874 1892 2928 ubi

233 2992 308 3030 ex
341 2972 597 3028 navibus
627 2974 866 3025 cernent
891 2969 1164 3023 ardentes
1187 2965 1425 3038 quidem
1449 2962 1895 3032 domus,conju-

238 3079 350 3134 ges
381 3076 517 3116 vero
550 3075 618 3114 ac
651 3058 804 3112 ﬁlios
837 3073 1050 3111 manus
1080 3072 1109 3110 e
1141 3055 1336 3109 littore
1368 3054 1676 3108 tendentes
1723 3053 1891 3107 obse-

233 3157 599 3219 crantesque
633 3151 697 3202 ut
730 3163 791 3200 se
823 3146 880 3199 in
913 3151 1107 3200 tutum
1141 3143 1445 3214 recipiant,
1478 3146 1627 3197 tecta
1653 3140 1891 3212 quidem

230 3245 301 3295 ut
322 3241 454 3308 jam
491 3236 722 3308 perdita
742 3233 1389 3306 negligenl,charavero
1412 3231 1602 3303 capita
1633 3229 1889 3302 periculo

229 3329 573 3383 subducere
604 3324 984 3388 contendent;
1018 3326 1075 3376 et
1096 3321 1180 3376 sic
1205 3320 1398 3376 ablata
1429 3321 1487 3374 in
1513 3319 1888 3374 manifestum

225 3417 478 3474 exitium
510 3413 718 3469 ruendi
751 3409 1332 3480 causa,temerarium
1359 3411 1654 3482 deponent
1675 3425 1888 3480 propo-

228 3509 420 3561 situm
472 3501 775 3575 pugnandi
835 3502 962 3556 sine
992 3515 1094 3570 spe
1126 3515 1258 3553 cum
1294 3498 1462 3554 hoste
1496 3496 1804 3569 potentiori
1833 3502 1889 3553 et

229 3600 394 3650 certo
428 3591 708 3656 victorias,
740 3590 884 3646 satis
916 3590 1204 3644 habentes
1236 3587 1614 3642 dulcissimos
1646 3586 1888 3642 aﬂ'ectus

229 3683 701 3739 domesticarum
739 3678 1241 3734 necessitudinum
1276 3695 1309 3731 a
1343 3675 1889 3747 flamma,gladio,et

227 3774 520 3829 servitute
548 3767 743 3824 hostili
777 3773 1006 3838 ereptos
1038 3766 1227 3821 salvos
1257 3781 1456 3820 secum
1480 3764 1624 3836 ipsis
1675 3765 1890 3836 pariter

223 3859 638 3917 incolumibus
676 3863 733 3913 et
755 3862 913 3912 tutos
935 3855 994 3910 in
1020 3854 1267 3910 navibus
1292 3854 1522 3909 habere.
1549 3854 1758 3908 Adfore
1784 3871 1886 3908 au-

227 3957 352 4005 tem
387 3947 661 4003 triremes
685 3949 742 4000 et
770 3944 1007 4014 capacia
1038 3942 1360 4014 quantaevis
1394 3942 1794 3997 multitudinis
1822 3959 1890 3997 ea

229 4037 550 4096 occasione
581 4050 905 4090 accursuraa
931 4032 1336 4104 navigia,147
1367 4031 1689 4103 praesertim
1715 4030 1891 4085 maxi-

233 4144 406 4183 mum
441 4141 627 4180 unum
660 4140 690 4178 e
721 4123 942 4187 Sicilia,
973 4121 1163 4177 solum
1198 4120 1342 4175 satis
1375 4119 1635 4191 amplum
1660 4120 1889 4176 cunctis

235 4217 354 4272 fere
378 4213 485 4285 qui
511 4218 678 4268 terra)
701 4210 958 4283 pericula
981 4209 1126 4264 mari
1153 4210 1350 4281 fugere
1373 4208 1584 4263 vellent
1607 4208 1891 4279 recipien-

236 4307 350 4360 dis.
382 4304 465 4358 Ea
493 4305 754 4356 Joannes
785 4315 917 4354 cum
950 4298 1588 4370 exposuisset,suadere
1618 4297 1777 4352 utilia
1805 4301 1891 4352 est

243 4396 436 4461 visus,
459 4407 530 4447 ea
560 4389 810 4445 maxime
831 4389 1054 4443 ratione
1080 4390 1327 4442 cunctos
1358 4386 1418 4440 in
1449 4402 1757 4441 assensum
1792 4403 1890 4440 ne-

2771 449 2933 468 αλκ

2022 444 2108 538 δή,
2139 447 2227 501 καὶ
2276 447 2328 502 έν
2380 449 2802 538 ἀμηχανία-τοῦ
2835 449 2961 527 δρᾷν
2991 475 3042 508 τι
3070 455 3355 530 γενόμενοι
3388 458 3516 533 (εἴτε
3563 463 3666 538 γὰρ

2019 534 2245 604 ἀνύοιεν,
2308 538 2368 591 ού
2421 539 2604 601 καλῶς
2660 535 2806 615 ἔχειν
2869 541 3070 605 αὐτοὺς
3127 549 3541 624 γυμνωθέντας,

2020 622 2132 698 ἅμα
2187 623 2436 682 κινδύνου
2487 633 2607 690 τοῖς
2663 631 2940 705 σφετέροις
2992 632 3338 708 ἐπικειμένου
3372 655 3384 670 ⁸
3446 622 3553 694 εἷ’τε
3610 638 3668 697 δέ

2017 716 2106 767 καὶ
2171 716 2247 787 μὴ
2295 721 2506 788 νικῷεν,
2563 717 2769 781 τελέως
2809 718 2992 782 αὐταῖς
3050 724 3255 796 γυναιξὶ
3313 727 3402 781 καὶ
3453 727 3665 794 τέκνοις

2019 801 2257 876 ὀλέσθαι)
2290 807 2425 880 πρὸς
2480 806 2683 861 ἱκεσίαν
2733 807 3045 882 τρέπονται,
3103 811 3192 865 καὶ
3248 815 3376 878 τοὺς
3428 815 3663 882 οἰκείους

2021 890 2168 964 μάλα
2200 898 2413 968 θερμῶς
2463 895 2812 970 ἐξαιτοῦνται,
2854 897 2898 952 εί
2952 901 3045 971 μὲν
3102 900 3417 976 βούλονται,
3451 904 3661 981 σύναμοι

2016 981 2248 1044 καὶτοῖς
2281 987 2526 1056 περιοῦσι
2577 988 2910 1061 πράγμασιν,
2963 988 3006 1042 εί
3040 987 3086 1043 δ’
3134 987 3250 1061 οὖν,
3297 992 3423 1048 ἀλλ’
3461 993 3659 1072 αὔταρ-

2015 1091 2103 1131 κες
2154 1072 2286 1126 εἶναι
2332 1072 2552 1137 τούτοις
2604 1076 2666 1129 τὸ
2712 1079 2820 1137 σῶς
2863 1073 3161 1133 ἀπολαϐεῖν
3208 1080 3337 1144 τοὺς
3382 1085 3658 1159 γνησίους.

2015 1159 2146 1214 Τὁτε
2170 1161 2352 1215 τοίνυν
2405 1159 2552 1217 δεινά
2579 1185 2637 1218 τε
2679 1163 2769 1218 καὶ
2813 1165 3042 1240 σχέτλια
3097 1167 3401 1243 ἐτελοῦντο,
3437 1173 3664 1248 μέγιστα

2018 1249 2090 1302 ὢν
2125 1245 2242 1323 ὄψει
2275 1250 2364 1304 καὶ
2415 1251 2556 1325 ἀκοῇ
2607 1252 2940 1328 παρειλήφει
2984 1276 3066 1317 τις
3119 1259 3197 1329 [Ρ.
3250 1261 3364 1333 95]·
3413 1245 3663 1334 γυναῖκες

2017 1338 2120 1414 γὰρ
2154 1334 2464 1413 ἀνύϐριστοι
2495 1341 2583 1394 καὶ
2638 1343 2894 1416 παρθένοι
2931 1344 3014 1420 ὑφ’
3046 1345 3120 1399 ἑνὶ
3164 1352 3382 1421 χιτῶνι,
3435 1347 3666 1428 διερῥωο

2017 1427 2138 1502 γὸτι
2168 1428 2256 1482 καὶ
2283 1429 2478 1501 τούτῳ,
2509 1435 2627 1492 τοῖς
2667 1435 2895 1504 τυχοῦσι
2943 1434 3460 1509 περιστελλόμεναι,
3510 1439 3666 1510 νηλίο

2017 1538 2139 1577 ποις
2170 1517 2326 1571 ποσὶν
2362 1518 2463 1571 ὑπὸ
2495 1516 2722 1573 πολλῶν
2756 1516 2940 1593 ὄψεσιν
2970 1520 3182 1596 ἀτίμως
3226 1526 3363 1600 πρὸς
3410 1527 3537 1590 τοὺς
3585 1528 3668 1584 oi-

2015 1605 2196 1667 κείους
2245 1605 2469 1679 ἐξέθεον.
2523 1608 2622 1663 Καὶ
2683 1606 2835 1670 δίκας
2882 1608 3113 1665 έτίννυον
3161 1610 3412 1691 ἄντικρυς
3465 1616 3666 1674 Ἰταλοί

2017 1691 2090 1748 ὧν
2148 1694 2342 1749 ἐκεῖνοί
2387 1716 2520 1750 ποτε
2567 1698 2702 1772 πρὸς
2752 1698 3061 1771 Ῥωμαίους
3111 1700 3351 1759 ἐποίουν.
3409 1710 3558 1778 Ἀμα
3608 1706 3666 1762 δὲ

2017 1781 2108 1836 καὶ
2135 1782 2196 1835 τὸ
2235 1779 2468 1836 παλαιὸν
2513 1783 2726 1837 θέσπιον
2762 1783 3111 1860 ίέπληροῦτο,
3149 1811 3176 1839 (ι
3230 1789 3475 1861 Ἀλέξιος
3503 1790 3662 1849 Ἀλε-

2018 1869 2284 1943 ξόπουλος
2327 1871 2416 1926 καὶ
2465 1871 2550 1926 ἐπὶ
2596 1872 2813 1936 τούτοις
2872 1876 3296 1951 Κουτριτζάκης,
3347 1903 3374 1932 ››
3427 1887 3663 1955 ’Ἐφθασε

2015 1961 2115 2035 γὰρ
2174 1961 2262 2014 καὶ
2325 1961 2428 2036 πρὸ
2483 1965 2580 2016 τοῦ
2632 1966 2798 2017 ταῦτα
2843 1965 3086 2039 γενέσθαι
3139 1968 3166 2020 ὁ
3216 1969 3661 2043 συγγραψάμενος

2017 2048 2229 2103 ἀκούειν
2281 2050 2426 2124 παρά
2467 2051 2668 2127 πατρὸς
2715 2051 3044 2124 ὁμιλοῦντος
3097 2053 3253 2128 ἄλλῳ
3288 2057 3379 2111 καὶ
3409 2058 3503 2112 τὸν
3531 2063 3663 2113 τοῦ-

2013 2160 2104 2193 τον
2157 2138 2322 2214 Λόγον
2372 2137 2658 2216 λέγοντος.
2709 2147 2795 2203 Ὠς
2833 2141 2933 2219 γὰρ
2982 2143 3206 2200 πολῖται
3267 2141 3414 2211 ὅντες
3464 2145 3664 2205 ἐκεῖνοι

2014 2340 2218 2412 procul
2247 2346 2407 2398 extra
2440 2340 2710 2398 videbant
2740 2343 2998 2400 vicissim
3030 2345 3290 2402 intentos
3339 2346 3397 2402 in
3429 2363 3497 2403 ea
3535 2365 3663 2420 qua:

2013 2430 2239 2499 ﬁerent,
2267 2446 2401 2485 cum
2432 2429 2706 2503 lacrymis
2737 2437 2974 2489 orantes
3027 2438 3091 2489 ut
3139 2442 3554 2493 succurrerent
3601 2439 3662 2493 in

2009 2526 2264 2575 extremo
2296 2519 2633 2576 discrimine
2663 2521 2998 2578 miserrima
3036 2523 3401 2595 patientibus
3447 2529 3504 2582 et
3538 2541 3658 2582 me-

2007 2608 2309 2663 tuentibus
2330 2609 2546 2678 pejora.
2572 2609 2696 2664 Tali
2719 2611 3052 2682 spectaculo
3077 2613 3395 2669 reducibus
3418 2630 3448 2669 e
3467 2615 3660 2686 Daph-

2007 2696 2202 2752 musia
2221 2697 2441 2752 Latinis
2464 2697 3006 2769 objecto,stelerunt
3027 2701 3084 2756 hi
3113 2701 3546 2774 aliquantulum
3567 2704 3656 2758 in-

2005 2787 2144 2841 certi
2203 2791 2260 2842 et
2318 2785 2762 2843 deliberabundi
2821 2791 2960 2860 quid
3023 2797 3280 2862 agerent.
3337 2796 3445 2862 An,
3482 2797 3656 2864 prout
3702 2795 3705 2797 ’

2003 2877 2395 2944 decreverant,
2431 2879 2868 2948 exscenderent,
2901 2883 2957 2934 et
2977 2879 3176 2936 hostes
3205 2880 3653 2936 invaderent?At

2005 2963 2404 3019 inconsultum
2428 2965 2735 3020 videbatur
2763 2966 2921 3038 ipsos
2947 2968 3155 3035 nudos,
3193 2974 3256 3023 ut
3278 2973 3650 3041 erant,appa-

2004 3061 2129 3107 ratu
2165 3055 2457 3108 terrestris
2490 3053 2648 3123 belli,
2683 3072 2785 3126 pro
2820 3056 2960 3111 focis
2993 3061 3050 3112 et
3080 3073 3141 3112 re
3165 3057 3461 3124 familiari,
3516 3059 3649 3128 qui-

2000 3141 2110 3196 bus
2144 3157 2204 3196 se
2224 3143 2350 3212 jam
2384 3141 2660 3213 spoliatos
2693 3143 3010 3214 populante
3035 3150 3244 3201 cuncta
3270 3146 3539 3203 incendio
3567 3147 3650 3202 vi-

2000 3232 2234 3301 debant,
2267 3247 2417 3286 caeco
2449 3231 2666 3302 impetu
2701 3233 3060 3288 decertatum
3096 3251 3283 3302 ruere,
3319 3253 3453 3291 cum
3487 3240 3650 3292 certa

2000 3319 2253 3391 pernicie
2276 3337 2390 3375 non
2412 3321 2502 3375 sui
2528 3319 2718 3376 solum
2744 3321 3141 3393 ipsorun‘.,sed
3167 3325 3486 3396 conjugum
3507 3342 3651 3397 pra-

1997 3414 2154 3464 terea
2181 3415 2236 3464 et
2266 3409 2606 3474 liberorum,
2635 3410 2745 3465 nisi
2777 3411 3072 3468 vincerent
3097 3413 3275 3484 (quod
3300 3415 3522 3485 sperari
3554 3414 3648 3469 vix

1997 3499 2263 3570 poterat),
2297 3515 2430 3553 cum
2465 3498 2610 3570 ipsis
2638 3498 2794 3554 haud
2848 3500 3026 3556 dubie
3056 3503 3472 3572 periturorum.
3511 3503 3644 3558 Hiec

1997 3593 2334 3659 reputantes
2366 3587 2553 3643 satius
2587 3594 2872 3660 putarunt
2914 3592 3265 3647 descendere
3293 3593 3363 3648 ad
3416 3609 3637 3664 preces,

1995 3676 2408 3748 supplicesque
2439 3678 2728 3732 instanter
2759 3680 3053 3749 petierunt
3085 3685 3147 3735 ut
3180 3681 3290 3737 sibi
3325 3682 3638 3737 necessarii

1995 3766 2415 3836 domesticique
2450 3767 2847 3834 redderentur,
2881 3768 2928 3823 si
2962 3769 3202 3838 quidem
3234 3769 3469 3836 vellent,
3499 3787 3634 3824 cum

1995 3871 2056 3909 ea
2091 3871 2215 3924 qua:
2245 3860 2580 3925 superesset
2613 3855 2884 3910 familiari
2917 3857 3254 3928 suppectili,
3288 3861 3376 3914 sin
3412 3858 3634 3927 minus,

1993 3942 2080 3996 vel
2114 3943 2236 3996 sola
2269 3942 2638 3998 restitutione
2669 3944 2981 3999 charorum
3015 3947 3272 4017 capitum
3326 3951 3636 4002 contentos

1996 4029 2256 4084 abituros
2289 4045 2422 4083 cum
2459 4030 2529 4083 iis
2560 4030 2735 4084 nudis
2765 4029 2920 4098 licet,
2945 4036 3004 4084 at
3026 4030 3424 4086 incolumibus
3449 4036 3505 4087 et
3527 4031 3638 4087 sal-

1995 4118 2276 4173 vis.Tunc
2296 4118 2704 4189 verograviora
2718 4118 3131 4190 acerbioraque
3145 4119 3435 4192 contigere
3460 4138 3636 4192 quam
3664 4111 3668 4118 ’

1997 4206 2313 4278 quisquam
2333 4223 2590 4277 unquam
2604 4206 2732 4261 visu
2753 4207 3076 4279 audituque
3099 4209 3640 4280 perceperit.Hone-

1997 4301 2100 4350 stas
2116 4293 2389 4349 mulieres
2403 4311 2467 4349 ac
2491 4295 2744 4367 virgines
2769 4295 3018 4352 indusiis
3038 4297 3213 4353 modo
3239 4303 3340 4353 aut
3361 4298 3642 4355 tuniculis

1998 4385 2150 4440 male
2181 4390 2344 4440 tectas
2376 4384 2650 4457 singulis,
2682 4385 2874 4456 iisque
2903 4386 3056 4441 148
3109 4387 3386 4458 pertusis,
3409 4388 3642 4460 quales-

249 4460 498 4538 cessarii
535 4477 761 4535 consilii
786 4475 1238 4546 trahente,quod
1274 4475 1418 4529 satis
1440 4478 1665 4546 pateret
1693 4490 1764 4528 ne
1796 4491 1887 4528 ex-
1923 4460 1968 4524 D
2002 4491 2232 4538 cunque
2266 4475 2459 4544 fugam
2510 4475 2953 4546 expedientibus
3003 4476 3203 4546 primae
3243 4483 3639 4548 occurrerant,

238 4571 456 4644 positis
490 4569 729 4641 quidem
765 4569 824 4620 in
857 4571 1073 4620 terram
1109 4564 1418 4618 navalibus
1450 4563 1631 4635 copiis
1652 4581 1786 4619 eum
1830 4581 1892 4619 se

238 4674 562 4715 numerum
597 4646 904 4710 habituros
937 4653 1195 4708 militum
1229 4669 1343 4724 quo
1381 4651 1547 4723 plane
1569 4669 1718 4723 opus
1739 4657 1893 4708 esset

239 4749 310 4804 ad
344 4748 556 4802 urbem
591 4745 651 4799 in
683 4743 788 4799 tali
820 4741 1162 4797 discrimine
1211 4742 1489 4796 tuendam
1541 4745 1598 4795 et
1645 4742 1894 4797 victores

237 4839 378 4893 inde
413 4834 738 4908 pellendos.
777 4832 962 4905 Igitur
993 4848 1110 4902 qua
1141 4831 1628 4901 frequentissimae
1668 4831 1893 4886 conter-

237 4927 608 4995 tissimmque
639 4923 789 4977 aedes
821 4925 988 4976 erant
1018 4921 1212 4992 ignem
1242 4919 1443 4974 statim
1471 4919 1767 4990 injiciunt,
1794 4919 1894 4990 qui

240 5019 547 5070 momento
578 5011 636 5066 in
673 5010 979 5066 materiam
1012 5013 1338 5080 grassatus,
1373 5013 1429 5062 et
1459 5008 1626 5063 obvia
1650 5025 1896 5079 quaeque

239 5104 408 5158 avide
435 5105 705 5172 correpta
728 5103 1024 5154 momento
1049 5097 1317 5168 redigens
1339 5097 1395 5150 in
1423 5096 1696 5164 cinerem,
1723 5113 1894 5167 quem

242 5210 346 5262 par
378 5198 471 5246 est
503 5191 737 5245 credere
769 5187 1092 5242 tumultum
1127 5204 1192 5240 ac
1223 5186 1675 5256 trepidationem
1726 5186 1894 5240 habi-

242 5281 508 5334 tantibus
539 5278 774 5348 objecit.
814 5276 1132 5331 Prodibant
1162 5293 1334 5346 apum
1390 5275 1576 5328 instar
1624 5275 1786 5330 fumo
1831 5291 1898 5330 ex

245 5371 429 5424 alveis
444 5367 746 5440 pulsarum
760 5365 840 5434 ,in
856 5365 1106 5420 editiora
1128 5364 1291 5419 urbis
1310 5369 1725 5419 concurrentes
1751 5363 1894 5432 loca,

245 5458 386 5511 nudi
422 5461 525 5512 aut
554 5472 621 5511 eo
655 5455 859 5509 habitu
888 5454 946 5508 in
971 5470 1085 5525 quo
1116 5470 1215 5508 eos
1260 5453 1508 5506 flammai
1557 5457 1744 5507 terror
1797 5470 1896 5524 op-

246 5549 564 5616 presserat,
586 5547 926 5609 trementes,
958 5542 1111 5596 anxii
1145 5541 1215 5595 de
1250 5539 1482 5612 propria
1513 5540 1722 5609 salute,
1752 5557 1900 5614 quos

573 5663 835 5724 Panos.
881 5660 990 5722 Gn.
1038 5657 1293 5719 CXLIII.

2003 4564 2178 4618 nudis
2212 4563 2598 4634 pedibus,sub
2616 4563 2803 4619 oculis
2827 4563 3166 4631 multorum,
3186 4566 3255 4620 ad
3283 4565 3643 4638 propinquos

2001 4651 2504 4724 ignominiossime
2527 4653 2939 4709 cursabant.Et
2961 4671 3162 4724 pmuas
3185 4654 3425 4710 omnino
3448 4672 3645 4726 equas

2007 4741 2132 4798 ltali
2169 4742 2457 4797 dederunt
2485 4757 2688 4796 earum
2721 4741 3080 4810 injuriarum
3109 4743 3326 4815 quibus
3358 4744 3494 4799 olim
3529 4745 3645 4800 Ro-

2004 4847 2210 4886 manos
2242 4831 2573 4885 affecerant.
2605 4830 2792 4885 Simul
2825 4831 3002 4886 etiam
3033 4833 3210 4886 veteri
3261 4833 3496 4889 oraculo
3541 4851 3650 4890 sua

2005 4921 2150 4975 fides
2200 4918 2484 4974 constitit.
2535 4920 2677 4990 Ejus
2714 4920 2834 4974 haec
2866 4925 3033 4975 erant
3056 4923 3230 4976 verba
3263 4938 3275 4977 :
3308 4921 3648 4991 «Alexius,»

2003 5007 2358 5075 Alexupulus
2389 5014 2445 5063 et
2471 5025 2649 5079 super
2671 5009 2778 5063 hos
2801 5011 3210 5067 Cutritzaces.»
3249 5012 3310 5065 Id
3341 5027 3443 5082 ego
3472 5011 3653 5084 hujus

2005 5098 2266 5153 historiae
2299 5097 2889 5168 scriptor,antequam
2917 5102 3056 5154 urbs
3078 5101 3652 5172 caperetur,memini

2007 5203 2101 5242 me
2131 5187 2334 5242 audire
2366 5203 2432 5241 ex
2467 5194 2626 5258 patre
2659 5204 2788 5243 meo
2819 5205 2953 5243 cum
2999 5189 3112 5244 alio
3166 5191 3418 5261 quodam
3454 5192 3524 5246 de
3563 5191 3652 5244 his

2007 5282 2214 5346 agente
2237 5282 2292 5331 et
2321 5276 2662 5330 vaticinium
2701 5278 2966 5333 nondum
3002 5284 3210 5333 eventu
3238 5283 3529 5349 patratum
3567 5294 3651 5330 re-

2008 5366 2246 5421 citante.
2294 5370 2437 5421 Cum
2489 5367 2640 5421 enim
2703 5367 2876 5422 ambo
2911 5366 2994 5422 illi
3027 5363 3651 5436 Constantinopolitani

2009 5455 2164 5510 cives
2216 5461 2415 5511 essent
2465 5461 2521 5511 et
2554 5455 2789 5511 exulare
2820 5462 3186 5526 cogerentur,
3218 5457 3441 5525 patrias,
3474 5458 3536 5506 ut
3567 5453 3652 5518 fit,

2012 5545 2302 5600 desiderio
2331 5545 2670 5617 prephetias
2701 5546 3138 5610 scrutabantur,
3171 5543 3220 5598 si
3253 5559 3379 5614 quis
3420 5557 3656 5612 recupe-

3266 5661 3340 5719 19
