4018 6198
409 231 520 286 537
1719 219 2021 276 GEORGII
2060 208 2528 272 pACHYMamE
3655 233 3741 290 583

413 353 481 407 τὰ
510 350 649 407 oi’xoz
681 348 909 417 ἐζήτουν
961 345 1052 399 καὶ
1110 341 1165 398 εἷ’
1208 354 1336 407 ποθι
1395 341 1600 404 ἅλωσις
1658 348 1758 410 τῆς
1806 335 2068 412 πατρίδος
2096 341 2148 403 Α
2186 357 2376 410 μονος,
2432 331 2594 412 ἔτυχε
2647 333 2694 391 δ’
2753 337 2926 392 ἐκεῖσε
2966 339 3055 394 καὶ
3109 339 3136 394 6
3167 341 3324 404 κακὸς
3362 347 3661 424 Σεναχηρεὶμ
3703 354 3741 410 ιν

416 435 658 512 συμϐαίη
718 434 979 490 ἐσκόπουν
1035 432 1136 488 ὑπὸ
1169 433 1308 506 φωτὶ
1358 432 1544 493 νυκτὸς
1578 433 1665 504 (ἦν
1699 428 1746 484 δ’
1782 427 1891 503 ἐγὼ
1924 426 2066 481 ὁτὸν
2181 433 2640 500 πρωτασηκρῆτις
2724 425 2962 504 ὀφφικίῳ
3069 427 3490 504 μεγαλυνόμενον
3561 439 3636 492 καὶ
3701 445 3746 498 τὸ

417 527 585 598 κηρὸν
643 525 887 598 κατέχων
949 523 1036 576 καὶ
1094 520 1298 595 φαίνων
1359 520 1612 592 ἐκείνοις)
1646 563 1662 591 ,
1717 522 1880 573 τοῦτο
1927 515 2073 587 ξυνέ-
2182 513 2554 590 φημιζὸμενον
2600 512 2822 583 ἤκουσε·
2873 521 3090 592 πρῶτον
3146 517 3238 589 μὶν
3291 515 3536 589 διηπίστει
3577 527 3649 581 καὶ
3692 531 3747 594 ὡς

418 610 569 668 ϐαινε
619 611 866 686 λέγεσθαι
931 613 1059 686 παρ’
1113 608 1328 664 ἐκείνων
1385 610 1458 671 ὡς
1516 605 1740 663 εἰδότων
1769 605 1842 667 ὠς
1901 601 2070 659 εἰδόσι
2180 601 2409 675 πλάσμα
2456 603 2547 657 τὸν
2595 602 2761 678 λόγον
2813 603 3150 676 ἀπέπεμπεν,
3185 605 3259 667 ὡς
3290 604 3333 661 δ’
3363 607 3566 678 ἐξελθὼν
3595 612 3749 683 ἤκουσε

417 704 564 778 τάχα
593 702 786 764 ὁπόθεν
821 699 1000 772 ἁλῴη·
1054 699 1141 754 ἐπὶ
1187 699 1286 773 γὰρ
1318 699 1685 772 γενησομένου
1732 695 1878 756 τινὸς
1915 695 2072 768 βασι·-
2181 693 2268 746 καὶ
2345 691 2614 747 ἐπίστευεν
2649 735 2665 764 ,
2744 691 2998 748 εἶ’σελθὼν
3074 695 3188 768 ἅμα
3237 695 3324 750 καὶ
3375 702 3473 752 τῶν
3534 705 3748 779 σφετέρων

420 791 562 855 λέως
615 790 863 861 Ἀλεξίου
917 788 1175 844 ὑπενόουν
1217 789 1315 857 τὴν
1346 795 1442 856 τῆς
1473 785 1688 847 πόλεως
1719 782 1948 851 ἅλωσιν,
1980 779 2072 837 καί
2182 779 2403 856 γενείων
2452 780 2610 854 ἀπρὶξ
2659 788 2778 843 ταῖς
2829 782 2984 858 χερσὶ
3035 779 3380 856 δραξάμενοςν
3441 807 3461 837 ⁸
3498 789 3556 843 Ὢ
3596 795 3753 862 dmi”

415 903 579 936 τινων
613 878 821 951 ἄλλων,
853 878 946 941 οὕς
980 875 1158 954 ἔλεγεν
1193 877 1220 930 6
1264 876 1540 951 χρησμός.
1577 878 1745 930 Ἦσαν
1782 871 1827 927 δ’
1862 871 2009 927 οὗτοι
2044 872 2072 925 6
2183 871 2348 938 εἶπεν,
2411 893 2437 923 α
2489 870 2689 924 ἀκούω.
2745 874 2912 925 Τοῦτο
2968 875 3087 932 ταῖς
3143 873 3429 950 ἡμετέραις
3478 876 3755 951 ἐταμιεύετο,

417 975 624 1044 Καῖσαρ
659 967 898 1038 Ἀλέξιος
931 969 1204 1041 ἄντικρυς,
1237 967 1264 1019 ὁ
1314 965 1532 1038 ἀνεψιὸς
1584 964 1788 1018 ἐκείνου
1833 960 2074 1032 Ἀλέξιος
2180 958 2232 1013 τί
2287 979 2348 1032 γε
2400 958 2733 1035 ἁμαρτοῦσιν
2787 960 2863 1024 ὡς
2919 959 3108 1034 ἐπιζῇν
3168 961 3257 1016 καὶ
3321 961 3522 1036 βλέπειν
3571 974 3756 1024 τοσαῦτα

412 1058 695 1115 τὰπολλὰ
725 1052 1210 1129 συμϐαλλόμενος,
1241 1054 1329 1108 καὶ
1365 1055 1392 1108 6
1447 1051 1621 1108 δοκῶν
1664 1056 1770 1106 τῶν
1825 1051 2072 1122 θελημα-
2183 1044 2377 1117 δεινάς
2439 1051 2533 1102 τοῦ
2590 1046 2789 1103 λοιποῦ
2848 1049 3014 1104 καλόν
3070 1072 3153 1112 τις
3211 1053 3287 1123 μὴ
3345 1051 3619 1126 ἐλπιζέτω,
3668 1057 3754 1114 ἐπεὶ

413 1152 614 1224 ταρίων
662 1145 1104 1222 Κουτριτζάκης,
1171 1142 1232 1206 ὅς
1286 1142 1376 1198 καὶ
1426 1143 1525 1211 τήν
1590 1140 1797 1216 βουλὴν
1858 1144 2075 1215 πρῶτος
2179 1137 2441 1209 Ῥωμαῖοι
2498 1137 2587 1191 καὶ
2645 1137 2796 1199 αῦθις
2851 1142 3084 1193 πατοῦσι
3151 1143 3250 1209 τήν
3306 1140 3458 1196 πόλιν
3491 1161 3502 1174 ·
3565 1168 3590 1194 ››
3635 1149 3759 1202 Ταῦτ’

417 1223 754 1310 ὑπεσήμαινε
783 1242 880 1304 τῆς
903 1233 1182 1294 ἁλώσεως.
2181 1223 2364 1299 ἔλεγεν
2422 1224 2646 1296 ἐκεῖνος,
2703 1227 2795 1281 καὶ
2853 1224 3026 1296 δῆλος
3083 1227 3150 1297 ἦν
3187 1225 3542 1304 δυσχεραίνων
3570 1233 3629 1286 τὰ
3652 1235 3763 1307 παρὰ

2181 1312 2417 1377 πολλοῖς
2451 1315 2853 1388 θαυμαζόμενα.
2886 1319 3060 1371 Ὅπου
3093 1313 3150 1372 δὲ
3192 1322 3518 1390 κατήντησαν
3563 1325 3761 1393 ταῦτα,ὁ

416 1363 523 1432 κη’.
556 1360 688 1417 ΙΙεοὶ
717 1359 812 1414 τοῦ
852 1359 1316 1434 Πρωτασηκρῆτις
1366 1349 1763 1429 Σενναχηρεῖϐ,
1795 1352 1848 1408 τί
1879 1351 2072 1429 ἔπραξε
2187 1349 2415 1377 ἰυηηυιω
2451 1349 2853 1422 υιΐυμιιουμινιιέ

638 1417 645 1435 ¹
812 1428 900 1480 διὰ
928 1431 1027 1480 τῆν
1061 1436 1161 1480 τῆς
1200 1427 1415 1480 πόλεως
1449 1425 1676 1480 ἅλωσιν.
2179 1400 2345 1477 λόγος
2375 1425 2511 1459 κατα
2537 1403 2702 1459 τόπον
2735 1404 2867 1480 ἐρει.

812 1425 1027 1498 διὸίτὴν
1061 1425 1169 1498 τῆς
1200 1427 1415 1489 πόλεως
1449 1425 1676 1482 ἅλωσιν.

492 1536 670 1594 Ἀλλᾶ
724 1541 892 1592 ταῦτα
942 1537 1035 1609 μὲν
1083 1533 1223 1589 οὕτω
1269 1533 1404 1588 κατά
1431 1534 1533 1602 τὴν
1572 1530 1738 1587 πόλιν
1787 1531 2071 1607 ἔπραχθη-
2177 1530 2277 1593 κθ’.
2339 1529 2529 1593 ’Όπως
2583 1527 2848 1598 ἤκουσται
2897 1534 2991 1609 ⁸τῷ
3066 1529 3286 1606 βασιλεῖ
3351 1534 3386 1603 ἡ
3454 1539 3542 1604 τῆς
3590 1533 3762 1598 πόλεως

421 1649 537 1684 σαν.
599 1627 748 1683 Ἑπεὶ
807 1623 852 1680 δ’
909 1599 1083 1699 ἐχρῆν
1135 1623 1418 1699 πανταχοῦ
1475 1599 1899 1697 τρημίζεσθαιτά
1929 1599 2068 1695 πρα-
2887 1599 3112 1666 δίλίυσιξ·

419 1717 639 1792 χθέντα,
692 1715 782 1770 καὶ
840 1713 1055 1788 μᾶλλον
1115 1713 1238 1768 ὅσον
1297 1713 1358 1767 τὸ
1417 1712 1860 1784 θαυμασιώτερον
1895 1711 2067 1784 εἶχον,
2103 1728 2147 1792 Β
2251 1710 2334 1780 [Ρ.
2365 1709 2459 1781 97]
2491 1706 2630 1764 Τότε
2677 1705 2884 1763 πολλοί
2928 1708 3018 1763 καὶ
3076 1710 3213 1784 πρὸς
3263 1711 3482 1786 βασιλέα
3523 1712 3766 1787 ἠπείγοντο

419 1807 494 1868 ὡς
551 1803 609 1859 ἐκ
659 1801 903 1876 παρόδου
950 1801 1157 1857 ἀλῶναι
1213 1800 1471 1870 τοιαύτην
1528 1798 1691 1854 πόλιν
1749 1804 1866 1859 τοῖς
1895 1819 1954 1872 γε
1987 1800 2063 1870 μή
2179 1797 2315 1851 κατά
2361 1796 2422 1850 τὸ
2472 1795 2763 1874 Νύμφαιον
2815 1792 3180 1872 διατρίϐοντα,
3231 1800 3320 1854 καὶ
3362 1797 3765 1878 ἀντεφιλονείκουν

416 1894 506 1949 ἐπὶ
561 1893 741 1966 τούτῳ
792 1893 891 1960 τήν
945 1893 1122 1968 ἀρχὴν
1173 1891 1517 1969 ἀφιγμένοις,
1564 1890 1705 1952 τινες
1759 1893 1866 1943 τῶν
1893 1908 2066 1964 ταχυς
2181 1884 2480 1956 ἀλλήλοις,
2541 1886 2688 1948 ὅστις
2745 1887 2804 1940 ἂν
2863 1889 3178 1962 προφθάσας
3227 1889 3448 1964 κηρύξοι
3492 1891 3552 1943 τὰ
3595 1889 3768 1965 εὐαγγέ-

417 1981 770 2058 δρομούντων
846 1981 934 2036 ἐπὶ
1011 1980 1342 2056 συγχαρείας
1393 1978 1539 2035 ἔθεον
1597 1981 1883 2052 πανταχοῦ
1939 1984 2066 2051 γῆς,
2182 1977 2296 2032 λια.
2331 1974 2634 2054 Προφθάνει
2666 1974 2723 2030 δέ
2753 1998 2836 2040 τις
2886 1977 3023 2031 κατά
3069 1975 3339 2046 σπουδὴν,
3391 1976 3525 2052 μηδὲ
3550 1981 3675 2054 παρᾶ
3696 1983 3768 2033 τοῦ

406 2072 490 2136 ὡς
548 2069 703 2144 ἀλῲη
735 2070 1094 2147 ἀγγελοῦντες
1141 2071 1203 2125 τὸ
1257 2070 1392 2145 μέγα
1422 2069 1572 2136 ἄστυ,
1619 2065 1831 2142 ἡμέρας
1874 2064 2067 2136 ἐπισή·
2179 2063 2445 2140 Καίσαρος
2501 2066 2800 2139 γράμματα
2853 2061 3259 2140 κομιζόμενος.
3310 2067 3405 2122 Καὶ
3455 2067 3560 2122 ἐπεὶ
3605 2065 3768 2140 μηδένα

421 2182 548 2232 μου,
624 2160 700 2238 ἐφ’
783 2159 945 2235 ἑορτῇ
1017 2161 1116 2228 τῆς
1176 2160 1525 2233 Θεομήτορος
1605 2163 1832 2226 ”Αννης,
1897 2153 2065 2227 μηνὸς
2178 2150 2285 2208 ἔδει
2334 2152 2546 2208 ἀκούειν
2597 2161 2697 2223 τῆς
2751 2151 3004 2231 ἀγγελίας
3067 2154 3172 2229 πρό
3218 2177 3284 2230 γε
3335 2155 3585 2230 βασιλέως
3624 2156 3770 2224 αὐτοῦ,

417 2251 896 2324 Ἀνθεστηριῶνος,
951 2247 1154 2303 ἀκονιτί
1187 2244 1384 2323 σχεδὸν
1432 2245 1522 2301 καὶ
1572 2247 1647 2308 ὡς
1699 2244 1797 2300 οὐκ
1825 2241 2064 2314 ἤλπισαν
2177 2242 2379 2304 ἐκεῖνος
2410 2244 2484 2316 μὴ
2516 2242 2632 2305 οἷός
2662 2264 2720 2297 τε
2751 2241 2822 2297 ὢν
2854 2251 2955 2314 τῆς
2979 2246 3114 2320 πρὸς
3141 2245 3234 2299 τὸν
3289 2244 3508 2320 βασιλέα
3547 2240 3769 2318 προσόδου

413 2360 546 2394 ποτε
576 2340 628 2393 οἱ
660 2337 906 2400 ἁλόντες,
943 2342 1150 2409 Σημεῖν
1186 2334 1232 2390 δ’
1273 2335 1534 2407 ἀληθείας
1587 2339 1695 2389 τῶν
1744 2332 2062 2409 λεγομένων
2174 2333 2486 2408 τυγχάνειν,
2544 2331 2796 2387 ἀπελθὼν
2846 2331 3182 2409 ἀπαγγέλλει
3231 2335 3304 2406 τῇ
3343 2333 3542 2412 ἀδελφῇ
3569 2339 3656 2388 τοῦ
3697 2335 3771 2408 βα-

417 2427 644 2490 ἐκείνοις
695 2429 760 2498 ἦν
813 2422 1162 2504 κογκοϐαιρὴς
1214 2423 1438 2500 σάρισσα
1482 2422 1823 2496 δεικνυμένη.
1857 2425 1938 2495 [Ρ.
1972 2424 2063 2495 96]
2176 2419 2375 2484 σιλέως
2436 2420 2683 2496 Εὐλογίᾳ
2740 2423 2812 2483 ὡς
2869 2419 3026 2494 ἁλῴη
3085 2428 3343 2498 καθαρῶς
3398 2425 3456 2478 τὸ
3511 2424 3770 2492 Βυζάντιον.

417 2517 568 2572 Ἐπεὶ
628 2514 686 2571 δὲ
739 2515 828 2571 καὶ
889 2516 965 2578 εἱς
1023 2511 1393 2586 Νικομήδειαν
1449 2509 1712 2590 ἔφθασαν,
1763 2510 2064 2581 ἐνεστώσης
2176 2511 2386 2580 Ἐκείνη
2449 2507 2494 2564 δ’
2553 2509 2707 2574 εὐθὺς
2759 2511 2852 2565 τὸν
2912 2510 3078 2587 λόγον
3137 2509 3403 2586 δεξαμένη
3439 2555 3454 2582 ,
3505 2509 3651 2576 ’ἔωθεν
3700 2509 3769 2566 καὶ

415 2608 514 2675 τῆς
546 2605 903 2680 πανηγύρεως
933 2607 1030 2659 τοῦ
1061 2603 1114 2658 ἐν
1168 2603 1396 2677 μάρτυσι
1451 2602 1707 2676 μεγίστου
1752 2598 2062 2671 Ηαντελεή-
2175 2598 2320 2672 παρά
2369 2600 2431 2654 τὸ
2491 2597 3007 2676 σύνηθεςγέλθοῦσα
3062 2601 3201 2676 πρὸς
3260 2601 3329 2656 τὰ
3379 2601 3630 2677 ἀνάκτορα
3676 2600 3771 2674 toto

414 2772 702 2830 rationem
736 2770 899 2826 urbis
950 2769 1121 2842 regies
1166 2767 1601 2841 promitterent.
1661 2765 2064 2821 Versabantur
2173 2763 2403 2818 nissent
2425 2779 2542 2834 quo
2573 2765 2665 2818 die
2698 2763 2775 2819 ibi
2809 2764 3222 2822 celebrabatur
3254 2767 3556 2838 panegyris
3583 2766 3766 2821 S.Pan-

412 2867 608 2917 autem
641 2861 700 2915 in
731 2875 800 2914 ea
829 2857 1262 2930 conquisitione
1294 2871 1396 2928 per
1425 2853 2058 2926 noctem,meipso,qui
2169 2851 2512 2906 teleemonis
2546 2852 2604 2906 in
2656 2854 3017 2925 martyribus
3070 2854 3338 2921 maximi,
3390 2856 3495 2910 fuit
3539 2855 3608 2909 ibi
3655 2855 3767 2908 forte

410 2951 532 3006 hazc
580 2949 798 3017 scribo,
854 2949 1037 3003 facem
1074 2946 1220 3018 ipsis
1251 2960 1502 3013 ceream,
1547 2943 1616 2998 ad
1655 2944 1827 3014 cujus
1858 2942 2056 2997 lumen
2171 2940 2361 2996 malus
2385 2939 2482 2995 ille
2512 2941 2910 2997 Sennacberib
2941 2942 3000 2997 in
3038 2943 3252 3014 primis
3280 2961 3314 2999 a
3346 2943 3574 3000 secretis
3617 2942 3768 2999 ofﬁcio

408 3039 822 3103 lucubrabant,
860 3036 1259 3108 praetendente
1289 3049 1354 3088 ac
1382 3033 1469 3088 sic
1497 3049 1527 3086 e
1569 3031 1900 3102 propinquo
1952 3047 2056 3086 au-
2092 3091 2128 3108 ﬂ
2170 3029 2474 3100 magnifice
2505 3047 2567 3085 se
2589 3031 2844 3101 jactans.
2880 3034 2935 3086 Is
2955 3032 3154 3087 audito
3179 3033 3655 3103 nuntio,primum
3676 3046 3764 3084 non

411 3091 764 3199 quae
810 3091 962 3181 inter
1003 3141 1132 3181 sese
1178 3091 1584 3195 loquerentur:
1633 3091 2057 3193 Signilicabant
2089 3091 2130 3157 Ο
2173 3091 2420 3174 credidit
2449 3123 2506 3175 et
2533 3091 2818 3191 tanquam
2873 3121 3224 3193 ﬁgmentum
3262 3091 3482 3192 rejecit.
3518 3120 3583 3176 Ut
3610 3125 3767 3176 autem

415 3221 632 3280 autem,
665 3219 952 3286 quantum
985 3214 1278 3279 recordor,
1311 3215 1678 3282 compertum
1713 3209 1923 3275 sibi,cx
1958 3209 2070 3264 isto
2176 3206 2287 3262 alio
2338 3207 2578 3263 abeunti
2638 3209 2900 3280 undique
2957 3216 3348 3266 occurrerunt
3382 3213 3465 3265 tot
3493 3210 3601 3265 veri
3631 3220 3770 3278 argu-

412 3303 685 3359 videlicet
713 3299 1361 3371 vaticinio,capiendam
1389 3299 1709 3370 aliquando
1734 3297 2069 3353 Constanti-
2176 3301 2376 3350 menta
2448 3313 2574 3368 quas
2651 3296 2823 3367 plane
2897 3315 3018 3354 rem
3079 3300 3522 3371 persuaderent,
3570 3299 3768 3354 domum

422 3391 684 3462 nopolim
735 3390 836 3444 sed
862 3390 918 3443 id
954 3388 1283 3442 faciendum
1315 3386 1711 3457 opinabantur
1734 3403 1766 3439 α
1815 3387 2068 3456 quodam
2178 3389 2424 3441 moestus
2455 3386 2806 3458 ingreditur,
2841 3387 2991 3458 pilos
3023 3403 3310 3458 genarum
3345 3394 3584 3460 utraque
3628 3401 3768 3442 manu

417 3479 630 3534 deinde
662 3481 975 3549 regnaturo
1010 3475 1380 3545 imperatore,
1417 3472 1650 3528 nomine
1681 3473 2070 3544 Alexio,adju-
2174 3473 2413 3546 vellens,
2447 3478 2522 3542 et,
2556 3499 2583 3526 «
2617 3476 2788 3546 Quid,
2838 3476 3136 3549 inquiens,
3173 3478 3405 3535 audio?
3457 3483 3571 3534 Hoc
3598 3473 3771 3533 nostris

420 3567 694 3623 vantibus
751 3565 869 3620 illis
900 3563 1033 3620 aliis
1066 3566 1198 3635 post
1226 3579 1361 3618 eum
1394 3562 1453 3616 in
1486 3551 1719 3618 oraculo
1751 3563 2064 3634 expressis.
2174 3563 2382 3619 diebus
2412 3565 2792 3620 servabatur!
2828 3566 2970 3636 quid
3003 3567 3384 3636 peccavimus
3433 3574 3497 3623 ut
3536 3567 3642 3622 vita
3668 3580 3768 3635 pro-

420 3658 700 3712 Czeterum
725 3652 1176 3710 eventusdocuit
1199 3668 1312 3706 non
1337 3651 1751 3722 imperatorem
1775 3667 2064 3723 expugna-
2171 3653 2521 3708 duceremus
2552 3654 2608 3708 in
2651 3653 2801 3708 hanc
2836 3654 3038 3710 horam
3072 3660 3130 3711 et
3160 3661 3284 3712 tam
3340 3659 3544 3713 acerba
3584 3655 3768 3711 videre-

419 3751 604 3802 torem
639 3744 930 3810 urbis,sed
957 3743 1236 3798 Caesarem
1270 3739 1530 3796 Alexium
1563 3739 2064 3809 futurum;Alexo-
2172 3758 2304 3796 mus
2335 3742 2362 3796 ?
2418 3743 2488 3798 de
2547 3747 2753 3798 caetero
2811 3743 2957 3799 nihil
3008 3745 3145 3800 boni
3208 3752 3501 3818 speretur,
3528 3741 3760 3801 Romanis

399 3834 751 3907 .puliautem
773 3831 1006 3888 nomine
1033 3828 2060 3900 indicatumibiAlexiumjuniorem,
2167 3830 2380 3886 iterum
2431 3832 2636 3887 urbem
2686 3833 3070 3888 calcantibus.
3107 3857 3134 3885 »
3186 3835 3286 3890 Sic
3317 3843 3404 3892 est
3436 3830 3766 3898 locutusille,

413 3924 627 3996 prioris
660 3920 1114 3994 patruelem,qui
1150 3917 1401 3973 multum
1436 3919 1505 3973 ad
1541 3918 1688 3973 hanc
1712 3936 1830 3974 rem
1853 3926 2060 3975 coutu-
2167 3937 2282 3975 non
2333 3921 2717 3977 dissimulans
2766 3937 2828 3978 se
2861 3923 3279 3981 molestissime
3312 3926 3462 3981 ferre
3511 3925 3562 3979 id
3608 3923 3764 3994 ipsum

415 4014 501 4079 lit,
537 4013 622 4068 uti
655 4016 711 4067 et
739 4009 893 4065 inter
925 4007 1284 4065 voluntarios
1315 4007 1745 4063 existimatione
1776 4018 1832 4063 et
1860 4013 2063 4064 aucto-
2165 4010 2319 4081 quod
2350 4011 2569 4081 passim
2604 4011 2857 4082 populus
2888 4013 3194 4068 admirans
3225 4014 3764 4086 gratulansqueprm-

411 4102 581 4156 ritate
611 4105 898 4172 praestans
929 4097 1292 4155 Cutritzaces
1325 4096 1552 4168 primus
1584 4101 1788 4152 auctor
1828 4097 2058 4153 consilii
2163 4098 2414 4153 dicabat.
2466 4099 2613 4165 Quid
2647 4116 2714 4155 ex
2745 4099 2837 4156 his
2870 4101 3084 4157 deinde
3114 4109 3391 4158 secutum
3428 4103 3522 4170 sit,
3566 4097 3769 4156 historia

410 4191 482 4246 de
513 4189 676 4245 urbis
707 4187 1136 4260 expugnatione
1165 4185 1266 4241 tali
1292 4189 1554 4257 tempore
1587 4186 1885 4240 tentanda.
2163 4193 2362 4242 nostra
2395 4187 2453 4241 in
2485 4188 2610 4244 loco
2646 4189 3012 4245 memorabit.

405 4307 496 4360 23.
528 4308 604 4362 De
629 4308 812 4377 primo
843 4304 1166 4377 asecreteris
1196 4302 1585 4377 Sennacherib,
1615 4302 1747 4373 quid
1789 4304 1838 4357 is
1887 4305 2056 4374 egerit

820 4377 1006 4432 audito
1036 4376 1195 4431 urbis
1219 4379 1395 4445 capta
1409 4375 1633 4429 nuntio.

477 4481 557 4532 Ae
618 4475 918 4548 negotium
977 4475 1217 4545 quidem
1271 4472 1732 4544 recuperationis
1790 4472 2046 4530 civitatis
2077 4457 2126 4521 Π
2229 4474 2371 4529 Muli
2416 4478 2556 4529 tunc
2606 4474 2848 4531 incitato
2898 4493 3074 4532 cursu
3108 4478 3178 4532 ad
3214 4478 3619 4550 imperatorem
3649 4474 3766 4527 ferc-

403 4566 576 4637 regiae
626 4569 990 4620 transactum
1057 4563 1164 4618 hoc
1215 4563 1387 4617 modo
1445 4567 1554 4617 est.
1596 4562 1881 4625 Quoniam
1909 4580 2041 4620 vero
2151 4566 2367 4621 bantur
2423 4563 2726 4634 Nympbtei
2797 4569 2938 4620 tunc
2998 4573 3436 4637 comorantem,
3490 4561 3761 4621 contende-

399 4653 780 4709 conveniebat
811 4652 1101 4724 divulgari
1137 4651 1272 4706 facti
1305 4651 1520 4705 famam
1551 4666 1615 4705 eo
1647 4653 1893 4706 celerius
1925 4669 2040 4723 quo
2151 4654 2410 4724 bantque
2441 4653 2600 4708 omni
2632 4658 2840 4709 conatu
2863 4671 2925 4710 se
2950 4661 3154 4711 mutuo
3182 4652 3760 4729 praevertere,gratiam

397 4741 720 4797 mirabilior
752 4758 843 4796 res
877 4744 1021 4806 erat,
1071 4739 1258 4794 obiter
1288 4745 1343 4794 et
1386 4741 1458 4794 ab
1510 4739 1789 4795 aliorsum
1840 4742 2041 4798 missis
2149 4735 2406 4814 primu'm
2454 4741 2614 4798 allati
2673 4749 2793 4798 tam
2853 4745 3037 4812 optati
3098 4745 3291 4801 nuntii
3325 4763 3429 4818 pro
3461 4762 3520 4800 se
3550 4743 3761 4815 quisque

393 4831 719 4903 expugnari
752 4835 972 4885 tantam
1002 4829 1150 4884 I49
1183 4829 1657 4899 urbem,quidam
1682 4829 2038 4886 velocissimi
2149 4833 2509 4887 aﬂ‘ectantes.
2545 4831 2881 4888 Prcevolavit
2911 4835 3065 4891 I50
3095 4851 3162 4889 eo
3189 4840 3324 4890 ante
3361 4851 3560 4890 omnes
3588 4827 3758 4887 celeri-

390 4937 662 4976 cursores
680 4918 1280 4990 tantzegratulationis
1298 4918 1486 4972 nuntii
1512 4919 2040 4991 discurreruntper
2147 4926 2264 4976 tate
2317 4937 2459 4975 usus
2509 4936 2746 4976 summa
2776 4922 3041 4992 quidam;
3075 4924 3175 4992 qui
3206 4940 3345 4978 cum
3379 4941 3413 4978 a
3441 4928 3652 4980 Caesare
3678 4917 3756 4970 lit-

389 5025 624 5064 omnem
659 5009 773 5063 late
805 5013 1043 5072 terram,
1081 5006 1298 5077 ubique
1331 5005 1769 5078 promulgantes
1802 5014 2032 5078 captam
2144 5016 2300 5065 teras
2353 5026 2470 5065 non
2529 5010 2724 5078 ferret,
2784 5016 2840 5066 et
2896 5013 3039 5066 satis
3090 5011 3450 5086 intelligeret
3497 5009 3756 5066 neminem

347 5135 356 5143 .
389 5099 575 5155 fuisse
608 5114 884 5170 magnam
915 5097 1113 5152 urbem
1147 5097 1239 5151 die
1271 5095 1513 5166 insigni,
1547 5111 1714 5150 sacra
1764 5097 1820 5151 S.
1853 5101 2032 5154 Annae
2145 5100 2310 5171 prius
2359 5103 2477 5152 tam
2515 5101 2706 5154 fausto
2739 5099 2947 5156 nuntio
2999 5101 3288 5172 impertiri
3319 5112 3576 5172 oportere
3605 5110 3750 5168 quam

383 5189 643 5260 Deiparre
674 5186 932 5258 Virginis
967 5185 1162 5254 matri,
1198 5201 1397 5239 mense
1418 5183 1594 5251 Julio,
1621 5183 1791 5239 facile
1827 5203 1894 5241 ac
1919 5187 2033 5242 fere
2143 5189 2554 5258 imperatorem
2587 5187 2807 5258 ipsum,
2839 5189 2911 5243 ad
2945 5205 3118 5260 quem
3151 5196 3350 5246 tamen
3379 5188 3647 5245 utstatim
3673 5183 3756 5238 ad-

380 5279 506 5333 sine
539 5277 881 5340 certamine,
910 5292 1026 5346 quo
1061 5275 1234 5330 modo
1269 5291 1337 5328 ne
1371 5273 1483 5344 ipsi
1519 5273 1757 5343 quidem
1793 5274 1888 5344 qui
1936 5293 2031 5330 ce-
2144 5277 2476 5331 mitteretur
2533 5293 2647 5332 non
2712 5282 2937 5347 poterat
2994 5278 3332 5348 impetrare,
3369 5293 3616 5334 sororem
3644 5275 3750 5342 ejus

380 5373 586 5436 perant
615 5381 877 5436 unquam
905 5368 1243 5434 sperassent
1266 5363 1394 5433 capi
1424 5377 1614 5432 posse.
1643 5360 2032 5420 Ostentabant
2141 5366 2262 5420 adit
2296 5363 2617 5436 Eulogiam,
2651 5365 2820 5436 eique
2848 5365 3017 5436 plane
3048 5372 3284 5438 captum
3318 5365 3649 5438 Byzantium
3678 5376 3752 5415 as-

372 5461 567 5510 autem
602 5456 661 5509 in
696 5455 929 5523 signum
982 5451 1245 5508 veritatis
1293 5450 1574 5505 nuntiata).
1621 5451 1698 5505 rei
1746 5451 2025 5509 sarissam
2137 5455 2611 5511 severantissime
2643 5456 2917 5511 afﬁrmat.
2953 5456 3082 5513 Hmc
3119 5457 3320 5512 statim
3355 5459 3429 5513 ab
3461 5457 3563 5512 hoc
3581 5451 3749 5509 audito

371 5559 544 5597 cocco
576 5543 844 5596 tinctam.
874 5540 1092 5594 Horum
1123 5538 1304 5610 aliqui
1337 5539 1740 5594 Nicomediam
1773 5555 1904 5595 eum
1934 5559 2027 5598 vc-
2138 5561 2372 5599 summo
2406 5561 2577 5600 mane
2610 5555 2816 5615 prater
2842 5545 3084 5602 solitum
3119 5545 3342 5617 regiam
3379 5548 3634 5618 ingressa
3672 5555 3745 5595 re-

2211 4341 2303 4396 29.
2339 4343 2400 4399 Ut
2423 4340 2624 4396 audita
2653 4344 2724 4397 sit
2754 4342 2822 4398 ab
2850 4342 3189 4412 imperatore
3216 4345 3378 4401 urbi:
3406 4340 3725 4416 expugnalia.
