4018 6198
263 334 374 390 589

1346 335 1434 387 DE
1475 334 1842 389 MICUAELE
1879 331 2323 387 PALEOLOGO
2360 336 2494 389 LlB.
2538 339 2610 390 ΙΙ.

3578 345 3686 402 590

264 479 455 514 σταται
489 459 748 512 amcam
803 461 883 529 τῷ
944 455 1176 532 βασιλεῖ.
1210 456 1280 510 Τὸ
1317 453 1444 531 γοῦν
1477 452 1770 524 διυπνίζειν
1803 454 1918 528 ἅμα
1951 459 2004 525 Α
2033 457 2111 525 τῷ
2168 450 2288 522 ἤθει
2344 454 2588 534 ἐμφανὴς
2644 459 2710 528 ἦν
2741 457 2807 514 τά
2835 461 2955 525 καθ’
2985 461 3190 533 ἡδονὴν
3223 464 3440 538 ἐροῢσα,
3475 468 3536 524 οὗ
3571 471 3682 543 μὴν

264 548 354 603 καὶ
386 546 567 622 λέγειν
599 545 862 617 τοιαύτην
899 544 1152 622 ἀγγελίαν
1200 544 1299 599 ούκ
1345 542 1656 617 ἐδοκίμαζε,
1691 547 1764 616 μή
1801 564 1918 606 πως

263 635 354 692 καὶ
385 635 551 690 πάθοι
582 657 634 691 τι
687 634 938 711 ἐξαίφνης
986 633 1076 690 καὶ
1131 635 1277 708 παρᾶ
1306 631 1634 709 προσδοκίαν
1692 631 1926 693 ἀκούσας

267 727 382 797 ἅμα
430 729 510 796 τῷ
559 725 653 778 τὸν
703 723 869 778 ὕπνον
919 721 1241 791 διολισθεῖν,
1276 721 1440 800 σοιρόν
1471 743 1522 776 τι
1553 721 1641 776 καὶ
1675 721 1735 776 ού
1792 721 1927 775 κατὰ

265 819 533 888 γυναῖκας
567 817 825 867 ποιοῦσα.
859 816 968 870 Τοῦ
998 812 1101 888 γὰρ
1135 811 1378 888 ἐμφύτου
1430 811 1736 880 πνεύματος
1795 810 1928 883 μετά

266 905 371 971 τήν
401 905 613 979 τροφήν
664 901 786 976 περὶ
832 902 932 970 τήν
983 902 1144 975 πέψιν
1179 899 1599 975 ἀσχολουμένου
1647 902 1735 955 καὶ
1781 899 1928 963 ἐντὸς

269 987 620 1052 εἰσδύνοντος
670 987 876 1065 ἀνάγκη
929 989 1024 1051 τὰς
1073 988 1349 1059 αἰσθήσεις
1395 987 1431 1058 ἢ
1464 989 1646 1064 ἀργεῖν
1698 989 1927 1044 ὑπνούν-

269 1102 380 1136 των
432 1082 469 1151 ἢ
521 1081 730 1134 ἀτονεῖν
779 1077 1220 1154 γρηγορούντων,
1279 1079 1354 1151 μὴ
1415 1079 1592 1155 σφίσιν
1650 1077 1925 1134 ἐπιπολά-

274 1175 491 1239 ζοντος,
550 1169 664 1223 εἶτα
708 1166 804 1223 κᾶν
860 1189 912 1222 τι
963 1167 1089 1243 περὶ
1145 1167 1212 1222 τὰ
1268 1167 1499 1236 αἴσθητά
1555 1163 1794 1240 συμϐαίη
1850 1170 1924 1241 μὴ

272 1260 641 1320 καταστάντος
717 1259 854 1312 κατά
919 1256 1108 1332 χώραν
1170 1256 1525 1330 [ύπνούντωνῖ
1584 1257 1672 1311 καὶ
1729 1279 1780 1310 τι
1837 1259 1927 1312 καὶ

272 1350 413 1422 πρὸς
445 1347 740 1419 ἀντίληψιν
797 1341 1258 1420 προσϐιάζωνται,
1316 1346 1361 1400 εἰ
1425 1346 1517 1419 μὲν
1574 1345 1780 1418 ὁμαλὸν
1838 1345 1927 1401 καὶ

270 1444 381 1494 τῶν
459 1440 708 1507 συνήθων
785 1435 896 1491 ἐστὶ
970 1437 1032 1491 τὸ
1105 1432 1673 1509 ἀντιλαμϐανόμενον.
1734 1435 1930 1515 αἴφνης

272 1529 614 1588 ἀκούσαντας
645 1526 1215 1601 κατερῥᾳθυμημένως
1272 1525 1584 1601 προσέσθαι,
1617 1526 1663 1580 εἷ
1713 1524 1759 1580 δ’
1803 1529 1932 1594 ἀτη-

270 1622 365 1694 ρὸν
418 1617 611 1678 ἄλλως
743 1614 1058 1690 τοῦμπαλιν
1111 1618 1302 1691 χαρίεν
1350 1618 1437 1671 καὶ
1483 1621 1590 1671 τῶν
1624 1618 1928 1686 ἀσυνήθων,

272 1712 352 1784 μή
402 1711 607 1770 ἱκανῶς
659 1705 736 1762 ἔτι
785 1707 920 1780 πρὸς
960 1705 1251 1779 ἀντίληψιν
1306 1705 1538 1780 ἐσχούσας
1585 1701 1930 1780 θορυϐεῖσθαι

268 1799 362 1854 καὶ
420 1801 491 1871 τῇ
569 1800 724 1870 ψυχῇ
784 1795 976 1856 εύθέως
1033 1790 1471 1869 τεθορυϐημένας
1522 1795 2010 1893 προσπαιούσαςΒ

269 1885 539 1956 ἔκπληξιν
592 1886 1010 1961 ἀπεργάζεσθαι.
1061 1884 1195 1940 Τότε
1235 1883 1414 1938 τοίνυθ
1461 1883 1636 1954 ἐκείνη
1683 1891 1782 1953 τῆς
1831 1889 1930 1938 τοῦ

275 1977 551 2053 βασιλέως
600 1973 894 2052 ἀσφαλείας
918 1973 1027 2048 οὐχ
1053 1975 1214 2042 ἦττον
1248 1972 1283 2042 ἢ
1333 1978 1429 2027 τοῦ
1458 1974 1523 2028 τὰ
1571 1973 1707 2043 ἡδέα
1756 1974 1931 2052 λέγειν

270 2067 536 2140 προύνὸει
569 2109 582 2132 ,
642 2066 732 2118 καὶ
788 2065 905 2118 κατ’
962 2061 1152 2138 ὀλίγον
1210 2065 1506 2138 γρήγορσιν
1568 2060 1927 2137 ἀνελάμϐανε.

266 2159 395 2212 Τῶν
460 2155 565 2230 γάρ
612 2157 708 2208 τοῦ
765 2150 935 2214 ποδὸς
995 2150 1274 2206 δακτύλων
1329 2153 1419 2206 τὸν
1479 2152 1729 2226 μέγιστον
1764 2175 1931 2208 κατα-

268 2248 490 2319 σχοῦσα
554 2241 786 2316 μετρίως
843 2240 1021 2309 ἐπίεζε
1077 2245 1194 2304 τοῖς
1253 2238 1543 2302 δακτύλοις
1583 2241 1658 2306 ὠς
1705 2243 1932 2315 ὁμαλῶς

266 2332 642 2388 διυπνίσουσα
676 2374 689 2398 ,
751 2328 836 2386 καῖ
889 2327 1133 2398 διύπνιζε
1190 2329 1530 2405 παραυτίκα.
1589 2331 1685 2385 Καὶ
1749 2333 1806 2393 ὁς
1859 2338 1929 2406 τῇ

270 2426 507 2497 μοναχῇ
575 2417 766 2475 ἐνιδὼν
845 2418 1133 2493 ἱσταμένη,
1183 2419 1214 2473 ὅ
1287 2441 1340 2473 τι
1401 2422 1643 2474 παθοῦσα
1706 2423 1930 2496 πράττει

262 2515 504 2566 τοιαῦτα
563 2509 964 2564 διεπυνθάνετο.
1008 2508 1070 2563 Ἡ
1121 2505 1178 2561 δὲ
1221 2507 1420 2582 γέλωτι
1457 2509 1552 2581 μὲν
1579 2510 1667 2564 καί
1696 2518 1930 2586 χαροπῷ

264 2712 428 2785 perit
477 2708 868 2767 dormientem
917 2707 1333 2779 imperatorem
1363 2724 1384 2770 ;
1432 2707 1570 2763 etin
1604 2711 1766 2764 tanta
1797 2709 1933 2767 licet

264 2808 394 2856 tam
450 2800 717 2870 expetita:
751 2797 829 2852 rei
855 2797 968 2852 cito
999 2797 1326 2852 indicandae
1375 2797 1675 2868 prurigine
1723 2799 1932 2855 mulie-

266 2892 442 2944 brem
497 2886 884 2958 cupiditatem
934 2884 1224 2955 sapientia
1276 2885 1478 2954 majori
1531 2884 1590 2938 in
1643 2890 1930 2957 potestate

268 2977 516 3044 habuit,
566 2975 867 3030 moderata
897 2974 1032 3040 sibi,
1063 2991 1135 3028 ne
1189 2975 1352 3028 fratri
1384 2990 1415 3028 e
1447 2991 1653 3030 somno
1685 2975 1929 3030 excitato

269 3072 508 3124 tantam
561 3063 758 3120 subito
805 3063 1069 3118 laetitiam
1117 3063 1411 3132 objiceret,
1446 3079 1563 3133 qua
1611 3064 1926 3134 periclitari

2031 540 2076 596 δ’
2107 539 2167 596 ἐκ
2193 547 2295 596 τοῦ
2325 545 2629 618 παραυτίκα
2661 548 2727 601 τὰ
2774 551 2908 603 κατὰ
2953 555 3076 606 νοῦν
3113 551 3432 629 ἐξήγγελλε,
3486 539 3681 634 μέγρις

2030 629 2089 686 ἂν
2148 633 2441 703 κατασταίη
2488 636 2623 690 κατᾶ
2679 639 2742 692 τὸ
2793 637 2938 699 εἶ’κὸς
2986 641 3047 695 τὸ
3104 624 3362 718 φρονοῦν.
3418 624 3682 703 ίιΕὲιεῖδὲ

2031 719 2317 808 καθίστατο
2375 724 2460 777 καὶ
2521 725 2668 787 αὖθις
2720 726 2909 798 ἥρώτα
2971 736 3159 801 μαθεῖν
3222 730 3561 808 γλιχόμενος
3617 739 3681 792 τδ

2032 806 2282 879 ἣδυνοῦν,
2316 813 2388 872 ὡς
2419 813 2652 885 ὑπενόει,
2709 814 2833 870 τότε
2883 821 3190 891 προσετίθει
3246 822 3312 877 τὰ
3369 825 3681 901 εὐαγγέλια,

2033 899 2106 960 ὡς
2137 899 2172 968 ἢ
2219 922 2276 955 τε
2310 897 2470 963 πόλις
2517 902 2673 976 ἁλῴη
2725 905 2753 959 ὃ
2786 927 2844 960 τε
2884 908 3091 983 Καῖσαρ
3128 910 3260 983 μετᾶ
3287 917 3382 966 τοῦ
3417 897 3684 978 Σκυθικοῧ

2032 987 2176 1050 ἐντὸς
2222 989 2412 1060 ἀνέδην
2467 989 2670 1066 διάγοι,
2706 997 2790 1064 [Ρ.
2821 997 2911 1069 98]
2964 997 3053 1052 καὶ
3089 999 3160 1062 ὡς
3196 1000 3484 1077 εὐαγγέλια
3541 1004 3685 1059 ἐκεῖ-

2035 1075 2120 1128 θεν
2178 1077 2430 1150 ἥκοντος,
2491 1080 2578 1134 ἐπὶ
2632 1082 2846 1145 τούτοις
2923 1075 3349 1162 ἰσχυριζομένου
3399 1093 3465 1147 τά
3520 1091 3686 1166 μάλι-

2034 1194 2130 1230 στα
2215 1172 2288 1233 ὡς
2376 1169 2487 1224 ἐκεῖ
2560 1175 2948 1246 πραττομένων
3015 1178 3311 1252 παρόντος.
3395 1183 3545 1238 Ἐπεὶ
3628 1182 3686 1240 δὲ

2033 1263 2124 1319 καὶ
2181 1261 2223 1314 εἰ
2286 1257 2618 1330 ἀποσταλείη
2699 1263 2844 1337 παρᾶ
2897 1269 2994 1319 τοῦ
3053 1269 3326 1336 Καίσαρος
3382 1271 3541 1333 οὗτος
3595 1273 3684 1326 ἄν·

2035 1348 2392 1417 επυνθάνετο,
2454 1351 2488 1418 ἡ
2551 1346 2607 1403 δὲ
2667 1350 2765 1406 ούκ
2818 1350 3012 1408 εἰδέναι
3077 1356 3170 1428 μὲν
3226 1355 3475 1434 ἔφασκεν,
3534 1360 3688 1434 ὅμως

2035 1441 2193 1496 αὐτὸν
2278 1439 2522 1512 παρόντα
2592 1441 2832 1514 αὐτάρκη
2920 1443 3050 1497 εἶναι
3122 1445 3548 1520 ἀποκρινεῖσθαι.
3627 1451 3686 1508 Ὁ

2039 1531 2221 1602 μέντοι
2280 1547 2338 1602 γε
2401 1525 2655 1598 βασιλεὺς
2717 1529 2914 1584 ἐννοῶν
2977 1533 3071 1604 μὲν
3100 1535 3190 1587 καὶ
3220 1537 3283 1590 τὸ
3312 1541 3407 1590 τοῦ
3435 1538 3688 1612 πράγμα-

2034 1640 2125 1679 τος
2160 1617 2302 1687 ξένον
2333 1615 2420 1669 καὶ
2464 1613 2530 1682 δὴ
2581 1616 2672 1670 καὶ
2728 1618 2802 1680 ὡς
2859 1620 2957 1673 οὒκ
3014 1622 3347 1678 ἀποστέλλοι
3401 1627 3428 1680 ὁ
3488 1634 3687 1703 Καῖσαρ

2036 1707 2125 1762 ἐπὶ
2196 1704 2439 1769 τούτοις,
2520 1703 2716 1759 ἐννοῶν
2795 1706 2852 1762 δὲ
2909 1711 2996 1764 καὶ
3058 1713 3121 1766 τὸ
3177 1717 3283 1766 τῶν
3341 1715 3687 1792 ἐφεπομένιυν

2038 1794 2255 1863 πλῆθος
2303 1794 2378 1856 ὡς
2421 1789 2647 1849 ἔλαττον
2703 1795 2762 1849 ’ὀν
2861 1801 3028 1852 ταῦτα
3059 1802 3336 1873 πράττειν,
3380 1789 3475 1858 καὶ
3518 1789 3598 1865 νὼς
3643 1806 3688 1860 εἰ

2046 1882 2374 1962 βουληθείη,
2405 1881 2508 1936 οὐκ
2539 1880 2596 1936 ἃν
2630 1880 2900 1954 ἠδυνήθη,
2953 1884 3066 1940 οὐδ’
3111 1887 3256 1948 ὅλως
3305 1896 3422 1954 τοῖς
3459 1894 3692 1968 λεγομέ-

2039 1998 2174 2043 νοις,
2227 1974 2413 2029 ἑαυτὸν
2444 1971 2645 2031 ἐδίδου.
2694 1975 2768 2027 Τά
2810 1971 2866 2028 δὲ
2896 1974 3072 2050 χλεύη
3107 1980 3195 2032 καὶ
3225 1978 3391 2034 πάλιν
3423 1984 3573 2057 εἶναι,
3611 1986 3686 2056 μὴ

2040 2067 2132 2122 καὶ
2188 2061 2480 2139 ἀϐέλτερος
2527 2061 2610 2134 εἶή
2673 2066 2700 2118 ὁ
2757 2069 2923 2119 ταῦτα
2980 2069 3460 2143 συσκευαζόμενος,
3515 2074 3690 2137 Αὐτὸς

2041 2159 2130 2213 οὖν
2182 2153 2322 2231 ἔγνω
2369 2157 2592 2217 καθίσας
2648 2153 2906 2229 διερωτᾷν
2937 2158 3028 2211 τὸν
3078 2159 3300 2228 ἥκοντα,
3353 2162 3417 2216 ού
3465 2169 3543 2236 τῷ
3571 2171 3688 2227 τοῖς

2043 2248 2440 2323 ῥηθησομένοις
2491 2244 2539 2318 ἐξ
2595 2245 2819 2318 ἑτοίμου
2873 2248 3154 2317 θήσεσθαι,
3201 2255 3281 2322 τῷ
3335 2248 3394 2305 δὲ
3440 2253 3684 2325 νομίζειν

2041 2336 2242 2392 ἐκεῖνον
2315 2333 2388 2395 εἲς
2465 2329 2634 2410 φόϐον
2711 2335 3044 2392 καταστάντα
3127 2339 3406 2413 βασιλικὸν
3469 2342 3689 2413 τάληθῆ

2043 2425 2234 2496 λέξειν,
2258 2424 2490 2495 τάληθὲς
2511 2424 2746 2494 ἐλπίζων
2771 2426 3052 2481 πυθέσθαι·
3087 2429 3356 2504 Είσήγετο
3384 2433 3564 2486 τοίνυν
3592 2437 3690 2488 τοῦ

2047 2513 2312 2590 βασιλέως
2356 2513 2775 2588 προστάξαντος,
2825 2513 2913 2570 καί
2969 2515 3321 2593 ἐρωτώμενος
3373 2519 3545 2597 ἔλεγε,
3598 2523 3689 2577 καὶ

2041 2712 2360 2776 admiraos,
2406 2710 2726 2767 satin’sana
2755 2717 2813 2768 et
2853 2730 3138 2785 quorsum
3184 2717 3264 2771 ibi
3291 2722 3448 2774 esset
3477 2720 3693 2791 quidve

2042 2810 2253 2870 ageret.
2299 2799 2403 2855 Illa
2446 2799 2620 2854 hilari
2674 2800 2939 2857 arridens
2982 2802 3147 2858 vultu
3199 2805 3345 2861 satis
3394 2806 3523 2878 ipsa
3572 2810 3691 2864 oris

2043 2891 2368 2945 renidentis
2408 2889 2774 2944 monstrabat
2818 2907 3104 2961 prosperis
3156 2909 3217 2948 se
3250 2896 3329 2949 rei
3359 2897 3564 2950 adesse
3597 2896 3689 2950 in-

2041 2980 2250 3035 dicem.
2276 2979 2544 3034 Nondum
2565 2983 2760 3034 tamen
2787 2980 2927 3051 quid
2955 2981 3482 3054 ati‘erretexposuit,
3501 2984 3688 3040 otium

2042 3069 2303 3140 praebens
2353 3067 2626 3122 sensibus
2674 3067 3006 3123 excutiendi
3055 3072 3304 3140 torporis
3349 3071 3687 3143 vigorisque

267 3155 551 3212 valetudo
585 3156 714 3223 ejus
745 3157 960 3224 posset,
993 3150 1234 3207 extremi
1265 3152 1462 3223 gaudii
1485 3152 1930 3209 vehementissi-
1961 3143 2004 3207 C
2047 3154 2403 3212 resumendi.
2435 3154 2581 3208 Tum
2614 3154 2712 3208 ubi
2745 3154 2886 3210 satis
2916 3155 3090 3223 spatii
3121 3157 3324 3213 datum
3357 3161 3689 3229 naturaaju-

271 3262 447 3301 mum
479 3261 550 3299 ex
579 3242 883 3313 inopinato
915 3242 1230 3313 appulsam
1253 3241 1352 3296 tali
1380 3241 1626 3297 articulo
1651 3243 1806 3297 haud
1842 3244 1929 3298 in-

271 3337 456 3392 noxie
489 3331 760 3389 fortassis
800 3337 1107 3402 excepturo
1141 3331 1483 3388 semisomni
1533 3348 1794 3402 corpore,
1847 3333 1929 3387 si-

269 3426 526 3496 quidem
580 3420 835 3478 naturali
868 3421 1080 3491 spiritu
1133 3426 1263 3492 post
1293 3420 1488 3474 cibum
1537 3425 1839 3492 sumptum
1873 3421 1930 3476 in

267 3519 407 3588 ejus
457 3511 838 3568 concoctione
885 3515 1191 3580 occupato,
1222 3515 1279 3565 et
1327 3509 1488 3565 intus
1520 3527 1586 3565 ea
1613 3527 1793 3565 causa
1840 3527 1932 3566 re-

265 3608 492 3671 tracto,
545 3616 787 3656 necesse
836 3604 925 3654 est
965 3615 1175 3653 sensus
1224 3603 1324 3653 aut
1374 3600 1543 3670 plane
1572 3599 1743 3654 otiari
1797 3601 1931 3655 dor-

269 3691 623 3760 mientium,
653 3694 755 3744 aut
787 3704 989 3742 recens
1019 3686 1405 3742 excitatorum
1437 3686 1733 3758 languere,
1767 3689 1936 3760 ecpia

263 3781 552 3837 videlicet
599 3778 942 3849 spirituum,
989 3792 1243 3847 quorum
1289 3777 1505 3831 at‘ﬂuxu
1541 3775 1758 3847 vigent,
1793 3782 1935 3833 tunc

270 3871 480 3926 adhuc
529 3867 670 3922 alibi
717 3867 971 3922 detenta.
1005 3866 1194 3929 Quare
1225 3866 1297 3934 si,
1331 3867 1485 3937 quod
1535 3866 1591 3920 in
1641 3876 1935 3921 momento

264 3977 395 4032 quo
430 3957 570 4029 quis
618 3955 1041 4027 expergiscitur
1074 3960 1264 4010 movet
1293 3972 1553 4021 sensum,
1606 3955 1733 4010 lene
1764 3956 1937 4010 fuerit

266 4056 332 4105 et
366 4047 640 4116 solitum,
685 4045 1040 4118 percipietur
1070 4046 1196 4100 sine
1227 4061 1398 4110 noxa,
1433 4045 1711 4100 mediocri
1746 4050 1932 4099 atten-

269 4141 461 4203 tione,
495 4142 552 4190 et
585 4135 778 4206 qualis
818 4139 908 4189 est
955 4133 1416 4188 ludibundorum
1449 4139 1505 4188 et
1553 4133 1711 4188 aliud
1756 4150 1935 4202 agen-

267 4229 456 4293 tium,
492 4228 563 4281 ad
616 4226 671 4280 id
708 4224 1060 4280 sufficiente.
1116 4224 1289 4279 Porro
1341 4225 1407 4278 ad
1444 4224 1595 4278 hanc
1645 4224 1790 4278 satis
1845 4224 1933 4277 in-

268 4320 513 4372 structa
537 4315 803 4379 facultas,
829 4318 918 4368 est
949 4318 1246 4382 utcunque
1271 4313 1424 4367 intro
1456 4311 1648 4366 adhuc
1667 4317 1936 4367 teneatur

273 4423 420 4479 pars
457 4405 650 4474 major
680 4403 1020 4474 spirituum.
1066 4402 1168 4456 Sin
1195 4416 1331 4456 vero
1362 4401 1726 4472 in0pinatum
1761 4401 1935 4471 quid-

2039 3245 2333 3300 dicavitad
2355 3242 2773 3298 restituendam
2799 3243 2854 3298 in
2870 3247 3087 3300 statum
3113 3251 3572 3304 consentaneum
3596 3249 3687 3303 in-

2041 3331 2334 3403 telligendi
2371 3332 2729 3400 facultatem,
2762 3333 2969 3403 cupide
2995 3335 3282 3406 ﬂagitanti
3317 3341 3578 3408 Augusto
3610 3354 3681 3393 ne

2039 3423 2261 3477 diutius
2300 3427 2519 3478 taceret
2547 3423 2701 3493 quod
2752 3422 2921 3476 dulce
2951 3422 3153 3478 auditu
3205 3425 3551 3481 nuntiatura
3578 3441 3676 3482 ve-

2043 3512 2248 3577 nisset,
2281 3512 2512 3566 tandem
2549 3512 2818 3582 exposuit
2859 3517 3090 3582 captam
3143 3514 3327 3569 teneri
3379 3515 3584 3572 urbem
3631 3521 3690 3572 et

2039 3601 2325 3658 Caesarem
2363 3601 2518 3655 intra
2565 3617 2695 3655 eam
2743 3617 2945 3656 secure
2977 3618 3113 3657 cum
3157 3604 3448 3675 Scythicis
3497 3605 3686 3677 copiis

2041 3693 2268 3762 degere.
2333 3690 2390 3745 Id
2438 3694 2593 3745 certo
2651 3689 2787 3743 sciri
2846 3706 2916 3744 ex
2964 3691 3194 3747 oculato
3246 3697 3397 3748 teste
3454 3693 3690 3750 homine

2042 3781 2178 3836 inde
2208 3796 2442 3836 summa
2475 3776 2768 3833 celeritate
2791 3779 3064 3849 profecto,
3099 3782 3690 3852 constantissimeque

2042 3871 2374 3924 affirmante
2424 3883 2553 3922 sese
2619 3866 2958 3922 interfuisse
3011 3870 3152 3923 dum
3186 3886 3278 3925 res
3309 3876 3604 3940 gereretur
3632 3877 3689 3927 et

2042 3963 2267 4028 gestam
2283 3955 2521 4010 vidisse.
2540 3956 2937 4024 Interrogante
2950 3973 3083 4012 vero
3099 3957 3450 4028 imperatore
3475 3959 3683 4031 ecquid

2042 4047 2137 4100 ille
2171 4045 2390 4099 missus
2421 4060 2454 4098 a
2485 4043 2707 4097 Caesare
2740 4043 3015 4112 venisset,
3051 4045 3151 4099 illa
3183 4061 3244 4101 se
3276 4046 3502 4103 nescire
3535 4048 3685 4102 dixit

2043 4139 2315 4190 caeterum
2367 4132 2574 4186 adesse
2623 4131 2920 4186 hominem
2969 4138 3025 4187 et
3090 4134 3439 4207 interrogari
3490 4153 3683 4208 posse,

2042 4224 2260 4296 quippe
2310 4221 2583 4276 idoneum
2629 4221 2936 4275 reddendae
2992 4224 3082 4278 sui
3135 4224 3368 4282 rationi.
3421 4226 3685 4282 Prudens

2042 4315 2362 4384 imperator
2391 4313 2673 4381 reputans
2723 4325 2898 4380 quam
2935 4328 3082 4367 nova
3113 4322 3166 4368 et
3206 4314 3511 4386 inopinata
3545 4332 3686 4370 nar-

2043 4406 2271 4458 raretur
2302 4417 2414 4465 res,
2449 4401 2520 4454 de
2550 4416 2667 4470 qua
2689 4400 2934 4456 nuntius
2965 4418 2999 4456 a
3028 4401 3267 4469 Caesare,
3300 4405 3401 4475 qui
3435 4405 3687 4477 gessisse

267 4498 416 4550 dam
448 4499 507 4549 et
540 4508 823 4563 magnum
875 4491 1208 4561 objiciatur,
1245 4492 1302 4544 in
1339 4491 1628 4546 utrumvis
1661 4491 1798 4545 mali
1831 4493 1931 4545 aut
1962 4500 2009 4561 ι)
2039 4491 2363 4556 dicebatur,
2397 4488 2596 4543 nullus
2655 4494 2976 4559 appareret,
3013 4507 3236 4548 memor
3275 4493 3447 4548 etiam
3482 4494 3688 4565 pauci-

268 4584 446 4652 boni,
483 4582 700 4638 doloris
732 4586 834 4637 aut
862 4580 1062 4652 gaudii
1112 4587 1441 4635 extremum
1473 4581 1778 4645 excedens,
1810 4584 1932 4634 tur-

271 4677 387 4730 bat
418 4672 686 4726 animum
720 4670 1150 4732 vehementius,
1185 4675 1241 4724 et
1271 4685 1406 4724 cum
1436 4670 1650 4740 raptim
1684 4669 1934 4724 incitans

270 4764 355 4820 ad
387 4760 709 4833 exigendas
739 4775 768 4814 e
791 4759 1088 4825 sensibus,
1120 4764 1285 4826 tunc,
1315 4764 1377 4813 ut
1399 4759 1617 4812 dictum
1645 4765 1734 4813 est
1765 4759 1936 4828 spiri-

271 4859 456 4908 tuum
490 4848 756 4904 absentia
788 4848 1133 4914 debilitatis,
1167 4864 1330 4902 acres
1361 4847 1748 4916 operationes,
1783 4846 1939 4902 laedit

271 4959 383 4998 eos
442 4944 506 4994 et
563 4937 961 4993 valetudinem
996 4937 1346 5007 corrumpit,
1390 4937 1536 4992 151
1575 4952 1815 5006 corpore
1847 4937 1937 4990 in-

277 5030 527 5086 terdum
565 5027 626 5081 in
676 5025 1003 5098 deliquium
1038 5031 1096 5081 et
1139 5030 1473 5097 symptoma
1523 5026 1813 5080 sonticum
1849 5043 1937 5081 re-

275 5120 484 5174 dacto.
503 5115 642 5179 Hac
670 5115 968 5184 sapienter
995 5120 1137 5169 tunc
1171 5120 1449 5186 reputans
1477 5114 1719 5184 Eulogia
1743 5113 1942 5168 instil-

274 5208 412 5263 lare
451 5205 737 5277 gaudium
773 5221 946 5275 quam
998 5204 1424 5276 superfundere
1468 5203 1634 5258 fratri
1687 5203 1935 5270 maluit;

275 5313 395 5353 nec
424 5294 703 5350 nuntium
739 5293 1149 5349 felicissimum
1202 5292 1316 5346 nisi
1349 5293 1689 5363 praeparatis
1719 5291 1938 5346 idonea:

273 5382 702 5457 suspensionis
723 5399 884 5437 mora
905 5383 1361 5454 expergiscentis
1379 5383 1621 5437 auribus
1646 5382 1942 5436 commisit

277 5459 553 5530 Primum
587 5473 858 5528 vellicato
891 5472 1058 5544 pedis
1089 5471 1336 5526 articulo
1379 5472 1588 5542 majori
1621 5471 1791 5542 sopiti
1831 5474 1942 5526 fra~

273 5565 402 5621 tris
431 5579 705 5618 somnum
730 5565 1006 5618 excussit.
1031 5565 1293 5632 Cumque
1318 5559 1368 5615 is
1390 5560 1574 5615 oculis
1598 5561 1816 5632 apertis
1850 5577 1946 5616 so-

275 5655 412 5709 lam
443 5668 510 5708 eo
532 5651 660 5708 loco
692 5669 759 5708 ac
788 5656 1055 5722 tempore
1087 5666 1350 5707 sororem
1382 5648 1644 5718 vidisset,
1680 5650 1946 5722 quaesivit

2045 4581 2185 4636 tatis
2216 4579 2510 4650 copiarum
2537 4593 2668 4632 cum
2726 4594 2937 4632 eiesare
2987 4582 3375 4649 profectarum
3420 4582 3553 4638 talis
3625 4587 3691 4638 ut

2045 4675 2266 4724 tantam
2321 4668 2524 4722 urbem
2558 4683 2878 4736 occupasse
2918 4669 3091 4723 etiam
3126 4670 3278 4726 ultro
3331 4671 3460 4727 sine
3503 4677 3693 4727 certa-

2050 4761 2203 4814 mine
2251 4762 2537 4828 apertam,
2604 4756 2690 4809 vel
2737 4756 2784 4810 si
2830 4756 3154 4814 voluissent
3203 4761 3476 4830 maxime,
3531 4761 3688 4816 haud

2051 4848 2310 4920 potuisse
2339 4846 2693 4909 viderentur,
2719 4845 3001 4901 sustinuit
3031 4864 3345 4904 accensum
3379 4866 3484 4904 nec
3511 4849 3687 4906 ﬁdem

2049 4935 2317 4993 adhibuit
2349 4933 2576 4997 nuntio,
2600 4934 2753 4990 152
2781 4934 3113 5005 Suspicatus
3136 4937 3279 5009 quin
3310 4939 3486 4993 etiam
3521 4937 3690 4994 illudi

2050 5027 2161 5081 sibi
2203 5025 2273 5078 ab
2305 5022 2542 5076 homine
2565 5022 2810 5077 fortasse
2834 5024 3078 5080 nimium
3105 5027 3359 5097 simplici
3389 5033 3490 5083 aut
3518 5027 3692 5098 plano

2052 5115 2148 5186 qui
2178 5114 2297 5167 haec
2320 5117 2515 5166 astute
2546 5115 2647 5165 aut
2678 5111 2854 5166 stulte
2895 5114 3258 5170 conﬁnxerit.
3293 5115 3553 5171 Decrevit
3579 5116 3693 5186 igi-

2051 5212 2113 5258 tu
2145 5203 2272 5273 ipse
2307 5217 2408 5272 per
2437 5200 2622 5255 otium
2654 5216 2786 5254 eum
2827 5200 3208 5274 interrogare,
3255 5221 3497 5274 sperans
3526 5204 3692 5277 agni-

2053 5299 2251 5347 turum
2304 5307 2373 5344 ex
2424 5290 2552 5358 ejus
2586 5291 2882 5360 responsis
2931 5292 3072 5362 quid
3116 5293 3172 5346 in
3209 5309 3268 5347 re
3315 5299 3509 5350 esset:
3561 5309 3696 5346 nam

2057 5387 2216 5436 metu
2251 5381 2558 5451 praesentis
2593 5380 2918 5449 majestatis
2957 5380 3422 5447 simulationem,
3448 5382 3494 5436 si
3519 5397 3696 5450 quam

2057 5470 2448 5536 adhibuisset,
2501 5468 2615 5539 ipsi
2678 5471 3108 5533 excutiendam,
3163 5474 3574 5539 l‘assurumque
3633 5487 3702 5525 ex

2057 5578 2192 5616 vero
2241 5564 2470 5614 cuncta.
2524 5559 2688 5612 Tunc
2736 5559 2916 5630 igitur
2950 5559 3021 5613 ad
3072 5560 3485 5629 imperatorem
3525 5559 3697 5623 jussu

2058 5649 2246 5722 ipsius
2268 5648 2644 5703 introductus
2667 5664 2872 5702 cursor
2896 5652 3003 5714 est,
3037 5651 3092 5701 et
3123 5648 3192 5701 ah
3215 5663 3280 5700 eo
3304 5647 3699 5718 interrogatus
