4018 6198
373 311 475 366 591
1676 307 1978 364 GEORGII
2021 303 2486 358 PACHYMERIE
3639 309 3728 367 592

379 435 452 495 ὡς
487 431 594 487 ἴδοι
625 429 1055 493 ἐπιτελεσθεῖσαν
1106 430 1206 499 τὴν
1257 426 1461 484 ἅλωσιν
1511 423 1784 484 ἐϐεϐαίου.
1842 428 2026 503 Λέγων
2059 421 2379 493 Αέκείνους
2433 421 2736 498 γράμματα
2781 423 3014 496 πέμπων
3070 423 3340 481 συνεκάλει
3393 427 3574 490 πάντας
3619 432 3730 506 πρὸς

382 521 470 578 οὖν
532 523 650 584 καθ’
705 517 927 574 ἕκαστον
988 519 1227 581 πολλοῖς
1286 520 1382 592 μὶν
1439 518 1778 593 ἐνειργάζετο
1824 517 2029 584 πίστιν,
2138 510 2485 588 εὐγαριστίαν
2511 515 2608 566 τοῦ
2638 510 2969 588 κρείττονος.

377 620 504 668 πᾶσι
553 610 610 665 δὲ
656 610 1018 680 κατάπληξιν.
1051 612 1112 667 Ὁ
1166 611 1352 682 μέντοι
1408 607 1662 684 βασιλεὺς
1713 607 1860 682 παρά
1901 606 2032 667 τοὺς
2306 625 2373 683 λι.
2408 626 2738 703 Δημηγορία
2767 625 3040 703 βασιῦέως
3074 626 3161 682 ἐπὶ
3189 631 3256 702 τῇ
3289 627 3478 685 ἁλώσι,ι
3507 637 3594 702 τῆς

376 699 623 762 πολλοὺς
673 698 848 755 δοκεῖν
899 698 1070 764 θέλων
1105 697 1325 772 εἷδὲναι,
1378 700 1468 754 καὶ
1503 696 1717 772 μᾶλλον
1751 697 2032 772 ἐπὶστραο
2474 696 2504 700 ⁷⁷
2563 696 2601 703 γ’
2651 696 2659 701 ’
2767 696 2777 703 ’
2851 698 3090 761 πόλεως.

375 793 570 862 τείαις,
621 791 711 847 καὶ
771 794 882 865 ἅμα
929 789 1141 865 ψευδῶν
1191 793 1286 864 μὲν
1345 787 1515 846 ὄντων
1560 795 1669 845 τῶν
1715 790 2030 865 λεγομὲνων
2211 798 2292 868 [Ρ.
2342 798 2433 868 99]
2481 820 2510 847 ‹‹
2542 793 2760 867 Οἴδατε,
2796 820 2822 847 ››
2882 793 3061 872 λέγων
3123 797 3259 871 πρὸς
3315 797 3438 861 τοὺς
3483 802 3732 876 παρόντας,

383 884 457 956 μὴ
519 884 865 958 ξυναρπαγῆς
921 877 1179 956 ἔγκλημα
1233 884 1458 958 φέρειν,
1519 880 1796 951 ἀληθινῶν
1859 878 1915 934 δὲ
1969 879 2032 934 τὸ
2143 907 2168 938 ι
2228 882 2415 960 ἄνδρες
2471 884 2749 959 βασιλείας
2809 885 3042 955 ὑπήκοοι
3095 885 3512 958 τῆςῬωμαίω-ι,
3565 890 3664 944 ὅσοι
3689 913 3736 946 τε

383 973 517 1046 μετὰ
567 971 836 1037 δοκούσης
881 970 1176 1048 ἀσφαλείας
1226 976 1332 1026 τῶν
1389 972 1464 1032 ὡς
1500 970 1658 1025 αὐτὸν
1691 970 2031 1048 ἀναφερομὲ-
2143 976 2460 1046 μεγιστᾶνες
2511 973 2602 1027 καὶ
2674 975 2810 1044 ἡμῖν
2869 974 3005 1047 πρὸς
3065 971 3290 1047 α’ίματος
3355 975 3442 1028 καί
3507 975 3609 1030 ὅσοι
3657 983 3735 1033 τοῦ

377 1085 479 1118 νων
539 1060 862 1136 κερδαίνειν,
919 1063 1247 1136 προσέταττε
1297 1059 1660 1138 φυλάττεσθαι
1721 1057 2026 1133 δεδεμένον.
2138 1059 2408 1130 πλήθους,
2467 1059 2619 1122 ὅπως
2651 1058 2820 1115 πάλαι
2851 1065 2948 1115 τοῖ’)
2989 1060 3148 1116 Θείου
3197 1063 3506 1136 μηνίσαντος
3553 1065 3735 1137 ἀνέμοις

381 1153 536 1224 Ηλήν
593 1152 814 1225 ἅσμενοι
847 1153 982 1220 ἦσαν
1041 1152 1292 1218 ἅπαντες,
1349 1151 1395 1206 εἴ
1451 1151 1795 1206 πιστεύοιντο
1830 1149 2032 1206 Ἰταλοὶ
2141 1148 2394 1220 ἐξώσταις
2427 1150 2539 1204 οἷον
2570 1155 2687 1212 τοῖς
2734 1149 2972 1212 Ἰταλοῖς
3022 1150 3326 1223 ἐξώσθησαν
3379 1159 3475 1222 τῆς
3518 1153 3734 1225 πατρίδος

381 1244 524 1299 οὕτω
581 1251 681 1312 τῆς
735 1243 953 1305 πόλεως
1008 1243 1390 1315 ἐξωθούμενοι.
1449 1243 1538 1305 Ὠς
1596 1240 1653 1296 δὲ
1708 1239 1804 1306 τῆς
1863 1239 2032 1310 αὐτῆς
2139 1239 2190 1291 οἱ
2249 1237 2506 1313 ἡμέτεροι
2566 1238 2850 1314 πρόγονοι,
2911 1239 3002 1293 καὶ
3061 1241 3136 1304 ὡς
3193 1240 3272 1302 εἷς
3332 1242 3506 1296 στενὸν
3557 1243 3618 1296 τα
3654 1251 3734 1313 τῆς

382 1333 591 1409 ἡμερας
624 1331 847 1392 πλείους
886 1333 937 1385 οἱ
985 1330 1326 1404 πεμπόμενοι
1377 1330 1513 1406 πρὸς
1564 1329 1831 1404 Καίσαρος
1871 1331 2031 1397 ἦσαν,
2139 1325 2355 1381 ἐκείνων
2411 1327 2591 1403 ἀρχῆς
2648 1330 3052 1399 κατηντήκεσαν
3094 1372 3106 1387 .
3175 1329 3272 1386 Καὶ
3330 1336 3506 1407 παρεῶ
3556 1332 3614 1385 τὰ
3655 1336 3736 1386 πά-

381 1424 470 1479 καὶ
532 1423 619 1478 ἐπὶ
675 1421 894 1482 τούτοις
926 1423 952 1476 ὁ
1000 1423 1099 1490 τὴν
1145 1419 1460 1496 καλύπτραν
1519 1419 1606 1474 καὶ
1667 1421 1763 1488 τὴν
1820 1419 2028 1489 σπάθην
2139 1414 2253 1481 λαι,
2313 1415 2402 1470 ὅτε
2457 1419 2491 1486 ἡ
2547 1417 2652 1471 τῶν
2707 1417 2998 1490 Ῥωμαίων
3046 1419 3193 1493 ἀρχὴ
3249 1420 3385 1494 πρὸς
3435 1417 3504 1474 ἕω
3545 1421 3624 1494 μὶν
3655 1421 3736 1476 Εὖ-

380 1517 478 1568 τοῦ
536 1509 871 1567 Βαλδουίνου
902 1511 976 1571 ὡς
1025 1505 1240 1584 βέϐαιον
1299 1509 1542 1582 κομίζων
1575 1511 1896 1583 τεκμήριον,
1932 1509 2031 1584 βα-
2139 1505 2314 1580 φράτῃ
2364 1506 2454 1560 καὶ
2503 1503 2730 1579 Τίγριδι,
2780 1506 2918 1582 πρὸς
2965 1504 3114 1561 δύσιν
3165 1504 3223 1562 δὲ
3274 1508 3489 1580 Σικελίᾳ
3530 1510 3610 1563 καὶ
3643 1516 3736 1570 τοῖς

384 1603 462 1657 σι)
482 1608 529 1658 εἴ
561 1601 617 1657 δὲ
645 1601 736 1656 καὶ
765 1603 832 1655 τὰ
860 1600 1156 1676 γράμματα
1207 1599 1355 1661 ὅπως
1415 1596 1495 1669 ετὴ
1558 1602 1592 1668 ἡ
1649 1597 1811 1660 πόλις
1858 1621 2032 1654 συνει-
2137 1593 2325 1670 πρόσω
2370 1592 2608 1659 Πουλίας
2637 1595 2885 1672 ὡρίζετο,
2917 1595 3186 1661 Αἰθίοπας
3235 1595 3280 1651 δ’
3328 1597 3440 1673 εἶχε
3463 1598 3588 1672 πρὸς
3614 1596 3738 1653 νότον

383 1691 641 1765 λημμένη
675 1689 898 1760 ἐδήλου,
932 1691 1108 1745 οὐκετι
1141 1684 1452 1766 ἀμφίϐολος
1484 1689 1574 1757 ἦν,
1609 1686 1735 1743 ἀλλ’
1767 1687 2026 1744 ἐπίστευε.
2135 1683 2224 1737 καὶ
2279 1684 2413 1758 πρὸς
2473 1683 2683 1759 Βορῥᾶν
2738 1683 2805 1738 τὰ
2861 1683 3198 1760 προσάρκτια
3235 1730 3247 1742 .
3302 1686 3528 1762 Ἀφίημι
3574 1692 3739 1744 ταῦτα.

386 1779 481 1835 Καὶ
539 1776 818 1833 ἀντεδίδου
877 1777 970 1849 μὲν
1028 1782 1135 1831 τῶν
1191 1775 1370 1853 λόγων
1399 1776 1465 1832 τὰ
1497 1776 1688 1849 μείζω,
1719 1777 1808 1831 τὸν
1843 1778 2030 1849 μέντοι
2062 1787 2108 1849 Β
2142 1771 2295 1828 Ἀλλ’
2357 1770 2540 1826 οἷ’δατε
2587 1773 2803 1835 πάντως
2855 1773 3142 1836 ἀκούοντες
3192 1775 3270 1836 ὡς
3325 1775 3518 1845 ταύτης
3562 1774 3620 1846 δὴ
3660 1784 3739 1844 τῆς

381 1891 442 1944 γε
489 1866 742 1942 πρύτανιν
788 1865 996 1920 τούτων
1043 1865 1132 1919 καὶ
1181 1863 1431 1941 παροχὲα
1479 1865 1552 1926 ὡς
1585 1862 1807 1919 δυνατὸν
1838 1863 2029 1938 ἐμεγά-
2143 1860 2418 1932 θαλάσσης
2477 1861 2626 1924 ἐντὸς
2675 1865 2811 1937 πρὸς
2860 1859 3086 1938 ἤπειρον
3148 1863 3212 1918 οὐ
3273 1861 3417 1918 δυοῖν
3474 1865 3556 1919 καὶ
3606 1871 3743 1941 τριῶν

384 1956 558 2012 λυνεν·
613 1952 739 2009 οὐδὲ
779 1955 880 2029 γὰρ
935 1953 1126 2028 μικρὸν
1175 1952 1352 2015 οὕτως
1404 1950 1540 2022 ᾤετο
1569 1955 1638 2025 τῇ
1671 1951 1876 2006 ἐκείνου
1929 1952 2028 2027 βα·
2139 1953 2389 2026 ἡμερῶν,
2421 1950 2546 2006 ἀλλ’
2588 1948 2729 2006 ἔστιν
2772 1953 2909 2006 ὅπου
2939 1953 3028 2006 καὶ
3061 1950 3186 2007 δέκα
3244 1955 3329 2008 καὶ
3379 1953 3571 2008 τούτων
3600 1953 3739 2010 πλέον

383 2044 561 2115 σιλεία
592 2044 951 2118 προστεθῆναι
980 2045 1226 2096 τοιοῦτον
1259 2040 1612 2116 κατόρθωμα.
1667 2040 1761 2093 Καὶ
1813 2037 1878 2108 δὴ
1935 2061 2032 2112 με-
2139 2040 2310 2094 τόπου
2341 2038 2615 2113 διάστημα
2646 2042 2792 2116 παρὰ
2837 2047 2946 2096 τῶν
2973 2043 3262 2116 ἡμετέρων
3316 2045 3438 2098 τότε
3481 2044 3742 2118 κατείχετο,

383 2133 573 2210 γίστης
628 2133 822 2206 ἑορτῆς
879 2131 1020 2206 ἄγων
1081 2130 1292 2204 ἡμέραν
1337 2127 1574 2198 ἐκείνην,
1625 2127 2029 2206 μετημφιάζετο
2139 2130 2320 2203 χωρὶς
2371 2128 2590 2183 ἀπασῶν
2648 2132 2872 2200 νήσων,
2931 2132 3019 2185 καὶ
3075 2136 3182 2186 τῶν
3251 2133 3546 2207 μεγίστων.
3599 2131 3743 2187 {ma

379 2225 474 2297 μὲν
525 2222 660 2297 πρὸς
705 2220 765 2274 τὸ
817 2218 1256 2294 μεγαλειὸτερον,
1294 2217 1572 2273 συνεκάλει
1606 2215 1664 2272 δὲ
1699 2217 1828 2280 τοὺς
1861 2229 2029 2287 συνη-
2141 2222 2273 2272 Θεοῦ
2327 2218 2604 2284 θέλοντος,
2662 2220 2697 2288 ἢ
2760 2219 2973 2290 μᾶλλον
3023 2226 3489 2295 παραχωροῦντος
3531 2221 3744 2276 κατέῗσ-

375 2311 666 2383 σομὲνους,
711 2307 801 2363 καὶ
845 2306 1041 2369 αὐτοὺς
1089 2308 1162 2368 ὡς
1219 2307 1363 2368 εἲκὸς
1423 2304 1845 2379 ἐστολισμένους
1903 2328 2029 2362 ποις
2139 2310 2331 2382 πραξιν
2397 2311 2504 2360 τῶν
2584 2306 2660 2369 είς
2741 2307 2941 2363 ἐκεῖνον
3017 2309 3543 2382 πλημμελημάτων,
3609 2310 3742 2379 αὐτῆς

374 2399 580 2470 κίλοις,
639 2398 727 2452 καὶ
789 2397 937 2470 σφίσι
996 2394 1333 2471 δημηγορῶν
1395 2393 1677 2466 συνήδετο,
1716 2394 1856 2470 μηδὲ
1903 2395 2030 2458 τοὺς
2141 2396 2335 2451 ὡσανεί
2370 2415 2519 2458 τινος
2566 2395 2793 2471 καρδίας
2850 2405 2950 2466 τῆς
2997 2396 3268 2472 πατρίδος
3317 2399 3580 2469 παθούσης
3623 2420 3744 2454 συνε-

375 2487 567 2565 πόρῥω
623 2485 812 2546 κενοὺς
868 2485 1046 2560 ἀφιεὶς
1101 2483 1345 2555 ἡδονῆς,
1405 2483 1552 2540 ἀλλά
1608 2507 1669 2562 γε
1743 2485 1834 2540 καὶ
1891 2487 2028 2560 πρὸς
2139 2487 2483 2562 νεκρώθησαν
2517 2484 2710 2554 πάντα,
2743 2484 2833 2541 καὶ
2865 2487 2932 2541 τὰ
2965 2487 3061 2561 μὲν
3113 2487 3322 2543 Ἰταλοὶ
3369 2490 3434 2544 τὰ
3461 2487 3514 2543 δὲ
3556 2488 3740 2564 Πέρσαι,

379 2687 720 2742 constanter
767 2682 1120 2738 asseveravit
1170 2687 1496 2754 spectatum
1528 2700 1562 2738 a
1591 2699 1654 2738 se
1697 2698 1893 2738 coram
1927 2699 2032 2738 ne-
2141 2682 2744 2752 magnificentissimis
2765 2684 3030 2741 vestibus
3061 2685 3131 2740 ad
3153 2701 3428 2758 proceres
3456 2685 3744 2742 celebrandi

379 2775 601 2847 gotium
637 2772 966 2828 confectum
1001 2775 1180 2840 captaa
1214 2771 1398 2841 urbis,
1430 2771 1609 2828 simul
1641 2772 1896 2826 referens
1923 2771 2030 2825 mi-
2139 2787 2320 2826 causa
2363 2772 2695 2828 communis
2725 2773 2924 2845 gaudii
2974 2775 3045 2828 ad
3078 2791 3141 2829 se
3169 2780 3432 2844 vocatos,
3480 2774 3744 2847 splendido

387 2866 578 2921 nutim
633 2867 804 2935 prout
850 2861 1206 2932 contigerint
1249 2862 1503 2933 singula,
1548 2863 1752 2917 multis
1792 2864 2029 2935 quidem
2139 2864 2197 2914 et
2234 2859 2394 2931 ipsos
2424 2861 2702 2932 varioque
2745 2861 3010 2933 insignes
3053 2869 3295 2934 ornatu,
3348 2865 3742 2937 gratulatoriam

383 2955 559 3010 ﬁdem
586 2953 742 3018 fecit,
768 2952 996 3006 cunctis
1019 2951 1467 3006 admirationem
1503 2967 1568 3006 ac
1591 2956 1892 3023 stuporem
1914 2969 2034 3007 mo-
2139 2950 2462 3005 orationem
2495 2950 2719 3005 habuit.
2756 2956 2836 3006 Ac
2866 2967 2938 3006 ne
2969 2953 3248 3008 absentes
3279 2955 3511 3024 quidem
3539 2954 3649 3024 ejus
3673 2969 3748 3008 vo-

384 3045 483 3098 vit.
520 3048 592 3098 At
621 3043 963 3112 imperator,
999 3041 1095 3111 qui
1128 3039 1438 3096 affectabat
1474 3041 1656 3096 videri
1691 3040 1824 3112 plus
1853 3057 2028 3112 quam
2139 3037 2386 3108 luptatis
2416 3044 2679 3110 expertes
2701 3056 2934 3111 passus,
2959 3041 3192 3113 scriptis
3231 3047 3290 3097 et
3306 3059 3533 3115 quoquo
3553 3059 3742 3097 versum

383 3129 900 3204 vulgussaperein
926 3128 1372 3184 caateristumin
1400 3128 1754 3185 militaribus
1781 3131 2032 3201 negotiis
2142 3126 2339 3182 missis
2389 3128 2652 3198 ejusdem
2704 3146 2834 3183 cum
2897 3131 3160 3186 oratione
3219 3133 3521 3188 sententiae
3574 3128 3747 3186 litteris

385 3221 659 3288 maxime,
691 3218 867 3273 simul
900 3219 1185 3289 cogitans,
1217 3217 1263 3272 si
1301 3218 1444 3274 forte
1474 3219 1544 3274 ad
1576 3223 1897 3274 extremum
1920 3219 2025 3274 fal-
2057 3218 2107 3283 C.
2144 3221 2388 3271 cunctos
2420 3217 2491 3271 ad
2521 3219 2778 3289 agendas
2811 3218 2924 3273 Deo
2955 3219 3174 3290 gratias
3214 3220 3554 3292 publiceque
3583 3220 3747 3275 latae-

387 3326 515 3365 sum
562 3309 620 3362 id
659 3307 1196 3378 deprehenderetur
1224 3306 1533 3372 iudicium,
1586 3307 1921 3364 subiturum
1974 3327 2036 3365 se
2145 3305 2285 3360 dum
2321 3305 2667 3362 adhortatus
2697 3312 2807 3363 est.

384 3404 583 3452 notam
620 3396 760 3450 levis
792 3394 1183 3459 credulitatis,
1215 3411 1317 3450 nec
1341 3396 1704 3465 deprehenso
1733 3399 2034 3453 mendacio

381 3487 655 3542 decorum
685 3483 796 3537 sibi
827 3483 944 3537 fore
986 3483 1339 3552 impunitam
1363 3484 1665 3539 dimisisse
1694 3485 2035 3556 impostoris

384 3573 728 3638 audaciam;
764 3571 853 3625 sin
879 3572 1092 3626 veritas
1114 3571 1402 3626 dictorum
1435 3572 1564 3641 ejus
1592 3577 1854 3644 tempore
1880 3580 2036 3647 patc-
2216 3595 2244 3624 «
2277 3573 2502 3642 Nostis,
2536 3595 2562 3620 ››
2595 3573 2873 3646 inquiens
2904 3577 2971 3628 ad
3009 3582 3358 3647 praesentes,
3399 3577 3503 3632 viri
3533 3581 3749 3632 Romano

385 3668 474 3718 ret
503 3666 560 3716 et
588 3677 876 3716 consensu
907 3659 1155 3715 aliorum
1191 3660 1326 3715 inde
1358 3677 1490 3716 mox
1521 3663 1907 3719 alfuturorum
1935 3667 2031 3719 ﬁr-
2142 3661 2389 3734 imperio
2419 3663 2663 3731 subditi,
2710 3663 2932 3735 quique
2962 3665 3286 3734 Optimates
3337 3666 3611 3738 nobisque
3635 3681 3745 3718 con-

390 3755 670 3818 maretur,
723 3749 865 3803 nihil
908 3748 988 3802 illi
1027 3748 1215 3804 fraudi
1267 3751 1384 3805 fore
1431 3767 1653 3805 moram
1707 3758 1888 3808 cauta:
1930 3772 2033 3810 su-
2140 3751 2536 3824 sanguinitate
2558 3752 2772 3822 juncti,
2804 3758 3128 3825 ceteraque
3160 3756 3485 3812 multitudo
3515 3755 3619 3809 huc
3644 3753 3749 3807 ade-

387 3837 670 3910 spicionis
704 3838 934 3892 brevem
969 3839 1465 3907 (representanda
1498 3841 1714 3912 quippe
1753 3841 1864 3914 ipsi
1897 3861 2030 3899 cum
2141 3843 2269 3907 stis,
2299 3841 2506 3905 nostis,
2555 3841 2824 3912 inquam,
2857 3847 2920 3896 ut
2949 3841 3089 3897 olim
3121 3848 3248 3900 Deo
3296 3845 3466 3913 irato,
3498 3847 3564 3898 ab
3595 3841 3748 3904 Italis.

387 3929 502 3983 fide
534 3927 772 3998 praemia
801 3927 998 3981 debita
1028 3925 1321 3981 velocitati
1354 3944 1470 3999 qua
1503 3929 1877 3999 prrevenisset
1904 3949 2032 3987 om-
2138 3930 2298 3986 velut
2345 3931 2537 3985 ventis
2581 3931 2939 4001 quibusdam
3007 3932 3481 4003 vehementibus,
3539 3933 3749 4000 maiores

385 4033 492 4072 nes
523 4017 582 4072 in
633 4016 926 4070 all‘erendo
971 4022 1090 4070 tam
1137 4013 1266 4070 lecto
1316 4016 1564 4085 nuntio),
1607 4019 1790 4088 jussit
1837 4019 2030 4075 homi-
2139 4018 2324 4076 nostri
2355 4019 2581 4090 expulsi
2616 4020 2806 4091 patria
2839 4021 3056 4075 fuerint
3079 4026 3138 4075 ct
3167 4024 3231 4076 in
3257 4029 3480 4078 arctum
3511 4027 3748 4076 contrusa

384 4121 517 4160 nem
551 4104 1140 4160 vinctumfcustodiri.
1164 4105 1382 4160 Tamen
1406 4105 1518 4161 isto
1540 4107 1688 4177 ipso,
1712 4109 2027 4181 cujusque-
2139 4109 2284 4164 ditio
2316 4124 2538 4163 eorum.
2563 4111 2642 4164 Ac
2673 4115 2868 4164 vetera
2917 4115 3196 4181 praetereo
3239 4111 3366 4177 illa,
3399 4111 3620 4184 quando
3657 4111 3746 4162 Ro-

381 4195 539 4248 modi
569 4195 809 4248 tandem
849 4193 1014 4261 foret,
1048 4193 1268 4248 indicio
1309 4195 1431 4264 jam
1468 4199 1591 4249 tum
1628 4212 1833 4252 omnes
1866 4200 2028 4254 laeta-
2138 4215 2380 4254 manum
2414 4199 2726 4270 imperium
2762 4199 2833 4253 ah
2866 4205 2998 4255 ortu
3048 4201 3288 4272 quidem
3325 4201 3657 4272 Euphratem
3691 4211 3745 4250 ac

377 4285 630 4350 bantur;
680 4282 1213 4353 praecipiebantque
1268 4285 1542 4355 praesagis
1573 4285 1787 4341 animis
1816 4289 2026 4343 trium-
2133 4289 2356 4360 Tigrim
2390 4289 2608 4344 limites
2653 4289 2881 4360 habuit,
2915 4291 2986 4346 ab
3018 4307 3231 4346 occasu
3268 4308 3404 4348 vero
3443 4289 3677 4346 Siciliam
3702 4289 3750 4339 et

375 4369 548 4441 phale
577 4369 856 4440 gaudium
889 4385 1004 4439 quo
1052 4371 1440 4440 perfundendi
1473 4377 1688 4439 essent,
1725 4374 1822 4428 ubi
1856 4375 2026 4444 plane
2135 4378 2243 4433 hac
2299 4377 2633 4432 ulteriorem
2677 4378 2968 4449 Apuliam,
3025 4380 3082 4434 in
3137 4381 3448 4436 meridiem
3499 4373 3746 4453 processit

375 4458 740 4514 constitisset
789 4458 872 4512 sic
939 4457 1212 4527 expulsos
1264 4459 1405 4512 urbe
1452 4460 1650 4516 Italos.
1703 4460 1772 4515 Ut
1823 4467 2020 4518 autem
2135 4483 2322 4538 usque
2345 4467 2414 4521 ad
2445 4467 2767 4538 Ethiopas,
2800 4485 3000 4524 versus
3022 4471 3482 4541 septentrionem
3508 4461 3747 4538 usquead

375 4548 578 4602 eodem
631 4547 724 4602 die
770 4545 939 4642 multi
984 4547 1344 4642 advenerunt
1390 4547 1554 4603 missi
1588 4566 1621 4603 a
1668 4549 1913 4617 Caesare,
1965 4558 2023 4607 et
2051 4579 2096 4642 Ι)
2131 4557 2397 4611 admotas
2428 4556 2561 4626 polo
2594 4557 2882 4628 regiones.
2929 4557 3150 4614 Omitto
3184 4558 3310 4624 illa,
3342 4564 3564 4613 tantum
3594 4553 3751 4610 obiter

373 4653 552 4708 super
599 4637 704 4692 hos
735 4635 836 4707 qui
887 4640 1119 4706 tegmen
1171 4636 1377 4706 capitis
1421 4653 1618 4691 ensem
1655 4639 1713 4692 in
1765 4640 2020 4696 certissi-
2051 4635 2090 4642 ”
2131 4659 2464 4699 memorans
2522 4661 2649 4716 quae
2708 4646 2884 4701 fando
2941 4648 3144 4702 audita
3200 4646 3574 4718 cognovistis,
3620 4643 3748 4696 intra

376 4742 539 4780 mum
575 4731 816 4796 receptae
859 4724 1021 4778 urbis
1053 4731 1466 4793 argumentum
1502 4726 1841 4798 imperatori
1883 4746 2016 4786 cum
2128 4733 2273 4788 illud
2308 4750 2467 4788 mare
2489 4750 2694 4789 versus
2715 4736 3112 4791 continentem
3143 4753 3256 4791 non
3289 4736 3479 4792 solum
3501 4736 3744 4805 quantum

377 4814 655 4869 laureatis
683 4813 929 4868 Casaris
960 4812 1168 4868 litteris
1198 4815 1446 4879 alferret,
1482 4815 1652 4886 plane
1683 4817 2024 4874 afﬁrmanti-
2132 4821 2294 4877 bidui
2327 4827 2428 4876 aut
2458 4822 2638 4877 tridui
2672 4840 2848 4879 cursu
2883 4825 3111 4879 emetiri
3145 4825 3403 4896 spatium
3437 4827 3633 4896 potest,
3663 4816 3743 4871 sed

377 4904 488 4958 bus
521 4907 811 4973 receptam
845 4901 1044 4956 urbem
1080 4901 1342 4956 Romano
1373 4904 1642 4974 prmsidio
1665 4906 1868 4975 teneri,
1903 4925 2018 4963 non
2132 4915 2416 4980 quantum
2467 4911 2666 4967 decem
2717 4917 2775 4966 et
2822 4929 2888 4968 eo
2940 4912 3074 4983 plus
3121 4914 3356 4981 diebus,
3409 4914 3466 4967 in
3517 4916 3744 4964 nostrum

370 4992 631 5064 amplius
681 4992 974 5046 dubitavit
1027 4993 1178 5048 158
1240 4993 1573 5065 imperator,
1633 4998 1731 5050 sed
1779 4999 2016 5054 omnino
2129 4999 2313 5054 fuisse
2346 5004 2655 5072 potestate,
2711 5010 2920 5072 praeter
2949 5019 3156 5058 omnes
3187 5002 3442 5067 insulas,
3477 5001 3531 5054 in
3563 4996 3745 5069 quibus

362 5083 488 5152 jam
524 5098 842 5151 persuasus
893 5080 1064 5151 plura
1093 5087 1146 5137 et
1182 5084 1410 5152 majora
1459 5101 1632 5154 quam
1670 5087 2017 5156 promiserat
2129 5089 2400 5159 quaedam
2468 5091 2622 5146 I54
2672 5096 2814 5146 sunt
2863 5091 3268 5163 amplissimae.
3319 5095 3596 5148 Caeterum
3651 5084 3744 5139 D90

369 5178 458 5227 est
491 5171 676 5242 primo
711 5170 917 5225 nuntio
950 5169 1222 5243 largitus.
1259 5179 1339 5226 Ae
1371 5174 1575 5228 ducem
1612 5174 1849 5244 quidem
1878 5177 2014 5233 facti
2125 5177 2374 5244 volente,
2410 5183 2512 5233 aut
2545 5180 2736 5249 potius
2784 5179 3163 5250 permittente
3193 5181 3255 5235 in
3298 5179 3574 5235 ultionem
3605 5173 3737 5242 inju-

366 5267 784 5331 auctoremque
825 5277 1136 5315 successus
1169 5262 1374 5330 gratiis
1405 5266 1462 5316 et
1509 5263 1784 5317 laudibus
1833 5282 2011 5336 quam
2126 5265 2346 5321 riarum
2380 5267 2490 5338 ipsi
2545 5269 2851 5337 factarum,
2904 5285 3036 5324 cum
3071 5271 3198 5342 ipsa
3255 5286 3451 5326 rerum
3510 5263 3741 5338 principe

364 5350 559 5421 potuit
591 5349 979 5420 amplissimis
1007 5355 1349 5419 prosecutus
1382 5357 1506 5404 est:
1541 5367 1654 5405 non
1687 5351 1841 5405 enim
1862 5353 2011 5408 exis-
2125 5360 2343 5409 nostra
2376 5357 2584 5425 patria,
2617 5356 2781 5413 velut
2827 5359 3001 5414 corde
3043 5358 3297 5429 imperii,
3351 5358 3512 5412 clade
3558 5351 3735 5408 ultima

363 5439 615 5492 timabat
663 5454 906 5508 parvum
944 5442 1356 5492 ornamentum
1409 5438 1654 5509 imperio
1705 5456 1811 5494 suo
1843 5441 2011 5496 addi-
2123 5459 2426 5514 oppressa,
2454 5450 2665 5500 cuncta
2690 5448 2906 5518 pariter
2929 5447 3260 5520 reipublicae
3295 5447 3555 5503 membra
3578 5433 3742 5496 lethali

364 5529 493 5580 tum
546 5524 803 5580 facinore
837 5531 954 5579 tam
989 5525 1222 5579 illustri.
1271 5526 1474 5596 Itaque
1505 5526 1660 5581 diem
1695 5527 1861 5582 illum
1898 5532 2008 5585 fes~
2122 5532 2292 5601 quasi
2345 5535 2548 5588 morbo
2580 5534 2995 5607 elanguerunt,
3055 5538 3190 5592 dum
3249 5551 3454 5591 eorum
3511 5529 3738 5603 quasdam

363 5617 490 5667 tum
517 5613 636 5684 egit
655 5612 1022 5668 solemnitate
1047 5630 1280 5668 summa
1308 5632 1319 5668 :
1346 5614 1565 5687 quippe
1596 5619 1852 5689 sumptis
1883 5619 2008 5690 ipse
2120 5620 2270 5688 ltali,
2296 5619 2407 5677 alia
2432 5625 2641 5694 Persae,
2668 5624 2928 5696 Bulgari,
2951 5625 3188 5682 Triballi
3209 5630 3546 5694 ceteraeque
3565 5627 3739 5674 omnes

2216 3449 2304 3502 30.
2340 3449 2535 3504 Concio
2584 3451 2940 3521 imperatoris
2977 3467 3141 3523 super
3168 3453 3576 3524 expugnatione
3608 3450 3748 3506 urbis.
