3944 6202
249 288 338 341 593

1254 286 1351 337 ΒΕ
1391 283 1760 337 MICHAELE
1800 278 2243 335 PALIEOLOGO
2280 285 2411 337 LIB.
2453 287 2522 336 II.

3500 286 3605 339 594

254 407 509 482 Βούλγαροί
536 406 698 461 τεκαὶ
749 400 1064 481 Τριϐαλλοὶ
1112 405 1203 460 καὶ
1234 408 1429 468 πάντες
1458 402 1622 459 ἄλλοι
1669 401 1849 474 διεμε·
1879 408 1933 474 Α
1967 402 2134 473 μένην
2179 402 2588 479 ἐγκαταλείπειν
2640 405 2717 469 εἷς
2783 413 2974 483 χεῖρας
3018 407 3233 463 πίπτειν
3281 413 3389 463 τῶν
3439 408 3607 463 πολε-

249 501 452 571 ρίσαντο,
484 494 587 551 ἔστι
616 492 661 548 δ’
692 493 725 547 ’ἁ
752 495 845 549 καὶ
900 496 1167 562 Ῥωμαῖοι
1216 498 1285 567 τῇ
1333 492 1583 569 βασιλείᾳ
1611 493 1843 560 ὑπήκοοι

245 584 577 662 νοσφισάμενοι
622 585 737 637 καθ’
788 584 986 646 αὑτοὸς
1029 582 1164 651 ἦσαν
1212 580 1584 651 δεσπόζοντες.
1646 581 1729 637 Τὰ
1788 578 1845 633 δὲ

243 676 284 749 γ’
315 672 523 748 ἡμέτερα
577 671 777 742 Νικαίᾳ
817 671 907 725 καὶ
959 670 1178 745 Προύσῃ
1228 672 1318 725 καὶ
1366 669 1519 743 τρίτῃ
1561 665 1843 723 Φιλαδελ-

238 763 335 839 φεία
360 762 439 817 καὶ
480 767 591 823 τοῖς
641 761 795 835 πέριξ
842 758 1277 835 διεγνωρίζοντο.
1322 760 1398 813 Τὰ
1431 760 1527 831 μὲν
1562 756 1652 812 οὖν
1698 754 1843 811 ἄλλα

237 857 329 914 πῶς
378 853 457 906 καὶ
516 852 665 913 αὖθις
728 850 1165 919 ἀνεζωώθησαν,
1225 849 1313 904 καί
1369 869 1431 923 γε
1473 848 1840 917 ἀναζωοῦνται

234 943 347 998 κατὰ
375 941 551 1015 μικρὸν
598 938 880 1000 ἐλεοῦντος
932 938 1097 993 πάλιν
1144 943 1245 993 τοῦ
1291 937 1471 1006 Θείου,
1505 936 1557 991 τί
1604 936 1716 1012 χρὴ
1750 936 1838 989 καὶ

232 1030 376 1104 λέγειν
405 1049 416 1085 :
447 1029 588 1098 πλὴν
638 1026 764 1084 ἀλλ’
815 1025 966 1082 οὐδὲν
1015 1026 1223 1082 τούτων
1276 1028 1341 1096 ἦν
1386 1024 1645 1103 ἀσφαλῶς
1693 1021 1836 1099 ἔχειν

229 1119 486 1187 λειπούσης
530 1124 635 1185 τῆς
680 1115 986 1192 βασιλίδος.
1041 1122 1209 1170 Ποῖος
1253 1117 1354 1189 γὰρ
1403 1118 1541 1187 ἡμῖν
1572 1113 1633 1168 οὐ
1666 1134 1839 1188 προσ-

227 1210 404 1284 κρούων
454 1205 727 1262 ὠνείδισεν
758 1250 773 1277 ,
828 1205 882 1259 εἶ’
932 1226 1037 1260 που
1106 1206 1191 1260 καὶ
1268 1198 1836 1279 διεπρεσὸευσάμεθα,

223 1299 281 1361 ὡς
333 1298 535 1354 ἀπόλισι
594 1299 683 1353 καὶ
746 1296 935 1373 πόρρω
992 1300 1091 1351 τοῦ
1151 1294 1432 1370 βασιλείου
1481 1296 1673 1368 Θρόνου
1721 1294 1837 1347 κατ’

222 1387 420 1461 ἀνάγκην
475 1386 805 1461 ὃιάγουσιν;
860 1388 943 1460 [Ρ.
1003 1388 1125 1457 100]
1198 1381 1421 1458 ἅστρασι
1488 1382 1667 1437 τοίνυν
1734 1383 1832 1449 τήν

219 1474 413 1549 πατρίδα
451 1473 607 1547 διαση
623 1477 989 1547 μαινομένους
1038 1480 1219 1543 ζητεῖν
1248 1475 1313 1528 τὰ
1343 1472 1537 1540 λοιπὰ,
1581 1471 1671 1526 καὶ
1703 1471 1830 1525 ἁνα-

215 1562 455 1628 ιιαλεῖσθαι
486 1565 637 1638 παρὰ
664 1568 771 1617 τῶν
813 1564 1193 1637 κατεχόντων,
1232 1558 1361 1634 μηδ’
1392 1564 1527 1615 εἶναι
1555 1582 1655 1627 την
1688 1559 1832 1633 ἀγω-

215 1649 539 1725 γὴνεύλογον.
594 1652 695 1707 Καὶ
749 1648 839 1704 διὰ
884 1654 1045 1704 τοῦτο
1099 1650 1189 1704 καὶ
1239 1653 1346 1703 τῶν
1401 1647 1508 1721 πρὸ
1535 1649 1696 1719 ἡμῶν
1734 1647 1834 1721 βα-

1958 491 2124 561 μίων.
2178 496 2251 547 Τὸ
2309 494 2409 569 γὰρ
2459 494 2642 550 πολλὰ
2684 495 2773 549 καὶ
2826 496 3063 572 ῃμεγαλα
3110 499 3603 573 πραγματευσαμέ-

1951 600 2078 640 νους
2130 582 2253 654 περὶ
2307 582 2514 652 αὐτῆς,
2566 585 2655 638 καὶ
2708 582 2795 638 διὰ
2851 585 3124 640 τοσούτων
3202 586 3600 657 περαιωθέντας

1957 664 2148 723 δεινῶν
2187 714 2201 737 ,
2263 668 2431 743 μηδὲν
2491 672 2719 742 ἐξανύειν
2779 673 3233 735 πολλαπλασίους
3281 671 3437 735 ὄντας
3492 680 3600 729 τῶν

1958 756 2321 813 ἐνοικούντων
2349 805 2361 827 ,
2415 759 2725 824 δεικνύντος
2792 767 2924 819 Θεοῦ
2968 766 3030 831 ἢν
3077 765 3151 825 ὡς
3190 759 3342 840 ἔργον
3395 764 3600 820 ἐκείνου

1955 846 2044 900 καὶ
2101 848 2272 919 μόνου
2320 848 2369 922 ἐξ
2420 850 2607 913 ἐλέους
2656 848 2802 906 ἔσται
2834 853 2897 907 τὸ
2942 851 3146 921 δοῦναι,
3181 855 3241 907 οὗ
3291 852 3357 922 δὴ
3401 856 3488 909 καὶ
3536 856 3599 909 τὸ

1961 930 2148 991 λαϐεῖν
2201 936 2538 999 ἐπιστεύετο.
2591 943 2828 1018 Ἔφϐασε
2876 942 3049 996 τοίνυν
3098 945 3134 1011 ἡ
3177 950 3277 1011 τῆς
3326 943 3602 1019 εὐσπλαγ-

1950 1024 2105 1098 χνίας
2145 1028 2326 1099 κυρία.
2355 1028 2444 1082 καὶ
2498 1028 2660 1098 ξενον,
2712 1032 2872 1101 ἡμῶν
2911 1031 3311 1105 βασιλευόντων
3361 1037 3466 1086 τῶν
3512 1033 3597 1094 τίς

1948 1110 2006 1165 ἄν
2058 1112 2203 1167 εἶ’ποι
2252 1116 2448 1190 ἀγαθὸν
2498 1116 2760 1191 ἐχόντων.
2812 1121 2916 1174 Καὶ
2973 1117 3038 1188 δὴ
3091 1121 3435 1195 εὐχαριστεῖν
3480 1120 3591 1176 ἐστι

1946 1198 2149 1255 δίκαιον
2206 1201 2586 1269 ἀπολαϐόντας
2634 1209 2732 1277 τήν
2779 1207 3038 1283 πατρίδα,
3086 1210 3175 1262 καί
3223 1230 3284 1283 γε
3328 1209 3593 1280 ἐλπίζειν,

1942 1288 2123 1364 ὣσπερ
2220 1296 2630 1365 καταπεσούσης
2724 1296 2923 1367 ταύτης
3018 1296 3445 1372 συγκατέπιπτον
3526 1301 3592 1353 τὰ

1944 1376 2145 1449 λοιπὰ,
2202 1379 2374 1444 οὕτως
2435 1384 2834 1455 ἀνακληθείσης
2889 1386 3060 1453 αὐτῆς
3112 1385 3209 1440 οὐκ
3256 1381 3399 1440 ἔστιν
3445 1388 3594 1449 ὅπως

1943 1467 2043 1521 οὐκ
2131 1469 2603 1541 ἀνακληοήσεσοαι
2700 1479 2887 1543 ταῦτα,
2972 1477 3033 1529 ’Π
3106 1475 3206 1551 γὰρ
3270 1474 3589 1547 παλίμπους

1940 1560 2320 1631 περιστήσεται
2372 1557 2521 1631 δίκη,
2566 1563 2655 1616 καὶ
2713 1563 2939 1618 πολλῶν
3000 1563 3124 1637 πρὶν
3171 1562 3587 1640 φρυαττομένων

1941 1646 2164 1722 αὐχένες
2213 1648 2329 1720 (σὺν
2384 1654 2501 1721 Θεῷ
2547 1650 2806 1725 εἰρήσθω)
2850 1652 3417 1723 καθυποκλιοήσονται
3449 1653 3585 1725 πρὸς

2700 1479 2887 1543 ταῦτα,

216 1740 382 1795 σιλέων
427 1739 613 1795 πολλὰ
659 1740 1025 1807 πονεσαντων,
1079 1740 1181 1793 οὐκ
1231 1737 1391 1813 ὀλίγα
1438 1735 1495 1791 δὲ
1541 1736 1629 1790 καὶ
1670 1738 1830 1807 ἡμῶν
1864 1777 1910 1839 Β
1939 1735 2002 1790 τὸ
2045 1736 2445 1809 ταπεινότερον.
2499 1739 2564 1794 Ei’
2616 1741 2709 1810 μὲν
2762 1741 2852 1795 οὗν
2905 1742 2957 1795 οἱ
3004 1742 3229 1816 πατὲρες
3271 1745 3430 1814 ἡμῶν
3487 1743 3589 1797 οὐκ

290 1829 299 1839 .
622 1829 635 1839 .
893 1826 963 1839 ..η
1087 1830 1100 1839 .
1161 1828 1172 1839 ,
1219 1829 1239 1839 -
1357 1827 1423 1839 ....
1526 1827 1538 1839 .
1685 1824 1698 1839 ε
1966 1821 2019 1839 τε,
2172 1826 2184 1839 .
2312 1830 2337 1839 ..
2399 1834 2420 1839 -
2497 1832 2519 1839 _
2818 1829 2933 1839 η-.
2991 1832 3003 1839 .
3068 1836 3090 1839 __
3162 1828 3264 1839 .-μ
3388 1833 3397 1839 .

215 1829 442 1903 πρότριτα
490 1829 779 1893 παθόντων
852 1826 1005 1883 οὐδὲν
1074 1828 1306 1897 ἠνύσθη.
1357 1827 1433 1884 Τὸ
1478 1827 1582 1902 γὰρ
1612 1824 1701 1880 καὶ
1733 1846 1835 1903 φυ-

212 1916 516 1991 λαττομένης
585 1917 809 1980 πόλεως
874 1918 949 1979 εἷς
1004 1918 1157 1972 κενὸν
1219 1917 1507 1991 ἀγρυπνεῖν
1542 1959 1557 1983 ,
1614 1913 1702 1968 καὶ
1752 1914 1829 1977 εἷς

208 2012 365 2081 χεῖρας
404 2009 666 2081 κειμένης
702 2008 853 2070 αὖθις
905 2006 1146 2081 γενέσθαι
1190 2004 1268 2066 εἷς
1321 2025 1497 2077 ματην
1535 2002 1662 2064 τοὺς
1707 2023 1826 2056 πει-

204 2097 442 2167 ρωμένους
480 2102 691 2163 πονεῖν,
744 2100 876 2150 Θεοῦ
925 2094 1035 2149 ἐστι
1091 2095 1349 2166 μαλιστα,
1401 2096 1555 2161 Θεοῦ,
1606 2094 1662 2152 δς
1712 2088 1824 2145 οἶδε

200 2186 267 2236 καὶ
311 2188 400 2253 την
451 2185 525 2249 εἷς
564 2184 820 2240 κίνδυνον
864 2185 1236 2257 νομιζομένην
1283 2188 1493 2246 κεῖσθαι
1525 2181 1815 2259 φυλάττειν

195 2271 465 2349 ἀφύλακτον
504 2275 698 2343 οὖσαν,
730 2276 819 2329 καὶ
849 2275 947 2344 τήν
985 2273 1236 2348 ἰσχυροῖς
1278 2273 1533 2334 ὁπλίταις
1569 2270 1809 2347 ὠχυρω-

212 2479 382 2547 gentes
408 2477 677 2533 barbaras
708 2477 863 2532 inter
894 2492 1022 2532 sese
1054 2476 1435 2548 partirentur.
1470 2477 1730 2532 Fuerunt
1766 2478 1823 2529 et

219 2565 468 2622 nonnulla
519 2583 657 2638 quae
704 2566 815 2637 ipsi
870 2566 1134 2621 Romano
1191 2564 1459 2637 imperio,
1511 2565 1603 2620 cui
1663 2567 1828 2619 erant

205 2653 414 2722 subditi,
449 2654 702 2711 rebelles
733 2654 939 2710 avulsa
979 2659 1036 2709 et
1064 2654 1307 2710 seorsim
1342 2658 1528 2709 tracta
1565 2654 1825 2710 domino-

205 2758 312 2798 rum
365 2745 603 2801 nomine
664 2749 952 2800 tenerent.
1012 2744 1234 2799 Nostras
1280 2760 1414 2798 vero
1473 2761 1565 2797 res
1608 2743 1821 2810 Nicaea,

200 2827 383 2887 Prursa
412 2833 707 2904 tertiaque
740 2831 1150 2901 Philadelphia
1179 2848 1312 2886 cum
1343 2832 1517 2887 terris
1550 2831 1822 2902 adjacen-

205 2919 338 2975 tibus
366 2922 822 2978 definiebantur.
856 2921 926 2975 Et
956 2920 1069 2976 alia
1102 2920 1337 2992 quidem
1374 2928 1437 2974 ut
1477 2936 1681 2975 rursus
1734 2936 1824 2976 re—

203 3007 417 3065 n’xerint
437 3011 601 3083 (nam
630 3009 915 3082 paulatim
942 3009 1057 3065 Deo
1083 3010 1397 3064 miserante
1429 3008 1821 3081 revaluerunt)

196 3098 312 3167 quid
366 3101 580 3155 attinet
641 3097 877 3154 dicere?
908 3114 1109 3153 verum
1142 3114 1211 3153 ne
1259 3097 1377 3152 haec
1428 3096 1667 3169 quidem
1730 3098 1821 3153 vel

193 3192 385 3242 servata
428 3188 517 3244 vel
571 3192 920 3258 recuperata
963 3202 1170 3241 secura
1201 3185 1370 3241 nobis
1400 3192 1458 3241 et
1496 3196 1651 3241 certa
1680 3203 1810 3242 esse

1966 1821 2019 1845 γῆ
2172 1826 2185 1843 \
2312 1830 2337 1839 ~
2497 1832 2519 1842 ~
2585 1826 2607 1845 ν
2818 1831 2831 1847 ν
2923 1831 2933 1849 ν
3068 1836 3090 1846 ~
3162 1828 3209 1851 an
3242 1837 3264 1846 .-
3384 1833 3401 1861 _o_

1944 1842 2083 1879 ειοον
2132 1847 2194 1879 το
2245 1848 2341 1880 του
2390 1834 2523 1882 Θεου
2583 1828 2757 1899 ελεος,
2808 1829 2913 1884 αλλ
2981 1832 3116 1902 ἡμιν
3164 1849 3290 1885 ιοειν
3342 1853 3585 1906 γεγονεν,

1942 1914 2083 1977 υἱοῖς
2137 1914 2350 1970 ἐκείνων
2407 1937 2465 1989 γε
2522 1915 2687 1974 οὖσιν.
2754 1918 2815 1972 οὐ
2874 1918 2977 1993 γὰρ
3035 1920 3381 1995 προσώποις,
3444 1919 3590 1974 ἀλλὰ

1939 2003 2146 2077 γὲνεσιν
2202 2004 2254 2067 ἐς
2305 2006 2371 2058 τὰ
2432 2004 2668 2077 μάλιστα
2716 2008 2806 2061 καὶ
2853 2009 2951 2075 τήν
3002 2006 3299 2083 εὐεργεσίαν
3350 2008 3440 2062 καὶ
3486 2011 3586 2077 τήν

1933 2091 2203 2164 τιμωρίαν
2267 2098 2363 2146 τοῦ
2422 2100 2554 2149 Θεοῦ
2621 2095 2897 2171 γενέσθαι.
2974 2098 3132 2150 Τοῦτ’
3183 2095 3433 2172 ἐπράχθη
3493 2097 3585 2151 καὶ

1935 2178 2022 2234 ἐπὶ
2070 2185 2178 2234 τῶν
2228 2181 2416 2238 πάλαι.
2474 2185 2580 2239 Καὶ
2626 2190 2743 2248 τοῖς
2798 2187 3060 2260 πατράσιν
3122 2184 3586 2260 ἐπαγγειλάμενος

1933 2270 2032 2338 τὴν
2085 2269 2293 2345 ἀγαθὴν
2342 2278 2444 2347 γῆν
2496 2272 2703 2345 ἐκείνην
2752 2275 2850 2343 τὴν
2893 2273 3062 2329 πάλαι
3115 2273 3581 2350 προαγγελοεῖσαν

1933 2472 2045 2528 bus
2080 2474 2227 2530 freto
2278 2474 2661 2533 validissimis
2692 2484 2746 2533 et
2793 2479 3058 2534 omnium
3097 2480 3225 2549 ejus
3254 2479 3581 2535 incolarum

1933 2561 2233 2633 ingentem
2266 2562 2403 2619 licet
2434 2566 2877 2621 multitudinem
2913 2584 3158 2623 numero
3191 2567 3364 2639 longe
3406 2586 3581 2641 supe-

1934 2651 2205 2707 rantibus
2250 2659 2661 2725 oppugnantes
2712 2655 2896 2727 copiis
2946 2673 3006 2712 re
3048 2658 3267 2713 infecta
3313 2659 3583 2715 recedere

1930 2754 2294 2809 cogeremur,
2342 2742 2441 2812 qui
2494 2741 2653 2797 aliud
2709 2743 2817 2799 fuit
2865 2761 3043 2815 quam
3094 2746 3195 2801 Dei
3260 2747 3584 2802 admonitio

1934 2826 2285 2883 declarantis
2326 2847 2501 2884 suum
2530 2831 2588 2885 id
2623 2830 2807 2888 solius
2838 2849 2987 2903 opus
3017 2848 3147 2888 esse
3180 2850 3297 2888 suae
3351 2836 3583 2890 miseri-

1934 2918 2144 2971 cordiae
2177 2923 2561 2985 reservatum,
2596 2920 2734 2974 dare
2765 2921 3000 2990 quando
3031 2927 3088 2976 et
3121 2921 3214 2975 cui
3244 2922 3586 2993 dignabitur

1930 3010 2163 3060 tantum
2198 3006 2355 3061 istud
2390 3008 2571 3062 decus
2599 3008 2768 3077 regias
2815 3011 3223 3080 recuperandae
3275 3010 3528 3066 civitatis
3563 3014 3585 3066 Ρ

1933 3096 2093 3151 Istud
2126 3111 2263 3167 ergo
2296 3096 2395 3150 diu
2429 3096 2738 3167 suspirataa
2763 3096 3177 3152 misericordiae
3211 3104 3578 3156 momentum

1932 3201 2063 3241 ecce
2095 3201 2250 3239 nunc
2281 3184 2514 3240 beatum
2546 3191 2603 3241 et
2633 3186 2930 3241 fortunata
2960 3187 3083 3242 dies
3122 3186 3330 3255 illuxit,
3379 3190 3573 3257 nobis,

187 3278 439 3343 poterant,
464 3276 736 3347 quandiu
759 3274 1023 3346 principe
1048 3275 1191 3330 urbe
1210 3276 1805 3341 carebamus.0uotus

188 3364 315 3420 enim
345 3367 599 3439 quisque
630 3366 857 3438 legatos
897 3368 1150 3434 nostros,
1182 3366 1231 3421 si
1264 3382 1413 3437 quos
1472 3382 1666 3420 rerum
1721 3382 1810 3421 re-

189 3456 544 3524 petendarum
581 3473 766 3512 causa
818 3454 1221 3521 mittebamus,
1256 3472 1370 3510 non
1426 3454 1629 3512 irrisos
1675 3473 1807 3512 con-

187 3542 308 3599 vicio
336 3546 664 3617 repellebat
693 3548 978 3616 tanquam
1020 3543 1092 3598 ab
1122 3542 1426 3599 exsulibus
1458 3545 1673 3600 missos
1706 3563 1812 3617 pa-

186 3628 276 3685 tria
295 3633 493 3703 ejectis
523 3639 584 3689 et
646 3631 847 3704 procul
881 3631 1113 3702 imperii
1160 3632 1298 3686 sede
1341 3633 1668 3689 necessario
1713 3635 1811 3689 de-

187 3723 463 3788 gentibus?
486 3724 685 3789 Quare
709 3720 841 3776 illos
873 3720 1343 3791 quidomesticos
1362 3720 1814 3791 lares,hostibus

186 3804 440 3879 insessos,
474 3809 792 3881 designare
816 3808 913 3863 ubi
938 3808 1175 3863 tandem
1202 3812 1399 3863 essent
1429 3811 1663 3866 nonnisi
1686 3828 1815 3883 geo-

1918 3274 2071 3344 quod
2105 3273 2320 3329 mirum
2354 3280 2463 3340 est,
2491 3275 2940 3347 imperantibus,
2974 3277 3076 3348 qui
3110 3277 3253 3333 nihil
3288 3279 3346 3333 in
3401 3281 3572 3336 nobis

1916 3363 2056 3419 boni
2089 3364 2468 3435 agnoscimus
2500 3382 2615 3436 quo
2648 3369 2875 3420 tantum
2907 3366 3255 3422 beneﬁcium
3317 3384 3568 3425 merere-

1918 3469 2072 3508 mur.
2108 3455 2296 3518 Quare
2320 3458 2472 3509 totos
2495 3470 2601 3509 nos
2635 3453 2695 3509 in
2727 3456 3051 3525 gratiarum
3086 3455 3345 3511 actiones
3385 3458 3568 3513 effun-

1919 3542 2057 3597 dere
2080 3542 2313 3611 justum
2345 3546 2435 3596 est
2466 3548 2698 3614 recepta
2730 3542 2913 3614 patria
2943 3563 2956 3610 ;
3008 3544 3095 3599 fas
3148 3544 3322 3600 etiam
3371 3562 3571 3616 spera-

1923 3646 2005 3699 re,
2039 3629 2194 3684 sicut
2221 3646 2289 3684 ea
2347 3630 2647 3701 quondam
2700 3631 2945 3685 cadente
2988 3634 3194 3686 cetera
3234 3633 3356 3701 pari
3400 3634 3567 3689 ruina

1922 3716 2414 3786 conciderunt,ita
2434 3718 2637 3773 eadem
2664 3718 2721 3772 in
2748 3718 3064 3788 pristinum
3107 3720 3277 3774 modo
3301 3728 3571 3777 revocata

1922 3812 2141 3862 statum
2202 3807 2427 3879 reliqua
2473 3808 2749 3864 similiter
2797 3826 2925 3880 quas
2984 3811 3179 3865 afficta
3228 3811 3460 3868 fuerant
3511 3813 3569 3868 in

188 3898 441 3968 graphico
474 3899 647 3955 radio
668 3914 737 3953 ex
768 3897 991 3952 ratione
1035 3901 1331 3951 astrorum
1370 3898 1589 3967 quibus
1620 3904 1817 3956 essent

185 3988 447 4058 suppositi
485 3988 770 4054 valerent,
806 3986 1195 4057 incongruum
1222 3986 1657 4058 absurdumque
1688 4006 1815 4045 esse

181 4074 381 4146 reliqua
429 4082 601 4133 tanto
639 4077 838 4131 minus
870 4075 1164 4147 praecipua
1221 4075 1450 4144 imperii
1483 4078 1746 4133 membra
1785 4096 1818 4133 a

180 4161 562 4223 detinentibus
594 4163 1065 4237 resposcere.0ui
1092 4163 1344 4218 maxime
1364 4165 1662 4233 nodusZne
1684 4172 1817 4223 ante

181 4268 270 4307 nos
297 4254 727 4327 imperantium
758 4252 995 4310 multiet
1026 4251 1468 4324 magnilabores
1491 4254 1816 4326 quidquam

180 4340 475 4400 admodum
495 4344 850 4416 proficerent
872 4342 1119 4408 obstitit,
1143 4341 1298 4396 idem
1324 4347 1554 4399 nostros
1585 4360 1819 4416 quoque

179 4445 277 4486 non
309 4450 532 4503 paucos
568 4450 674 4505 pro
705 4437 921 4488 nostrae
955 4430 1249 4486 facultatis
1282 4431 1520 4487 modulo
1544 4434 1636 4488 bis
1669 4440 1820 4490 retro

179 4518 369 4577 diebus
405 4526 675 4578 tentatos
734 4525 982 4577 conatus
1032 4536 1230 4576 cassos
1276 4522 1484 4575 ell‘ectu
1544 4522 1817 4578 reddidit.

1924 3896 2219 3951 fortunam
2246 3898 2611 3951 restituenda
2635 3897 2959 3953 meliorem.
2984 3898 3129 3953 Nam
3163 3898 3429 3955 divinum
3465 3919 3572 3957 nos

1924 3990 2237 4056 protegens
2270 3985 2637 4056 injuriasque
2667 3985 2835 4040 nobis
2868 3986 3052 4040 factas
3086 3987 3375 4044 ulciscens
3397 3990 3564 4059 judi-

1924 4077 2104 4141 cium,
2137 4076 2288 4145 quod
2321 4094 2353 4130 a
2386 4077 2603 4131 nostris
2636 4078 2805 4147 quasi
2838 4077 3107 4148 partibus
3134 4078 3412 4135 deficiens
3462 4098 3571 4137 nos

1924 4165 2254 4220 deseruisse
2274 4164 2843 4229 videbatur,iterum
2888 4182 2957 4220 ex
2997 4165 3107 4221 hoc
3145 4167 3432 4239 principio
3454 4170 3570 4226 vim

1925 4271 2091 4309 suam
2123 4254 2180 4308 in
2207 4258 2473 4310 nostrum
2504 4254 2892 4325 patrocinium
2919 4271 3099 4325 seque
3131 4256 3327 4312 favens
3345 4275 3411 4314 ac
3434 4276 3571 4330 pro-

1928 4342 2137 4415 pitium
2165 4348 2375 4399 nostra;
2406 4359 2597 4398 causa;
2625 4343 2914 4414 adjungit.
2948 4343 3135 4406 Quare
3158 4345 3416 4415 plurium
3438 4348 3575 4404 isto-

1928 4448 2059 4487 rum
2092 4449 2197 4487 nos
2229 4432 2489 4503 snpurbe
2521 4432 2685 4502 prius
2735 4432 3178 4502 descipientiam
3212 4433 3324 4489 illa;
3378 4438 3575 4493 ardua:

1930 4520 2349 4591 indomitasque
2369 4519 2622 4575 cervices
2644 4520 2767 4592 (Dei
2793 4521 2975 4576 fretus
3000 4522 3219 4578 auxilio
3240 4524 3323 4578 sic
3346 4524 3577 4598 loquor)

180 4606 323 4671 Quod
356 4628 535 4683 porro
571 4611 894 4667 novissime
914 4626 1071 4665 nunc
1103 4610 1338 4677 accidit,
1364 4610 1581 4666 multos
1602 4628 1820 4668 accres-
1855 4591 1900 4653 D
1932 4610 2277 4680 frangentur
2308 4610 2818 4682 inﬂectenturque,
2855 4612 3055 4675 velint,
3109 4612 3315 4675 nolint,
3344 4614 3403 4669 in
3435 4618 3574 4673 sub-

182 4711 280 4765 que
310 4702 593 4756 custodes
628 4698 1010 4772 amplissimae
1059 4698 1643 4771 cpulentissimaaque
1679 4702 1817 4757 civi-

181 4785 302 4842 tatis
325 4790 555 4845 frustra
584 4788 882 4861 vigilasse,
915 4792 972 4842 et
999 4786 1257 4843 hostium
1291 4788 1560 4843 reducem
1602 4790 1817 4845 exerci-

178 4876 292 4929 tum
355 4878 436 4932 rei
500 4883 632 4932 tum
686 4876 876 4931 adhuc
922 4875 1234 4946 gerebatur
1288 4876 1817 4946 supervenientem,

177 4962 418 5035 recipere
452 4966 621 5021 illam
644 4981 850 5021 rursus
881 4964 1170 5034 ejiciendo
1190 4980 1409 5034 paucos
1432 4981 1461 5018 e
1481 4966 1693 5020 nostris
1718 4966 1817 5037 qui

175 5048 223 5103 in
246 5068 369 5108 eam
403 5058 791 5127 penetrarent
819 5053 1217 5124 nequidquam
1242 5055 1641 5111 conatus‘l55
1668 5071 1818 5123 esse,

175 5140 264 5192 Dei
305 5144 569 5213 profecto
630 5141 1008 5216 potissimum
1060 5158 1208 5213 opus
1256 5145 1365 5211 est,
1426 5142 1527 5214 qui
1576 5143 1736 5199 novit
1765 5149 1822 5199 et

176 5230 487 5299 periclitari
523 5234 739 5298 visam,
787 5237 1087 5302 utcunque
1137 5231 1480 5286 destitutam
1523 5233 1819 5303 prmsidio,

176 5322 464 5377 custodire
496 5322 822 5387 civitatem,
846 5324 901 5375 et
930 5321 1198 5375 eamdem
1223 5318 1610 5375 validissimis
1629 5338 1820 5377 arma-

176 5409 356 5465 torum
415 5411 729 5467 defensam
788 5409 1150 5477 cohortibus,
1189 5408 1251 5463 in
1303 5426 1516 5465 manus
1564 5410 1821 5466 hostium

176 5498 397 5556 tradere
427 5517 573 5557 cum
620 5500 783 5557 libet.
818 5499 967 5558 Nam
1020 5497 1173 5569 quod
1228 5513 1417 5569 nuper
1443 5499 1704 5572 contigit,
1757 5505 1822 5556 ut

176 5590 438 5648 eamdem
474 5607 588 5649 nos
618 5590 823 5648 urbem
856 5588 1096 5661 trajecta
1124 5590 1214 5644 tot
1232 5587 1513 5644 arumnis
1534 5593 1591 5644 et
1612 5588 1821 5646 labori-

1920 4698 2239 4769 jectionem
2271 4698 2753 4755 demisissimam.
2787 4704 2921 4754 Haec
2953 4700 3201 4757 felicitas
3232 4705 3576 4762 servabatur

1928 4786 2122 4851 nobis,
2152 4792 2216 4841 ut
2248 4803 2354 4841 usu
2386 4788 2631 4858 visuque
2663 4788 3065 4859 experiremur
3094 4791 3345 4861 gratiam
3396 4796 3572 4851 mise-

1929 4876 2115 4930 rantis
2145 4874 2243 4929 Dei
2282 4892 2294 4928 :
2334 4876 2601 4946 patribus
2633 4878 2849 4932 nostris
2889 4878 3037 4933 tanti
3098 4879 3322 4936 fructus
3370 4886 3571 4954 gaudii

1929 4970 2174 5035 negatus
2205 4968 2313 5032 est,
2340 4965 2506 5019 nobis
2540 4966 2743 5036 utique
2776 4965 2914 5021 ﬁliis
2936 4983 3138 5022 eorum
3166 4969 3397 5026 abunde
3420 4990 3577 5028 nunc

1928 5051 2343 5123 cumulateque
2394 5058 2866 5123 repraesentatus.
2921 5055 3046 5111 Non
3102 5057 3256 5112 enim
3309 5064 3576 5130 personis

1930 5140 2203 5213 singulis,
2233 5142 2334 5197 sed
2364 5143 2679 5213 generibus
2712 5150 2879 5199 stata
2911 5145 3064 5201 vices
3113 5147 3354 5203 alternis
3408 5167 3573 5205 com-

1930 5230 2249 5285 meantium
2286 5231 2345 5287 in
2375 5232 2549 5287 vitam
2583 5233 2888 5288 hominum
2914 5233 3403 5292 beneliciorumet
3432 5255 3573 5309 sup-

1930 5318 2240 5391 pliciorum
2273 5319 2480 5375 divinas
2522 5321 2903 5392 providentia:
2936 5321 3094 5376 reddi
3129 5323 3337 5377 solent.
3358 5324 3575 5379 Hocita

1930 5411 2148 5465 factum
2207 5411 2362 5466 156
2390 5427 2627 5467 cernere
2682 5412 2816 5466 licet
2863 5419 2916 5466 et
2964 5411 3022 5465 in
3088 5411 3365 5483 antiquis.
3425 5413 3572 5469 Nam

1930 5501 2284 5573 promissum
2319 5502 2584 5572 patribus
2619 5501 2845 5557 felicem
2884 5504 3121 5569 terram,
3168 5501 3391 5556 dudum
3432 5519 3575 5572 pras-

1932 5592 2265 5648 nuntiatum
2319 5591 2650 5648 Abrahamo
2698 5596 2981 5663 tanquam
3051 5590 3246 5644 statim
3314 5590 3569 5648 dandam
