4018 6198
397 273 508 330 595

1695 269 1996 325 GEORGII
2034 269 2497 326 PACHYMBRE

3656 277 3746 332 596

399 401 482 469 τῷ
530 390 802 466 Ἀϐραὰμ,
853 390 926 452 ὡς
974 387 1164 444 αὐτίκα
1211 395 1311 458 τῆς
1358 388 1638 464 Αἰγύπτου
1686 390 2048 464 ἀπαλλαγεῖσι
2078 392 2126 460 Α
2163 411 2329 456 σεται,
2362 389 2524 446 πόλιν
2559 391 2676 448 ἀντὶ
2737 388 3046 465 πολιχνίων
3091 389 3442 467 αἱρουμένων,
3469 393 3559 462 τὴν
3605 391 3750 469 ὄνομα

401 480 748 558 ληψομένοις
799 475 1043 546 ἐκείνην,
1077 477 1105 530 ὁ
1137 473 1194 530 δῖε
1241 474 1458 532 ἐκείνων
1504 479 1600 550 μὲν
1649 479 1736 534 ἐπὶ
1783 485 1882 548 τῆς
1925 477 2049 553 ἐρή-

405 594 510 644 μου
540 574 720 624 πεσεῖν
767 565 834 619 τά
883 564 1014 618 ὀστᾶ
1071 567 1454 641 παρεσκεύασε,
1495 573 1612 629 τοῖς
1647 566 1691 621 δ’
1741 567 1874 623 υἱέσι
1903 567 2051 635 πλη-

406 666 495 733 ροῖ
541 659 641 725 τὴν
693 651 1048 730 ἐπαγγελίαν,
1099 655 1188 708 καὶ
1249 652 1310 708 οὒ
1355 652 1596 711 διέπεσεν
1647 660 1680 726 ἡ
1734 658 2048 731 ὑπόσχεσις.

402 748 562 805 Οῖτω
595 742 825 806 δικαίοις
873 744 1092 818 μέτροις
1147 744 1237 798 καὶ
1288 745 1548 816 σταθμοῖς
1582 746 1635 799 αἱ
1668 751 1803 809 θεῖαι
1837 745 2052 821 πράξεις

403 836 843 908 οἷκονομοῦνται.
908 833 1107 908 Καιρὸς
1175 836 1307 905 γοῦν
1380 840 1649 904 μετοικεῖν
1715 836 2050 910 προστάσσον

403 947 501 988 τος
565 928 662 979 τοῦ
715 927 870 995 Θεοῦ,
927 921 988 976 οὐ
1052 920 1343 983 σκιαδείοις
1376 921 1435 976 ἐκ
1465 921 1690 997 φύλλων
1752 923 1802 978 ἐν
1833 923 2054 996 λαμπνς·

405 1036 524 1078 ναις
576 1015 766 1086 (ταῦτα
797 1013 896 1085 γὰρ
958 1013 1091 1079 ἦσαν
1147 1011 1210 1064 τὸ
1265 1009 1477 1081 πάλαι),
1512 1009 1657 1066 ἀλλὰ
1703 1011 2054 1086 σκεπομένοις

405 1106 595 1180 χάριτι
627 1105 723 1156 τοῦ
777 1103 930 1155 Θεοῦ.
993 1099 1099 1154 Καὶ
1135 1096 1200 1168 δὴ
1262 1097 1311 1168 ἐξ
1365 1099 1531 1169 αὐτῆς
1592 1101 1704 1173 ἅμα
1759 1102 2056 1174 πεμπέσθω

403 1213 486 1254 τις
542 1194 650 1246 τῶν
703 1187 1016 1264 ἀρχόντων,
1069 1187 1157 1241 καὶ
1216 1183 1542 1260 λαμϐανέτω
1598 1189 1726 1252 τοὺς
1775 1189 1957 1252 οἷ’κους
2005 1193 2056 1245 oi

406 1278 653 1336 πανοικεὶ
707 1279 1052 1347 κατοικήσει.
1118 1275 1177 1332 Εἰ
1254 1277 1348 1349 μὲν
1413 1273 1702 1350 συμϐαίνοι
1767 1279 1895 1342 τοὺς
1951 1301 2057 1334 πα..

405 1368 592 1444 τρίους
637 1367 771 1421 εἶναι
828 1365 920 1420 καὶ
979 1365 1106 1427 τοὺς
1166 1369 1262 1420 τοῦ
1310 1367 1500 1440 γένους
1555 1369 1836 1442 περιόντας
1870 1366 1968 1436 ἔτι,
2002 1367 2058 1423 εὖ

409 1458 468 1512 ἂν
503 1458 725 1531 σχήσοιο
774 1455 818 1508 εἰ
870 1452 913 1509 δ’
967 1455 1083 1526 οὗν,
1128 1453 1271 1509 ἀλλά
1326 1476 1411 1516 τις
1450 1453 1754 1529 έκλεγέσοω
1799 1456 1926 1519 τοὺς
1959 1459 2056 1532 ἁρ-

417 1543 664 1620 μοδίους.
721 1546 926 1620 Ἐχρῆν
987 1543 1088 1617 γάρ
1151 1547 1284 1597 Θεοῦ
1343 1540 1589 1608 διέόντος
1637 1548 1715 1618 [Ρ.
1783 1549 1902 1616 101]
1959 1548 2057 1616 τήν

409 1636 574 1711 χάριν
629 1634 765 1688 κατὰ
821 1633 1028 1705 νόμους
1087 1631 1293 1688 ἐκείνου
1341 1639 1516 1688 ποιεῖν
1565 1634 1652 1688 καὶ
1702 1634 2060 1713 προσφιλοτι-

2157 477 2391 555 ἔχουσαν
2417 487 2526 536 τῶν
2579 480 2878 554 ἀνωνύμων
2909 481 2997 535 καὶ
3053 477 3308 536 εὐτελων.
3342 482 3419 538 Οὐ
3469 483 3566 554 μὴν
3607 483 3656 540 δὶ
3678 488 3748 542 καί

2157 572 2592 647 καταφρονητέον
2639 574 2748 626 τῶν
2801 568 2952 643 τῇδε
3016 569 3285 647 ἀσφάλεια
3341 570 3437 644 γὰρ
3479 575 3576 625 τῶν
3630 573 3747 638 ἐντὸς

2161 660 2413 734 μεγίστη,
2448 659 2496 714 εἷ’
2540 660 2606 714 τά
2656 659 2846 731 κύκλῳ
2900 658 3087 731 φεύγοι
3141 659 3236 713 τόν
3299 660 3482 715 σάλον.
3530 665 3682 717 Ταῦτα
3707 663 3750 720 δέ

2157 748 2250 800 τὸν
2280 745 2447 802 σάλον
2494 749 2806 823 φευξοῦνται
2857 745 3294 821 πολυωρούντων
3343 751 3446 801 τῶν
3489 747 3749 826 οἰκητόρων

2160 835 2271 908 ἅμα
2299 842 2416 898 τοῖς
2470 837 2845 910 πεμπομένοις
2893 837 3178 910 ἄρχουσιν.
3233 833 3404 891 Ἀλλά
3445 838 3507 890 τὰ
3539 839 3620 910 μὶν
3645 848 3753 896 κατὰ

2159 925 2337 999 καιρίν
2394 925 2483 979 καὶ
2545 924 2910 1000 λεχθιςσονται
2991 925 3080 978 καὶ
3161 925 3592 999 πραχθήσονιαι,
3648 934 3754 983 Θεοῦ

2163 1013 2555 1088 συναιρομένου
2615 1011 2684 1068 δι’
2745 1013 2897 1074 ἔλεος
2933 1031 2945 1044 ⁸
3009 1017 3100 1067 νῦν
3173 1010 3220 1066 δ’
3274 1011 3537 1075 κάκείνοις
3589 1012 3649 1068 δι’
3697 1015 3754 1072 ὧν

2162 1101 2502 1178 ἐπεμετρήθη
2553 1105 2690 1176 ἡμῖν
2750 1105 2784 1172 ἡ
2846 1101 3008 1178 χάρις
3070 1102 3183 1174 (καὶ
3238 1101 3340 1176 γάρ
3398 1099 3614 1176 δίκαιον)
3651 1109 3754 1180 γρά-

2165 1211 2356 1264 φοντες
2383 1193 2448 1246 τά
2475 1191 2655 1246 εἶκότα
2712 1189 2973 1264 δείξωμεν
3011 1191 3173 1266 χάριν
3233 1189 3408 1255 σφίσιν
3437 1189 3622 1254 εἰδότες
3653 1197 3757 1266 μετᾶ

2164 1280 2292 1334 Θεόν
2329 1305 2356 1330 ››
2386 1285 2478 1353 Τῷ
2506 1301 2593 1335 τοι
2640 1281 2730 1335 καὶ
2776 1279 2835 1335 ἐκ
2880 1278 2977 1335 τοῦ
3027 1282 3374 1356 παραχρῆμα
3418 1280 3611 1336 κελεύει
3649 1303 3757 1357 γρα-

2165 1377 2330 1448 φῆναι
2380 1370 2446 1425 τά
2503 1373 2856 1446 χαριστήρια,
2890 1368 3176 1444 ἐκλέγεται
3236 1366 3294 1423 δὲ
3317 1369 3405 1424 καὶ
3436 1372 3513 1431 οἷς
3543 1367 3596 1424 ἄν
3644 1392 3756 1444 πεμ-

2165 1465 2341 1536 φθεῖσι
2371 1461 2470 1528 τὴν
2518 1457 2926 1535 κληροδὸτησιν
2962 1458 3247 1532 ἐπιτρέψοι
3296 1463 3400 1512 τῶν
3453 1461 3757 1532 μεγιστάνων.

2164 1554 2288 1610 Τοῖς
2318 1549 2421 1624 γάρ
2453 1547 2691 1612 πολλοῖς
2738 1570 2801 1624 γε
2845 1550 2934 1603 καὶ
2986 1543 3322 1603 ἀνεϐάλλετο
3350 1549 3412 1602 τὸ
3442 1545 3650 1618 διδόναι,
3689 1551 3758 1604 καὶ

2165 1638 2434 1716 πρόφασις
2491 1638 2678 1712 ἐκείνῳ
2725 1641 2788 1694 τὸ
2819 1637 2908 1694 διὰ
2959 1640 3172 1707 σπάθης
3222 1637 3442 1699 ἑλόντος
3491 1636 3674 1709 μηδένα
3698 1645 3759 1694 εἶ-

413 1731 626 1798 μεῖσοαι
675 1725 736 1778 τὸ
793 1724 958 1796 μέρος
1010 1721 1238 1796 ἑκάστῳ.
1299 1721 1441 1781 Οὐδὲ
1497 1726 1597 1800 γάρ
1651 1727 1784 1798 ἡμῖν
1849 1725 2059 1798 μόνοις,
2091 1749 2253 1829 Βναι
2280 1729 2371 1783 τὸν
2423 1726 2647 1793 δικαῖως
2688 1728 2748 1783 ἂν
2806 1733 2913 1783 τῶν
2975 1725 3146 1784 ἰδίων.
3209 1725 3264 1782 εἶ’
3312 1747 3416 1781 που
3453 1733 3666 1803 παρεῖεν,
3694 1728 3762 1782 ἐπὶ

416 1813 501 1829 9“
531 1815 543 1829 ι
654 1813 667 1829 \
710 1812 723 1829 ρ
781 1816 804 1826 υ
884 1808 931 1829 θΙ
1142 1816 1155 1829 ο
1242 1817 1264 1827 υ
1301 1815 1325 1829 Λ
1476 1815 1488 1829 \
1538 1821 1566 1829 Α
1604 1820 1626 1829 υ
1838 1815 1882 1829 In
1954 1827 1963 1829 _
2206 1825 2232 1829 .-
2404 1817 2441 1829 ιι
2631 1819 2645 1829 ι
2753 1818 2803 1829 ιι
3087 1823 3125 1829 --
3229 1823 3256 1829 ..
3457 1815 3469 1829 ι
3564 1811 3585 1829 II
3709 1819 3720 1829 ι

405 1813 552 1868 ἀλλὰ
582 1813 668 1866 καὶ
704 1812 831 1884 ὑμῖν
881 1808 1090 1867 δίκαιον
1132 1815 1386 1888 ἡγεῖσθαι
1437 1815 1498 1868 τὸ
1533 1820 1685 1868 Θεῖον
1718 1815 2054 1890 χαρίζεσθαι·

402 1903 493 1957 καὶ
527 1902 706 1977 ὥσπερ
753 1901 814 1956 τὸ
864 1901 1190 1978 ἆπεῤῥῖφοαι
1239 1904 1420 1957 κοινὸν
1469 1904 1532 1958 τὸ
1578 1911 1677 1973 τῆς
1729 1904 1900 1980 ὀργῆς
1940 1906 2052 1978 ἅμα

401 1992 614 2047 πῖνουσι
662 1987 848 2060 κόνδυ,
885 1991 1030 2046 οὕτω
1082 1991 1173 2046 καὶ
1224 1993 1286 2046 τὸ
1327 1991 1776 2057 ἐπα-κακαλεῖσοαι
1821 1993 2048 2050 καθολιο

400 2081 494 2136 κὸν
543 2080 641 2149 τὴν
696 2079 998 2156 εὖεργεσῖαν
1055 2075 1448 2153 λαμϐάνουσιν.
1507 2084 1771 2156 Ἕψονται
1830 2080 1876 2137 δ’
1924 2083 2048 2160 ἐφε-

404 2170 501 2240 ξῆς
532 2167 722 2243 ἄλλοι,
755 2169 844 2223 καὶ
877 2169 1018 2224 οὕτω
1067 2169 1229 2225 πάλιν
1263 2170 1322 2225 τὸ
1353 2172 1582 2226 κενωΟὶν
1635 2169 2043 2246 ἀναπληρωθῆ-

412 2375 677 2433 liberatis
706 2394 775 2432 ex
803 2379 1047 2448 Egypto
1079 2374 1267 2447 ipsius
1296 2375 1566 2448 posteris,
1600 2376 1657 2430 hi
1682 2375 1916 2447 quidem
1943 2393 2056 2432 non

415 2473 772 2539 acceperunt
801 2469 860 2522 in
894 2471 1120 2522 deserto
1154 2467 1396 2534 mortui,
1431 2468 1531 2522 sed
1582 2484 1783 2523 eorum
1825 2467 2059 2523 ossibus

417 2573 690 2626 peregere
703 2555 920 2612 relictis
936 2555 1223 2610 feliciores
1247 2554 1480 2610 illorum
1511 2555 1612 2609 filii
1639 2556 1929 2627 desponsa
1944 2574 2059 2611 non

417 2644 668 2716 singulis
701 2644 1008 2716 quibusvis
1040 2644 1351 2714 capitibus,
1385 2645 1485 2699 sed
1527 2645 1842 2700 universim
1878 2647 2059 2700 Israe-

417 2733 588 2789 liticae
619 2734 778 2804 genti
808 2733 1143 2788 haereditate
1166 2733 1433 2787 adeunda
1456 2733 1630 2787 {idem
1655 2733 2059 2789 vaticiniorum

420 2823 764 2890 liberarunt,
799 2823 1224 2894 splendideque
1256 2823 1735 2878 demonstrarunt
1768 2823 1921 2879 haud
1955 2841 2060 2879 ex-

419 2913 634 2968 cidisse
662 2929 728 2968 ac
759 2913 828 2967 ad
861 2916 1189 2967 extremum
1239 2928 1409 2966 cassa
1456 2917 1663 2967 eventu
1709 2914 2065 2969 remansisse

419 3006 707 3074 quaaDeus
729 3001 1095 3073 praedixerat.
1121 3000 1415 3071 Sicjustis
1439 3002 1738 3057 mensuris
1763 3003 2066 3075 aequisque

2166 1825 2265 1886 τῆς
2346 1817 2564 1879 πόλεως
2622 1818 2976 1892 άνθεξόμενον
3012 1862 3023 1875 .
3087 1823 3358 1891 Ιιεριῆσαν
3414 1815 3509 1892 γὰρ
3563 1811 3630 1871 ἔτι
3681 1819 3759 1873 οὒκ

2163 1907 2324 1981 ὀΑῐγα
2364 1907 2454 1961 καὶ
2507 1912 2612 1962 τῶν
2661 1907 2968 1983 τυχόντων,
3003 1907 3053 1962 ἐν
3089 1906 3234 1960 ὀκτὼ
3287 1905 3474 1978 μόνοις
3518 1906 3641 1976 πρὸς
3664 1913 3759 1968 τοῖς

2159 1997 2493 2066 πεντήκοντα
2523 1995 2660 2052 ἔτεσι
2716 1995 3092 2072 κατεχομένης
3147 2002 3251 2064 τῆς
3312 1994 3520 2055 πόλεως
3548 1999 3652 2057 τοῖς
3679 1993 3760 2070 έχ-

2161 2085 2332 2158 Θροῖς.
2369 2085 2454 2140 Ἐν
2514 2087 2595 2147 οἷς
2651 2085 2741 2140 καὶ
2793 2085 2966 2140 πάντα
3004 2083 3061 2138 ἂν
3096 2090 3381 2158 περιῆσαν,
3437 2080 3540 2158 εἴγε
3568 2082 3755 2156 εἰρήνην

2159 2172 2310 2248 εἶχον
2369 2175 2506 2250 πρὸς
2563 2173 2799 2237 ἐκείνους
2851 2175 2904 2229 οἱ
2970 2173 3234 2250 βασιλεῖς’
3296 2171 3341 2227 εἰ
3397 2171 3493 2249 γὰρ
3547 2173 3616 2244 μή
3665 2177 3752 2227 τῶν

2170 2378 2344 2451 regias
2366 2379 2708 2451 inclytaque
2737 2379 3108 2450 splendorem
3143 2377 3401 2435 civitatis
3429 2379 3761 2435 obscurorum

2168 2473 2225 2522 ct
2255 2468 2380 2524 sine
2410 2468 2648 2524 nomine
2679 2468 3097 2541 oppidulorum
3131 2468 3427 2540 augustiis
3454 2473 3508 2524 et
3534 2467 3764 2522 sordibus

2170 2558 2461 2628 praeferre.
2493 2558 2640 2613 Nam
2670 2563 2868 2614 tamen
2900 2558 3020 2612 haec
3051 2556 3151 2612 ubi
3183 2573 3346 2613 nunc
3393 2573 3591 2612 sumus
3634 2572 3763 2627 sper-

2171 2647 2363 2702 nenda
2385 2651 2488 2702 aut
2521 2647 2756 2720 penitus
2781 2646 3170 2718 relinquenda
3191 2646 3502 2702 sunt.Nam
3524 2650 3583 2700 ut
3609 2644 3765 2699 media

2172 2739 2300 2789 tuta
2330 2735 2470 2800 sint,
2504 2735 2880 2807 circumjecta
2903 2741 3045 2791 sunt
3074 2735 3297 2790 tuenda
3325 2755 3339 2804 ;
3374 2750 3477 2790 neo
3507 2738 3671 2806 potest
3692 2747 3764 2787 se-

2172 2822 2395 2879 curitas
2445 2823 2606 2879 intus
2637 2840 2787 2894 esse,
2823 2824 2871 2879 si
2932 2823 3222 2879 exteriora
3285 2823 3343 2878 in
3394 2821 3631 2877 tumultu
3655 2823 3765 2875 sint.

2175 2912 2580 2968 Providebitur
2619 2919 2814 2969 autem
2869 2917 2933 2968 ut
2963 2912 3087 2968 haec
3115 2913 3173 2966 in
3217 2927 3362 2984 pace
3392 2911 3767 2972 contineantur,

2174 3005 2301 3056 tum
2335 3001 2674 3057 colonorum
2712 3003 2805 3057 hic
2855 3002 3188 3058 relictorum
3224 3008 3286 3057 et
3333 3018 3439 3057 sua
3481 2998 3769 3055 curantium

419 3091 778 3162 ponderibus
809 3090 1016 3145 divina;
1048 3107 1283 3162 semper
1321 3090 1742 3161 dispensentur
1779 3095 2063 3163 operatio-
2098 3122 2141 3190 α
2182 3091 2296 3145 tida
2327 3091 2614 3156 custodia,
2639 3096 2764 3146 tum
2797 3091 3109 3162 adjuvanto
3139 3089 3658 3161 atqueinvigilante
3674 3102 3771 3190 pro:

420 3197 544 3237 nes.
577 3185 830 3252 Tempus
884 3180 1068 3251 igitur
1097 3197 1253 3234 nunc
1282 3186 1371 3235 est
1416 3180 1663 3250 jubente
1695 3181 1832 3248 Deo,
1859 3186 1922 3236 ut
1953 3199 2067 3238 non

425 3269 788 3325 umbraculis
820 3269 1095 3324 foliorum
1127 3274 1228 3324 aut
1253 3285 1553 3324 ramorum
1577 3271 1808 3341 attegiis
1841 3280 2068 3341 protec-

427 3359 470 3412 ti
504 3373 780 3428 pompam
812 3356 1116 3411 curali‘ous
1149 3357 1544 3412 tabernaculis
1569 3358 1772 3414 festam
1807 3360 2069 3415 traduca-

429 3462 564 3499 mus
585 3445 666 3516 (id
701 3450 827 3499 erat
855 3445 1066 3499 veteris
1087 3445 1213 3513 jam
1245 3444 1534 3514 antiquati
1571 3447 1794 3513 moris),
1818 3449 1917 3502 sed
1972 3465 2065 3503 or-

425 3531 1510 3603 natiDeigratiacelebremuslaetitiam
1544 3551 1718 3604 quam
1754 3537 1879 3606 ipse
1909 3537 2066 3604 fecit,

424 3627 602 3692 atque
631 3622 776 3677 adeo
799 3621 925 3691 jam
957 3637 1112 3676 nunc
1145 3621 1537 3693 praemittatur
1562 3623 1618 3677 in
1639 3623 1838 3679 urbem
1854 3625 2065 3695 aliquis

423 3711 753 3782 principum
804 3714 1055 3765 metator
1101 3710 1410 3766 domorum
1459 3712 1770 3783 avitarum,
1813 3714 1869 3770 in
1917 3731 2066 3786 quas

421 3817 634 3856 sumus
689 3798 1024 3871 migraturi.
1080 3799 1147 3853 Et
1195 3799 1488 3870 siquidem
1542 3800 1673 3857 illas
1713 3803 1873 3874 ipsas
1921 3821 2066 3874 quas

419 3895 618 3960 patres
647 3887 1022 3944 incoluerunt
1052 3887 1417 3944 baereditario
1449 3891 1659 3961 cuique
1679 3893 1808 3962 jure
1839 3893 2068 3949 debitas

419 3979 661 4034 idoneas
692 3976 995 4049 repererit,
1029 3977 1178 4033 bene
1226 3977 1504 4033 habebit:
1533 3980 1621 4034 sin
1681 3997 1836 4049 vero,
1888 4000 2062 4052 quas-

421 4084 656 4139 cunque
709 4071 875 4139 aptas
927 4066 1198 4134 inveniet,
1233 4073 1396 4138 paret
1427 4085 1530 4138 pro
1577 4073 1856 4139 tempore.
1898 4071 2067 4126 Decet

422 4155 580 4211 enim
605 4156 861 4211 nostiam
895 4154 1182 4227 singulari
1215 4156 1306 4210 Dei
1343 4157 1626 4212 beneficio
1660 4159 1896 4214 affectos
1928 4159 2066 4231 legi-

422 4246 602 4300 timas
633 4244 686 4298 ei
718 4245 774 4299 in
809 4243 936 4314 ipsa
966 4244 1068 4300 illa
1099 4261 1278 4316 quam
1330 4244 1738 4302 liberalissime
1777 4249 2066 4304 concessit

420 4332 692 4388 Ecclesiae
712 4338 769 4388 et
797 4331 1031 4404 imperii
1063 4332 1367 4405 metropoli
1389 4335 1608 4404 gratias
1624 4351 1816 4406 agere,
1841 4353 1906 4391 ac
1926 4353 2062 4392 cum

419 4438 510 4487 eo,
532 4426 595 4476 ut
623 4421 933 4476 divinalex
957 4421 1148 4491 jubet,
1193 4421 1251 4476 in
1286 4439 1394 4477 sua
1425 4439 1720 4494 quemque
1774 4424 2062 4496 postlimi-

418 4510 516 4566 nio
564 4510 860 4566 reducere.
894 4514 1019 4565 Non
1081 4510 1235 4565 enim
1297 4511 1467 4566 nobis
1529 4511 1691 4580 solis,
1741 4514 1841 4568 sed
1902 4513 2064 4570 vobis

418 4599 592 4657 etiam
615 4603 672 4655 et
702 4603 962 4654 vestrum
996 4599 1214 4654 viritim
1248 4604 1302 4654 et
1333 4600 1584 4672 singulis
1614 4602 1930 4672 gratificari
1958 4603 2064 4659 hoc

425 4688 578 4743 miro
611 4695 820 4744 eventu
850 4687 1032 4743 Deum
1084 4687 1343 4744 voluisse
1394 4691 1722 4760 putandum
1755 4696 1864 4747 est.
1914 4693 2063 4756 Quin

421 4776 577 4832 sicut
609 4775 1000 4831 communiter
1031 4776 1100 4830 ad
1134 4793 1338 4832 omnes
1359 4777 1904 4850 impcrantesjuxta
1925 4781 2064 4836 sub-

423 4865 700 4936 ditosque
729 4863 1014 4936 pertinuit
1043 4865 1406 4936 expulsionis
1437 4883 1467 4922 e
1497 4867 1686 4937 patria
1736 4867 2061 4939 calamitas,

416 4958 592 5026 atque
653 4955 712 5008 in
773 4952 953 5008 calice
1013 4952 1110 5008 ine
1159 4953 1258 5009 Dei
1310 4972 1413 5026 per
1468 4972 1672 5011 omnes
1720 4958 2062 5014 circumlato

415 5048 646 5113 partem
695 5042 944 5114 quisque
975 5059 1142 5098 suam
1179 5060 1394 5099 amarae
1427 5045 1684 5117 potionis
1717 5046 1950 5114 hausit,
1986 5049 2067 5103 ita

414 5134 686 5190 convenit
716 5138 779 5188 ut
809 5149 1101 5190 conversae
1133 5134 1194 5189 in
1218 5135 1427 5192 melius
1459 5136 1635 5192 sortis
1658 5141 1713 5191 et
1740 5138 2062 5194 exuberan-

411 5221 491 5277 tis
536 5223 672 5278 inde
721 5223 930 5278 laetitia:
972 5238 1148 5278 sensu
1183 5241 1386 5281 omnes
1426 5225 1874 5296 profundantur.
1923 5231 2064 5282 Post

417 5303 644 5375 primos
676 5303 775 5375 qui
814 5303 951 5358 illuc
983 5304 1447 5375 remigraverint,
1499 5311 1822 5376 sequentur
1855 5308 2057 5363 eodem

415 5410 524 5449 suo
560 5393 770 5450 deinde
801 5393 1004 5450 ordine
1035 5392 1266 5466 reliqui.
1304 5396 1370 5449 Et
1403 5394 1485 5450 sic
1519 5395 1730 5450 iterum
1777 5396 2061 5454 exhausta

414 5483 824 5554 replebuntur,
861 5498 1236 5553 unoquoque,
1281 5484 1431 5540 157
1496 5489 1694 5555 utpar
1725 5489 1835 5552 est,
1880 5502 2062 5558 praeo-

415 5577 652 5644 ptaturo
704 5571 761 5626 in
797 5571 940 5626 urbe
997 5587 1173 5641 quam
1232 5571 1291 5626 in
1326 5573 1667 5645 municipiis
1716 5573 1952 5647 degere,
2004 5581 2062 5633 et

2181 3182 2440 3238 videntia
2500 3183 2950 3254 magistratuum
2984 3197 3052 3237 ex
3084 3183 3229 3236 urbe
3260 3175 3767 3236 mittendorum.8ed

2177 3272 2300 3327 haec
2359 3290 2468 3328 suo
2526 3278 2787 3344 tempore
2818 3272 3127 3327 edicentur
3153 3276 3532 3342 agenturque,
3565 3272 3664 3322 Deo
3690 3280 3767 3336 pro

2175 3380 2284 3419 sua
2315 3361 2715 3418 misericordia
2745 3361 2916 3417 nobis
2948 3361 3224 3415 adfuturo
3253 3377 3268 3427 ;
3303 3375 3477 3426 nunc,
3535 3373 3646 3428 age,
3676 3352 3766 3408 illis

2177 3443 2396 3515 quibus
2427 3443 2497 3498 ad
2523 3446 2754 3498 tantum
2787 3440 2956 3496 nobis
2989 3439 3362 3512 largiendum
3385 3439 3591 3495 bonum
3610 3433 3767 3490 divina

2175 3533 2555 3590 beneﬁcentia
2586 3530 2874 3588 ministris
2905 3547 3013 3585 usa
3045 3534 3158 3594 est,
3188 3534 3385 3598 grates
3406 3526 3763 3599 rependamus,

2175 3620 2322 3694 quas
2353 3640 2456 3694 per
2480 3627 2537 3678 et
2567 3636 2799 3693 aequum
2833 3622 2921 3674 est
2942 3617 3016 3672 iis
3039 3617 3239 3673 referri
3258 3618 3468 3689 quibus
3493 3613 3765 3671 secundum

2177 3714 2356 3768 Deum
2385 3712 2632 3768 debetur
2661 3727 2693 3766 a
2724 3707 2896 3762 nobis
2927 3706 3278 3778 plurimum.
3300 3725 3328 3758 ι
3367 3705 3482 3762 Sub
3513 3705 3611 3760 hoc
3661 3717 3765 3756 con-

2173 3797 2366 3851 festim
2421 3795 2694 3868 precepit
2743 3796 3034 3850 conscribi
3095 3795 3434 3852 authentico
3501 3792 3768 3865 diplomate

2173 3885 2404 3940 decreta
2441 3884 2763 3940 victoribus
2818 3884 3095 3956 praemia:
3129 3882 3308 3956 elegit
3334 3883 3502 3940 etiam
3532 3899 3560 3937 e
3600 3892 3766 3952 proce-

2173 3974 2338 4030 ribus
2368 3989 2518 4046 quos
2548 3975 2618 4029 ad
2653 3973 2858 4029 urbem
2910 3973 3123 4029 missos
3165 3972 3250 4028 ibi
3301 3987 3543 4046 praeesse
3579 3969 3767 4040 juberet

2171 4063 2569 4120 distributioni
2603 4064 2884 4120 domuum
2907 4067 2962 4118 et
2984 4067 3296 4130 terrarum,
3313 4069 3368 4119 et
3385 4061 3432 4119 si
3451 4077 3559 4134 qua
3578 4055 3766 4114 residua

2173 4171 2203 4211 e
2236 4154 2406 4211 bonis
2436 4153 2658 4210 caeteris
2689 4159 2873 4222 erant,
2901 4152 3255 4226 optimatum
3289 4155 3497 4226 cuique
3541 4144 3764 4205 facienda

2173 4261 2368 4300 rerum
2420 4244 2492 4299 ad
2553 4243 2714 4315 ipsos
2767 4260 2835 4299 ex
2884 4247 3126 4314 paterna
3171 4243 3395 4298 avitave
3445 4234 3763 4297 successione

2173 4332 2686 4404 bzsreditariojure
2719 4331 3158 4402 pertinentium.
3193 4331 3580 4404 Optimatibus
3605 4327 3762 4382 autem

2172 4439 2329 4480 nunc
2378 4422 2616 4494 quidem
2668 4421 2809 4478 solis
2868 4421 2928 4476 in
2959 4438 3024 4478 eo
3078 4437 3293 4495 genere
3340 4409 3754 4493 providitzplebi

2172 4517 2392 4586 pariter
2448 4510 2752 4568 consulere
2799 4509 3053 4578 distulit,
3105 4510 3161 4566 in
3225 4510 3421 4566 animo
3467 4506 3666 4563 habens
3718 4496 3759 4552 id

2173 4585 2417 4672 prorsus
2449 4601 2733 4668 omittere,
2771 4598 2932 4655 nullo
2963 4616 3025 4656 se
3057 4600 3127 4656 ad
3184 4599 3241 4654 id
3277 4597 3522 4670 astringi
3558 4585 3762 4667 justitie

2170 4689 2361 4746 ofﬁcio
2394 4690 2760 4760 existimans,
2795 4690 2949 4760 quod
2981 4689 3186 4746 urbem
3219 4690 3272 4745 vi
3305 4694 3359 4745 et
3407 4684 3576 4744 armis
3610 4692 3762 4745 receP‘

2170 4781 2290 4833 tam
2311 4779 2714 4851 exboste,jure
2739 4776 2874 4834 belli
2899 4784 3164 4851 spectare
3196 4778 3252 4833 in
3277 4777 3522 4834 solidum
3553 4771 3612 4827 ad
3637 4763 3759 4840 prin-

2171 4867 2360 4939 cipem
2421 4873 2479 4924 et
2511 4868 2570 4923 in
2623 4867 2878 4940 praedam
2913 4884 2979 4922 ac
3026 4867 3282 4924 fructum
3325 4863 3563 4922 victoriae
3597 4856 3760 4940 cedere

2170 4974 2404 5028 aequum
2437 4975 2565 5014 esse
2596 4939 2873 5024 duceret;
2911 4973 3028 5029 quo
3060 4958 3298 5012 nomine
3323 4958 3588 5028 quiestum
3635 4939 3756 5038 δωξά

2172 5047 2470 5102 modicum
2531 5047 2686 5103 fecit.
2738 5050 3098 5118 Supererant
3155 5047 3311 5102 enim
3343 5044 3579 5101 adhuce
3621 5035 3758 5128 bonis

2170 5135 2527 5207 privatorum
2556 5140 2613 5190 et
2637 5135 2944 5191 hominum
2969 5151 3000 5192 e
3021 5137 3190 5207 vulgo
3213 5153 3244 5191 a
3275 5131 3521 5190 dominis
3545 5122 3757 5217 antiquis

2171 5225 2559 5296 agnoscibilia
2589 5242 2702 5280 non
2738 5229 3026 5297 pauca,ut
3055 5223 3114 5280 in
3149 5225 3379 5281 civitate
3409 5219 3600 5278 octoet
3624 5223 3757 5284 qmn'

2170 5313 2456 5385 quaginta
2487 5314 2676 5370 solum
2713 5312 2884 5369 annis
2918 5313 2990 5368 ab
3019 5314 3290 5370 hostibus
3320 5313 3558 5368 detenta.
3587 5304 3754 5394 lnfl‘fa

2167 5402 2340 5474 plura
2387 5403 2564 5458 etiam
2623 5407 2799 5475 atque
2849 5403 2994 5458 adeo
3046 5407 3256 5459 cuncta
3316 5395 3580 5458 servanda
3623 5390 3670 5444 οἱ
3707 5390 3752 5480 in.

2173 5491 2362 5563 primo
2393 5497 2546 5548 statu
2583 5492 2762 5549 fuisse
2809 5491 3203 5565 relinquenda
3254 5484 3555 5547 verisimile
3595 5480 3685 5542 est,
3715 5483 3753 5524 ει

2173 5581 2470 5654 Principes
2521 5581 2622 5656 qui
2665 5586 2798 5655 post
2858 5581 3065 5638 urbem
3099 5599 3133 5638 a
3174 5580 3392 5639 Latinis
3421 5579 3626 5648 Captum
3663 5567 3749 5617 RO'
