4018 6198
1309 280 1398 330 DE
1437 279 1809 334 MICHAELE
1850 283 2292 339 PALIEOLOGO
2332 286 2462 338 LIB.
2506 290 2574 339 II.

3542 288 3648 343 598

305 403 564 476 πιτηδείων
592 402 650 458 ἐκ
680 406 783 457 τῶν
817 404 1033 475 συχνῶν
1080 404 1277 474 μαχῶν
1336 400 1386 453 ἐν
1440 399 1623 455 σπάνει
1673 400 1881 475 έγένον-
1916 406 1968 472 Α
1998 406 2248 474 καθιστᾷν
2301 406 2362 459 τὸ
2420 403 2653 475 πλῆοος,
2684 407 2980 480 Ῥωμαίοις
3044 411 3138 482 μὲν
3190 410 3481 483 πιστεύων,
3512 413 3645 469 Ἰτα-

276 516 347 563 eo,
384 493 469 548 οὐκ
496 490 552 545 ἂν
584 491 670 545 καὶ
702 495 803 545 τῶν
859 493 1184 559 θαυμαστῶν
1234 492 1377 541 ναῶν
1430 488 1694 557 ἥπτοντο.
1730 488 1883 556 Πλὴν

274 586 330 636 τά
364 582 465 651 ξένα
518 578 856 654 κατέχοντες,
906 577 996 631 καὶ
1055 577 1164 631 αἰὲν
1224 576 1278 631 έν
1338 574 1516 648 δειλίᾳ
1573 574 1721 640 ὄντες
1788 577 1884 632 τοῦ

274 671 536 741 ἐξωσθῆναι
568 673 673 723 τῶν
720 669 792 740 μὴ
829 667 974 745 σφίσι
1025 666 1437 737 προσηκόντων,
1471 662 1730 721 ἔσπευδον
1784 666 1884 722 ἄλ-

272 759 353 820 λος
378 757 507 813 αλλο
538 779 587 812 τι
621 757 694 818 εἰς
722 761 911 831 χεῖρας
939 760 1004 810 τὸ
1037 752 1330 831 ἀλλότριον
1365 754 1508 830 ἔχων
1553 756 1794 827 ὑποσπᾷν
1827 778 1894 811 τε.

267 849 342 902 καὶ
389 847 757 913 ὁποκλὲπτειν,
790 846 865 906 ὡς
914 844 1003 899 ἐπὶ
1048 844 1192 900 πολὺ
1236 847 1312 916 μὴ
1364 842 1519 915 ἕξων.
1552 847 1609 898 Ὀ
1662 846 1755 918 μὲν
1791 844 1881 899 οῦν

269 936 494 1012 βασιλεὺς
518 937 662 991 ταῦτ’
693 936 860 991 ιῖπών
891 956 950 990 τε
980 936 1067 989 καὶ
1101 936 1302 1009 πράξας
1354 933 1443 991 διὰ
1488 936 1701 1012 ταχέων
1753 935 1882 991 ἀπέ-

264 1025 433 1080 στελλε
484 1026 619 1101 πρὸς
672 1028 763 1079 τὸν
826 1024 1083 1097 Καίσαρα,
1118 1022 1235 1078 οὔθ’
1278 1024 1413 1095 ἅπαξ
1456 1022 1549 1079 ἕνα
1589 1023 1712 1080 οὕτε
1757 1025 1885 1089 τοὺς

261 1117 438 1175 πάντας
466 1117 595 1187 ἅμα,
620 1112 767 1169 ἀλλὰ
798 1114 1033 1189 συχνοὺς
1061 1115 1177 1168 καθ’
1207 1114 1415 1188 ἡμέραν
1441 1112 1643 1176 ἄλλους
1678 1116 1758 1169 ἐπ’
1789 1113 1883 1169 ἄλ-

260 1203 383 1271 λοις,
415 1204 522 1276 ἅμα
557 1205 654 1276 μὲν
684 1202 1005 1265 πλειστάκις
1036 1204 1171 1277 πρὸς
1204 1202 1410 1257 ἐκείνου
1452 1208 1626 1273 ζητῶν
1683 1204 1883 1276 μανθά-

256 1315 346 1347 νειν
391 1294 507 1363 περὶ
565 1292 826 1357 ἑκάστων,
860 1293 973 1365 ἅμα
1006 1290 1052 1347 δ’
1082 1291 1377 1347 ἐπιτάττων
1428 1292 1518 1346 καὶ
1566 1293 1879 1356 καθιστάναι

258 1381 405 1449 τάκεῖ,
436 1381 506 1444 ὡς
540 1382 655 1454 μετ’
691 1382 755 1436 οὐ
788 1381 933 1435 πολὺ
966 1381 1212 1442 κάκεῖνος
1242 1381 1334 1435 σὺν
1389 1388 1507 1445 τοῖς
1556 1383 1688 1460 ἀμφ’
1720 1382 1879 1436 ατῦὸν

252 1467 584 1541 ἐπιδημήσων
624 1488 636 1501 ⁸
673 1470 1075 1545 εὐτρεπίζεσθαι
1131 1472 1234 1545 γάρ
1285 1473 1375 1525 καὶ
1422 1471 1489 1525 τὰ
1533 1476 1639 1525 τῶν
1691 1470 1877 1525 παλα-

250 1560 363 1613 τίων
414 1560 789 1633 προσέταττεν.
842 1561 909 1617 Οἱ
970 1557 1026 1614 δέ
1083 1581 1146 1634 γε
1207 1566 1513 1634 μεγιστᾶνες
1583 1560 1673 1615 καὶ
1725 1559 1874 1614 αὐτοὶ

250 1645 462 1703 καθ’ἓνα
508 1650 598 1703 τὸν
657 1649 861 1703 οἷκεῖον
922 1647 1256 1704 ἀπέστελλον
1318 1650 1392 1711 ὡς
1451 1649 1773 1720 αἶτήσοντάς
1820 1670 1877 1703 τε

248 1738 322 1791 καὶ
354 1735 700 1810 ληψομένους
734 1738 828 1800 τὰς
862 1737 1032 1800 (ἷκίας
1070 1758 1082 1771 ⁸
1125 1735 1265 1811 μηδὲ
1313 1740 1416 1812 γάρ
1464 1739 1554 1792 καὶ
1606 1736 1755 1799 αὖθις
1804 1739 1879 1792 εἷ-

247 1848 319 1881 ναι
373 1823 648 1901 βραδύνειν
726 1825 993 1901 βασιλέως
1066 1827 1403 1895 κινηθέντος.
1466 1828 1693 1882 Ἐκεῖνοι
1785 1829 1879 1901 μὲν

247 1914 323 1969 οὖν
377 1913 712 1984 ἐπιστάντες,
772 1915 951 1980 καθὼς
1001 1913 1225 1977 ἕγαστος
1286 1917 1423 1991 εἶχε,
1470 1922 1589 1979 τοῖς
1646 1936 1877 1990 προστε-

244 2005 508 2077 ταγμένοις
561 2006 643 2079 [Ρ.
708 2008 827 2079 102]
878 2011 1196 2082 προσεῖχον.
1228 2007 1288 2064 Ὀ
1318 2005 1527 2081 Καῖσάρ
1576 2027 1633 2060 τε
1665 2004 1877 2079 διένεμε

243 2092 351 2153 τοὺς
395 2090 574 2155 οἴκους
619 2099 743 2155 τοῖς
789 2116 848 2149 τε
885 2094 1202 2168 προσώποις
1232 2095 1320 2150 καὶ
1352 2100 1471 2158 ταῖς
1499 2094 1672 2167 ἀξίαις
1704 2116 1876 2169 προσ-

244 2181 481 2251 ηκόντως.
515 2184 683 2256 ’Ἅμα
740 2179 797 2237 δὲ
856 2183 947 2237 καὶ
1006 2181 1097 2238 διὰ
1154 2180 1393 2253 σπουδῆς
1440 2188 1703 2259 συνεχοῦς
1735 2184 1871 2259 εἶχε,

246 2268 357 2343 μηδ’
384 2270 631 2326 ἀναπνεῖν
698 2270 938 2346 ἐώμενος
992 2278 1111 2335 ταῖς
1166 2272 1466 2351 φροντίσιν,
1514 2274 1723 2350 ἡμέρας
1776 2274 1869 2347 μὲν

245 2489 407 2528 mante
444 2474 524 2530 rei
574 2473 958 2546 praefuerunt,
995 2489 1135 2544 pace
1169 2490 1302 2529 cum
1335 2475 1487 2531 158
1518 2473 1664 2545 ipsis
1696 2474 1865 2541 facta,

244 2562 447 2631 quietos
492 2562 631 2617 illos
670 2577 737 2617 ac
780 2578 1017 2618 securos
1048 2562 1445 2635 reliquissent.
1479 2563 1622 2618 Nam
1658 2562 1771 2617 nisi
1802 2578 1870 2617 ex

241 2650 435 2704 crebris
465 2650 638 2705 bellis
676 2650 921 2721 penuria
961 2650 1649 2722 urgeret,continuissent
1670 2650 1871 2721 utique

245 2737 501 2809 atemplis
518 2739 922 2794 sanctissimis
947 2756 1185 2811 rapaces
1210 2740 1663 2795 manus.Verum
1690 2740 1869 2794 exteri

242 2833 474 2895 raptores
509 2844 742 2900 magnae
776 2845 881 2884 nec
910 2846 1015 2901 spe
1047 2846 1250 2885 secura
1282 2846 1567 2902 possessas
1590 2830 1871 2883 incuban-

245 2918 319 2968 tes
349 2917 789 2988 pradamtique
813 2918 1050 2973 assidue
1084 2919 1659 2974 circumsonantibus
1691 2919 1869 2973 minis

242 3003 667 3078 insultibusque
700 3008 1078 3075 repetentium
1101 3012 1155 3063 et
1176 3024 1244 3063 ex
1275 3008 1417 3064 urbe
1454 3010 1615 3080 ipsos
1661 3006 1869 3078 pellere

240 3094 573 3162 conantium,
598 3097 867 3150 fecerunt
898 3096 1052 3166 quod
1081 3096 1269 3151 solent
1292 3097 1390 3168 qui
1424 3113 1616 3152 rerum
1648 3096 1869 3150 aliena-

244 3198 355 3237 rum
386 3184 614 3239 brevem
654 3185 827 3239 modo
858 3185 1255 3257 furtivamque
1299 3187 1451 3241 nacti
1503 3201 1743 3241 usuram
1794 3184 1867 3240 iis

241 3286 340 3325 non
395 3277 459 3327 ut
488 3274 619 3329 suis
654 3289 721 3327 ac
752 3274 1001 3344 propriis
1030 3281 1297 3345 parcunt,
1329 3275 1431 3330 sed
1464 3290 1595 3328 mox
1627 3274 1736 3329 sibi
1769 3289 1868 3328 ex-

239 3363 574 3431 torquendas
604 3362 903 3428 arbitrati,
937 3363 1174 3418 interim
1229 3364 1368 3418 dum
1423 3364 1555 3418 licet
1598 3363 1671 3418 iis
1721 3363 1865 3417 abu-

240 3453 421 3506 tuntur
448 3452 633 3507 veluti
669 3468 803 3507 mox
836 3452 1172 3507 auferendis
1202 3457 1259 3508 et
1307 3452 1630 3523 profuturis
1686 3452 1864 3520 hosti,

236 3539 371 3608 quod
431 3544 781 3612 praevertere
838 3541 1237 3597 subtrahendo
1286 3559 1351 3597 ac
1384 3560 1485 3613 pro
1518 3559 1579 3596 se
1612 3543 1865 3614 quisque

234 3626 547 3698 deripiendo
582 3630 848 3701 prudens
881 3628 1192 3684 consilium
1226 3631 1534 3702 putabant.
1563 3632 1666 3686 His
1694 3630 1865 3686 dictis

234 3719 282 3768 et
325 3717 463 3773 actis
505 3718 836 3789 imperator
863 3718 1025 3774 misnt
1055 3719 1123 3773 ad
1153 3718 1435 3773 Caesarem
1471 3736 1649 3789 quam
1682 3719 1863 3774 celer-

232 3805 360 3859 rime
392 3824 501 3862 non
537 3824 730 3862 unum
763 3806 944 3863 semel
979 3813 1079 3862 aut
1106 3824 1309 3863 omnes
1344 3825 1480 3878 una,
1514 3810 1615 3863 sed
1650 3807 1863 3863 multos

227 3893 466 3963 quotidie
511 3896 690 3959 alios,
739 3913 917 3967 super
947 3896 1113 3962 alios,
1142 3896 1319 3951 simul
1352 3903 1416 3952 ut
1456 3914 1632 3967 quam
1663 3898 1848 3969 smpis-

224 3980 373 4044 sime.
404 3983 633 4038 mutuis
666 3984 951 4053 expeditis
984 3986 1054 4039 ab
1086 4002 1151 4040 eo
1186 3986 1432 4055 nuntiis,
1460 3987 1675 4041 certior
1697 3988 1859 4042 fieret

229 4067 288 4122 de
318 4068 564 4143 singulis
600 4089 727 4142 quae
767 4073 846 4127 ibi
879 4078 1047 4128 erant
1077 4079 1179 4129 aut
1218 4076 1473 4143 ﬁebant;
1523 4075 1696 4131 simul
1750 4076 1859 4131 ista

226 4161 622 4217 mandatorum
658 4163 989 4234 frequentia
1010 4164 1309 4221 efficacius
1328 4167 1653 4237 urgendum
1680 4166 1861 4221 Caesa-

228 4262 333 4301 rem
364 4255 524 4305 ratus
554 4250 631 4306 ad
664 4253 1046 4324 praeparanda
1074 4253 1131 4307 in
1194 4255 1357 4320 urbe,
1400 4256 1551 4325 quod
1606 4256 1858 4310 maxime

226 4336 455 4406 volebat,
517 4344 734 4395 cuncta
790 4340 1066 4412 proximae
1125 4359 1245 4398 suae
1295 4344 1487 4398 isthuc
1521 4345 1854 4415 migrationi

227 4438 349 4479 cum
378 4427 601 4482 familia
636 4433 694 4483 et
724 4431 1009 4485 comitatu
1032 4431 1428 4503 imperatorio.
1462 4434 1853 4499 Quamobrem

1996 492 2126 555 λοὺς
2163 490 2210 547 δ’
2242 493 2580 551 ὑποπτεύων.
2615 497 2715 551 Ἦν
2748 497 2851 571 γὰρ
2896 496 3359 573 ἐνσεσωρευμένον
3408 498 3643 573 πλῆθος,

1995 580 2285 657 ξύγκλυδες
2338 581 2525 645 ἄλλως
2579 584 2667 638 καὶ
2712 585 2987 658 ἀπόλεμοι
3044 584 3397 661 ἅνδρες,ταῖς
3456 591 3646 663 χειρὸς

1995 668 2265 745 ἐργασίαις
2323 671 2685 747 προσέχοντες
2738 695 2749 707 ·
2811 676 2965 747 ὅμως
3024 674 3080 730 δὲ
3135 677 3225 731 καὶ
3277 680 3376 746 τὴν
3432 678 3641 733 τούτων

1994 761 2172 835 ὁρμὴν
2236 761 2310 822 ὡς
2362 760 2773 835 ἐπιθησομένων
2829 765 2892 817 τὸ
2942 764 3093 839 [γὰρ]
3123 770 3219 819 τοῦ
3252 764 3441 840 γένους
3471 764 3645 822 ἀλλό-

1990 869 2163 922 τριον,
2192 848 2255 903 τό
2312 853 2357 904 τ’
2389 848 2440 921 ἐξ
2501 852 2744 927 ὑπογυου
2792 861 3149 928 γυμνωθῆναι
3186 859 3293 909 τῶν
3328 852 3519 925 ὄντων,
3552 857 3641 910 καὶ

1992 939 2127 1011 πρὸς
2155 939 2216 992 τὸ
2246 938 2581 1013 νεωτερίσειν
2613 940 2851 1013 ἑτοίμως
2878 940 2936 995 ἂν
2970 939 3116 1017 ἔχειν
3164 944 3237 1005 ὡς
3291 943 3353 997 οὗ
3411 941 3640 999 πολλῶν

1991 1031 2097 1081 τῶν
2156 1022 2623 1099 ἀντιστησομένων
2682 1025 2877 1097 ὄντων,
2937 1030 3049 1101 ἅμα
3091 1029 3147 1085 δὲ
3204 1031 3293 1085 καὶ
3356 1034 3429 1104 μὴ
3481 1032 3642 1105 ἀτρε-

1996 1116 2241 1188 μούντων
2277 1112 2374 1185 ἔτι,
2409 1113 2585 1181 ἔπειθε
2613 1115 2861 1173 δεδιέναι.
2892 1121 3051 1173 Ταῦτ’
3082 1118 3133 1173 ἐν
3165 1119 3241 1191 νῷ
3295 1119 3640 1194 βαλλόμενος

1990 1206 2205 1277 ἡμέρας
2256 1206 2349 1277 μὲν
2402 1203 2491 1259 διὰ
2544 1206 2777 1277 μελέτης
2829 1208 2945 1281 εἶχε
2992 1206 3373 1263 καταστέλλειν
3404 1209 3466 1262 τὸ
3498 1209 3642 1277 πλῆ-

1992 1305 2107 1364 θος,
2146 1288 2314 1371 φόϐον
2349 1294 2840 1367 ἐμποιῶν,νυκτὸς
2893 1295 2949 1350 δὲ
3000 1292 3294 1351 διατάττων
3343 1295 3472 1357 τοὺς
3522 1293 3637 1351 δια-

1989 1382 2307 1457 τρέχοντας,
2331 1383 2420 1437 καὶ
2480 1386 2859 1459 νυκτεπάρχου
2916 1384 3119 1459 τρόπον
3169 1385 3360 1459 ἀγυιάν
3412 1383 3639 1455 ἑκάστην

1988 1477 2388 1547 προσερευνῶν,
2455 1475 2529 1545 μή
2589 1474 2753 1537 κακὸς
2812 1471 2911 1543 ἔξω
2988 1472 3246 1545 πλανῷτο
3282 1493 3294 1505 ·
3355 1477 3639 1547 πανταχοῦ

1988 1561 2089 1635 γὰρ
2120 1559 2410 1615 ἐκέκλαστο
2440 1562 2530 1615 καὶ
2561 1562 2624 1615 τὸ
2653 1567 2862 1635 τεῖχος,
2897 1560 2942 1633 ᾧ
2994 1560 3059 1631 δὴ
3108 1567 3334 1616 τοιαῦτα
3382 1563 3639 1637 πράττειν

1988 1649 2054 1717 ἦν
2120 1647 2465 1724 βουλομένῳ.
2503 1648 2679 1706 Ἀλλὰ
2734 1651 2850 1703 καθ’
2908 1651 3118 1724 ἡμέραν
3175 1649 3636 1725 ἐπισωρευόμενοι

1989 1736 2215 1802 πλείους
2270 1734 2458 1808 ἔξωθεν
2512 1737 2851 1816 ξυνδιέφερον
2902 1740 2994 1810 μὶν
3036 1738 3129 1799 τὰς
3178 1736 3468 1814 φροντίδας
3501 1737 3636 1794 ἐκεί-

1989 1848 2087 1899 νῳ,
2120 1826 2171 1882 ἐν
2205 1824 2408 1904 ἀφοϐίᾳ
2438 1827 2495 1883 δὲ
2523 1829 2649 1890 τοὺς
2680 1830 2981 1903 ἡμετέρους
3012 1828 3295 1885 καθίστων.

1986 1932 2089 1989 λα’.
2120 1936 2309 1999 ’Ὀπως
2339 1936 2366 1989 ὁ
2401 1931 2655 2010 βασιλεὺς
2681 1932 2892 2010 Δεἷ’σησ-ιν
2926 1934 3002 2010 sic;
3030 1935 3131 2003 τὴν
3162 1933 3325 1988 πόλιν
3362 1932 3497 2006 μετὰ
3524 1938 3632 1989 τῶν

2481 2007 2606 2080 περὶ
2637 2005 2794 2061 αὐτὸν
2827 2005 3134 2081 ἀρχόντων.

2059 2098 2136 2167 [Ρ.
2176 2098 2299 2168 103]
2330 2097 2389 2153 Ὀ
2440 2094 2497 2150 δὲ
2550 2095 2803 2171 βασιλεὺς
2850 2096 3241 2167 συνταξάμενος
3288 2094 3411 2148 ὅσον
3459 2095 3525 2163 ἦν
3570 2094 3633 2149 τὸ

1984 2185 2107 2260 περὶ
2166 2186 2353 2252 αὐτὸν,
2385 2183 2528 2260 ἔχων
2596 2186 2710 2257 μεθ’
2753 2185 2944 2239 ἑαυτοῦ
3000 2184 3090 2238 καὶ
3138 2186 3237 2251 τὴν
3292 2184 3633 2257 Δῦγοΰσταν,

1983 2268 2059 2328 ἔτι
2113 2271 2169 2328 δὲ
2215 2273 2306 2329 καὶ
2335 2275 2397 2329 τὸ
2424 2270 2675 2348 νεογιλὸν
2712 2270 2919 2338 θάλλος
2950 2273 3041 2327 τὸν
3083 2270 3134 2342 ἐξ
3173 2270 3378 2327 ἐκείνου
3409 2268 3633 2347 Ἀνδρό-

1978 2473 2189 2545 gendo,
2240 2473 2326 2528 uti
2376 2478 2433 2529 et
2463 2472 2686 2528 caeteris
2735 2471 2913 2527 simul
2947 2472 3076 2541 ejus
3108 2470 3217 2526 loci
3249 2486 3314 2525 ac
3338 2470 3620 2541 temporis

1979 2562 2163 2628 curis,
2224 2562 2306 2617 ita
2363 2562 2765 2634 occupabatur
2808 2560 2961 2617 159
3021 2564 3086 2615 ut
3144 2560 3471 2631 respirandi
3523 2560 3619 2613 vix

1977 2651 2235 2721 spatium
2267 2651 2526 2719 haberet,
2560 2668 2664 2722 per
2694 2651 2819 2705 dies
2860 2650 3100 2721 quidem
3134 2649 3394 2703 intentus
3426 2649 3615 2702 conti-

1979 2741 2182 2794 nenda:
2215 2740 2581 2795 multitudini
2618 2741 2889 2805 urbanae;
2923 2754 3050 2808 quae
3096 2754 3228 2792 cum
3261 2754 3291 2792 e
3341 2738 3620 2791 Romanis

1978 2828 2258 2899 Italisque
2306 2833 2618 2895 constaret,
2670 2827 2788 2882 illis
2823 2827 3056 2888 fidebat,
3086 2825 3191 2880 hos
3225 2830 3290 2878 ut
3321 2830 3625 2895 suspectos

1979 2918 2341 2973 observabat.
2376 2918 2511 2971 Erat
2543 2923 2737 2971 autem
2772 2931 2979 2985 magna
3010 2913 3094 2969 vis
3127 2915 3396 2968 confertae
3430 2912 3624 2983 plebis

1976 3006 2269 3061 collectitii
2301 3006 2551 3075 generis,
2585 3005 2794 3073 vulgus
2832 3002 3179 3074 plerumque
3212 3000 3469 3065 imbelle,
3517 3017 3623 3071 pa-

1980 3095 2162 3149 rando
2179 3111 2354 3148 manu
2375 3094 2555 3148 victui
2580 3092 2756 3147 variis
2771 3090 3034 3146 artificiis
3058 3089 3619 3145 attendens.Tamen

1978 3188 2035 3238 et
2064 3184 2135 3237 ab
2168 3183 2263 3237 bis
2293 3183 2551 3249 cavebat,
2586 3186 2787 3252 utpote
2819 3179 2919 3251 qui
2952 3178 3001 3234 si
3038 3177 3258 3233 efferati
3288 3178 3405 3232 vim
3443 3193 3614 3248 para-

1974 3278 2103 3327 rent
2152 3274 2294 3343 (quo
2358 3272 2732 3327 traherentur
2786 3270 2965 3324 exteri
2997 3269 3065 3323 de
3096 3271 3251 3323 statu
3283 3265 3511 3332 incerti,
3547 3283 3618 3322 ne

1976 3378 2107 3417 mox
2160 3361 2554 3432 spoliarentur
2608 3363 2962 3424 metuentes,
3018 3373 3268 3429 pronum
3313 3355 3479 3425 erat),
3528 3354 3614 3409 vel

1970 3452 2098 3522 ipso
2130 3466 2372 3505 numero
2405 3446 2804 3504 formidabiles
2834 3454 3020 3511 erant,
3070 3462 3205 3501 cum
3256 3444 3466 3499 armati
3500 3459 3615 3497 non

1972 3546 2063 3596 sat
2094 3539 2265 3595 multi
2296 3540 2365 3595 ad
2396 3554 2641 3593 manum
2673 3541 2873 3593 essent
2905 3537 3005 3608 qui
3037 3534 3123 3589 eis
3154 3538 3615 3605 apponerentur;

1971 3646 2151 3700 quare
2202 3634 2501 3699 utcunque
2560 3626 2923 3696 acquiescere
2974 3624 3249 3696 preasenti
3286 3621 3425 3677 sorti
3459 3620 3617 3675 vide-

1967 3718 2207 3781 bantur,
2241 3735 2356 3773 non
2390 3722 2588 3772 tamen
2616 3716 2685 3771 de
2717 3716 2788 3770 iis
2812 3730 3057 3769 securus
3106 3712 3298 3766 Caesar
3327 3715 3471 3776 erat,
3508 3710 3608 3764 sed

1969 3816 2207 3863 eventus
2253 3808 2508 3861 incertos
2558 3810 2860 3877 reputans,
2918 3820 3020 3875 per
3070 3802 3222 3856 diem
3257 3800 3495 3871 quidem
3528 3801 3617 3869 (ut

1970 3898 2161 3951 dicere
2190 3896 2355 3967 cmpi)
2380 3894 2646 3951 sedulam
2684 3894 2861 3948 dabat
2906 3908 3141 3963 operam
3177 3887 3623 3961 compescendis

1971 3986 2162 4040 turbis
2191 3991 2247 4040 et
2275 3984 2512 4039 coitioni
2545 3982 2948 4037 disturbandas
2980 3979 3373 4051 plurimorum
3409 3993 3422 4042 ;
3459 3976 3613 4047 quod

1970 4075 2389 4145 assequebatur
2404 4074 2623 4145 plateas
2638 4071 2839 4125 obiens
2863 4084 2997 4123 cum
3020 4067 3229 4122 idoneo
3253 4070 3548 4121 armatoru
3561 4081 3615 4118 m

1965 4165 2267 4227 comitatu,
2328 4180 2393 4218 ac
2450 4159 2915 4217 circumferenda
2974 4173 3077 4225 per
3108 4156 3311 4211 urbem
3360 4153 3616 4207 terrifica

1964 4253 2051 4309 sui
2112 4252 2325 4324 specie,
2362 4257 2585 4306 metum
2646 4248 2848 4303 utilem
2883 4246 3214 4300 incutiens:
3248 4258 3352 4313 per
3383 4245 3612 4295 noctem

1963 4359 2171 4398 rursus
2214 4339 2455 4413 vigilum
2489 4340 2756 4394 cohortes
2786 4350 3025 4391 cursare
3059 4349 3159 4404 per
3188 4332 3342 4386 vicos
3374 4346 3598 4385 omnes.

1964 4432 2087 4485 fora
2117 4435 2173 4485 et
2223 4428 2569 4499 angiportus
2626 4425 2787 4480 obire
2818 4425 3062 4477 cunctos
3100 4420 3343 4489 jubens,
3378 4422 3607 4472 scruta-

220 4514 583 4582 peculiariter
657 4518 1091 4590 praescripserat
1157 4521 1394 4593 purgari
1465 4523 1856 4593 adornarique
1886 4510 1931 4574 Ι)
1965 4520 2133 4589 rique
2176 4517 2489 4587 diligenter
2536 4530 2677 4569 num
2713 4513 2844 4584 quis
2874 4512 3104 4582 uspiam
3137 4508 3310 4562 domo
3335 4522 3610 4577 egressus

221 4601 424 4668 palatia
449 4605 507 4658 in
543 4606 763 4676 quibus
794 4612 1018 4663 veteres
1050 4608 1435 4680 imperatores
1468 4610 1855 4667 babitassent.

223 4685 537 4758 Optimates
593 4694 812 4764 pariter
862 4712 963 4767 pro
996 4713 1058 4752 se
1082 4697 1335 4769 quisque
1365 4699 1716 4755 familiarem
1750 4700 1857 4756 ali-

228 4792 389 4847 quem
441 4782 758 4838 mittebant
807 4786 1045 4856 propria
1089 4786 1171 4840 ibi
1204 4788 1495 4859 cujusque
1528 4794 1858 4857 curaturos,

225 4869 460 4936 petendo
488 4870 719 4927 scilicet
749 4873 1199 4945 recipiendoque
1224 4876 1405 4931 avitas
1423 4876 1686 4947 ipsorum
1710 4879 1861 4934 aedes

224 4958 273 5008 et
299 4957 366 5010 ad
400 4960 730 5029 proximam
760 4962 1189 5019 habitationem
1243 4964 1613 5031 instruendo,
1668 4968 1861 5039 provi-

225 5042 416 5101 dentes
452 5046 611 5104 haud
644 5051 756 5106 sibi
785 5052 869 5107 fas
912 5053 1033 5109 fore
1073 5054 1337 5109 cunctari
1384 5056 1736 5128 differreque
1775 5074 1861 5112 re-

231 5132 409 5189 ditum
471 5137 531 5192 in
594 5141 820 5211 urbem,
882 5144 1121 5213 quando
1176 5143 1516 5215 imperator,
1544 5148 1697 5216 quod
1733 5164 1865 5203 mox

226 5222 511 5283 facturum
543 5232 880 5300 cernebant,
915 5248 980 5287 eo
1012 5232 1125 5287 iter
1154 5233 1525 5290 intendisset.
1554 5236 1729 5291 Porro
1763 5238 1868 5309 qui

228 5313 447 5381 publice
477 5325 583 5375 aut
606 5320 873 5392 privatim
898 5322 1279 5377 adormandis
1305 5322 1423 5378 illic
1457 5326 1689 5382 cunctis
1720 5344 1865 5397 prae-

227 5397 352 5455 fecti
382 5412 569 5475 erant,
604 5414 842 5466 strenue
874 5415 1051 5482 atque
1083 5414 1301 5466 attente
1345 5415 1647 5484 negotium
1691 5432 1864 5471 cura-

232 5486 494 5561 bant;et
551 5500 735 5555 Caesar
791 5500 1094 5556 dividebat
1140 5502 1346 5555 domos
1395 5504 1663 5575 personis
1692 5511 1748 5560 et
1781 5507 1865 5559 di-

230 5578 573 5655 gnitatibus,
620 5594 793 5660 prout
824 5589 1039 5663 cuique
1088 5590 1487 5648 conveniebat.
1524 5594 1587 5649 In
1622 5611 1736 5666 quo
1771 5612 1867 5651 ur-

1970 4608 2150 4661 autin
2177 4607 2379 4661 urbem
2414 4622 2515 4676 per
2542 4604 2740 4659 hiatus
2774 4616 3101 4663 murorum,
3136 4598 3234 4667 qui
3268 4594 3439 4650 multi
3494 4611 3607 4649 un-

1966 4697 2142 4766 dique
2158 4695 2505 4766 patebantet
2525 4693 2751 4748 facilem
2770 4691 2992 4745 dabant
3042 4684 3605 4755 aditum,ingressus

1967 4789 2300 4856 vagaretur.
2352 4783 2633 4837 Caeterum
2684 4779 2948 4852 quotidie
3008 4776 3295 4846 fugientes
3343 4770 3606 4828 conferti.

1971 4892 2085 4947 quo
2118 4875 2372 4945 quisque
2427 4877 2645 4943 posset,
2679 4888 2746 4926 ex
2776 4870 2879 4924 illa
2909 4884 3088 4940 quam
3136 4864 3253 4919 dixi
3306 4860 3615 4917 collectitia

1971 4964 2351 5020 multitudine
2386 4961 2625 5034 plurimi
2676 4966 2835 5031 parte
2863 4954 3281 5012 sollicitudinis
3326 4952 3611 5007 Caesarem

1971 5055 2263 5119 levabant,
2298 5053 2740 5123 securioresque
2764 5049 3086 5105 reddebant
3112 5050 3369 5101 nostros.

1968 5164 2057 5218 3f.
2100 5164 2162 5219 Ut
2190 5163 2495 5234 imperator
2528 5159 2919 5234 comitantibus
2949 5154 3294 5234 principibus
3381 5152 3613 5220 ingres-

2540 5249 2633 5288 sus
2662 5231 2719 5285 in
2734 5231 2922 5285 urbem
2952 5230 3044 5282 sit.

1972 5325 2046 5379 At
2125 5322 2444 5393 imperator
2515 5322 2659 5376 satis
2727 5321 2847 5389 jam
2932 5316 3206 5371 omnibus
3276 5305 3615 5393 compositis

1976 5412 2313 5469 universum
2335 5428 2505 5483 quem
2529 5426 2725 5467 secum
2752 5408 3001 5463 habebat
3024 5417 3331 5474 procerum
3355 5415 3420 5452 ac
3450 5392 3614 5449 fami-

1976 5502 2210 5558 liarium
2231 5501 2574 5556 comitatum
2601 5496 3167 5563 ducens,Augustam
3192 5502 3425 5559 quoque
3447 5495 3617 5538 suam

1980 5592 2286 5663 conjugem
2320 5596 2377 5646 et
2409 5591 2577 5663 regia:
2601 5587 2798 5659 stirpis
2830 5590 3093 5639 tenerum
3123 5576 3425 5633 surculum
3459 5587 3526 5627 ex
3548 5584 3615 5625 ea
