4018 6198
417 333 528 388 599

1725 325 2027 381 GEORGII
2065 325 2526 382 ΡΔΟΗῩΜΕΒΕ

3678 325 3766 380 600

419 475 594 526 νικον,
627 453 688 506 οῦ
743 448 810 515 δὴ
868 447 955 501 καὶ
1015 449 1084 520 τῇ
1132 443 1482 520 προσηγορίᾳ
1509 445 1600 499 τὸν
1633 445 1838 520 πατέρα
1889 443 2063 500 οὐκέτ’
2092 449 2146 514 Α
2175 444 2424 524 ἐξῆρχεν.
2483 449 2546 505 Ὀ
2605 447 2790 522 μέντοι
2847 467 2908 523 γε
2984 441 3238 522 βασιλεὺς
3282 444 3370 498 καὶ
3422 448 3518 498 πᾶν
3564 444 3619 499 τὸ
3666 430 3767 519 περὶ

422 541 550 599 ὅντα
599 540 782 611 έτίμα,
816 537 876 590 οῦ
932 535 1027 603 τὴν
1083 535 1308 608 μνήμην
1344 535 1418 596 ὡς
1450 531 1777 612 φιλοπάτωρ
1803 534 1892 588 καὶ
1925 533 2074 610 ἐνόρ-

421 651 538 686 κιον
590 627 670 704 ἐφ’
702 624 908 697 έκάστῳ
966 622 1150 692 ἐτίθει,
1183 625 1273 678 τὸν
1340 624 1503 700 μέγαν
1555 623 1640 677 έπί
1669 621 1925 699 γλώττης
1980 622 2071 699 φέ-

424 739 532 793 ρων
595 714 944 788 δομέστικον,
1006 713 1096 768 καὶ
1153 714 1252 782 τήν
1306 721 1407 783 τῆς
1465 712 1779 789 Αὐγούστης
1842 713 2073 787 μητέρα,

421 807 484 875 ἣν
521 803 767 880 μεγάλην
797 800 986 879 κυρίαν
1018 803 1156 856 κατά
1183 803 1350 875 τιμὴν
1413 801 1692 875 ὠνόμαζον
1746 803 1797 856 οἱ
1845 799 2071 872 πολλοί,

425 893 633 967 σύναμα
661 894 730 965 τῇ
772 890 1030 968 γερουσίᾳ
1058 892 1203 966 πασῃ
1234 891 1325 945 καῖ
1367 893 1436 964 τῇ
1487 888 1782 966 συγκλήτῳ
1832 892 1933 959 τὴν
1983 889 2067 944 ἐπὶ

420 990 524 1053 τῆς
581 979 797 1042 πόλεως
857 979 1046 1052 ὥδευε,
1075 979 1165 1034 καὶ
1225 977 1292 1048 δὴ
1341 984 1784 1053 περαιωσάμενος
1825 979 1917 1034 τὸν
1946 978 2072 1034 Ἑλ-

423 1071 728 1143 λήσπεντον
765 1069 964 1134 ἐκεῖθεν
994 1069 1192 1145 ἐχώρει
1222 1069 1358 1143 πρὸς
1403 1070 1466 1123 τὸ
1516 1068 1829 1138 Βυζάντιον.
1864 1066 2072 1124 Ἐλθὼν

425 1159 600 1217 δὲκαὶ
643 1160 742 1229 τήν
794 1160 1041 1233 Χρυσέαν
1101 1159 1281 1228 πύλην
1333 1158 1704 1236 κατειληφὼς,
1736 1157 1844 1212 ἐκεῖ
1900 1159 2074 1227 καθή-

429 1271 584 1324 μενος
633 1247 714 1326 ἐφ’
744 1247 977 1322 ἡμέραις
1024 1249 1122 1315 την
1176 1245 1251 1309 είς
1301 1246 1463 1302 πόλιν
1514 1244 1923 1318 εἴσοδον,ὅπως
1957 1247 2074 1300 θεο-

426 1337 603 1418 φιλῶς
633 1339 746 1409 ἅμα
789 1336 879 1390 καὶ
943 1333 1375 1413 μεγαλοπρεπῶς
1416 1336 1650 1410 γένοιτο,
1684 1335 1962 1390 ἀνεσκόπει
2019 1356 2076 1389 τε

427 1429 514 1482 καὶ
570 1427 867 1482 συνέταττε.
902 1425 1000 1479 Καὶ
1055 1423 1120 1494 δή
1183 1424 1402 1499 πέμψας
1461 1422 1578 1499 ἄγει
1631 1424 1689 1480 ἐκ
1743 1431 1843 1494 τῆς
1903 1430 2077 1497 μονῆς

428 1520 526 1572 τοῦ
579 1513 1022 1590 Παντοκράτορος
1069 1515 1166 1582 τὴν
1233 1510 1522 1586 σεϐασμίαν
1574 1513 1755 1568 εἰκόνα
1781 1516 1880 1579 τῆς
1910 1515 2078 1588 ἀγνῆς

431 1605 804 1677 Θεομγςτορος,
853 1604 912 1670 ἣν
974 1600 1138 1676 λόγος
1195 1597 1348 1678 ἔργον
1415 1603 1508 1675 μὶν
1569 1602 1703 1656 εἶναι
1757 1607 1855 1658 τοῦ
1931 1601 2075 1666 Θείου

432 1699 636 1765 Λουκᾶ,
687 1691 857 1746 έκεῖσέ
916 1712 1022 1745 που
1079 1692 1362 1763 παρούσης
1419 1691 1670 1757 κάκείνης
1723 1692 1813 1746 καὶ
1871 1689 2076 1763 θεωμέ-

2180 535 2340 591 αὐτὸν
2400 537 2651 612 σχολαίῳ
2709 533 2838 592 ποδὶ
2895 535 2984 590 καὶ
3037 534 3398 606 ἀνατεταμένῃ
3449 530 3640 605 διανοίᾳ
3677 541 3770 608 μεθ’

2177 625 2261 680 ὅτι
2287 625 2551 696 πλείστης
2579 633 2682 696 τῆς
2713 625 2850 702 πρὸς
2885 625 3015 680 Θεὸν
3048 621 3529 696 ἀνθομολογήσεως
3561 626 3650 693 τήν
3690 625 3772 679 πό-

2179 711 2264 767 λιν
2316 715 2644 791 εέσέρχεται,
2677 719 2814 788 πεζῇ
2871 711 3106 790 βαδίζων
3157 713 3247 768 καὶ
3293 713 3355 767 τὸ
3397 719 3494 781 τῆς
3539 711 3772 787 βασιλείας

2179 798 2409 878 σοϐαρὸν
2470 805 2543 866 ὡς
2606 805 2682 878 μὴ
2735 802 2960 877 τοιαύτῃ
3033 799 3226 876 τελετῇ
3296 804 3496 878 πρέπον
3569 801 3771 864 συνόλως

2179 892 2588 965 ἀποτιθέμενος.
2620 899 2720 949 Ἤν
2776 890 2833 947 δὲ
2888 891 3011 948 τότε
3055 891 3146 946 καὶ
3193 891 3254 946 τὸ
3304 897 3404 960 τῆς
3449 890 3642 964 ἡμέρας
3695 913 3774 962 με-

2183 1003 2247 1052 ση
2260 976 2486 1054 μϐρινὸν
2516 987 2612 1038 τοῦ
2647 982 2868 1058 μετρίου
2897 979 3065 1036 πλέον
3100 979 3337 1049 έκκαῖον,
3368 983 3463 1033 τοῦ
3494 978 3643 1047 ἡλίου
3668 979 3776 1033 κατὰ

2179 1071 2423 1148 κορυφὴν
2481 1071 2795 1144 ἱσταμένου,
2827 1071 2915 1125 καὶ
2978 1071 3013 1138 ἡ
3065 1073 3173 1123 τῶν
3226 1064 3638 1141 συνειλεγμένων
3665 1087 3773 1141 προ·

2182 1159 2346 1231 θυμία
2405 1160 2542 1235 πρὸς
2587 1161 2650 1214 τὸ
2707 1165 2902 1235 πνῖγος
2955 1155 3364 1232 διεφιλονείκει,
3413 1155 3485 1216 ὡς
3529 1152 3572 1210 εἴ
3617 1175 3661 1208 τι
3704 1155 3774 1208 καὶ

2182 1244 2419 1321 συμϐαίη
2454 1247 2924 1324 καταληψομένων
2957 1249 3170 1321 σύναμα
3195 1251 3277 1317 τῷ
3308 1243 3520 1321 βασιλεῖ
3568 1245 3623 1299 τὸ
3668 1243 3777 1318 μέγα

2179 1337 2468 1395 παλάτιον.
2504 1341 2588 1412 [Ρ.
2623 1341 2746 1412 104]
2770 1339 2840 1392 Τὸ
2889 1339 2993 1413 γὰρ
3041 1341 3148 1392 τῶν
3201 1334 3525 1410 Βλαχερνῶν
3573 1331 3666 1387 οὐκ
3709 1333 3776 1387 εὐ-

2179 1430 2402 1501 πρεπῶς
2453 1427 2519 1496 ἦν
2576 1423 2721 1502 ἔχειν
2774 1426 2910 1502 πρὸς
2959 1426 3057 1493 τήν
3107 1429 3215 1479 τῶν
3270 1416 3531 1498 βασιλέων
3558 1421 3780 1490 κατοίκη-

2179 1537 2260 1570 σιν
2300 1535 2311 1548 ·
2347 1515 2508 1591 ἔγεμε
2536 1517 2636 1592 γὰρ
2687 1520 2896 1571 καπνοῦ
2945 1515 3036 1570 καὶ
3086 1513 3313 1588 λιγνύος
3340 1512 3623 1582 Ἰταλικῆς,
3649 1513 3700 1579 ἣν
3739 1514 3778 1565 οἱ

2179 1609 2275 1659 τοῦ
2307 1604 2645 1661 Βαλδουίνου
2669 1602 3015 1660 δαιταλευταὶ
3050 1602 3111 1658 έκ
3138 1599 3362 1671 πολλῆς
3409 1607 3505 1670 τῆς
3548 1597 3778 1661 ἰδιωτείας

2182 1692 2386 1748 ἐκείνου
2443 1700 2561 1757 τοῖς
2616 1697 2724 1748 τῶν
2789 1694 3096 1768 ἀνακτόρων
3147 1691 3366 1766 τοίχοις
3434 1690 3779 1764 προσέπαττον,

429 1804 546 1853 νης,
581 1779 757 1856 δῶρον
817 1777 875 1834 δέ
932 1779 1066 1853 μετά
1120 1784 1290 1834 ταῦτα
1339 1782 1578 1856 γενέσθαι
1634 1780 1954 1856 Πουλχερίᾳ
2006 1783 2074 1844 τῆ
2106 1817 2154 1882 Β
2185 1783 2259 1844 ὡς
2319 1779 2476 1860 ἔργον
2529 1784 2664 1838 εἶναι
2716 1785 2814 1852 τὴν
2872 1782 3087 1838 ἐκείνων
3145 1781 3600 1855 κάθαρσιν.ηΑμα
3652 1775 3689 1832 δ’
3715 1776 3778 1830 ὅτι

433 1867 673 1947 βασιλίδι
731 1869 876 1945 παρά
921 1876 1024 1939 τῆς
1078 1868 1296 1947 νύμφης
1353 1868 1521 1939 αὐτῆς
1553 1867 1821 1933 Εὐδοκίας
1873 1873 1973 1934 τῆς
2025 1870 2074 1942 ἐξ

423 1963 673 2032 Ἀθηνῶν
714 1961 804 2015 καὶ
850 1956 1160 2029 δεσποίνης,
1191 1958 1281 2013 καὶ
1329 1956 1503 2034 δῶρον
1551 1959 1849 2035 ἀξιόχρεων
1906 1956 2075 2022 ὄντως

425 2050 485 2106 έκ
515 2049 884 2119 Παλαιστίνης
916 2047 1242 2103 ἀποσταλέν.
1276 2048 1404 2102 Ὑπὸ
1446 2045 1512 2118 δὴ
1563 2048 1730 2123 ταύτῃ
1778 2045 1968 2123 ὁδηγῷ
2016 2070 2078 2123 γε

425 2138 587 2215 οἴσῃ,
621 2137 689 2194 δι’
716 2141 783 2208 ἧς
835 2137 1208 2192 έπεπιστεύκει
1261 2138 1350 2192 καὶ
1397 2136 1798 2212 ἀπολήψεσθαι,
1835 2136 2076 2192 εἰσελαύ-

425 2251 531 2283 νων
577 2231 675 2298 τήν
725 2227 890 2283 πόλιν
937 2227 1318 2302 ἀποχρώντως
1349 2225 1536 2303 ἡγεῖτό
1568 2227 1620 2280 οἱ
1667 2226 1818 2301 ἔχειν
1867 2228 1966 2295 τὴν
2003 2225 2080 2290 είς

429 2317 638 2388 ἐκείνην
698 2317 989 2389 ἀπονέμειν
1045 2315 1229 2390 χάριν.
1263 2317 1485 2370 Ἕταττε
1544 2313 1601 2369 δὲ
1647 2316 1874 2370 καὶτῶν
1907 2313 2080 2369 ἐκεῖσε

431 2406 733 2482 ἀρχιερέων
763 2401 881 2472 ἕνα,
906 2405 997 2459 τὸν
1053 2411 1153 2474 τῆς
1188 2403 1416 2473 Κυζίκου
1465 2405 1763 2480 Γεώργιον,
1792 2405 1890 2474 τήν
1944 2425 2077 2459 στο-

432 2493 536 2565 λὴν
573 2492 872 2550 ὑπενδύντα
899 2494 964 2548 τά
992 2500 1091 2563 τῆς
1122 2492 1293 2568 εὐχῆς
1325 2491 1469 2569 ἄγειν
1496 2494 1586 2547 καὶ
1632 2495 1732 2562 τήν
1790 2493 1920 2570 ὑπὲρ
1968 2498 2076 2548 τῶν

430 2583 824 2658 πραττομένων
858 2579 1203 2655 εὐχαριστίαν
1256 2579 1636 2653 ἀποπληροῦν.
1669 2587 1926 2636 ’Ήνοικτο
1971 2582 2081 2636 τοί-

431 2691 521 2730 νυν
549 2673 585 2741 ἦ
623 2671 832 2748 Χρυσέα
860 2668 1009 2741 πύλη
1043 2668 1258 2745 χρονία,
1286 2668 1376 2724 καὶ
1424 2668 1714 2746 ἀρχιερεὺς
1758 2676 1859 2739 τῆς
1907 2671 2080 2745 εὐχῆς

428 2874 771 2944 susceptum
802 2869 1225 2937 Andronicum,
1259 2869 1350 2926 cui
1373 2869 1477 2926 tali
1499 2869 1810 2925 tribuendo
1835 2869 2075 2925 nomine

428 2962 722 3018 honorare
783 2960 1092 3016 studuerat
1147 2959 1329 3031 patris
1375 2959 1467 3015 sui
1497 2958 1814 3014 Andronici
1847 2959 2073 3014 dudum

428 3050 649 3108 mortui
686 3049 1060 3115 memoriam,
1097 3065 1195 3122 per
1213 3065 1384 3120 quam
1411 3049 1586 3104 etiam
1609 3049 1862 3119 quadam
1884 3053 2069 3104 osten-

2186 1871 2277 1926 καὶ
2333 1871 2406 1934 εἷς
2467 1871 2761 1951 ἀσφάλειαν
2821 1873 3019 1933 ἱκανῶς
3077 1871 3192 1945 εἶχε
3246 1867 3520 1944 βασιλεῦσι
3591 1865 3782 1941 πρώτως

2188 1956 2406 2016 ἐπιϐᾶσι
2436 1961 2652 2024 πόλεως
2682 1966 2789 2016 τῶν
2823 1961 3160 2036 πραγμάτων
3215 1958 3612 2034 τεταραγμένως
3657 1955 3782 2029 έχού·

2186 2071 2306 2120 σης.
2341 2049 2409 2104 Τὸ
2446 2051 2538 2124 μὲν
2574 2048 2667 2106 οὖν
2698 2048 2904 2125 ἡσυχίᾳ
2929 2054 3124 2124 χαῖρον
3154 2052 3252 2102 τοῦ
3284 2045 3484 2120 δήμου,
3511 2044 3620 2114 ἄρτι
3662 2045 3780 2117 πρώ-

2185 2160 2294 2200 τως
2355 2137 2583 2200 βασιλέα
2630 2139 2919 2212 Ῥωμαίων
2979 2137 3030 2192 ἐν
3091 2142 3207 2199 τοῖς
3267 2135 3574 2210 ἀνακτόροις
3615 2133 3781 2204 θεώμε-

2186 2249 2303 2298 νον,
2341 2223 2653 2301 μεταϐαλὸν
2683 2230 2782 2298 τήν
2819 2223 3078 2300 ἔκπληξιν
3113 2226 3190 2288 εἰς
3227 2225 3402 2300 χαράν
3435 2222 3483 2278 ἐν
3513 2222 3701 2278 ἐλπίσιν
3733 2219 3784 2288 ἦν

2185 2321 2282 2372 τοῦ
2333 2314 2534 2372 λοιποῦ
2578 2317 2868 2392 εὐπραγεῖν
2897 2316 3002 2371 ὑπὸ
3028 2314 3210 2387 τούτῳ
3257 2312 3680 2390 βασιλευόμενον.
3708 2318 3785 2364 Δο-

2186 2411 2341 2461 κοῦσι
2385 2404 2442 2462 δέ
2490 2427 2583 2480 μοι
2631 2407 2769 2480 πρὸς
2819 2405 3028 2476 ἐκείνην
3076 2406 3177 2473 τήν
3203 2401 3328 2477 ὅψιν
3360 2403 3446 2458 καὶ
3479 2402 3530 2457 οἱ
3557 2400 3673 2456 κατὰ
3710 2399 3785 2466 τήν

2187 2494 2350 2551 πόλιν
2411 2494 2613 2552 Ἰταλοὶ
2671 2490 3067 2568 μεταϐαλέσθαι
3126 2492 3186 2547 ἂν
3253 2491 3344 2547 καὶ
3413 2491 3606 2566 ἀγαπᾷν
3677 2485 3786 2540 οὕτω

2187 2585 2545 2660 πραχθέντων
2579 2582 2746 2657 (μηδέ
2778 2585 2880 2660 γὰρ
2913 2581 3123 2654 ἀδοξεῖν
3168 2580 3411 2654 τοιούτῳ
3442 2577 3787 2644 δουλεύοντας),

2191 2671 2238 2726 εί
2273 2675 2346 2746 μή
2381 2693 2441 2750 γε
2470 2676 2505 2742 ἡ
2538 2675 2674 2728 κατὰ
2717 2671 2871 2749 γένος
2919 2671 3122 2747 κόρυζα
3170 2670 3249 2734 εἷς
3297 2667 3583 2745 ὀλιγωρίαν
3629 2665 3786 2740 έτύφου

2186 2877 2362 2940 serat,
2415 2874 2610 2930 subito
2669 2877 2870 2946 aperta
2928 2876 3018 2928 est
3051 2874 3218 2943 porta
3251 2872 3463 2935 Aurea,
3493 2872 3546 2922 et
3581 2864 3781 2920 antistes

2187 2963 2508 3018 orationem
2542 2962 2858 3032 inchoavit,
2890 2961 3123 3032 quando
3155 2960 3482 3032 imperator
3507 2959 3559 3012 et
3588 2953 3776 3010 univer-

2186 3067 2290 3107 sus
2349 3054 2476 3123 ejus
2521 3052 2838 3107 comitatus
2870 3051 3032 3124 gravi
3059 3055 3115 3105 et
3144 3051 3315 3105 tardo
3347 3048 3592 3110 incessu,
3621 3046 3779 3098 mente

427 3139 650 3196 tatione
699 3140 854 3195 160
900 3138 1095 3194 ﬁlialis
1127 3138 1363 3211 pietatis
1394 3137 1568 3210 vulgo
1592 3139 1795 3209 jurare
1826 3155 2075 3193 consue-
2109 3141 2152 3207 C
2191 3159 2324 3198 vero
2356 3143 2503 3196 161
2542 3143 2599 3195 in
2632 3141 2813 3197 Deum
2848 3141 3085 3211 penitus
3116 3139 3369 3205 intenta,
3409 3129 3784 3191 demississime

431 3235 612 3298 verat,
644 3244 776 3284 cum
809 3227 944 3298 quid
979 3227 1320 3295 affirmaret,
1383 3243 1660 3298 magnum
1695 3227 2081 3282 domesticum

435 3316 660 3388 passim
719 3316 778 3370 in
811 3333 910 3371 ore
942 3316 1188 3382 habens,
1224 3320 1285 3371 et
1312 3317 1588 3385 Augustae
1624 3320 1871 3371 matrem
1905 3332 2084 3386 quam

437 3422 714 3477 magnam
747 3406 1046 3462 dominam
1073 3407 1333 3478 plerique
1351 3405 1592 3461 honoris
1614 3423 1793 3461 causa
1817 3407 2085 3462 nomina-

440 3494 603 3565 bant,
662 3496 915 3566 denique
966 3511 1100 3550 cum
1163 3493 1487 3565 majoribus
1549 3500 1686 3549 natu
1747 3496 1974 3551 cunctis
2032 3501 2089 3551 et

445 3583 718 3640 universo
747 3591 951 3641 senatu
985 3583 1043 3638 in
1079 3583 1284 3638 urbem
1319 3585 1428 3639 iter
1459 3583 1724 3655 arripuit,
1757 3601 1823 3640 ac
1845 3586 2086 3656 trajecto

445 3671 819 3744 Hellesponto
849 3673 1136 3745 processit
1165 3671 1300 3728 inde
1332 3690 1535 3728 versus
1565 3673 1904 3742 Byzantium
1931 3694 1944 3742 ;
1971 3690 2086 3746 quo

447 3763 793 3834 perveniens
843 3765 900 3818 et
943 3763 1014 3818 ad
1062 3767 1317 3818 Auream
1350 3761 1582 3818 delatus
1613 3767 1839 3833 portam
1873 3763 1950 3818 ibi
1988 3781 2088 3835 per

449 3849 678 3919 aliquot
700 3851 826 3908 dies
855 3851 1356 3921 substitit,sedulo
1376 3852 1690 3923 providens
1713 3857 1769 3908 et
1794 3853 2086 3909 mandatis

445 3939 801 4011 opportunis
832 3956 1046 3995 curans
1077 3945 1143 3995 ut
1174 3939 1233 3994 in
1256 3955 1468 4011 ea,qua
1501 3940 1742 4012 parabat
1775 3941 1833 3995 in
1865 3941 2086 4010 regiam

443 4028 732 4084 civitatem
765 4027 1314 4100 invehitriumphali
1344 4029 1732 4101 pompa,nihil
1757 4030 1825 4084 ad
1856 4029 2085 4100 religio-

445 4119 538 4175 nis
569 4117 1115 4187 sanctitatem,nihil
1140 4117 1210 4172 ad
1244 4116 1613 4189 splendorem
1639 4119 2088 4187 magnificentia)

446 4211 643 4279 posset
698 4207 1042 4262 desiderari.
1097 4206 1253 4262 Inter
1309 4211 1514 4262 caetera
1563 4207 1750 4276 jussit
1797 4207 1988 4262 afferri
2021 4223 2090 4262 ex

446 4295 800 4352 monasterio
836 4295 1265 4351 Pantocratoris
1295 4312 1522 4350 sacram
1571 4295 1886 4368 imaginem
1929 4295 2087 4353 inte-

450 4391 683 4442 meratae
742 4385 840 4441 Dei
899 4385 1123 4456 Matris,
1175 4401 1352 4456 quam
1415 4385 1582 4440 aiunt
1641 4403 1789 4458 opus
1820 4402 1949 4442 esse
1971 4386 2087 4442 divi

2198 3229 2564 3302 professione
2585 3246 2831 3285 summa
2861 3229 3060 3300 gratia:
3093 3244 3126 3282 a
3156 3244 3220 3283 se
3253 3243 3358 3299 pro
3390 3230 3502 3281 tam
3536 3223 3782 3292 insperata

2195 3317 2472 3373 felicitate
2521 3317 2760 3373 Numini
2813 3317 3045 3383 debitae,
3096 3315 3394 3371 civitatem
3426 3311 3781 3384 ingressusest

2195 3408 2444 3480 pedibus
2492 3407 2848 3476 ambulams,
2897 3406 3059 3462 omni
3106 3405 3280 3476 regite
3327 3399 3634 3474 majestatis
3663 3398 3779 3451 fastu

2193 3496 2352 3552 velut
2377 3496 2480 3552 tali
2504 3496 2864 3552 caeremoniae
2881 3512 2994 3551 non
3021 3499 3384 3566 congruente
3408 3505 3630 3564 prorsus
3650 3487 3780 3556 depo-

2195 3585 2327 3642 sito.
2385 3587 2521 3641 Erat
2575 3590 2717 3642 tunc
2775 3585 2919 3641 hora
2966 3583 3296 3640 meridiana
3345 3586 3401 3637 et
3423 3593 3668 3636 summus
3693 3571 3778 3627 diei

2196 3676 2404 3745 fervor,
2433 3674 2553 3731 sole
2583 3692 2762 3747 supra
2791 3674 3066 3730 verticem
3087 3672 3380 3728 altissimo
3409 3669 3610 3742 ignitos
3627 3662 3778 3718 radios

2193 3765 2476 3822 vibrante.
2537 3765 2758 3820 Tamen
2816 3765 3022 3819 devota
3079 3777 3361 3834 pompam
3415 3755 3775 3815 celebrantium

2195 3853 2468 3910 alacritas
2499 3870 2634 3908 cum
2667 3857 2809 3908 aestu
2840 3851 3214 3907 incommodo
3249 3849 3530 3913 certabat,
3559 3855 3776 3912 unoquo-

2194 3959 2306 4014 que
2338 3943 2623 4014 ipsorum,
2654 3947 2710 3998 et
2739 3945 3002 4014 Augusto
3035 3957 3150 4012 pre
3183 3931 3779 4003 caeteris,subireliben-

2194 4038 2282 4088 ter
2313 4036 2514 4103 parato
2548 4032 2596 4086 si
2630 4031 2770 4103 quid
2803 4029 3138 4086 detrimenti
3161 4027 3432 4084 valetudo
3455 4027 3778 4097 patereturex

2194 4121 2608 4177 ardentissimo
2638 4119 2764 4176 ραιιί
2795 4119 3071 4175 verticem
3097 4116 3415 4174 insidentis
3437 4109 3653 4170 meridie
3671 4103 3778 4161 solis

2192 4227 2406 4281 vapore
2435 4209 2703 4280 tolerato,
2737 4209 2874 4264 dum
2908 4207 2992 4262 sic
3029 4206 3186 4262 lento
3221 4221 3426 4278 gressu
3455 4202 3519 4257 ad
3552 4207 3779 4267 magnum

2193 4298 2474 4371 palatium
2510 4300 2800 4363 feruntur,
2832 4297 3096 4352 nondum
3147 4299 3285 4366 apta
3315 4293 3384 4350 ad
3425 4290 3774 4371 imperatorem

2190 4368 2599 4461 excipiendum
2633 4387 2796 4460 regia
2843 4385 3267 4441 Blaehenarum
3319 4385 3609 4454 propterea
3651 4368 3772 4461 quod

446 4477 637 4546 Lucae,
669 4477 798 4548 ejus
832 4475 1100 4548 penicillo
1133 4493 1197 4532 ac
1230 4493 1406 4532 manu
1439 4493 1469 4531 e
1499 4475 1727 4532 vivente
1768 4493 2084 4549 coramque
2114 4509 2160 4572 Ι)
2193 4459 2617 4533 hwc'sordebat
2648 4475 2841 4530 adhuc
2873 4475 3033 4530 fumo
3065 4473 3238 4545 plena
3265 4459 3773 4572 nidoremqueele‘ns

443 4570 704 4638 spectata
758 4565 1002 4636 Deipara
1045 4582 1407 4636 expressum,
1453 4565 1701 4620 missum
1749 4565 1958 4622 deinde
2006 4567 2078 4622 ad

441 4653 811 4710 Pulcheriam
861 4655 1180 4725 Augustam
1239 4655 1311 4709 ab
1371 4653 1551 4724 hujus
1613 4655 1814 4710 fratria
1843 4654 2084 4710 domina

442 4743 701 4800 Eudocia
756 4742 1099 4798 Atheniensi
1152 4760 1220 4798 ex
1269 4742 1601 4814 Palaestina,
1658 4744 1876 4800 donum
1912 4744 2084 4817 plane

445 4831 714 4888 mittente
742 4835 799 4887 et
827 4830 1147 4900 accipiente
1178 4832 1444 4904 dignum.
1471 4833 1583 4888 Hac
1612 4834 1758 4890 duce
1792 4838 2082 4905 praeeunte

445 4921 826 4994 ingrediendo
843 4920 1130 4976 civitatem
1151 4937 1325 4993 quam
1341 4924 1469 4994 ejus
1483 4923 1764 4979 beneflcio
1787 4922 1897 4978 sibi
1915 4940 2082 4994 aper-

444 5014 565 5068 tam
611 5010 1000 5082 traditamque
1044 5011 1324 5078 crederet,
1359 5012 1604 5082 putabat
1634 5030 1696 5068 se
1728 5017 2078 5068 testatorum

445 5099 587 5156 satis
636 5099 728 5154 cui
776 5099 922 5154 tanti
971 5115 1284 5155 successus
1333 5101 1578 5172 gratiam
1629 5100 1881 5167 deberet,
1911 5105 1965 5155 et
1997 5099 2082 5155 sic

446 5193 727 5262 quantum
763 5192 960 5262 posset
990 5188 1248 5244 officium
1283 5191 1429 5262 grati
1461 5189 1642 5245 animi
1683 5194 1935 5260 patronze
1959 5193 2080 5244 tam

441 5277 668 5335 liberali
729 5293 1135 5349 repensurum.
1169 5278 1358 5334 Jussit
1393 5283 1632 5350 praetera
1667 5293 1846 5332 unum
1881 5293 1910 5332 e
1935 5295 2079 5348 prae-

442 5366 672 5424 sulibus
729 5366 828 5438 qui
879 5367 1139 5422 aderant.
1171 5368 1481 5440 Georgium
1529 5367 1895 5439 Cyzicenum,
1931 5366 2081 5422 stola

443 5455 652 5513 induta
699 5457 1018 5514 solemnem
1078 5458 1467 5527 precationem
1524 5457 1726 5531 praeire
1765 5473 1832 5512 ac
1875 5473 2078 5513 conve-

443 5547 641 5603 niente
664 5546 932 5618 praesenti
965 5545 1182 5618 gaudio
1221 5547 1544 5619 gratiarum
1579 5547 1805 5604 actione
1836 5546 1943 5601 rite
1973 5547 2077 5603 de-

443 5634 624 5708 fungi.
643 5635 789 5690 Tum
821 5635 1408 5708 denique,postquam
1443 5638 1544 5694 diu
1575 5637 1774 5695 clausa
1800 5651 2076 5708 perman-

2194 4566 2486 4630 Italicum,
2507 4564 2832 4638 parietibus
2858 4563 2975 4620 illic
2999 4562 3219 4635 passim
3247 4560 3484 4632 fuligine
3503 4545 3772 4646 inquinatis

2193 4672 2294 4728 per
2321 4654 2590 4710 Balduini
2615 4670 2834 4726 coquos
2866 4652 3011 4708 illita
3034 4652 3182 4724 (ipso
3212 4651 3268 4706 id
3295 4649 3445 4706 haud
3467 4646 3772 4734 dignaprin:

2193 4727 2320 4817 cipe
2379 4743 2738 4817 negligentia
2795 4741 2920 4798 fleri
2979 4741 3252 4813 sinente),
3284 4756 3410 4811 quae
3443 4727 3769 4824 purgarinisi

2191 4814 2762 4906 longiori—tempore
2820 4829 3266 4886 etlaboriosiori
3316 4841 3486 4899 Opera
3530 4814 3768 4909 nequiret.

2192 4922 2475 4979 Praeterea
2503 4921 2603 4977 illa
2622 4919 2819 4993 magni
2840 4919 3036 4992 palatii
3059 4919 3186 4973 visa
3205 4922 3298 4974 est
3319 4913 3564 4971 securior
3583 4907 3766 4993 interim

2194 5012 2362 5067 sedes
2393 5013 2592 5067 futura
2619 4988 2988 5082 princip—ibus
3019 5009 3077 5062 in
3113 5007 3315 5061 urbem
3349 5001 3590 5058 nondum
3636 4988 3768 5063 plene

2193 5106 2458 5174 pacatam
2495 5116 2562 5155 ex
2593 5103 2712 5154 tam
2744 5098 3029 5152 diuturna
3056 5095 3252 5151 hostili
3287 5087 3635 5166 oppressione
3659 5082 3764 5174 tunc

2192 5195 2449 5261 primum
2483 5185 2965 5260 ingressis.Plebs
2998 5201 3167 5256 porro
3199 5183 3389 5255 quiete
3411 5175 3763 5261 gauden‘smso

2192 5257 2316 5333 tum
2379 5257 2637 5349 primum
2695 5275 2756 5330 in
2791 5274 3012 5330 urbano
3071 5273 3286 5346 palatio
3346 5257 3762 5349 Romanoimpe‘

2191 5347 2403 5435 ratore,
2440 5373 2680 5439 stupore
2716 5364 2774 5420 in
2828 5363 3110 5436 gaudium
3143 5377 3308 5417 verso
3339 5360 3478 5414 bene
3506 5353 3569 5406 de
3597 5347 3757 5439 exstet“?

2189 5430 2484 5530 sperabat,
2540 5430 2891 5529 proventura
2944 5469 3013 5508 ex
3042 5452 3174 5509 talis
3228 5430 3756 5522 principisprnsenti

2188 5548 2474 5619 regimine
2505 5545 2634 5600 laeta
2665 5543 2777 5599 sibi
2808 5545 3022 5598 cuncta
3045 5541 3355 5598 conﬁdens.
3398 5529 3526 5591 Mihi
3569 5529 3754 5619 (Eloqui

2185 5610 2464 5694 videntur
2494 5634 2609 5708 ipsi
2641 5633 2740 5706 qui
2767 5637 3116 5704 supererant
3146 5632 3200 5687 in
3233 5628 3374 5687 urbe
3406 5619 3519 5682 Itali
3549 5614 3608 5673 ad
3636 5610 3751 5666 hanc
