  <div class='ocr_page' id='page_1' title='image "/cluster/home/n/w/nwhite01/storage/ocr_20150623/143/hvd.32044073502585/306.png"; bbox 0 0 3920 6196; ppageno 0'>
   <div class='ocr_carea' id='block_1_1' title="bbox 238 307 2527 364">
    <p class='ocr_par' dir='ltr' id='par_1_1' title="bbox 238 307 2527 364">
     <span class='ocr_line' id='line_1_1' title="bbox 238 307 2527 364; baseline -0.001 -2"><span class='ocrx_word' id='word_1_1' title='bbox 238 307 328 363; x_wconf 83' lang='grc'><strong>601</strong></span> <span class='ocrx_word' id='word_1_2' title='bbox 1257 311 1354 362; x_wconf 86' lang='lat' dir='ltr'><strong>DE</strong></span> <span class='ocrx_word' id='word_1_3' title='bbox 1392 310 1763 364; x_wconf 81' lang='lat' dir='ltr'><strong>MICHAELE</strong></span> <span class='ocrx_word' id='word_1_4' title='bbox 1800 307 2246 362; x_wconf 69' lang='lat' dir='ltr'><strong>PALEOLOGO</strong></span> <span class='ocrx_word' id='word_1_5' title='bbox 2281 310 2415 361; x_wconf 83' lang='lat' dir='ltr'><strong>LIB.</strong></span> <span class='ocrx_word' id='word_1_6' title='bbox 2457 312 2527 363; x_wconf 84' lang='lat' dir='ltr'><strong>II.</strong></span> 
     </span>
    </p>
   </div>
   <div class='ocr_carea' id='block_1_2' title="bbox 3510 309 3616 364">
    <p class='ocr_par' dir='ltr' id='par_1_2' title="bbox 3510 309 3616 364">
     <span class='ocr_line' id='line_1_2' title="bbox 3510 309 3616 364; baseline -0.019 0"><span class='ocrx_word' id='word_1_7' title='bbox 3510 309 3616 364; x_wconf 83' lang='lat'><strong>602</strong></span> 
     </span>
    </p>
   </div>
   <div class='ocr_carea' id='block_1_3' title="bbox 238 427 3613 506">
    <p class='ocr_par' dir='ltr' id='par_1_3' title="bbox 238 427 3613 506">
     <span class='ocr_line' id='line_1_3' title="bbox 238 427 3613 506; baseline 0.001 -21"><span class='ocrx_word' id='word_1_8' title='bbox 238 427 515 491; x_wconf 74' lang='grc' dir='ltr'>καὶᾶλλως</span> <span class='ocrx_word' id='word_1_9' title='bbox 572 428 621 500; x_wconf 79' lang='grc' dir='ltr'>ἐξ</span> <span class='ocrx_word' id='word_1_10' title='bbox 678 429 920 506; x_wconf 77' lang='grc' dir='ltr'><strong>ὑπογύου</strong></span> <span class='ocrx_word' id='word_1_11' title='bbox 976 432 1043 485; x_wconf 72' lang='grc' dir='ltr'>τα</span> <span class='ocrx_word' id='word_1_12' title='bbox 1074 428 1222 486; x_wconf 78' lang='grc' dir='ltr'>δεινά</span> <span class='ocrx_word' id='word_1_13' title='bbox 1251 432 1542 495; x_wconf 78' lang='grc' dir='ltr'>παθόντας.</span> <span class='ocrx_word' id='word_1_14' title='bbox 1578 427 1728 498; x_wconf 68' lang='grc' dir='ltr'><strong>Πλὴν</strong></span> <span class='ocrx_word' id='word_1_15' title='bbox 1762 437 1931 499; x_wconf 84' lang='grc' dir='ltr'><strong>τε-Α</strong></span> <span class='ocrx_word' id='word_1_16' title='bbox 1963 430 2154 487; x_wconf 77' lang='grc' dir='ltr'>στάτος</span> <span class='ocrx_word' id='word_1_17' title='bbox 2215 430 2563 501; x_wconf 76' lang='grc' dir='ltr'>ἐξουσιαστήν</span> <span class='ocrx_word' id='word_1_18' title='bbox 2616 428 2757 485; x_wconf 77' lang='grc' dir='ltr'>εἷ’ποι</span> <span class='ocrx_word' id='word_1_19' title='bbox 2812 432 2871 486; x_wconf 73' lang='grc' dir='ltr'><strong>ἂν</strong></span> <span class='ocrx_word' id='word_1_20' title='bbox 2932 434 2965 500; x_wconf 84' lang='grc' dir='ltr'><strong>ἡ</strong></span> <span class='ocrx_word' id='word_1_21' title='bbox 3026 430 3310 502; x_wconf 71' lang='grc' dir='ltr'>Ἑλλήνων</span> <span class='ocrx_word' id='word_1_22' title='bbox 3368 431 3613 506; x_wconf 78' lang='grc' dir='ltr'>γλῶσσα,</span> 
     </span>
    </p>
   </div>
   <div class='ocr_carea' id='block_1_4' title="bbox 236 519 1854 597">
    <p class='ocr_par' dir='ltr' id='par_1_4' title="bbox 236 519 1854 597">
     <span class='ocr_line' id='line_1_4' title="bbox 236 519 1854 597; baseline -0.001 -22"><span class='ocrx_word' id='word_1_23' title='bbox 236 519 489 589; x_wconf 77' lang='grc' dir='ltr'>λεσθείσης</span> <span class='ocrx_word' id='word_1_24' title='bbox 542 526 636 587; x_wconf 78' lang='grc' dir='ltr'><strong>τῆς</strong></span> <span class='ocrx_word' id='word_1_25' title='bbox 693 520 903 595; x_wconf 69' lang='grc' dir='ltr'>ἡμέρας</span> <span class='ocrx_word' id='word_1_26' title='bbox 937 519 1148 592; x_wconf 74' lang='grc' dir='ltr'>ἐκείνης</span> <span class='ocrx_word' id='word_1_27' title='bbox 1180 519 1265 576; x_wconf 83' lang='grc' dir='ltr'>ἐπὶ</span> <span class='ocrx_word' id='word_1_28' title='bbox 1310 520 1527 597; x_wconf 78' lang='grc' dir='ltr'>κρότοις</span> <span class='ocrx_word' id='word_1_29' title='bbox 1569 520 1854 582; x_wconf 80' lang='grc' dir='ltr'><strong>ἐπινικίοις</strong></span> 
     </span>
    </p>
   </div>
   <div class='ocr_carea' id='block_1_5' title="bbox 229 605 1853 687">
    <p class='ocr_par' dir='ltr' id='par_1_5' title="bbox 229 605 1853 687">
     <span class='ocr_line' id='line_1_5' title="bbox 229 605 1853 687; baseline 0.001 -25"><span class='ocrx_word' id='word_1_30' title='bbox 229 610 304 662; x_wconf 83' lang='grc' dir='ltr'>καὶ</span> <span class='ocrx_word' id='word_1_31' title='bbox 335 607 488 671; x_wconf 77' lang='grc' dir='ltr'>Θείοις</span> <span class='ocrx_word' id='word_1_32' title='bbox 526 605 746 680; x_wconf 70' lang='grc' dir='ltr'>ᾅσματι,</span> <span class='ocrx_word' id='word_1_33' title='bbox 796 610 897 677; x_wconf 72' lang='grc' dir='ltr'><strong>τὴν</strong></span> <span class='ocrx_word' id='word_1_34' title='bbox 957 609 1053 682; x_wconf 73' lang='grc' dir='ltr'>μὲν</span> <span class='ocrx_word' id='word_1_35' title='bbox 1099 611 1263 665; x_wconf 73' lang='grc' dir='ltr'>νύκτα</span> <span class='ocrx_word' id='word_1_36' title='bbox 1300 614 1562 687; x_wconf 71' lang='grc' dir='ltr'>φρουραῖς</span> <span class='ocrx_word' id='word_1_37' title='bbox 1593 607 1853 686; x_wconf 72' lang='grc' dir='ltr'>ἀσφαλέσι</span> 
     </span>
    </p>
   </div>
   <div class='ocr_carea' id='block_1_6' title="bbox 230 694 903 766">
    <p class='ocr_par' dir='ltr' id='par_1_6' title="bbox 230 694 903 766">
     <span class='ocr_line' id='line_1_6' title="bbox 230 694 903 766; baseline 0.001 -15"><span class='ocrx_word' id='word_1_38' title='bbox 230 694 491 766; x_wconf 77' lang='grc' dir='ltr'>διείληπτο</span> <span class='ocrx_word' id='word_1_39' title='bbox 520 698 582 751; x_wconf 87' lang='grc' dir='ltr'><strong>τὸ</strong></span> <span class='ocrx_word' id='word_1_40' title='bbox 612 696 903 753; x_wconf 77' lang='grc' dir='ltr'>παλάτιον.</span> 
     </span>
    </p>
   </div>
   <div class='ocr_carea' id='block_1_7' title="bbox 223 855 1848 985">
    <p class='ocr_par' dir='ltr' id='par_1_7' title="bbox 223 855 1848 985">
     <span class='ocr_line' id='line_1_7' title="bbox 223 855 1848 985; baseline -0.001 -74"><span class='ocrx_word' id='word_1_41' title='bbox 352 858 534 919; x_wconf 88' lang='grc' dir='ltr'>Ὅπως</span> <span class='ocrx_word' id='word_1_42' title='bbox 564 857 975 934; x_wconf 72' lang='grc' dir='ltr'><strong>προσηνέγκατο</strong></span> <span class='ocrx_word' id='word_1_43' title='bbox 1028 857 1285 985; x_wconf 44' lang='grc' dir='ltr'>βασιλεὺς</span> <span class='ocrx_word' id='word_1_44' title='bbox 1314 864 1434 923; x_wconf 88' lang='grc' dir='ltr'>ταῖς</span> <span class='ocrx_word' id='word_1_45' title='bbox 1463 862 1572 914; x_wconf 83' lang='grc' dir='ltr'>τῶν</span> <span class='ocrx_word' id='word_1_46' title='bbox 1608 858 1848 913; x_wconf 83' lang='grc' dir='ltr'><strong>Λατίνων</strong></span> 
     </span>
     <span class='ocr_line' id='line_1_8' title="bbox 768 930 1282 985; baseline 0 0"><span class='ocrx_word' id='word_1_47' title='bbox 768 930 967 985; x_wconf 70' lang='grc' dir='ltr'>φυλαῖς</span> <span class='ocrx_word' id='word_1_48' title='bbox 1001 951 1024 985; x_wconf 89' lang='grc' dir='ltr'>ε</span> <span class='ocrx_word' id='word_1_49' title='bbox 1053 930 1282 985; x_wconf 70' lang='grc' dir='ltr'>σελθών.</span> 
     </span>
    </p>
   </div>
   <div class='ocr_carea' id='block_1_8' title="bbox 768 930 1282 1007">
    <p class='ocr_par' dir='ltr' id='par_1_8' title="bbox 768 930 1282 1007">
     <span class='ocr_line' id='line_1_9' title="bbox 768 930 1282 1007; baseline 0.006 -23"><span class='ocrx_word' id='word_1_50' title='bbox 768 930 967 1007; x_wconf 75' lang='grc' dir='ltr'>φυλαῖς</span> <span class='ocrx_word' id='word_1_51' title='bbox 1001 930 1282 995; x_wconf 72' lang='grc' dir='ltr'>εἰσελθών.</span> 
     </span>
    </p>
   </div>
   <div class='ocr_carea' id='block_1_9' title="bbox 275 1066 1853 1147">
    <p class='ocr_par' dir='ltr' id='par_1_9' title="bbox 275 1066 1853 1147">
     <span class='ocr_line' id='line_1_10' title="bbox 275 1066 1853 1147; baseline -0.001 -24"><span class='ocrx_word' id='word_1_52' title='bbox 275 1068 480 1145; x_wconf 73' lang='grc' dir='ltr'>Πρωίας</span> <span class='ocrx_word' id='word_1_53' title='bbox 522 1066 577 1125; x_wconf 77' lang='grc' dir='ltr'><strong>δὲ</strong></span> <span class='ocrx_word' id='word_1_54' title='bbox 611 1068 742 1134; x_wconf 81' lang='grc' dir='ltr'>ὅλος</span> <span class='ocrx_word' id='word_1_55' title='bbox 786 1071 852 1139; x_wconf 82' lang='grc' dir='ltr'>ἦν</span> <span class='ocrx_word' id='word_1_56' title='bbox 903 1072 1041 1144; x_wconf 76' lang='grc' dir='ltr'>πρὸς</span> <span class='ocrx_word' id='word_1_57' title='bbox 1084 1070 1329 1147; x_wconf 78' lang='grc' dir='ltr'>βουλαῖς,</span> <span class='ocrx_word' id='word_1_58' title='bbox 1363 1068 1512 1131; x_wconf 79' lang='grc' dir='ltr'>ὅπως</span> <span class='ocrx_word' id='word_1_59' title='bbox 1540 1091 1597 1124; x_wconf 90' lang='grc' dir='ltr'>τε</span> <span class='ocrx_word' id='word_1_60' title='bbox 1620 1071 1687 1123; x_wconf 71' lang='grc' dir='ltr'>τὰ</span> <span class='ocrx_word' id='word_1_61' title='bbox 1718 1068 1853 1123; x_wconf 83' lang='grc' dir='ltr'>κατᾶ</span> 
     </span>
    </p>
   </div>
   <div class='ocr_carea' id='block_1_10' title="bbox 216 1157 1847 1238">
    <p class='ocr_par' dir='ltr' id='par_1_10' title="bbox 216 1157 1847 1238">
     <span class='ocr_line' id='line_1_11' title="bbox 216 1157 1847 1238; baseline -0.001 -25"><span class='ocrx_word' id='word_1_62' title='bbox 216 1161 299 1225; x_wconf 67' lang='grc' dir='ltr'><strong>τὴν</strong></span> <span class='ocrx_word' id='word_1_63' title='bbox 328 1157 484 1213; x_wconf 83' lang='grc' dir='ltr'>πόλιν</span> <span class='ocrx_word' id='word_1_64' title='bbox 529 1163 872 1232; x_wconf 71' lang='grc' dir='ltr'>καταστήσας</span> <span class='ocrx_word' id='word_1_65' title='bbox 930 1161 1200 1237; x_wconf 80' lang='grc' dir='ltr'>ὁχυρώτει</span> <span class='ocrx_word' id='word_1_66' title='bbox 1260 1165 1521 1238; x_wconf 75' lang='grc' dir='ltr'>φρουροῖς</span> <span class='ocrx_word' id='word_1_67' title='bbox 1575 1160 1639 1213; x_wconf 89' lang='grc' dir='ltr'><strong>τὸ</strong></span> <span class='ocrx_word' id='word_1_68' title='bbox 1699 1157 1847 1226; x_wconf 72' lang='grc' dir='ltr'>ἄστυ,</span> 
     </span>
    </p>
   </div>
   <div class='ocr_carea' id='block_1_11' title="bbox 216 1246 1850 1323">
    <p class='ocr_par' dir='ltr' id='par_1_11' title="bbox 216 1246 1850 1323">
     <span class='ocr_line' id='line_1_12' title="bbox 216 1246 1850 1323; baseline 0 -23"><span class='ocrx_word' id='word_1_69' title='bbox 216 1246 291 1301; x_wconf 77' lang='grc' dir='ltr'><strong>καὶ</strong></span> <span class='ocrx_word' id='word_1_70' title='bbox 338 1246 482 1310; x_wconf 79' lang='grc' dir='ltr'>ὅπως</span> <span class='ocrx_word' id='word_1_71' title='bbox 529 1247 592 1305; x_wconf 74' lang='grc' dir='ltr'><strong>ἂν</strong></span> <span class='ocrx_word' id='word_1_72' title='bbox 629 1256 746 1313; x_wconf 82' lang='grc' dir='ltr'>τοῖς</span> <span class='ocrx_word' id='word_1_73' title='bbox 778 1248 997 1305; x_wconf 77' lang='grc' dir='ltr'>δοκοῦσι</span> <span class='ocrx_word' id='word_1_74' title='bbox 1029 1255 1135 1305; x_wconf 79' lang='grc' dir='ltr'><strong>τῶν</strong></span> <span class='ocrx_word' id='word_1_75' title='bbox 1166 1249 1456 1305; x_wconf 80' lang='grc' dir='ltr'><strong>Ἰταλικῶν</strong></span> <span class='ocrx_word' id='word_1_76' title='bbox 1486 1269 1651 1323; x_wconf 85' lang='grc' dir='ltr'>γενων</span> <span class='ocrx_word' id='word_1_77' title='bbox 1678 1246 1850 1321; x_wconf 70' lang='grc' dir='ltr'>(οὗτοι</span> 
     </span>
    </p>
   </div>
   <div class='ocr_carea' id='block_1_12' title="bbox 217 1332 1846 1413">
    <p class='ocr_par' dir='ltr' id='par_1_12' title="bbox 217 1332 1846 1413">
     <span class='ocr_line' id='line_1_13' title="bbox 217 1332 1846 1413; baseline 0 -23"><span class='ocrx_word' id='word_1_78' title='bbox 217 1332 255 1389; x_wconf 78' lang='grc' dir='ltr'><strong>δ’</strong></span> <span class='ocrx_word' id='word_1_79' title='bbox 295 1338 417 1405; x_wconf 76' lang='grc' dir='ltr'>ἦσαν</span> <span class='ocrx_word' id='word_1_80' title='bbox 468 1340 779 1394; x_wconf 82' lang='grc' dir='ltr'>Γεννουῖταί</span> <span class='ocrx_word' id='word_1_81' title='bbox 826 1361 885 1394; x_wconf 90' lang='grc' dir='ltr'>τε</span> <span class='ocrx_word' id='word_1_82' title='bbox 913 1339 1003 1394; x_wconf 74' lang='grc' dir='ltr'><strong>καὶ</strong></span> <span class='ocrx_word' id='word_1_83' title='bbox 1049 1341 1323 1397; x_wconf 77' lang='grc' dir='ltr'>Βενετικοὶ</span> <span class='ocrx_word' id='word_1_84' title='bbox 1367 1340 1456 1393; x_wconf 83' lang='grc' dir='ltr'>καὶ</span> <span class='ocrx_word' id='word_1_85' title='bbox 1486 1337 1659 1413; x_wconf 85' lang='grc' dir='ltr'>τρίτοι</span> <span class='ocrx_word' id='word_1_86' title='bbox 1710 1344 1846 1393; x_wconf 86' lang='grc' dir='ltr'>Ηισ-</span> 
     </span>
    </p>
   </div>
   <div class='ocr_carea' id='block_1_13' title="bbox 215 1428 1848 1507">
    <p class='ocr_par' dir='ltr' id='par_1_13' title="bbox 215 1428 1848 1507">
     <span class='ocr_line' id='line_1_14' title="bbox 215 1428 1848 1507; baseline 0 -28"><span class='ocrx_word' id='word_1_87' title='bbox 215 1429 362 1499; x_wconf 84' lang='grc' dir='ltr'>σαῖοι)</span> <span class='ocrx_word' id='word_1_88' title='bbox 406 1432 589 1502; x_wconf 76' lang='grc' dir='ltr'>σοφῶς</span> <span class='ocrx_word' id='word_1_89' title='bbox 639 1429 1146 1505; x_wconf 82' lang='grc' dir='ltr'><strong>προσενεγκάμενος</strong></span> <span class='ocrx_word' id='word_1_90' title='bbox 1193 1428 1284 1484; x_wconf 82' lang='grc' dir='ltr'>καὶ</span> <span class='ocrx_word' id='word_1_91' title='bbox 1346 1430 1431 1507; x_wconf 66' lang='grc' dir='ltr'>ὑφ’</span> <span class='ocrx_word' id='word_1_92' title='bbox 1486 1428 1633 1499; x_wconf 78' lang='grc' dir='ltr'>αὐτῷ</span> <span class='ocrx_word' id='word_1_93' title='bbox 1685 1428 1848 1495; x_wconf 75' lang='grc' dir='ltr'>ποιή-</span> 
     </span>
    </p>
   </div>
   <div class='ocr_carea' id='block_1_14' title="bbox 212 1514 1847 1591">
    <p class='ocr_par' dir='ltr' id='par_1_14' title="bbox 212 1514 1847 1591">
     <span class='ocr_line' id='line_1_15' title="bbox 212 1514 1847 1591; baseline 0.001 -23"><span class='ocrx_word' id='word_1_94' title='bbox 212 1535 302 1568; x_wconf 87' lang='grc' dir='ltr'>σοι·</span> <span class='ocrx_word' id='word_1_95' title='bbox 362 1514 500 1571; x_wconf 70' lang='grc' dir='ltr'>οὕτω</span> <span class='ocrx_word' id='word_1_96' title='bbox 557 1518 659 1591; x_wconf 78' lang='grc' dir='ltr'><strong>γὰρ</strong></span> <span class='ocrx_word' id='word_1_97' title='bbox 720 1518 782 1572; x_wconf 73' lang='grc' dir='ltr'>ἂν</span> <span class='ocrx_word' id='word_1_98' title='bbox 841 1518 1017 1573; x_wconf 82' lang='grc' dir='ltr'>αὐτῶν</span> <span class='ocrx_word' id='word_1_99' title='bbox 1081 1518 1553 1588; x_wconf 77' lang='grc' dir='ltr'>ὓποποιηθέντων,</span> <span class='ocrx_word' id='word_1_100' title='bbox 1617 1514 1746 1570; x_wconf 80' lang='grc' dir='ltr'>θ’ίων</span> <span class='ocrx_word' id='word_1_101' title='bbox 1800 1518 1847 1569; x_wconf 88' lang='grc' dir='ltr'>τ’</span> 
     </span>
    </p>
   </div>
   <div class='ocr_carea' id='block_1_15' title="bbox 213 1600 1844 1684">
    <p class='ocr_par' dir='ltr' id='par_1_15' title="bbox 213 1600 1844 1684">
     <span class='ocr_line' id='line_1_16' title="bbox 213 1600 1844 1684; baseline 0.001 -28"><span class='ocrx_word' id='word_1_102' title='bbox 213 1600 357 1657; x_wconf 82' lang='grc' dir='ltr'>ὄντων</span> <span class='ocrx_word' id='word_1_103' title='bbox 413 1606 481 1661; x_wconf 73' lang='grc' dir='ltr'>τὰ</span> <span class='ocrx_word' id='word_1_104' title='bbox 536 1608 768 1683; x_wconf 67' lang='grc' dir='ltr'>μέγιστα</span> <span class='ocrx_word' id='word_1_105' title='bbox 815 1613 1130 1684; x_wconf 77' lang='grc' dir='ltr'>συγκροτεῖν</span> <span class='ocrx_word' id='word_1_106' title='bbox 1187 1608 1241 1670; x_wconf 80' lang='grc' dir='ltr'>ἐς</span> <span class='ocrx_word' id='word_1_107' title='bbox 1297 1606 1327 1661; x_wconf 79' lang='grc' dir='ltr'>ὅ</span> <span class='ocrx_word' id='word_1_108' title='bbox 1380 1628 1431 1661; x_wconf 90' lang='grc' dir='ltr'>τι</span> <span class='ocrx_word' id='word_1_109' title='bbox 1489 1605 1579 1661; x_wconf 84' lang='grc' dir='ltr'><strong>καὶ</strong></span> <span class='ocrx_word' id='word_1_110' title='bbox 1613 1605 1844 1679; x_wconf 72' lang='grc' dir='ltr'>ρὲψοιεν,</span> 
     </span>
    </p>
   </div>
   <div class='ocr_carea' id='block_1_16' title="bbox 209 1691 1846 1773">
    <p class='ocr_par' dir='ltr' id='par_1_16' title="bbox 209 1691 1846 1773">
     <span class='ocr_line' id='line_1_17' title="bbox 209 1691 1846 1773; baseline 0 -28"><span class='ocrx_word' id='word_1_111' title='bbox 209 1691 318 1755; x_wconf 72' lang='grc' dir='ltr'>τους</span> <span class='ocrx_word' id='word_1_112' title='bbox 365 1692 570 1757; x_wconf 81' lang='grc' dir='ltr'>ἄλλους</span> <span class='ocrx_word' id='word_1_113' title='bbox 632 1696 723 1751; x_wconf 82' lang='grc' dir='ltr'><strong>καὶ</strong></span> <span class='ocrx_word' id='word_1_114' title='bbox 787 1699 863 1770; x_wconf 79' lang='grc' dir='ltr'>μή</span> <span class='ocrx_word' id='word_1_115' title='bbox 920 1696 1175 1759; x_wconf 71' lang='grc' dir='ltr'>θέλοντας</span> <span class='ocrx_word' id='word_1_116' title='bbox 1235 1698 1481 1773; x_wconf 77' lang='grc' dir='ltr'><strong>ἠρεμεῖν.</strong></span> <span class='ocrx_word' id='word_1_117' title='bbox 1543 1696 1697 1751; x_wconf 76' lang='grc' dir='ltr'><strong>⁴Ὀϐεν</strong></span> <span class='ocrx_word' id='word_1_118' title='bbox 1756 1692 1846 1747; x_wconf 82' lang='grc' dir='ltr'><strong>καὶ</strong></span> 
     </span>
    </p>
   </div>
   <div class='ocr_carea' id='block_1_17' title="bbox 1961 512 3618 595">
    <p class='ocr_par' dir='ltr' id='par_1_17' title="bbox 1961 512 3618 595">
     <span class='ocr_line' id='line_1_18' title="bbox 1961 512 3618 595; baseline 0.002 -23"><span class='ocrx_word' id='word_1_119' title='bbox 1961 518 2153 591; x_wconf 85' lang='grc' dir='ltr'>νόμοις</span> <span class='ocrx_word' id='word_1_120' title='bbox 2188 517 2351 583; x_wconf 78' lang='grc' dir='ltr'>ἰδίοις</span> <span class='ocrx_word' id='word_1_121' title='bbox 2409 519 2781 595; x_wconf 68' lang='grc' dir='ltr'>προσέχοντας</span> <span class='ocrx_word' id='word_1_122' title='bbox 2833 520 3233 587; x_wconf 65' lang='grc' dir='ltr'>πολιτεύεσθαι,</span> <span class='ocrx_word' id='word_1_123' title='bbox 3294 522 3536 576; x_wconf 73' lang='grc' dir='ltr'>ἀτέλειαν</span> <span class='ocrx_word' id='word_1_124' title='bbox 3570 512 3618 576; x_wconf 69' lang='grc' dir='ltr'><strong>δ’</strong></span> 
     </span>
    </p>
   </div>
   <div class='ocr_carea' id='block_1_18' title="bbox 1959 602 3613 686">
    <p class='ocr_par' dir='ltr' id='par_1_18' title="bbox 1959 602 3613 686">
     <span class='ocr_line' id='line_1_19' title="bbox 1959 602 3613 686; baseline 0.003 -26"><span class='ocrx_word' id='word_1_125' title='bbox 1959 602 2107 681; x_wconf 77' lang='grc' dir='ltr'>ἔχειν</span> <span class='ocrx_word' id='word_1_126' title='bbox 2140 607 2228 661; x_wconf 83' lang='grc' dir='ltr'>καὶ</span> <span class='ocrx_word' id='word_1_127' title='bbox 2262 606 2569 681; x_wconf 76' lang='grc' dir='ltr'>ἐλευθερίαν</span> <span class='ocrx_word' id='word_1_128' title='bbox 2604 609 2682 686; x_wconf 66' lang='grc' dir='ltr'><strong>ἐφ’</strong></span> <span class='ocrx_word' id='word_1_129' title='bbox 2733 609 2895 663; x_wconf 76' lang='grc' dir='ltr'>ἅπασι</span> <span class='ocrx_word' id='word_1_130' title='bbox 2945 609 3097 664; x_wconf 83' lang='grc' dir='ltr'>ναυσὶ</span> <span class='ocrx_word' id='word_1_131' title='bbox 3147 612 3469 684; x_wconf 69' lang='grc' dir='ltr'>χρωμένους</span> <span class='ocrx_word' id='word_1_132' title='bbox 3524 612 3613 665; x_wconf 84' lang='grc' dir='ltr'>καὶ</span> 
     </span>
    </p>
   </div>
   <div class='ocr_carea' id='block_1_19' title="bbox 1965 696 3610 773">
    <p class='ocr_par' dir='ltr' id='par_1_19' title="bbox 1965 696 3610 773">
     <span class='ocr_line' id='line_1_20' title="bbox 1965 696 3610 773; baseline 0 -23"><span class='ocrx_word' id='word_1_133' title='bbox 1965 696 2441 771; x_wconf 79' lang='grc' dir='ltr'>μεταχειρίζοντας</span> <span class='ocrx_word' id='word_1_134' title='bbox 2500 700 2616 752; x_wconf 87' lang='grc' dir='ltr'>κατ’</span> <span class='ocrx_word' id='word_1_135' title='bbox 2670 696 2954 773; x_wconf 78' lang='grc' dir='ltr'>ἐμπειρίαν</span> <span class='ocrx_word' id='word_1_136' title='bbox 3011 700 3076 752; x_wconf 76' lang='grc' dir='ltr'><strong>τὰ</strong></span> <span class='ocrx_word' id='word_1_137' title='bbox 3132 699 3450 773; x_wconf 81' lang='grc' dir='ltr'>πράγματα.</span> <span class='ocrx_word' id='word_1_138' title='bbox 3512 699 3610 751; x_wconf 79' lang='grc' dir='ltr'><strong>Καὶ</strong></span> 
     </span>
    </p>
   </div>
   <div class='ocr_carea' id='block_1_20' title="bbox 1956 785 3612 865">
    <p class='ocr_par' dir='ltr' id='par_1_20' title="bbox 1956 785 3612 865">
     <span class='ocr_line' id='line_1_21' title="bbox 1956 785 3612 865; baseline 0.002 -28"><span class='ocrx_word' id='word_1_139' title='bbox 1956 788 2123 838; x_wconf 78' lang='grc' dir='ltr'>ταῦτα</span> <span class='ocrx_word' id='word_1_140' title='bbox 2188 786 2284 857; x_wconf 74' lang='grc' dir='ltr'><strong>μὲν</strong></span> <span class='ocrx_word' id='word_1_141' title='bbox 2347 785 2683 849; x_wconf 75' lang='grc' dir='ltr'>Γεννουίταις</span> <span class='ocrx_word' id='word_1_142' title='bbox 2739 787 2805 841; x_wconf 73' lang='grc' dir='ltr'>τὰ</span> <span class='ocrx_word' id='word_1_143' title='bbox 2852 786 3259 865; x_wconf 65' lang='grc' dir='ltr'>ἐπαγγέλματα,</span> <span class='ocrx_word' id='word_1_144' title='bbox 3311 793 3612 848; x_wconf 78' lang='grc' dir='ltr'>Βενετικοῖς</span> 
     </span>
    </p>
   </div>
   <div class='ocr_carea' id='block_1_21' title="bbox 1958 871 3608 953">
    <p class='ocr_par' dir='ltr' id='par_1_21' title="bbox 1958 871 3608 953">
     <span class='ocr_line' id='line_1_22' title="bbox 1958 871 3608 953; baseline 0.001 -26"><span class='ocrx_word' id='word_1_145' title='bbox 1958 871 2015 928; x_wconf 72' lang='grc' dir='ltr'><strong>δὲ</strong></span> <span class='ocrx_word' id='word_1_146' title='bbox 2070 875 2157 928; x_wconf 85' lang='grc' dir='ltr'>καὶ</span> <span class='ocrx_word' id='word_1_147' title='bbox 2221 876 2503 938; x_wconf 81' lang='grc' dir='ltr'>Πισσαίοις</span> <span class='ocrx_word' id='word_1_148' title='bbox 2560 878 2627 930; x_wconf 70' lang='grc' dir='ltr'>τὰ</span> <span class='ocrx_word' id='word_1_149' title='bbox 2684 876 2851 949; x_wconf 72' lang='grc' dir='ltr'>ὅμοια</span> <span class='ocrx_word' id='word_1_150' title='bbox 2897 876 3441 953; x_wconf 74' lang='grc' dir='ltr'>προσεφιλοτιμεῖτο,</span> <span class='ocrx_word' id='word_1_151' title='bbox 3488 882 3608 937; x_wconf 88' lang='grc' dir='ltr'>τοῖς</span> 
     </span>
    </p>
   </div>
   <div class='ocr_carea' id='block_1_22' title="bbox 1962 964 3607 1041">
    <p class='ocr_par' dir='ltr' id='par_1_22' title="bbox 1962 964 3607 1041">
     <span class='ocr_line' id='line_1_23' title="bbox 1962 964 3607 1041; baseline 0.001 -24"><span class='ocrx_word' id='word_1_152' title='bbox 1962 964 2054 1037; x_wconf 75' lang='grc' dir='ltr'><strong>μὶν</strong></span> <span class='ocrx_word' id='word_1_153' title='bbox 2091 964 2191 1018; x_wconf 81' lang='grc' dir='ltr'><strong>ὑπὸ</strong></span> <span class='ocrx_word' id='word_1_154' title='bbox 2223 965 2502 1038; x_wconf 79' lang='grc' dir='ltr'>παϊούλῳ,</span> <span class='ocrx_word' id='word_1_155' title='bbox 2536 966 2592 1019; x_wconf 79' lang='grc' dir='ltr'>ὅν</span> <span class='ocrx_word' id='word_1_156' title='bbox 2623 964 2832 1022; x_wconf 78' lang='grc' dir='ltr'>’Ἑλλαν</span> <span class='ocrx_word' id='word_1_157' title='bbox 2868 966 2925 1020; x_wconf 54' lang='grc' dir='ltr'><strong>ἃ)</strong></span> <span class='ocrx_word' id='word_1_158' title='bbox 2970 965 3113 1021; x_wconf 79' lang='grc' dir='ltr'>εἶ’ποι</span> <span class='ocrx_word' id='word_1_159' title='bbox 3146 966 3459 1041; x_wconf 82' lang='grc' dir='ltr'>ἐπίτροπον,</span> <span class='ocrx_word' id='word_1_160' title='bbox 3490 970 3607 1026; x_wconf 84' lang='grc' dir='ltr'>τοῖς</span> 
     </span>
    </p>
   </div>
   <div class='ocr_carea' id='block_1_23' title="bbox 1956 1051 3607 1130">
    <p class='ocr_par' dir='ltr' id='par_1_23' title="bbox 1956 1051 3607 1130">
     <span class='ocr_line' id='line_1_24' title="bbox 1956 1051 3607 1130; baseline 0.001 -24"><span class='ocrx_word' id='word_1_161' title='bbox 1956 1051 2014 1107; x_wconf 74' lang='grc' dir='ltr'><strong>δὲ.</strong></span> <span class='ocrx_word' id='word_1_162' title='bbox 2073 1054 2351 1116; x_wconf 84' lang='grc' dir='ltr'>Πισσαίοις</span> <span class='ocrx_word' id='word_1_163' title='bbox 2410 1053 2719 1127; x_wconf 70' lang='grc' dir='ltr'>κονσοόλῳ,</span> <span class='ocrx_word' id='word_1_164' title='bbox 2781 1054 2960 1130; x_wconf 76' lang='grc' dir='ltr'><strong>ἐφὸρῳ</strong></span> <span class='ocrx_word' id='word_1_165' title='bbox 3018 1057 3211 1128; x_wconf 85' lang='grc' dir='ltr'>νόμοις</span> <span class='ocrx_word' id='word_1_166' title='bbox 3257 1061 3374 1117; x_wconf 83' lang='grc' dir='ltr'>τοῖς</span> <span class='ocrx_word' id='word_1_167' title='bbox 3425 1056 3607 1109; x_wconf 80' lang='grc' dir='ltr'>αὐτῶν</span> 
     </span>
    </p>
   </div>
   <div class='ocr_carea' id='block_1_24' title="bbox 1954 1144 3609 1219">
    <p class='ocr_par' dir='ltr' id='par_1_24' title="bbox 1954 1144 3609 1219">
     <span class='ocr_line' id='line_1_25' title="bbox 1954 1144 3609 1219; baseline 0.001 -21"><span class='ocrx_word' id='word_1_168' title='bbox 1954 1144 2292 1219; x_wconf 70' lang='grc' dir='ltr'><strong>χρωμένοις,</strong></span> <span class='ocrx_word' id='word_1_169' title='bbox 2344 1146 2598 1218; x_wconf 81' lang='grc' dir='ltr'>πράττειν</span> <span class='ocrx_word' id='word_1_170' title='bbox 2631 1166 2688 1198; x_wconf 90' lang='grc' dir='ltr'>τε</span> <span class='ocrx_word' id='word_1_171' title='bbox 2738 1145 2803 1198; x_wconf 71' lang='grc' dir='ltr'>τὰ</span> <span class='ocrx_word' id='word_1_172' title='bbox 2855 1145 3029 1199; x_wconf 70' lang='grc' dir='ltr'>αὐτῶν</span> <span class='ocrx_word' id='word_1_173' title='bbox 3086 1144 3408 1214; x_wconf 78' lang='grc' dir='ltr'>ἀκωλυτως,</span> <span class='ocrx_word' id='word_1_174' title='bbox 3455 1144 3609 1199; x_wconf 78' lang='grc' dir='ltr'>ἐλευ-</span> 
     </span>
    </p>
   </div>
   <div class='ocr_carea' id='block_1_25' title="bbox 1955 1230 3608 1309">
    <p class='ocr_par' dir='ltr' id='par_1_25' title="bbox 1955 1230 3608 1309">
     <span class='ocr_line' id='line_1_26' title="bbox 1955 1230 3608 1309; baseline 0 -22"><span class='ocrx_word' id='word_1_175' title='bbox 1955 1234 2125 1309; x_wconf 72' lang='grc' dir='ltr'>Οὲρως</span> <span class='ocrx_word' id='word_1_176' title='bbox 2173 1230 2539 1297; x_wconf 70' lang='grc' dir='ltr'>διαϐιοῦντας.</span> <span class='ocrx_word' id='word_1_177' title='bbox 2602 1234 2753 1303; x_wconf 78' lang='grc' dir='ltr'>Πλὴν</span> <span class='ocrx_word' id='word_1_178' title='bbox 2812 1241 2927 1296; x_wconf 88' lang='grc' dir='ltr'>τοῖς</span> <span class='ocrx_word' id='word_1_179' title='bbox 2981 1236 3074 1307; x_wconf 71' lang='grc' dir='ltr'>μὲν</span> <span class='ocrx_word' id='word_1_180' title='bbox 3129 1233 3462 1296; x_wconf 76' lang='grc' dir='ltr'>Γεννουίταις</span> <span class='ocrx_word' id='word_1_181' title='bbox 3509 1235 3608 1289; x_wconf 81' lang='grc' dir='ltr'>οὐκ</span> 
     </span>
    </p>
   </div>
   <div class='ocr_carea' id='block_1_26' title="bbox 1955 1323 3607 1400">
    <p class='ocr_par' dir='ltr' id='par_1_26' title="bbox 1955 1323 3607 1400">
     <span class='ocr_line' id='line_1_27' title="bbox 1955 1323 3607 1400; baseline 0.001 -23"><span class='ocrx_word' id='word_1_182' title='bbox 1955 1325 2071 1398; x_wconf 77' lang='grc' dir='ltr'>εἶχε</span> <span class='ocrx_word' id='word_1_183' title='bbox 2121 1326 2392 1381; x_wconf 77' lang='grc' dir='ltr'>πιστεύειν</span> <span class='ocrx_word' id='word_1_184' title='bbox 2452 1326 2601 1389; x_wconf 82' lang='grc' dir='ltr'>ἐντὸς</span> <span class='ocrx_word' id='word_1_185' title='bbox 2651 1324 3187 1400; x_wconf 73' lang='grc' dir='ltr'>περικεκλεισμὲνοις</span> <span class='ocrx_word' id='word_1_186' title='bbox 3243 1330 3338 1379; x_wconf 78' lang='grc' dir='ltr'><strong>τοῦ</strong></span> <span class='ocrx_word' id='word_1_187' title='bbox 3399 1323 3607 1386; x_wconf 76' lang='grc' dir='ltr'><strong>ἄστεος.</strong></span> 
     </span>
    </p>
   </div>
   <div class='ocr_carea' id='block_1_27' title="bbox 1952 1414 3603 1491">
    <p class='ocr_par' dir='ltr' id='par_1_27' title="bbox 1952 1414 3603 1491">
     <span class='ocr_line' id='line_1_28' title="bbox 1952 1414 3603 1491; baseline -0.001 -23"><span class='ocrx_word' id='word_1_188' title='bbox 1952 1414 2188 1478; x_wconf 76' lang='grc' dir='ltr'>πολλοῖς</span> <span class='ocrx_word' id='word_1_189' title='bbox 2246 1437 2306 1491; x_wconf 86' lang='grc' dir='ltr'><strong>γε</strong></span> <span class='ocrx_word' id='word_1_190' title='bbox 2364 1417 2478 1470; x_wconf 75' lang='grc' dir='ltr'>οὖσι</span> <span class='ocrx_word' id='word_1_191' title='bbox 2537 1417 2625 1470; x_wconf 85' lang='grc' dir='ltr'>καὶ</span> <span class='ocrx_word' id='word_1_192' title='bbox 2688 1416 2748 1470; x_wconf 73' lang='grc' dir='ltr'><strong>οἶ)</strong></span> <span class='ocrx_word' id='word_1_193' title='bbox 2807 1417 2924 1470; x_wconf 85' lang='grc' dir='ltr'>κατ’</span> <span class='ocrx_word' id='word_1_194' title='bbox 2984 1414 3221 1478; x_wconf 74' lang='grc' dir='ltr'>ἐκείνους</span> <span class='ocrx_word' id='word_1_195' title='bbox 3267 1414 3603 1490; x_wconf 64' lang='grc' dir='ltr'>ἐμφοτέρους</span> 
     </span>
    </p>
   </div>
   <div class='ocr_carea' id='block_1_28' title="bbox 1951 1504 3610 1580">
    <p class='ocr_par' dir='ltr' id='par_1_28' title="bbox 1951 1504 3610 1580">
     <span class='ocr_line' id='line_1_29' title="bbox 1951 1504 3610 1580; baseline -0.001 -22"><span class='ocrx_word' id='word_1_196' title='bbox 1951 1505 2206 1578; x_wconf 73' lang='grc' dir='ltr'>σόναμαι,</span> <span class='ocrx_word' id='word_1_197' title='bbox 2241 1506 2481 1568; x_wconf 80' lang='grc' dir='ltr'>ἐκείνους</span> <span class='ocrx_word' id='word_1_198' title='bbox 2516 1505 2563 1561; x_wconf 85' lang='grc' dir='ltr'>δ’</span> <span class='ocrx_word' id='word_1_199' title='bbox 2612 1506 3040 1580; x_wconf 67' lang='grc' dir='ltr'>ἠλαττωμένους</span> <span class='ocrx_word' id='word_1_200' title='bbox 3087 1511 3166 1579; x_wconf 79' lang='grc' dir='ltr'><strong>τῖρ</strong></span> <span class='ocrx_word' id='word_1_201' title='bbox 3224 1504 3426 1575; x_wconf 78' lang='grc' dir='ltr'>πλήθει</span> <span class='ocrx_word' id='word_1_202' title='bbox 3461 1504 3610 1565; x_wconf 78' lang='grc' dir='ltr'>ἐντὸς</span> 
     </span>
    </p>
   </div>
   <div class='ocr_carea' id='block_1_29' title="bbox 1950 1592 3611 1672">
    <p class='ocr_par' dir='ltr' id='par_1_29' title="bbox 1950 1592 3611 1672">
     <span class='ocr_line' id='line_1_30' title="bbox 1950 1592 3611 1672; baseline -0.002 -22"><span class='ocrx_word' id='word_1_203' title='bbox 1950 1596 2197 1670; x_wconf 69' lang='grc' dir='ltr'>κατέχων</span> <span class='ocrx_word' id='word_1_204' title='bbox 2250 1596 2348 1650; x_wconf 64' lang='grc' dir='ltr'><strong>οὐκ.</strong></span> <span class='ocrx_word' id='word_1_205' title='bbox 2395 1595 2577 1672; x_wconf 68' lang='grc' dir='ltr'>ἤλγει.</span> <span class='ocrx_word' id='word_1_206' title='bbox 2634 1599 2709 1654; x_wconf 87' lang='grc' dir='ltr'>Τὸ</span> <span class='ocrx_word' id='word_1_207' title='bbox 2742 1595 2785 1651; x_wconf 83' lang='grc' dir='ltr'>δ’</span> <span class='ocrx_word' id='word_1_208' title='bbox 2835 1598 2925 1651; x_wconf 82' lang='grc' dir='ltr'>οὗν</span> <span class='ocrx_word' id='word_1_209' title='bbox 2960 1595 3186 1669; x_wconf 83' lang='grc' dir='ltr'>διαιρεῖν</span> <span class='ocrx_word' id='word_1_210' title='bbox 3217 1598 3284 1650; x_wconf 76' lang='grc' dir='ltr'>τὰ</span> <span class='ocrx_word' id='word_1_211' title='bbox 3311 1597 3469 1670; x_wconf 71' lang='grc' dir='ltr'>γένη,</span> <span class='ocrx_word' id='word_1_212' title='bbox 3516 1592 3611 1648; x_wconf 79' lang='grc' dir='ltr'>καί</span> 
     </span>
    </p>
   </div>
   <div class='ocr_carea' id='block_1_30' title="bbox 1948 1684 3606 1762">
    <p class='ocr_par' dir='ltr' id='par_1_30' title="bbox 1948 1684 3606 1762">
     <span class='ocr_line' id='line_1_31' title="bbox 1948 1684 3606 1762; baseline -0.001 -22"><span class='ocrx_word' id='word_1_213' title='bbox 1948 1692 2067 1745; x_wconf 86' lang='grc' dir='ltr'>τοῖς</span> <span class='ocrx_word' id='word_1_214' title='bbox 2115 1687 2209 1759; x_wconf 74' lang='grc' dir='ltr'>μὲν</span> <span class='ocrx_word' id='word_1_215' title='bbox 2253 1691 2486 1761; x_wconf 78' lang='grc' dir='ltr'>παροῦσι</span> <span class='ocrx_word' id='word_1_216' title='bbox 2518 1686 2753 1761; x_wconf 70' lang='grc' dir='ltr'>φιλικῶς</span> <span class='ocrx_word' id='word_1_217' title='bbox 2785 1686 2953 1762; x_wconf 81' lang='grc' dir='ltr'>ἔχειν,</span> <span class='ocrx_word' id='word_1_218' title='bbox 2994 1693 3110 1749; x_wconf 87' lang='grc' dir='ltr'>τοῖς</span> <span class='ocrx_word' id='word_1_219' title='bbox 3166 1684 3221 1739; x_wconf 74' lang='grc' dir='ltr'><em>δὲ</em></span> <span class='ocrx_word' id='word_1_220' title='bbox 3270 1686 3358 1739; x_wconf 75' lang='grc' dir='ltr'>καὶ</span> <span class='ocrx_word' id='word_1_221' title='bbox 3410 1686 3606 1739; x_wconf 79' lang='grc' dir='ltr'>ἀποῦσι</span> 
     </span>
    </p>
   </div>
   <div class='ocr_carea' id='block_1_31' title="bbox 207 1773 3605 1867">
    <p class='ocr_par' dir='ltr' id='par_1_31' title="bbox 207 1773 3605 1867">
     <span class='ocr_line' id='line_1_32' title="bbox 207 1773 3605 1867; baseline 0.001 -34"><span class='ocrx_word' id='word_1_222' title='bbox 207 1781 672 1856; x_wconf 68' lang='grc' dir='ltr'>προσκαλούμενος</span> <span class='ocrx_word' id='word_1_223' title='bbox 705 1786 919 1861; x_wconf 68' lang='grc' dir='ltr'>ἡμέρας</span> <span class='ocrx_word' id='word_1_224' title='bbox 977 1782 1114 1857; x_wconf 76' lang='grc' dir='ltr'>ὅλης</span> <span class='ocrx_word' id='word_1_225' title='bbox 1147 1782 1488 1861; x_wconf 75' lang='grc' dir='ltr'>ἐχρημᾶτιζε</span> <span class='ocrx_word' id='word_1_226' title='bbox 1528 1783 1593 1837; x_wconf 72' lang='grc' dir='ltr'>τὰ</span> <span class='ocrx_word' id='word_1_227' title='bbox 1640 1782 1842 1850; x_wconf 75' lang='grc' dir='ltr'>εἰκότα,</span> <span class='ocrx_word' id='word_1_228' title='bbox 1876 1803 1921 1867; x_wconf 83' lang='grc' dir='ltr'>Β</span> <span class='ocrx_word' id='word_1_229' title='bbox 1950 1776 2231 1853; x_wconf 64' lang='grc' dir='ltr'>πόῤῥωθεν</span> <span class='ocrx_word' id='word_1_230' title='bbox 2296 1776 2495 1852; x_wconf 73' lang='grc' dir='ltr'>δώροις</span> <span class='ocrx_word' id='word_1_231' title='bbox 2566 1776 2854 1852; x_wconf 76' lang='grc' dir='ltr'>ὑποχαλᾷν</span> <span class='ocrx_word' id='word_1_232' title='bbox 2905 1778 2996 1838; x_wconf 66' lang='grc' dir='ltr'><strong>τὰς</strong></span> <span class='ocrx_word' id='word_1_233' title='bbox 3049 1777 3247 1852; x_wconf 70' lang='grc' dir='ltr'>ὁρμὰς,</span> <span class='ocrx_word' id='word_1_234' title='bbox 3300 1773 3605 1836; x_wconf 62' lang='grc' dir='ltr'>δεικνύντος</span> 
     </span>
    </p>
   </div>
   <div class='ocr_carea' id='block_1_32' title="bbox 210 1870 1842 1947">
    <p class='ocr_par' dir='ltr' id='par_1_32' title="bbox 210 1870 1842 1947">
     <span class='ocr_line' id='line_1_33' title="bbox 210 1870 1842 1947; baseline 0.006 -25"><span class='ocrx_word' id='word_1_235' title='bbox 210 1870 282 1923; x_wconf 82' lang='grc' dir='ltr'>καί</span> <span class='ocrx_word' id='word_1_236' title='bbox 310 1875 424 1933; x_wconf 80' lang='grc' dir='ltr'>ταῖς</span> <span class='ocrx_word' id='word_1_237' title='bbox 448 1877 557 1926; x_wconf 81' lang='grc' dir='ltr'><strong>τῶν</strong></span> <span class='ocrx_word' id='word_1_238' title='bbox 588 1871 833 1929; x_wconf 80' lang='grc' dir='ltr'>ἐλπίδων</span> <span class='ocrx_word' id='word_1_239' title='bbox 868 1875 1147 1947; x_wconf 81' lang='grc' dir='ltr'>ἀμείνοσιν</span> <span class='ocrx_word' id='word_1_240' title='bbox 1206 1876 1416 1929; x_wconf 72' lang='grc' dir='ltr'>ὑπεσπα</span> <span class='ocrx_word' id='word_1_241' title='bbox 1445 1894 1502 1927; x_wconf 88' lang='grc' dir='ltr'>τε</span> <span class='ocrx_word' id='word_1_242' title='bbox 1549 1878 1649 1940; x_wconf 83' lang='grc' dir='ltr'><strong>τῆς</strong></span> <span class='ocrx_word' id='word_1_243' title='bbox 1708 1872 1842 1947; x_wconf 79' lang='grc' dir='ltr'>πρὸς</span> 
     </span>
    </p>
   </div>
   <div class='ocr_carea' id='block_1_33' title="bbox 208 1958 1845 2036">
    <p class='ocr_par' dir='ltr' id='par_1_33' title="bbox 208 1958 1845 2036">
     <span class='ocr_line' id='line_1_34' title="bbox 208 1958 1845 2036; baseline -0.004 -17"><span class='ocrx_word' id='word_1_244' title='bbox 208 1958 319 2019; x_wconf 60' lang='grc' dir='ltr'>τοὺς</span> <span class='ocrx_word' id='word_1_245' title='bbox 347 1960 635 2035; x_wconf 80' lang='grc' dir='ltr'>ὁμογενεῖς</span> <span class='ocrx_word' id='word_1_246' title='bbox 665 1961 1008 2033; x_wconf 74' lang='grc' dir='ltr'>οἰκειότητος</span> <span class='ocrx_word' id='word_1_247' title='bbox 1036 1964 1126 2017; x_wconf 83' lang='grc' dir='ltr'><strong>καὶ</strong></span> <span class='ocrx_word' id='word_1_248' title='bbox 1155 1964 1271 2017; x_wconf 87' lang='grc' dir='ltr'>κατ’</span> <span class='ocrx_word' id='word_1_249' title='bbox 1308 1960 1499 2036; x_wconf 80' lang='grc' dir='ltr'>ὀλίγον</span> <span class='ocrx_word' id='word_1_250' title='bbox 1550 1981 1845 2034; x_wconf 87' lang='grc' dir='ltr'>προσεποι-</span> 
     </span>
    </p>
   </div>
   <div class='ocr_carea' id='block_1_34' title="bbox 206 2048 1843 2129">
    <p class='ocr_par' dir='ltr' id='par_1_34' title="bbox 206 2048 1843 2129">
     <span class='ocr_line' id='line_1_35' title="bbox 206 2048 1843 2129; baseline 0.003 -30"><span class='ocrx_word' id='word_1_251' title='bbox 206 2050 321 2119; x_wconf 82' lang='grc' dir='ltr'>εῖτο,</span> <span class='ocrx_word' id='word_1_252' title='bbox 351 2048 436 2102; x_wconf 86' lang='grc' dir='ltr'>καί</span> <span class='ocrx_word' id='word_1_253' title='bbox 460 2072 522 2124; x_wconf 88' lang='grc' dir='ltr'><strong>γε</strong></span> <span class='ocrx_word' id='word_1_254' title='bbox 559 2050 653 2114; x_wconf 75' lang='grc' dir='ltr'>τὰς</span> <span class='ocrx_word' id='word_1_255' title='bbox 684 2052 860 2126; x_wconf 72' lang='grc' dir='ltr'>ὁρμὰς</span> <span class='ocrx_word' id='word_1_256' title='bbox 887 2050 1035 2129; x_wconf 71' lang='grc' dir='ltr'>σφίσι</span> <span class='ocrx_word' id='word_1_257' title='bbox 1067 2056 1249 2129; x_wconf 80' lang='grc' dir='ltr'>σοφῶς</span> <span class='ocrx_word' id='word_1_258' title='bbox 1270 2057 1387 2112; x_wconf 90' lang='grc' dir='ltr'>ταῖς</span> <span class='ocrx_word' id='word_1_259' title='bbox 1411 2052 1629 2125; x_wconf 78' lang='grc' dir='ltr'>χάρισιν</span> <span class='ocrx_word' id='word_1_260' title='bbox 1657 2049 1843 2104; x_wconf 79' lang='grc' dir='ltr'>ὑπετὲ-</span> 
     </span>
    </p>
   </div>
   <div class='ocr_carea' id='block_1_35' title="bbox 208 2137 1839 2212">
    <p class='ocr_par' dir='ltr' id='par_1_35' title="bbox 208 2137 1839 2212">
     <span class='ocr_line' id='line_1_36' title="bbox 208 2137 1839 2212; baseline 0.001 -23"><span class='ocrx_word' id='word_1_261' title='bbox 208 2156 367 2205; x_wconf 76' lang='grc' dir='ltr'>μνετο.</span> <span class='ocrx_word' id='word_1_262' title='bbox 420 2140 491 2193; x_wconf 77' lang='grc' dir='ltr'>Αἱ</span> <span class='ocrx_word' id='word_1_263' title='bbox 544 2137 589 2194; x_wconf 85' lang='grc' dir='ltr'><strong>δ’</strong></span> <span class='ocrx_word' id='word_1_264' title='bbox 630 2140 765 2208; x_wconf 78' lang='grc' dir='ltr'>ἦσαν</span> <span class='ocrx_word' id='word_1_265' title='bbox 816 2141 867 2195; x_wconf 84' lang='grc' dir='ltr'>ἐν</span> <span class='ocrx_word' id='word_1_266' title='bbox 913 2140 1070 2212; x_wconf 77' lang='grc' dir='ltr'>καλῷ</span> <span class='ocrx_word' id='word_1_267' title='bbox 1099 2162 1156 2195; x_wconf 90' lang='grc' dir='ltr'>τε</span> <span class='ocrx_word' id='word_1_268' title='bbox 1184 2147 1285 2210; x_wconf 82' lang='grc' dir='ltr'><strong>τῆς</strong></span> <span class='ocrx_word' id='word_1_269' title='bbox 1309 2139 1524 2201; x_wconf 83' lang='grc' dir='ltr'>πόλεως</span> <span class='ocrx_word' id='word_1_270' title='bbox 1572 2142 1839 2193; x_wconf 86' lang='grc' dir='ltr'>κατοικεῖν</span> 
     </span>
    </p>
   </div>
   <div class='ocr_carea' id='block_1_36' title="bbox 205 2220 1840 2301">
    <p class='ocr_par' dir='ltr' id='par_1_36' title="bbox 205 2220 1840 2301">
     <span class='ocr_line' id='line_1_37' title="bbox 205 2220 1840 2301; baseline 0.006 -27"><span class='ocrx_word' id='word_1_271' title='bbox 205 2220 392 2293; x_wconf 74' lang='grc' dir='ltr'>ἆνέδην,</span> <span class='ocrx_word' id='word_1_272' title='bbox 450 2227 618 2281; x_wconf 79' lang='grc' dir='ltr'>τόσον</span> <span class='ocrx_word' id='word_1_273' title='bbox 676 2232 772 2282; x_wconf 70' lang='grc' dir='ltr'><strong>τοῦ</strong></span> <span class='ocrx_word' id='word_1_274' title='bbox 829 2226 1000 2282; x_wconf 83' lang='grc' dir='ltr'>τόπου</span> <span class='ocrx_word' id='word_1_275' title='bbox 1055 2224 1345 2297; x_wconf 76' lang='grc' dir='ltr'>λαϐόντας,</span> <span class='ocrx_word' id='word_1_276' title='bbox 1403 2227 1492 2281; x_wconf 84' lang='grc' dir='ltr'>καὶ</span> <span class='ocrx_word' id='word_1_277' title='bbox 1539 2227 1638 2293; x_wconf 77' lang='grc' dir='ltr'>τήν</span> <span class='ocrx_word' id='word_1_278' title='bbox 1694 2225 1840 2301; x_wconf 76' lang='grc' dir='ltr'>σφίσι</span> 
     </span>
    </p>
   </div>
   <div class='ocr_carea' id='block_1_37' title="bbox 202 2316 1841 2395">
    <p class='ocr_par' dir='ltr' id='par_1_37' title="bbox 202 2316 1841 2395">
     <span class='ocr_line' id='line_1_38' title="bbox 202 2316 1841 2395; baseline -0.002 -23"><span class='ocrx_word' id='word_1_279' title='bbox 202 2317 381 2385; x_wconf 71' lang='grc' dir='ltr'>συνήθη</span> <span class='ocrx_word' id='word_1_280' title='bbox 421 2316 578 2388; x_wconf 79' lang='grc' dir='ltr'>τάξιν</span> <span class='ocrx_word' id='word_1_281' title='bbox 615 2318 705 2372; x_wconf 82' lang='grc' dir='ltr'>ὑπ’</span> <span class='ocrx_word' id='word_1_282' title='bbox 733 2316 964 2395; x_wconf 78' lang='grc' dir='ltr'>ἄρχοντι</span> <span class='ocrx_word' id='word_1_283' title='bbox 1011 2320 1353 2392; x_wconf 69' lang='grc' dir='ltr'>πεμπομένῳ</span> <span class='ocrx_word' id='word_1_284' title='bbox 1405 2320 1487 2391; x_wconf 85' lang='grc' dir='ltr'><strong>[Ρ.</strong></span> <span class='ocrx_word' id='word_1_285' title='bbox 1526 2320 1647 2389; x_wconf 85' lang='grc'><strong>105]</strong></span> <span class='ocrx_word' id='word_1_286' title='bbox 1698 2316 1841 2390; x_wconf 83' lang='grc' dir='ltr'>παρά</span> 
     </span>
    </p>
   </div>
   <div class='ocr_carea' id='block_1_38' title="bbox 203 2405 1838 2484">
    <p class='ocr_par' dir='ltr' id='par_1_38' title="bbox 203 2405 1838 2484">
     <span class='ocr_line' id='line_1_39' title="bbox 203 2405 1838 2484; baseline 0.004 -30"><span class='ocrx_word' id='word_1_287' title='bbox 203 2406 283 2455; x_wconf 72' lang='grc' dir='ltr'><strong>τοῦ</strong></span> <span class='ocrx_word' id='word_1_288' title='bbox 307 2411 487 2461; x_wconf 78' lang='grc' dir='ltr'>κοινοῦ</span> <span class='ocrx_word' id='word_1_289' title='bbox 514 2405 803 2484; x_wconf 84' lang='grc' dir='ltr'>συνεδρίου</span> <span class='ocrx_word' id='word_1_290' title='bbox 850 2412 945 2463; x_wconf 77' lang='grc' dir='ltr'>τοῦ</span> <span class='ocrx_word' id='word_1_291' title='bbox 998 2410 1189 2483; x_wconf 73' lang='grc' dir='ltr'>γένους</span> <span class='ocrx_word' id='word_1_292' title='bbox 1220 2407 1420 2474; x_wconf 82' lang='grc' dir='ltr'>αὐτῶν,</span> <span class='ocrx_word' id='word_1_293' title='bbox 1454 2406 1513 2461; x_wconf 78' lang='grc' dir='ltr'>ὅν</span> <span class='ocrx_word' id='word_1_294' title='bbox 1557 2406 1648 2460; x_wconf 82' lang='grc' dir='ltr'><strong>καὶ</strong></span> <span class='ocrx_word' id='word_1_295' title='bbox 1679 2426 1838 2460; x_wconf 79' lang='grc' dir='ltr'>ποτε·</span> 
     </span>
    </p>
   </div>
   <div class='ocr_carea' id='block_1_39' title="bbox 204 2531 1839 2608">
    <p class='ocr_par' dir='ltr' id='par_1_39' title="bbox 204 2531 1839 2608">
     <span class='ocr_line' id='line_1_40' title="bbox 204 2531 1839 2608; baseline 0.001 -23"><span class='ocrx_word' id='word_1_296' title='bbox 204 2531 432 2601; x_wconf 82' lang='lat' dir='ltr'><strong>speciem</strong></span> <span class='ocrx_word' id='word_1_297' title='bbox 467 2533 666 2591; x_wconf 86' lang='lat' dir='ltr'><strong>multo</strong></span> <span class='ocrx_word' id='word_1_298' title='bbox 719 2534 1079 2608; x_wconf 78' lang='lat' dir='ltr'><strong>augustioris</strong></span> <span class='ocrx_word' id='word_1_299' title='bbox 1112 2535 1439 2605; x_wconf 88' lang='lat' dir='ltr'><strong>majestatis</strong></span> <span class='ocrx_word' id='word_1_300' title='bbox 1470 2534 1839 2605; x_wconf 84' lang='lat' dir='ltr'><strong>aliquantum</strong></span> 
     </span>
    </p>
   </div>
   <div class='ocr_carea' id='block_1_40' title="bbox 202 2620 1839 2695">
    <p class='ocr_par' dir='ltr' id='par_1_40' title="bbox 202 2620 1839 2695">
     <span class='ocr_line' id='line_1_41' title="bbox 202 2620 1839 2695; baseline 0.001 -20"><span class='ocrx_word' id='word_1_301' title='bbox 202 2620 409 2675; x_wconf 81' lang='lat' dir='ltr'><strong>deliniri</strong></span> <span class='ocrx_word' id='word_1_302' title='bbox 467 2624 765 2695; x_wconf 87' lang='lat' dir='ltr'><strong>potuisse,</strong></span> <span class='ocrx_word' id='word_1_303' title='bbox 818 2642 883 2680; x_wconf 87' lang='lat' dir='ltr'><strong>ac</strong></span> <span class='ocrx_word' id='word_1_304' title='bbox 916 2642 1032 2680; x_wconf 92' lang='lat' dir='ltr'><strong>non</strong></span> <span class='ocrx_word' id='word_1_305' title='bbox 1084 2624 1254 2695; x_wconf 92' lang='lat' dir='ltr'><strong>longe</strong></span> <span class='ocrx_word' id='word_1_306' title='bbox 1303 2624 1485 2678; x_wconf 80' lang='lat' dir='ltr'><strong>futuri</strong></span> <span class='ocrx_word' id='word_1_307' title='bbox 1534 2622 1716 2677; x_wconf 90' lang='lat' dir='ltr'><strong>fuisse</strong></span> <span class='ocrx_word' id='word_1_308' title='bbox 1767 2623 1839 2676; x_wconf 90' lang='lat' dir='ltr'><strong>ab</strong></span> 
     </span>
    </p>
   </div>
   <div class='ocr_carea' id='block_1_41' title="bbox 200 2710 1841 2785">
    <p class='ocr_par' dir='ltr' id='par_1_41' title="bbox 200 2710 1841 2785">
     <span class='ocr_line' id='line_1_42' title="bbox 200 2710 1841 2785; baseline -0.001 -21"><span class='ocrx_word' id='word_1_309' title='bbox 200 2711 615 2782; x_wconf 84' lang='lat' dir='ltr'><strong>acquiescendo</strong></span> <span class='ocrx_word' id='word_1_310' title='bbox 662 2714 935 2785; x_wconf 62' lang='lat' dir='ltr'><strong>praesenti</strong></span> <span class='ocrx_word' id='word_1_311' title='bbox 972 2714 1239 2779; x_wconf 70' lang='lat' dir='ltr'><strong>fortunae,</strong></span> <span class='ocrx_word' id='word_1_312' title='bbox 1291 2713 1447 2768; x_wconf 90' lang='lat' dir='ltr'><strong>haud</strong></span> <span class='ocrx_word' id='word_1_313' title='bbox 1482 2710 1841 2783; x_wconf 89' lang='lat' dir='ltr'><strong>ignominio-</strong></span> 
     </span>
    </p>
   </div>
   <div class='ocr_carea' id='block_1_42' title="bbox 201 2800 1843 2875">
    <p class='ocr_par' dir='ltr' id='par_1_42' title="bbox 201 2800 1843 2875">
     <span class='ocr_line' id='line_1_43' title="bbox 201 2800 1843 2875; baseline 0 -23"><span class='ocrx_word' id='word_1_314' title='bbox 201 2815 313 2854; x_wconf 84' lang='lat' dir='ltr'><strong>sum</strong></span> <span class='ocrx_word' id='word_1_315' title='bbox 334 2801 444 2858; x_wconf 87' lang='lat' dir='ltr'><strong>sibi</strong></span> <span class='ocrx_word' id='word_1_316' title='bbox 468 2803 760 2858; x_wconf 85' lang='lat' dir='ltr'><strong>ducentes</strong></span> <span class='ocrx_word' id='word_1_317' title='bbox 790 2802 891 2858; x_wconf 89' lang='lat' dir='ltr'><strong>tali</strong></span> <span class='ocrx_word' id='word_1_318' title='bbox 918 2802 1171 2875; x_wconf 81' lang='lat' dir='ltr'><strong>principi</strong></span> <span class='ocrx_word' id='word_1_319' title='bbox 1203 2802 1463 2866; x_wconf 85' lang='lat' dir='ltr'><strong>subesse,</strong></span> <span class='ocrx_word' id='word_1_320' title='bbox 1495 2800 1607 2855; x_wconf 86' lang='lat' dir='ltr'><strong>nisi</strong></span> <span class='ocrx_word' id='word_1_321' title='bbox 1634 2815 1843 2854; x_wconf 87' lang='lat' dir='ltr'><strong>rancor</strong></span> 
     </span>
    </p>
   </div>
   <div class='ocr_carea' id='block_1_43' title="bbox 204 2886 1838 2963">
    <p class='ocr_par' dir='ltr' id='par_1_43' title="bbox 204 2886 1838 2963">
     <span class='ocr_line' id='line_1_44' title="bbox 204 2886 1838 2963; baseline 0.001 -22"><span class='ocrx_word' id='word_1_322' title='bbox 204 2886 477 2959; x_wconf 87' lang='lat' dir='ltr'><strong>ingenitus</strong></span> <span class='ocrx_word' id='word_1_323' title='bbox 519 2891 584 2946; x_wconf 91' lang='lat' dir='ltr'><strong>in</strong></span> <span class='ocrx_word' id='word_1_324' title='bbox 636 2896 1037 2963; x_wconf 89' lang='lat' dir='ltr'><strong>contemptum</strong></span> <span class='ocrx_word' id='word_1_325' title='bbox 1088 2890 1399 2963; x_wconf 90' lang='lat' dir='ltr'><strong>potestatis</strong></span> <span class='ocrx_word' id='word_1_326' title='bbox 1444 2888 1669 2945; x_wconf 88' lang='lat' dir='ltr'><strong>homini</strong></span> <span class='ocrx_word' id='word_1_327' title='bbox 1725 2904 1838 2943; x_wconf 90' lang='lat' dir='ltr'><strong>non</strong></span> 
     </span>
    </p>
   </div>
   <div class='ocr_carea' id='block_1_44' title="bbox 201 2978 1842 3052">
    <p class='ocr_par' dir='ltr' id='par_1_44' title="bbox 201 2978 1842 3052">
     <span class='ocr_line' id='line_1_45' title="bbox 201 2978 1842 3052; baseline 0.001 -21"><span class='ocrx_word' id='word_1_328' title='bbox 201 2978 277 3032; x_wconf 81' lang='lat' dir='ltr'><strong>sui</strong></span> <span class='ocrx_word' id='word_1_329' title='bbox 298 2982 527 3050; x_wconf 81' lang='lat' dir='ltr'><strong>generis</strong></span> <span class='ocrx_word' id='word_1_330' title='bbox 554 2982 883 3036; x_wconf 74' lang='lat' dir='ltr'><strong>commissae</strong></span> <span class='ocrx_word' id='word_1_331' title='bbox 906 2981 1178 3046; x_wconf 79' lang='lat' dir='ltr'><strong>traheret,</strong></span> <span class='ocrx_word' id='word_1_332' title='bbox 1207 2979 1528 3052; x_wconf 70' lang='lat' dir='ltr'><strong>praesertim</strong></span> <span class='ocrx_word' id='word_1_333' title='bbox 1549 2979 1702 3033; x_wconf 72' lang='lat'><strong>162</strong></span> <span class='ocrx_word' id='word_1_334' title='bbox 1729 2993 1842 3032; x_wconf 92' lang='lat' dir='ltr'><strong>me-</strong></span> 
     </span>
    </p>
   </div>
   <div class='ocr_carea' id='block_1_45' title="bbox 202 3067 1840 3138">
    <p class='ocr_par' dir='ltr' id='par_1_45' title="bbox 202 3067 1840 3138">
     <span class='ocr_line' id='line_1_46' title="bbox 202 3067 1840 3138; baseline -0.001 -17"><span class='ocrx_word' id='word_1_335' title='bbox 202 3082 371 3122; x_wconf 84' lang='lat' dir='ltr'><strong>mores</strong></span> <span class='ocrx_word' id='word_1_336' title='bbox 418 3068 833 3124; x_wconf 84' lang='lat' dir='ltr'><strong>calamitatum</strong></span> <span class='ocrx_word' id='word_1_337' title='bbox 876 3070 1128 3126; x_wconf 89' lang='lat' dir='ltr'><strong>recentis</strong></span> <span class='ocrx_word' id='word_1_338' title='bbox 1180 3069 1388 3135; x_wconf 90' lang='lat' dir='ltr'><strong>cladis,</strong></span> <span class='ocrx_word' id='word_1_339' title='bbox 1423 3073 1479 3123; x_wconf 91' lang='lat' dir='ltr'><strong>et</strong></span> <span class='ocrx_word' id='word_1_340' title='bbox 1529 3067 1726 3138; x_wconf 85' lang='lat' dir='ltr'><strong>pejora</strong></span> <span class='ocrx_word' id='word_1_341' title='bbox 1774 3082 1840 3119; x_wconf 85' lang='lat' dir='ltr'><strong>ex</strong></span> 
     </span>
    </p>
   </div>
   <div class='ocr_carea' id='block_1_46' title="bbox 1950 1865 3608 1942">
    <p class='ocr_par' dir='ltr' id='par_1_46' title="bbox 1950 1865 3608 1942">
     <span class='ocr_line' id='line_1_47' title="bbox 1950 1865 3608 1942; baseline 0 -23"><span class='ocrx_word' id='word_1_342' title='bbox 1950 1868 2016 1935; x_wconf 80' lang='grc' dir='ltr'>ἦν</span> <span class='ocrx_word' id='word_1_343' title='bbox 2076 1868 2152 1929; x_wconf 85' lang='grc' dir='ltr'>ὡς</span> <span class='ocrx_word' id='word_1_344' title='bbox 2212 1865 2373 1923; x_wconf 77' lang='grc' dir='ltr'>δεδίει.</span> <span class='ocrx_word' id='word_1_345' title='bbox 2427 1870 2526 1936; x_wconf 75' lang='grc' dir='ltr'>τήν</span> <span class='ocrx_word' id='word_1_346' title='bbox 2588 1868 2919 1942; x_wconf 68' lang='grc' dir='ltr'>ὁμαιχμίαν,</span> <span class='ocrx_word' id='word_1_347' title='bbox 2953 1868 3042 1922; x_wconf 84' lang='grc' dir='ltr'>καὶ</span> <span class='ocrx_word' id='word_1_348' title='bbox 3106 1865 3318 1939; x_wconf 76' lang='grc' dir='ltr'>μᾶλλον</span> <span class='ocrx_word' id='word_1_349' title='bbox 3353 1865 3608 1921; x_wconf 78' lang='grc' dir='ltr'>ὅτιΒαλ-</span> 
     </span>
    </p>
   </div>
   <div class='ocr_carea' id='block_1_47' title="bbox 1957 1954 3606 2035">
    <p class='ocr_par' dir='ltr' id='par_1_47' title="bbox 1957 1954 3606 2035">
     <span class='ocr_line' id='line_1_48' title="bbox 1957 1954 3606 2035; baseline 0.004 -25"><span class='ocrx_word' id='word_1_350' title='bbox 1957 1954 2169 2020; x_wconf 83' lang='grc' dir='ltr'>δουῖνος</span> <span class='ocrx_word' id='word_1_351' title='bbox 2206 1964 2397 2035; x_wconf 78' lang='grc' dir='ltr'>φυγαῖς</span> <span class='ocrx_word' id='word_1_352' title='bbox 2441 1961 2794 2034; x_wconf 72' lang='grc' dir='ltr'>χρησάμενος</span> <span class='ocrx_word' id='word_1_353' title='bbox 2838 1958 2927 2012; x_wconf 83' lang='grc' dir='ltr'><strong>καὶ</strong></span> <span class='ocrx_word' id='word_1_354' title='bbox 2983 1956 3254 2033; x_wconf 73' lang='grc' dir='ltr'>Καροόλῳ</span> <span class='ocrx_word' id='word_1_355' title='bbox 3310 1957 3606 2029; x_wconf 77' lang='grc' dir='ltr'>συμμίξας,</span> 
     </span>
    </p>
   </div>
   <div class='ocr_carea' id='block_1_48' title="bbox 1956 2044 3603 2124">
    <p class='ocr_par' dir='ltr' id='par_1_48' title="bbox 1956 2044 3603 2124">
     <span class='ocr_line' id='line_1_49' title="bbox 1956 2044 3603 2124; baseline -0.001 -24"><span class='ocrx_word' id='word_1_356' title='bbox 1956 2044 2104 2121; x_wconf 81' lang='grc' dir='ltr'>ἀνδρῖ</span> <span class='ocrx_word' id='word_1_357' title='bbox 2151 2044 2369 2123; x_wconf 72' lang='grc' dir='ltr'>σοϐαρῷ</span> <span class='ocrx_word' id='word_1_358' title='bbox 2417 2049 2505 2103; x_wconf 76' lang='grc' dir='ltr'><strong>καὶ</strong></span> <span class='ocrx_word' id='word_1_359' title='bbox 2557 2050 2688 2121; x_wconf 70' lang='grc' dir='ltr'>ὑπὲρ</span> <span class='ocrx_word' id='word_1_360' title='bbox 2738 2048 2801 2102; x_wconf 85' lang='grc' dir='ltr'>τὸ</span> <span class='ocrx_word' id='word_1_361' title='bbox 2838 2049 3029 2121; x_wconf 66' lang='grc' dir='ltr'>μέτρον</span> <span class='ocrx_word' id='word_1_362' title='bbox 3058 2051 3368 2124; x_wconf 77' lang='grc' dir='ltr'>φρονοῦντι,</span> <span class='ocrx_word' id='word_1_363' title='bbox 3403 2044 3603 2114; x_wconf 68' lang='grc' dir='ltr'>συντελ-</span> 
     </span>
    </p>
   </div>
   <div class='ocr_carea' id='block_1_49' title="bbox 1954 2134 3604 2214">
    <p class='ocr_par' dir='ltr' id='par_1_49' title="bbox 1954 2134 3604 2214">
     <span class='ocr_line' id='line_1_50' title="bbox 1954 2134 3604 2214; baseline -0.001 -24"><span class='ocrx_word' id='word_1_364' title='bbox 1954 2134 2115 2191; x_wconf 89' lang='grc' dir='ltr'>λαττε</span> <span class='ocrx_word' id='word_1_365' title='bbox 2163 2135 2459 2211; x_wconf 72' lang='grc' dir='ltr'>λαμϐάνων</span> <span class='ocrx_word' id='word_1_366' title='bbox 2511 2138 2594 2214; x_wconf 75' lang='grc' dir='ltr'><strong>ἐφ’</strong></span> <span class='ocrx_word' id='word_1_367' title='bbox 2626 2141 2728 2211; x_wconf 80' lang='grc' dir='ltr'>υἱῷ</span> <span class='ocrx_word' id='word_1_368' title='bbox 2765 2140 2862 2207; x_wconf 73' lang='grc' dir='ltr'><strong>τὴν</strong></span> <span class='ocrx_word' id='word_1_369' title='bbox 2897 2137 3102 2192; x_wconf 73' lang='grc' dir='ltr'>ἐκείνου</span> <span class='ocrx_word' id='word_1_370' title='bbox 3135 2138 3399 2209; x_wconf 71' lang='grc' dir='ltr'>θυγατέρα</span> <span class='ocrx_word' id='word_1_371' title='bbox 3427 2137 3517 2189; x_wconf 79' lang='grc' dir='ltr'>καὶ</span> <span class='ocrx_word' id='word_1_372' title='bbox 3552 2136 3604 2189; x_wconf 79' lang='grc' dir='ltr'><strong>οἱ</strong></span> 
     </span>
    </p>
   </div>
   <div class='ocr_carea' id='block_1_50' title="bbox 1951 2221 3603 2304">
    <p class='ocr_par' dir='ltr' id='par_1_50' title="bbox 1951 2221 3603 2304">
     <span class='ocr_line' id='line_1_51' title="bbox 1951 2221 3603 2304; baseline 0 -24"><span class='ocrx_word' id='word_1_373' title='bbox 1951 2226 2026 2288; x_wconf 83' lang='grc' dir='ltr'>ὡς</span> <span class='ocrx_word' id='word_1_374' title='bbox 2061 2225 2185 2283; x_wconf 78' lang='grc' dir='ltr'><strong>ἕδνα</strong></span> <span class='ocrx_word' id='word_1_375' title='bbox 2214 2231 2307 2299; x_wconf 79' lang='grc' dir='ltr'>τήν</span> <span class='ocrx_word' id='word_1_376' title='bbox 2336 2230 2498 2285; x_wconf 85' lang='grc' dir='ltr'>πόλιν</span> <span class='ocrx_word' id='word_1_377' title='bbox 2525 2232 2589 2299; x_wconf 72' lang='grc' dir='ltr'>ἦν</span> <span class='ocrx_word' id='word_1_378' title='bbox 2626 2231 2727 2285; x_wconf 78' lang='grc' dir='ltr'>οὐκ</span> <span class='ocrx_word' id='word_1_379' title='bbox 2755 2231 2869 2304; x_wconf 73' lang='grc' dir='ltr'>εἶχε</span> <span class='ocrx_word' id='word_1_380' title='bbox 2893 2226 3097 2290; x_wconf 70' lang='grc' dir='ltr'>διδούς.</span> <span class='ocrx_word' id='word_1_381' title='bbox 3130 2230 3186 2285; x_wconf 81' lang='grc' dir='ltr'><strong>Ὀ</strong></span> <span class='ocrx_word' id='word_1_382' title='bbox 3236 2226 3277 2281; x_wconf 84' lang='grc' dir='ltr'><strong>δ’</strong></span> <span class='ocrx_word' id='word_1_383' title='bbox 3322 2221 3603 2298; x_wconf 75' lang='grc' dir='ltr'>ὶλᾶμϐανε</span> 
     </span>
    </p>
   </div>
   <div class='ocr_carea' id='block_1_51' title="bbox 1948 2315 3598 2398">
    <p class='ocr_par' dir='ltr' id='par_1_51' title="bbox 1948 2315 3598 2398">
     <span class='ocr_line' id='line_1_52' title="bbox 1948 2315 3598 2398; baseline -0.001 -26"><span class='ocrx_word' id='word_1_384' title='bbox 1948 2317 2038 2372; x_wconf 85' lang='grc' dir='ltr'><strong>καὶ</strong></span> <span class='ocrx_word' id='word_1_385' title='bbox 2075 2320 2149 2391; x_wconf 82' lang='grc' dir='ltr'>μή</span> <span class='ocrx_word' id='word_1_386' title='bbox 2181 2315 2408 2396; x_wconf 80' lang='grc' dir='ltr'>ἔχοντος</span> <span class='ocrx_word' id='word_1_387' title='bbox 2435 2323 2561 2398; x_wconf 89' lang='grc' dir='ltr'>παρ’</span> <span class='ocrx_word' id='word_1_388' title='bbox 2591 2320 2818 2389; x_wconf 77' lang='grc' dir='ltr'>ἐκείνου,</span> <span class='ocrx_word' id='word_1_389' title='bbox 2850 2318 3090 2389; x_wconf 77' lang='grc' dir='ltr'>ἐλπίζων</span> <span class='ocrx_word' id='word_1_390' title='bbox 3124 2318 3197 2381; x_wconf 85' lang='grc' dir='ltr'><strong>ὡς</strong></span> <span class='ocrx_word' id='word_1_391' title='bbox 3219 2317 3598 2391; x_wconf 74' lang='grc' dir='ltr'>καταλήψαιτο</span> 
     </span>
    </p>
   </div>
   <div class='ocr_carea' id='block_1_52' title="bbox 1952 2408 2486 2488">
    <p class='ocr_par' dir='ltr' id='par_1_52' title="bbox 1952 2408 2486 2488">
     <span class='ocr_line' id='line_1_53' title="bbox 1952 2408 2486 2488; baseline 0.011 -25"><span class='ocrx_word' id='word_1_392' title='bbox 1952 2408 2147 2464; x_wconf 80' lang='grc' dir='ltr'>στόλον</span> <span class='ocrx_word' id='word_1_393' title='bbox 2180 2410 2486 2488; x_wconf 75' lang='grc' dir='ltr'>ἐξαρτύσας.</span> 
     </span>
    </p>
   </div>
   <div class='ocr_carea' id='block_1_53' title="bbox 1951 2537 3598 2611">
    <p class='ocr_par' dir='ltr' id='par_1_53' title="bbox 1951 2537 3598 2611">
     <span class='ocr_line' id='line_1_54' title="bbox 1951 2537 3598 2611; baseline 0.002 -22"><span class='ocrx_word' id='word_1_394' title='bbox 1951 2537 2080 2591; x_wconf 89' lang='lat' dir='ltr'><strong>fecti</strong></span> <span class='ocrx_word' id='word_1_395' title='bbox 2113 2555 2146 2593; x_wconf 89' lang='lat' dir='ltr'><strong>a</strong></span> <span class='ocrx_word' id='word_1_396' title='bbox 2194 2540 2442 2595; x_wconf 88' lang='lat' dir='ltr'><strong>concilio</strong></span> <span class='ocrx_word' id='word_1_397' title='bbox 2474 2541 2665 2611; x_wconf 88' lang='lat' dir='ltr'><strong>gentis</strong></span> <span class='ocrx_word' id='word_1_398' title='bbox 2708 2540 2942 2611; x_wconf 91' lang='lat' dir='ltr'><strong>publico</strong></span> <span class='ocrx_word' id='word_1_399' title='bbox 2976 2538 3163 2607; x_wconf 87' lang='lat' dir='ltr'><strong>missi,</strong></span> <span class='ocrx_word' id='word_1_400' title='bbox 3217 2554 3390 2610; x_wconf 90' lang='lat' dir='ltr'><strong>quem</strong></span> <span class='ocrx_word' id='word_1_401' title='bbox 3426 2539 3598 2594; x_wconf 89' lang='lat' dir='ltr'><strong>Pote-</strong></span> 
     </span>
    </p>
   </div>
   <div class='ocr_carea' id='block_1_54' title="bbox 1951 2627 3595 2700">
    <p class='ocr_par' dir='ltr' id='par_1_54' title="bbox 1951 2627 3595 2700">
     <span class='ocr_line' id='line_1_55' title="bbox 1951 2627 3595 2700; baseline 0.001 -20"><span class='ocrx_word' id='word_1_402' title='bbox 1951 2631 2159 2682; x_wconf 86' lang='lat' dir='ltr'><strong>statem</strong></span> <span class='ocrx_word' id='word_1_403' title='bbox 2195 2628 2307 2699; x_wconf 87' lang='lat' dir='ltr'><strong>ipsi</strong></span> <span class='ocrx_word' id='word_1_404' title='bbox 2342 2633 2568 2696; x_wconf 86' lang='lat' dir='ltr'><strong>vocant,</strong></span> <span class='ocrx_word' id='word_1_405' title='bbox 2602 2629 2840 2684; x_wconf 87' lang='lat' dir='ltr'><strong>nomine</strong></span> <span class='ocrx_word' id='word_1_406' title='bbox 2889 2627 3261 2700; x_wconf 79' lang='lat' dir='ltr'><strong>significante</strong></span> <span class='ocrx_word' id='word_1_407' title='bbox 3293 2634 3595 2697; x_wconf 64' lang='lat' dir='ltr'><strong>praetorem</strong></span> 
     </span>
    </p>
   </div>
   <div class='ocr_carea' id='block_1_55' title="bbox 1950 2719 3598 2792">
    <p class='ocr_par' dir='ltr' id='par_1_55' title="bbox 1950 2719 3598 2792">
     <span class='ocr_line' id='line_1_56' title="bbox 1950 2719 3598 2792; baseline -0.001 -19"><span class='ocrx_word' id='word_1_408' title='bbox 1950 2724 2051 2773; x_wconf 89' lang='lat' dir='ltr'><strong>aut</strong></span> <span class='ocrx_word' id='word_1_409' title='bbox 2083 2719 2492 2792; x_wconf 80' lang='lat' dir='ltr'><strong>magistratum</strong></span> <span class='ocrx_word' id='word_1_410' title='bbox 2538 2736 2736 2775; x_wconf 90' lang='lat' dir='ltr'><strong>rerum</strong></span> <span class='ocrx_word' id='word_1_411' title='bbox 2762 2721 3221 2792; x_wconf 88' lang='lat' dir='ltr'><strong>judicandarum</strong></span> <span class='ocrx_word' id='word_1_412' title='bbox 3258 2722 3313 2774; x_wconf 88' lang='lat' dir='ltr'><strong>et</strong></span> <span class='ocrx_word' id='word_1_413' title='bbox 3340 2719 3598 2773; x_wconf 88' lang='lat' dir='ltr'><strong>admini-</strong></span> 
     </span>
    </p>
   </div>
   <div class='ocr_carea' id='block_1_56' title="bbox 1952 2809 3595 2883">
    <p class='ocr_par' dir='ltr' id='par_1_56' title="bbox 1952 2809 3595 2883">
     <span class='ocr_line' id='line_1_57' title="bbox 1952 2809 3595 2883; baseline 0 -20"><span class='ocrx_word' id='word_1_414' title='bbox 1952 2811 2350 2879; x_wconf 89' lang='lat' dir='ltr'><strong>strandarum,</strong></span> <span class='ocrx_word' id='word_1_415' title='bbox 2400 2812 2749 2867; x_wconf 84' lang='lat' dir='ltr'><strong>auctoritate</strong></span> <span class='ocrx_word' id='word_1_416' title='bbox 2796 2811 3124 2883; x_wconf 60' lang='lat' dir='ltr'><strong>praditum,</strong></span> <span class='ocrx_word' id='word_1_417' title='bbox 3158 2810 3412 2881; x_wconf 85' lang='lat' dir='ltr'><strong>propriis</strong></span> <span class='ocrx_word' id='word_1_418' title='bbox 3454 2809 3595 2863; x_wconf 82' lang='lat' dir='ltr'><strong>item</strong></span> 
     </span>
    </p>
   </div>
   <div class='ocr_carea' id='block_1_57' title="bbox 1950 2898 3593 2973">
    <p class='ocr_par' dir='ltr' id='par_1_57' title="bbox 1950 2898 3593 2973">
     <span class='ocr_line' id='line_1_58' title="bbox 1950 2898 3593 2973; baseline -0.001 -19"><span class='ocrx_word' id='word_1_419' title='bbox 1950 2901 2422 2971; x_wconf 84' lang='lat' dir='ltr'><strong>obtemperantes</strong></span> <span class='ocrx_word' id='word_1_420' title='bbox 2448 2901 2674 2971; x_wconf 81' lang='lat' dir='ltr'><strong>legibus</strong></span> <span class='ocrx_word' id='word_1_421' title='bbox 2701 2919 2715 2969; x_wconf 91' lang='lat'><strong>;</strong></span> <span class='ocrx_word' id='word_1_422' title='bbox 2746 2906 3022 2973; x_wconf 64' lang='lat' dir='ltr'><strong>praeterea</strong></span> <span class='ocrx_word' id='word_1_423' title='bbox 3055 2905 3118 2955; x_wconf 92' lang='lat' dir='ltr'><strong>ut</strong></span> <span class='ocrx_word' id='word_1_424' title='bbox 3148 2906 3345 2954; x_wconf 88' lang='lat' dir='ltr'><strong>essent</strong></span> <span class='ocrx_word' id='word_1_425' title='bbox 3374 2898 3593 2952; x_wconf 88' lang='lat' dir='ltr'><strong>immu-</strong></span> 
     </span>
    </p>
   </div>
   <div class='ocr_carea' id='block_1_58' title="bbox 1951 2984 3592 3060">
    <p class='ocr_par' dir='ltr' id='par_1_58' title="bbox 1951 2984 3592 3060">
     <span class='ocr_line' id='line_1_59' title="bbox 1951 2984 3592 3060; baseline -0.002 -18"><span class='ocrx_word' id='word_1_426' title='bbox 1951 3005 2053 3043; x_wconf 87' lang='lat' dir='ltr'><strong>nes</strong></span> <span class='ocrx_word' id='word_1_427' title='bbox 2088 2990 2237 3044; x_wconf 77' lang='lat'><strong>163</strong></span> <span class='ocrx_word' id='word_1_428' title='bbox 2267 3006 2331 3043; x_wconf 87' lang='lat' dir='ltr'><strong>ac</strong></span> <span class='ocrx_word' id='word_1_429' title='bbox 2377 3005 2620 3060; x_wconf 85' lang='lat' dir='ltr'><strong>prorsus</strong></span> <span class='ocrx_word' id='word_1_430' title='bbox 2649 2989 2818 3043; x_wconf 87' lang='lat' dir='ltr'><strong>liberi</strong></span> <span class='ocrx_word' id='word_1_431' title='bbox 2854 2989 2911 3043; x_wconf 92' lang='lat' dir='ltr'><strong>in</strong></span> <span class='ocrx_word' id='word_1_432' title='bbox 2948 2988 3107 3043; x_wconf 91' lang='lat' dir='ltr'><strong>omni</strong></span> <span class='ocrx_word' id='word_1_433' title='bbox 3160 2987 3384 3042; x_wconf 82' lang='lat' dir='ltr'><strong>ratione</strong></span> <span class='ocrx_word' id='word_1_434' title='bbox 3426 2984 3592 3039; x_wconf 89' lang='lat' dir='ltr'><strong>navi-</strong></span> 
     </span>
    </p>
   </div>
   <div class='ocr_carea' id='block_1_59' title="bbox 1948 3073 3593 3147">
    <p class='ocr_par' dir='ltr' id='par_1_59' title="bbox 1948 3073 3593 3147">
     <span class='ocr_line' id='line_1_60' title="bbox 1948 3073 3593 3147; baseline -0.002 -18"><span class='ocrx_word' id='word_1_435' title='bbox 1948 3076 2200 3147; x_wconf 89' lang='lat' dir='ltr'><strong>gationis</strong></span> <span class='ocrx_word' id='word_1_436' title='bbox 2218 3093 2281 3131; x_wconf 89' lang='lat' dir='ltr'><strong>ac</strong></span> <span class='ocrx_word' id='word_1_437' title='bbox 2306 3076 2662 3143; x_wconf 90' lang='lat' dir='ltr'><strong>commercii,</strong></span> <span class='ocrx_word' id='word_1_438' title='bbox 2688 3076 2919 3147; x_wconf 89' lang='lat' dir='ltr'><strong>negotia</strong></span> <span class='ocrx_word' id='word_1_439' title='bbox 2942 3076 3114 3130; x_wconf 91' lang='lat' dir='ltr'><strong>solita</strong></span> <span class='ocrx_word' id='word_1_440' title='bbox 3136 3075 3282 3146; x_wconf 87' lang='lat' dir='ltr'><strong>ipsis</strong></span> <span class='ocrx_word' id='word_1_441' title='bbox 3300 3073 3593 3128; x_wconf 88' lang='lat' dir='ltr'><strong>industria</strong></span> 
     </span>
    </p>
   </div>
   <div class='ocr_carea' id='block_1_60' title="bbox 198 3154 3590 3239">
    <p class='ocr_par' dir='ltr' id='par_1_60' title="bbox 198 3154 3590 3239">
     <span class='ocr_line' id='line_1_61' title="bbox 198 3154 3590 3239; baseline -0 -29"><span class='ocrx_word' id='word_1_442' title='bbox 198 3156 410 3225; x_wconf 85' lang='lat' dir='ltr'><strong>proclivi</strong></span> <span class='ocrx_word' id='word_1_443' title='bbox 462 3162 822 3227; x_wconf 85' lang='lat' dir='ltr'><strong>metuentes,</strong></span> <span class='ocrx_word' id='word_1_444' title='bbox 855 3158 1075 3231; x_wconf 85' lang='lat' dir='ltr'><strong>alioqui</strong></span> <span class='ocrx_word' id='word_1_445' title='bbox 1134 3158 1419 3229; x_wconf 87' lang='lat' dir='ltr'><strong>superbos</strong></span> <span class='ocrx_word' id='word_1_446' title='bbox 1450 3156 1698 3212; x_wconf 91' lang='lat' dir='ltr'><strong>animos.</strong></span> <span class='ocrx_word' id='word_1_447' title='bbox 1724 3154 1837 3209; x_wconf 78' lang='lat' dir='ltr'><strong>Ca3-</strong></span> <span class='ocrx_word' id='word_1_448' title='bbox 1871 3173 1914 3239; x_wconf 70' lang='grc' dir='ltr'>ο</span> <span class='ocrx_word' id='word_1_449' title='bbox 1950 3167 2237 3236; x_wconf 67' lang='lat' dir='ltr'><strong>gerentes,</strong></span> <span class='ocrx_word' id='word_1_450' title='bbox 2271 3168 2404 3218; x_wconf 68' lang='grc' dir='ltr'><strong>Ηίεο</strong></span> <span class='ocrx_word' id='word_1_451' title='bbox 2437 3164 2846 3219; x_wconf 76' lang='lat' dir='ltr'><strong>Genuensibus</strong></span> <span class='ocrx_word' id='word_1_452' title='bbox 2874 3163 3184 3235; x_wconf 71' lang='lat' dir='ltr'><strong>promissa,</strong></span> <span class='ocrx_word' id='word_1_453' title='bbox 3218 3161 3451 3215; x_wconf 80' lang='lat' dir='ltr'><strong>Venetis</strong></span> <span class='ocrx_word' id='word_1_454' title='bbox 3481 3176 3590 3214; x_wconf 83' lang='lat' dir='ltr'><strong>au—</strong></span> 
     </span>
    </p>
   </div>
   <div class='ocr_carea' id='block_1_61' title="bbox 195 3243 1829 3318">
    <p class='ocr_par' dir='ltr' id='par_1_61' title="bbox 195 3243 1829 3318">
     <span class='ocr_line' id='line_1_62' title="bbox 195 3243 1829 3318; baseline -0.002 -18"><span class='ocrx_word' id='word_1_455' title='bbox 195 3247 361 3301; x_wconf 80' lang='lat' dir='ltr'><strong>terum</strong></span> <span class='ocrx_word' id='word_1_456' title='bbox 393 3251 756 3317; x_wconf 85' lang='lat' dir='ltr'><strong>consumpta</strong></span> <span class='ocrx_word' id='word_1_457' title='bbox 785 3251 909 3303; x_wconf 89' lang='lat' dir='ltr'><strong>tota</strong></span> <span class='ocrx_word' id='word_1_458' title='bbox 937 3264 1006 3303; x_wconf 86' lang='lat' dir='ltr'><strong>ea</strong></span> <span class='ocrx_word' id='word_1_459' title='bbox 1039 3248 1130 3302; x_wconf 84' lang='lat' dir='ltr'><strong>die</strong></span> <span class='ocrx_word' id='word_1_460' title='bbox 1161 3248 1468 3318; x_wconf 88' lang='lat' dir='ltr'><strong>plausibus</strong></span> <span class='ocrx_word' id='word_1_461' title='bbox 1499 3243 1829 3314; x_wconf 86' lang='lat' dir='ltr'><strong>triumpha-</strong></span> 
     </span>
    </p>
   </div>
   <div class='ocr_carea' id='block_1_62' title="bbox 195 3331 1829 3410">
    <p class='ocr_par' dir='ltr' id='par_1_62' title="bbox 195 3331 1829 3410">
     <span class='ocr_line' id='line_1_63' title="bbox 195 3331 1829 3410; baseline 0 -23"><span class='ocrx_word' id='word_1_462' title='bbox 195 3331 329 3389; x_wconf 86' lang='lat' dir='ltr'><strong>libus</strong></span> <span class='ocrx_word' id='word_1_463' title='bbox 358 3340 415 3391; x_wconf 86' lang='lat' dir='ltr'><strong>et</strong></span> <span class='ocrx_word' id='word_1_464' title='bbox 446 3336 622 3392; x_wconf 86' lang='lat' dir='ltr'><strong>festis</strong></span> <span class='ocrx_word' id='word_1_465' title='bbox 654 3336 923 3400; x_wconf 86' lang='lat' dir='ltr'><strong>canticis.</strong></span> <span class='ocrx_word' id='word_1_466' title='bbox 955 3354 1060 3410; x_wconf 90' lang='lat' dir='ltr'><strong>per</strong></span> <span class='ocrx_word' id='word_1_467' title='bbox 1092 3341 1323 3393; x_wconf 89' lang='lat' dir='ltr'><strong>noctem</strong></span> <span class='ocrx_word' id='word_1_468' title='bbox 1357 3338 1697 3406; x_wconf 88' lang='lat' dir='ltr'><strong>sequentem</strong></span> <span class='ocrx_word' id='word_1_469' title='bbox 1731 3348 1829 3387; x_wconf 85' lang='lat' dir='ltr'><strong>va-</strong></span> 
     </span>
    </p>
   </div>
   <div class='ocr_carea' id='block_1_63' title="bbox 190 3420 1326 3498">
    <p class='ocr_par' dir='ltr' id='par_1_63' title="bbox 190 3420 1326 3498">
     <span class='ocr_line' id='line_1_64' title="bbox 190 3420 1326 3498; baseline 0.003 -22"><span class='ocrx_word' id='word_1_470' title='bbox 190 3420 291 3478; x_wconf 88' lang='lat' dir='ltr'><strong>lido</strong></span> <span class='ocrx_word' id='word_1_471' title='bbox 319 3425 598 3495; x_wconf 78' lang='lat' dir='ltr'><strong>przesidio</strong></span> <span class='ocrx_word' id='word_1_472' title='bbox 632 3424 917 3497; x_wconf 88' lang='lat' dir='ltr'><strong>palatium</strong></span> <span class='ocrx_word' id='word_1_473' title='bbox 951 3430 1184 3498; x_wconf 88' lang='lat' dir='ltr'><strong>septum</strong></span> <span class='ocrx_word' id='word_1_474' title='bbox 1216 3431 1326 3481; x_wconf 86' lang='lat' dir='ltr'><strong>est.</strong></span> 
     </span>
    </p>
   </div>
   <div class='ocr_carea' id='block_1_64' title="bbox 190 3582 1828 3657">
    <p class='ocr_par' dir='ltr' id='par_1_64' title="bbox 190 3582 1828 3657">
     <span class='ocr_line' id='line_1_65' title="bbox 190 3582 1828 3657; baseline 0.001 -20"><span class='ocrx_word' id='word_1_475' title='bbox 190 3582 263 3637; x_wconf 77' lang='lat'><strong>32.</strong></span> <span class='ocrx_word' id='word_1_476' title='bbox 294 3586 349 3641; x_wconf 78' lang='lat' dir='ltr'><strong>Ut</strong></span> <span class='ocrx_word' id='word_1_477' title='bbox 379 3602 436 3642; x_wconf 75' lang='lat' dir='ltr'><strong>se</strong></span> <span class='ocrx_word' id='word_1_478' title='bbox 462 3587 707 3657; x_wconf 74' lang='lat' dir='ltr'><strong>gesserit</strong></span> <span class='ocrx_word' id='word_1_479' title='bbox 742 3588 1041 3657; x_wconf 76' lang='lat' dir='ltr'><strong>imperator</strong></span> <span class='ocrx_word' id='word_1_480' title='bbox 1072 3604 1194 3642; x_wconf 86' lang='lat' dir='ltr'><strong>cum</strong></span> <span class='ocrx_word' id='word_1_481' title='bbox 1221 3587 1457 3642; x_wconf 73' lang='lat' dir='ltr'><strong>diversis</strong></span> <span class='ocrx_word' id='word_1_482' title='bbox 1493 3583 1828 3641; x_wconf 81' lang='lat' dir='ltr'><strong>Latinorum</strong></span> 
     </span>
    </p>
   </div>
   <div class='ocr_carea' id='block_1_65' title="bbox 606 3659 1399 3731">
    <p class='ocr_par' dir='ltr' id='par_1_65' title="bbox 606 3659 1399 3731">
     <span class='ocr_line' id='line_1_66' title="bbox 606 3659 1399 3731; baseline -0.001 -18"><span class='ocrx_word' id='word_1_483' title='bbox 606 3662 729 3731; x_wconf 74' lang='lat' dir='ltr'><strong>post</strong></span> <span class='ocrx_word' id='word_1_484' title='bbox 757 3659 1071 3728; x_wconf 73' lang='lat' dir='ltr'><strong>ingressum</strong></span> <span class='ocrx_word' id='word_1_485' title='bbox 1101 3660 1159 3712; x_wconf 82' lang='lat' dir='ltr'><strong>in</strong></span> <span class='ocrx_word' id='word_1_486' title='bbox 1191 3659 1399 3713; x_wconf 83' lang='lat' dir='ltr'><strong>urbem.</strong></span> 
     </span>
    </p>
   </div>
   <div class='ocr_carea' id='block_1_66' title="bbox 253 3781 1831 3855">
    <p class='ocr_par' dir='ltr' id='par_1_66' title="bbox 253 3781 1831 3855">
     <span class='ocr_line' id='line_1_67' title="bbox 253 3781 1831 3855; baseline 0.001 -19"><span class='ocrx_word' id='word_1_487' title='bbox 253 3787 407 3839; x_wconf 80' lang='lat' dir='ltr'><strong>Mane</strong></span> <span class='ocrx_word' id='word_1_488' title='bbox 456 3788 783 3840; x_wconf 90' lang='lat' dir='ltr'><strong>consecuto</strong></span> <span class='ocrx_word' id='word_1_489' title='bbox 825 3788 1014 3840; x_wconf 91' lang='lat' dir='ltr'><strong>totum</strong></span> <span class='ocrx_word' id='word_1_490' title='bbox 1066 3800 1129 3839; x_wconf 88' lang='lat' dir='ltr'><strong>se</strong></span> <span class='ocrx_word' id='word_1_491' title='bbox 1175 3783 1497 3855; x_wconf 86' lang='lat' dir='ltr'><strong>imperator</strong></span> <span class='ocrx_word' id='word_1_492' title='bbox 1543 3781 1831 3854; x_wconf 86' lang='lat' dir='ltr'><strong>impendit</strong></span> 
     </span>
    </p>
   </div>
   <div class='ocr_carea' id='block_1_67' title="bbox 191 3872 1833 3944">
    <p class='ocr_par' dir='ltr' id='par_1_67' title="bbox 191 3872 1833 3944">
     <span class='ocr_line' id='line_1_68' title="bbox 191 3872 1833 3944; baseline 0.001 -20"><span class='ocrx_word' id='word_1_493' title='bbox 191 3872 430 3929; x_wconf 85' lang='lat' dir='ltr'><strong>consiliis</strong></span> <span class='ocrx_word' id='word_1_494' title='bbox 454 3878 519 3929; x_wconf 87' lang='lat' dir='ltr'><strong>et</strong></span> <span class='ocrx_word' id='word_1_495' title='bbox 544 3873 1068 3929; x_wconf 89' lang='lat' dir='ltr'><strong>deliberationibus</strong></span> <span class='ocrx_word' id='word_1_496' title='bbox 1089 3874 1159 3928; x_wconf 92' lang='lat' dir='ltr'><strong>de</strong></span> <span class='ocrx_word' id='word_1_497' title='bbox 1181 3874 1404 3944; x_wconf 89' lang='lat' dir='ltr'><strong>optima</strong></span> <span class='ocrx_word' id='word_1_498' title='bbox 1428 3872 1649 3927; x_wconf 87' lang='lat' dir='ltr'><strong>ratione</strong></span> <span class='ocrx_word' id='word_1_499' title='bbox 1667 3888 1833 3927; x_wconf 86' lang='lat' dir='ltr'><strong>cons-</strong></span> 
     </span>
    </p>
   </div>
   <div class='ocr_carea' id='block_1_68' title="bbox 192 3957 1830 4033">
    <p class='ocr_par' dir='ltr' id='par_1_68' title="bbox 192 3957 1830 4033">
     <span class='ocr_line' id='line_1_69' title="bbox 192 3957 1830 4033; baseline 0.002 -22"><span class='ocrx_word' id='word_1_500' title='bbox 192 3957 452 4017; x_wconf 73' lang='lat' dir='ltr'><strong>tituendze</strong></span> <span class='ocrx_word' id='word_1_501' title='bbox 488 3979 562 4018; x_wconf 87' lang='lat' dir='ltr'><strong>ac</strong></span> <span class='ocrx_word' id='word_1_502' title='bbox 586 3963 879 4033; x_wconf 85' lang='lat' dir='ltr'><strong>praesidiis</strong></span> <span class='ocrx_word' id='word_1_503' title='bbox 908 3963 1211 4018; x_wconf 65' lang='lat' dir='ltr'><strong>firmandae</strong></span> <span class='ocrx_word' id='word_1_504' title='bbox 1235 3961 1504 4026; x_wconf 69' lang='lat' dir='ltr'><strong>civitatis,</strong></span> <span class='ocrx_word' id='word_1_505' title='bbox 1529 3961 1716 4032; x_wconf 88' lang='lat' dir='ltr'><strong>deque</strong></span> <span class='ocrx_word' id='word_1_506' title='bbox 1736 3960 1830 4015; x_wconf 87' lang='lat' dir='ltr'><strong>via</strong></span> 
     </span>
    </p>
   </div>
   <div class='ocr_carea' id='block_1_69' title="bbox 190 4049 1826 4123">
    <p class='ocr_par' dir='ltr' id='par_1_69' title="bbox 190 4049 1826 4123">
     <span class='ocr_line' id='line_1_70' title="bbox 190 4049 1826 4123; baseline 0.001 -22"><span class='ocrx_word' id='word_1_507' title='bbox 190 4065 246 4102; x_wconf 84' lang='lat' dir='ltr'><strong>ac</strong></span> <span class='ocrx_word' id='word_1_508' title='bbox 271 4052 437 4106; x_wconf 89' lang='lat' dir='ltr'><strong>modo</strong></span> <span class='ocrx_word' id='word_1_509' title='bbox 477 4049 841 4107; x_wconf 89' lang='lat' dir='ltr'><strong>conciliandi</strong></span> <span class='ocrx_word' id='word_1_510' title='bbox 875 4055 1053 4122; x_wconf 82' lang='lat' dir='ltr'><strong>atque</strong></span> <span class='ocrx_word' id='word_1_511' title='bbox 1083 4051 1140 4105; x_wconf 93' lang='lat' dir='ltr'><strong>in</strong></span> <span class='ocrx_word' id='word_1_512' title='bbox 1194 4055 1390 4123; x_wconf 88' lang='lat' dir='ltr'><strong>partes</strong></span> <span class='ocrx_word' id='word_1_513' title='bbox 1423 4066 1583 4118; x_wconf 85' lang='lat' dir='ltr'><strong>suas,</strong></span> <span class='ocrx_word' id='word_1_514' title='bbox 1635 4049 1826 4121; x_wconf 86' lang='lat' dir='ltr'><strong>quoad</strong></span> 
     </span>
    </p>
   </div>
   <div class='ocr_carea' id='block_1_70' title="bbox 191 4138 1831 4211">
    <p class='ocr_par' dir='ltr' id='par_1_70' title="bbox 191 4138 1831 4211">
     <span class='ocr_line' id='line_1_71' title="bbox 191 4138 1831 4211; baseline 0.001 -20"><span class='ocrx_word' id='word_1_515' title='bbox 191 4144 364 4206; x_wconf 82' lang='lat' dir='ltr'><strong>posset</strong></span> <span class='ocrx_word' id='word_1_516' title='bbox 396 4140 553 4205; x_wconf 81' lang='lat' dir='ltr'><strong>fieri,</strong></span> <span class='ocrx_word' id='word_1_517' title='bbox 585 4139 855 4195; x_wconf 89' lang='lat' dir='ltr'><strong>trahendi</strong></span> <span class='ocrx_word' id='word_1_518' title='bbox 880 4139 1205 4211; x_wconf 74' lang='lat' dir='ltr'><strong>praecipuos</strong></span> <span class='ocrx_word' id='word_1_519' title='bbox 1230 4156 1492 4211; x_wconf 84' lang='lat' dir='ltr'><strong>quosque</strong></span> <span class='ocrx_word' id='word_1_520' title='bbox 1524 4138 1706 4194; x_wconf 90' lang='lat' dir='ltr'><strong>Italici</strong></span> <span class='ocrx_word' id='word_1_521' title='bbox 1730 4154 1831 4209; x_wconf 89' lang='lat' dir='ltr'><strong>ge-</strong></span> 
     </span>
    </p>
   </div>
   <div class='ocr_carea' id='block_1_71' title="bbox 188 4226 1832 4297">
    <p class='ocr_par' dir='ltr' id='par_1_71' title="bbox 188 4226 1832 4297">
     <span class='ocr_line' id='line_1_72' title="bbox 188 4226 1832 4297; baseline 0.001 -18"><span class='ocrx_word' id='word_1_522' title='bbox 188 4227 327 4283; x_wconf 89' lang='lat' dir='ltr'><strong>neris</strong></span> <span class='ocrx_word' id='word_1_523' title='bbox 356 4228 440 4295; x_wconf 91' lang='lat' dir='ltr'><strong>(hi</strong></span> <span class='ocrx_word' id='word_1_524' title='bbox 472 4234 650 4284; x_wconf 90' lang='lat' dir='ltr'><strong>erant</strong></span> <span class='ocrx_word' id='word_1_525' title='bbox 681 4229 1044 4294; x_wconf 89' lang='lat' dir='ltr'><strong>Genuenses,</strong></span> <span class='ocrx_word' id='word_1_526' title='bbox 1083 4228 1282 4284; x_wconf 80' lang='lat' dir='ltr'><strong>Veneti</strong></span> <span class='ocrx_word' id='word_1_527' title='bbox 1312 4234 1368 4283; x_wconf 91' lang='lat' dir='ltr'><strong>et</strong></span> <span class='ocrx_word' id='word_1_528' title='bbox 1396 4227 1553 4283; x_wconf 90' lang='lat' dir='ltr'><strong>tertii</strong></span> <span class='ocrx_word' id='word_1_529' title='bbox 1588 4226 1832 4297; x_wconf 89' lang='lat' dir='ltr'><strong>Pisani):</strong></span> 
     </span>
    </p>
   </div>
   <div class='ocr_carea' id='block_1_72' title="bbox 189 4316 1831 4389">
    <p class='ocr_par' dir='ltr' id='par_1_72' title="bbox 189 4316 1831 4389">
     <span class='ocr_line' id='line_1_73' title="bbox 189 4316 1831 4389; baseline 0 -20"><span class='ocrx_word' id='word_1_530' title='bbox 189 4331 308 4371; x_wconf 76' lang='lat' dir='ltr'><strong>nam</strong></span> <span class='ocrx_word' id='word_1_531' title='bbox 347 4318 395 4372; x_wconf 90' lang='lat' dir='ltr'><strong>si</strong></span> <span class='ocrx_word' id='word_1_532' title='bbox 428 4318 545 4373; x_wconf 89' lang='lat' dir='ltr'><strong>hos</strong></span> <span class='ocrx_word' id='word_1_533' title='bbox 578 4318 689 4373; x_wconf 88' lang='lat' dir='ltr'><strong>sibi</strong></span> <span class='ocrx_word' id='word_1_534' title='bbox 730 4317 1112 4384; x_wconf 86' lang='lat' dir='ltr'><strong>devinxisset,</strong></span> <span class='ocrx_word' id='word_1_535' title='bbox 1144 4335 1279 4389; x_wconf 90' lang='lat' dir='ltr'><strong>spes</strong></span> <span class='ocrx_word' id='word_1_536' title='bbox 1323 4322 1446 4372; x_wconf 87' lang='lat' dir='ltr'><strong>erat</strong></span> <span class='ocrx_word' id='word_1_537' title='bbox 1477 4316 1561 4372; x_wconf 91' lang='lat' dir='ltr'><strong>vel</strong></span> <span class='ocrx_word' id='word_1_538' title='bbox 1609 4316 1831 4389; x_wconf 87' lang='lat' dir='ltr'><strong>pariter</strong></span> 
     </span>
    </p>
   </div>
   <div class='ocr_carea' id='block_1_73' title="bbox 188 4404 1828 4478">
    <p class='ocr_par' dir='ltr' id='par_1_73' title="bbox 188 4404 1828 4478">
     <span class='ocr_line' id='line_1_74' title="bbox 188 4404 1828 4478; baseline 0.002 -22"><span class='ocrx_word' id='word_1_539' title='bbox 188 4418 524 4463; x_wconf 85' lang='lat' dir='ltr'><strong>assensuros</strong></span> <span class='ocrx_word' id='word_1_540' title='bbox 554 4411 611 4461; x_wconf 90' lang='lat' dir='ltr'><strong>et</strong></span> <span class='ocrx_word' id='word_1_541' title='bbox 636 4407 805 4477; x_wconf 87' lang='lat' dir='ltr'><strong>quasi</strong></span> <span class='ocrx_word' id='word_1_542' title='bbox 838 4406 891 4460; x_wconf 91' lang='lat' dir='ltr'><strong>vi</strong></span> <span class='ocrx_word' id='word_1_543' title='bbox 924 4407 1203 4478; x_wconf 88' lang='lat' dir='ltr'><strong>quadam,</strong></span> <span class='ocrx_word' id='word_1_544' title='bbox 1234 4405 1449 4461; x_wconf 89' lang='lat' dir='ltr'><strong>vellent</strong></span> <span class='ocrx_word' id='word_1_545' title='bbox 1468 4404 1708 4471; x_wconf 80' lang='lat' dir='ltr'><strong>nollent,</strong></span> <span class='ocrx_word' id='word_1_546' title='bbox 1742 4409 1828 4459; x_wconf 89' lang='lat' dir='ltr'><strong>at-</strong></span> 
     </span>
    </p>
   </div>
   <div class='ocr_carea' id='block_1_74' title="bbox 189 4493 1827 4565">
    <p class='ocr_par' dir='ltr' id='par_1_74' title="bbox 189 4493 1827 4565">
     <span class='ocr_line' id='line_1_75' title="bbox 189 4493 1827 4565; baseline 0.002 -20"><span class='ocrx_word' id='word_1_547' title='bbox 189 4493 488 4550; x_wconf 84' lang='lat' dir='ltr'><strong>trahendos</strong></span> <span class='ocrx_word' id='word_1_548' title='bbox 507 4493 896 4565; x_wconf 82' lang='lat' dir='ltr'><strong>reliquos,vel</strong></span> <span class='ocrx_word' id='word_1_549' title='bbox 923 4495 971 4550; x_wconf 87' lang='lat' dir='ltr'><strong>si</strong></span> <span class='ocrx_word' id='word_1_550' title='bbox 996 4493 1365 4550; x_wconf 88' lang='lat' dir='ltr'><strong>contumacia</strong></span> <span class='ocrx_word' id='word_1_551' title='bbox 1383 4493 1671 4548; x_wconf 89' lang='lat' dir='ltr'><strong>invictain</strong></span> <span class='ocrx_word' id='word_1_552' title='bbox 1695 4494 1827 4548; x_wconf 92' lang='lat' dir='ltr'><strong>odio</strong></span> 
     </span>
    </p>
   </div>
   <div class='ocr_carea' id='block_1_75' title="bbox 189 4582 1824 4651">
    <p class='ocr_par' dir='ltr' id='par_1_75' title="bbox 189 4582 1824 4651">
     <span class='ocr_line' id='line_1_76' title="bbox 189 4582 1824 4651; baseline 0.002 -15"><span class='ocrx_word' id='word_1_553' title='bbox 189 4588 531 4651; x_wconf 85' lang='lat' dir='ltr'><strong>perstarent,</strong></span> <span class='ocrx_word' id='word_1_554' title='bbox 580 4589 916 4640; x_wconf 85' lang='lat' dir='ltr'><strong>exarmatos</strong></span> <span class='ocrx_word' id='word_1_555' title='bbox 960 4599 1162 4639; x_wconf 90' lang='lat' dir='ltr'><strong>eorum</strong></span> <span class='ocrx_word' id='word_1_556' title='bbox 1214 4582 1574 4638; x_wconf 88' lang='lat' dir='ltr'><strong>discessione</strong></span> <span class='ocrx_word' id='word_1_557' title='bbox 1623 4582 1824 4639; x_wconf 90' lang='lat' dir='ltr'><strong>minus</strong></span> 
     </span>
    </p>
   </div>
   <div class='ocr_carea' id='block_1_76' title="bbox 187 4669 1823 4743">
    <p class='ocr_par' dir='ltr' id='par_1_76' title="bbox 187 4669 1823 4743">
     <span class='ocr_line' id='line_1_77' title="bbox 187 4669 1823 4743; baseline 0.003 -21"><span class='ocrx_word' id='word_1_558' title='bbox 187 4669 446 4743; x_wconf 87' lang='lat' dir='ltr'><strong>deinceps</strong></span> <span class='ocrx_word' id='word_1_559' title='bbox 475 4673 549 4727; x_wconf 90' lang='lat' dir='ltr'><strong>ad</strong></span> <span class='ocrx_word' id='word_1_560' title='bbox 566 4675 890 4730; x_wconf 89' lang='lat' dir='ltr'><strong>nocendum</strong></span> <span class='ocrx_word' id='word_1_561' title='bbox 915 4673 1196 4727; x_wconf 86' lang='lat' dir='ltr'><strong>valituros</strong></span> <span class='ocrx_word' id='word_1_562' title='bbox 1219 4676 1276 4726; x_wconf 91' lang='lat' dir='ltr'><strong>et</strong></span> <span class='ocrx_word' id='word_1_563' title='bbox 1302 4672 1603 4743; x_wconf 86' lang='lat' dir='ltr'><strong>quieturos</strong></span> <span class='ocrx_word' id='word_1_564' title='bbox 1627 4688 1823 4727; x_wconf 48' lang='lat' dir='ltr'><strong>neces.</strong></span> 
     </span>
    </p>
   </div>
   <div class='ocr_carea' id='block_1_77' title="bbox 182 4759 1825 4832">
    <p class='ocr_par' dir='ltr' id='par_1_77' title="bbox 182 4759 1825 4832">
     <span class='ocr_line' id='line_1_78' title="bbox 182 4759 1825 4832; baseline 0.003 -21"><span class='ocrx_word' id='word_1_565' title='bbox 182 4759 325 4814; x_wconf 74' lang='lat' dir='ltr'><strong>sario</strong></span> <span class='ocrx_word' id='word_1_566' title='bbox 355 4768 622 4818; x_wconf 69' lang='lat' dir='ltr'><strong>caeteros.</strong></span> <span class='ocrx_word' id='word_1_567' title='bbox 658 4764 850 4829; x_wconf 87' lang='lat' dir='ltr'><strong>Quare</strong></span> <span class='ocrx_word' id='word_1_568' title='bbox 878 4762 951 4818; x_wconf 87' lang='lat' dir='ltr'><strong>iis</strong></span> <span class='ocrx_word' id='word_1_569' title='bbox 982 4762 1054 4818; x_wconf 87' lang='lat' dir='ltr'><strong>ad</strong></span> <span class='ocrx_word' id='word_1_570' title='bbox 1103 4778 1166 4816; x_wconf 87' lang='lat' dir='ltr'><strong>se</strong></span> <span class='ocrx_word' id='word_1_571' title='bbox 1194 4759 1417 4815; x_wconf 87' lang='lat' dir='ltr'><strong>vocatis</strong></span> <span class='ocrx_word' id='word_1_572' title='bbox 1457 4759 1825 4832; x_wconf 86' lang='lat' dir='ltr'><strong>alloquendis</strong></span> 
     </span>
    </p>
   </div>
   <div class='ocr_carea' id='block_1_78' title="bbox 185 4848 1826 4925">
    <p class='ocr_par' dir='ltr' id='par_1_78' title="bbox 185 4848 1826 4925">
     <span class='ocr_line' id='line_1_79' title="bbox 185 4848 1826 4925; baseline 0.002 -25"><span class='ocrx_word' id='word_1_573' title='bbox 185 4848 423 4906; x_wconf 88' lang='lat' dir='ltr'><strong>solidum</strong></span> <span class='ocrx_word' id='word_1_574' title='bbox 456 4853 720 4925; x_wconf 87' lang='lat' dir='ltr'><strong>sumpsit</strong></span> <span class='ocrx_word' id='word_1_575' title='bbox 749 4853 926 4919; x_wconf 90' lang='lat' dir='ltr'><strong>diem,</strong></span> <span class='ocrx_word' id='word_1_576' title='bbox 951 4852 1160 4907; x_wconf 89' lang='lat' dir='ltr'><strong>idonea</strong></span> <span class='ocrx_word' id='word_1_577' title='bbox 1184 4865 1652 4905; x_wconf 82' lang='lat' dir='ltr'><strong>commemorans</strong></span> <span class='ocrx_word' id='word_1_578' title='bbox 1674 4850 1826 4905; x_wconf 90' lang='lat' dir='ltr'><strong>deli-</strong></span> 
     </span>
    </p>
   </div>
   <div class='ocr_carea' id='block_1_79' title="bbox 186 4938 1821 5016">
    <p class='ocr_par' dir='ltr' id='par_1_79' title="bbox 186 4938 1821 5016">
     <span class='ocr_line' id='line_1_80' title="bbox 186 4938 1821 5016; baseline 0.001 -21"><span class='ocrx_word' id='word_1_579' title='bbox 186 4938 400 5000; x_wconf 86' lang='lat' dir='ltr'><strong>niendis</strong></span> <span class='ocrx_word' id='word_1_580' title='bbox 434 4944 607 5016; x_wconf 88' lang='lat' dir='ltr'><strong>ipsis,</strong></span> <span class='ocrx_word' id='word_1_581' title='bbox 629 4950 687 5000; x_wconf 91' lang='lat' dir='ltr'><strong>et</strong></span> <span class='ocrx_word' id='word_1_582' title='bbox 712 4962 815 5016; x_wconf 89' lang='lat' dir='ltr'><strong>spe</strong></span> <span class='ocrx_word' id='word_1_583' title='bbox 838 4945 1284 4999; x_wconf 86' lang='lat' dir='ltr'><strong>commodorum</strong></span> <span class='ocrx_word' id='word_1_584' title='bbox 1313 4941 1524 5013; x_wconf 91' lang='lat' dir='ltr'><strong>cuique</strong></span> <span class='ocrx_word' id='word_1_585' title='bbox 1548 4940 1821 5013; x_wconf 89' lang='lat' dir='ltr'><strong>privatim</strong></span> 
     </span>
    </p>
   </div>
   <div class='ocr_carea' id='block_1_80' title="bbox 186 5028 1823 5089">
    <p class='ocr_par' dir='ltr' id='par_1_80' title="bbox 186 5028 1823 5089">
     <span class='ocr_line' id='line_1_81' title="bbox 186 5028 1823 5089; baseline 0.001 -8"><span class='ocrx_word' id='word_1_586' title='bbox 186 5028 500 5088; x_wconf 82' lang='lat' dir='ltr'><strong>oblatornm</strong></span> <span class='ocrx_word' id='word_1_587' title='bbox 526 5034 890 5089; x_wconf 83' lang='lat' dir='ltr'><strong>abducendis</strong></span> <span class='ocrx_word' id='word_1_588' title='bbox 909 5051 941 5087; x_wconf 79' lang='grc' dir='ltr'><strong>ιι</strong></span> <span class='ocrx_word' id='word_1_589' title='bbox 964 5031 1263 5087; x_wconf 91' lang='lat' dir='ltr'><strong>communi</strong></span> <span class='ocrx_word' id='word_1_590' title='bbox 1291 5030 1562 5086; x_wconf 89' lang='lat' dir='ltr'><strong>universo</strong></span> <span class='ocrx_word' id='word_1_591' title='bbox 1584 5032 1823 5085; x_wconf 83' lang='lat' dir='ltr'><strong>Latino-</strong></span> 
     </span>
    </p>
   </div>
   <div class='ocr_carea' id='block_1_81' title="bbox 188 5119 1821 5191">
    <p class='ocr_par' dir='ltr' id='par_1_81' title="bbox 188 5119 1821 5191">
     <span class='ocr_line' id='line_1_82' title="bbox 188 5119 1821 5191; baseline 0 -18"><span class='ocrx_word' id='word_1_592' title='bbox 188 5132 304 5173; x_wconf 87' lang='lat' dir='ltr'><strong>rum</strong></span> <span class='ocrx_word' id='word_1_593' title='bbox 334 5122 533 5191; x_wconf 87' lang='lat' dir='ltr'><strong>generi</strong></span> <span class='ocrx_word' id='word_1_594' title='bbox 565 5122 1001 5191; x_wconf 79' lang='lat' dir='ltr'><strong>conspiratione</strong></span> <span class='ocrx_word' id='word_1_595' title='bbox 1023 5120 1081 5175; x_wconf 93' lang='lat' dir='ltr'><strong>in</strong></span> <span class='ocrx_word' id='word_1_596' title='bbox 1105 5120 1306 5175; x_wconf 89' lang='lat' dir='ltr'><strong>odium</strong></span> <span class='ocrx_word' id='word_1_597' title='bbox 1330 5121 1683 5175; x_wconf 65' lang='lat' dir='ltr'><strong>Graecorum.</strong></span> <span class='ocrx_word' id='word_1_598' title='bbox 1708 5119 1821 5174; x_wconf 88' lang='lat' dir='ltr'><strong>Nec</strong></span> 
     </span>
    </p>
   </div>
   <div class='ocr_carea' id='block_1_82' title="bbox 190 5207 1819 5281">
    <p class='ocr_par' dir='ltr' id='par_1_82' title="bbox 190 5207 1819 5281">
     <span class='ocr_line' id='line_1_83' title="bbox 190 5207 1819 5281; baseline 0.003 -21"><span class='ocrx_word' id='word_1_599' title='bbox 190 5207 322 5263; x_wconf 86' lang='lat' dir='ltr'><strong>nihil</strong></span> <span class='ocrx_word' id='word_1_600' title='bbox 354 5211 697 5281; x_wconf 82' lang='lat' dir='ltr'><strong>proficiebat</strong></span> <span class='ocrx_word' id='word_1_601' title='bbox 730 5210 845 5265; x_wconf 84' lang='lat' dir='ltr'><strong>ista</strong></span> <span class='ocrx_word' id='word_1_602' title='bbox 876 5227 1088 5281; x_wconf 89' lang='lat' dir='ltr'><strong>opera:</strong></span> <span class='ocrx_word' id='word_1_603' title='bbox 1126 5209 1345 5266; x_wconf 89' lang='lat' dir='ltr'><strong>sensim</strong></span> <span class='ocrx_word' id='word_1_604' title='bbox 1380 5209 1534 5264; x_wconf 90' lang='lat' dir='ltr'><strong>enim</strong></span> <span class='ocrx_word' id='word_1_605' title='bbox 1561 5209 1819 5265; x_wconf 82' lang='lat' dir='ltr'><strong>circura-</strong></span> 
     </span>
    </p>
   </div>
   <div class='ocr_carea' id='block_1_83' title="bbox 187 5293 1821 5371">
    <p class='ocr_par' dir='ltr' id='par_1_83' title="bbox 187 5293 1821 5371">
     <span class='ocr_line' id='line_1_84' title="bbox 187 5293 1821 5371; baseline 0.004 -24"><span class='ocrx_word' id='word_1_606' title='bbox 187 5293 269 5349; x_wconf 83' lang='lat' dir='ltr'><strong>bat</strong></span> <span class='ocrx_word' id='word_1_607' title='bbox 301 5298 475 5365; x_wconf 89' lang='lat' dir='ltr'><strong>feros,</strong></span> <span class='ocrx_word' id='word_1_608' title='bbox 498 5305 553 5355; x_wconf 92' lang='lat' dir='ltr'><strong>et</strong></span> <span class='ocrx_word' id='word_1_609' title='bbox 568 5317 748 5355; x_wconf 72' lang='lat' dir='ltr'><strong>sazvoe</strong></span> <span class='ocrx_word' id='word_1_610' title='bbox 767 5300 1046 5355; x_wconf 90' lang='lat' dir='ltr'><strong>iratorum</strong></span> <span class='ocrx_word' id='word_1_611' title='bbox 1063 5300 1319 5371; x_wconf 84' lang='lat' dir='ltr'><strong>impetus</strong></span> <span class='ocrx_word' id='word_1_612' title='bbox 1333 5298 1630 5354; x_wconf 84' lang='lat' dir='ltr'><strong>beneficiis</strong></span> <span class='ocrx_word' id='word_1_613' title='bbox 1644 5298 1821 5354; x_wconf 87' lang='lat' dir='ltr'><strong>emol-</strong></span> 
     </span>
    </p>
   </div>
   <div class='ocr_carea' id='block_1_84' title="bbox 184 5380 1819 5462">
    <p class='ocr_par' dir='ltr' id='par_1_84' title="bbox 184 5380 1819 5462">
     <span class='ocr_line' id='line_1_85' title="bbox 184 5380 1819 5462; baseline 0.006 -26"><span class='ocrx_word' id='word_1_614' title='bbox 184 5380 363 5443; x_wconf 90' lang='lat' dir='ltr'><strong>liendo</strong></span> <span class='ocrx_word' id='word_1_615' title='bbox 398 5388 725 5461; x_wconf 78' lang='lat' dir='ltr'><strong>frangebat.</strong></span> <span class='ocrx_word' id='word_1_616' title='bbox 762 5390 908 5461; x_wconf 83' lang='lat' dir='ltr'><strong>ipsis</strong></span> <span class='ocrx_word' id='word_1_617' title='bbox 940 5390 1516 5462; x_wconf 89' lang='lat' dir='ltr'><strong>quippeindulgebat</strong></span> <span class='ocrx_word' id='word_1_618' title='bbox 1539 5393 1602 5444; x_wconf 93' lang='lat' dir='ltr'><strong>ut</strong></span> <span class='ocrx_word' id='word_1_619' title='bbox 1633 5390 1689 5443; x_wconf 90' lang='lat' dir='ltr'><strong>in</strong></span> <span class='ocrx_word' id='word_1_620' title='bbox 1719 5390 1819 5445; x_wconf 91' lang='lat' dir='ltr'><strong>bo-</strong></span> 
     </span>
    </p>
   </div>
   <div class='ocr_carea' id='block_1_85' title="bbox 190 5476 1818 5549">
    <p class='ocr_par' dir='ltr' id='par_1_85' title="bbox 190 5476 1818 5549">
     <span class='ocr_line' id='line_1_86' title="bbox 190 5476 1818 5549; baseline 0.004 -24"><span class='ocrx_word' id='word_1_621' title='bbox 190 5488 257 5527; x_wconf 91' lang='lat' dir='ltr'><strong>no</strong></span> <span class='ocrx_word' id='word_1_622' title='bbox 286 5477 447 5531; x_wconf 80' lang='lat' dir='ltr'><strong>urbis</strong></span> <span class='ocrx_word' id='word_1_623' title='bbox 478 5477 603 5534; x_wconf 91' lang='lat' dir='ltr'><strong>loco</strong></span> <span class='ocrx_word' id='word_1_624' title='bbox 633 5478 899 5534; x_wconf 87' lang='lat' dir='ltr'><strong>habitare</strong></span> <span class='ocrx_word' id='word_1_625' title='bbox 930 5494 1136 5534; x_wconf 75' lang='lat' dir='ltr'><strong>secure</strong></span> <span class='ocrx_word' id='word_1_626' title='bbox 1167 5482 1427 5549; x_wconf 88' lang='lat' dir='ltr'><strong>possent,</strong></span> <span class='ocrx_word' id='word_1_627' title='bbox 1454 5481 1684 5533; x_wconf 90' lang='lat' dir='ltr'><strong>tantum</strong></span> <span class='ocrx_word' id='word_1_628' title='bbox 1706 5476 1818 5533; x_wconf 90' lang='lat' dir='ltr'><strong>loci</strong></span> 
     </span>
    </p>
   </div>
   <div class='ocr_carea' id='block_1_86' title="bbox 188 5567 1817 5637">
    <p class='ocr_par' dir='ltr' id='par_1_86' title="bbox 188 5567 1817 5637">
     <span class='ocr_line' id='line_1_87' title="bbox 188 5567 1817 5637; baseline 0.006 -23"><span class='ocrx_word' id='word_1_629' title='bbox 188 5570 531 5635; x_wconf 88' lang='lat' dir='ltr'><strong>occupantes</strong></span> <span class='ocrx_word' id='word_1_630' title='bbox 582 5571 868 5637; x_wconf 85' lang='lat' dir='ltr'><strong>quantum</strong></span> <span class='ocrx_word' id='word_1_631' title='bbox 901 5567 1014 5623; x_wconf 88' lang='lat' dir='ltr'><strong>sibi</strong></span> <span class='ocrx_word' id='word_1_632' title='bbox 1067 5567 1336 5623; x_wconf 86' lang='lat' dir='ltr'><strong>sufﬁcere</strong></span> <span class='ocrx_word' id='word_1_633' title='bbox 1384 5570 1677 5637; x_wconf 86' lang='lat' dir='ltr'><strong>putarent,</strong></span> <span class='ocrx_word' id='word_1_634' title='bbox 1713 5584 1817 5623; x_wconf 86' lang='lat' dir='ltr'><strong>sua</strong></span> 
     </span>
    </p>
   </div>
   <div class='ocr_carea' id='block_1_87' title="bbox 187 5647 1815 5728">
    <p class='ocr_par' dir='ltr' id='par_1_87' title="bbox 187 5647 1815 5728">
     <span class='ocr_line' id='line_1_88' title="bbox 187 5647 1815 5728; baseline 0.002 -21"><span class='ocrx_word' id='word_1_635' title='bbox 187 5647 441 5720; x_wconf 80' lang='lat' dir='ltr'><strong>ipsorum</strong></span> <span class='ocrx_word' id='word_1_636' title='bbox 474 5655 708 5728; x_wconf 87' lang='lat' dir='ltr'><strong>propria</strong></span> <span class='ocrx_word' id='word_1_637' title='bbox 737 5660 970 5714; x_wconf 88' lang='lat' dir='ltr'><strong>utentes</strong></span> <span class='ocrx_word' id='word_1_638' title='bbox 999 5653 1328 5727; x_wconf 87' lang='lat' dir='ltr'><strong>disciplina,</strong></span> <span class='ocrx_word' id='word_1_639' title='bbox 1360 5654 1473 5712; x_wconf 91' lang='lat' dir='ltr'><strong>sub</strong></span> <span class='ocrx_word' id='word_1_640' title='bbox 1503 5671 1645 5711; x_wconf 89' lang='lat' dir='ltr'><strong>cura</strong></span> <span class='ocrx_word' id='word_1_641' title='bbox 1670 5671 1815 5728; x_wconf 73' lang='lat' dir='ltr'><strong>prae-</strong></span> 
     </span>
    </p>
   </div>
   <div class='ocr_carea' id='block_1_88' title="bbox 1944 3250 3589 3324">
    <p class='ocr_par' dir='ltr' id='par_1_88' title="bbox 1944 3250 3589 3324">
     <span class='ocr_line' id='line_1_89' title="bbox 1944 3250 3589 3324; baseline -0.005 -13"><span class='ocrx_word' id='word_1_642' title='bbox 1944 3262 2060 3312; x_wconf 91' lang='lat' dir='ltr'><strong>tem</strong></span> <span class='ocrx_word' id='word_1_643' title='bbox 2085 3256 2139 3307; x_wconf 90' lang='lat' dir='ltr'><strong>et</strong></span> <span class='ocrx_word' id='word_1_644' title='bbox 2164 3252 2393 3307; x_wconf 87' lang='lat' dir='ltr'><strong>Pisanis</strong></span> <span class='ocrx_word' id='word_1_645' title='bbox 2417 3251 2578 3324; x_wconf 90' lang='lat' dir='ltr'><strong>paria</strong></span> <span class='ocrx_word' id='word_1_646' title='bbox 2592 3250 2867 3307; x_wconf 90' lang='lat' dir='ltr'><strong>similiter</strong></span> <span class='ocrx_word' id='word_1_647' title='bbox 2889 3255 3180 3306; x_wconf 87' lang='lat' dir='ltr'><strong>ostentata</strong></span> <span class='ocrx_word' id='word_1_648' title='bbox 3204 3254 3362 3313; x_wconf 90' lang='lat' dir='ltr'><strong>sunt,</strong></span> <span class='ocrx_word' id='word_1_649' title='bbox 3379 3265 3589 3319; x_wconf 88' lang='lat' dir='ltr'><strong>nempe</strong></span> 
     </span>
    </p>
   </div>
   <div class='ocr_carea' id='block_1_89' title="bbox 1939 3337 3591 3412">
    <p class='ocr_par' dir='ltr' id='par_1_89' title="bbox 1939 3337 3591 3412">
     <span class='ocr_line' id='line_1_90' title="bbox 1939 3337 3591 3412; baseline -0.005 -12"><span class='ocrx_word' id='word_1_650' title='bbox 1939 3349 2004 3400; x_wconf 89' lang='lat' dir='ltr'><strong>ut</strong></span> <span class='ocrx_word' id='word_1_651' title='bbox 2037 3341 2120 3396; x_wconf 91' lang='lat' dir='ltr'><strong>illi</strong></span> <span class='ocrx_word' id='word_1_652' title='bbox 2163 3340 2401 3412; x_wconf 89' lang='lat' dir='ltr'><strong>quidem</strong></span> <span class='ocrx_word' id='word_1_653' title='bbox 2454 3340 2566 3396; x_wconf 90' lang='lat' dir='ltr'><strong>sub</strong></span> <span class='ocrx_word' id='word_1_654' title='bbox 2619 3338 2818 3411; x_wconf 88' lang='lat' dir='ltr'><strong>bajulo</strong></span> <span class='ocrx_word' id='word_1_655' title='bbox 2882 3339 3207 3411; x_wconf 91' lang='lat' dir='ltr'><strong>(vocabulo,</strong></span> <span class='ocrx_word' id='word_1_656' title='bbox 3259 3338 3305 3392; x_wconf 89' lang='lat' dir='ltr'><strong>si</strong></span> <span class='ocrx_word' id='word_1_657' title='bbox 3340 3338 3397 3391; x_wconf 88' lang='lat' dir='ltr'><strong>in</strong></span> <span class='ocrx_word' id='word_1_658' title='bbox 3430 3337 3591 3393; x_wconf 69' lang='lat' dir='ltr'><strong>Grie-</strong></span> 
     </span>
    </p>
   </div>
   <div class='ocr_carea' id='block_1_90' title="bbox 1937 3426 3589 3501">
    <p class='ocr_par' dir='ltr' id='par_1_90' title="bbox 1937 3426 3589 3501">
     <span class='ocr_line' id='line_1_91' title="bbox 1937 3426 3589 3501; baseline -0.006 -12"><span class='ocrx_word' id='word_1_659' title='bbox 1937 3449 2068 3488; x_wconf 91' lang='lat' dir='ltr'><strong>cum</strong></span> <span class='ocrx_word' id='word_1_660' title='bbox 2102 3429 2909 3501; x_wconf 76' lang='lat' dir='ltr'><strong>interpreteris,praepositum</strong></span> <span class='ocrx_word' id='word_1_661' title='bbox 2936 3428 3226 3499; x_wconf 88' lang='lat' dir='ltr'><strong>sonante),</strong></span> <span class='ocrx_word' id='word_1_662' title='bbox 3264 3426 3451 3483; x_wconf 84' lang='lat' dir='ltr'><strong>Pisani</strong></span> <span class='ocrx_word' id='word_1_663' title='bbox 3486 3441 3589 3480; x_wconf 91' lang='lat' dir='ltr'><strong>au-</strong></span> 
     </span>
    </p>
   </div>
   <div class='ocr_carea' id='block_1_91' title="bbox 1942 3514 3587 3588">
    <p class='ocr_par' dir='ltr' id='par_1_91' title="bbox 1942 3514 3587 3588">
     <span class='ocr_line' id='line_1_92' title="bbox 1942 3514 3587 3588; baseline -0.004 -13"><span class='ocrx_word' id='word_1_664' title='bbox 1942 3525 2056 3576; x_wconf 86' lang='lat' dir='ltr'><strong>tem</strong></span> <span class='ocrx_word' id='word_1_665' title='bbox 2108 3518 2217 3574; x_wconf 91' lang='lat' dir='ltr'><strong>sub</strong></span> <span class='ocrx_word' id='word_1_666' title='bbox 2263 3517 2524 3587; x_wconf 85' lang='lat' dir='ltr'><strong>consule,</strong></span> <span class='ocrx_word' id='word_1_667' title='bbox 2569 3517 2738 3588; x_wconf 83' lang='lat' dir='ltr'><strong>quasi</strong></span> <span class='ocrx_word' id='word_1_668' title='bbox 2792 3517 2954 3572; x_wconf 90' lang='lat' dir='ltr'><strong>dicas</strong></span> <span class='ocrx_word' id='word_1_669' title='bbox 2988 3516 3205 3588; x_wconf 90' lang='lat' dir='ltr'><strong>ephoro</strong></span> <span class='ocrx_word' id='word_1_670' title='bbox 3250 3520 3353 3570; x_wconf 89' lang='lat' dir='ltr'><strong>aut</strong></span> <span class='ocrx_word' id='word_1_671' title='bbox 3400 3514 3587 3580; x_wconf 74' lang='lat' dir='ltr'><strong>aedile,</strong></span> 
     </span>
    </p>
   </div>
   <div class='ocr_carea' id='block_1_92' title="bbox 1939 3606 3587 3681">
    <p class='ocr_par' dir='ltr' id='par_1_92' title="bbox 1939 3606 3587 3681">
     <span class='ocr_line' id='line_1_93' title="bbox 1939 3606 3587 3681; baseline -0.002 -18"><span class='ocrx_word' id='word_1_672' title='bbox 1939 3608 2171 3681; x_wconf 86' lang='lat' dir='ltr'><strong>legibus</strong></span> <span class='ocrx_word' id='word_1_673' title='bbox 2203 3607 2467 3679; x_wconf 88' lang='lat' dir='ltr'><strong>ipsorum</strong></span> <span class='ocrx_word' id='word_1_674' title='bbox 2500 3606 2755 3678; x_wconf 88' lang='lat' dir='ltr'><strong>quisque</strong></span> <span class='ocrx_word' id='word_1_675' title='bbox 2786 3606 3038 3677; x_wconf 69' lang='lat' dir='ltr'><strong>pr0p&#39;iis</strong></span> <span class='ocrx_word' id='word_1_676' title='bbox 3071 3610 3378 3661; x_wconf 89' lang='lat' dir='ltr'><strong>uterentur</strong></span> <span class='ocrx_word' id='word_1_677' title='bbox 3418 3621 3587 3659; x_wconf 88' lang='lat' dir='ltr'><strong>suas-</strong></span> 
     </span>
    </p>
   </div>
   <div class='ocr_carea' id='block_1_93' title="bbox 1939 3693 3586 3769">
    <p class='ocr_par' dir='ltr' id='par_1_93' title="bbox 1939 3693 3586 3769">
     <span class='ocr_line' id='line_1_94' title="bbox 1939 3693 3586 3769; baseline -0.004 -15"><span class='ocrx_word' id='word_1_678' title='bbox 1939 3714 2053 3769; x_wconf 92' lang='lat' dir='ltr'><strong>que</strong></span> <span class='ocrx_word' id='word_1_679' title='bbox 2083 3713 2176 3751; x_wconf 91' lang='lat' dir='ltr'><strong>res</strong></span> <span class='ocrx_word' id='word_1_680' title='bbox 2208 3700 2447 3767; x_wconf 87' lang='lat' dir='ltr'><strong>agerent</strong></span> <span class='ocrx_word' id='word_1_681' title='bbox 2471 3694 2818 3767; x_wconf 84' lang='lat' dir='ltr'><strong>prohibente</strong></span> <span class='ocrx_word' id='word_1_682' title='bbox 2850 3695 3103 3765; x_wconf 88' lang='lat' dir='ltr'><strong>nemine,</strong></span> <span class='ocrx_word' id='word_1_683' title='bbox 3138 3693 3315 3749; x_wconf 89' lang='lat' dir='ltr'><strong>libere</strong></span> <span class='ocrx_word' id='word_1_684' title='bbox 3339 3710 3439 3764; x_wconf 92' lang='lat' dir='ltr'><strong>per</strong></span> <span class='ocrx_word' id='word_1_685' title='bbox 3461 3710 3586 3748; x_wconf 90' lang='lat' dir='ltr'><strong>om-</strong></span> 
     </span>
    </p>
   </div>
   <div class='ocr_carea' id='block_1_94' title="bbox 1942 3784 3583 3854">
    <p class='ocr_par' dir='ltr' id='par_1_94' title="bbox 1942 3784 3583 3854">
     <span class='ocr_line' id='line_1_95' title="bbox 1942 3784 3583 3854; baseline -0.003 -12"><span class='ocrx_word' id='word_1_686' title='bbox 1942 3788 2037 3842; x_wconf 89' lang='lat' dir='ltr'><strong>nia</strong></span> <span class='ocrx_word' id='word_1_687' title='bbox 2054 3787 2313 3842; x_wconf 89' lang='lat' dir='ltr'><strong>viventes</strong></span> <span class='ocrx_word' id='word_1_688' title='bbox 2334 3803 2348 3854; x_wconf 92' lang='lat'><strong>;</strong></span> <span class='ocrx_word' id='word_1_689' title='bbox 2377 3790 2649 3840; x_wconf 63' lang='lat' dir='ltr'><strong>creterum</strong></span> <span class='ocrx_word' id='word_1_690' title='bbox 2675 3785 3082 3840; x_wconf 88' lang='lat' dir='ltr'><strong>Genuensibus</strong></span> <span class='ocrx_word' id='word_1_691' title='bbox 3106 3784 3247 3839; x_wconf 87' lang='lat' dir='ltr'><strong>satis</strong></span> <span class='ocrx_word' id='word_1_692' title='bbox 3270 3784 3447 3838; x_wconf 83' lang='lat' dir='ltr'><strong>ﬁdere</strong></span> <span class='ocrx_word' id='word_1_693' title='bbox 3471 3801 3583 3837; x_wconf 92' lang='lat' dir='ltr'><strong>non</strong></span> 
     </span>
    </p>
   </div>
   <div class='ocr_carea' id='block_1_95' title="bbox 1937 3871 3589 3946">
    <p class='ocr_par' dir='ltr' id='par_1_95' title="bbox 1937 3871 3589 3946">
     <span class='ocr_line' id='line_1_96' title="bbox 1937 3871 3589 3946; baseline -0.004 -14"><span class='ocrx_word' id='word_1_694' title='bbox 1937 3880 2161 3946; x_wconf 88' lang='lat' dir='ltr'><strong>poterat</strong></span> <span class='ocrx_word' id='word_1_695' title='bbox 2191 3874 2345 3928; x_wconf 89' lang='lat' dir='ltr'><strong>intra</strong></span> <span class='ocrx_word' id='word_1_696' title='bbox 2376 3874 2579 3928; x_wconf 90' lang='lat' dir='ltr'><strong>urbem</strong></span> <span class='ocrx_word' id='word_1_697' title='bbox 2614 3874 2985 3945; x_wconf 87' lang='lat' dir='ltr'><strong>degentibus,</strong></span> <span class='ocrx_word' id='word_1_698' title='bbox 3019 3874 3171 3943; x_wconf 92' lang='lat' dir='ltr'><strong>quod</strong></span> <span class='ocrx_word' id='word_1_699' title='bbox 3208 3871 3589 3926; x_wconf 89' lang='lat' dir='ltr'><strong>multiessent</strong></span> 
     </span>
    </p>
   </div>
   <div class='ocr_carea' id='block_1_96' title="bbox 1937 3960 3581 4026">
    <p class='ocr_par' dir='ltr' id='par_1_96' title="bbox 1937 3960 3581 4026">
     <span class='ocr_line' id='line_1_97' title="bbox 1937 3960 3581 4026; baseline -0.005 -5"><span class='ocrx_word' id='word_1_700' title='bbox 1937 3982 2042 4022; x_wconf 91' lang='lat' dir='ltr'><strong>nec</strong></span> <span class='ocrx_word' id='word_1_701' title='bbox 2074 3981 2205 4019; x_wconf 88' lang='lat' dir='ltr'><strong>cum</strong></span> <span class='ocrx_word' id='word_1_702' title='bbox 2260 3963 2485 4019; x_wconf 84' lang='lat' dir='ltr'><strong>Pisanis</strong></span> <span class='ocrx_word' id='word_1_703' title='bbox 2516 3967 2572 4017; x_wconf 93' lang='lat' dir='ltr'><strong>et</strong></span> <span class='ocrx_word' id='word_1_704' title='bbox 2600 3963 2839 4017; x_wconf 89' lang='lat' dir='ltr'><strong>Venetis</strong></span> <span class='ocrx_word' id='word_1_705' title='bbox 2881 3962 3274 4017; x_wconf 89' lang='lat' dir='ltr'><strong>communiter</strong></span> <span class='ocrx_word' id='word_1_706' title='bbox 3305 3960 3581 4026; x_wconf 90' lang='lat' dir='ltr'><strong>viverent,</strong></span> 
     </span>
    </p>
   </div>
   <div class='ocr_carea' id='block_1_97' title="bbox 1937 4047 3584 4123">
    <p class='ocr_par' dir='ltr' id='par_1_97' title="bbox 1937 4047 3584 4123">
     <span class='ocr_line' id='line_1_98' title="bbox 1937 4047 3584 4123; baseline -0.004 -13"><span class='ocrx_word' id='word_1_707' title='bbox 1937 4055 2039 4111; x_wconf 88' lang='lat' dir='ltr'><strong>sed</strong></span> <span class='ocrx_word' id='word_1_708' title='bbox 2074 4069 2213 4109; x_wconf 87' lang='lat' dir='ltr'><strong>suas</strong></span> <span class='ocrx_word' id='word_1_709' title='bbox 2245 4052 2356 4107; x_wconf 87' lang='lat' dir='ltr'><strong>sibi</strong></span> <span class='ocrx_word' id='word_1_710' title='bbox 2408 4052 2729 4123; x_wconf 86' lang='lat' dir='ltr'><strong>separatim</strong></span> <span class='ocrx_word' id='word_1_711' title='bbox 2760 4068 2850 4107; x_wconf 90' lang='lat' dir='ltr'><strong>res</strong></span> <span class='ocrx_word' id='word_1_712' title='bbox 2882 4051 3165 4106; x_wconf 88' lang='lat' dir='ltr'><strong>haberent</strong></span> <span class='ocrx_word' id='word_1_713' title='bbox 3195 4068 3206 4116; x_wconf 92' lang='lat'>;</span> <span class='ocrx_word' id='word_1_714' title='bbox 3256 4066 3404 4120; x_wconf 91' lang='lat' dir='ltr'><strong>quos</strong></span> <span class='ocrx_word' id='word_1_715' title='bbox 3436 4047 3584 4103; x_wconf 90' lang='lat' dir='ltr'><strong>alla-</strong></span> 
     </span>
    </p>
   </div>
   <div class='ocr_carea' id='block_1_98' title="bbox 1934 4138 3583 4213">
    <p class='ocr_par' dir='ltr' id='par_1_98' title="bbox 1934 4138 3583 4213">
     <span class='ocr_line' id='line_1_99' title="bbox 1934 4138 3583 4213; baseline -0.004 -13"><span class='ocrx_word' id='word_1_716' title='bbox 1934 4143 2099 4206; x_wconf 86' lang='lat' dir='ltr'><strong>trari,</strong></span> <span class='ocrx_word' id='word_1_717' title='bbox 2125 4143 2661 4213; x_wconf 52' lang='lat' dir='ltr'><strong>cumjapparerent,</strong></span> <span class='ocrx_word' id='word_1_718' title='bbox 2688 4147 2745 4196; x_wconf 88' lang='lat' dir='ltr'><strong>et</strong></span> <span class='ocrx_word' id='word_1_719' title='bbox 2777 4141 2959 4213; x_wconf 85' lang='lat' dir='ltr'><strong>plebis</strong></span> <span class='ocrx_word' id='word_1_720' title='bbox 2982 4139 3277 4212; x_wconf 88' lang='lat' dir='ltr'><strong>proscindi</strong></span> <span class='ocrx_word' id='word_1_721' title='bbox 3302 4138 3583 4193; x_wconf 79' lang='lat' dir='ltr'><strong>conviciis</strong></span> 
     </span>
    </p>
   </div>
   <div class='ocr_carea' id='block_1_99' title="bbox 1936 4226 3585 4300">
    <p class='ocr_par' dir='ltr' id='par_1_99' title="bbox 1936 4226 3585 4300">
     <span class='ocr_line' id='line_1_100' title="bbox 1936 4226 3585 4300; baseline -0.005 -12"><span class='ocrx_word' id='word_1_722' title='bbox 1936 4233 2095 4288; x_wconf 90' lang='lat' dir='ltr'><strong>haud</strong></span> <span class='ocrx_word' id='word_1_723' title='bbox 2130 4231 2372 4287; x_wconf 90' lang='lat' dir='ltr'><strong>moleste</strong></span> <span class='ocrx_word' id='word_1_724' title='bbox 2404 4231 2645 4295; x_wconf 90' lang='lat' dir='ltr'><strong>ferebat,</strong></span> <span class='ocrx_word' id='word_1_725' title='bbox 2680 4231 2763 4285; x_wconf 90' lang='lat' dir='ltr'><strong>sic</strong></span> <span class='ocrx_word' id='word_1_726' title='bbox 2796 4230 2927 4284; x_wconf 85' lang='lat' dir='ltr'><strong>illos</strong></span> <span class='ocrx_word' id='word_1_727' title='bbox 2958 4229 3130 4300; x_wconf 92' lang='lat' dir='ltr'><strong>(quod</strong></span> <span class='ocrx_word' id='word_1_728' title='bbox 3164 4227 3274 4283; x_wconf 88' lang='lat' dir='ltr'><strong>sibi</strong></span> <span class='ocrx_word' id='word_1_729' title='bbox 3309 4226 3449 4282; x_wconf 90' lang='lat' dir='ltr'><strong>utile</strong></span> <span class='ocrx_word' id='word_1_730' title='bbox 3482 4244 3585 4298; x_wconf 90' lang='lat' dir='ltr'><strong>pu-</strong></span> 
     </span>
    </p>
   </div>
   <div class='ocr_carea' id='block_1_100' title="bbox 1934 4316 3581 4393">
    <p class='ocr_par' dir='ltr' id='par_1_100' title="bbox 1934 4316 3581 4393">
     <span class='ocr_line' id='line_1_101' title="bbox 1934 4316 3581 4393; baseline -0.005 -15"><span class='ocrx_word' id='word_1_731' title='bbox 1934 4321 2118 4393; x_wconf 87' lang='lat' dir='ltr'><strong>tabat)</strong></span> <span class='ocrx_word' id='word_1_732' title='bbox 2150 4319 2407 4376; x_wconf 88' lang='lat' dir='ltr'><strong>cohiberi</strong></span> <span class='ocrx_word' id='word_1_733' title='bbox 2443 4334 2513 4372; x_wconf 90' lang='lat' dir='ltr'><strong>ne</strong></span> <span class='ocrx_word' id='word_1_734' title='bbox 2535 4318 2701 4374; x_wconf 80' lang='lat' dir='ltr'><strong>facile</strong></span> <span class='ocrx_word' id='word_1_735' title='bbox 2724 4318 3044 4390; x_wconf 83' lang='lat' dir='ltr'><strong>prodirent,</strong></span> <span class='ocrx_word' id='word_1_736' title='bbox 3076 4321 3131 4372; x_wconf 86' lang='lat' dir='ltr'><strong>et</strong></span> <span class='ocrx_word' id='word_1_737' title='bbox 3158 4318 3317 4373; x_wconf 88' lang='lat' dir='ltr'><strong>intus</strong></span> <span class='ocrx_word' id='word_1_738' title='bbox 3339 4316 3581 4371; x_wconf 86' lang='lat' dir='ltr'><strong>detineri</strong></span> 
     </span>
    </p>
   </div>
   <div class='ocr_carea' id='block_1_101' title="bbox 1937 4405 3579 4483">
    <p class='ocr_par' dir='ltr' id='par_1_101' title="bbox 1937 4405 3579 4483">
     <span class='ocr_line' id='line_1_102' title="bbox 1937 4405 3579 4483; baseline -0.005 -16"><span class='ocrx_word' id='word_1_739' title='bbox 1937 4412 2311 4483; x_wconf 82' lang='lat' dir='ltr'><strong>gaudens.Ea</strong></span> <span class='ocrx_word' id='word_1_740' title='bbox 2328 4424 2499 4480; x_wconf 83' lang='lat' dir='ltr'><strong>porro</strong></span> <span class='ocrx_word' id='word_1_741' title='bbox 2515 4408 2613 4463; x_wconf 91' lang='lat' dir='ltr'><strong>ind</strong></span> <span class='ocrx_word' id='word_1_742' title='bbox 2626 4407 2808 4463; x_wconf 89' lang='lat' dir='ltr'><strong>ustria</strong></span> <span class='ocrx_word' id='word_1_743' title='bbox 2821 4407 3111 4463; x_wconf 87' lang='lat' dir='ltr'><strong>tractandi</strong></span> <span class='ocrx_word' id='word_1_744' title='bbox 3125 4405 3579 4478; x_wconf 87' lang='lat' dir='ltr'><strong>separatimcnm</strong></span> 
     </span>
    </p>
   </div>
   <div class='ocr_carea' id='block_1_102' title="bbox 1937 4496 3580 4571">
    <p class='ocr_par' dir='ltr' id='par_1_102' title="bbox 1937 4496 3580 4571">
     <span class='ocr_line' id='line_1_103' title="bbox 1937 4496 3580 4571; baseline -0.004 -15"><span class='ocrx_word' id='word_1_745' title='bbox 1937 4515 2295 4571; x_wconf 89' lang='lat' dir='ltr'><strong>unaquaque</strong></span> <span class='ocrx_word' id='word_1_746' title='bbox 2330 4502 2526 4569; x_wconf 89' lang='lat' dir='ltr'><strong>gente,</strong></span> <span class='ocrx_word' id='word_1_747' title='bbox 2554 4502 2611 4554; x_wconf 90' lang='lat' dir='ltr'><strong>et</strong></span> <span class='ocrx_word' id='word_1_748' title='bbox 2644 4496 3027 4569; x_wconf 65' lang='lat' dir='ltr'><strong>praesentibus</strong></span> <span class='ocrx_word' id='word_1_749' title='bbox 3076 4496 3309 4568; x_wconf 86' lang='lat' dir='ltr'><strong>quidem</strong></span> <span class='ocrx_word' id='word_1_750' title='bbox 3337 4496 3580 4550; x_wconf 84' lang='lat' dir='ltr'><strong>benevo-</strong></span> 
     </span>
    </p>
   </div>
   <div class='ocr_carea' id='block_1_103' title="bbox 1934 4584 3583 4658">
    <p class='ocr_par' dir='ltr' id='par_1_103' title="bbox 1934 4584 3583 4658">
     <span class='ocr_line' id='line_1_104' title="bbox 1934 4584 3583 4658; baseline -0.004 -15"><span class='ocrx_word' id='word_1_751' title='bbox 1934 4587 2176 4645; x_wconf 91' lang='lat' dir='ltr'><strong>lentiam</strong></span> <span class='ocrx_word' id='word_1_752' title='bbox 2206 4586 2541 4654; x_wconf 87' lang='lat' dir='ltr'><strong>exhibendi,</strong></span> <span class='ocrx_word' id='word_1_753' title='bbox 2567 4585 2768 4658; x_wconf 92' lang='lat' dir='ltr'><strong>procul</strong></span> <span class='ocrx_word' id='word_1_754' title='bbox 2792 4603 2923 4642; x_wconf 90' lang='lat' dir='ltr'><strong>vero</strong></span> <span class='ocrx_word' id='word_1_755' title='bbox 2938 4584 3269 4641; x_wconf 87' lang='lat' dir='ltr'><strong>absentium</strong></span> <span class='ocrx_word' id='word_1_756' title='bbox 3288 4585 3404 4639; x_wconf 89' lang='lat' dir='ltr'><strong>iras</strong></span> <span class='ocrx_word' id='word_1_757' title='bbox 3424 4600 3583 4638; x_wconf 78' lang='lat' dir='ltr'><strong>exar-</strong></span> 
     </span>
    </p>
   </div>
   <div class='ocr_carea' id='block_1_104' title="bbox 1934 4672 3583 4746">
    <p class='ocr_par' dir='ltr' id='par_1_104' title="bbox 1934 4672 3583 4746">
     <span class='ocr_line' id='line_1_105' title="bbox 1934 4672 3583 4746; baseline -0.005 -13"><span class='ocrx_word' id='word_1_758' title='bbox 1934 4676 2135 4734; x_wconf 89' lang='lat' dir='ltr'><strong>mandi</strong></span> <span class='ocrx_word' id='word_1_759' title='bbox 2166 4674 2337 4731; x_wconf 92' lang='lat' dir='ltr'><strong>donis</strong></span> <span class='ocrx_word' id='word_1_760' title='bbox 2371 4674 2569 4729; x_wconf 86' lang='lat' dir='ltr'><strong>missis</strong></span> <span class='ocrx_word' id='word_1_761' title='bbox 2602 4678 2657 4729; x_wconf 91' lang='lat' dir='ltr'><strong>et</strong></span> <span class='ocrx_word' id='word_1_762' title='bbox 2688 4674 3011 4746; x_wconf 84' lang='lat' dir='ltr'><strong>privilegiis</strong></span> <span class='ocrx_word' id='word_1_763' title='bbox 3034 4672 3435 4743; x_wconf 88' lang='lat' dir='ltr'><strong>indultis,ejus</strong></span> <span class='ocrx_word' id='word_1_764' title='bbox 3458 4676 3583 4726; x_wconf 87' lang='lat' dir='ltr'><strong>erat</strong></span> 
     </span>
    </p>
   </div>
   <div class='ocr_carea' id='block_1_105' title="bbox 1937 4762 3579 4838">
    <p class='ocr_par' dir='ltr' id='par_1_105' title="bbox 1937 4762 3579 4838">
     <span class='ocr_line' id='line_1_106' title="bbox 1937 4762 3579 4838; baseline -0.004 -17"><span class='ocrx_word' id='word_1_765' title='bbox 1937 4768 2037 4838; x_wconf 92' lang='lat' dir='ltr'><strong>qui</strong></span> <span class='ocrx_word' id='word_1_766' title='bbox 2072 4765 2407 4822; x_wconf 87' lang='lat' dir='ltr'><strong>ostenderet</strong></span> <span class='ocrx_word' id='word_1_767' title='bbox 2438 4763 2757 4819; x_wconf 88' lang='lat' dir='ltr'><strong>formidare</strong></span> <span class='ocrx_word' id='word_1_768' title='bbox 2788 4780 2849 4819; x_wconf 91' lang='lat' dir='ltr'><strong>se</strong></span> <span class='ocrx_word' id='word_1_769' title='bbox 2881 4764 3173 4819; x_wconf 82' lang='lat' dir='ltr'><strong>rationum</strong></span> <span class='ocrx_word' id='word_1_770' title='bbox 3205 4762 3413 4818; x_wconf 91' lang='lat' dir='ltr'><strong>harum</strong></span> <span class='ocrx_word' id='word_1_771' title='bbox 3440 4778 3579 4816; x_wconf 88' lang='lat' dir='ltr'><strong>con-</strong></span> 
     </span>
    </p>
   </div>
   <div class='ocr_carea' id='block_1_106' title="bbox 1935 4852 3580 4928">
    <p class='ocr_par' dir='ltr' id='par_1_106' title="bbox 1935 4852 3580 4928">
     <span class='ocr_line' id='line_1_107' title="bbox 1935 4852 3580 4928; baseline -0.004 -15"><span class='ocrx_word' id='word_1_772' title='bbox 1935 4874 2175 4913; x_wconf 87' lang='lat' dir='ltr'><strong>sensum</strong></span> <span class='ocrx_word' id='word_1_773' title='bbox 2204 4859 2259 4911; x_wconf 91' lang='lat' dir='ltr'><strong>et</strong></span> <span class='ocrx_word' id='word_1_774' title='bbox 2296 4854 2794 4928; x_wconf 80' lang='lat' dir='ltr'><strong>conspirationem</strong></span> <span class='ocrx_word' id='word_1_775' title='bbox 2844 4856 2902 4911; x_wconf 92' lang='lat' dir='ltr'><strong>in</strong></span> <span class='ocrx_word' id='word_1_776' title='bbox 2937 4871 3305 4928; x_wconf 86' lang='lat' dir='ltr'><strong>communem</strong></span> <span class='ocrx_word' id='word_1_777' title='bbox 3348 4852 3580 4926; x_wconf 86' lang='lat' dir='ltr'><strong>expedi-</strong></span> 
     </span>
    </p>
   </div>
   <div class='ocr_carea' id='block_1_107' title="bbox 1933 4926 3581 5017">
    <p class='ocr_par' dir='ltr' id='par_1_107' title="bbox 1933 4926 3581 5017">
     <span class='ocr_line' id='line_1_108' title="bbox 1933 4926 3581 5017; baseline -0.004 -15"><span class='ocrx_word' id='word_1_778' title='bbox 1933 4948 2150 5002; x_wconf 88' lang='lat' dir='ltr'><strong>tionem</strong></span> <span class='ocrx_word' id='word_1_779' title='bbox 2182 4926 2485 5014; x_wconf 79' lang='lat' dir='ltr'><strong>bellicam;</strong></span> <span class='ocrx_word' id='word_1_780' title='bbox 2522 4962 2696 5017; x_wconf 91' lang='lat' dir='ltr'><strong>quem</strong></span> <span class='ocrx_word' id='word_1_781' title='bbox 2730 4946 2815 5000; x_wconf 91' lang='lat' dir='ltr'><strong>illi</strong></span> <span class='ocrx_word' id='word_1_782' title='bbox 2858 4946 3051 5017; x_wconf 89' lang='lat' dir='ltr'><strong>magis</strong></span> <span class='ocrx_word' id='word_1_783' title='bbox 3112 4926 3459 5000; x_wconf 75' lang='lat' dir='ltr'><strong>admovebat</strong></span> <span class='ocrx_word' id='word_1_784' title='bbox 3489 4944 3581 4997; x_wconf 85' lang='lat' dir='ltr'><strong>in-</strong></span> 
     </span>
    </p>
   </div>
   <div class='ocr_carea' id='block_1_108' title="bbox 1933 5034 3577 5107">
    <p class='ocr_par' dir='ltr' id='par_1_108' title="bbox 1933 5034 3577 5107">
     <span class='ocr_line' id='line_1_109' title="bbox 1933 5034 3577 5107; baseline -0.002 -16"><span class='ocrx_word' id='word_1_785' title='bbox 1933 5037 2329 5106; x_wconf 89' lang='lat' dir='ltr'><strong>tendebatque</strong></span> <span class='ocrx_word' id='word_1_786' title='bbox 2362 5039 2579 5090; x_wconf 91' lang='lat' dir='ltr'><strong>metum</strong></span> <span class='ocrx_word' id='word_1_787' title='bbox 2614 5040 2889 5107; x_wconf 89' lang='lat' dir='ltr'><strong>acceptus</strong></span> <span class='ocrx_word' id='word_1_788' title='bbox 2921 5037 2991 5091; x_wconf 90' lang='lat' dir='ltr'><strong>de</strong></span> <span class='ocrx_word' id='word_1_789' title='bbox 3022 5034 3301 5091; x_wconf 89' lang='lat' dir='ltr'><strong>Balduino</strong></span> <span class='ocrx_word' id='word_1_790' title='bbox 3334 5034 3577 5088; x_wconf 89' lang='lat' dir='ltr'><strong>nuntius</strong></span> 
     </span>
    </p>
   </div>
   <div class='ocr_carea' id='block_1_109' title="bbox 1930 5125 3570 5197">
    <p class='ocr_par' dir='ltr' id='par_1_109' title="bbox 1930 5125 3570 5197">
     <span class='ocr_line' id='line_1_110' title="bbox 1930 5125 3570 5197; baseline -0.002 -18"><span class='ocrx_word' id='word_1_791' title='bbox 1930 5125 2111 5181; x_wconf 89' lang='lat' dir='ltr'><strong>istum</strong></span> <span class='ocrx_word' id='word_1_792' title='bbox 2129 5125 2385 5180; x_wconf 89' lang='lat' dir='ltr'><strong>referens</strong></span> <span class='ocrx_word' id='word_1_793' title='bbox 2401 5126 2536 5197; x_wconf 85' lang='lat' dir='ltr'><strong>fuga</strong></span> <span class='ocrx_word' id='word_1_794' title='bbox 2550 5126 2805 5181; x_wconf 89' lang='lat' dir='ltr'><strong>eelatum</strong></span> <span class='ocrx_word' id='word_1_795' title='bbox 2820 5126 2891 5181; x_wconf 91' lang='lat' dir='ltr'><strong>ad</strong></span> <span class='ocrx_word' id='word_1_796' title='bbox 2906 5126 3107 5182; x_wconf 87' lang='lat' dir='ltr'><strong>Carolu</strong></span> <span class='ocrx_word' id='word_1_797' title='bbox 3120 5143 3168 5180; x_wconf 90' lang='lat' dir='ltr'><strong>m</strong></span> <span class='ocrx_word' id='word_1_798' title='bbox 3181 5126 3570 5196; x_wconf 73' lang='lat' dir='ltr'><strong>,praaferocom</strong></span> 
     </span>
    </p>
   </div>
   <div class='ocr_carea' id='block_1_110' title="bbox 1934 5214 3571 5285">
    <p class='ocr_par' dir='ltr' id='par_1_110' title="bbox 1934 5214 3571 5285">
     <span class='ocr_line' id='line_1_111' title="bbox 1934 5214 3571 5285; baseline -0.003 -17"><span class='ocrx_word' id='word_1_799' title='bbox 1934 5218 1993 5269; x_wconf 83' lang='lat' dir='ltr'><strong>et</strong></span> <span class='ocrx_word' id='word_1_800' title='bbox 2041 5230 2391 5285; x_wconf 88' lang='lat' dir='ltr'><strong>magnorum</strong></span> <span class='ocrx_word' id='word_1_801' title='bbox 2440 5214 2757 5285; x_wconf 86' lang='lat' dir='ltr'><strong>spirituum</strong></span> <span class='ocrx_word' id='word_1_802' title='bbox 2804 5215 3018 5282; x_wconf 87' lang='lat' dir='ltr'><strong>virum,</strong></span> <span class='ocrx_word' id='word_1_803' title='bbox 3050 5214 3391 5268; x_wconf 82' lang='lat' dir='ltr'><strong>affinitatem</strong></span> <span class='ocrx_word' id='word_1_804' title='bbox 3439 5226 3571 5264; x_wconf 91' lang='lat' dir='ltr'><strong>cum</strong></span> 
     </span>
    </p>
   </div>
   <div class='ocr_carea' id='block_1_111' title="bbox 1930 5300 3572 5375">
    <p class='ocr_par' dir='ltr' id='par_1_111' title="bbox 1930 5300 3572 5375">
     <span class='ocr_line' id='line_1_112' title="bbox 1930 5300 3572 5375; baseline -0.004 -19"><span class='ocrx_word' id='word_1_805' title='bbox 1930 5318 1996 5357; x_wconf 90' lang='lat' dir='ltr'><strong>eo</strong></span> <span class='ocrx_word' id='word_1_806' title='bbox 2019 5302 2382 5357; x_wconf 86' lang='lat' dir='ltr'><strong>contraxisse</strong></span> <span class='ocrx_word' id='word_1_807' title='bbox 2417 5304 2719 5375; x_wconf 89' lang='lat' dir='ltr'><strong>jungenda</strong></span> <span class='ocrx_word' id='word_1_808' title='bbox 2744 5320 2849 5358; x_wconf 91' lang='lat' dir='ltr'><strong>suo</strong></span> <span class='ocrx_word' id='word_1_809' title='bbox 2872 5303 3057 5358; x_wconf 62' lang='lat' dir='ltr'><strong>Caroli</strong></span> <span class='ocrx_word' id='word_1_810' title='bbox 3100 5301 3241 5368; x_wconf 78' lang='lat' dir='ltr'><strong>illia,</strong></span> <span class='ocrx_word' id='word_1_811' title='bbox 3287 5300 3572 5367; x_wconf 86' lang='lat' dir='ltr'><strong>imputata</strong></span> 
     </span>
    </p>
   </div>
   <div class='ocr_carea' id='block_1_112' title="bbox 1928 5387 3567 5461">
    <p class='ocr_par' dir='ltr' id='par_1_112' title="bbox 1928 5387 3567 5461">
     <span class='ocr_line' id='line_1_113' title="bbox 1928 5387 3567 5461; baseline -0.005 -17"><span class='ocrx_word' id='word_1_812' title='bbox 1928 5390 1985 5444; x_wconf 92' lang='lat' dir='ltr'><strong>in</strong></span> <span class='ocrx_word' id='word_1_813' title='bbox 2005 5389 2422 5461; x_wconf 89' lang='lat' dir='ltr'><strong>patrimonium</strong></span> <span class='ocrx_word' id='word_1_814' title='bbox 2446 5395 2501 5444; x_wconf 88' lang='lat' dir='ltr'><strong>et</strong></span> <span class='ocrx_word' id='word_1_815' title='bbox 2522 5390 2854 5445; x_wconf 85' lang='lat' dir='ltr'><strong>maritalem</strong></span> <span class='ocrx_word' id='word_1_816' title='bbox 2879 5391 3072 5444; x_wconf 85' lang='lat' dir='ltr'><strong>dotem</strong></span> <span class='ocrx_word' id='word_1_817' title='bbox 3110 5389 3250 5442; x_wconf 82' lang='lat' dir='ltr'><strong>urbe</strong></span> <span class='ocrx_word' id='word_1_818' title='bbox 3288 5387 3567 5441; x_wconf 86' lang='lat' dir='ltr'><strong>Constan-</strong></span> 
     </span>
    </p>
   </div>
   <div class='ocr_carea' id='block_1_113' title="bbox 1930 5471 3573 5551">
    <p class='ocr_par' dir='ltr' id='par_1_113' title="bbox 1930 5471 3573 5551">
     <span class='ocr_line' id='line_1_114' title="bbox 1930 5471 3573 5551; baseline -0.006 -18"><span class='ocrx_word' id='word_1_819' title='bbox 1930 5478 2383 5551; x_wconf 82' lang='lat' dir='ltr'><strong>tinopoli,quam</strong></span> <span class='ocrx_word' id='word_1_820' title='bbox 2410 5478 2543 5534; x_wconf 90' lang='lat' dir='ltr'><strong>licet</strong></span> <span class='ocrx_word' id='word_1_821' title='bbox 2566 5481 2663 5550; x_wconf 90' lang='lat' dir='ltr'><strong>qui</strong></span> <span class='ocrx_word' id='word_1_822' title='bbox 2685 5480 3151 5550; x_wconf 87' lang='lat' dir='ltr'><strong>assignabatnon</strong></span> <span class='ocrx_word' id='word_1_823' title='bbox 3176 5476 3434 5539; x_wconf 87' lang='lat' dir='ltr'><strong>haberet,</strong></span> <span class='ocrx_word' id='word_1_824' title='bbox 3466 5471 3573 5525; x_wconf 85' lang='lat' dir='ltr'><strong>ad-</strong></span> 
     </span>
    </p>
   </div>
   <div class='ocr_carea' id='block_1_114' title="bbox 1930 5559 3565 5635">
    <p class='ocr_par' dir='ltr' id='par_1_114' title="bbox 1930 5559 3565 5635">
     <span class='ocr_line' id='line_1_115' title="bbox 1930 5559 3565 5635; baseline -0.004 -14"><span class='ocrx_word' id='word_1_825' title='bbox 1930 5567 2093 5622; x_wconf 88' lang='lat' dir='ltr'><strong>misit</strong></span> <span class='ocrx_word' id='word_1_826' title='bbox 2124 5567 2511 5622; x_wconf 89' lang='lat' dir='ltr'><strong>nihilominus</strong></span> <span class='ocrx_word' id='word_1_827' title='bbox 2529 5567 2773 5623; x_wconf 90' lang='lat' dir='ltr'><strong>Carolus</strong></span> <span class='ocrx_word' id='word_1_828' title='bbox 2792 5567 3307 5635; x_wconf 88' lang='lat' dir='ltr'><strong>libenter,sperans</strong></span> <span class='ocrx_word' id='word_1_829' title='bbox 3327 5576 3389 5615; x_wconf 89' lang='lat' dir='ltr'><strong>se</strong></span> <span class='ocrx_word' id='word_1_830' title='bbox 3404 5559 3565 5615; x_wconf 91' lang='lat' dir='ltr'><strong>illam</strong></span> 
     </span>
    </p>
   </div>
   <div class='ocr_carea' id='block_1_115' title="bbox 1929 5646 3568 5729">
    <p class='ocr_par' dir='ltr' id='par_1_115' title="bbox 1929 5646 3568 5729">
     <span class='ocr_line' id='line_1_116' title="bbox 1929 5646 3568 5729; baseline -0.005 -17"><span class='ocrx_word' id='word_1_831' title='bbox 1929 5659 2303 5729; x_wconf 88' lang='lat' dir='ltr'><strong>recepturum</strong></span> <span class='ocrx_word' id='word_1_832' title='bbox 2326 5655 2719 5727; x_wconf 86' lang='lat' dir='ltr'><strong>classe,quam</strong></span> <span class='ocrx_word' id='word_1_833' title='bbox 2769 5655 2841 5711; x_wconf 87' lang='lat' dir='ltr'><strong>ad</strong></span> <span class='ocrx_word' id='word_1_834' title='bbox 2891 5650 3247 5721; x_wconf 83' lang='lat' dir='ltr'><strong>idarmabat,</strong></span> <span class='ocrx_word' id='word_1_835' title='bbox 3278 5646 3568 5704; x_wconf 82' lang='lat' dir='ltr'><strong>immissa.</strong></span> 
     </span>
    </p>
   </div>
  </div>
