4018 6198
392 259 500 313 603

1635 299 1644 304 ι
1705 260 2006 316 GEORGII
2045 258 2508 332 I’ACHY‘MERE

3637 261 3724 315 604

465 382 569 458 λγ“.
612 385 793 446 Ὅπως
837 385 1142 460 ἐτάχθησαν
1195 385 1263 460 τδι
1298 387 1434 441 κατά
1471 387 1570 455 τήν
1612 383 1776 440 πόλιν
1820 382 1968 457 παρὰ
2068 386 2120 454 Α
2147 377 2276 442 τοὺς
2307 376 2692 455 προσελῶντας
2733 376 2793 431 ἐκ
2835 379 2944 430 τῶν
2991 379 3194 450 χωρῶν
3245 377 3330 431 καὶ
3386 377 3454 441 sic
3505 379 3725 455 χιλιάδας

1071 456 1364 532 βασιλέως.

464 559 682 626 Πρῶτον
716 559 845 628 γοῦν
899 560 1008 611 τῶν
1055 556 1263 613 ἐκείνου
1323 556 1497 633 ἔργων
1547 558 1696 619 ἐντὸς
1738 554 1834 611 τοῦ
1877 553 2039 610 πολί-

390 662 593 713 σματος
626 643 752 706 τοὺς
783 643 1036 708 ἐποίκους
1082 647 1315 724 εἰσάγειν
1363 669 1418 704 τε
1464 648 1552 702 καὶ
1603 646 1851 716 οἷ’κίζειν,
1901 643 2037 718 πρὸς

388 733 453 802 τῇ
515 731 759 808 θαλάσσῃ
813 737 1254 810 κατῳκισμένους
1307 739 1370 793 τὸ
1428 737 1727 812 πρότερον,
1789 733 2036 808 δε·5τερον

385 817 744 893 κληροδοτεῖν
793 830 908 887 τοῖς
959 825 1010 879 ἐν
1053 825 1201 880 τέλει
1233 826 1387 892 ἐκτός
1414 848 1472 882 τε
1500 827 1589 882 καὶ
1622 824 1772 886 ἐντὸς
1820 821 2038 883 πόλεως

383 908 584 971 τόπους
613 910 691 973 εἷς
738 913 1022 989 γεωργίαν,
1057 915 1399 990 ἐξῃρημένης
1450 923 1552 986 τῆς
1589 915 1662 976 εἲς
1691 917 1854 988 χάριν
1888 933 2038 987 γονι-

384 1001 664 1072 κευθείσης
722 1010 840 1066 τοῖς
897 1005 1350 1084 θεληματαρίοις,
1406 1015 1507 1076 τῆς
1537 1005 1754 1061 ἐκείνων
1797 1001 2039 1072 σπουδῆς

385 1090 474 1145 καὶ
536 1091 742 1155 εὐνοίας
787 1092 942 1150 ἕνεκα
968 1104 1072 1172 γῆς
1117 1098 1323 1173 ἀγαθῆς
1383 1096 1459 1160 εἷς
1519 1093 1885 1173 καρπογονίαν
1945 1091 2033 1147 καὶ

387 1181 666 1252 ἀρετώσης
717 1185 793 1249 εἷς
834 1193 935 1242 πᾶν
976 1190 1038 1243 τὸ
1086 1184 1592 1262 καταϐαλλόμενον.
1645 1187 1765 1244 Ἔτι
1795 1187 1842 1238 τ’
1899 1185 2035 1262 ἀφο-

386 1276 535 1325 σιοῦν
592 1279 710 1336 ταῖς
771 1283 961 1348 μοναῖς
1016 1278 1201 1353 ἒτέρας
1258 1277 1405 1351 μάλα
1460 1275 1706 1352 πιείρας.
1772 1276 1873 1330 Ἦν
1932 1273 2035 1348 γὰρ

388 1362 538 1434 αὐτῷ
565 1364 628 1418 τὸ
673 1366 994 1441 σπούδασμα
1049 1369 1139 1424 καὶ
1196 1370 1417 1431 ταύταις
1449 1367 1880 1444 προσαρμόττειν
1939 1366 2036 1426 τὰς

387 1446 508 1522 ἔξω,
570 1456 648 1522 [Ρ.
686 1457 807 1528 106]
859 1454 913 1510 ατί
945 1455 1011 1525 δὴ
1049 1458 1151 1512 ὑπὸ
1182 1456 1380 1529 πολλῷ
1437 1456 1663 1529 πλούτῳ
1690 1454 1808 1510 κατ’
1838 1452 2035 1507 ἀνατο-

387 1533 491 1604 λὴν
535 1538 867 1611 παμπληθὲς
927 1543 1209 1618 αὐτάρκως
1267 1543 1488 1619 ἔγουσαι
1543 1547 1650 1598 τῶν
1707 1538 2033 1608 ἐπιτηδείων

383 1627 717 1683 συνίσταντο·
779 1629 926 1685 οὕτω
982 1634 1084 1708 γὰρ
1137 1631 1334 1688 ἐκεῖθεν
1393 1632 1481 1686 καὶ
1537 1630 1734 1691 ταύτας
1788 1631 2033 1697 συνιστᾷν

381 1712 633 1788 ἐγκώκει.
665 1720 856 1793 Τρίτον
888 1727 1005 1782 τοῖς
1040 1720 1478 1796 συνειλεγμένοις
1537 1716 1808 1775 ἐκδιδόναι
1865 1717 2032 1771 τόπον

381 1801 463 1881 ἐφ’
494 1805 539 1876 ᾧ
571 1807 800 1876 κτίζοιεν
855 1808 942 1863 ἐπὶ
972 1807 1139 1866 τέλει.
1195 1812 1271 1866 Τὸ
1303 1808 1360 1865 δὲ
1385 1811 1492 1886 πρὸ
1525 1809 1730 1863 τούτων
1763 1805 1851 1862 καὶ
1913 1810 2030 1878 μεῖ-

380 1895 470 1960 ζον
530 1894 756 1970 ἀρήγειν
813 1896 1209 1970 ἐπανηκούσαις
1267 1901 1372 1974 πρὸ
1422 1899 1485 1954 τὸ
1535 1903 1750 1974 πρῶτον
1809 1895 1871 1950 τὸ
1933 1891 2027 1948 δο-

375 1988 489 2036 κεῖν
551 1991 741 2056 μοναῖς
795 1986 969 2057 εἶναι,
1044 1989 1340 2058 ἀνακτίζειν
1398 2009 1456 2043 τε
1513 1988 1603 2043 καὶ
1658 1992 1720 2041 τὸ
1777 1983 2029 2056 πόλισμα

374 2071 514 2125 πάνυ
591 2072 902 2139 σπουδαίως
974 2076 1102 2141 τοὺς
1175 2078 1282 2132 ἀπὸ
1349 2080 1692 2152 στρατιωτῶν
1757 2071 2025 2150 ἐλαφροὺς

374 2160 677 2235 εἰσάγοντα.
741 2163 898 2236 Μηδὲ
945 2168 1047 2243 γὰρ
1099 2169 1400 2242 ἠρεμήσειν
1453 2166 1628 2229 οὕτως
1676 2163 2024 2237 ἐξελαθέντας

371 2249 498 2312 τοὺς
536 2253 654 2326 πρὶν
704 2253 1055 2330 κατέχοντας,
1109 2255 1257 2312 ἀλλά
1315 2255 1497 2330 στόλῳ
1553 2252 2024 2324 συνεπιθήσεσθαι.

375 2344 469 2412 Τῷ
522 2362 608 2395 τοι
670 2341 761 2397 καὶ
819 2344 1013 2400 στόλον
1069 2345 1290 2421 ἐξήρτυε
1341 2346 1430 2402 καὶ
1493 2345 1878 2420 ἐναυπηγεῖτο,
1935 2337 2026 2395 καὶ

482 2543 569 2598 33.
607 2545 672 2600 Ut
701 2559 786 2599 res
820 2545 975 2599 urbis
999 2545 1274 2604 ordinatas
1322 2547 1436 2602 sint
1459 2549 1528 2602 ab
1564 2546 1912 2618 imperatore.

448 2630 710 2686 Primum
761 2631 1133 2703 imperatoris
1166 2635 1372 2689 urbem
1431 2633 1678 2706 ingressi
1730 2648 1879 2704 opus
1912 2629 2026 2685 fuit

377 2719 797 2776 suburbiorum
815 2722 1842 2793 inquillinosinurbeminducere,ad
1867 2736 2023 2774 mare

379 2807 542 2878 prius
575 2808 946 2865 habitantes:
972 2813 1295 2867 secundum
1320 2813 1670 2868 distribuere
1694 2812 1849 2866 164
1870 2809 2020 2880 opti-

376 2896 633 2952 matibus
666 2898 1032 2956 hereditaria
1062 2902 1216 2957 bona
1241 2902 1398 2958 intra
1427 2907 1485 2958 et
1512 2907 1674 2958 extra
1702 2900 2018 2968 civitatem,

375 2985 578 3040 domos
610 2991 666 3041 et
697 3003 866 3058 agros
900 2989 970 3044 ad
1023 2990 1337 3058 culturam,
1374 2995 1670 3062 segregata
1710 2994 1903 3044 tamen
1954 3005 2021 3045 ea

2149 465 2334 524 ἔταττε
2361 466 2604 527 πλείους.
2638 463 2818 521 ἈΛλα
2846 485 2904 518 τε
2943 460 3132 518 πολλά
3183 465 3509 539 κατὲπραττε,
3552 471 3610 525 τὰ
3652 474 3726 543 μὶν

2143 557 2280 612 κατὰ
2310 555 2512 631 χρείων
2540 556 2605 609 τὰ
2635 551 2692 608 δὶ
2721 554 2840 627 καὶ
2863 554 2978 608 κατ’
3013 546 3294 623 ἔκπληξιν,
3333 545 3726 630 προαναστέλλων

2144 646 2238 708 τὰς
2269 645 2553 708 ἐπιθέσεις.

2147 750 2248 808 λδ’.
2293 754 2513 810 Ὁποῖαι
2561 753 2696 821 ἦσαν
2749 750 2802 826 αἱ
2831 749 2956 826 περὶ
3005 750 3464 826 τοῦ-πατριάρχου
3500 754 3728 826 Ἀρσενίου

2617 828 2725 878 τῶν
2757 819 3060 897 ἀρχιέρεων
3097 819 3319 896 βουλαί..

2214 916 2314 970 Ἤν
2385 910 2442 968 δὲ
2506 910 2608 986 ἄρα
2688 909 2858 984 μίλον
2933 909 3118 983 ἐκείνῳ
3175 911 3264 965 καὶ
3317 918 3413 980 τῆς
3458 912 3732 984 Ἑκκλησίας

2146 1001 2288 1058 οὕτω
2361 1003 2764 1076 κεχηρωμένης
2822 998 3106 1073 ποιμένος.
3169 1006 3372 1076 Συνῆγε
3423 1000 3584 1056 τοίνυν
3631 1005 3731 1066 τοὺς

2143 1093 2404 1168 ἱεράρχας
2459 1090 2549 1145 καὶ
2609 1087 2834 1164 βουλαῖς
2889 1087 2983 1142 σὺν
3041 1087 3224 1143 αὐτοῖς
3279 1087 3493 1163 ἐχρῆτο,
3521 1091 3575 1144 τὸ
3602 1112 3734 1162 ποιη-

2141 1184 2262 1236 τέον
2320 1180 2494 1245 θέλων
2558 1177 2859 1252 μανθάνειν.
2921 1181 3046 1239 Τοῖς
3107 1177 3201 1250 μὲν
3257 1178 3346 1232 οὖν
3387 1173 3549 1233 ἐδόκει
3573 1179 3733 1234 ἀνακα-

2143 1268 2352 1325 λεῖσθαι
2425 1265 2501 1323 ἔτι
2578 1267 2838 1340 περιόντα
2893 1267 2984 1321 τὸν
3063 1267 3408 1340 πατριάρχην
3462 1268 3734 1340 Ἀρσένιον⁸

2147 1356 2418 1432 μηδὲγὰρ
2461 1360 2759 1417 κανονικῶς
2788 1349 3063 1430 προϐῆναι
3118 1356 3185 1408 τὰ
3229 1357 3345 1410 κατ’
3396 1355 3598 1410 ἐκεῖνον·
3650 1355 3734 1410 ἔδει

2140 1447 2240 1525 γὰρ
2301 1447 2573 1520 ἐπιμένειν
2625 1443 3100 1520 παρακαλοῦντας,
3151 1445 3241 1498 καὶ
3306 1445 3378 1516 μή
3437 1443 3516 1515 ἐᾷν
3570 1465 3740 1521 παρευ-

2143 1536 2234 1601 θῦς
2289 1534 2615 1611 ἀνέγκλητον
2678 1530 2826 1589 ὅντα.
2881 1536 3012 1595 Τοῖς
3069 1532 3126 1588 δέ
3153 1531 3460 1606 τοῦμπαλιν
3493 1532 3632 1588 αὐτὸν
3661 1534 3735 1606 μὶν

2146 1624 2321 1699 μὲνειν
2381 1625 2462 1702 ἐφ’
2521 1625 2603 1685 οἷς
2654 1624 2993 1699 κατέγνωστο
3027 1645 3038 1656 ·
3101 1622 3294 1692 ἱκανὴν
3349 1623 3448 1698 γὰρ
3503 1623 3621 1676 εἶναι
3666 1624 3737 1677 καὶ

2144 1714 2221 1777 είς
2249 1713 2574 1789 παραίτησιν
2607 1713 2706 1782 τὴν
2760 1711 3094 1788 ἐκχώρησιν,
3145 1711 3236 1765 καὶ
3266 1713 3327 1766 τὸ
3357 1711 3648 1783 ἀξιοῦμενον
3679 1712 3738 1782 μή

2139 1800 2552 1878 καταδέχεσθαι,
2587 1799 2712 1855 ἀλλ’
2742 1799 3085 1874 ἀποπέμπειν
3143 1798 3273 1863 τοὺς
3331 1799 3639 1863 ἱκετεύοντας
3663 1796 3742 1868 δη-

2138 1887 2364 1952 λοῦντος
2423 1890 2489 1958 ἧν
2550 1889 2622 1950 ὡς
2670 1886 2937 1962 ἄπολέγοι
2977 1887 3094 1956 ’τὴν
3155 1885 3500 1960 προστασίαν.
3553 1886 3739 1942 Τούτων

2136 1979 2280 2033 οὕτω
2309 1981 2645 2050 κινουμένων
2701 1975 2789 2031 καὶ
2837 1975 3170 2053 λεγομὲνων,
3207 1977 3236 2031 ὁ
3271 1974 3516 2052 βασιλεὺς
3541 1975 3621 2030 καὶ
3653 1975 3743 2047 ἀμ·

2137 2069 2389 2146 φοτέροις
2445 2066 2714 2139 τιθεμένῳ
2772 2065 2926 2138 ἐῴκει
2979 2063 3327 2138 προμηθείας
3377 2070 3471 2133 τῆς
3515 2065 3619 2119 κατ’
3667 2062 3744 2117 αὖ·-

2133 2157 2224 2214 τόν
2282 2156 2438 2211 ἓνεκα
2466 2200 2480 2213 .
2540 2154 2609 2210 Τό
2664 2175 2724 2210 τε
2775 2153 2874 2230 γὰρ
2953 2153 3156 2208 ἐκεῖνον
3223 2153 3620 2227 μετακαλεῖσθαι
3667 2151 3740 2206 καὶ

2137 2247 2352 2322 ἐφιστᾷν
2429 2249 2546 2306 τοῖς
2622 2240 3096 2313 ἐκκλησιαστικοῖς
3153 2243 3463 2318 πράγμασιν
3520 2241 3572 2297 εὗ
3622 2239 3741 2316 ἔχειν

2137 2333 2335 2405 ἐδόκει,
2397 2332 2443 2388 εἷ
2509 2334 2599 2388 ὑπ’
2650 2330 2841 2405 ἐκείνῳ
2897 2336 3330 2407 πατριαρχοῦντι
3385 2331 3449 2386 τὰ
3475 2331 3600 2386 κατᾶ
3624 2331 3741 2404 γνώ·

2135 2534 2366 2592 cunctis
2413 2533 2677 2606 undique
2727 2532 3087 2604 regionibus,
3135 2534 3211 2589 ad
3258 2534 3444 2590 multa
3494 2533 3741 2605 remigum

2133 2624 2317 2680 millia
2349 2623 2715 2679 centuriavit.
2768 2623 2944 2680 Plura
2972 2640 3211 2696 quoque
3242 2626 3373 2695 ejus
3418 2624 3630 2696 generis
3654 2623 3746 2678 alia

2136 2713 2290 2779 fecit,
2345 2713 2556 2784 partim
2594 2712 2665 2766 ad
2709 2729 2884 2768 usum
2933 2728 3136 2768 verum
3199 2713 3556 2769 imminentis
3613 2711 3745 2774 belli,

2135 2802 2347 2874 partim
2381 2801 2452 2856 ad
2485 2801 2765 2872 speciem,
2817 2817 3063 2872 sperans
3093 2807 3319 2858 terrore
3350 2803 3472 2874 ipso
3503 2803 3628 2857 varii
3659 2819 3742 2872 ap-

2135 2895 2376 2962 paratus
2407 2894 2464 2944 et
2492 2893 2790 2945 ostentata
2820 2889 2954 2945 inde
2987 2890 3348 2947 confidentia
3391 2906 3450 2946 se
3478 2906 3742 2963 repressu-

2135 2997 2268 3036 rum
2300 2995 2434 3052 spes
2465 2981 2717 3036 audaces
2765 2979 3126 3036 inhiantium
3167 2982 3306 3037 urbi
3358 2983 3670 3038 Latinorum
3698 2984 3744 3035 et

373 3078 536 3144 parte
567 3091 739 3144 quam
775 3075 833 3132 in
867 3078 1068 3150 gratiae
1093 3078 1216 3134 loco
1248 3079 1458 3136 eximie
1473 3077 1819 3134 voluntariis
1839 3093 2018 3134 reser-
2050 3072 2093 3140 C
2134 3086 2341 3127 novam
2378 3069 2436 3124 in
2469 3085 2597 3125 eam
2625 3069 3052 3141 expeditionem
3084 3071 3444 3139 parentium.

369 3167 624 3229 vaverat,
657 3165 961 3234 praemium
995 3167 1265 3223 debitum
1287 3169 1479 3223 studio
1510 3173 1567 3224 et
1599 3165 2018 3222 benevolentiae

371 3251 635 3321 ipsorum
664 3271 677 3310 :
710 3259 835 3310 erat
883 3260 1080 3311 autem
1114 3257 1216 3312 illa
1248 3259 1434 3330 portio
1484 3263 1654 3313 terrae
1699 3257 1931 3328 optimae
1963 3261 2020 3311 et

371 3338 429 3394 in
465 3342 625 3396 omni
653 3344 945 3400 fructuum
968 3362 1180 3417 genere
1214 3348 1443 3403 feracis.
1471 3347 1793 3419 Excepit'et
1825 3351 2017 3417 partes

371 3429 519 3484 alias
551 3434 928 3489 monasteriis
976 3435 1140 3490 valde
1171 3437 1441 3508 pingues.
1476 3437 1612 3491 Erat
1649 3441 1843 3490 autem
1876 3437 1926 3490 ei
1957 3434 2015 3489 in

371 3509 569 3565 animo
595 3514 948 3569 monasteria
978 3515 1430 3588 urbanaiisquas
1445 3515 1627 3572 multa
1639 3520 1794 3570 extra
1809 3515 2016 3570 urbem

368 3598 544 3654 variis
569 3615 670 3671 per
687 3602 982 3658 Orientem
1007 3603 1148 3660 locis
1163 3605 1505 3660 visebantur
1523 3605 1690 3672 ditia,
1716 3609 1772 3658 et
1794 3619 2016 3675 magnae

370 3687 737 3745 multitudini
768 3691 990 3748 alenda;
1019 3695 1175 3765 quod
1209 3695 1502 3751 sufﬁceret
1550 3694 1845 3761 habentia,
1881 3710 2016 3748 con-

366 3777 638 3848 jungere,
670 3779 755 3834 sic
787 3780 908 3836 fore
957 3785 1278 3839 autumans
1312 3787 1376 3838 ut
1405 3800 1471 3838 ex
1503 3783 1819 3838 alterorum
1853 3780 2019 3852 copia

371 3868 914 3943 alteroruminOpim
936 3871 1380 3941 subveniretur;
1409 3890 1585 3944 quam
1606 3873 1885 3945 Optimam
1910 3888 2018 3943 pu-

370 3956 535 4012 tabat
565 3962 1058 4017 monasteriorum
1091 3963 1253 4018 urbis
1286 3968 1440 4020 recte
1471 3964 2016 4020 constituendorum

371 4046 679 4103 rationem.
733 4049 951 4106 Statuit
998 4067 1233 4123 quoque
1279 4057 1344 4108 ut
1391 4053 1644 4109 evocatis
1687 4054 1758 4109 ad
1811 4054 2017 4109 urbem

369 4134 855 4205 frequentandam
889 4141 1339 4212 assignarentur
1370 4143 1495 4198 loca
1517 4143 1575 4197 in
1601 4142 1815 4216 quibus
1838 4143 2017 4197 aedifi~

371 4229 588 4291 carent,
621 4231 775 4282 certo
801 4227 1019 4284 indicto
1036 4230 1300 4303 vectigali
1323 4233 1476 4303 quod
1513 4232 1650 4288 fisco
1674 4234 2016 4304 penderent.

369 4315 518 4368 Ante
548 4313 664 4370 hac
717 4320 774 4371 et
814 4315 972 4373 aliud
1021 4319 1281 4377 instituit
1332 4323 1526 4394 majus
1575 4328 2020 4394 memoratuque

359 4490 710 4560 juvarentur
737 4499 988 4550 conatus
1019 4512 1220 4552 eorum
1255 4498 1354 4569 qui
1386 4500 1631 4572 antiqua
1657 4501 2017 4558 monasteria

369 4578 632 4636 desolata
653 4581 738 4637 vel
762 4583 1057 4640 destructa
1074 4585 1380 4642 restituere
1405 4587 1463 4643 in
1483 4588 1796 4660 pristinum
1820 4589 2016 4661 splen-

370 4667 572 4722 dorem
632 4677 925 4726 curarent.
988 4673 1264 4729 Incubuit
1318 4675 1493 4732 etiam
1544 4677 1740 4734 studio
1789 4679 2014 4750 ingenti

367 4757 660 4813 moenibus
710 4760 872 4814 urbis
916 4761 1317 4819 instaurandis
1379 4765 1846 4839 reﬁciendisque,
1897 4785 2016 4841 qua

365 4843 598 4902 hiarent
620 4851 719 4902 aut
746 4847 934 4903 labem
953 4850 1230 4922 tacerent,
1249 4852 2013 4928 imponendisqueturribus

367 4950 434 4988 ac
479 4937 938 5008 propugnaculis
983 4939 1054 4995 ad
1117 4943 1444 4998 custodiam
1494 4961 1671 5000 manu
1723 4947 2011 5017 promptis

361 5025 766 5099 expeditisque
799 5027 1109 5087 militibus.
1144 5032 1297 5088 Satis
1325 5034 1480 5089 enim
1514 5035 1875 5109 intelligebat
1899 5037 2010 5092 mi-

360 5116 518 5172 nime
551 5117 858 5189 quieturos
887 5119 1090 5191 pulsos
1121 5122 1256 5180 inde
1281 5124 1476 5195 Italos,
1502 5127 1603 5182 sed
1626 5126 1808 5183 classe
1831 5145 2007 5200 quam

357 5204 618 5278 primum
652 5212 879 5264 armata
907 5213 1193 5267 venturos
1223 5213 1294 5268 ad
1344 5215 1844 5286 recuperationem
1877 5222 2004 5273 ten-

359 5295 602 5351 tundam
653 5295 736 5352 sic
795 5298 1027 5354 amissaa
1086 5301 1271 5357 urbis.
1323 5304 1510 5368 Quare
1567 5304 1779 5376 etipse
1831 5304 2007 5361 classi

358 5378 709 5448 apparandis
741 5379 1219 5452 aedificandisque
1242 5384 1488 5439 navibus
1521 5399 1758 5456 operam
1783 5385 2006 5458 impen-

358 5463 459 5519 dit.
496 5466 566 5520 Et
609 5466 665 5522 in
702 5467 908 5524 navale
953 5468 1347 5527 ministerium
1377 5488 1408 5527 e
1451 5472 1831 5530 multitudine
1876 5491 2003 5548 qua:

359 5550 422 5607 in
479 5552 709 5621 urbem,
767 5570 837 5611 ex
891 5572 1006 5628 quo
1059 5561 1184 5613 erat
1242 5564 1494 5633 recepta,
1551 5569 1928 5622 concurrerat
1973 5582 2003 5623 e

370 4401 632 4502 dignius,
678 4404 998 4462 decernens
1029 4408 1297 4465 videlicet
1329 4415 1392 4464 ut
1412 4427 1520 4483 Ope
1542 4427 1608 4466 ac
1630 4412 1820 4468 favore
1860 4413 2019 4483 regio
2049 4448 2095 4512 Β

2195 3212 2283 3267 34.
2318 3209 2664 3267 Deliberatio
2694 3209 3011 3266 antistitum
3039 3211 3104 3267 de
3134 3213 3464 3284 patriarcha
3490 3211 3706 3267 Arsem'o.

2193 3337 2343 3394 165
2380 3335 2541 3391 Curae
2574 3351 2807 3406 quoque
2839 3335 3180 3408 imperatori
3219 3338 3333 3394 fuit
3364 3341 3548 3394 status
3578 3333 3739 3390 Eccle-

2125 3427 2228 3484 sia:
2256 3430 2397 3480 tunc
2416 3425 2672 3479 viduata:
2698 3430 2954 3496 pastore.
2986 3425 3378 3499 Congregavit
3397 3443 3532 3499 ergo
3554 3425 3738 3497 episco-

2123 3532 2251 3589 pos,
2277 3519 2334 3570 et
2361 3513 2683 3569 sententias
2706 3530 2907 3569 eorum
2931 3515 3276 3587 exquisivit,
3301 3502 3440 3589 quid
3460 3531 3598 3588 opus
3617 3514 3742 3568 esset

2127 3605 2278 3659 facto
2301 3603 2526 3658 discere
2558 3601 2824 3673 cupiens.
2854 3603 3030 3658 Erant
3060 3603 3118 3660 in
3147 3604 3227 3661 iis
3260 3606 3478 3678 quibus
3500 3601 3741 3659 Arsenius

2125 3692 2493 3749 revocandus
2556 3692 2626 3746 ad
2689 3692 2888 3747 sedem
2949 3693 3408 3764 patriarchalem
3465 3694 3740 3749 videretur.

2123 3780 2431 3852 Negabant
2459 3779 2618 3834 enim
2641 3780 2919 3836 canonice
2951 3780 3163 3836 factam
3199 3783 3334 3853 ejus
3365 3779 3742 3838 exauctoratio-

2126 3887 2261 3925 nem
2288 3867 2534 3939 :quippe
2557 3867 2791 3923 aiebant
2811 3868 3146 3939 oportuisse
3169 3871 3435 3943 amplius
3450 3873 3742 3942 exspectare

2125 3962 2437 4032 postquam
2469 3955 2565 4012 ille
2595 3955 2877 4014 invitatus
2907 3959 2977 4013 ad
3011 3959 3268 4015 reditum
3303 3961 3507 4026 fuerat,
3531 3974 3625 4014 nec
3644 3961 3740 4011 tam

2124 4048 2337 4121 cupide
2354 4047 2665 4118 procedere
2696 4048 2766 4103 ad
2799 4049 2928 4119 ejus
2962 4066 3064 4105 nec
3095 4052 3362 4106 accusati
3395 4067 3498 4106 nec
3520 4043 3740 4104 damnati

2125 4135 2571 4208 depositionem.
2607 4135 2721 4190 Alii
2743 4140 2948 4192 contra
2969 4137 3251 4194 dicebant
3277 4141 3423 4195 satis
3445 4136 3740 4194 constitisse

2123 4226 2194 4280 de
2245 4224 2357 4279 fixo
2388 4225 2518 4294 ejus
2568 4229 2626 4279 et
2657 4225 3022 4282 irrevocabili
3073 4228 3420 4284 abdicandae
3473 4223 3738 4299 dignitatis

2125 4312 2444 4385 proposito,
2497 4329 2570 4368 ne
2630 4311 2804 4368 aliam
2856 4316 3292 4387 expressiorem
3354 4314 3738 4374 recusationem

2128 4401 2453 4473 exspectari
2486 4401 2764 4458 debuisse
2795 4419 2971 4474 quam
3006 4392 3206 4476 ipsum
3228 4422 3546 4471 secessum,
3568 4419 3628 4459 ex
3647 4415 3739 4472 quo

2128 4489 2308 4545 nullis
2339 4489 2610 4559 precibus
2660 4489 2976 4547 missorum
3019 4509 3051 4547 a
3081 4509 3254 4550 sacra
3299 4495 3518 4565 synodo
3557 4487 3740 4548 retrahi

2123 4579 2399 4653 potuerit.
2454 4581 2610 4636 Inter
2639 4571 2759 4636 haec
2791 4581 2944 4639 ultro
2991 4584 3265 4656 citroque
3296 4591 3452 4642 mota
3500 4584 3737 4652 dictaque

2125 4671 2425 4728 alternans
2448 4671 2786 4743 imperator,
2819 4678 2878 4729 et
2903 4675 3076 4731 modo
3106 4676 3200 4732 his
3234 4677 3411 4733 modo
3442 4675 3555 4731 illis
3573 4687 3742 4730 assen-

2122 4762 2220 4818 tiri
2253 4761 2436 4832 visus,
2470 4779 2773 4834 nunquam
2805 4766 3149 4838 expediebat
3177 4767 3238 4823 in
3263 4772 3394 4824 utra
3416 4767 3599 4840 potius
3627 4779 3739 4818 con-

2123 4852 2439 4909 trariarum
2457 4854 2887 4919 sententiarum
2912 4858 3316 4929 acquiesceret
3337 4858 3474 4931 quia
3486 4853 3742 4914 nesciebat

2123 4947 2323 4999 utrum
2357 4943 2668 5000 consilium
2699 4951 2856 5002 esset
2879 4947 3087 5004 utilius
3121 4949 3190 5004 ad
3217 4950 3394 5006 ﬁnem
3429 4948 3538 5022 ipsi
3558 4959 3738 5019 propo-

2121 5033 2301 5090 situm
2355 5034 2745 5091 conﬁrmandi
2795 5041 2851 5092 et
2898 5037 2957 5092 in
3001 5039 3194 5109 majus
3248 5037 3618 5111 promovendi
3660 5049 3736 5090 res

2120 5141 2277 5181 suas.
2315 5124 2458 5180 Nam
2484 5125 2623 5182 hinc
2655 5127 2894 5199 quidem
2925 5129 3225 5187 hominem
3253 5135 3502 5204 experta:
3531 5127 3738 5185 facilita-

2117 5212 2215 5280 tis,
2249 5215 2615 5271 auctoritatis
2646 5232 2896 5288 magnm,
2922 5219 3096 5275 rebus
3120 5219 3339 5275 iterum
3364 5211 3734 5276 ecclesiasticis

2118 5301 2344 5373 imponi
2365 5302 2702 5373 honestum,
2728 5305 3010 5378 amplium
3033 5312 3090 5364 et
3109 5306 3285 5380 vulgo
3303 5307 3640 5380 placiturum
3659 5313 3742 5372 ap’

2121 5391 2400 5459 parebat:
2430 5396 2488 5448 et
2517 5392 2672 5448 idem
2706 5399 2831 5450 erat
2877 5395 3219 5468 imperatori
3273 5392 3736 5468 percommodum,

2121 5480 2168 5535 si
2203 5497 2318 5552 quo
2352 5482 2526 5538 modo
2567 5497 2768 5539 senem
2801 5484 3094 5556 potuisset
3123 5486 3406 5543 inducere
3437 5486 3506 5541 ad
3537 5501 3597 5540 ea
3633 5495 3736 5552 qua!

2124 5567 2388 5626 habebat
2434 5569 2494 5626 in
2539 5570 2757 5640 animo,
2801 5587 3051 5647 quaeque
3098 5589 3273 5648 agere
3326 5576 3454 5648 jam
3501 5570 3737 5645 coeperat,
