3920 6196
204 280 288 334 605
1202 284 1298 337 DE
1336 284 1707 339 MICHAELE
1748 287 2192 346 PALIEOLOGO
2231 293 2361 347 LIB.
2407 294 2475 348 II.

3439 301 3545 354 606

203 396 542 495 Minpoz’iatn
572 442 585 467 ,
832 402 931 495 καὶ
965 404 1073 457 ὅτι
1122 406 1342 495 Δαὶροῖτο
1401 408 1656 482 πράττειν
1688 410 1776 464 καὶ
1811 414 1865 479 Α
1897 410 2143 476 δυσνοίας
2198 416 2336 489 πρὸς
2392 418 2574 473 ἑαυτὸν
2627 418 2799 493 ἐπῆγε
2849 420 2939 474 καὶ
3000 416 3376 495 ὑπεϐλὲπετο,
3434 422 3545 479 ἔστι

206 490 341 565 μήδέν
384 486 595 561 μηδὲσιν
656 487 1049 567 ὑπολελεῖφθαι
1092 492 1166 555 εἷς
1215 494 1520 551 σκανδάλου
1580 499 1794 571 πρόφα-

203 604 283 636 σιν.
313 582 382 653 [Ρ.
415 580 528 651 107]
590 575 817 634 Ἐδεδίει
854 576 900 633 δ’
930 581 1080 645 αὖθις
1141 586 1215 655 μή
1278 606 1393 646 πως
1454 584 1796 661 ἐκκρουσθεὶς

203 671 376 742 ἁμάρτῃ
416 672 516 721 τῶν
576 668 711 722 κατὰ
767 670 1018 743 γνώμην,
1068 671 1157 725 καὶ
1219 674 1270 727 οἱ
1328 674 1565 729 ἐντεῦθεν
1631 677 1795 751 βυθὸς

198 762 478 834 πραγμάτων
510 757 863 833 ἀναῤῥαγείη.
917 762 993 817 Τὸ
1045 758 1091 815 δ’
1124 763 1474 841 ὑπερφρονεῖν
1526 765 1615 819 καὶ
1650 766 1796 820 ἀντι-

202 851 409 916 καθιστᾷν
477 842 665 921 ἕτερον
752 845 1071 922 προϐαίνειν
1153 852 1245 923 μὲν
1301 850 1600 915 ἀκωλύτως
1678 860 1797 916 ταῖς

191 938 394 1009 πράξεσιν
427 935 523 990 οὐκ
554 935 844 1011 ἀμήχανον
899 936 1198 1015 ἐλογίζετο,
1244 944 1493 1017 ταραχὴν
1535 941 1579 997 δ’
1611 941 1799 1005 ἄλλως

192 1026 332 1094 εἶναι,
376 1022 439 1079 δι’
494 1026 563 1096 ἢν
613 1023 737 1080 οὐδὲ
783 1027 851 1082 τά
899 1028 1165 1103 γενόμενα
1211 1032 1579 1104 προσήσεσθαί
1625 1054 1796 1103 τινας,

190 1110 328 1179 δεινά,
367 1112 448 1167 καὶ
500 1108 688 1176 ἄλλως
742 1110 891 1183 ὄντα,
944 1120 1048 1171 τῶν
1097 1117 1321 1173 εῗκὸτων
1369 1117 1566 1193 ἔγρινε.
1619 1121 1794 1182 Μέσος

195 1203 265 1255 οὖν
316 1201 774 1276 ἑναπειλημμένος
853 1204 1173 1283 ἀμφοτέρων
1228 1211 1336 1261 τῶν
1396 1213 1682 1283 Λογισμῶν
1743 1208 1794 1263 ἐν

188 1290 352 1367 ἀπορίᾳ
391 1294 730 1363 καθειστήκει
761 1298 857 1347 τοῦ
904 1315 1015 1349 τισι
1062 1296 1327 1360 τίθεσθαι.
1375 1299 1566 1370 Ὅμως
1617 1298 1796 1373 ἐκχω-

187 1386 273 1455 ρῶν
320 1386 390 1453 τῷ
443 1387 621 1458 καιρῷ
682 1381 934 1455 προϊόντι
986 1386 1059 1447 ὡς
1108 1382 1352 1461 κρεῖττόν
1404 1408 1454 1441 τι
1515 1387 1785 1457 ἐπάξοντι,

181 1470 304 1547 ipsi;
330 1472 456 1525 κατᾶ
486 1476 624 1544 σφᾶς
676 1471 805 1534 τοὺς
856 1473 1117 1548 ἱεράρχας
1165 1477 1288 1550 περί
1336 1477 1533 1531 τούτου
1568 1476 1794 1551 βουλεύ-

178 1572 297 1623 εσθαι
324 1560 450 1615 ὥστε
500 1561 592 1615 καὶ
652 1558 953 1636 ὁμολογεῖν
984 1562 1263 1633 ἀλλήλοις
1319 1567 1393 1637 μή
1459 1563 1794 1642 διαφωνοῦν-

180 1669 271 1715 τας,
301 1648 447 1711 αὐτὸς
490 1649 583 1704 ἐπὶ
630 1649 727 1712 τὰς
764 1655 871 1705 τῶν
920 1657 1119 1706 κοινῶν
1174 1652 1426 1727 ἐτρέπετο
1473 1652 1794 1724 διοικήσεις,

178 1735 225 1791 οὔ
256 1739 347 1810 μὴν
378 1736 431 1793 δὲ
461 1734 607 1793 ὥστε
638 1740 728 1794 καὶ
754 1739 1123 1816 ὀφροντίστως
1156 1741 1375 1797 ἐκείνων
1410 1742 1565 1815 ἕξειν.

176 1843 251 1899 λε’.
297 1848 473 1921 Ὅπως
501 1846 541 1921 *ὁ
587 1844 847 1921 βασιλεὺς
898 1846 957 1901 ἐκ
1006 1845 1190 1921 ποδῶν
1228 1850 1319 1902 τὸν
1370 1851 1486 1921 νέον
1537 1850 1792 1921 Ἰωάννην

384 1915 597 1972 ἐποίειί
619 1918 716 1972 Καὶ
744 1918 894 1982 ὅπως
914 1920 1286 1989 κατοικίζοντο
1312 1920 1538 1977 Ἰταλοί.

226 2022 289 2077 Τὸ
312 2024 405 2097 γὰρ
434 2023 577 2079 κατὰ
607 2029 736 2078 νοῦν
776 2023 1316 2102 βυσσοδομευόμενον
1351 2028 1462 2103 οὐχ
1490 2027 1786 2102 ἡσυχάζειν
1815 2027 1823 2034 ”

170 2108 307 2166 ἐποίει
353 2114 478 2175 τοὺς
539 2111 886 2189 λογισμούς.
937 2119 1053 2195 Ορκ
1092 2116 1301 2195 ἀφανής
1346 2118 1447 2193 γάρ
1492 2118 1560 2185 ἦν
1612 2118 1661 2189 ἐξ
1714 2117 1785 2170 ὧν

168 2205 265 2262 τοῖς
292 2202 723 2275 ὑπονοουμένοις
770 2208 850 2276 τῷ
878 2207 1103 2280 Ἰωάννῃ
1157 2208 1506 2281 προσκεῖσθαι
1537 2204 1790 2282 ἔγκλημα

164 2400 543 2470 patriarchalis
574 2403 938 2459 auctoritatis
968 2409 1115 2460 nutu
1133 2410 1201 2463 et
1228 2406 1648 2477 suffragatione
1688 2421 1782 2460 ro-

165 2487 404 2554 boranda,
438 2491 541 2545 Sic
570 2491 726 2547 enim
758 2497 816 2548 et
862 2494 1023 2563 quod
1074 2494 1415 2550 decreverat
1461 2496 1783 2567 perficeret,

167 2584 209 2628 et
234 2576 393 2631 simul
426 2595 672 2634 omnem
706 2580 983 2636 omnibus
1016 2582 1357 2638 offensionis
1406 2600 1471 2637 ac
1528 2582 1786 2653 querela-

163 2680 269 2719 rum
292 2668 660 2723 occasionem
695 2669 972 2726 demeret.
1005 2671 1115 2725 Sed
1155 2687 1359 2727 rursus
1390 2672 1700 2728 verebatur
1717 2686 1787 2725 ne

163 2769 247 2822 spe
274 2753 379 2810 ista
408 2757 691 2813 excidens
723 2759 975 2814 securim
1011 2761 1139 2815 suis
1169 2761 1344 2816 rebus
1386 2777 1661 2833 magnam
1695 2759 1785 2814 in-

163 2841 376 2914 digeret,
394 2862 461 2901 ac
482 2847 662 2918 quasi
688 2849 943 2919 quadam
977 2853 1136 2904 mota
1157 2848 1463 2905 Camarina
1506 2866 1788 2906 novarum

166 2931 711 3007 indetempestatum
730 2936 1263 3007 periculosissimas
1276 2939 1551 2994 excitaret
1566 2941 1788 3006 nubes;

165 3035 189 3073 e
210 3025 482 3079 contrario
512 3024 564 3078 si
594 3025 934 3096 persisteret
958 3026 1015 3080 in
1038 3027 1280 3083 Arsenio
1308 3029 1506 3098 procul
1529 3028 1795 3083 habendo

165 3108 446 3183 aliumque
508 3113 907 3184 patriarcham
958 3115 1095 3187 eligi
1139 3122 1391 3183 curaret,
1455 3117 1800 3173 occurrebat

164 3198 267 3252 fieri
310 3202 555 3271 quidem
574 3207 714 3258 tunc
742 3220 914 3275 posse
938 3221 1004 3260 ac
1031 3204 1193 3261 tacite
1216 3207 1438 3277 sperari
1462 3211 1526 3261 ut
1547 3205 1793 3263 consilia

1903 500 1949 556 δ’
1998 504 2059 557 οὗ
2107 504 2195 558 καὶ
2228 505 2402 567 αἰτίας
2434 505 2809 581 πλαττόμενος
2856 510 3079 579 ἀπηνῶς
3127 510 3371 580 ἐκόλαζε,
3408 510 3548 583 μηδὲ

1907 591 2103 665 μέχρις
2168 593 2432 665 ὀνόματος
2490 600 2748 651 κοινωνὸν
2810 597 2896 652 ἐπὶ
2950 601 3019 671 τῇ
3076 598 3326 672 βασιλείᾳ
3374 602 3545 664 θὲΛων

1903 677 2049 755 ἔχειν
2079 682 2168 735 τὸν
2212 684 2462 753 Ἰωάννην
2511 686 2601 738 καὶ
2652 688 2714 740 τὸ
2763 685 3012 741 ἐκποδὼν
3063 693 3169 741 τῶν
3205 686 3350 741 ὅλων
3382 708 3547 742 κατα-

1904 777 2098 838 στῆσαι
2155 769 2243 825 διὰ
2299 771 2559 828 πλείστου
2618 774 2991 846 ποιούμενος.
3053 778 3153 832 ἸΙν
3216 773 3273 830 δὲ
3329 777 3391 830 τὸ
3452 778 3545 849 μὲν

1904 857 2143 932 ἐρεθίζον
2192 859 2267 921 εἷς
2316 865 2482 915 ταῦτα
2524 867 2630 915 τῶν
2696 864 2789 933 μὲν
2840 863 3140 935 ἀνθρώπων
3174 865 3228 917 οἱ
3276 865 3398 935 περὶ
3445 866 3547 933 τὴν

1905 945 2143 1025 ἀδελφήν
2193 947 2481 1024 Εὑλογίαν,
2512 954 2619 1003 τῶν
2670 947 2728 1004 δὲ
2796 952 3125 1023 πραγμάτων
3178 953 3238 1006 τὸ
3285 954 3375 1007 τὸν
3428 953 3542 1007 υἱὸν

1903 1034 2252 1110 Ἀνδρόνικον
2286 1042 2354 1103 τῆ
2387 1036 2581 1109 ἡλικίᾳ
2610 1039 2961 1115 προκόπτειν,
2995 1041 3051 1094 ὃν
3086 1042 3162 1113 μή
3211 1043 3346 1095 κατά
3396 1043 3543 1116 βασι-

1904 1122 2031 1179 λέας
2079 1125 2287 1199 ἀνάγειν
2342 1123 2512 1181 δεινὸν
2564 1126 2800 1182 ἐποιεῖτο
2832 1128 2919 1182 καί
2973 1130 3025 1183 οἱ
3064 1130 3126 1183 οὑ
3162 1131 3399 1205 φορητὸν
3432 1129 3547 1183 Evo-

1907 1215 2119 1286 μίζετο,
2175 1215 2237 1269 τὸ
2294 1212 2350 1269 δὲ
2407 1214 2573 1270 πλέον
2630 1219 2664 1285 ἡ
2717 1217 2936 1291 μεγίστη
3000 1215 3291 1293 φιλοτιμία
3355 1217 3444 1271 καί
3484 1220 3545 1271 τὸ

1904 1302 2124 1377 ἄκαιρον
2162 1306 2505 1383 ὑπερήφανον
2559 1306 2734 1378 μένειν
2787 1306 2873 1360 ἐπὶ
2927 1306 3166 1380 μετρίοις
3218 1306 3316 1359 οὐκ
3360 1307 3549 1380 ἀρκου-

1908 1394 2093 1465 μὲνου.
2123 1396 2187 1450 Ἡ
2225 1392 2281 1448 δὲ
2310 1399 2406 1448 τοῦ
2457 1393 2633 1449 δοκεῖν
2687 1397 2788 1450 οὐκ
2837 1394 3143 1469 ἀλογίστως
3187 1400 3356 1449 ταῦτα
3418 1396 3549 1469 βού-

1903 1482 2087 1538 λεσθαι
2135 1483 2395 1557 πρόθασις
2497 1487 2596 1551 τῆς
2648 1484 2863 1546 πόλεως
2912 1483 3139 1555 ἅλωσις,
3191 1486 3268 1557 [Ρ.
3308 1485 3431 1555 108]
3472 1482 3548 1543 εἷς

1902 1575 2090 1647 Ορόνον
2153 1573 2430 1649 βασιλείας
2501 1572 2864 1650 λογιζομένης
2936 1575 3175 1650 αὐτάρκη
3249 1580 3327 1647 τῷ
3383 1596 3548 1629 κατα-

1902 1663 2111 1737 σχόντι·
2171 1663 2330 1717 αὐτὸν
2394 1661 2439 1717 δ’
2495 1667 2629 1718 εἶναι
2696 1665 2785 1719 καὶ
2847 1666 3011 1737 μόνον
3071 1666 3162 1719 τὸν
3224 1664 3297 1726 εἷς
3345 1663 3546 1734 ταύτην

1824 1785 1870 1849 Β
1903 1751 2174 1822 κληθέντα
2230 1752 2527 1827 προτείνων
2564 1797 2579 1823 ,
2640 1754 2802 1807 αὐτὸν
2859 1754 2947 1807 καὶ
3012 1754 3177 1825 μόνον
3239 1752 3542 1827 βασιλεύειν

1904 1841 2301 1917 συνελογίζετο.
2335 1844 2452 1895 Ἔτι
2485 1840 2531 1896 δ’
2576 1841 2727 1914 ὅμως
2776 1841 3014 1897 ὕπουλον
3044 1844 3108 1911 ἦν
3153 1843 3215 1897 τὸ
3248 1840 3420 1896 δεινὸν
3453 1841 3540 1896 καὶ

1899 1938 2017 1993 τοῖς
2071 1930 2307 1994 πολλοῖς
2360 1932 2458 1985 οὐκ
2507 1930 2855 2002 εὐσύνοπτον,
2897 1931 2943 1985 εἴ
2992 1931 3081 1985 καὶ
3133 1953 3250 1994 πως
3298 1932 3349 1985 οἱ
3385 1928 3541 2004 βαθύ-

1897 2041 2051 2092 τερον
2097 2015 2486 2084 ἐπιϐάλλοντες
2530 2019 2588 2075 ἔκ
2616 2042 2674 2075 τε
2704 2019 2931 2075 πολλῶν
2960 2018 3145 2075 ἄλλων
3190 2020 3279 2074 καὶ
3329 2023 3425 2074 τοῦ
3459 2019 3534 2090 μὴ

1900 2110 2259 2165 συνεισελθεῖν
2309 2110 2408 2176 τὴν
2450 2109 2612 2164 πόλιν
2665 2110 2852 2182 ἐκείνῳ
2899 2110 2987 2164 τὸν
3020 2110 3268 2179 Ἰωάννην
3320 2110 3384 2163 οὐ
3418 2105 3536 2161 δυσ-

1904 2204 2088 2276 χερῶς
2140 2200 2289 2273 εἶχον
2339 2196 2615 2262 ὑπιδέσθαι
2668 2200 2730 2253 τὸ
2783 2198 3180 2272 μελετώμενον,
3230 2198 3258 2252 ὃ
3310 2194 3377 2266 δὴ
3423 2216 3542 2272 τρε-

1890 2398 2142 2456 sinebat.
2178 2397 2493 2453 Multorum
2526 2397 2583 2453 in
2618 2398 3026 2470 imperatorem
3060 2397 3387 2470 gliscebant
3426 2411 3541 2449 non

1894 2486 2162 2544 obscuris
2193 2488 2455 2541 excitatae
2479 2486 2713 2541 indiciis
2738 2487 3129 2558 suapiciones,
3163 2502 3369 2558 parum
3409 2500 3543 2539 eum

1898 2577 2174 2634 benevole
2203 2577 2263 2632 in
2297 2577 2586 2649 pupillum
2616 2581 2902 2633 Joannem
2927 2578 3076 2633 afﬁci
3113 2582 3288 2647 atque
3321 2577 3463 2630 adeo
3484 2575 3543 2628 in

1898 2669 2027 2737 ejus
2086 2667 2643 2722 circumventionem
2703 2668 3063 2729 incumbere,
3115 2666 3268 2721 unde
3325 2664 3543 2720 crimen

1901 2756 2156 2829 perﬁdize
2189 2757 2248 2811 in
2279 2773 2340 2811 se
2371 2755 2567 2827 ipsum
2592 2756 2895 2811 attrahens
2926 2756 3182 2827 obliquis
3216 2753 3545 2826 plerorum-

1901 2862 2015 2916 que
2044 2845 2456 2917 indignitatem
2490 2847 2571 2900 rei
2606 2862 2717 2901 non
2741 2845 3048 2901 ferentium
3075 2843 3259 2899 oculis
3274 2842 3545 2912 designa-

1904 2934 2565 2990 batur.Constabateum
2600 2932 3232 3005 ﬁctiscausisgraviter
3264 2930 3549 2986 multasse

1905 3025 2217 3094 quosdam,
2251 3040 2501 3094 quorum
2533 3024 2705 3094 culpa
2738 3040 2848 3078 non
2883 3027 3006 3077 erat
3036 3022 3149 3077 alia
3166 3037 3337 3090 quam
3370 3018 3546 3072 Joan-

1908 3130 2039 3168 nem
2072 3112 2675 3183 imperatoremlibera
2703 3128 2839 3168 voce
2860 3111 3206 3182 praedicasse
3232 3127 3243 3175 ;
3278 3125 3450 3180 quem
3476 3122 3545 3160 ne

1905 3201 2140 3257 nomine
2173 3201 2408 3273 quidem
2440 3205 2610 3257 tenus
2632 3201 2740 3256 sibi
2775 3200 3017 3271 adiungi
3039 3198 3316 3270 collegam
3337 3212 3546 3266 supre-

162 3286 219 3341 dc
257 3255 583 3345 amovenda
616 3308 649 3346 a
678 3255 783 3363 sp;
819 3292 1050 3365 imperii
1086 3255 1309 3365 pupillo
1342 3255 1793 3350 exitumvhabe:
1823 3255 1865 3321 Ο
2072 3255 2383 3363 potestatis
2442 3255 2605 3346 ferrei
2646 3255 2891 3362 poteral.
2946 3255 3063 3344 fleo
3129 3255 3547 3342 dissimulabat

161 3380 303 3430 rent:
336 3385 620 3435 caeterum
655 3382 807 3436 150
831 3382 1087 3437 orituras
1119 3383 1252 3437 inde
1284 3384 1489 3439 turbas
1531 3384 1795 3453 provide-

161 3462 263 3529 bat,
295 3467 535 3539 cupidis
566 3485 763 3525 rerum
797 3488 1079 3526 novarum
1114 3472 1447 3543 speciosum
1483 3474 1793 3529 adversum

158 3566 264 3608 sese
292 3556 650 3626 conjurandi
680 3564 1026 3630 praetextum
1057 3577 1172 3616 non
1224 3561 1582 3633 neglecturis
1606 3580 1619 3631 ;
1646 3580 1796 3635 quo-

158 3656 269 3699 rum
301 3644 516 3717 utique
548 3647 814 3704 seditiosi
836 3654 1083 3705 conatus
1122 3651 1374 3706 favorem
1401 3652 1556 3723 apud
1581 3652 1795 3725 vulgus

166 3729 297 3786 haud
328 3734 590 3791 dubium
615 3736 749 3792 inde
770 3738 1096 3807 traherent,
1116 3740 1272 3810 quod
1297 3740 1545 3811 justitiaa
1569 3758 1634 3797 ac
1657 3741 1796 3797 reli-

160 3818 331 3887 gionis
390 3823 451 3878 in
512 3824 866 3881 vindicanda
920 3828 1072 3883 sacri
1132 3828 1341 3898 capitis
1385 3829 1624 3900 injuria,
1668 3831 1792 3901 jam

162 3906 461 3975 plurimum
499 3912 813 3983 invidiosa,
846 3915 1037 3971 colore
1059 3916 1474 3973 honestissimo
1496 3935 1795 3974 commen-

156 3995 439 4056 darentur.
472 4001 582 4057 His
614 4018 941 4074 suspensus
972 4004 1130 4061 curis
1189 4010 1367 4077 atque
1400 4008 1684 4063 utramvis
1734 4010 1795 4066 in

153 4092 357 4156 partem
410 4090 739 4163 ambiguus
789 4094 1079 4164 Optimum
1122 4095 1414 4165 judicavit
1460 4097 1796 4167 permittere

154 4178 438 4247 negotium
487 4181 660 4253 quasi
696 4182 870 4239 sortis
893 4183 1160 4250 arbitrio,
1196 4184 1353 4255 ipsos
1378 4186 1478 4256 qui
1513 4202 1794 4243 convene-

153 4272 268 4321 rant
300 4269 622 4342 episcopos
654 4270 903 4327 sinendo
936 4271 1115 4329 libere
1148 4274 1458 4331 decernere
1490 4277 1644 4348 quod
1676 4276 1793 4332 vel-

147 4351 274 4422 lent,
306 4358 989 4425 autumans,allaturum
1021 4367 1085 4417 ut
1114 4362 1282 4434 solet,
1313 4363 1534 4436 aliquid
1565 4365 1706 4421 forte
1733 4366 1791 4421 in

143 4458 253 4499 rem
285 4463 402 4503 non
435 4448 889 4505 incommodum
921 4455 1155 4522 tempus
1184 4452 1381 4524 ipsum
1415 4470 1482 4509 ac
1529 4470 1788 4523 moram;

143 4548 261 4601 quae
308 4540 374 4590 ut
433 4536 675 4608 longior
731 4538 1120 4610 contingeret,
1198 4542 1450 4601 antistes
1522 4542 1676 4597 inter
1730 4560 1792 4598 se

1900 3380 2165 3451 redigere
2193 3379 2362 3453 plane
2388 3396 2449 3435 se
2492 3394 2739 3451 puerum
2785 3379 2841 3434 in
2874 3379 3141 3434 ordinem
3175 3380 3233 3431 et
3263 3378 3334 3431 ab
3381 3375 3544 3429 omni

1901 3469 2170 3525 funditus
2225 3469 2531 3525 excludere
2589 3467 3036 3540 participatione
3094 3464 3324 3537 imperii
3382 3464 3545 3518 omni

1901 3559 2101 3614 studio
2124 3574 2355 3629 cupere,
2389 3574 2455 3613 ac
2476 3557 2535 3612 in
2567 3574 2631 3612 eo
2657 3557 2799 3613 verti
2832 3558 3126 3612 fortunam
3172 3552 3545 3623 salutemque

1903 3649 2200 3721 propriam
2224 3649 2454 3704 ducere.
2477 3648 2555 3703 Eo
2589 3646 2754 3702 illum
2790 3647 3109 3701 incitabant
3127 3643 3339 3716 partim
3363 3640 3547 3697 homi-

1904 3753 2033 3807 nes,
2067 3738 2278 3810 partim
2310 3737 2452 3809 ipsae
2480 3754 2590 3793 res.
2644 3735 2887 3807 Eulogia
2917 3734 3187 3790 videlicet
3217 3734 3347 3803 ejus
3385 3748 3550 3787 soror

1904 3825 2135 3881 nullum
2169 3826 2416 3881 faciebat
2456 3826 2633 3881 tinem
2666 3825 2795 3895 ejus
2828 3821 3157 3895 iniquitatis
3205 3820 3541 3876 suadendaa.

1903 3916 2273 3971 Andronicus
2305 3919 2497 3971 autem
2532 3931 2695 3985 puer,
2746 3913 2904 3968 filius
2936 3912 3302 3983 imperatoris
3337 3909 3545 3965 Palteo-

1902 4004 2041 4075 logi,
2101 4021 2368 4060 crescens
2399 4004 2457 4059 in
2509 4003 2601 4059 die
2632 4018 2735 4074 spe
2791 4001 3106 4072 indoleque
3150 4001 3322 4067 bona,
3364 3998 3540 4054 tacito

1902 4094 1995 4150 sui
2025 4099 2263 4165 aspectu
2298 4099 2515 4163 partem
2538 4093 2777 4148 assidue
2809 4092 2951 4146 167
2984 4088 3351 4156 stimulabat,
3372 4088 3541 4159 quasi

1901 4184 2224 4255 deprecans
2273 4200 2345 4238 ne
2376 4199 2437 4239 se
2469 4182 2758 4255 privatum
2794 4179 3126 4236 adolescere
3157 4177 3537 4251 permitteret.

1900 4273 2023 4336 Quo
2063 4276 2295 4327 tantum
2321 4271 2889 4333 commovebatur.ut
2918 4266 3540 4324 viderecharissimum

1901 4362 2089 4417 ﬁlium
2117 4366 2407 4433 expertem
2438 4360 2656 4416 summi
2690 4358 2930 4415 honoris
2961 4375 3081 4414 rem
3114 4357 3287 4429 plane
3340 4354 3544 4410 intole-

1902 4452 2145 4506 randam
2180 4451 2583 4506 arbitraretur.
2604 4447 3198 4505 Vehementissimum
3224 4462 3392 4517 porro
3426 4461 3543 4500 ma-

1897 4538 2253 4595 chinationis
2308 4538 2710 4610 injustissimaa
2767 4537 3123 4595 incentivum
3168 4540 3290 4591 erat
3336 4534 3541 4606 ingens

141 4624 484 4681 commissos
518 4627 849 4695 admonuit,
883 4629 1091 4684 darent
1122 4646 1363 4701 operum
1399 4634 1626 4686 mature
1652 4649 1792 4687 con-
1824 4608 1868 4674 Ῑ)
1902 4630 2146 4686 ambitio
2178 4635 2233 4685 et
2261 4608 2808 4700 intempempestiva
2825 4625 3100 4698 superbia
3122 4624 3412 4681 moderari
3431 4622 3543 4679 sibi

140 4708 465 4770 siderandis
500 4716 751 4780 cunctis,
783 4732 889 4772 nec
922 4717 1329 4773 deliberationi
1364 4719 1539 4773 tinem
1600 4720 1793 4792 impo-

141 4805 337 4855 nerent
362 4803 565 4873 quoad
583 4819 791 4859 omnes
808 4805 877 4859 ad
899 4822 1080 4860 unum
1100 4806 1157 4860 in
1197 4806 1544 4862 concordem
1562 4815 1795 4863 senten-

139 4886 268 4943 tiam
282 4890 834 4963 convenirent.lpse
856 4893 967 4947 alio
982 4895 1416 4950 curasvertitad
1443 4896 1790 4952 instantium

142 4975 746 5050 administrationem,
783 4980 939 5037 haud
962 4987 1156 5038 tamen
1200 4984 1523 5041 attentione
1559 4986 1792 5056 penitus

138 5079 334 5121 aversa
367 5068 447 5122 ab
485 5067 559 5123 iis
582 5084 710 5139 qua:
742 5071 801 5124 in
834 5073 1056 5127 svnodo
1079 5090 1113 5128 a
1145 5073 1414 5129 Patribus
1455 5080 1786 5145 agerentur.

138 5168 277 5221 quos
325 5154 515 5226 quasi
573 5158 824 5214 furtivus
855 5161 1184 5230 obtutibus,
1217 5161 1375 5217 aliud
1426 5161 1563 5219 licet
1619 5181 1791 5237 agere

136 5241 453 5313 simulans,
482 5246 736 5316 perrexit
766 5248 1095 5305 observare.

196 5348 283 5402 35.
319 5351 387 5407 υι
419 5353 756 5431 imperatae
781 5370 1016 5431 puerum
1070 5359 1336 5431 Joannem
1376 5359 1660 5431 amaverit
1692 5366 1791 5431 ;ut

414 5424 579 5478 Italis
607 5424 959 5482 domicilium
990 5430 1323 5485 attributum
1353 5430 1546 5499 fuerit.

192 5509 338 5563 Nam
416 5511 579 5579 quod
642 5513 1096 5572 machinabatur
1143 5519 1358 5585 animo,
1420 5519 1788 5590 acquiescere

126 5591 316 5665 ipsum
353 5599 417 5655 in
458 5616 523 5655 re
550 5600 647 5657 tali
679 5606 735 5657 et
765 5602 960 5660 nimia:
1011 5606 1235 5664 ﬁducia)
1294 5607 1615 5666 indormire
1668 5628 1782 5668 non

1907 4723 2082 4789 atque
2128 4718 2281 4774 infra
2331 4719 2497 4785 fines,
2530 4733 2708 4788 aequae
2753 4715 3175 4773 mediocritatis
3235 4730 3296 4770 se
3345 4718 3543 4769 tenere

1904 4808 2314 4880 dedignantis;
2341 4807 2434 4864 cui
2466 4812 2809 4880 praetextum
2842 4804 3215 4877 coloremque
3237 4802 3543 4875 cupiditati

1905 4898 2169 4953 fucandaa
2194 4898 2544 4970 suggerebat
2556 4896 2813 4968 aliquem
2829 4896 3193 4963 recuperatio
3207 4892 3392 4961 urbis,
3415 4910 3541 4964 quae

1902 4988 2072 5042 sedes
2130 4992 2288 5042 esset
2347 4985 2576 5056 imperii
2610 4987 2923 5065 praecipua,
2956 4985 3123 5056 quasi
3166 5000 3233 5039 ea
3262 4982 3544 5053 capienda

1901 5076 2135 5150 proprie
2189 5076 2247 5131 in
2306 5075 2539 5147 imperii
2570 5076 2849 5131 thronum
2881 5076 3267 5142 ascendisset,
3291 5091 3355 5129 ac
3388 5079 3452 5129 ut
3483 5073 3539 5127 in

1900 5184 2028 5224 eam
2089 5166 2275 5235 solus,
2328 5166 2453 5222 suis
2509 5164 2714 5238 utique
2781 5170 3177 5237 expugnatam
3237 5164 3541 5235 auspiciis,

1901 5260 2174 5313 evocatus
2220 5261 2396 5325 esset,
2429 5254 2513 5311 sic
2574 5256 2861 5327 imperare
2896 5254 3059 5311 solus
3100 5255 3157 5309 in
3189 5271 3256 5310 ea
3292 5256 3351 5310 et
3374 5268 3441 5306 ex
3472 5267 3538 5306 ea

1900 5346 2156 5402 deberet.
2190 5347 2365 5401 Porro
2418 5345 2474 5399 id
2520 5346 2886 5416 propositum
2934 5344 3184 5399 habebat
3213 5344 3270 5397 in
3325 5356 3537 5396 arcano

1898 5433 2432 5509 indeprehensibile
2452 5434 2657 5505 primis
2687 5430 3453 5489 obtulibusoccurrentium.
3476 5426 3533 5481 Si

1900 5525 1999 5597 qui
2048 5529 2241 5580 tamen
2304 5522 2562 5594 penitius
2604 5520 2758 5577 intro
2790 5523 3102 5594 piscerent,
3152 5534 3283 5575 cum
3312 5532 3379 5572 ex
3409 5514 3537 5571 aliis

1894 5614 2102 5688 signis,
2134 5620 2257 5670 tum
2292 5628 2360 5668 ex
2389 5626 2454 5666 eo
2485 5611 2640 5681 quod
2672 5627 2871 5666 secum
2901 5611 3186 5667 Joannem
3217 5606 3277 5662 in
3327 5603 3532 5660 urbem
