4018 6198
357 277 361 282 ί
401 284 509 337 607

1707 279 2007 333 GEORGII
2047 279 2509 332 PACHYMERE
3675 280 3766 334 608

402 407 636 482 φάμενον
700 402 786 456 ὑπ’
826 400 1014 475 ἀγρίας
1062 396 1399 470 πλεονεξίας,
1459 395 1536 460 εἷς
1582 397 1710 452 Θεὸν
1747 396 2040 467 πειθούσης
2072 401 2123 466 Α
2153 395 2323 460 ίδίους
2361 399 2565 461 τόπους
2593 399 2728 473 πρὸς
2780 397 3017 465 οἷ’κησιν.
3079 399 3269 472 Ἔχειν
3302 395 3346 452 δ’
3399 395 3608 453 ἑκαστον
3635 401 3765 475 γένος

403 492 727 566 ἁμαρτάνειν
763 490 830 543 τὰ
864 509 1089 564 μεγιστα
1136 485 1224 542 διὰ
1278 495 1378 557 τῆς
1427 492 1535 542 τῶν
1593 486 1769 556 ὅρκων
1803 483 2047 561 παραϐὰ-

404 602 560 646 σεως,
596 584 778 651 μεῖζον
811 574 976 651 ᾔρετο
1009 577 1073 646 ἢν
1103 576 1241 632 ὣστε
1270 583 1610 652 παρορᾶσθαι
1654 581 1733 648 τῷ
1782 574 2052 648 μελετῶν-

402 690 476 725 τι.
530 667 608 724 Td
662 665 709 721 δ’
737 669 804 736 ἦν
834 665 934 742 ἄρα
961 667 1024 721 τὸ
1056 671 1172 730 τοῖς
1229 668 1530 738 Ῥωμαίοις
1588 663 1841 738 μεγάλων
1890 665 2048 737 ἅρξαν

401 761 581 810 κακῶν
627 756 716 810 καὶ
771 757 1025 831 ταραχῆς
1087 754 1414 810 ἆνυποίστου
1475 753 1685 830 ῥεχθὲν.
1737 753 1872 810 Τότε
1902 751 1958 807 δὲ
1986 753 2053 807 τὰ

398 846 500 913 τής
529 846 748 908 πόλεως
805 847 880 907 ὡς
941 844 1056 900 οἷόν
1115 865 1173 899 τε
1227 845 1484 905 καθιστὰς
1535 843 1672 919 πρὸς
1718 844 1780 897 τὸ
1812 842 2050 920 ἀσφαλέ-

403 955 612 1010 στερον,
672 934 984 996 Γεννουίτας
1045 935 1136 1007 μὲν
1187 933 1315 997 τοὺς
1343 939 1387 988 τ’
1417 929 1576 995 ὄντας
1623 931 1750 995 τούς
1778 952 1835 986 τε
1878 951 2050 1006 προσο

401 1019 750 1095 δοκωμένους
830 1023 1215 1099 προσγενέσθαι
1291 1023 1583 1084 πλείστους
1645 1018 1885 1090 ἐνιδὼν,
1960 1019 2050 1073 καὶ

403 1109 690 1187 δυσχερεῖς
740 1115 775 1183 ἢ
838 1112 976 1168 ὥστε
1034 1113 1122 1166 καὶ
1194 1112 1578 1175 ὕποκλίνεσθαι
1658 1108 1858 1186 ῥᾳδίως
1915 1111 2054 1165 Ῥω-

410 1201 635 1272 μαίοις,
691 1201 839 1256 ἀλλὰ
895 1203 986 1256 καὶ
1044 1202 1131 1256 ἐπὶ
1190 1207 1306 1263 ταῖς
1364 1200 1661 1276 τυχούσαις
1720 1199 2048 1274 προφάσεσιν

411 1292 985 1364 ὑποκινηθησομένους
1014 1289 1073 1345 ἂν
1135 1291 1211 1353 ὡς
1263 1291 1567 1366 ὑπερόφρυς
1617 1288 1705 1344 καὶ
1756 1282 2050 1360 συϐαροὺς,

406 1376 556 1442 ἐντὸς
617 1378 788 1451 μένειν
849 1388 950 1450 τῆς
1005 1379 1222 1444 πόλεως
1284 1380 1383 1434 οὐκ
1457 1378 1677 1452 ἐγνώκει
1729 1375 2000 1452 συμφέρον
2037 1417 2052 1446 ,

411 1465 522 1538 ἰδίᾳ
577 1466 635 1522 δὲ
690 1471 1123 1544 προσκαθῆσθαι,
1165 1471 1254 1523 καὶ
1313 1469 1576 1543 πρότερον
1622 1467 1715 1538 μὲν
1772 1465 1908 1519 κατὰ
1956 1465 2055 1533 τὴν

409 1555 730 1628 Ἡράκλειαν
789 1565 890 1627 τῆς
940 1559 1153 1632 Θρᾴκης
1201 1557 1378 1634 φέρων
1427 1556 1722 1628 κατῴκιζεν
1761 1599 1775 1622 ,
1834 1553 2052 1627 ὕστερον

415 1642 459 1662 ἢκ

411 1643 468 1699 δὲ
501 1645 824 1720 καταντικρὺ
877 1653 977 1714 τῆς
1031 1645 1254 1720 περαίας
1312 1646 1457 1718 παρὰ
1513 1645 1678 1716 μόνον
1729 1643 1791 1697 τὸ
1826 1646 1923 1697 τοῦ
1955 1648 2055 1696 Γα-

2156 486 2284 548 τοῦς
2315 483 2487 549 ἰδίους
2518 488 2716 564 φόρους
2747 487 3041 548 ἀκωκύτως
3073 487 3421 562 προσέταττε.

2159 591 2261 656 λς’.
2294 593 2368 647 Τὰ
2395 595 2531 648 κατὰ
2571 593 2699 655 τοὺς
2754 593 2832 655 εἷς
2872 594 2964 648 τὸν
3018 591 3200 648 πάπαν
3234 595 3322 647 καὶ
3379 591 3504 656 τοὺς
3557 594 3769 659 Ἰταλοὺς

2619 662 2872 739 πρέσϐεις
2911 669 3008 720 τοῦ
3053 664 3344 741 βασιλέως.

2233 756 2315 826 [Ρ.
2353 757 2478 827 109]
2512 749 2928 831 Διεπρεσϐεύετο
2963 751 3019 808 δὲ
3047 754 3138 808 καὶ
3169 755 3304 826 πρὸς
3343 754 3435 808 τὸν
3466 773 3673 808 παππαν
3699 753 3770 809 διᾶ

2156 845 2370 918 ταχέων
2405 843 2768 916 ἐκμειλίσσων
2800 841 3001 919 δώροις
3026 887 3037 898 .
3074 844 3180 898 Δύο
3205 840 3252 897 δ’
3281 842 3418 911 ἦσαν
3453 842 3503 898 οἱ
3531 839 3770 917 πρεσϐεις,

2157 934 2232 994 εἷς
2259 933 2352 1005 μὲν
2387 934 2413 988 ὁ
2445 932 2857 1007 Νικηφορίτζης
2897 930 3222 1006 λεγόμενος,
3257 932 3446 1007 ἅτερος
3477 929 3534 986 δὶ
3561 931 3604 986 δ’
3622 931 3775 988 Αλου-

2160 1017 2385 1097 ϐάρδης,
2447 1019 2635 1095 ἄνδρες
2686 1021 2763 1086 εἷς
2820 1022 3288 1096 ὑπογραμματέας
3341 1019 3623 1083 τελοῦντες
3668 1022 3771 1096 πρὶν

2157 1115 2237 1183 τῷ
2281 1115 2388 1165 τῶν
2448 1109 2671 1166 Ἰταλῶν
2736 1110 2954 1187 βασιλεῖ
3007 1115 3086 1182 τῷ
3148 1108 3491 1181 Βαλδουίνῳ,
3548 1108 3704 1164 αἰτίαν
3730 1109 3776 1166 δέ

2160 1197 2458 1272 προδοσίας
2493 1200 2632 1276 πρὸς
2682 1200 2991 1274 Ῥωμαίους
3035 1200 3281 1274 σχόντες.
3332 1201 3433 1260 Οἷς
3465 1195 3530 1267 δὴ
3575 1204 3658 1252 καῖ
3695 1201 3778 1268 τὴν

2161 1286 2393 1343 Ἰταλίαν
2451 1283 2821 1342 καταλαϐοῦσι
2873 1286 3123 1348 κίνδυνος
3176 1287 3459 1342 ἐπιπίπτει
3513 1286 3688 1362 βαρὺς,
3729 1288 3776 1340 ’ὸν

2163 1372 2278 1430 οὐδ’
2325 1375 2453 1431 αὐτὸ
2509 1375 2571 1430 τὸ
2631 1383 2826 1451 σχῆμα
2880 1381 2989 1431 τῶν
3050 1371 3328 1451 πρέσϐεων
3394 1376 3471 1448 μὴ
3529 1377 3698 1428 παθεῖν
3725 1378 3779 1429 τὰ

2161 1465 2414 1538 χείριστα
2461 1471 2775 1539 παρῃτεῖτο.
2839 1463 2991 1520 ’Βλλ’
3022 1465 3068 1519 εί
3098 1464 3188 1519 καὶ
3245 1465 3313 1519 τὰ
3371 1471 3471 1532 τῆς
3521 1461 3780 1536 προδοσίας

2161 1552 2340 1624 ὀνείδη
2397 1559 2516 1617 ταῖς
2588 1561 2776 1628 τιμαῖς
2847 1553 3300 1609 συνεκάλυπτενὸ
3333 1557 3541 1629 κρατῶν
3593 1553 3660 1614 εἷς
3702 1552 3784 1607 αὗ-

2161 1645 2251 1698 τὸν
2327 1639 2885 1714 παραπρεσϐευόντων
2945 1643 3004 1698 ἐκ
3061 1642 3280 1704 πόλεως
3314 1687 3332 1710 ,
3415 1639 3539 1696 ἀλλ’
3612 1640 3783 1696 ἐκεῖνοι

410 1732 547 1788 λατᾶ
603 1733 861 1811 φρούριον
922 1732 1159 1812 ἀσφαλὲς
1219 1732 1508 1807 ἐδοκίμαζε
1555 1731 1904 1800 κατοικίζων
1958 1738 2055 1784 Βε-
2089 1772 2133 1836 Β
2165 1731 2403 1808 χαλεποί
2445 1753 2506 1808 γε
2536 1729 2687 1794 ὄντες
2735 1733 2822 1786 καὶ
2875 1729 3089 1803 ἄλλως,
3121 1729 3582 1805 παρακνιζόμενοι
3636 1728 3687 1784 δὲ
3709 1732 3780 1784 καὶ

594 1822 605 1836 .
689 1821 730 1836 ε..
868 1823 880 1836 .
943 1830 986 1836 _.
1122 1822 1133 1836 .
1320 1825 1333 1836 .
1505 1823 1517 1836 ι
1626 1820 1723 1836 χι
1853 1819 1933 1836 η.
2206 1826 2233 1836 ..
2451 1823 2462 1836 .
2636 1829 2663 1836 _
2790 1819 2829 1836 ,κ
3031 1820 3045 1836 ς
3234 1819 3246 1836 1
3441 1818 3484 1836 ι..
3769 1821 3779 1836 ι

408 1822 654 1885 νετικοὺς
686 1821 742 1878 δὲ
793 1823 882 1878 καὶ
943 1822 1249 1892 Πισσαίους,
1281 1825 1343 1878 τὸ
1391 1823 1527 1877 κατά
1582 1820 1795 1886 πλῆθος
1845 1819 2054 1893 ὀλίγον,

414 1911 590 1982 μένειν
643 1910 791 1974 ἐντὸς
850 1910 1110 1978 ἐδικαίου,
1171 1911 1633 1985 ἀποκεκριμένους
1685 1909 1775 1964 καί
1832 1908 2059 1972 τούτους

409 2005 517 2054 τῶν
552 1998 761 2057 ἄλλων.
820 2003 974 2064 ⁶Οθεν
1036 2001 1126 2055 καὶ
1186 2001 1235 2056 ἐν
1284 1998 1662 2072 ἀκινδύνῳτῷ
1720 2000 1835 2053 κατ’
1895 1997 2053 2052 αὐτὸν

411 2087 625 2144 ἐκέλευε
685 2093 780 2162 μὲν
827 2088 1022 2144 αᾶτίκα
1067 2091 1129 2145 τό
1160 2092 1205 2144 τ’
1238 2090 1386 2152 ἐντὸς
1447 2087 1880 2160 ἀνοικοδομηθέν
1918 2087 2054 2158 πρὸς

403 2183 486 2248 τῷ
543 2179 678 2232 κατά
735 2179 1004 2234 θάλασσαν
1067 2178 1217 2254 μέρει
1273 2182 1370 2248 τῆς
1428 2179 1631 2254 ἀγορᾶς
1687 2177 1947 2254 φρούριον
1991 2175 2054 2230 τό

403 2267 454 2320 τ’
503 2266 657 2330 ἐκτὸς
715 2268 777 2323 τὸ
835 2273 936 2322 τοῦ
995 2267 1208 2324 Γαλατᾶ
1264 2268 1546 2345 ἀμφότερα
1598 2269 1931 2340 κατερεῖψαι,
1963 2267 2053 2319 καὶ

404 2355 549 2412 οὕτω
607 2359 923 2419 Γεννουῖτας
987 2358 1081 2430 μὶν
1130 2358 1266 2412 κατά
1320 2365 1419 2427 τῆν
1477 2359 1614 2432 πρὸς
1646 2355 1795 2411 δύσιν
1827 2353 2050 2430 περαίαν

405 2450 546 2522 πρὸς
586 2454 666 2521 τῷ
723 2447 936 2517 Γαλατᾷ
995 2452 1131 2512 σφᾶς
1187 2448 1386 2512 αὐτοὺς
1437 2447 1804 2519 ἐπιμήκιστου
1859 2464 2056 2517 παρεκ-

399 2538 666 2600 τείνοντας
723 2541 995 2592 κατοικεῖν
1026 2581 1041 2607 ,
1093 2542 1210 2598 τοῖς
1269 2535 1327 2591 δὲ
1385 2535 1606 2597 λοιποῖς
1673 2535 2052 2607 ἀποταχθῆναι

400 2755 514 2794 non
548 2736 1357 2804 duxisset,subodorabantur
1385 2734 1526 2806 quid
1562 2736 1806 2805 pararet.
1829 2731 2064 2803 Cogita-

403 2833 531 2882 tum
569 2827 822 2898 profecto
854 2823 1142 2880 nefarium
1178 2829 1234 2880 et
1266 2830 1397 2879 ortu
1449 2824 1639 2895 primo
1690 2823 2065 2892 exstinguen-

411 2917 574 2970 dum.
635 2914 800 2969 Nunc
849 2913 994 2968 illud
1048 2913 1179 2969 sinu
1222 2914 1522 2987 gignentis
1570 2912 1792 2967 factum
1825 2915 1880 2965 et
1909 2909 2057 2964 laeto

406 3005 660 3075 quodam
696 3005 826 3058 feraa
859 3002 1202 3075 cupiditatis
1235 3003 1506 3058 edoctum
1540 3017 1727 3073 usque
1763 3000 1836 3055 ad
1878 2999 2056 3054 auda-

401 3093 552 3147 ciam
616 3093 791 3147 Deum
853 3091 1049 3164 ipsum
1096 3091 1396 3164 fmdil'rago
1453 3089 1713 3162 perjurio
1770 3087 2048 3153 violandi,

400 3183 594 3254 erupit
625 3157 893 3254 denique
913 3199 1188 3254 magnam
1221 3181 1280 3236 in
1317 3157 1813 3251 perturbationem
1861 3177 2055 3251 perni-
2092 3157 2135 3224 (αἶ

407 3272 675 3342 ciemque
727 3272 1147 3327 Romanorum.
1179 3271 1287 3326 Sed
1338 3271 1459 3324 haec
1491 3274 1729 3340 postea:
1765 3269 1874 3323 hoc
1921 3282 2055 3321 vero

401 3366 667 3431 tempore
699 3364 884 3431 coepto
917 3361 1235 3431 imperator
1263 3359 1548 3414 insistens
1575 3359 1735 3429 operi
1767 3373 1859 3412 res
1889 3357 2055 3412 urbis

401 3451 459 3503 in
495 3455 713 3503 statum
769 3465 944 3518 quam
1007 3447 1258 3503 maxime
1314 3464 1590 3502 securum
1641 3446 2052 3518 componendi,

402 3541 742 3593 Cannenses
799 3537 1062 3603 quidem,
1115 3537 1336 3608 quique
1376 3537 1502 3607 jam
1567 3537 1812 3592 aderant
1838 3536 2056 3608 quique

407 3643 542 3681 mox
588 3614 816 3681 venturi
869 3626 1380 3696 exspectabantur,
1421 3625 1616 3697 plures
1661 3630 1717 3681 et
1744 3629 2052 3681 contuma-

406 3714 591 3768 ciores
615 3729 861 3769 cernens
893 3729 1070 3784 quam
1104 3716 1169 3768 ut
1198 3729 1331 3784 spes
1353 3713 1733 3784 essetsubjici
1769 3716 1919 3769 bona
1942 3714 2054 3768 ﬁde

407 3803 691 3858 Romanis
756 3819 955 3874 posse,
1015 3801 1448 3874 providensque
1506 3804 1627 3858 fore
1702 3808 1766 3858 ut
1827 3803 2053 3859 levibus

410 3893 746 3964 quibusque
776 3891 1027 3947 subinde
1059 3891 1254 3946 causis
1276 3897 1378 3947 aut
1395 3891 1765 3963 praetextibus
1789 3893 1860 3947 ad
1892 3909 2056 3948 arma

407 3987 465 4036 et
518 3979 894 4037 rebellionem
973 3981 1435 4050 concitarentur,
1507 3986 1711 4054 utpote
1786 3981 2054 4037 homines

411 4074 753 4141 arrogantes
789 4074 846 4124 et
898 4068 1140 4138 feroces,
1192 4085 1290 4124 eos
1349 4069 1503 4124 intra
1549 4069 1739 4140 ipsam
1788 4070 2055 4125 habitare

418 4158 713 4213 civitatem
746 4157 904 4212 haud
964 4157 1190 4228 putavit
1228 4161 1466 4225 tutum;
1517 4159 1853 4228 eponendos
1907 4159 2054 4216 168

406 4247 586 4318 igitur
617 4246 784 4301 duxit
805 4245 861 4300 in
895 4245 1125 4316 proprie
1151 4246 1298 4318 ipsis
1328 4246 1696 4318 assignatum
1739 4246 1953 4302 locum.
1979 4248 2056 4302 Ac

406 4335 693 4407 principio
726 4334 964 4404 quidem
997 4334 1335 4390 Heracleam
1369 4334 1629 4390 Thraciae
1677 4335 1837 4406 ipsos
1864 4339 2056 4390 trans-

407 4421 643 4478 tulerat.
679 4422 898 4477 Deinde
932 4425 1127 4478 tamen
1152 4424 1420 4478 securius
1441 4422 1798 4478 existimavit
1813 4422 2057 4478 colloca-

2166 1826 2238 1887 τῆ
2300 1823 2548 1896 στερήσει
2595 1829 2699 1891 τῆς
2731 1819 2960 1884 πόλεως
3003 1820 3080 1882 εἷς
3117 1819 3312 1894 μανίαν
3365 1818 3581 1893 μείζονα
3612 1863 3625 1890 ,
3675 1821 3786 1874 κατὰ

2164 1919 2272 1968 τῶν
2329 1914 2680 1990 πεμφθέντων
2753 1913 2836 1967 ἐπ’
2910 1911 3111 1974 αίτιαις
3159 1919 3260 1981 τῆς
3318 1908 3651 1984 προδοσίας,
3717 1911 3775 1971 ὡς

2167 2001 2481 2066 ἐπιστάντας
2533 2003 2806 2079 ἑωρῶντο,
2863 2006 3128 2076 τιμωρεῖν
3186 2001 3477 2077 ὥρμηντο,
3525 2001 3674 2064 Ὅθεν
3711 2001 3782 2055 καὶ

2163 2091 2255 2145 τὸν
2294 2091 2386 2163 μὲν
2442 2090 2855 2166 Νικηφορίτζην
2901 2089 3272 2165 κατασχόντες
3329 2088 3391 2145 ἐκ
3442 2087 3619 2144 ποδῶν
3651 2088 3696 2149 ἐς
3718 2109 3784 2142 κει

2165 2179 2343 2253 φαλήν
2403 2185 2574 2249 ζῶντα
2615 2178 2866 2251 ἀνηλεῶς
2916 2177 3182 2252 ἐξέδερον,
3211 2183 3592 2254 τιμωροῦντες
3642 2177 3786 2232 αίτια-

2165 2270 2342 2335 θέντα,
2375 2270 2486 2342 ἅμα
2545 2266 2602 2324 δὲ
2656 2269 2747 2323 καὶ
2799 2268 2881 2322 ἐπ’
2941 2268 3133 2342 ἀτιμίᾳ
3186 2272 3290 2322 τοῦ
3350 2263 3788 2341 attritu-.943?

2165 2354 2549 2432 Ἀλουϐάρδης
2605 2357 2879 2433 προγνοὺς
2934 2359 3034 2427 τὴν
3112 2351 3421 2426 ἐπιϐουλὴν
3477 2357 3576 2411 ἀνὰ
3627 2355 3788 2430 κράτος

2165 2446 2400 2524 φεύγει.
2454 2447 2559 2503 Καὶ
2613 2451 2786 2502 ταῦτα
2856 2447 2950 2519 μὶν
3003 2442 3161 2500 τόνδε
3203 2446 3299 2501 τὸν
3361 2447 3560 2520 τρόπον
3624 2437 3785 2512 συνέϐη

2162 2540 2278 2596 τοῖς
2309 2536 2436 2609 παρ’
2463 2533 2696 2591 Ἰταλίαν
2724 2540 3020 2612 πεμφθεῖσι
3051 2529 3410 2609 πρέσϐευσιν.

2177 2749 2322 2788 nens
2380 2733 2676 2805 praescribi
2732 2733 2892 2789 locos
2950 2735 3022 2789 ad
3057 2734 3477 2800 habitandum,
3531 2739 3585 2788 et
3610 2733 3786 2806 cuique

2173 2823 2330 2893 genti
2379 2839 2518 2879 suos
2570 2839 2784 2879 census
2815 2827 2872 2879 et
2903 2823 3231 2895 vectigalia,
3285 2822 3452 2879 nullo
3486 2823 3785 2894 prohibente

2172 2927 2497 2983 provenire.

2235 3074 2324 3128 36.
2356 3075 2432 3129 De
2482 3074 2676 3142 legatis
2706 3073 2775 3129 ad
2803 3089 3008 3157 papam
3035 3077 3087 3159 et
3120 3074 3291 3129 Italos
3331 3077 3403 3131 ab
3429 3075 3732 3147 imperatore

2898 3161 3109 3201 τητεδιδ.

2219 3267 2378 3324 Misit
2393 3273 2451 3323 et
2472 3267 3490 3341 quamprimumlegatosimperator
3503 3270 3570 3324 ad
3584 3283 3779 3342 papam,

2161 3357 2332 3412 donis
2398 3373 2532 3412 eum
2593 3355 2904 3412 deliniens.
2941 3357 3071 3412 Duo
3130 3363 3334 3413 autem
3396 3357 3568 3430 legati
3615 3361 3768 3423 erant,

2163 3462 2414 3516 quorum
2448 3462 2605 3500 unus
2630 3445 3086 3517 Nicephoritzes,
3117 3445 3267 3501 alter
3299 3447 3622 3502 Alubardes
3647 3459 3781 3500 voca-

2161 3533 2353 3588 batur.
2386 3533 2642 3605 Uterque
2663 3533 2856 3589 scriba
2886 3533 3154 3588 Balduini
3181 3533 3379 3590 fuerat
3410 3551 3591 3607 nuper
3615 3533 3773 3604 impe-

2161 3622 2662 3678 ratorisltalorum
2700 3623 2886 3690 ;unde
2910 3623 3062 3693 quod
3096 3623 3168 3678 ad
3203 3624 3770 3694 partesRomanorum

2161 3712 2536 3779 transissent,
2584 3711 2937 3783 proditionis
2991 3713 3437 3768 accusabantur
3484 3730 3516 3768 a
3567 3709 3771 3768 Latinis.

2161 3803 2278 3854 Hos
2312 3800 2368 3854 in
2404 3799 2625 3854 Italiam
2655 3799 2936 3872 appulsos
2974 3816 3148 3872 grave
3181 3801 3515 3872 periculum
3569 3799 3771 3870 excepit,

2165 3889 2223 3943 in
2259 3906 2371 3960 quo
2405 3906 2476 3944 ne
2497 3905 2708 3944 nomen
2739 3889 2975 3960 quidem
3007 3897 3456 3946 sacrosanctum
3491 3895 3770 3961 legatorum

2170 3982 2429 4032 extrema
2461 3977 2606 4047 ipsis
2651 3976 2809 4032 mala
2855 3978 3155 4048 deprecari
3210 3983 3427 4049 potuit,
3476 3993 3770 4050 quanquam

2163 4065 2308 4121 alias
2337 4065 2656 4137 imperator
2686 4065 3034 4138 proditionis
3062 4067 3120 4122 in
3156 4084 3218 4123 se
3247 4085 3384 4124 reos
3415 4084 3484 4124 ex
3513 4069 3644 4123 urbe
3669 4071 3769 4120 tum

2163 4172 2196 4211 a
2223 4155 2445 4210 Latinis
2475 4157 2711 4211 detenta
2743 4155 2991 4212 subdole
3023 4158 3237 4213 missos
3270 4158 3522 4230 benigne
3551 4155 3771 4226 accepis-

2161 4249 2271 4312 set,
2294 4245 2515 4300 crimen
2537 4244 2757 4300 honore
2787 4243 3096 4316 legationis
3118 4246 3481 4303 occultatum
3507 4263 3566 4302 se
3610 4245 3770 4300 videre

2159 4332 2568 4389 dissimulans.
2604 4332 2733 4388 Itali
2759 4334 2916 4388 enim
2950 4351 3083 4390 cum
3116 4335 3265 4390 alias
3299 4336 3607 4391 irritabiles
3646 4332 3769 4388 169

2160 4440 2226 4478 ac
2279 4423 2678 4489 vehementes,
2730 4427 2859 4478 tum
2915 4423 3288 4481 incommodo
3325 4425 3542 4482 recenti
3577 4423 3770 4480 amissaa

408 4528 468 4567 re
501 4511 633 4567 illos
664 4528 694 4566 θ
718 4510 955 4582 regione
984 4511 1206 4580 Parmae,
1240 4517 1298 4566 et
1327 4529 1435 4567 sua
1464 4513 1615 4566 intra
1647 4510 1828 4567 solam
1861 4527 2054 4568 arcem
2083 4523 2131 4588 D
2160 4510 2750 4584 Constantinopoleos
2780 4511 3301 4569 eﬂ‘eratiadversus
3330 4513 3442 4570 hos
3471 4512 3566 4569 tali
3580 4517 3770 4581 tempo-

404 4600 623 4656 Galatae
655 4601 868 4656 habere
894 4599 1193 4656 domicilia
1219 4602 1446 4672 jubere.
1473 4604 1725 4656 Venetos
1756 4609 1947 4655 autem
1999 4606 2058 4656 et

404 4694 670 4758 Pisanos,
706 4706 958 4761 quorum
1016 4694 1144 4746 erat
1174 4707 1289 4744 non
1330 4689 1408 4744 ita
1463 4706 1679 4761 magna
1712 4689 2050 4759 multitudo,

406 4795 644 4834 manere
673 4777 832 4833 intra
859 4779 1062 4834 urbem
1097 4778 1388 4850 permisit,
1405 4779 1506 4833 sed
1530 4783 1830 4850 separatos
1861 4779 1931 4834 ab
1962 4779 2051 4834 in-

403 4869 587 4924 vicem
620 4872 676 4924 et
705 4868 777 4923 ab
810 4867 966 4935 aliis,
1002 4868 1140 4923 Inde
1169 4868 1239 4922 ad
1264 4884 1434 4923 omne
1451 4867 1778 4940 periculum
1812 4869 2052 4934 certius,

403 4964 693 5030 quantum
726 4957 786 5012 in
818 4959 946 5028 ipso
976 4961 1121 5021 erat,
1160 4958 1623 5028 praevertendum
1657 4958 1809 5012 dirui
1843 4962 1899 5014 et
1927 4958 2052 5014 solo

403 5047 669 5104 funditus
701 5046 917 5118 aequari
939 5047 1125 5116 jussit
1156 5046 1512 5102 munitiones
1533 5051 1657 5102 tum
1682 5047 1835 5103 intra
1851 5047 2051 5102 urbem

408 5137 560 5192 arcis
615 5141 922 5192 exstructa:
980 5137 1051 5190 ad
1079 5134 1434 5190 maritimam
1488 5135 1597 5192 fori
1643 5140 1892 5206 partem,
1923 5140 2050 5191 tum

403 5233 567 5284 extra
614 5225 885 5282 suburbii
943 5224 1181 5281 Galatae.
1217 5225 1278 5280 ln
1313 5241 1428 5297 quo
1479 5225 1562 5280 sic
1592 5225 2051 5296 propugnaculis

404 5316 624 5372 nudato
640 5314 904 5371 habitare
923 5317 1264 5369 Genuenses
1288 5330 1353 5369 ex
1379 5314 1623 5369 adverso
1645 5313 2052 5384 oppositaeipsi

401 5407 473 5461 ab
505 5421 717 5462 occasu
749 5405 974 5471 Peraeae,
1009 5407 1252 5458 extensa
1303 5418 1479 5473 quam
1515 5401 1767 5457 maxime
1826 5401 1886 5457 in
1926 5401 2050 5458 lon-

400 5511 540 5566 gum
568 5495 878 5551 domorum
911 5491 1079 5559 serie,
1119 5490 1415 5563 praecepit,
1446 5490 1578 5547 aliis
1600 5505 1831 5562 quoque
1851 5491 2052 5548 decer-

2166 4617 2226 4656 re
2259 4617 2386 4656 sese
2415 4599 2529 4672 ipsi
2561 4600 2868 4656 offerentes
2900 4601 2961 4656 in
3021 4601 3241 4658 rabiem
3277 4603 3452 4658 olito
3502 4602 3768 4670 majorem.

2163 4689 2369 4745 ulcisci
2418 4689 2710 4761 supplicio
2743 4707 2987 4760 prorsus
3019 4690 3198 4746 atroci
3243 4693 3468 4747 crimen
3508 4689 3642 4763 ipsis
3682 4687 3769 4740 im-

2163 4783 2398 4850 pactum
2432 4777 2780 4849 proditionis
2810 4778 3071 4851 aggressi
3106 4784 3347 4851 repente
3369 4785 3527 4835 sunt.
3557 4779 3767 4848 Captum

2159 4867 2429 4923 videlicet
2457 4867 2903 4940 Nicephoritzen
2935 4885 2969 4922 a
3000 4868 3248 4941 pedibus
3282 4870 3357 4925 ad
3387 4871 3560 4942 caput
3600 4866 3766 4920 vivum

2161 4957 2478 5013 crudeliter
2505 4955 2896 5024 excoriarunt,
2951 4974 3066 5012 non
3093 4959 3282 5030 magis
3312 4959 3370 5014 in
3425 4972 3637 5030 pmnam
3666 4966 3767 5008 see-

2161 5045 2298 5102 leris
2330 5045 2517 5118 ipsius
2549 5062 2724 5118 quam
2758 5047 2816 5101 in
2844 5047 3219 5119 imperatoris
3265 5047 3466 5120 ipsum
3522 5039 3768 5102 mittentis

2161 5135 2548 5210 ignominiam
2583 5152 2649 5191 ac
2698 5141 3123 5208 contemptum.
3158 5141 3229 5192 At
3267 5137 3607 5203 Alubardes,
3637 5145 3765 5188 com-

2161 5232 2324 5297 perto
2373 5224 2511 5296 quid
2549 5225 2658 5280 sibi
2707 5229 3033 5296 pararetur,
3095 5226 3390 5297 praevertit
3420 5220 3763 5280 infortunium

2161 5314 2300 5385 fuga
2333 5318 2586 5370 matura.
2608 5315 2714 5370 Hic
2745 5330 3056 5371 successus
3088 5314 3279 5370 missa
3312 5313 3373 5370 in
3407 5312 3616 5370 Italiam
3641 5309 3764 5379 lega-

2161 5401 2341 5459 tionis
2366 5401 2498 5457 fuit.
