3920 6196
1189 317 1287 370 DE
1324 316 1698 370 MICHAELE
1735 316 2180 374 PALEOLOGO
2217 318 2350 370 LIB.
2394 319 2492 372 ῐΙῘ.

3440 325 3547 382 610

1764 494 1896 588 Γ’.

208 643 258 697 α’,
284 643 440 701 Ὀπως
464 636 666 692 ἐσκόπει
699 638 726 692 ὁ
762 634 1016 710 βασιλεὺς
1040 636 1108 690 τὰ
1136 636 1274 690 κατὰ
1309 636 1402 690 τὸν
1433 637 1780 712 πατριάρχην
1810 641 1865 708 Α
1893 637 1927 705 ἢ
1988 637 2064 709 μὴ
2101 635 2567 711 μετελευσομένου
2596 640 2687 694 τὸν
2721 643 3126 715 ἁμαρτήσαντα.
3157 647 3238 702 Τά
3270 644 3317 700 δ’
3344 648 3419 710 εἰς
3453 672 3550 722 με-

813 727 1090 799 Ἀρσένιον
1103 767 1115 780 .

258 821 325 890 [Ρ.
357 817 465 890 113]
513 816 570 872 Ὁ
628 812 684 869 δὲ
744 812 1000 891 βασιλεὺς
1055 813 1475 889 στοιχιζόμενος
1528 820 1647 880 ταῖς
1706 813 1786 869 ἐν·

201 908 355 976 νοίαις,
407 905 477 968 ὡς
526 902 708 964 ἄλλως
765 902 863 958 οὐκ
917 903 976 957 ὃν
1036 903 1383 978 πατριάρχου
1433 901 1565 978 δίχα
1592 905 1659 958 τά
1686 911 1788 973 τῆς

201 992 469 1063 Ἐκκλησίας
520 992 809 1062 ἰθύνεσθαι,
868 991 1084 1047 ἐσκόπει
1142 994 1262 1055 καθ’
1321 993 1505 1047 ἓαυτίν
1555 997 1674 1054 πῶς
1723 992 1782 1047 ἂν

199 1083 264 1137 καί
329 1085 387 1138 τά
452 1081 578 1136 κατᾶ
652 1082 743 1136 τὸν
815 1082 1163 1156 πατριάρχην
1223 1101 1518 1152 κατασταιη
1573 1081 1663 1136 καὶ
1719 1083 1788 1138 τὰ

195 1173 296 1227 κατὰ
317 1173 521 1247 γνώμην
570 1165 783 1240 ἐκϐαίη,
839 1170 1063 1244 θατέρου
1107 1166 1154 1224 δ’
1183 1167 1544 1240 εὖοδήσαντος
1594 1170 1639 1226 εἰ
1691 1173 1786 1235 θά-

195 1282 313 1335 τερον
363 1259 724 1330 ἀπολείποιτο,
783 1261 845 1314 τὸ
893 1265 996 1314 πᾶν
1060 1257 1121 1313 ἂν
1178 1258 1447 1333 χωλεύειν
1490 1261 1782 1335 ἀναγκαῖον

191 1354 353 1424 ἡγεῖτο.
398 1349 516 1406 Εἴτε
563 1350 666 1425 γὰρ
718 1348 1079 1410 καταστάντος
1125 1353 1222 1402 τοῦ
1252 1350 1598 1424 πατριάρχου
1625 1349 1785 1413 αὐτὸς

192 1438 489 1512 ἐμποδίζοιτο
529 1445 650 1501 ταῖς
704 1437 1052 1515 βουλήσεσιν,
1085 1437 1173 1493 ἐπὶ
1211 1438 1490 1513 μεγίστοις
1539 1440 1783 1514 ἀτυχεῖν·

190 1528 267 1583 εἴτ’
310 1529 526 1590 ἀπόντος
583 1528 791 1583 ἐκείνου
850 1527 1012 1592 αὐτὸς
1036 1528 1105 1582 τά
1133 1529 1271 1582 κατά
1311 1527 1579 1603 βούλησιν
1611 1529 1782 1603 πράτ-

186 1638 267 1684 τοι,
292 1623 385 1672 τῶν
415 1618 543 1693 πρὸς
565 1618 737 1672 αὐτοῦ
771 1617 864 1689 μὲν
897 1616 1098 1686 ἥκιστα
1138 1617 1487 1689 ἁμαρτάνειν,
1538 1615 1786 1680 πολλοὺς

186 1704 230 1760 δὶ
270 1704 660 1777 συμπλέκοντας
732 1709 901 1760 ταῦτα
971 1709 1051 1776 τῷ
1108 1705 1228 1780 περὶ
1283 1705 1374 1760 τὸν
1433 1706 1781 1782 πατριάρχην

184 1791 400 1866 συμϐάντι
455 1796 526 1856 ὡς
602 1794 704 1849 οὐκ
770 1791 996 1856 ἐνδίκως
1054 1795 1462 1869 ἀπρακτοῦντος
1522 1796 1784 1870 μεγίστην

179 1882 312 1954 αἴρειν
338 1885 429 1952 τήν
457 1884 735 1958 ταραχὴν,
789 1883 880 1937 καὶ
926 1888 1208 1957 προσεῖναι
1247 1884 1308 1937 τὸ
1341 1881 1598 1958 εὔλογον,
1632 1886 1706 1947 ὡς
1739 1885 1782 1940 εἰ

179 1979 320 2045 παρῆν
340 1974 564 2040 πάντως,
623 1968 879 2043 ἐμποδὼν
927 1970 988 2025 ἂν
1039 1970 1240 2026 ἐκεῖνον
1279 1979 1469 2041 στῆναι
1522 1979 1640 2034 ταῖς
1667 1972 1784 2027 ἐπι-

178 2067 333 2125 νοίαις.
361 2065 464 2116 Νῦν
494 2059 551 2116 δὲ
581 2061 1029 2134 προαιρουμένου
1085 2064 1182 2114 τοῦ
1243 2060 1513 2136 βασιλέως
1543 2082 1780 2137 παρανο-

187 2156 298 2220 μεῖν,
335 2149 672 2224 παρανόμοις
715 2147 912 2210 ἄλλαις
960 2150 1157 2223 ἀργαῖς
1218 2150 1582 2224 συμπέρασμα
1611 2151 1787 2223 παρά-

183 2260 316 2310 νομον
345 2237 690 2314 ἐπεισῆχθαι,
744 2239 818 2300 ὡς
864 2237 952 2292 καὶ
1009 2239 1102 2293 τὸν
1151 2240 1498 2314 πατριάρχην
1543 2241 1787 2313 παραλο-

180 2327 384 2399 γίσασθαι
429 2329 517 2383 καὶ
565 2328 664 2384 τὸν
720 2324 949 2401 βασιλέα
993 2327 1272 2403 πτερνίσαι
1321 2333 1440 2388 ταῖς
1479 2328 1544 2382 οὐ
1592 2327 1785 2389 καλαῖς

179 2416 272 2490 περὶ
298 2417 351 2471 τὸ
379 2422 528 2472 Θεῖον
566 2415 936 2489 ὑπολήψεσιν,
969 2416 1045 2480 ὡς
1072 2415 1279 2473 ἐκείνου
1300 2415 1336 2486 ἢ
1372 2418 1447 2490 μὴ
1481 2415 1786 2495 ἐφορῶντος

1895 723 2073 800 γάλην
2131 725 2264 781 εἶναί
2317 727 2368 780 οἱ
2423 729 2522 796 τήν
2577 734 2847 806 ταραχὴν,
2906 733 2979 793 ὡς
3009 734 3098 787 καὶ
3128 733 3374 791 κίνδυνον
3407 738 3545 793 ὑπο-

1893 820 2152 879 νοεῖσθαι.
2210 816 2368 869 Ταῦθ’
2426 816 2453 870 ὁ
2531 823 2737 891 κρατῶν
2821 819 3176 896 λογιζόμενος
3262 824 3541 882 συνάπτειν

1894 902 2060 973 ἤθελε
2105 906 2172 958 τά
2220 904 2519 977 ἀσύναπτα,
2565 909 2665 977 τήν
2710 929 2768 962 τε
2815 913 2912 963 τοῦ
2944 914 3288 986 πατριάρχου
3332 915 3541 970 ἀποκα-

1891 995 2146 1047 τάστασιν
2204 995 2291 1047 καὶ
2341 995 2440 1062 την
2495 999 2592 1050 τοῦ
2637 997 2868 1070 γνησίου
2931 998 3200 1071 βασιλέως
3259 1004 3537 1075 απραξίαν·

1891 1082 1958 1136 τὰ
2017 1079 2064 1135 δ’
2121 1081 2257 1150 ἦσαν
2307 1083 2462 1137 λίνον
2524 1085 2600 1156 μὴ
2661 1083 2802 1158 λίνῳ
2846 1086 3233 1160 συγκλώθοντα
3263 1111 3538 1165 πραττειν.

1893 1173 2067 1246 Ἔγνω
2117 1176 2246 1246 γοῦν
2297 1177 2581 1248 πειρᾶσθαι
2621 1179 2718 1227 τοῦ
2767 1178 3132 1250 πατριάρχου,
3185 1179 3226 1232 εἰ
3261 1179 3402 1234 οὕτω
3432 1187 3538 1236 τῶν

1891 1261 2026 1314 κατὰ
2067 1261 2158 1315 τὸν
2204 1261 2458 1331 Ἰωάννην
2516 1261 2754 1336 ἐχόντων
2798 1265 3200 1337 ἀπηρτημένως
3231 1268 3404 1340 πάντη
3449 1271 3538 1324 καὶ

1893 1348 2188 1422 ἀνειμένως
2248 1349 2410 1411 αὐτὸς
2449 1351 2735 1406 κατανεῦοι
2781 1353 2881 1420 τήν
2932 1352 3007 1413 εἷς
3053 1355 3152 1422 τὴν
3203 1356 3368 1410 πόλιν
3401 1355 3540 1411 εἷ’σο-

1894 1435 2008 1509 δον,
2063 1440 2199 1512 πρὸς
2257 1437 2313 1493 δὲ
2359 1439 2447 1493 καὶ
2498 1441 2598 1508 τὴν
2650 1441 2977 1511 προστασίαν
3031 1449 3130 1511 τῆς
3191 1443 3545 1516 Ἐκκλησίας,

1890 1527 1978 1581 καὶ
2029 1527 2237 1601 στέφειν
2268 1528 2420 1586 αὖθις
2471 1528 2676 1582 ἐκεῖνον
2733 1531 3034 1604 βασιλικῶς
3081 1532 3217 1586 κατὰ
3262 1534 3325 1587 τὸ
3365 1531 3546 1588 δεύτεο

1894 1637 1989 1691 ρον
2046 1623 2368 1692 προαιροῖτο
2426 1617 2513 1672 ἐπὶ
2572 1625 2673 1688 τῆς
2733 1618 2951 1681 πόλεως
3003 1621 3291 1696 (εἶναιγὰρ
3324 1623 3413 1676 καὶ
3447 1622 3546 1679 ἆλ-

1892 1703 2006 1766 λως
2066 1702 2274 1759 δίκαιον
2345 1707 2578 1778 πρώτως
2640 1705 2962 1782 εἷ’σαχθέντα
3016 1709 3106 1762 καὶ
3165 1715 3384 1785 πρῶτον
3435 1717 3542 1767 τῶν

1896 1791 2161 1868 βασιλέων
2223 1795 2547 1870 στέφεσθαι),
2608 1797 2681 1858 ὡς
2741 1796 2787 1850 εἰ
2843 1794 3019 1867 διδοίη
3080 1803 3245 1852 ταῦτα
3293 1800 3385 1854 καὶ
3413 1802 3542 1856 τάπὶ

1888 1882 2104 1945 τούτοις
2153 1882 2413 1956 ἐλπίζειν,
2467 1885 2540 1946 ὡς
2587 1883 2925 1960 ἐφησυχάσοι
2956 1889 3332 1962 πραχθέντων.
3384 1891 3546 1963 Τρισὶ

1892 1969 1939 2026 δ’
1989 1970 2127 2044 ᾤετο
2159 1971 2362 2027 πείσειν
2413 1977 2639 2028 τοιαῦτα
2688 1974 2941 2048 λέγοντα,
3001 1980 3079 2046 τῷ
3124 1997 3182 2030 τε
3233 1978 3544 2050 μεμαλακί-

1892 2063 2013 2115 σθαι
2069 2065 2264 2116 τοῦτον
2315 2067 2391 2134 τῷ
2434 2062 2621 2138 χρόνῳ
2671 2063 2724 2117 έν
2777 2063 3086 2139 ὑπερορίαις
3139 2063 3413 2140 διάγοντα,
3467 2073 3547 2140 τῷ

1896 2171 1955 2204 τε
1986 2147 2213 2205 δεδιέναι
2264 2151 2340 2222 μὴ
2389 2153 2479 2205 καὶ
2529 2150 2680 2214 αὖθις
2712 2153 3068 2227 ἀντικαταστῇ
3102 2151 3294 2224 ἄλλος,
3325 2157 3545 2231 γεγονὸς

1896 2238 1985 2292 καὶ
2019 2237 2100 2293 ἐπ’
2150 2237 2308 2311 ἄλλῳ
2352 2237 2483 2310 ἤδη,
2533 2240 2623 2294 καὶ
2673 2240 2840 2314 τρίτῳ
2886 2245 2964 2313 τῷ
2993 2241 3228 2317 ἀνάγκην
3278 2245 3407 2298 εἶναι
3456 2246 3548 2300 καὶ

1897 2327 2055 2382 αὐτὸν
2090 2328 2210 2404 ἐρᾷν
2237 2334 2340 2396 τῆς
2380 2326 2662 2403 πατρίδος,
2705 2329 2774 2398 ἧς
2825 2329 3083 2386 ἀδύνατον
3131 2327 3408 2402 ἐπιϐῆναι,
3458 2337 3549 2389 καὶ

1891 2420 2056 2471 ταῦτα
2110 2419 2228 2490 μεθ’
2279 2418 2580 2492 ὑπερτάτης
2625 2425 2794 2492 τιμῆς
2839 2440 2898 2474 τε
2943 2421 3033 2475 καὶ
3091 2418 3253 2493 δόξης
3299 2424 3383 2493 [Ρ.
3416 2426 3560 2506 114λ

1761 2545 1922 2639 III.

175 2702 214 2754 l.
236 2698 356 2767 Quid
382 2698 608 2756 consilii
631 2698 842 2770 ceperit
868 2703 1171 2764 tmperalov
1229 2697 1378 2753 circa
1405 2697 1788 2770 patriarcham

813 2771 1128 2825 Arsaniam.

227 2883 285 2932 At
307 2879 628 2950 imperator
658 2875 862 2932 multis
895 2875 1156 2947 undique
1197 2876 1651 2948 cogitationibus
1683 2894 1786 2934 oc-

175 2969 508 3024 currentibus
533 2967 781 3022 tandem
836 2965 1171 3037 intelligens
1225 2966 1347 3021 fieri
1379 2983 1494 3020 non
1529 2983 1699 3037 posse
1731 2971 1794 3022 ut

173 3073 244 3112 res
274 3057 525 3112 Ecclesia
561 3055 697 3111 sine
729 3053 1064 3127 patriarcha
1101 3058 1616 3125 componerentur,
1649 3056 1792 3110 deli-

171 3145 374 3202 berabat
401 3161 611 3202 secum
645 3161 761 3216 quo
789 3151 953 3216 pacto
985 3148 1445 3213 consequeretur
1475 3149 1538 3198 ut
1568 3148 1623 3199 et
1671 3145 1795 3200 sedi

173 3235 364 3290 vacanti
397 3237 648 3291 daretur
678 3231 1012 3305 patriarcha
1040 3236 1098 3286 et
1128 3231 1309 3286 simul
1332 3232 1442 3286 sibi
1469 3250 1535 3287 ex
1564 3238 1794 3289 senten-

171 3323 238 3379 tia
264 3325 547 3380 destinata
580 3323 987 3396 procederent.
1019 3325 1168 3377 Nam
1204 3324 1411 3377 horum
1465 3322 1714 3378 alterum
1749 3324 1798 3378 si

173 3415 494 3481 succederet,
529 3413 724 3470 altero
753 3410 1075 3479 deﬁciente,
1109 3409 1576 3466 claudicaturum
1610 3429 1803 3468 neces-

173 3503 301 3557 sario
330 3508 550 3558 statum
587 3516 764 3556 suum
800 3498 1154 3570 providebat.
1193 3499 1418 3570 Quippe
1449 3501 1498 3555 si
1533 3501 1803 3556 restituto

175 3592 474 3659 patriarcha
505 3590 639 3662 ipse
673 3588 1080 3660 prohiberetur
1121 3587 1360 3659 exsequi
1417 3589 1568 3660 quod
1604 3591 1802 3646 decre-

171 3686 357 3745 verat,e
385 3678 666 3735 maximis
699 3693 760 3733 se
792 3678 1010 3748 spebus
1040 3677 1120 3732 im
1155 3694 1260 3747 par
1292 3678 1594 3749 lapsurum
1630 3679 1806 3734 infor-

172 3769 374 3825 tunium
401 3771 830 3826 exhorrescens
859 3765 1170 3837 cogitabat:
1205 3765 1296 3821 sin
1330 3766 1528 3822 relicto
1559 3767 1656 3822 illo
1706 3767 1804 3822 ubi

169 3864 293 3924 erat,
321 3857 444 3930 ipse
477 3873 593 3930 per
622 3872 750 3911 sese
780 3871 909 3926 quae
939 3854 1114 3909 vellet
1143 3854 1805 3928 efﬁceret,170ingen-

173 3951 272 4001 tem
290 3965 349 4002 se
369 3948 726 4003 subiturum
749 3943 1031 3998 invidiam
1053 3947 1112 3998 et
1132 3944 1429 4016 erupturis
1458 3945 1596 4000 inde
1616 3945 1808 4002 assul-

169 4035 306 4093 tibus
338 4037 428 4092 vix
464 4049 675 4108 parem
707 4033 970 4086 futurum
991 4033 1619 4105 reputabat,siquidem
1644 4035 1805 4090 habi-

170 4131 310 4182 turos
333 4141 552 4198 parum
578 4123 906 4193 sibimquos
925 4111 1809 4192 plurimos,rebusimminentes

169 4218 334 4283 novis,
366 4215 714 4288 speciosum
747 4213 1090 4282 praetextum
1117 4211 1321 4266 validm
1354 4211 1671 4267 conﬂandaa
1723 4215 1809 4269 fa-

165 4304 376 4372 ctionis,
411 4299 796 4359 obtendenda
826 4296 1100 4352 videlicet
1127 4297 1352 4354 arcanis
1374 4299 1640 4355 odiorum
1674 4318 1811 4356 cau-

166 4392 256 4462 sis,
289 4393 456 4448 livori
489 4394 554 4448 et
584 4387 912 4456 ambitioni,
944 4386 1178 4458 publice
1207 4386 1501 4457 plausibili
1526 4389 1654 4443 etin
1678 4406 1809 4462 spe-

164 4481 299 4537 ciem
329 4481 614 4554 religioso
644 4477 766 4533 zelo
797 4475 1135 4531 vindicandi
1167 4477 1238 4530 ab
1273 4475 1490 4546 injuria
1548 4485 1601 4533 et
1647 4495 1811 4550 repo-

168 4571 326 4625 nendi
354 4572 416 4626 in
448 4570 738 4625 thronum
769 4572 1031 4637 ereptum
1083 4563 1409 4620 exsulantis
1465 4566 1588 4621 sine
1636 4584 1814 4623 causa

165 4659 530 4730 patriarchae,
563 4673 630 4712 ac
659 4653 1057 4711 verisimilitcr
1078 4655 1356 4724 jactando
1406 4654 1661 4711 voluisse
1708 4656 1816 4710 im-

167 4755 491 4820 peratorem
523 4763 590 4802 eo
623 4743 823 4818 procul
856 4743 1124 4798 habendo
1156 4759 1425 4798 amovere
1457 4760 1489 4798 a
1520 4761 1581 4799 se
1631 4744 1813 4800 mole-

1897 2697 2238 2767 declararet,
2266 2698 2484 2770 quippe
2515 2714 2689 2770 quem
2720 2699 3018 2756 videretur
3047 2701 3270 2773 epinari
3303 2705 3404 2758 aut
3435 2721 3553 2760 non

1896 2787 2094 2842 videre
2127 2804 2254 2858 qua:
2281 2787 2338 2842 in
2369 2787 2563 2858 ipsum
2596 2793 2934 2859 peccantur,
2990 2795 3092 2845 aut
3139 2791 3445 2846 connivere
3477 2794 3550 2846 ad

1900 2877 2143 2942 scelera,
2179 2877 2364 2947 pmnis
2389 2892 2590 2932 eorum
2624 2894 2924 2948 nunquam
2950 2879 3298 2949 repetendis.
3324 2879 3558 2941 Quibus

1903 2981 1970 3020 ex
2000 2965 2175 3020 rebus
2205 2964 2293 3018 vel
2329 2964 2562 3035 propria
2594 2965 3006 3036 probabilitate
3037 2965 3124 3020 vel
3159 2967 3420 3021 artiﬁciis
3447 2969 3551 3021 ad-

1904 3052 2264 3108 versantium
2301 3052 2515 3123 populo
2549 3053 2847 3124 persuasis
2897 3053 3212 3110 maximam
3269 3054 3552 3110 orituram

1906 3141 2404 3214 perturbationem
2441 3140 2630 3211 palam
2662 3147 2811 3211 erat,
2843 3147 3082 3213 tamque
3112 3149 3274 3198 atrox
3303 3143 3554 3198 excitan-

1908 3232 2048 3286 dum
2083 3230 2388 3284 discordiae
2419 3230 2606 3285 civilis
2640 3231 3000 3300 incendium,
3052 3248 3168 3302 quo
3229 3232 3554 3300 periculum

1909 3323 2065 3375 esset
2098 3335 2168 3374 ne
2192 3323 2364 3388 caput
2397 3335 2462 3374 ac
2505 3319 2730 3374 familia
2786 3320 2976 3392 ipsius
3030 3320 3209 3376 simul
3243 3338 3377 3377 cum
3428 3322 3560 3393 ipsa

1914 3407 2212 3480 republica
2229 3407 2634 3480 conflagraret.
2652 3407 2811 3464 Talia
2831 3413 3110 3480 reputans
3127 3410 3562 3480 formidansque

1914 3499 2234 3570 imperator
2254 3504 2599 3554 connectere
2615 3499 3196 3567 insociabiliavoluit,
3213 3500 3560 3572 patriarchae

1913 3588 2183 3644 videlicet
2214 3588 2639 3643 restitutionem
2665 3592 2722 3644 et
2754 3589 3290 3645 exauctorationem
3313 3589 3564 3660 legitimi

1916 3677 2220 3749 principis.
2254 3681 2374 3732 Hoc
2414 3681 2608 3732 autem
2643 3681 2768 3732 erat
2799 3677 2973 3732 telam
3007 3683 3199 3733 texere
3233 3678 3351 3733 lino
3372 3678 3561 3734 linum

1917 3766 2470 3837 nonjungendo,sed
2497 3765 2756 3822 diversas
2772 3783 2874 3820 nec
2897 3771 3106 3820 natura
3130 3766 3487 3822 cohmrentes
3504 3769 3561 3821 in

1917 3870 2101 3909 unum
2161 3859 2382 3909 stamen
2437 3853 2715 3909 intricare
2767 3854 3059 3909 materias.
3100 3855 3215 3910 lloc
3266 3855 3563 3926 proposito

1917 3959 2230 4014 aggressus
2261 3947 2395 3997 ante
2428 3943 2628 3997 omnia
2657 3947 2745 3996 est
2797 3947 3020 3997 tentare
3060 3943 3403 4014 patriarchae
3437 3943 3567 3998 ani-

1919 4047 2103 4096 mum,
2136 4031 2343 4102 ecquid
2379 4031 2718 4101 persuaderi
2755 4030 2878 4085 seni
2915 4035 3114 4101 posset
3147 4035 3212 4085 ut
3242 4031 3462 4086 relictis
3505 4031 3562 4084 in

1917 4136 2207 4192 suspenso
2240 4124 2296 4174 et
2328 4120 2386 4174 in
2419 4119 2662 4184 incerto,
2698 4119 2779 4172 uti
2812 4126 2951 4172 tunc
2982 4124 3165 4185 erant,
3197 4120 3440 4175 Joannis
3466 4137 3570 4192 pu-

1919 4209 2038 4281 pilli
2062 4208 2459 4277 rebus,venire
2482 4207 2608 4278 ipsc
2630 4208 2688 4262 in
2716 4209 2920 4263 urbem
2941 4215 3246 4278 annuerel,
3271 4225 3338 4264 ac
3357 4210 3566 4265 throno

1919 4295 2293 4369 patriarchali
2322 4296 2379 4349 in
2413 4312 2518 4350 sua
2539 4312 2675 4350 vera
2697 4294 2997 4365 metropoli
3032 4312 3352 4352 conscenso
3383 4298 3567 4352 emol-

1918 4385 2011 4442 liri
2042 4402 2104 4440 se
2135 4389 2428 4456 pateretur
2477 4385 2544 4439 ad
2607 4400 2737 4440 sese
2785 4385 3184 4438 coronandum
3244 4385 3323 4441 ibi
3377 4387 3568 4442 denuo

1921 4491 2135 4548 pompa
2165 4478 2221 4528 et
2250 4473 2595 4528 casremonia
2618 4473 3192 4529 solemnissima.Nec
3220 4476 3570 4544 desperabat

1923 4580 2041 4618 rem
2075 4562 2188 4634 ipsi
2222 4562 2452 4632 probari
2483 4579 2672 4631 posse,
2707 4562 2995 4633 quidquid
3021 4564 3168 4617 171
3203 4563 3350 4620 alias
3382 4565 3440 4619 in
3474 4581 3573 4620 eo-

1921 4652 2226 4708 ronatione
2259 4658 2664 4722 repugnasset,
2700 4651 2979 4722 quoniam
3011 4668 3190 4708 causa
3247 4669 3405 4708 nunc
3449 4657 3574 4708 erat

1922 4742 2154 4810 idonea,
2186 4744 2251 4794 ut
2285 4739 2382 4809 qui
2417 4739 2577 4810 prior
2624 4739 3047 4811 imperatorum
3107 4740 3166 4795 in
3199 4741 3406 4796 urbem
3440 4742 3572 4796 suis

163 4848 308 4894 slum
341 4837 666 4902 arbitrum,
699 4848 873 4904 quem
910 4831 1056 4886 satis
1086 4837 1286 4886 nosset
1335 4831 1490 4886 baud
1549 4849 1808 4904 unquam
1841 4833 1887 4897 D
1921 4833 2097 4887 unius
2127 4829 2408 4902 auspiciis
2427 4834 2659 4900 captam
2692 4830 3030 4902 intraverat,
3065 4830 3223 4903 prior
3239 4831 3574 4903 quoqueibi

165 4929 573 4998 acquieturum
603 4920 855 4993 ingratis
885 4920 1012 4990 ejus
1043 4924 1101 4975 et
1121 4919 1362 4990 injustis
1385 4921 1812 4985 molitionibus.

161 5020 214 5069 et
242 5014 537 5088 quoniam
570 5013 954 5083 preoptasset
979 5007 1349 5080 illegitimam
1411 5011 1815 5068 monarchiam

160 5102 419 5175 legitimo
444 5099 691 5167 collegio
713 5114 778 5153 su
790 5113 1000 5169 premas
1029 5097 1816 5167 potestatis,ecclesiasticum

162 5209 394 5265 quoque
425 5203 777 5262 supremum
813 5187 1227 5258 magistratum
1285 5185 1658 5258 illegitimum
1691 5205 1816 5245 ma-

161 5281 364 5346 luisse,
399 5279 689 5352 quoniam
721 5293 788 5331 ex
820 5291 909 5341 eo,
941 5291 1074 5330 cum
1111 5274 1244 5330 talis
1264 5277 1817 5348 esset,sull‘ragatio-

164 5385 295 5424 nem
328 5371 386 5424 in
421 5384 601 5425 suum
629 5365 738 5436 ipsi
772 5363 1026 5419 similem
1083 5369 1416 5436 sperasset;
1478 5381 1544 5420 ae
1601 5367 1822 5439 duplici

161 5464 415 5530 utraque
429 5452 1584 5521 scelestissimainjuriaconsciscendain
1601 5463 1821 5526 patrem

162 5563 502 5611 sacrorum,
523 5559 697 5618 quem
723 5542 1224 5607 circumvenisset,
1248 5541 1307 5595 in
1340 5541 1625 5613 pupillum
1659 5546 1823 5616 prin-

155 5638 376 5709 cipem,
415 5651 592 5708 quem
617 5630 1078 5704 supplantasset,
1107 5630 1258 5686 male
1287 5647 1350 5686 se
1379 5632 1450 5687 de
1472 5631 1587 5689 Deo
1610 5636 1826 5692 sentire

1925 4925 2320 4976 coronaretur.
2341 4919 2474 4982 Quae
2497 4918 2545 4974 si
2569 4919 2641 4973 ab
2678 4920 2918 4974 Arsenio
2938 4921 3412 4992 impetrarentur,
3438 4937 3574 4994 spes

1925 5015 2046 5065 erat
2076 5009 2134 5063 in
2169 5008 2300 5062 aliis
2348 5023 2582 5079 quoque
2630 5023 3030 5076 assensurum,
3094 5025 3158 5064 ac
3189 5025 3323 5064 cum
3385 5010 3574 5065 forent

1931 5102 2259 5169 perpetrata
2287 5113 2412 5167 qua:
2434 5096 2752 5168 imperator
2783 5097 3128 5166 destinarat,
3155 5099 3322 5154 factis
3342 5100 3572 5168 acquie-

1930 5193 2152 5242 turum.
2177 5187 2320 5241 Tres
2344 5191 2536 5240 autem
2563 5202 2762 5241 secum
2787 5191 3064 5259 reputans
3085 5188 3410 5258 reperiebat
3440 5204 3574 5241 cau-

1931 5293 2048 5341 sas,
2083 5292 2211 5347 qua:
2242 5275 2355 5347 ipsi
2380 5277 2738 5347 sperandum
2769 5277 3085 5332 suaderent
3114 5277 3233 5331 fore
3265 5292 3417 5330 nunc
3453 5289 3580 5329 exo-

1931 5367 2267 5424 rabiliorem
2302 5366 2360 5420 in
2394 5367 2485 5421 his
2537 5383 2713 5437 quam
2773 5372 2944 5422 antea
2995 5367 3326 5421 Arsenium.
3382 5365 3576 5418 Prima

1933 5461 2074 5522 erat,
2099 5456 2251 5527 quod
2273 5461 2428 5511 esset
2447 5457 2769 5512 verisimile
2792 5458 3000 5511 taedere
3028 5456 3218 5526 ipsum
3244 5453 3428 5508 exsilii
3453 5457 3571 5506 tam

1933 5546 2115 5618 longi,
2149 5559 2333 5617 eoque
2364 5545 2536 5599 taedio
2561 5544 2888 5599 emollitum
2913 5543 2981 5598 ad
3008 5543 3255 5597 libenter
3277 5539 3576 5612 paciscen-

1935 5636 2072 5691 dum
2107 5635 2179 5689 de
2211 5634 2421 5690 reditu.
2456 5633 2836 5705 Altera,quod
2858 5631 2951 5686 vix
2971 5635 3126 5686 esset
3151 5629 3398 5685 dubium
3429 5628 3575 5701 quin
