4018 6198
407 328 508 381 (ill

414 455 490 524 μή
543 448 689 510 ταῦθ’
748 442 1180 519 ὑπισχνούμενον
1213 439 1467 496 ἐκτελεῖν.
1518 439 1582 494 El
1635 437 1692 494 δέ
1719 458 1780 514 γε
1813 440 1888 510 μή
1938 436 2056 491 πεί-

412 553 583 603 θοιτο,
645 530 904 606 αὔταρκες
961 532 1098 606 πρὸς
1155 531 1358 586 ἐκεῖνον
1419 529 1554 584 εἷναί
1613 530 1663 582 οἱ
1721 527 1784 582 τὸ
1815 527 2059 597 ἀξιῶσαι.

408 624 686 684 Τοιούτοις
736 625 1023 696 τοιγαροῦν
1078 620 1106 672 ὁ
1159 617 1459 694 βασιλεύων
1513 617 1926 692 συγκροτηοεῖς,
1985 613 2063 670 ἔτι

405 721 513 772 τῶν
543 709 845 790 ἀρχιερὲων
895 707 1332 787 διαφωνούντων,
1378 708 1732 780 προστίθεται
1780 705 1869 760 καὶ
1899 703 2062 767 αὐτὸς

402 810 524 866 τοῖς
581 802 784 858 ἐκεῖνον
838 797 1257 876 ψηφιζομένοις,
1313 797 1403 850 καὶ
1456 793 1786 872 ἀμφιρῥέπει
1836 794 1904 848 τὰ
1929 789 2062 866 τῇδε

410 893 791 969 προστιθέντος
845 893 942 942 τοῦ
1003 885 1292 962 βασιλέως.
1351 886 1581 959 Θάτερον
1643 881 1700 938 δὲ
1761 884 1924 958 μέρος
1985 883 2061 944 ὡς

411 987 704 1051 ἀσθενῆσαν
762 979 996 1041 ἐντεῦθεν
1074 973 1550 1052 συγκατακλίνεται
1585 1020 1599 1043 ,
1672 972 1764 1026 καὶ
1843 969 2056 1043 μᾶλλον

412 1074 500 1128 ὅτε
549 1071 633 1126 ἐπὶ
689 1069 878 1145 ῥητοῖς
929 1066 1066 1140 πρὸς
1119 1064 1386 1140 βασιλέως
1427 1063 1647 1132 καὶτῆς
1679 1059 1906 1116 συνόδου
1961 1081 2058 1114 κα-

407 1163 582 1218 λοῖτο.
633 1161 734 1214 Ἦν
780 1157 884 1231 γὰρ
931 1156 1021 1208 καὶ
1079 1154 1264 1215 αὐτοῖς
1313 1150 1465 1213 ἰδίως
1512 1149 2056 1225 προσαπαιτούμενον

405 1253 742 1324 ἀμνημονεῖν
803 1246 895 1318 μέν
948 1265 1094 1320 σφισι
1138 1249 1240 1312 τῆς
1289 1240 1395 1296 εἷ’τε
1438 1240 1762 1316 προπετείας
1797 1237 1889 1293 εἶτ’
1938 1234 2058 1292 ἀδι-

404 1341 526 1402 κίας
573 1339 684 1413 χρή
737 1335 939 1410 λέγειν,
983 1333 1074 1387 καὶ
1131 1331 1434 1407 παραυτίκα
1485 1334 1767 1384 κοινωνεῖν
1831 1327 2060 1391 ἐκείνοις

405 1433 512 1484 τῶν
545 1428 705 1500 ἱερῶν
735 1425 822 1479 καί
855 1422 983 1483 τοῦς
1015 1420 1160 1495 παρά
1207 1425 1305 1475 τοῦ
1353 1420 1672 1496 Νικηφόροο
1725 1437 2056 1492 χειροτονη-

407 1519 590 1581 θέντας
623 1513 896 1589 δέχεσθαι,
926 1510 1016 1565 καὶ
1066 1512 1140 1582 μὴ
1202 1509 1408 1582 σχίζειν
1465 1509 1565 1576 τὴν
1625 1505 1951 1576 Ἐκκλησίαν
1998 1503 2060 1560 ἔκ

403 1626 546 1666 τινος
607 1599 976 1676 μικροψυχίας
1037 1595 1243 1669 μηδένα
1299 1595 1538 1671 ἐχούσης
1594 1595 1810 1670 καιρόν.
1872 1597 2058 1651 Ταῦτα

405 1693 679 1756 συνθέντες
722 1686 1119 1744 ἀποστέλλουσι
1177 1684 1304 1746 τοὺς
1364 1683 1830 1759 ἀπαγγελοῦντας.
1890 1685 1952 1738 Ὀ
2010 1679 2056 1736 δ’

405 1783 479 1845 ὠς
509 1779 709 1850 ἤκουσε
737 1783 842 1833 τῶν
876 1775 1327 1850 διαμηνυμάτων,
1360 1778 1576 1848 πρῶτον
1627 1774 1720 1846 μὶν
1773 1771 2056 1848 ἐσχετκιοὶ-

407 1878 489 1940 ζεν
523 1870 565 1924 εἷ
596 1869 822 1924 καλοῖτο
853 1865 1394 1941 προσαπαιτούμενος
1442 1862 1532 1917 καὶ
1569 1865 1642 1934 μή
1677 1859 2052 1937 παρακαλοῖτο

406 1958 738 2035 συγγνώμην
792 1961 900 2010 τῶν
958 1953 1365 2028 ἡμαρτημένων
1426 1957 1767 2027 παρασχεῖν
1832 1951 1894 2004 τὸ
1957 1951 2053 2023 μὲν

404 2052 503 2124 γαρ
559 2046 764 2102 δίκαιον
824 2044 1061 2118 ἐχόντων
1115 2043 1194 2120 ἐφ’
1252 2045 1334 2103 οἷς
1394 2037 1622 2114 ἔπραξαν
1677 2041 1830 2110 εἶναι,
1886 2038 1948 2093 τὸ
2009 2038 2054 2093 δ’

408 2137 758 2211 ἁμαρτόντων
793 2179 804 2192 .
888 2136 1078 2204 “Opim:
1158 2131 1653 2204 παρακαλούμενος
1739 2126 2054 2203 ἐπραΰνετο,

406 2227 497 2282 καὶ
547 2224 768 2297 ἕτοιμος
799 2227 864 2291 ἦν
913 2223 1049 2297 πρὸς
1077 2221 1139 2275 τὸ
1169 2224 1543 2295 προσχωρεῖν.
1599 2217 1751 2286 Πλὴν
1783 2217 1922 2290 πεζῇ
1953 2220 2053 2286 τὴν

407 2314 630 2390 πορείαν
662 2313 860 2376 ἐκεῖθεν
891 2309 1162 2381 διηνυκὼς
1204 2308 1256 2363 ἐν
1314 2314 1432 2372 τοῖς
1487 2306 1773 2384 Ῥουφίνου
1829 2306 2054 2382 γίνεται,

411 2517 696 2572 metueret
727 2526 797 2566 ne
828 2508 982 2564 alius
1034 2507 1093 2561 in
1146 2505 1543 2578 patriarcham
1577 2504 1789 2559 iterum
1823 2520 1885 2559 se
1930 2503 2056 2559 vivo

410 2606 742 2676 eligeretur.
763 2598 1065 2671 proutjam
1091 2594 1268 2651 semel
1290 2599 1414 2648 erat
1436 2595 1744 2660 factum,et
1762 2593 1817 2648 id
1843 2593 2061 2647 malum

413 2689 795 2769 praevertendi
811 2687 1005 2744 oblata
1025 2683 1328 2740 occasione
1357 2683 1501 2738 feret
1514 2683 1842 2755 gavisurus.
1864 2682 2060 2737 Tertia

409 2788 532 2840 erat
563 2779 762 2853 patria:
793 2775 1069 2839 charitas,
1101 2790 1217 2845 qua
1247 2789 1380 2828 eum
1414 2771 1718 2827 sollicitari
1740 2771 1808 2825 ad
1827 2771 2057 2825 deside-

409 2872 660 2928 randum
691 2867 748 2922 in
780 2864 984 2921 urbem
1011 2864 1134 2933 jam
1167 2865 1458 2932 receptam
1510 2859 1822 2913 adventum
1882 2874 2052 2911 suum

410 2976 646 3018 necesse
669 2961 810 3013 erat:
845 2956 930 3009 uti
962 2958 1018 3008 et
1046 2949 1480 3020 verisimile,sic
1503 2948 1772 3002 affectum
1810 2947 2054 3002 minime

406 3051 812 3107 recusaturum
829 3041 1084 3098 oblatam
1110 3039 1502 3097 conditionem
1535 3035 1894 3107 regrediendi
1919 3051 2052 3089 cum

407 3154 635 3196 summo
650 3133 957 3207 splendore
970 3131 1026 3186 in
1045 3131 1292 3202 patriam
1308 3127 1550 3184 charissi
1563 3141 1711 3181 mam
1725 3125 2054 3196 ,przesertirn

405 3245 536 3283 eum
554 3224 907 3294 intelligeret
929 3237 994 3275 ea
1015 3221 1228 3290 rejects
1246 3217 1356 3272 sibi
1383 3231 1545 3288 spem
1578 3214 1800 3270 nullam
1838 3217 2057 3268 restare

406 3316 606 3387 patriae
639 3313 799 3368 urbis
831 3326 1090 3380 unquam
1135 3306 1474 3363 revisendaa.
1515 3304 1572 3358 Si
1614 3309 1807 3359 autem
1844 3301 1938 3357 ille
1971 3301 2054 3356 sic

403 3405 684 3460 invitatus
714 3399 1024 3455 admittere
1073 3397 1270 3451 oblata
1322 3400 1378 3450 et
1411 3394 1591 3464 petita
1642 3392 1901 3463 polliceri
1939 3407 2053 3445 non

404 3493 709 3547 induceret
731 3487 788 3540 in
810 3483 1292 3554 animum,ipsam
1310 3486 1504 3535 tamen
1528 3480 1699 3533 istam
1731 3477 2058 3549 supplicem

403 3577 806 3635 invitationem
831 3575 1053 3628 idoneas
1083 3571 1154 3626 ad
1190 3569 1469 3642 populum
1503 3567 1900 3622 excusationis
1929 3566 2054 3622 loco

405 3672 525 3726 fore
557 3668 626 3722 ad
661 3663 1028 3721 avertendam
1081 3661 1152 3714 ab
1206 3661 1474 3728 Augusto
1527 3655 1760 3728 culpam
1819 3671 2053 3710 omnem

403 3758 578 3814 ofﬁcii
613 3753 884 3826 neglecti,
904 3757 958 3807 et
987 3754 1168 3806 totam
1199 3748 1478 3803 invidiam
1515 3747 1570 3800 in
1613 3763 1745 3800 eum
1773 3746 1870 3816 qui
1897 3761 2059 3801 com-

401 3847 653 3920 pellatus
687 3837 1518 3898 renuissetexonerandam.ln
1553 3836 1707 3890 hunc
1735 3835 1912 3890 ferme
1931 3851 2054 3889 mo-

400 3939 430 3992 d
445 3953 539 3991 um
566 3934 858 3990 subducta
876 3945 1075 3984 secum
1094 3927 1411 3997 imperator
1425 3923 1800 3979 consiliorum
1821 3940 2058 3978 summa

399 4028 704 4098 ingressus
726 4021 1017 4094 synodum
1043 4017 1311 4072 bifariam
1328 4015 1570 4070 scissam
1595 4013 1903 4069 contrariis
1927 4030 2054 4068 sen-
2087 4085 2098 4096 .

402 4113 622 4170 tentiis.
659 4112 869 4166 horum
907 4106 1324 4169 revocanlium,
1349 4103 1584 4158 illorum
1617 4102 2053 4158 exeludentinm

403 4202 735 4265 Arsenium,
796 4200 922 4270 ipse
956 4199 1025 4252 ad
1087 4199 1423 4251 revocantes
1453 4209 1516 4248 se
1573 4192 1846 4264 adjungit
1877 4195 1933 4247 et
1964 4193 2056 4246 sui

406 4289 738 4348 accessione
769 4286 1032 4358 suffragii
1061 4284 1230 4356 quasi
1267 4288 1560 4338 momento
1584 4281 1748 4336 alteri
1773 4281 1922 4336 lanci
1948 4281 2052 4335 ad-

405 4382 526 4435 dito
549 4385 792 4434 eatenus
826 4375 1110 4444 ambiguis
1161 4371 1601 4427 deliberationis
1659 4370 2054 4440 {equilibrium

404 4469 715 4540 depressit,
749 4463 1164 4521 accedentibus
1197 4478 1325 4516 mox
1358 4475 1591 4531 quoque
1625 4459 2050 4531 quiArsenium

404 4552 1120 4625 excluserant,praesertim
1159 4551 1256 4605 ubi
1290 4566 1392 4620 per
1421 4549 2053 4620 synodum,satagente

405 4651 776 4721 imperatore,
813 4647 1074 4717 ipsorum
1105 4647 1161 4698 et
1192 4640 1493 4696 securitati
1524 4639 2051 4696 ethonoricautum

404 4743 493 4793 est
523 4738 756 4792 abunde
787 4737 1020 4790 decreta
1065 4731 1353 4787 oblivione
1411 4746 1597 4796 nuper
1654 4734 1940 4794 actorum,
1999 4736 2056 4785 et

406 4830 628 4885 sancito
661 4843 731 4882 ne
765 4826 1039 4897 cuiquam
1073 4821 1263 4878 fraudi
1289 4824 1430 4877 foret
1462 4819 1580 4887 illa,
1616 4817 1736 4874 sive
1764 4819 2056 4890 injustitia

405 4921 524 4976 sive
555 4917 860 4974 temeritas
893 4915 1140 4969 dicenda
1158 4917 1333 4976 esset,
1366 4927 1483 4982 qua
1514 4911 1705 4965 fuerat
1757 4909 1843 4965 vel
1878 4927 2053 4966 exan-

401 5012 660 5064 ctoratus
679 5005 875 5061 Arseni
888 5020 954 5058 us
969 5002 1054 5058 vel
1071 5000 1433 5072 Nicephorus
1449 4999 1690 5054 electus.
1707 4999 1842 5053 Com
1855 5015 1906 5053 m
1919 5001 2053 5056 unio

405 5099 557 5154 I72
587 5111 819 5168 quoque
866 5090 1060 5146 subito
1118 5087 1638 5145 excommunicatis
1695 5103 1760 5142 eo
1820 5090 2056 5144 nomine

403 5187 652 5242 reddita.
686 5185 984 5240 Statutum
1043 5181 1217 5236 etiam
1255 5184 1318 5232 ut
1357 5176 1611 5232 ordinati
1664 5193 1696 5230 a
1728 5175 2053 5248 Nicephoro

405 5277 825 5350 reciperentur,
858 5288 930 5328 ne
962 5268 1373 5340 intempestiva
1405 5264 1744 5320 morositate
1797 5267 2057 5323 Ecclesia

403 5367 790 5424 scinderetur.
829 5361 925 5417 llis
959 5358 1298 5415 constitutis
1331 5354 1536 5427 synodi
1569 5354 1765 5408 Patres
1813 5356 2058 5413 mittunt

400 5459 470 5513 ad
509 5453 819 5511 Arsenium
855 5450 952 5522 qui
985 5449 1182 5521 ipsum
1214 5447 1281 5501 ad
1313 5445 1563 5500 reditum
1600 5441 1865 5498 invitent.
1901 5448 2056 5511 Quos

401 5546 496 5600 ille
529 5540 865 5603 utaudivit,
921 5538 1177 5609 primum
1239 5532 1495 5607 graviter
1552 5533 1699 5587 ferre
1755 5531 1916 5588 visus
1946 5542 2056 5605 est,

398 5633 553 5705 quod
587 5635 820 5686 tantum
854 5627 1224 5695 invitaretur,
1260 5639 1376 5678 non
1414 5621 1591 5676 etiam
1625 5627 1931 5694 rogaretur
1961 5643 2057 5683 ve-

1715 315 2012 371 GEORGXI
2051 313 2513 369 PACHYMERAE

3663 321 3751 376 61?.

2087 439 2140 505 Α
2171 437 2246 500 ὠς
2273 441 2435 492 τοῦτο
2472 435 2565 508 μὶν
2613 435 3228 508 προσαναπαυσόμενος,
3284 436 3515 493 τοῦτοδὲ
3558 443 3634 496 καὶ
3679 444 3757 508 τὰς

2166 525 2481 602 ἀποκρίσεις
2514 523 2884 600 ἐντελέστερον
2914 523 2974 579 ἐκ
3001 529 3098 578 τοῦ
3137 523 3468 600 παρασχεδὸν
3500 527 3664 585 δώσων
3692 533 3754 610 ἐφ’

2168 618 2252 680 οἷς
2279 615 2530 689 ἀπῄτητο
2546 658 2557 672 .

2171 723 2236 798 β’,
2269 719 2850 798 ’Όπωςᾼμετακληθ-εὶς
2937 721 3286 798 πατριάρχης
3315 721 3388 798 ἓξ(
3415 723 3506 798 ﬁt?
3539 725 3678 780 πόλιν
3706 729 3759 782 εἷ’

2416 789 2655 870 σάγεται,
2692 789 2781 847 καὶ
2805 789 2986 871 στὲτρει
3018 789 3288 857 αὖθιςτὸν
3320 793 3551 868 βασιλέα,

2239 885 2322 955 [Ρ.
2361 885 2482 956 115]
2513 885 2718 939 Ἐκεῖσε
2751 887 3038 958 τοιγαροῦν
3068 883 3433 955 πεμπομένων
3463 886 3585 958 πρός
3609 909 3659 941 τε
3681 896 3759 944 τοῦ

2169 970 2440 1047 βασιλέως
2471 973 2556 1026 καὶ
2589 975 2690 1036 τῆς
2722 969 2973 1038 συνόδου,
3004 971 3094 1026 καὶ
3139 973 3462 1044 κινουμένωι
3493 979 3588 1027 τῶν
3621 981 3759 1047 ζητη.

2169 1062 2372 1134 μάτων,
2405 1057 2523 1133 ὁξδὶ
2551 1059 2618 1114 τὰ
2650 1060 2744 1133 μὶν
2779 1057 2968 1124 διδοὺς
2995 1061 3062 1115 τα
3092 1058 3149 1115 δὲ
3177 1060 3267 1114 καὶ
3289 1064 3763 1138 προσυποσχόμενος

2162 1153 2478 1223 περαιοῦται
2526 1171 2586 1204 τε
2631 1151 2730 1218 τὴν
2775 1150 3066 1224 ταχίστην,
3099 1151 3188 1204 καὶ
3237 1157 3335 1218 τῆς
3378 1149 3579 1214 πόλεως
3609 1152 3764 1218 ἐπιϐὰς

2162 1243 2331 1317 ψήφῳ
2377 1243 2535 1312 κοινῇ
2583 1239 2673 1293 καὶ
2713 1241 2912 1314 γνώμῃ
2944 1239 3042 1308 τήν
3078 1237 3403 1310 Ἐκκλησίαν
3449 1240 3762 1316 καταλαμϐα-

2161 1349 2260 1384 νει.
2325 1331 2546 1402 Πρῶτος
2602 1329 2693 1382 οῦν
2754 1329 2781 1382 ὁ
2839 1327 3100 1402 βασιλεὺς
3131 1326 3570 1402 ἀπολογούμενος
3611 1329 3765 1404 ἐκείνῳ

2161 1417 2284 1489 περὶ
2340 1422 2448 1472 τῶν
2505 1418 2863 1493 πραχθέντων
2911 1415 3179 1491 μεγάλαις
3210 1415 3424 1491 ἤγαλλε
3450 1424 3560 1481 ταῖς
3588 1427 3764 1493 τιμαῖς,

2160 1507 2247 1561 καὶ
2279 1512 2396 1568 ταῖς
2422 1507 2498 1568 εἷς
2523 1507 2624 1575 τήν
2665 1506 2990 1577 Ἐκκλησίαν
3044 1505 3343 1581 προσόδοις
3375 1507 3545 1579 ἐτίμα.
3592 1510 3680 1564 Καὶ
3717 1511 3766 1564 τὸ

2168 1595 2261 1667 μὲν
2309 1594 2452 1667 ἱερὸν
2495 1594 2633 1649 ἅπαν
2681 1594 2953 1666 μετεποίει
3006 1596 3140 1669 πρὸς
3182 1595 3285 1662 τὴν
3339 1595 3590 1669 προτέραν
3633 1598 3768 1652 κατά-

2165 1704 2370 1750 στασιν,
2417 1683 2676 1757 ἐκτραπὲν
2727 1681 2814 1738 ἐπὶ
2854 1681 3094 1746 πολλοῖς
3122 1685 3272 1755 παρά
3299 1688 3406 1738 τῶν
3433 1683 3656 1740 Ἰταλῶν.
3686 1686 3767 1741 Καὶ

2135 1771 2231 1842 .δὴ
2267 1773 2558 1843 ἐπιστήσας
2610 1773 2703 1827 τὸν
2752 1773 2996 1848 μοναχὸν
3047 1774 3310 1848 Ῥουχᾶν,
3361 1769 3521 1847 ἄνδρα
3575 1770 3769 1846 δραστὴο

2171 1882 2284 1938 ριον
2319 1860 2406 1915 ἐπὶ
2436 1866 2553 1924 τοῖς
2578 1861 2874 1930 τοιούτοις,
2923 1861 2987 1916 τό
3015 1882 3074 1916 τε
3109 1862 3265 1935 βῆμα
3302 1861 3390 1916 καὶ
3427 1857 3662 1933 ἄμϐωνας
3698 1862 3768 1917 καὶ

2165 1949 2372 2005 σωλέαν
2402 1949 2491 2004 καὶ
2524 1949 2649 2005 ἄλλ’
2683 1950 2811 2004 ἅττα
2849 1949 3164 2025 βασιλικαῖς
3194 1947 3404 2020 ἐξόδοις
3453 1948 3764 2023 ἀνῳκοδόμει.

2165 2042 2296 2096 Εἶτα
2341 2038 2577 2100 πέπλοις
2624 2041 2713 2093 καὶ
2766 2039 3006 2094 σκεύεσιν
3065 2041 3240 2113 ἱεροῖς
3298 2040 3362 2095 τὸ
3407 2041 3541 2094 θεῖον
3586 2039 3771 2112 τέμενος

2163 2132 2390 2192 καθίστα
2445 2129 2585 2202 πρὸς
2643 2129 2706 2182 τὸ
2766 2127 3191 2202 εὐπρεπέστερον
3225 2172 3238 2184 .
3301 2130 3428 2184 Εἶτα
3478 2127 3564 2183 καὶ
3619 2129 3768 2203 χώρας

2165 2217 2466 2293 προσετίθει
2524 2221 2594 2290 τῇ
2653 2215 2940 2287 ἐκκλησίᾳ,
2999 2219 3204 2294 φθάσας
3237 2219 3547 2289 προσθεῖναι
3575 2217 3651 2272 καὶ
3693 2216 3770 2272 57t-

2168 2305 2269 2368 λας
2302 2306 2376 2368 είς
2405 2307 2504 2374 τήν
2532 2310 2640 2360 τῶν
2694 2306 3027 2378 ὑμνοπόλων
3074 2305 3424 2380 οἰκονομίαν,
3473 2307 3541 2368 ὡς
3600 2308 3662 2379 μὴ
3710 2305 3776 2360 ιν-

2169 2504 2326 2559 niam
2361 2505 2494 2559 dare
2521 2504 2594 2560 ob
2625 2521 2693 2558 ea
2719 2520 2847 2576 qua:
2878 2503 2932 2558 in
2981 2521 3043 2560 se
3075 2509 3320 2576 peccata
3374 2505 3608 2572 fuerant,
3659 2521 3770 2559 cau-

2169 2595 2352 2649 sando
2375 2594 2775 2649 invitationem
2801 2609 3022 2649 meram
3036 2610 3246 2649 eorum
3264 2610 3394 2650 esse
3409 2595 3505 2668 qui
3520 2610 3576 2650 se
3593 2592 3770 2650 nullius

2168 2683 2386 2756 peccati
2420 2683 2686 2738 conscios
2719 2683 3162 2755 profiterentur:
3201 2700 3339 2739 nam
3363 2684 3412 2739 si
3442 2685 3769 2755 agnoscerent

2167 2773 2424 2844 culpam,
2451 2772 2654 2844 utique
2673 2777 3144 2842 deprecarentur.
3164 2773 3391 2828 Tamen
3411 2790 3538 2828 cum
3559 2772 3652 2828 hac
3669 2771 3767 2840 ejus

2168 2862 2501 2933 exceptione
2531 2862 2815 2916 admoniti
2853 2861 3026 2933 legati
3062 2877 3268 2930 preces
3301 2862 3474 2917 etiam
3506 2860 3763 2916 adhibuis-

2172 2957 2320 3021 sent,
2338 2950 2639 3022 mitigatus
2653 2966 2828 3006 senex
2841 2950 3110 3005 exhibuit
3130 2967 3195 3006 se
3210 2956 3542 3022 promptum
3567 2949 3628 3004 ad
3659 2964 3767 3003 eun-

2171 3041 2308 3094 dum
2338 3056 2453 3110 quo
2480 3039 2815 3094 vocabatur.
2851 3042 3050 3110 Reque
3106 3038 3241 3109 ipsa
3292 3039 3500 3110 partim
3551 3035 3764 3092 terrestri

2168 3130 2378 3200 partim
2398 3127 2692 3183 maritimo
2711 3127 2916 3184 itinere
2931 3130 2999 3182 ad
3020 3127 3218 3183 ltufini
3237 3129 3454 3200 praedia
3470 3145 3528 3184 se
3545 3124 3764 3190 contulit,

2168 3219 2254 3274 vel
2290 3218 2594 3290 paululum
2620 3216 2739 3272 illic
2762 3217 3168 3288 acquieseendi
3202 3234 3406 3281 causa,
3434 3216 3517 3272 vel
3547 3213 3764 3270 indecla-

2171 3308 2291 3361 rius
2323 3323 2390 3362 ex
2422 3305 2745 3377 propinquo
2777 3307 3110 3376 certiusque
3142 3302 3766 3378 respondendi,cogaitis

2168 3396 2505 3452 distinctius
2538 3411 2664 3466 quae
2699 3399 3055 3466 peterentur.

2166 3506 2220 3559 2.
2259 3505 2319 3561 Ul
2352 3510 2633 3559 revocatus
2661 3502 2989 3572 patriarcha
3010 3503 3266 3557 ineamus
3296 3502 3354 3556 in
3413 3501 3589 3556 urbem
3628 3501 3703 3563 sit,
3728 3500 3764 3551 ct

2416 3573 2544 3628 illic
2563 3589 2755 3627 rursus
2780 3576 3135 3628 coronaverit
3164 3576 3569 3647 imperatorem.

2243 3663 2430 3737 Igitur
2447 3668 2766 3718 conventus
2785 3662 2902 3717 illic
2922 3663 3260 3734 patriarcha
3278 3662 3646 3734 legationibus
3663 3673 3763 3713 cum

2171 3754 2241 3809 ab
2273 3755 2620 3824 imperatore
2651 3755 2778 3806 tum
2813 3767 2846 3806 a
2876 3752 3097 3823 synodo
3120 3752 3345 3821 missis,
3372 3756 3603 3822 postque
3627 3747 3766 3803 disce-

2169 3843 2490 3915 ptationem
2527 3840 2677 3896 ultro
2727 3840 2993 3912 citroque
3050 3847 3408 3897 cunctorum
3464 3841 3765 3896 accuratam,

2170 3930 2384 4005 partim
2421 3931 2668 4001 largitus
2700 3930 2914 4001 partim
2948 3928 3248 4000 pollicitus
3281 3947 3408 4002 quae
3438 3925 3766 4002 postulaban-

2172 4029 2284 4088 tur,
2319 4019 2584 4075 celeriter
2615 4020 3030 4088 transtretavit,
3063 4026 3122 4074 et
3169 4019 3440 4075 invectus
3483 4019 3535 4071 in
3583 4014 3763 4076 urbem,

2170 4109 2680 4168 consentientibus
2703 4109 2828 4179 jam
2865 4107 3128 4163 omnium
3161 4109 3317 4164 votis
3351 4125 3415 4164 ac
3444 4103 3677 4173 calculis,
3697 4117 3767 4172 pa-

2170 4200 2542 4258 triarcbalem
2571 4215 2776 4254 rursus
2798 4198 3018 4254 insedit
3041 4197 3256 4254 tbronu
3270 4198 3433 4254 m.lbi
3449 4214 3570 4253 eum
3585 4193 3764 4266 primus

2170 4292 2509 4363 imperator,
2535 4293 2846 4362 postquam
2873 4285 3764 4361 diligenterexcusassetquaaacta

2172 4383 2422 4451 fuerant,
2453 4380 2703 4435 demisse
2735 4383 3047 4435 veneratus
3078 4379 3388 4452 exquisitis
3420 4377 3596 4433 atl‘ecit
3622 4374 3761 4428 hono-

2172 4473 2358 4540 ribus,
2417 4470 2561 4526 etin
2621 4467 2941 4525 liberaliter
2971 4487 3003 4524 υ.
3043 4485 3104 4524 se
3154 4467 3496 4525 collatorum
3541 4459 3758 4520 Ecclesia

2172 4577 2483 4618 munerum
2520 4563 3025 4631 proventuumque
3056 4557 3489 4629 possessionem
3512 4553 3666 4609 misit.
3699 4553 3757 4599 Ac

2085 4641 2130 4704 D
2162 4666 2464 4708 sacrorum
2499 4647 2734 4721 quidem
2755 4651 3104 4719 apparatum
3131 4650 3187 4702 et
3204 4644 3634 4703 ecclesiasticam
3655 4652 3762 4709 sup-

2165 4736 2537 4812 pellectilem,
2565 4734 2939 4790 imminutam
2973 4733 3175 4790 multis
3209 4735 3429 4790 aversis
3474 4747 3568 4805 per
3595 4727 3754 4788 italos,

2164 4827 2424 4900 reposuit
2469 4831 2643 4897 atque
2690 4824 2746 4880 in
2811 4823 3123 4895 pristinum
3182 4822 3513 4880 reformavit
3555 4823 3751 4881 statum,

2166 4916 2473 4990 praeposito
2505 4915 2553 4969 ei
2589 4914 2668 4969 rei
2701 4914 2970 4968 curanda:
3005 4914 3288 4969 monacho
3309 4912 3522 4980 Rucha,
3551 4909 3656 4962 viro
3683 4905 3752 4957 in-

2164 5006 2412 5060 dustrio.
2449 5005 2602 5059 I73
2630 5002 2870 5058 Ornavit
2900 5003 2970 5057 de
3029 5019 3174 5058 novo
3231 5001 3447 5069 altare;
3497 4997 3749 5054 amlioncm

2164 5099 2220 5150 et
2244 5093 2485 5162 soleam,
2513 5097 2634 5148 tum
2660 5091 2775 5147 alia
2790 5091 3287 5164 qumdam,relecit
3307 5091 3476 5163 regiis
3498 5080 3750 5157 impensis;

2166 5183 2305 5240 velis
2335 5188 2613 5254 praeterea
2635 5185 2692 5238 et
2722 5182 2875 5237 vasis
2898 5182 3083 5237 sacris
3108 5181 3208 5237 Dei
3233 5182 3413 5238 aedem
3440 5172 3675 5234 instruxit
3695 5167 3745 5223 ad

2165 5273 2606 5329 convenientem
2640 5272 2896 5344 speciem
2930 5269 3256 5343 elegantia.
3288 5267 3558 5341 Adjunxit
3607 5261 3746 5316 etiam

2168 5380 2314 5419 nova
2346 5360 2608 5417 Ecclesia:
2642 5361 2858 5432 praedia
2889 5365 3099 5433 praeter
3127 5375 3192 5414 ea
3237 5376 3363 5431 quae
3421 5356 3570 5430 prius
3619 5345 3746 5405 attri-

2166 5453 2372 5507 buerat
2387 5451 2454 5506 ad
2473 5449 2751 5506 alimenta
2774 5456 2830 5506 et
2847 5447 3136 5522 stipendia
3153 5453 3456 5503 cantorum
3474 5452 3749 5500 sacrorum-

2169 5557 2280 5614 que
2314 5539 2743 5610 ministrorum,
2777 5538 2896 5596 neii
2917 5540 3376 5594 necessariorum
3402 5533 3654 5608 patientes
3676 5538 3747 5594 pe-

2169 5629 2398 5686 nuriam
2432 5629 2619 5685 officia
2651 5646 2756 5686 sua
2789 5627 3175 5701 negligentiae
3207 5625 3448 5684 obirent.
3478 5617 3661 5680 Omnia
3697 5625 3749 5666 ea
