4018 6198
379 233 486 288 6,5
1675 211 1966 269 caenam

2121 210 2482 269 CHYMERE
3623 220 3708 276 616

382 357 528 412 σιλεῖ
573 347 890 410 σπένδεσθαι
946 342 1371 416 κατηνάγκαζε).
1420 339 1515 394 Ἐκ
1584 336 1854 409 Κομάνων
1923 330 2025 408 γὰρ
2053 334 2111 401 Α
2140 332 2218 411 ἐφ’
2278 334 2509 410 ἑκάστῳ,
2569 335 2771 412 νωθροὶ
2825 333 2881 391 δὲ
2934 337 3001 391 τά
3057 336 3111 398 ἐς
3169 333 3334 411 ὁρμὰς
3379 337 3460 391 καὶ
3515 338 3708 412 μαλακοὶ

379 448 452 500 ὠν
512 444 739 506 ἐκεῖνος,
773 437 848 497 εἷς
904 437 1010 488 τῶν
1073 431 1150 492 εἷς
1200 427 1450 484 δουλείαν
1493 418 2026 496 ἀποδεδομένων,τὸ
2131 426 2266 499 πρὸς
2344 428 2530 503 μάχας
2599 427 2690 481 καὶ
2769 424 3164 502 ἀπραγμοσύνῃ
3245 424 3442 498 μᾶλλον
3497 433 3714 498 συζῶντες

377 534 530 610 γένος
591 512 769 598 ἐζήτει
820 523 937 578 κατ’
996 521 1168 576 αῖτίαν
1231 519 1452 587 συνετὴν
1503 514 1584 570 ὅτι
1641 514 1732 568 καὶ
1800 510 2025 566 ἐπαίνων
2135 511 2292 588 ὀλίγα
2341 512 2487 591 ἔχειν
2547 517 2582 587 ἢ
2615 514 2808 572 πολλά
2863 514 3444 590 πολυπραγμονοῦντες
3496 518 3715 591 αἱρούμε-

375 601 554 696 ἐγγύς,
589 619 662 671 Τὰ
711 616 814 690 γὰρ
865 610 1088 687 ἀντικρὺ
1138 605 1402 678 ἀλλήλων
1454 604 1697 677 κλίματα
1753 609 1852 671 τῆς
1901 607 2026 676 γῆς,
2131 624 2235 658 νοι.
2267 604 2490 660 Τούτων
2523 603 2581 660 δὲ
2608 606 2698 660 τὸν
2733 604 2895 674 ἥλιον
2948 603 3232 658 αἰτιάσαιτ’
3265 601 3321 658 ἄν
3375 626 3452 667 τις
3506 627 3717 682 φυσικω-

371 689 548 764 τόητε
610 706 823 782 βόρειον
875 701 964 756 καὶ
996 701 1056 754 τὸ
1086 698 1288 766 νότιον,
1320 694 1584 768 ἐμιούτοις
1623 692 1733 747 τισὶ
1794 689 2028 762 δυνάμε-
2133 693 2346 766 όμενος,
2384 699 2464 766 τῷ
2525 694 2618 768 μὲν
2675 693 2891 767 ὁμιλεῖν
2950 691 3110 769 ὀλίγα
3165 693 3251 747 καὶ
3305 693 3433 766 πρὸς
3463 691 3623 768 ὀλίγον
3671 697 3717 751 οὐ

372 820 453 853 σιν
489 796 575 852 ἐπί
611 779 990 866 τενσωματικῇ
1021 789 1110 844 καὶ
1149 789 1362 861 ψυχικῇ
1419 783 1652 839 διαθέσει
1701 779 2030 835 ἀντιπεπόν-
2133 783 2367 857 μετρίως
2450 783 2804 859 θερμαίνοντα
2885 783 2978 837 τὸν
3038 780 3352 860 ἐγκέφαλον,
3409 782 3516 838 ὅθεν
3576 786 3649 839 καὶ
3692 788 3720 855 ἡ

375 900 548 954 θασιν,
584 885 764 958 ὥσπερ
826 878 963 950 δῆτα
1014 879 1103 932 καὶ
1155 877 1428 951 κράσεσιν,
1491 873 1542 926 ἐν
1595 872 1679 932 αῖς
1738 869 1798 924 οὐ
1864 868 2026 942 μόνον
2133 871 2330 946 εὐφυΐα
2377 870 2757 946 προσγίνεσθαι
2817 871 3042 949 πέφυκε,
3099 872 3162 925 τὸ
3221 868 3390 947 δέρμα
3453 869 3504 926 δὲ
3558 894 3723 944 mpm-

335 977 532 1046 ’ζώων
591 957 810 1046 ἀλόγων
871 967 1007 1040 πρὸς
1062 966 1229 1038 ὅμοια
1289 968 1398 1031 ζῶα
1453 959 1714 1038 διαφορὰς
1751 957 1896 1032 εὕροι
1944 978 2028 1019 τις
2135 961 2332 1015 λοῦνται
2391 961 2830 1037 ἀπεργαξόμενον
2883 966 3000 1022 τοῖς
3063 959 3250 1032 μέλεσι
3294 961 3388 1029 τὴν
3423 957 3721 1036 στερρότητα,

380 1065 662 1142 ἐμφανεῖς,
695 1045 842 1115 ἀλλὰ
888 1057 978 1111 καὶ
1030 1055 1166 1128 πρὸς
1210 1051 1529 1127 ἀνθρώπους
1569 1048 1890 1123 ἀνθρώπων.
1926 1049 2028 1103 Βο-
2134 1049 2220 1104 ἐπὶ
2253 1047 2310 1103 δὲ
2341 1048 2534 1125 θάτερα
2563 1054 2670 1104 τῶν
2707 1054 2882 1124 μερῶν
2913 1054 2993 1121 τῷ
3039 1048 3126 1103 ἐπὶ
3177 1045 3342 1102 πλέον
3386 1048 3582 1120 ὁμιλεῖν
3635 1063 3724 1124 θερ-

379 1134 549 1228 ρείὸις
580 1151 684 1226 γὰρ
713 1149 780 1203 τὰ
813 1151 923 1216 ζῶα
951 1143 1308 1213 λελεύκωται,
1335 1139 1538 1200 νοτίοις
1571 1136 1627 1192 δὲ
1683 1134 2030 1210 μεμελαίνω-
2138 1139 2382 1212 μαίνοντο
2444 1139 2538 1211 μὲν
2609 1139 2685 1201 εἷς
2764 1137 3005 1215 εὐφυίαν,
3055 1135 3278 1193 ἔκλυτον
3337 1135 3382 1191 δ’
3433 1136 3501 1198 εἷς
3552 1135 3725 1212 ἀνδρίαν

375 1225 488 1300 ται.
523 1225 602 1309 [Ρέ
638 1240 762 1309 117]
792 1239 1109 1309 Ἄνθρωποι
1144 1230 1202 1286 δἲέ
1233 1231 1282 1285 ἐν
1341 1231 1433 1302 μὲν
1489 1227 1727 1304 βορείοις
1784 1225 2028 1279 ἀσύνετοι
2133 1227 2569 1302 ἀπεργαζόμενον
2610 1229 2709 1296 τὴν
2753 1225 3082 1300 ὁλομέλειαν
3127 1231 3239 1281 τῶν
3301 1228 3587 1298 σωμᾶιτων⁸
3617 1249 3724 1300 eup-

379 1329 566 1390 ἄλλως
599 1327 689 1382 καὶ
725 1323 888 1399 μόλις
919 1321 1132 1396 λογικοὶ
1161 1312 1735 1390 καταλαμϐανόμενοι,
1771 1313 1822 1368 έν
1854 1317 1937 1375 οἷς
1967 1313 2028 1367 οὐ
2137 1316 2510 1389 μετατίθεσθαι
2549 1316 2652 1391 γάρ
2711 1321 2830 1378 τοῖς
2880 1316 3097 1388 σώμασι
3143 1316 3241 1376 τὰς
3300 1316 3475 1389 ψυχὰς
3528 1316 3552 1368 ὁ
3602 1338 3726 1393 φυσι-

381 1417 602 1493 λογικαὶ
649 1415 970 1485 ἐπιστῆμαι,
1018 1409 1079 1463 οὐ
1139 1409 1437 1481 μαθήματα
1486 1405 1705 1479 φυσικὰ,
1757 1403 1820 1457 οὐ
1886 1406 2029 1476 γνῶ·
2131 1404 2224 1466 κὸς
2291 1404 2454 1480 λόγος
2513 1401 2725 1458 Sidam.
2789 1404 2886 1458 Διά
2933 1408 3159 1459 τοιαῦτα
3215 1405 3306 1458 καὶ
3363 1403 3602 1479 πρότερον
3654 1406 3727 1477 μὲν

379 1489 485 1577 σις,
516 1506 576 1561 οὐ
637 1503 919 1580 φρόνησις,
953 1499 1014 1554 οὐ
1072 1495 1194 1571 περί
1249 1496 1340 1549 τὸν
1393 1495 1510 1570 βίον
1572 1491 1883 1564 οἰκονομίαι
1940 1489 2029 1546 καὶ
2131 1490 2346 1548 πολλοῦ
2387 1492 2586 1564 ετίμων
2619 1493 2680 1548 τὸ
2715 1494 2979 1557 Σκυθικὸν
3028 1493 3313 1563 Αἰθίοπες,
3342 1492 3471 1547 κατὰ
3524 1491 3729 1548 δουλείαν

378 1599 586 1671 τεχνῶν
638 1578 882 1668 ἐργασίαι
932 1588 1020 1643 καὶ
1069 1583 1248 1640 τᾶλλα
1289 1587 1370 1645 οἷς
1404 1588 1509 1636 τῶν
1544 1580 1763 1656 ἀλόγων
1826 1578 2032 1655 ἄνθρω·
2136 1582 2229 1654 μὶν
2285 1582 2578 1654 κτώμενοι,
2643 1579 2831 1644 ἄλλως
2882 1579 2939 1636 δὲ
3000 1583 3359 1656 στρατιώταις
3421 1583 3540 1655 ὑπὲρ
3590 1581 3728 1636 αὐτῶν

380 1665 480 1740 ποῖ
539 1665 975 1745 διαστέλλονται,
1028 1675 1204 1751 ὁρμάς
1276 1671 1458 1747 μέντοι
1537 1665 1886 1746 παραϐόλους
1939 1669 2103 1752 καὶΒ
2135 1671 2439 1746 χρώμενοι.
2483 1670 2613 1724 Τότε
2670 1668 2742 1742 δὲ.
2777 1670 2865 1725 καὶ
2917 1670 2992 1732 εἷς
3039 1669 3210 1740 αὐτὴν
3241 1672 3340 1739 τήν
3374 1670 3542 1745 ἀρχὴν
3599 1691 3731 1724 κατα-

382 1775 518 1848 πρὸς
571 1773 758 1844 μάχην
804 1766 1059 1840 ἑτοίμους
1119 1761 1360 1838 ἔχοντες,
1410 1761 1500 1816 καί
1550 1759 1786 1833 ἑτοίμως
1844 1761 2025 1835 ὁρμή·
2137 1758 2355 1820 στάντος
2405 1759 2615 1823 Σκύθου
2658 1761 2719 1814 τὸ
2762 1760 3024 1824 Σκυθικὸν
3075 1759 3387 1830 ἀνεζητεῖτο
3421 1760 3490 1822 ὡς
3520 1760 3734 1835 στρατεύ-

381 1846 563 1922 σοντες
593 1857 658 1928 ἤν
703 1879 786 1918 τις
819 1854 1108 1928 ἐποτρύνῃ,
1140 1846 1457 1926 παράϐαλὸν
1506 1871 1559 1904 τι
1618 1849 1707 1903 καὶ
1762 1849 2024 1924 βακχικὸν
2141 1870 2309 1922 ματος
2357 1848 2536 1925 σφίσιν
2595 1847 2794 1912 ἐκεῖθεν
2847 1851 3278 1922 συστησομένου,
3337 1851 3462 1923 ὅπερ
3517 1850 3608 1904 οὐκ
3654 1847 3733 1904 ἆλ-

379 1947 600 2025 ἕχοντες
659 1948 740 2001 ἐπ’
770 1943 1065 2013 ἀλλήλοις,
1099 1941 1189 1996 καὶ
1237 1945 1315 2011 τῷ
1365 1941 1517 2014 Ἀρει
1569 1934 1890 1996 σπένδοντες
1926 1956 1938 1968 ·
1974 1936 2025 1990 ἐν
2137 1936 2250 1999 λως
2303 1937 2370 2007 ἦν
2418 1936 2602 2001 αὐτοῖς
2647 1936 2982 2011 ὠνουμένοις
3026 1937 3427 2011 μετακομίζειν,
3457 1937 3502 1992 εἷ
3557 1939 3622 2012 μὴ
3665 1935 3735 1991 διὰ

379 2038 436 2095 δὲ
487 2039 690 2100 νοτίοις
744 2032 1058 2090 τούναντίον
1123 2032 1283 2085 ἅπαν,
1345 2031 1573 2085 Ἐκεῖνοι
1634 2027 1736 2102 γάρ
1815 2026 2029 2102 εὐφυεῖς
2133 2032 2230 2082 τοῦ
2281 2031 2466 2081 στενοῦ
2512 2048 2595 2087 τις
2638 2027 2874 2100 Εὐξείνῳ
2917 2023 3268 2103 προσϐάλλοι
3320 2025 3735 2101 οαλάσσῃ.Τούτο

383 2131 477 2202 μὲν
513 2127 699 2188 ἄλλως
731 2124 821 2179 καὶ
854 2122 982 2197 ἄγαν
1018 2119 1226 2175 συνετοὶ
1252 2119 1341 2174 καὶ
1387 2115 1596 2192 ἄριστοι
1645 2118 1712 2170 τά
1759 2115 1812 2178 ἐς
1862 2115 2024 2171 πολι·
2139 2113 2196 2171 δὲ
2242 2121 2416 2171 ποιεῖν
2481 2117 2557 2188 μή
2600 2115 2880 2188 ἀξιοῦντας
2925 2118 3016 2171 τὸν
3065 2115 3298 2193 βασιλέα
3339 2117 3634 2193 ἀμήχανον.
3667 2117 3739 2170 Διὸ

376 2219 521 2274 τείαν
573 2215 663 2271 καὶ
711 2213 906 2288 τέχνας
951 2211 1038 2266 καὶ
1085 2208 1284 2284 λογικά
1337 2207 1631 2280 μαθήματα
1678 2206 1768 2260 καὶ
1828 2203 2029 2281 βουλὰς
2137 2206 2226 2261 καὶ
2273 2203 2511 2269 πολλαῖς
2559 2202 2816 2282 ἐδωρεῖτο
2866 2210 3056 2262 τοῦτον
3107 2206 3466 2276 ἀποστολαῖς,
3497 2206 3635 2284 ἐφ’ᾦ
3667 2206 3740 2266 τὶς

378 2419 718 2490 ίΕίὴὶορυω
742 2415 867 2472 aliae
893 2413 1183 2469 utilitates
1205 2409 1570 2482 impulerunt
1592 2410 1664 2465 ad
1689 2409 1877 2465 fmdus
1896 2427 2028 2466 cum
2144 2412 2276 2478 bus,
2309 2411 2426 2467 otio
2457 2411 2872 2482 gaudentibus,
2904 2427 3074 2483 egere
3120 2411 3391 2468 feriendo
3429 2427 3594 2484 quam
3619 2415 3748 2466 sata-

378 2509 732 2580 imperatore
779 2503 1137 2560 faciendum.
1189 2499 1323 2554 Erat
1371 2499 1422 2553 is
1471 2514 1682 2570 genere
1712 2497 2030 2566 Comanus,
2140 2501 2330 2572 gendo
2373 2501 2673 2556 abundare
2724 2500 3103 2556 malentibus.
3157 2499 3344 2571 Cujus
3374 2504 3537 2556 tantae
3567 2498 3750 2554 discre-

377 2595 651 2652 venditus
672 2594 806 2648 olim
836 2592 895 2648 in
920 2590 1282 2654 servitutem,
1307 2605 1421 2658 qua
1445 2587 1502 2641 in
1527 2603 1774 2658 regnum
1807 2592 2031 2641 mutata
2142 2588 2354 2660 pantize
2369 2589 2416 2644 si
2442 2589 2576 2660 quis
2601 2588 2710 2645 soli
2734 2606 2974 2644 causam
2999 2589 3382 2661 imputaverit
3405 2589 3547 2644 haud
3577 2605 3608 2642 a
3626 2604 3751 2652 vero,

377 2685 682 2756 satagebat
704 2674 1648 2754 prudentilaudabiliquecensilio
1667 2679 2030 2730 utcommea-
2142 2678 2198 2731 ni
2235 2677 2424 2746 fallor,
2461 2677 2774 2733 aberrabit.
2800 2678 2947 2744 Quia
2965 2678 3121 2734 enim
3145 2679 3282 2748 ejus
3308 2678 3455 2733 radii
3475 2681 3691 2732 Arctoos
3707 2679 3751 2729 et

375 2780 473 2830 tus
505 2779 659 2830 esset
684 2769 871 2826 facilis
897 2766 1280 2840 popularibus
1304 2765 1429 2820 suis
1452 2765 1522 2819 ad
1546 2781 1644 2820 eos
1667 2765 1884 2834 quibus
1913 2765 2026 2818 im-
2138 2769 2346 2839 exiguo
2379 2773 2642 2839 tempore
2676 2771 2732 2822 et
2761 2784 2892 2823 raro
2924 2773 2982 2823 et
3007 2767 3250 2839 oblique
3283 2768 3628 2832 illuminant,
3657 2781 3746 2819 non

381 2863 644 2938 perabat,
676 2861 939 2931 indigere
965 2858 1128 2930 ipsos
1161 2855 1422 2911 sentiens
1455 2853 1556 2910 tali
1591 2853 1828 2909 auxilio.
1878 2853 2027 2908 Sunt
2137 2872 2266 2912 eam
2298 2856 2549 2912 cerebris
2581 2856 2854 2912 humanis
2878 2857 3072 2912 vitalis
3094 2857 3312 2913 caloris
3333 2871 3652 2912 mensuram
3681 2853 3746 2906 af-

377 2955 672 3010 enimvero
705 2966 819 3005 non
849 2964 1036 3019 magis
1069 2946 1184 3000 situ
1217 2961 1389 3015 quam
1424 2943 1619 2998 indole
1649 2942 2024 3013 naturalique
2135 2945 3322 3017 ﬂant,quaaadexpediendaseperationes
3339 2945 3748 3008 mentium,sen-

377 3041 658 3114 qualitate
694 3039 848 3093 inter
877 3053 939 3092 se
970 3037 1226 3092 adversa:
1256 3039 1430 3104 atque
1460 3050 1490 3089 e
1522 3032 1810 3087 diametro
1838 3048 2021 3102 eppo-
2052 3075 2092 3114 ρ
2133 3051 2353 3105 susque
2375 3034 2705 3090 communis
2732 3035 3113 3090 acrimoniam
3140 3034 3551 3107 requireretur.
3576 3032 3746 3104 Frigus

375 3133 498 3187 sitae
529 3135 738 3185 arctoas
772 3125 1166 3195 austrinaeque
1197 3123 1485 3189 nationes,
1511 3120 1846 3177 commissis
1878 3120 2022 3174 invi-
2053 3120 2094 3141 υ
2136 3123 2480 3196 porroillius
2495 3123 2622 3179 cmli
2643 3125 2932 3191 naturale,
2956 3123 3169 3180 solaris
3194 3125 3418 3197 teporis
3433 3121 3742 3179 admistiene

375 3236 501 3275 cem
535 3218 885 3289 penitusque
916 3213 1340 3268 dissidentibus
1384 3228 1498 3280 qua
1548 3227 1860 3281 corporum
1912 3226 2029 3280 qua
2134 3212 2406 3282 liberum,
2431 3213 2720 3268 addensat
2743 3213 3028 3282 duratque
3050 3218 3254 3268 cutem
3279 3230 3605 3284 corporum,
3627 3226 3744 3264 cras-

377 3308 552 3363 etiam
578 3305 911 3359 animorum
937 3301 1363 3368 affectionibus,
1389 3316 1490 3369 pro
1515 3299 1843 3354 differentia
1867 3299 2027 3353 vide-
2135 3301 2450 3372 sitiemque
2483 3307 2540 3356 et
2569 3301 2928 3358 soliditatem
2950 3303 3497 3360 inducitmembris.
3523 3301 3631 3358 Sub
3651 3314 3748 3354 me-

376 3396 514 3450 licet
543 3390 989 3461 temperamenti
1042 3406 1109 3443 ac
1163 3387 1318 3456 coeli,
1369 3405 1495 3459 quae
1528 3389 1678 3442 inter
1711 3393 2032 3458 utrumque
2135 3389 2362 3445 ridiano
2393 3394 2598 3446 contra
2626 3389 2845 3446 circulo
2867 3395 2968 3446 aut
3000 3392 3057 3445 in
3084 3392 3501 3447 accedentibus
3523 3391 3586 3444 ad
3614 3387 3744 3442 illum

378 3487 635 3539 tractum
671 3478 976 3534 intercedit
1002 3496 1016 3546 ;
1038 3477 1208 3548 cujus
1227 3476 1404 3531 etiam
1435 3476 1686 3548 vestigia
1708 3482 2033 3531 cernuntur
2135 3479 2309 3535 terris
2328 3480 2691 3551 frequentius
2714 3479 3034 3536 imminens
3063 3483 3553 3552 constantiusque
3574 3479 3747 3533 immo-

377 3575 436 3627 in
463 3570 652 3627 brutis
671 3567 1103 3637 animantibus,
1127 3583 1376 3638 quarum
1399 3566 1508 3621 sub
1522 3565 2031 3637 Septentrionibus
2138 3585 2274 3624 rans
2293 3585 2357 3624 ac
2383 3585 2639 3639 superne
2670 3569 2992 3640 incoquens
3021 3569 3300 3641 subjecta
3320 3586 3497 3641 vapor
3521 3565 3742 3624 ardentis

391 3655 1116 3729 nataaalitaequeageneris
1140 3656 1404 3725 ejusdem
1423 3655 2031 3727 genitiseducatisque
2139 3657 2280 3714 solis
2311 3658 2537 3730 eliquat
2570 3675 2837 3730 corpora,
2870 3663 2927 3713 et
2965 3659 3036 3712 ad
3087 3676 3310 3716 omnen
3357 3663 3610 3715 motuum
3653 3655 3749 3709 ala-

390 3750 446 3804 in
477 3747 818 3820 regionibus
852 3744 1195 3800 meridianis
1226 3745 1378 3800 haud
1406 3745 1650 3801 modicis
1673 3745 2031 3801 diversitati-
2139 3748 2402 3803 critatem
2438 3748 2863 3818 audaciamque
2893 3747 3296 3804 certaminum
3350 3750 3534 3804 fluxos
3561 3744 3747 3815 langui-

386 3840 497 3894 bus
529 3837 828 3899 differunt,
863 3833 1021 3890 color
1043 3833 1332 3905 siquidem
1365 3835 1538 3888 etiam
1568 3835 1691 3906 ipse
1721 3851 2030 3906 corporum
2139 3837 2362 3907 desque
2393 3843 2558 3892 artus
2588 3836 2788 3892 efficit.
2820 3837 3018 3892 Afficit
3050 3841 3254 3893 autem
3289 3836 3629 3908 alterarique
3651 3832 3747 3887 ani-

383 3928 699 3997 discrepat,
727 3925 785 3979 in
817 3922 1158 3978 Borealibus
1185 3922 1302 3978 fere
1334 3924 1645 3992 candidus,
1671 3923 1726 3977 in
1752 3923 2034 3979 Australi-
2142 3943 2267 3982 mos
2282 3941 2572 3981 consensu
2589 3926 3748 3998 quodamqualitatibusettemperamento

381 4017 492 4072 bus
523 4023 666 4071 ater.
698 4015 810 4069 Sed
835 4012 1166 4068 animorum
1194 4013 1250 4067 in
1279 4012 1618 4068 hominibus
1639 4014 1879 4084 majoris
1906 4031 2031 4068 mo-
2138 4031 2465 4086 corporum,
2503 4015 2792 4069 naturalis
2821 4015 3001 4070 tradit
3044 4016 3215 4084 ratio,
3266 4015 3612 4087 experientia
3636 4025 3748 4066 sane

386 4105 566 4159 menti
589 4103 905 4158 discrimen
929 4105 1040 4167 est,
1062 4101 1414 4157 steliderum
1439 4107 1496 4158 et
1513 4102 1603 4156 vix
1629 4103 1852 4159 ratione
1872 4107 2034 4158 uten-
2139 4104 2524 4175 suffragante.
2561 4102 2662 4158 llis
2691 4104 2765 4158 de
2794 4105 2990 4160 causis
3019 4110 3078 4159 et
3124 4105 3272 4175 olim
3305 4105 3591 4176 [Ethiopes
3617 4099 3750 4155 valde

384 4194 533 4248 tium
565 4193 624 4246 in
666 4189 1242 4262 septentrionalibus,
1301 4191 1452 4261 apud
1505 4208 1654 4262 quos
1696 4193 1914 4246 frustra
1944 4208 2031 4247 re-
2137 4193 2474 4266 gaudebant
2503 4190 2784 4248 afﬂuente
2815 4193 2883 4247 ad
2934 4194 3095 4264 ipsos
3142 4195 3318 4266 cepia
3362 4192 3745 4264 mancipiorum

383 4279 824 4352 quiraslegicas
848 4279 1188 4351 pbysicasve
1212 4279 1896 4350 disciplinas,scientiam
1931 4286 2033 4336 aut
2138 4281 2391 4354 Scythici
2441 4281 2676 4354 generis
2725 4282 2944 4354 quippe
2986 4299 3246 4354 quorum
3313 4300 3489 4356 epera
3530 4297 3649 4336 eum
3692 4275 3749 4331 ad

387 4369 783 4443 prudentiam,
818 4385 950 4423 cum
986 4385 1057 4423 ne
1085 4369 1230 4424 ratio
1263 4369 1503 4439 quidem
1541 4371 1784 4440 parandi
1830 4387 2030 4426 neces-
2135 4370 2692 4427 omnelaberiosum
2715 4371 3113 4427 ministerium
3141 4378 3273 4428 tum
3298 4374 3371 4428 ad
3389 4369 3749 4428 contentiones

383 4459 525 4514 sarii
548 4460 732 4513 victus
761 4463 861 4512 aut
889 4456 1291 4513 convenientis
1324 4458 1541 4524 cultus,
1576 4475 1687 4513 non
1714 4464 1888 4526 artes,
1915 4475 2029 4513 non
2067 4445 2108 4509 ἶ)
2139 4461 2516 4530 impetusque
2548 4459 2879 4530 praeliorum
2917 4461 2975 4515 in
3010 4478 3118 4516 usu
3178 4463 3523 4520 necessariis
3552 4455 3750 4514 tuendis

385 4548 638 4621 opificis,
671 4564 783 4601 non
808 4551 1015 4602 caetera
1039 4546 1254 4616 quibus
1282 4547 1548 4602 homines
1573 4565 1606 4602 a
1630 4547 1838 4602 belluis
1859 4547 2029 4603 diffe-
2141 4551 2359 4605 finibus
2377 4549 2596 4604 militiae
2621 4551 3027 4620 percommode
3048 4556 3392 4618 uterentur;
3427 4566 3567 4621 quos
3588 4545 3746 4600 minus

385 4642 543 4704 runt,
590 4636 650 4691 in
685 4635 754 4690 iis
786 4635 1173 4707 reperiantur.
1207 4635 1397 4690 Vividi
1439 4652 1467 4691 e
1499 4636 1790 4692 contrario
1833 4654 2026 4692 acres-
2140 4639 2358 4694 mirum
2423 4638 2858 4710 imperitatnem
2883 4640 3010 4709 jam
3061 4640 3214 4711 ipsis
3247 4640 3543 4696 hominem
3573 4640 3683 4692 ortu
3709 4635 3751 4686 et

384 4743 516 4797 que,
552 4725 795 4796 projecti
831 4724 900 4778 ad
933 4728 1337 4795 contemptum
1370 4724 1767 4796 periculorum
1800 4725 2026 4797 cupidi-
2142 4727 2441 4783 natalibus
2473 4731 2762 4795 exterum,
2794 4744 2930 4783 eum
2981 4729 3242 4800 proprio,
3308 4735 3432 4785 tum
3467 4724 3645 4800 pepuli
3675 4720 3747 4775 cui

384 4832 499 4889 que
530 4814 862 4887 praeliorum
896 4811 1164 4868 Boreales
1189 4818 1350 4883 sunt,
1377 4821 1502 4869 tum
1529 4814 1870 4882 irritabiles,
1896 4820 1950 4870 et
1977 4815 2028 4870 si
2141 4821 2384 4888 prmerat
2412 4817 2605 4888 genio,
2638 4833 2757 4870 suae
2788 4817 2978 4886 gentis
3007 4817 3376 4873 consortium
3411 4809 3747 4874 consuetudi-

382 4905 515 4977 quis
546 4903 889 4971 lacessierit,
925 4903 1176 4958 fanatice
1209 4910 1446 4959 ruentes
1493 4904 1718 4976 impetu
1753 4906 1809 4960 in
1842 4905 2029 4961 cades
2140 4923 2395 4976 nemque
2440 4907 2761 4974 affectasse,
2817 4905 3061 4961 militari
3121 4907 3353 4979 utique,
3403 4923 3516 4978 qua
3560 4902 3748 4973 egebat.

384 4999 642 5060 mutuas,
689 4993 840 5048 I76
891 4991 1160 5047 martiale
1189 5009 1429 5064 prorsus
1463 5010 1646 5065 genus
1688 4998 1744 5048 et
1790 4999 2028 5049 cruente
2140 5013 2318 5050 manu
2350 5011 2462 5049 non
2497 4993 2735 5050 aliunde
2757 4993 2877 5066 ipsi
2906 5013 3082 5065 quam
3115 5012 3183 5050 ex
3221 5002 3424 5067 empta
3444 4999 3746 5058 evecataqne

383 5099 636 5156 pugnax.
671 5083 926 5146 Quorum
964 5086 1171 5137 cuncta
1203 5081 1261 5136 in
1303 5083 1680 5138 Australibus
1712 5084 2026 5148 contraria,
2139 5085 2595 5154 indejuventute
2611 5085 3001 5154 suggerenda.
3029 5083 3177 5148 Quia
3212 5102 3349 5140 vero
3370 5083 3599 5157 Scythas
3619 5079 3677 5134 ad
3697 5091 3746 5130 se

381 5172 718 5240 solertibus,
752 5171 1100 5233 mansuetis,
1134 5171 1344 5225 eximie
1368 5169 1618 5238 callidis,
1655 5171 1900 5240 politicze
1936 5190 2026 5226 ra-
2141 5180 2265 5230 tute
2297 5174 2604 5244 deportare
2635 5172 2750 5228 nisi
2774 5173 2975 5229 missis
2999 5174 3069 5228 ad
3092 5173 3393 5230 Euxinum
3421 5171 3647 5228 navibus
3667 5181 3745 5220 ne-

381 5261 559 5317 tionis
592 5260 900 5326 consultis,
929 5258 1203 5315 industrii
1226 5262 1295 5314 all
1321 5265 1496 5329 artes,
1525 5259 1828 5316 rationalis
1854 5261 2026 5316 disci-
2141 5263 2366 5334 quibat,
2397 5263 2568 5332 cujus
2600 5261 2780 5316 maris
2813 5261 3007 5317 fauces
3041 5278 3174 5317 cum
3208 5262 3366 5317 haud
3401 5261 3568 5317 dubie
3596 5257 3746 5312 forent

383 5353 552 5423 plinas
583 5351 922 5422 capacibus,
959 5349 1224 5405 fecundis
1256 5349 1667 5416 consiliorum,
1697 5353 1753 5404 et
1786 5350 1843 5403 in
1871 5350 2031 5405 omni
2143 5353 2201 5406 in
2235 5353 2380 5406 177
2420 5356 2708 5422 potestate
2739 5351 3104 5406 imminentis
3150 5351 3275 5408 illis
3305 5347 3742 5415 Constantinopo-

381 5439 684 5496 occasione
718 5439 858 5510 quid
893 5439 1185 5508 optimum
1218 5438 1374 5494 factu
1399 5437 1476 5493 sit
1504 5442 1801 5494 momento
1825 5438 2031 5495 viden-
2141 5441 2333 5496 litanae
2364 5441 2642 5509 civitatis,
2698 5440 2864 5497 facile
2910 5441 3142 5497 vibehat
3195 5444 3456 5513 prudens
3503 5438 3742 5493 barbarus

380 5531 563 5600 tibus,
596 5527 856 5583 vicissim
890 5528 962 5583 ad
995 5527 1226 5584 labores
1255 5527 1462 5600 pigris,
1487 5530 1558 5583 ad
1585 5544 1814 5601 pugnas
1841 5529 2030 5587 melli-
2143 5546 2522 5602 nequaquam
2554 5530 2694 5602 sibi,
2723 5531 2874 5602 quod
2906 5531 3160 5604 optabat,
3193 5530 3364 5588 aliter
3390 5545 3555 5604 quam
3589 5519 3742 5598 grati!
