3920 6196
185 299 269 354 617

1164 305 1263 357 DE
1299 302 1669 358 MICHAELE
1706 299 2328 372 PALIEOLOGOjLIB.
2372 306 2471 358 III.

3430 318 3536 372 618

186 420 350 513 {fg-7'9"
378 418 819 513 διαπλωζομέἑνας
846 429 975 493 νῆας
1035 422 1277 513 ῥᾳδίως,
1316 424 1550 497 Εὐξείνῳ
1596 444 1766 499 προσ-
1801 432 1853 499 Α
1886 423 2096 493 ἄλλως,
2158 426 2231 487 ὡς
2288 426 2376 480 καὶ
2436 428 2590 482 παισὶ
2633 431 2918 499 παίζεσθαι
2975 432 3248 509 ἀγόμενον
3279 438 3337 492 ἐκ
3370 440 3537 513 ῥινὸς,

183 505 389 579 ϐάλλειν,
416 510 497 563 καί
526 510 650 574 τοὺς
677 510 728 565 ἐν
762 510 950 576 αὐταῖς
980 510 1168 569 πολλά
1209 512 1459 577 διδόντας
1517 514 1778 589 μείρακας

183 598 433 661 Σκυθικοὺς
469 597 772 669 ἐξωνεῖσθαι
827 602 917 655 καὶ
966 603 1102 678 πρὸς
1145 604 1213 658 τά
1261 602 1374 658 ξ’δια
1404 604 1772 670 ἐπανήκοντας

181 689 343 766 φέρειν,
372 690 397 743 ὃ
429 687 489 757 δή
522 689 607 743 καί
657 690 933 754 πολλάκις
978 696 1195 769 γεγονὸς
1246 691 1513 769 ἔγνωμεν,
1571 692 1769 757 ἐκεῖθεν

179 781 251 849 μὲν
292 782 383 832 τῶν
425 798 770 853 χαρισματων
821 782 956 856 πρὸς
1010 781 1235 857 βασιλία
1284 780 1770 855 διαπεμπομὲνων,

176 866 372 931 ἐντεῦθεν
417 865 458 921 δ’
508 868 867 945 ἀνοιγομένης
901 870 1048 949 σφίσι
1099 879 1200 943 τῆς
1250 874 1385 948 πρὸς
1418 871 1622 927 ἐκεῖνον
1676 892 1769 925 κεο

170 955 355 1013 λεύθου.

330 1096 383 1154 δ’.
416 1100 540 1176 Περὶ
582 1100 1160 1177 καμηλοπαρδάλεως,
1202 1103 1391 1159 ὁποῖόν
1426 1104 1557 1159 ἐστι.

217 1228 286 1299 [Ρ.
316 1229 425 1300 118]
470 1229 556 1282 Ἐν
606 1224 664 1282 δὲ
704 1234 821 1290 τοῖς
860 1230 1192 1303 χαρίσμασιν
1249 1231 1314 1298 ἦν
1374 1230 1462 1284 καὶ
1514 1227 1765 1301 καμηλο-

161 1313 403 1386 πάρδαλις,
460 1320 596 1385 ζῶον
658 1319 960 1391 θαυμάτων
1017 1319 1105 1372 καὶ
1166 1318 1461 1389 ἀσύνηθες,
1519 1318 1645 1391 περὶ
1700 1318 1761 1371 οὗ

162 1404 287 1479 ὀλίγα
317 1405 578 1480 βούλομαι
641 1406 845 1483 λέγειν,
880 1414 995 1464 τοῖς
1033 1410 1127 1481 μὲν
1162 1406 1367 1462 ἰδοῦσιν
1428 1408 1757 1480 ὑπόμνησιν,

156 1500 249 1555 τοῖς
291 1492 341 1549 δὲ
388 1494 520 1567 μηδὲ
552 1498 908 1569 θεασαμένοις
956 1496 1327 1553 διδασκαλίαν.
1380 1502 1553 1569 Σῶμα
1581 1496 1759 1568 τούτῳ

158 1584 337 1656 μέτριον
382 1585 494 1639 κατ’
540 1581 697 1647 ὅνους
746 1585 840 1648 οὕς
897 1585 1173 1649 κάνθωνας
1232 1584 1570 1659 ὀνομάζομεν
1631 1583 1754 1657 85'9-

154 1692 211 1743 μα
231 1673 347 1727 κατά
373 1671 689 1747 παρδάλεις,
724 1673 917 1730 λευκὸν
946 1676 1036 1730 καὶ
1076 1675 1309 1753 πυῤῥαῖς
1357 1674 1541 1753 φολίσι
1587 1676 1751 1730 κατά-

1878 513 1967 603 καὶ
2022 516 2308 585 πειθήνιον
2345 515 2397 578 ἐς
2451 518 2588 572 ὅπου
2639 514 2819 583 οὲλοις
2880 522 3534 603 ὁρμᾷν,ποηφάγον,καί

1878 600 2025 677 ἄρτῳ
2074 604 2163 659 καὶ
2212 610 2373 679 κριθῇ
2402 606 2538 661 κατά
2565 608 2627 661 τὸ
2673 605 2946 681 πρόϐατον
2998 600 3408 687 ψωμιζόμενον.
3460 620 3531 674 Τὸ

1877 689 1924 746 δ’
1975 696 2109 761 ἦθος
2141 694 2454 769 χειρόηθες,
2486 699 2547 750 Ἢ
2611 695 2656 751 δ’
2701 696 2877 771 ἄμυνα
2931 703 3109 775 τούτῳ
3168 705 3303 779 πρὸς
3351 707 3410 760 τὸ
3443 706 3531 761 λυ·

1872 786 2007 837 ποῦν
2045 784 2142 856 (τῷ
2172 806 2408 858 μεγιστῳ
2457 787 2560 860 γὰρ
2600 784 2749 862 μέρει
2798 789 2888 843 καὶ
2937 796 3097 846 τοῦτο
3152 792 3525 870 φιλοτιμεῖται

1871 877 1987 935 τοῖς
2040 874 2201 941 ζώοις
2252 877 2285 942 ἡ
2342 873 2521 949 φύσις,
2572 877 2646 938 ὡς
2691 876 2745 931 εἷ’
2782 899 2862 939 τις
2906 878 3208 936 ἐπιτίθοιτο
3241 904 3527 959 προσαμυ-

1869 964 2094 1034 νεῖσθαι)
2148 961 2253 1037 οὐχ
2284 961 2433 1035 ὁπλῇ
2465 965 2601 1018 κατᾶ
2626 964 2751 1027 τοὺς
2779 964 3004 1037 ἵππους,
3064 970 3097 1037 ἢ
3154 970 3336 1047 κέρατι
3386 976 3525 1029 κατά

1876 1051 2005 1126 βοῦς
2053 1050 2204 1124 (οὐδὲ
2250 1053 2352 1128 γὰρ
2400 1054 2615 1126 κὲρασιν
2666 1053 2956 1125 ἔστεπται),
3018 1058 3116 1113 οὐκ
3170 1058 3351 1115 ὀδόντι
3390 1066 3525 1119 κατά

1865 1140 1993 1202 τοὺς
2026 1142 2286 1216 κάπρους,
2322 1141 2421 1196 οὐκ
2466 1140 2609 1212 ὄνυξι
2658 1146 2793 1199 κατᾶ
2839 1146 2935 1208 τὰς
2985 1146 3178 1222 γαλᾶς,
3236 1151 3424 1223 μόνοις
3464 1151 3520 1207 δὲ

1863 1235 1980 1289 τοῖς
2037 1227 2277 1301 ὀδοῦσιν,
2340 1232 2516 1303 οἶμαι,
2578 1231 2668 1286 διὰ
2726 1230 3019 1307 δηγμάτων
3084 1238 3333 1311 μετρίων,
3395 1241 3519 1295 ὅσον

1864 1318 1952 1371 καὶ
1984 1316 2276 1372 ἀποσοϐεῖν
2305 1320 2367 1373 τὸ
2402 1319 2606 1374 λυποῦν
2666 1322 2741 1393 μὴ
2798 1321 3063 1397 βλάπτον·
3102 1323 3225 1379 οὐδὲ
3273 1327 3372 1403 γάρ
3431 1350 3516 1391 τις

1865 1407 1943 1469 ἰὸς
1974 1414 2091 1469 τοῖς
2122 1405 2336 1462 ὀδοῦσιν
2399 1408 2747 1483 ἐντέοραπται
2806 1414 2922 1465 κατ’
2981 1412 3157 1467 ἐκεῖνα
3213 1418 3243 1469 ἃ
3302 1414 3367 1486 δὴ
3400 1424 3517 1481 τοῖς

1859 1498 2133 1559 τοιούτοις
2181 1500 2215 1566 ἡ
2272 1498 2428 1571 φύσις
2488 1498 2729 1568 ὁπλίζει.
2787 1506 2961 1556 Τοῦτο
3021 1504 3095 1565 ὡς
3149 1502 3202 1557 εἷ’
3252 1526 3303 1559 τι
3355 1506 3517 1581 τὲρας

1858 1586 2055 1651 ἐκεῖθεν
2106 1585 2242 1661 πρὸς
2293 1586 2520 1662 βασιλέα
2571 1586 2917 1663 διακομισθὲν
2971 1592 3201 1664 ἑκάστης
3241 1593 3416 1668 θέαμα
3447 1599 3512 1665 ἦν

1856 1677 1945 1731 καὶ
1972 1678 2149 1753 τρυφή
2177 1682 2293 1738 τοῖς
2328 1679 2497 1750 ὁρῶσι
2528 1675 2597 1731 δι’
2628 1680 2823 1751 ἀγορᾶς
2854 1678 3177 1753 ἑλκόμενον.

150 1782 342 1869 σῖῗκτοῖν
383 1764 518 1869 of?“
568 1764 825 1869 σίξμοξςίος
870 1766 1007 1869 καιξά
1052 1767 1169 1869 τὰς.
1190 1765 1477 1869 καμζῖλεζυς
1526 1764 1577 1835 ἐξ
1619 1764 1749 1869 in“
1780 1804 1827 1869 B
1858 1786 1917 1840 ε’.
1950 1786 2141 1849 ’Όπως
2167 1784 2481 1869 αύξηθέντες
2511 1784 2768 1846 Αῗθίοπες
2793 1786 2859 1840 τὰ
2888 1788 3022 1841 κατά
3054 1789 3251 1861 Συρίαν
3284 1788 3505 1867 διεπράο

148 1851 275 1912 σθίων
309 1847 590 1925 βουϐώνων
624 1853 677 1916 ἐς
708 1852 895 1926 ὤμους
926 1856 1233 1929 ἀνωφερὴς,
1262 1860 1370 1909 τῶν
1401 1854 1746 1928 ἐμπροσθίων

146 1936 290 1993 ποδῶν
347 1937 742 2015 ὑπερκειμένων
792 1942 1077 2020 αὐτάρκως
1124 1948 1234 1999 τῶν
1292 1940 1532 1999 ὄπισθεν·
1591 1945 1745 2018 Τρά-

149 2026 293 2102 χηλος
316 2031 438 2085 κατα
468 2031 733 2107 γεράνους
790 2031 876 2087 ἐπὶ
931 2034 1195 2105 μήκιστον
1237 2032 1611 2105 ἐκτεινόμενος
1655 2032 1745 2087 καὶ

146 2116 184 2178 ἐς
221 2120 435 2197 κεφαλὴν
480 2120 843 2193 ἀναγόμενος,
903 2122 978 2183 ὡς
1010 2121 1294 2197 ἀγέρωχον
1326 2123 1386 2176 τὸ
1421 2126 1555 2191 ζῶον
1588 2121 1742 2197 ἐγκα-

149 2212 306 2277 θιστᾷν.
356 2208 575 2285 Κεφαλή
633 2206 691 2264 δὲ
741 2211 869 2285 βαιὰ
916 2210 1005 2265 καὶ
1059 2207 1439 2283 καμηλοειδής
1493 2215 1572 2283 τῷ
1604 2213 1741 2285 σχή-

147 2318 256 2366 ματι.
310 2300 495 2353 Λευκὸν
548 2300 655 2367 τήν
715 2299 950 2368 κοιλίαν,
1007 2299 1097 2354 καὶ
1156 2300 1261 2354 ἀπὸ
1312 2298 1602 2376 τραχήλου
1651 2297 1740 2354 διὰ

145 2384 313 2460 ῥάχεως
350 2391 519 2458 πάσης
564 2388 661 2443 καὶ
708 2386 811 2450 ἕως
862 2388 1029 2464 οὐρὰς
1080 2389 1301 2465 μετρίας
1333 2391 1600 2463 γραμμὴν
1649 2389 1734 2445 ἐπὶ

144 2474 330 2549 σ’..ἰθμην
400 2477 663 2550 μέλαιναν
750 2477 1003 2533 ἰθύντατα
1076 2479 1477 2553 περικείμενον.
1566 2476 1735 2541 Ιῐόδες

141 2562 285 2621 λεπτοὶ
328 2569 435 2622 κατ’
485 2567 728 2646 ἐλάφους
786 2567 875 2622 καὶ
942 2566 1327 2643 διχηλοῦντες.
1382 2571 1623 2643 ’Ήμερον
1685 2566 1732 2623 δ’

138 2771 179 2820 et
200 2767 444 2824 beneficio
469 2768 823 2839 imperantis
850 2767 969 2823 illic
988 2784 1160 2839 posse
1182 2768 1737 2840 contingere.Quare

140 2855 223 2911 isto
241 2862 293 2911 ut
321 2858 535 2930 placato
568 2858 977 2929 benevoloque
1010 2863 1291 2924 uteretur,
1326 2858 1531 2913 multis
1578 2858 1733 2929 lega-

140 2943 320 3001 tionum
348 2951 401 3002 et
424 2948 746 3005 missorum
770 2965 903 3004 cum
935 2946 1053 3002 illis
1078 2963 1389 3002 munerum
1414 2947 1735 3002 conabatur

138 3033 298 3090 officiis
328 3038 583 3109 assequi.
621 3038 735 3093 Nec
766 3038 919 3094 votis
948 3037 1181 3097 excidit:
1216 3040 1468 3108 augusto
1515 3036 1732 3109 quippe

137 3125 566 3184 annuentelibere
591 3126 1077 3183 commeabantin
1104 3126 1389 3180 Euxinum
1407 3125 1571 3180 missi
1594 3142 1728 3181 cum

138 3226 243 3267 auro
268 3214 438 3273 multo
463 3218 537 3272 ab
571 3216 909 3288 [EtbiOpum
948 3215 1229 3287 principe,
1263 3215 1359 3287 qui
1385 3214 1727 3287 Scytharum

2214 1858 2391 1926 ξαντο.
2425 1858 2529 1912 Καὶ
2561 1858 2627 1912 τὰ
2655 1860 2790 1913 κατὰ
2818 1860 2907 1913 τὸν
2941 1858 3146 1933 Νόγανζ

1932 1948 2010 2015 [Ρ.
2048 1949 2171 2019 119]
2202 1943 2376 2002 Ἀλλά
2405 1950 2569 2001 ταῦτα
2619 1948 2714 2020 μὲν
2762 1952 2840 2020 τῷ
2885 1953 3168 2022 κρατοῦντι
3217 1950 3503 2027 πεπρᾶχα-

1853 2056 1939 2090 ται
1974 2034 2195 2105 δοκήσει
2222 2040 2319 2090 τοῦ
2370 2036 2635 2090 συνοίσειν
2683 2042 2799 2099 τοῖς
2847 2038 3160 2114 ἡμετέροις,
3220 2042 3321 2096 Καὶ
3375 2043 3499 2096 ὅσον

1857 2127 1953 2196 μὲν
2013 2125 2087 2187 εἷς
2148 2124 2371 2199 εἰρήνην
2429 2125 2653 2180 ἀνυστὸν
2706 2126 2771 2194 ἦν
2830 2127 2894 2181 τὸ
2951 2129 3502 2205 πραγματευόμενον,

1852 2212 2039 2275 ἄλλως
2098 2211 2154 2269 δὲ
2211 2213 2298 2268 καὶ
2368 2214 2420 2277 ἐς
2481 2214 2734 2289 μέγιστον
2792 2215 3171 2287 ἐλυμήναντοο
3225 2223 3342 2281 ταῖς
3396 2220 3498 2295 γὰρ

1848 2302 2092 2377 συνεχέσι
2168 2300 2552 2375 μετακομίσεσι
2623 2308 2730 2357 τῶν
2813 2306 3063 2379 βορὲαθεν
3133 2309 3500 2381 μειρακίσκων

1846 2391 2061 2461 πλῆθος
2135 2391 2185 2447 ἐν
2258 2396 2433 2464 καιρῷ
2489 2393 2680 2446 συστὰν
2736 2395 3124 2467 στρατιωτικὸν
3184 2393 3384 2467 ηὔξησὲ
3440 2418 3497 2451 τε

1844 2482 1944 2548 τήν
1996 2479 2102 2535 τῶν
2165 2477 2445 2544 Αἰθιόπων
2480 2481 2806 2555 ὁρμὴν,καὶ
2868 2482 3000 2556 ὑπὲρ
3058 2482 3126 2536 τὰ
3182 2481 3498 2557 ἐσκαμμένα

1844 2567 2087 2640 ἐπήδων,
2140 2572 2215 2635 ὼς
2272 2568 2545 2634 πολλάκις
2598 2575 2678 2643 τῷ
2732 2572 2866 2624 κατὰ
2926 2577 3060 2649 σφᾶς
3104 2573 3337 2648 ἀσφαλεῖ
3368 2574 3497 2650 θαρ-

1848 2776 1902 2824 et
1933 2786 2080 2825 naso
2114 2772 2369 2825 tractum
2402 2786 2519 2825 non
2553 2769 2801 2825 invitum
2829 2774 3113 2841 sequatur
3144 2786 3496 2842 quocunque

1847 2859 2103 2915 duxeris.
2137 2860 2324 2913 Herba
2353 2858 2630 2914 vescitur:
2664 2860 2763 2913 sed
2798 2864 2856 2913 et
2887 2875 3096 2929 panem
3120 2863 3177 2913 et
3208 2858 3491 2916 hordeum

1843 2964 1957 3004 non
1992 2948 2190 3003 minus
2221 2964 2399 3020 quam
2431 2964 2566 3003 oves
2600 2946 2848 3002 libenter
2876 2946 3339 3017 gustat.lndoles
3369 2951 3490 3003 tra-

1841 3038 2072 3093 ctabilis
2103 3054 2207 3093 nec
2233 3036 2537 3092 iracunda.
2570 3036 2624 3090 Si
2654 3035 2794 3106 quid
2819 3036 3082 3090 otfendat
3113 3036 3271 3106 (nam
3308 3036 3487 3092 ferme

1840 3128 2238 3184 animantibus
2252 3131 2463 3181 natura
2476 3124 2951 3196 quibusinjurias
2968 3124 3311 3195 propulsent
3324 3140 3487 3180 arma

1840 3234 1955 3273 non
1989 3215 2261 3288 negavit),
2293 3214 2343 3269 si
2374 3214 2542 3284 quid,
2573 3212 2841 3285 inquam,
2863 3212 3145 3267 infestum
3171 3213 3481 3284 ingruerit,

136 3301 659 3361 adulescentulorum
685 3307 1006 3361 maximum
1030 3320 1244 3375 magna
1268 3305 1513 3377 pecunia
1544 3320 1729 3359 coem-
1760 3302 1802 3369 C
1843 3323 1956 3361 non
1991 3306 2046 3359 id
2080 3304 2238 3360 calce
2271 3308 2334 3358 ut
2356 3303 2514 3375 equi,
2546 3319 2661 3358 non
2686 3306 2750 3356 ut
2779 3302 2953 3357 boves
2985 3318 3188 3371 cornu,
3224 3317 3336 3370 quo
3383 3318 3482 3356 ca-

139 3395 266 3459 ptum
292 3410 603 3452 numerum
636 3395 749 3467 ipsi
782 3396 1183 3465 perducerent;
1209 3394 1361 3465 quod
1391 3410 1544 3465 saepe
1566 3394 1724 3448 iacti-

133 3482 279 3537 tatnm
308 3487 597 3554 novimus,
630 3500 700 3540 ex
729 3500 844 3554 quo
876 3482 1179 3538 blanditiis
1209 3484 1492 3538 donorum
1518 3483 1725 3538 delini-

134 3571 205 3623 tus
230 3570 522 3643 imperator
554 3590 690 3630 eam
721 3572 936 3645 aperiri
966 3578 1023 3629 et
1056 3577 1180 3629 tuto
1209 3573 1562 3645 frequentari
1602 3589 1725 3645 pcr-

136 3657 262 3714 misit
284 3660 447 3719 viam.

299 3750 343 3805 4.
377 3757 453 3807 De
482 3752 952 3824 camelopardali,
985 3752 1145 3824 quale
1174 3750 1389 3807 animal
1416 3750 1509 3808 sit.

182 3836 425 3896 Ceterum
458 3842 518 3897 in
554 3840 730 3896 donis
763 3842 868 3896 hac
898 3842 967 3896 de
998 3858 1177 3897 causa
1211 3841 1409 3896 missis
1465 3840 1724 3896 camelo-

135 3928 343 3993 pardalis
399 3931 508 3986 fuit
568 3930 789 3985 animal
848 3947 1047 3985 rarum
1078 3936 1135 3985 et
1184 3930 1474 3998 mirabile,
1506 3931 1577 3985 de
1609 3948 1724 4001 quo

135 4012 355 4081 pluscula
406 4018 503 4075 hic
563 4020 820 4090 sujicere
874 4018 1127 4087 decrevi,
1182 4024 1246 4073 ut
1289 4020 1388 4089 qui
1456 4019 1727 4074 viderunt

135 4107 461 4164 recordentur
519 4109 627 4181 qui
686 4124 798 4163 non
835 4107 1103 4163 viderunt
1158 4107 1407 4163 discant.
1444 4107 1625 4163 Moles
1672 4109 1723 4163 ei

131 4195 340 4264 corporis
384 4214 499 4253 non
530 4195 970 4268 magna,qualis
1003 4196 1183 4250 ferme
1216 4210 1564 4266 magnorum
1598 4195 1726 4250 asi-

131 4295 319 4353 norum,
350 4303 492 4357 quos
523 4285 851 4341 cantbones
881 4302 1177 4340 vocamus.
1222 4284 1378 4339 Pelle
1409 4284 1726 4340 obducitur

128 4369 420 4435 pardalibus
478 4372 687 4441 simili,
739 4373 936 4428 rubris
982 4374 1040 4427 in
1102 4372 1234 4427 albo
1279 4372 1533 4443 sparsim
1566 4389 1726 4427 com-

126 4465 302 4522 puncta
347 4463 626 4532 maculis,
675 4460 1105 4533 magnitudinis
1135 4478 1201 4516 ac
1232 4461 1433 4533 ﬁguras
1483 4478 1723 4533 squam—

129 4558 333 4604 marum.
369 4553 576 4608 Forma
604 4550 865 4623 corporis
896 4550 1149 4606 camelos
1180 4550 1468 4619 imitatur,
1502 4568 1535 4606 a
1562 4556 1725 4623 tergo

1833 3400 2065 3463 ret,non
2093 3394 2263 3449 dente
2294 3392 2681 3464 sanguinaria
2722 3398 2774 3447 et
2805 3390 3077 3459 terribili,
3102 3394 3164 3446 ut
3198 3389 3477 3461 apri,non

1833 3482 2131 3555 unguibus
2162 3487 2225 3537 ut
2254 3480 2541 3551 feles,sed
2575 3478 2735 3545 solis,
2772 3482 2937 3550 puto,
2972 3495 3086 3533 non
3120 3478 3306 3532 acutis
3337 3477 3478 3531 den-

1830 3572 1989 3628 tibus
2039 3572 2346 3628 ulciscitur
2376 3587 2479 3642 per
2508 3586 2744 3625 morsus
2767 3585 2882 3624 non
2915 3567 3311 3633 rabiosos,sed
3348 3583 3477 3622 mo-

1830 3665 2085 3730 deratos,
2114 3660 2491 3731 utintelligas
2523 3659 2677 3715 nolle
2708 3658 2902 3730 ipsum
2937 3657 3065 3714 aliis
3098 3656 3475 3721 nocere,satis

1831 3752 2051 3808 habens
2065 3755 2134 3807 ab
2160 3767 2287 3807 sese
2311 3750 2842 3821 quomodocumque
2866 3748 3210 3819 propulsare
3234 3760 3471 3799 noxam.

1829 3841 2028 3912 Neque
2057 3840 2143 3895 vis
2160 3840 2279 3895 ulla
2303 3837 2510 3893 veneni
2555 3837 2831 3892 dentibus
2856 3836 3058 3891 subest
3079 3836 3136 3890 in
3160 3833 3476 3906 perniciem

1830 3932 2034 3986 dentes
2091 3935 2303 3985 natura
2356 3944 2459 3999 pro
2520 3928 2700 3983 armis
2760 3926 2941 3981 dedit.
2978 3925 3120 3979 Talo
3155 3923 3476 3995 peregrinas

1830 4020 2030 4075 formse
2068 4018 2285 4074 animal
2303 4035 2370 4073 ex
2388 4015 2674 4087 Ethiopia
2689 4016 2759 4070 ad
2786 4015 3198 4083 imperatorem
3224 4012 3476 4067 missum

1830 4107 2229 4180 spectaculum
2261 4105 2791 4176 diuquotidianum
2822 4103 3230 4173 etjucundum
3258 4100 3477 4171 Byzan-

1829 4197 1970 4254 tinis
2001 4196 2270 4269 praebuit,
2303 4211 2405 4267 per
2437 4195 2565 4250 fora
2586 4196 2643 4249 et
2680 4192 2905 4265 plateas
2940 4192 3207 4247 ductum.

1828 4360 1883 4414 5.
1923 4360 1985 4416 Ut
2014 4358 2162 4413 aucti
2190 4356 2401 4413 viribus
2444 4353 2723 4484 Αὲἑὴἇορᾶδ
2756 4354 2816 4407 in
2843 4354 3012 4425 Syria
3052 4367 3167 4409 rem
3195 4351 3481 4422 gesserint,

2482 4443 2509 4482 e
2601 4444 2629 4480 ε
2711 4441 2829 4484 oaa.

2482 4441 2533 4482 et
2563 4441 2629 4481 ae
2658 4441 2829 4497 nega.

1911 4559 2045 4622 Quae
2077 4556 2401 4627 imperator
2422 4551 2756 4609 ostentabat
2775 4567 2841 4606 eo
2864 4547 3203 4617 consilio,ut
3230 4546 3485 4620 populus

124 4639 167 4686 et
193 4635 381 4697 femore
408 4643 479 4696 ad
514 4656 717 4697 armos
747 4655 983 4696 sursum
1018 4639 1308 4703 eminens,
1334 4640 1727 4696 anterioribus
1761 4682 1806 4747 ὓ
1839 4645 2163 4701 delectatus
2214 4645 2408 4699 fructu
2442 4642 2554 4697 isto
2585 4639 2891 4713 longinqui
2918 4637 3254 4694 commercii
3281 4653 3484 4708 pacem

125 4726 339 4747 ____.._,,
380 4730 392 4747 .
637 4731 675 4747 ,.
738 4746 745 4747 ί
842 4746 849 4747 ί
1586 4746 1595 4747 ,
1680 4746 1689 4747 ,
1877 4741 1885 4747 .
2032 4735 2160 4747 ...
2298 4734 2308 4743 .
2361 4734 2395 4747 ..
2704 4728 3272 4747 n..,,#__.__-._.-
3306 4728 3482 4747 μμ---

124 4726 349 4783 cruribus
380 4730 757 4803 longitudine
786 4746 901 4784 non
936 4729 1165 4785 modice
1186 4729 1605 4801 superantibus
1629 4746 1729 4801 po-

121 4815 576 4875 steriora.Collum
597 4823 661 4874 ut
678 4818 734 4873 in
760 4818 1006 4891 gruibus
1026 4817 1369 4889 longissime
1384 4822 1725 4890 protensum

124 4899 213 4955 alte
237 4903 289 4960 in
319 4908 593 4964 verticem
624 4907 887 4977 assurgit
925 4907 1227 4961 fastidiose
1270 4907 1728 4978 circumquaque

125 4988 517 5064 despectantem
536 4998 791 5069 quodam
807 4997 971 5067 quasi
987 4995 1303 5068 supercilio
1318 4996 1511 5050 ferinae
1528 5012 1727 5067 super-

124 5078 221 5136 biae.
271 5085 450 5159 Caput
482 5088 761 5160 exiguum
793 5104 826 5142 a
857 5084 1102 5143 camelis
1134 5087 1325 5157 figura
1359 5103 1476 5141 non
1506 5086 1726 5141 discre-

122 5181 252 5236 pans.
307 5175 524 5233 Venter
578 5177 770 5245 albus,
831 5192 864 5230 a
912 5176 1103 5247 capite
1165 5192 1267 5247 per
1296 5175 1455 5231 dorsi
1490 5175 1721 5247 spinam

123 5275 279 5332 usque
330 5268 398 5322 ad
455 5268 730 5333 caudam,
791 5283 919 5338 quae
952 5266 1185 5322 modica
1209 5271 1319 5334 est,
1372 5266 1527 5323 linea
1558 5266 1727 5340 nigra

122 5349 252 5406 velut
274 5356 336 5409 ad
369 5374 635 5412 normam
664 5355 981 5412 rectissime
1014 5356 1299 5428 producta
1329 5358 1726 5427 signatur.Pe-

117 5436 196 5493 des
226 5445 412 5501 tenues
443 5444 507 5499 in
533 5444 981 5500 similitudinem
1006 5445 1612 5513 cervinorum,fissisl
1630 5448 1724 5503 78

112 5530 155 5578 et
178 5527 283 5600 ipsi
310 5534 570 5605 ungulis.
605 5534 810 5606 Ipsum
843 5534 1065 5606 alioqui
1101 5535 1321 5591 animal
1347 5541 1724 5593 mansuetum

106 5628 155 5670 ac
202 5622 383 5694 cicur,
444 5628 516 5681 ut
562 5625 743 5681 etiam
803 5622 1131 5682 ludendum
1164 5642 1227 5683 se
1249 5626 1449 5698 pueris
1473 5629 1728 5699 praebeat

399 5744 657 5806 Panos.
703 5742 814 5805 Gn.
860 5743 1117 5807 CXLIII.

1838 4741 1896 4790 et
1926 4735 2262 4789 societatem
2295 4734 2501 4787 initam
2526 4747 2658 4785 cum
2683 4729 2949 4800 [Ethiope
2972 4732 3036 4782 ut
3058 4728 3274 4783 nostris
3305 4728 3484 4782 rebus

1839 4823 2042 4880 utilem
2097 4822 2391 4893 probaret.
2438 4821 2506 4875 Et
2558 4819 2769 4875 eratin
2802 4835 2870 4873 ea
2927 4817 3073 4873 forte
3116 4815 3486 4873 conducibile

1838 4912 2141 4984 quidpiam
2176 4910 2223 4965 si
2258 4909 2392 4981 quis
2442 4910 2501 4963 in
2536 4907 2842 4980 praesentis
2874 4923 2985 4962 usu
3036 4905 3487 4977 tranquillitatis

1837 5000 2241 5072 acquiesceret
2275 5015 2287 5054 :
2351 4998 2453 5053 scd
2491 4998 2591 5068 qui
2633 4997 2801 5068 longe
2831 4995 3166 5052 consuleret
3196 4995 3252 5049 in
3290 5000 3487 5065 poste-

1840 5105 2283 5161 rum,magnam
2314 5104 2559 5143 summas
2591 5103 2788 5142 rerum
2820 5091 2877 5141 et
2906 5084 3133 5141 nomini
3156 5084 3488 5138 Christiano

1838 5181 2030 5253 parari
2067 5178 2383 5252 perniciem
2417 5177 2529 5231 ista
2559 5177 2616 5231 in
2644 5176 2924 5230 barbaros
2954 5173 3324 5245 indulgentia
3354 5188 3487 5226 sen-

1838 5272 1989 5325 tiret.
2010 5266 2383 5341 Experientia
2400 5269 2555 5322 certe
2579 5264 2777 5320 docuit
2798 5267 2999 5320 auctos
3013 5263 3490 5318 etcorroboratos

1838 5358 2143 5430 fEtbiopas
2170 5357 2282 5412 isto
2305 5356 2490 5410 libere
2512 5370 2791 5411 concesso
2816 5358 3145 5409 commeatu
3172 5362 3487 5422 puerorum

1836 5466 1866 5506 e
1894 5446 2237 5503 borealibus
2268 5444 2580 5511 tractibus,
2616 5443 2716 5515 qui
2750 5442 2959 5498 deinde
2990 5440 3047 5495 in
3081 5438 3223 5495 cmlo
3269 5432 3485 5493 mitiori

1838 5541 1891 5595 al
1900 5540 2115 5593 ﬂuente
2130 5536 2315 5592 victus
2330 5533 2497 5607 copia
2515 5534 2572 5588 in
2590 5547 2751 5589 acres
2766 5530 3079 5587 bellatores
3092 5524 3491 5582 adolescerent

1839 5626 2243 5685 formidabiles
2275 5624 2558 5693 evasisse,
2584 5620 2936 5692 conscriptis
2966 5614 3313 5675 exercitibus
3344 5607 3491 5665 invi-

3090 5732 3171 5793 20
