4018 6198
406 281 514 337 619

1713 264 2013 323 GEORGII
2051 265 2513 320 PACHYMERE

3659 264 3749 323 620

412 406 635 482 ῥοῦντας
714 395 1040 473 ὑπερορίους
1113 392 1355 470 ἐκφέρειν
1432 387 1710 461 πολέμους
1779 386 1870 441 καὶ
1921 384 2055 440 κατὰ
2081 381 2136 447 Α
2166 386 2463 457 πεσόντων,
2493 389 2601 439 τῶν
2638 386 2733 456 μὲν
2765 382 3016 456 πολέμου
3046 383 3226 455 νόμῳ,
3255 387 3358 438 τῶν
3391 381 3447 440 δὶ
3486 385 3564 440 καὶ
3593 387 3749 453 ἄλλως

407 474 742 567 Χριστιανῶν
777 482 1142 560 ἀνδρίζεσθαι.
1195 484 1312 534 Τῶν
1361 479 1463 554 γὰρ
1522 474 1746 533 Ἰταλῶν
1799 477 1901 544 τήν
1956 478 2056 539 τῆς

409 564 611 655 Συρίας
671 575 886 645 ἀπάσης
947 570 1221 648 παραλίαν
1263 567 1605 642 κατεχόντων
1663 565 1752 620 καὶ
1799 564 2059 633 Φοινίκης

406 653 690 744 ἀρχόντων
741 665 830 720 καὶ
867 661 1036 732 αὐτῆς
1070 658 1409 733 Ἀντιοχείας
1454 657 1516 710 τὸ
1564 655 1761 730 κράτος
1795 653 2056 728 ἐχόντων,

409 750 958 832 διαμφισϐητούντων
1015 750 1058 806 δ’
1120 753 1170 822 ἐξ
1232 750 1525 824 ὑπερτέρας
1583 745 1774 819 ἰσχύος
1810 744 1900 797 καὶ
1948 746 2055 796 τῶν

407 855 510 919 τῆς
568 845 933 914 Παλαιστίνης
990 842 1172 897 τόπων
1233 840 1306 903 ὡς
1359 838 1649 912 ἁγιότητος
1695 831 1848 905 δόξαν
1899 831 2059 907 ἐχόν-

408 958 543 1008 των,
581 933 674 988 καὶ
729 932 879 1006 μάλα
909 929 1132 991 εἰκότως
1194 925 1285 982 διὰ
1312 927 1404 986 τὰς
1437 924 1608 979 ἐκεῖσε
1653 925 1750 976 τοῦ
1802 927 2061 994 Σωτῆρος

414 1019 694 1101 διατριϐὰς
749 1020 839 1076 καὶ
893 1021 963 1074 τὰ
1017 1027 1116 1088 τῆς
1168 1015 1489 1088 οἰκονομίας
1537 1011 1843 1087 τεραστικὰ,
1905 1007 2061 1062 αὐτοί

413 1135 477 1190 γε
530 1113 890 1188 θαρσήσαντες
934 1114 1053 1171 ταῖς
1102 1107 1162 1162 ἐκ
1205 1110 1312 1160 τῶν
1376 1105 1594 1158 Σκυθῶν
1653 1096 1938 1160 συστάσαις
1970 1095 2062 1151 δυ-

413 1189 659 1276 νάμεσιν,
705 1197 1009 1272 ἐξελθόντες
1060 1201 1231 1250 πᾶσαν
1282 1194 1492 1262 ἐκείνην
1543 1193 1642 1259 τήν
1701 1195 1802 1263 γῆν
1862 1189 2062 1244 Μυσῶν

413 1293 476 1346 τὸ
534 1291 834 1366 λεγόμενον
891 1285 1041 1342 λείαν
1102 1284 1338 1351 ἐποίουν,
1396 1279 1498 1343 ἕως
1557 1281 1648 1334 οὗν
1703 1279 1817 1332 κατ’
1876 1276 2061 1350 ὀλίγον

419 1377 562 1453 (οὐδὲ
608 1363 712 1453 γὰρ
770 1376 833 1443 ἦν
889 1380 1004 1437 τοῖς
1065 1373 1302 1434 Ἰταλοῖς
1355 1372 1491 1446 πρὸς
1523 1367 1718 1429 αὐτοὺς
1749 1363 2065 1428 σπένδεσθαι

417 1468 649 1544 ἐχθρούς
675 1488 735 1542 γε
774 1462 932 1526 ὄντας
982 1463 1074 1518 καὶ
1123 1461 1455 1536 λεγομένους
1508 1463 1606 1513 τοῦ
1658 1455 1846 1528 τιμίου
1908 1475 2066 1507 σταυ-

419 1543 537 1632 ροῦ)
585 1555 675 1611 καὶ
734 1554 910 1608 αὐτῶν
945 1550 1010 1620 δὴ
1042 1555 1151 1606 τῶν
1207 1551 1472 1626 μεγίστων
1503 1544 1716 1601 πόλεων
1776 1543 2066 1615 ἐξώσαντες

418 1645 582 1709 αὐτὰς
638 1644 713 1705 είς
763 1640 886 1701 ἕδος
939 1643 1292 1716 κατήρειψαν.
1349 1637 1451 1694 Καὶ
1505 1640 1594 1691 νῦν
1647 1639 1819 1689 κεῖται
1876 1633 1968 1706 μέν
2031 1633 2065 1701 ἠ

417 1735 718 1812 περιφανὴς
767 1731 1098 1805 Ἀντιόχεια,
1159 1733 1332 1784 κεῖται
1383 1725 1439 1782 δὲ
1486 1729 1520 1795 ἡ
1575 1724 1867 1798 Ἀπάμεια,
1908 1723 2068 1778 κατέ-

419 1822 650 1879 σκαπταί
680 1842 738 1876 τε
768 1821 946 1896 Τύρος
995 1819 1084 1874 καὶ
1115 1818 1384 1893 Βηρυτὸς,
1431 1816 1518 1871 καὶ
1573 1812 1748 1869 Σιδὼν
1805 1813 1872 1868 τὰ
1900 1813 2067 1885 ὅμοια

418 1915 641 1988 πάσχει.
690 1911 981 1985 Ἑτέρωθεν
1026 1905 1084 1962 δὲ
1131 1909 1316 1982 θρηνεῖ
1362 1903 1676 1961 Λαοδίκεια.
1720 1902 1977 1978 Τρίπολίς
2009 1923 2066 1956 τε

418 2003 507 2057 καὶ
561 1999 896 2072 Πτολεμαῒς,
947 1997 1014 2051 τὰ
1064 1995 1272 2071 μεγάλα
1325 1999 1432 2049 τῶν
1493 1991 1715 2049 Ἰταλῶν
1749 1989 1928 2063 ἄστεα,
1991 1991 2065 2052 ὡς

421 2088 539 2146 οὐδ’
593 2088 652 2144 ἂν
698 2091 832 2158 ἦσαν
866 2085 1196 2162 λογίζονται.
1255 2085 1356 2140 Καὶ
1387 2079 1455 2151 δὴ
1514 2081 1797 2154 Δαμασκὸς
1848 2083 1883 2150 ἡ
1934 2078 2068 2134 καλ-

421 2177 607 2250 λίστη,
654 2177 722 2232 τὰ
768 2175 901 2230 ποτὲ
946 2181 1044 2244 τῆς
1095 2169 1398 2246 Ῥωμαίδος
1431 2171 1555 2246 ὅρια
1582 2171 1699 2226 καθ’
1731 2169 1889 2241 έῲαν,
1922 2169 2070 2244 ἠφά-

419 2289 592 2323 νισται
620 2267 923 2331 παντελῶς,
972 2263 1061 2318 καὶ
1094 2260 1239 2324 δλως
1268 2259 1416 2330 πλὴν
1463 2265 1572 2314 τῶν
1613 2259 1688 2321 εἷς
1748 2258 2068 2333 Ἀρμενίους

419 2357 724 2413 τελούντων
759 2353 912 2410 οὐδὲν
957 2353 1066 2408 ὅτι
1121 2352 1445 2408 συνίσταται.
1501 2352 1562 2408 Ὀ
1614 2347 1672 2404 δὶ
1727 2347 2073 2423 παμπληθὴς

423 2445 644 2500 έκείνωῦ
719 2443 850 2505 λαὸς
919 2444 1202 2516 πανταχοῦ
1283 2447 1388 2516 γῆς
1460 2436 1720 2516 διεσπάρη
1791 2439 1914 2493 ἀνευ
1963 2443 2070 2494 τῶν

429 2651 537 2707 ctis
570 2667 585 2719 ;
621 2663 726 2704 nec
776 2647 899 2718 jam
933 2644 1146 2700 virium
1179 2642 1444 2700 conscios
1484 2658 1727 2698 suarum
1758 2657 1886 2698 sese
1919 2646 2075 2698 intra

429 2737 766 2796 cancellos!
782 2735 1027 2791 79olim
1061 2733 1206 2790 fixos
1219 2732 1480 2789 tenuisse
1497 2735 1818 2787 autsecura
1838 2748 2076 2802 posses-

430 2828 595 2885 sione
610 2825 976 2899 propriorum
991 2827 1294 2879 contentos
1307 2820 1461 2875 domi
1482 2818 2008 2891 acquievisse,veru
2020 2836 2075 2874 m

430 2933 606 2974 ausos
661 2929 972 2985 erumpere
1031 2928 1097 2966 ac
1155 2927 1306 2982 saepe
1353 2909 1506 2965 bella
1537 2909 1807 2965 ﬁnitimis
1837 2908 2075 2975 inferre,

430 3006 634 3077 sicque
692 3019 906 3075 magno
967 3000 1047 3056 rei
1099 2999 1440 3056 Christianae
1467 2999 1680 3053 damno
1715 2999 1930 3053 famam
1964 2998 2078 3054 sibi

431 3110 669 3169 parasse
726 3091 946 3149 bellica:
1005 3089 1262 3146 virtutis.
1325 3087 1485 3144 Italis
1516 3088 1673 3143 enim
1705 3104 1868 3143 oram
1900 3087 2077 3160 Syriis

2167 477 2320 549 νόμῳ
2378 480 2714 553 μαρτυρικῷ,
2769 476 2844 548 μή
2893 469 3348 548 καταδεχομένων
3403 477 3492 544 τὴν
3542 476 3753 552 ἄρνησιν,

2173 567 2266 621 Καὶ
2296 570 2460 619 ταῦτα
2513 565 2606 638 μὶν
2661 564 2939 618 Αἰθιόπων
2984 565 3046 618 τὸ
3106 565 3474 635 Χριστιανικὸν
3517 566 3753 624 ἆπώναντο

2163 660 2282 717 ταῖς
2340 653 2631 729 ἡμετέραις
2661 648 2950 715 ἀϐουλίαις
2995 652 3032 722 ἢ
3078 652 3386 715 κακονοίαις
3416 653 3450 723 ἢ
3480 653 3758 730 αὐτονόμοις

2169 742 2367 818 ὁρμαῖς
2416 743 2504 797 καὶ
2567 743 2792 818 ὀρέξεσι·
2853 744 3115 818 Τοχάρων
3177 739 3234 796 δὲ
3291 747 3385 797 τοῦ
3442 743 3648 817 θράσους
3688 748 3758 800 καὶ

2166 830 2244 886 ἔτι
2297 831 2588 906 ἁνέχομεν,
2643 831 2707 885 οὐ
2759 828 3047 903 δυνάμεσιν
3101 827 3328 904 οῧμενον
3379 835 3456 902 [Ρ.
3507 835 3618 906 120]
3659 835 3760 908 θαρ-

2167 920 2403 990 σαλέαις,
2463 921 2610 978 ἀλλὰ
2659 921 2906 1000 φιλικαῖς
2962 918 3060 977 εἶτ’
3107 923 3199 976 οὖν
3252 921 3524 985 δουλικαῖς
3570 924 3762 979 ὕπελεό·

2168 1033 2303 1083 σεσι,
2361 1009 2502 1081 κήδη
2561 1016 2848 1071 ποιοῦντες
2906 1013 2997 1065 καὶ
3056 1009 3494 1089 δωροφοροῦντες
3548 1015 3765 1088 συχνάκις

2166 1100 2232 1154 τὰ
2278 1098 2546 1154 κάλλιστά
2589 1121 2648 1155 τε
2695 1101 2783 1155 καὶ
2839 1101 3090 1176 μέγιστα,
3133 1101 3208 1162 ὡς
3253 1101 3344 1155 καὶ
3377 1098 3609 1176 δεότερον
3653 1103 3764 1158 ἄλλο

2172 1189 2306 1262 μετὰ
2325 1194 2490 1244 ταῦτα
2536 1190 2625 1244 καὶ
2657 1190 2882 1266 χρόνοις
2918 1190 3162 1265 ὑστέροις
3219 1191 3443 1260 συνέστη
3498 1191 3621 1264 πρὸς
3667 1193 3767 1254 τοὺς

2171 1277 2419 1341 δυτικοῦς
2448 1282 2750 1356 Τοχάρους,
2801 1281 2860 1334 έκ
2889 1293 3053 1344 ποθεν
3102 1280 3317 1357 ἀφανῶν
3363 1281 3660 1345 ἐπιστάντας
3697 1284 3768 1336 καὶ

2167 1368 2234 1422 τὰ
2288 1368 2437 1444 βόρει
2485 1370 2858 1444 κατασχόντας
2901 1372 3019 1444 μεθ’
3068 1367 3152 1424 ὅτι
3201 1369 3464 1425 πλείστου
3512 1368 3771 1443 δυνάμεως,

2173 1457 2530 1533 συνάλλαγμα
2559 1464 2639 1530 τῷ
2673 1461 2902 1534 ἄρχοντι
2947 1459 3156 1514 τούτων
3219 1467 3396 1535 Νογᾳ,
3430 1457 3656 1522 ἐνδόντος
3696 1465 3773 1514 τοῦ

2176 1547 2441 1622 βασιλέως
2517 1547 2700 1623 ἑτέραν
2758 1547 2926 1603 παῖδά
2981 1550 3038 1602 οἱ
3093 1547 3153 1604 έκ
3210 1549 3437 1604 σκοτίων
3495 1550 3772 1623 σπερμάτων

2171 1639 2593 1712 γεγεννημένην,
2645 1637 2996 1714 Εὐφροσύνην
3045 1637 3317 1710 τοῦνομα,
3363 1637 3414 1708 ἐξ
3444 1639 3515 1692 ὧν
3546 1633 3777 1692 συνέϐαινε

2177 1727 2310 1798 μετᾶ
2340 1725 2526 1802 φιλίας
2558 1725 2790 1791 ἐκείνους
2821 1725 2968 1802 ἔχειν
3011 1727 3043 1781 ἃ
3091 1725 3156 1796 δὴ
3207 1727 3777 1803 προσταλαιπωροῧντες

2173 1812 2406 1887 πολέμῳ
2441 1814 2601 1888 μόλις
2635 1815 2694 1869 ἂν
2723 1814 2984 1872 ἐκτῶντο.

2176 1924 2238 1988 ς’.
2271 1929 2456 1984 Ὅπως
2492 1924 2545 1977 αἱ
2574 1928 2721 1996 τρεῖς
2758 1921 3036 2000 βασιλίδες
3059 1920 3318 2000 ἀνδράσιν
3350 1924 3682 1998 ἡρμόσθησαν
3707 1923 3778 1977 καὶ

2881 1997 3118 2058 ὁποίοις.

2249 2086 2345 2155 Τῷ
2406 2084 2500 2156 μὲν
2544 2085 2633 2138 οὗν
2680 2083 2896 2159 βασιλεῖ
2927 2085 3059 2157 μετὰ
3088 2090 3259 2140 ταῦτα
3307 2083 3593 2161 διέγνωστο
3637 2082 3783 2140 ἀπαλ-

2179 2171 2418 2248 λαγῆναι
2460 2173 2548 2227 καὶ
2591 2177 2700 2228 τῶν
2750 2172 3046 2248 βασιλίδων
3077 2179 3186 2230 τῶν
3220 2175 3310 2229 καὶ
3357 2173 3681 2253 αὐταδέλφων
3707 2176 3784 2228 τοῦ

2180 2259 2374 2323 παιδὸς
2425 2259 2697 2331 Ἰωάννου,
2741 2259 3018 2316 δοκουσῶν
3069 2256 3218 2336 ἔχειν
3261 2262 3354 2317 καὶ
3389 2261 3590 2317 τούτων
3617 2263 3671 2315 τὸ

2185 2371 2278 2426 ρος
2333 2349 2612 2424 βασιλείας
2659 2348 2867 2426 κλῆρον
2927 2351 3033 2405 ἀπὸ
3089 2351 3323 2426 πατρός.
3381 2350 3480 2405 Καὶ
3535 2348 3618 2404 διὰ
3657 2353 3786 2404 τοῦτο

2191 2439 2325 2515 βαθύ
2373 2462 2425 2494 τι
2477 2444 2692 2494 σκοπῶν
2727 2438 2929 2504 ἐκεῖνος
2955 2443 3266 2514 Ῥωμαίους
3324 2440 3508 2505 αὐταῖς
3531 2440 3589 2496 οὐ
3632 2440 3789 2514 συνήρ-

2183 2642 2334 2698 bello
2386 2643 2717 2699 ceciderunt
2775 2649 2876 2699 aut
2923 2643 3252 2717 tyrannicis
3316 2643 3617 2700 tormentis
3669 2639 3786 2696 l80

2184 2732 2527 2790 Christianae
2586 2749 2766 2788 causa
2820 2733 2976 2800 ﬁdei,
3011 2733 3164 2804 quod
3192 2748 3325 2789 eam
3360 2734 3634 2803 abnegare
3657 2727 3783 2802 jussi

2185 2827 2497 2877 renuerent
2554 2821 2889 2892 consumpti
2947 2827 3107 2878 sunt.
3159 2828 3250 2878 En
3311 2823 3454 2894 quid
3500 2820 3785 2878 Christiana

2186 2910 2518 2982 respublica
2576 2910 2884 2981 profecerit
2940 2927 3009 2965 ex
3064 2913 3258 2968 auctis
3310 2912 3629 2982 Ethiopum
3673 2907 3782 2962 viri-

2187 2999 2297 3054 bus
2329 2999 2722 3069 imprudentia
2736 2999 2822 3055 vel
2837 3000 3034 3072 potius
3056 3001 3289 3056 malitia
3313 2997 3786 3069 nostra,consiliis-

2185 3105 2300 3160 que
2331 3088 2664 3145 ambitiosis
2693 3094 2749 3144 et
2773 3089 3011 3160 privatis
3045 3091 3338 3146 utilitates
3352 3092 3498 3146 bene
3521 3087 3785 3161 quantovis

434 3184 794 3250 maritimam
827 3181 1158 3237 universam
1186 3179 1612 3247 obtinentibus,
1644 3178 2070 3249 imperantibus
2102 3187 2146 3250 ς,
2185 3183 2411 3248 emptas
2441 3177 2749 3249 dispendio
2781 3178 3078 3235 arbitratis
3105 3178 3570 3250 cupiditatibus!
3603 3175 3788 3232 Tocha-

437 3275 617 3330 etiam
651 3270 959 3326 thniciaa
989 3275 1047 3324 et
1092 3268 1204 3338 ipsi
1237 3269 1475 3323 urbium
1507 3267 1646 3322 olim
1682 3266 1931 3339 principi
1962 3270 2083 3322 An-

437 3361 668 3418 tiochiae
727 3357 1192 3426 dominantibus,
1243 3361 1301 3411 et
1331 3355 1559 3410 eductis
1589 3354 1724 3410 inde
1755 3355 1966 3411 validis
1988 3373 2083 3411 co-

436 3451 550 3522 piis
568 3463 846 3519 prospere
867 3445 1118 3501 subinde
1140 3447 1360 3499 certare
1391 3443 1582 3499 solitis
1608 3443 1678 3498 de
1713 3443 2082 3514 possessione

437 3538 702 3594 locorum
733 3533 1052 3590 Palaestinas
1086 3531 1674 3603 antiquasanctitatis
1699 3532 1854 3588 fama
1875 3532 2080 3588 merito

439 3627 821 3699 inclytorum,
849 3624 1004 3695 quod
1040 3624 1097 3677 in
1126 3622 1198 3678 iis
1228 3625 1514 3687 versatus,
1576 3639 1788 3693 passus
1819 3626 1876 3678 et
1932 3622 2082 3678 mira

442 3723 717 3788 operatus
777 3712 947 3767 fuerit
998 3711 1152 3766 Deus
1185 3711 1372 3765 factus
1399 3709 1594 3778 homo,
1625 3710 1728 3778 illi,
1763 3712 1833 3765 de
1865 3711 2081 3781 quibus

442 3805 698 3878 agimus,
728 3801 1024 3872 Ethiopes
1073 3799 1202 3854 freti
1259 3799 1608 3854 exercitibus
1665 3800 2078 3870 exjuventute,

443 3899 506 3950 ut
537 3893 814 3961 diximus,
847 3889 1120 3964 Scythica
1148 3887 1434 3957 conﬂatis,
1469 3893 1843 3959 erumpentes
1873 3905 1904 3943 e
1953 3888 2079 3943 suis

437 3981 679 4038 latebris
713 3981 854 4036 istas
885 3977 1152 4050 regiones
1182 3977 1487 4032 universas
1527 3975 1971 4032 latrociniorum
2024 3979 2081 4030 et

437 4072 757 4143 praedatum
781 4083 1055 4139 campum
1085 4065 1436 4132 habuerunt,
1475 4067 1726 4120 ferentes
1758 4065 1876 4120 illic
1899 4081 2077 4137 agen-

433 4165 640 4232 tesque
695 4163 926 4228 cuncta,
985 4161 1042 4212 et
1087 4161 1368 4226 tanquam
1400 4155 1470 4211 de
1521 4155 1717 4227 Mysis,
1747 4157 1902 4228 quod
1962 4155 2077 4212 dici

433 4248 602 4317 solet,
635 4248 876 4320 impune
933 4243 1123 4317 spolia
1183 4248 1504 4315 reptantes,
1553 4243 1734 4300 donec
1789 4245 2075 4316 paulatim

432 4337 624 4408 (Italis
655 4335 1111 4392 abhorrentibus
1145 4333 1558 4388 afmderecum
1585 4333 1728 4404 ipsis
1750 4331 1957 4388 icendo
1983 4339 2076 4388 ut-

432 4434 562 4501 pote
617 4424 958 4483 venerandae
1013 4421 1202 4478 crucis
1234 4421 1562 4478 notissimis
1589 4425 1646 4476 et
1676 4421 2077 4493 implacabili-

429 4522 540 4574 bus
562 4511 1667 4587 hostibus),quoad,inquam,paulatim
1702 4517 1835 4583 post
1855 4513 2068 4584 ejectos
2098 4537 2144 4600 Β

427 4605 787 4663 Christianos
836 4619 867 4659 e
900 4601 1173 4658 maximis
1231 4600 1480 4657 urbibus
1529 4600 1685 4672 ipsas
1717 4601 1841 4657 solo
1873 4619 2065 4674 aequa-

427 4698 584 4750 runt.
617 4695 686 4748 Et
706 4709 865 4748 nunc
888 4692 1048 4761 jacet
1066 4691 1303 4761 quidem
1329 4689 1580 4745 illustris
1606 4689 1706 4746 illa
1731 4691 2060 4759 Antiochia,

416 4785 578 4854 jacet
633 4787 690 4838 et
717 4787 996 4852 Apamea.
1033 4783 1338 4834 Destructa
1368 4782 1457 4833 est
1488 4779 1676 4851 Tyrus
1707 4783 1764 4834 et
1793 4784 2057 4852 Berytus.

422 4873 602 4929 Sidon
661 4885 891 4942 quoque
926 4868 1142 4924 similia
1173 4868 1410 4938 patitur.
1445 4866 1575 4924 Alia
1606 4885 1674 4924 ex
1705 4873 1872 4940 parte
1904 4870 2063 4941 luget

421 4962 720 5018 Laodicea.
769 4956 1017 5030 Tripolis
1057 4961 1114 5012 et
1153 4955 1487 5025 Ptolemais,
1525 4974 1747 5030 magnae
1781 4958 2058 5014 Italorum

423 5051 692 5117 urbes,ac
716 5048 1080 5118 sinunquam
1103 5045 1374 5115 fuissent,
1404 5047 2057 5118 reputantur.Pulcher-

419 5141 572 5195 rima
616 5139 790 5195 etiam
823 5138 1163 5203 Damascus,
1199 5141 1485 5191 terminus
1516 5135 1653 5191 olim
1687 5139 1948 5192 Romanae
1984 5138 2056 5193 ad

415 5228 768 5288 Orientalem
801 5225 1338 5292 ditionis,funditus
1367 5241 1568 5280 eversa
1589 5229 1696 5280 est.
1719 5225 1783 5279 Et
1817 5227 2056 5282 omnino

415 5326 626 5394 praeter
654 5316 966 5390 vectigales
996 5314 1291 5371 Armeniis
1328 5314 1598 5386 regiones
1630 5312 1777 5368 nihil
1810 5314 1890 5368 ibi
1918 5317 2056 5372 sub-

411 5411 588 5467 sistit.
622 5405 1118 5465 Numerosissima
1144 5420 1277 5458 vero
1310 5401 1638 5475 provincias
1669 5401 1800 5459 illas
1826 5403 2053 5476 opimas

408 5498 791 5558 incolentium
838 5493 1156 5551 multitudo
1206 5509 1309 5564 per
1335 5508 1540 5548 omnes
1571 5492 1841 5564 dispersa
1875 5502 2053 5552 terras

405 5589 466 5645 in
521 5586 852 5643 miserrimo
904 5582 1091 5655 gemit
1137 5581 1359 5651 exsilio,
1413 5584 1623 5653 praeter
1669 5597 1770 5638 eos
1819 5583 1918 5656 qui
1952 5588 2054 5642 aut

2187 3284 2382 3322 rorum
2436 3284 2569 3323 vero
2640 3268 2700 3322 in
2756 3268 2951 3323 clades
3012 3267 3490 3325 Christianorum
3556 3265 3785 3321 ferociam

2188 3356 2378 3412 adhuc
2411 3357 2650 3428 quidem
2683 3361 2984 3428 utcunque
3014 3374 3360 3415 coercemus
3385 3375 3501 3414 non
3531 3368 3782 3414 armorum

2185 3445 2387 3518 utique
2411 3451 2566 3501 metu
2596 3449 2699 3500 aut
2729 3446 2953 3502 viribus
2987 3449 3226 3517 nostris,
3260 3448 3482 3519 quibus
3511 3461 3671 3517 quam
3699 3458 3785 3512 pa-

2186 3551 2316 3589 rum
2352 3535 2608 3591 fidamus
2640 3535 2750 3606 ipsi
2779 3541 3014 3604 norunt,
3048 3535 3149 3591 sed
3173 3536 3442 3608 precario
3469 3532 3786 3592 emendicata

2185 3623 2370 3692 gratia
2409 3622 2673 3691 illorum,
2703 3625 2846 3690 sive,
2879 3629 2944 3679 ut
2973 3641 3106 3680 vero
3137 3624 3428 3681 vocabulo
3481 3640 3596 3680 rem
3643 3626 3698 3675 ut
3720 3621 3788 3674 est

2185 3713 2586 3784 exprimamus
2609 3713 2918 3769 servilibus
2949 3713 3662 3785 obsequiis,afﬁnitatibus
3687 3707 3788 3764 illos

2187 3801 2626 3868 honorantes,et
2654 3802 2909 3857 ditantes
2934 3802 3104 3857 donis
3124 3803 3482 3859 creberrime
3501 3797 3786 3860 missitatis,

2184 3907 2362 3962 quam
2408 3891 2465 3945 in
2516 3907 2639 3945 rem
2689 3891 2912 3962 optima
2940 3895 2998 3946 et
3028 3891 3468 3963 pretiosissima
3498 3898 3781 3947 nostrorum

2185 3979 2736 4051 impendimus.Huc
2769 3980 3022 4051 pertinet
3053 3981 3210 4051 quod
3231 3981 3536 4052 aliquanto
3556 3975 3784 4051 posthaec

2184 4073 2449 4138 tempora
2481 4069 2667 4123 {cadus
2699 4068 2869 4124 inivit
2898 4069 3222 4141 imperator
3252 4087 3392 4125 cum
3415 4065 3678 4124 Tocharis
3700 4063 3784 4119 Oc-

2183 4158 2392 4224 ciduis,
2453 4175 2521 4213 ex
2549 4159 2710 4230 prius
2742 4159 2956 4229 ignotis
2991 4159 3234 4230 prodere
3267 4175 3334 4215 se
3384 4175 3452 4214 ac
3484 4158 3718 4232 proferre
3741 4152 3786 4205 in

2181 4247 2374 4304 lucem
2417 4247 2860 4318 incipientibus,
2892 4252 2950 4303 et
3006 4264 3136 4319 quae
3167 4248 3390 4304 nostris
3423 4247 3631 4302 ﬁnibus
3655 4261 3685 4299 a
3708 4244 3786 4295 Se-

2182 4338 2508 4410 ptentrione
2531 4336 2803 4407 objacent
2834 4337 2885 4390 vi
2913 4337 3168 4393 maxima
3199 4335 3787 4410 occupantibus.Quo-

2183 4444 2312 4480 rum
2347 4426 2595 4496 principi
2627 4430 2790 4497 Noga
2819 4425 2973 4482 dicto
3005 4426 3329 4498 imperator
3359 4425 3533 4482 aliam
3565 4437 3713 4478 suam
3733 4418 3787 4470 li-

2183 4515 2342 4584 liam,
2392 4519 2449 4570 et
2477 4515 2663 4585 ipsam
2713 4532 2782 4570 ex
2813 4514 3016 4586 pellice
3047 4516 3335 4587 genitam,
3367 4515 3528 4571 dedit
3559 4523 3782 4569 uxorem,

2177 4603 2617 4675 Euphrosynem
2669 4604 2925 4659 nomine.
2991 4603 3152 4660 Unde
3201 4605 3454 4676 contigit
3481 4603 3631 4674 ipsos
3659 4596 3782 4652 uler

2167 4710 2200 4747 a
2233 4691 2400 4748 nobis
2459 4692 2729 4748 amicitias
2785 4692 3021 4748 nomine
3065 4694 3404 4750 condonata
3439 4693 3652 4748 auferre
3679 4699 3780 4757 qua

2172 4781 2411 4853 ancipiti
2435 4787 2490 4836 et
2513 4782 2805 4838 laborioso
2829 4782 2979 4838 bello
2998 4783 3090 4836 vix
3105 4798 3373 4854 unquam
3403 4781 3686 4852 acquirere
3704 4788 3783 4846 po-

2172 4871 2452 4927 tuissent.

2166 5016 2219 5069 6.
2284 5016 2346 5072 Ut
2379 5019 2486 5071 tres
2541 5014 2753 5084 reginae
2809 5014 3035 5071 tradita
3063 5015 3216 5082 viris,
3268 5019 3320 5070 et
3356 5016 3551 5086 quibus
3576 5006 3772 5082 fuerint-

2241 5139 2374 5194 Post
2398 5139 2520 5194 haec
2577 5139 2831 5195 decrevit
2889 5140 3171 5210 imperato
3229 5155 3504 5196 amovere
3539 5156 3569 5192 a
3605 5150 3659 5191 se
3687 5137 3779 5186 tres

2168 5229 2401 5299 reginas
2425 5229 2589 5300 pueri
2613 5228 2858 5284 Joannis
2872 5245 3100 5285 sorores
3115 5245 3455 5300 germanas,
3479 5243 3601 5301 quze
3620 5216 3773 5279 videri

2167 5323 2434 5389 poterant
2468 5322 2688 5389 partem
2721 5319 3159 5390 aliquamjuris
3192 5319 3262 5373 ad
3299 5317 3606 5390 imperium
3637 5330 3664 5368 a
3690 5324 3777 5382 ρι’

2163 5411 2250 5462 tre
2306 5407 2559 5463 trahere.
2593 5408 2782 5472 Quare
2839 5409 3162 5463 cavendum
3203 5408 3385 5462 etiam
3419 5412 3588 5479 atque
3618 5401 3764 5458 etiam

2165 5496 2388 5568 putavit
2445 5515 2515 5552 ne
2549 5497 2622 5553 iis
2654 5497 2904 5553 Romani
2935 5497 3214 5569 conjuges
3245 5497 3551 5560 darentur,
3587 5509 3649 5548 ne
3674 5502 3766 5560 qua

2163 5586 2299 5642 inde
2323 5586 2600 5658 cuiquam
2628 5585 2823 5644 otferri
2849 5603 3047 5644 rerum
3069 5601 3357 5643 novarum
3393 5581 3777 5641 moliendarum
