4018 6198
289 333 390 387 621

1358 339 1454 392 DE
1492 336 1865 392 MICHAELE
1903 335 2329 393 PALEOLOGO
2367 337 2501 392 LIB.
2536 342 2637 393 III.

3601 340 3717 394 622

298 478 483 530 μοττε.
516 459 626 526 Τὴν
660 458 755 531 μὲν
786 460 886 535 γάρ
919 464 997 532 τῷ
1026 459 1133 514 ἀπὸ
1166 464 1263 514 τοῦ
1313 460 1531 537 Μορέου
1582 460 1789 537 εὐγενεῖ
1836 468 1943 515 Λα·
1976 462 2032 529 Α
2063 459 2232 523 λικῶς
2283 462 2453 515 πάντα
2508 482 2713 535 τροπον
2773 460 2963 535 ἐπείρα
3018 469 3118 532 τῆς
3168 463 3522 541 σωφροσύνης
3551 486 3707 541 περι-

289 547 423 619 τίνῳ
450 544 616 619 Μαΐῳ
650 542 1059 623 Διϐελικούρτῳ
1092 546 1377 623 λεγομένῳ
1408 558 1637 625 συνῆγεν
1670 550 1746 612 εἷς
1781 550 1951 625 λέχος

290 634 533 690 ἐντεῦθεν
593 635 1119 708 ἐνδημήσαντι,τὴν
1177 636 1232 692 δὲ
1284 637 1532 713 δευτέραν
1586 640 1798 711 Λατίνῳ
1853 659 1949 710 με-

286 731 526 797 γιστᾶνι,
586 726 646 779 ’ὀν
702 724 761 779 ἂν
820 726 1011 780 ἐκεῖνος
1067 732 1217 804 φαῖεν
1295 727 1647 801 σεμνύνοντες
1734 723 1947 795 κύντον,

289 810 471 887 ὄνομα
532 812 873 887 Βιντιμίλια,
928 815 1034 869 ἀπὸ
1094 816 1352 878 Γεννούας
1410 816 1531 871 τότε
1588 814 1947 888 προσελθόντι

289 904 429 957 κατά
459 907 652 980 φήμην
698 909 778 976 τῷ
832 904 1067 979 βασιλεῖ,
1104 904 1181 967 εἷς
1231 907 1407 979 γάμον
1470 903 1657 967 ἐκδοὺς
1700 905 1789 959 καὶ
1842 903 1947 958 δώ-

290 1012 414 1066 ροις
455 993 525 1047 τὰ
576 993 759 1048 εἰκότα
804 993 1357 1071 φιλοφρονησάμενος
1386 995 1705 1067 ἀποπέμπει
1756 994 1950 1067 σύναμ’

288 1082 470 1157 ἐκείνῃ
503 1082 742 1157 συζύγῳ,
775 1085 874 1153 τήν
910 1081 967 1138 δὲ
994 1084 1181 1159 τρίτην
1218 1083 1520 1159 Βουλγάρῳ
1569 1090 1649 1157 τῷ
1699 1092 1950 1161 Σφεντισο

284 1167 484 1244 θλάὸῳ
536 1175 673 1226 κατά
719 1172 929 1228 Μυσίαν
980 1177 1089 1227 τῶν
1142 1174 1277 1227 κατά
1333 1174 1421 1227 τὸν
1482 1176 1657 1246 Αἶμον
1723 1172 1947 1247 ὀρεινῶν

282 1258 522 1335 ἄρχοντι
583 1259 796 1317 δίδωσι.
834 1260 937 1316 Καὶ
1001 1260 1175 1321 οὕτως
1226 1261 1441 1321 ἐκείνων
1492 1262 1826 1337 ἀπαλλαγεὶς
1857 1262 1948 1316 καὶ

282 1356 400 1404 τῶν
433 1348 736 1427 φροντίδων
763 1349 989 1404 τῶνέπῖ
1048 1350 1269 1412 ταύταις
1320 1349 1504 1427 ῥαΐσας
1561 1352 1766 1423 ἑτέραις
1811 1350 1946 1425 πρά-

278 1440 425 1509 ξεσιν
460 1433 842 1494 ἐπιϐάλλεται.

432 1582 497 1649 ζ’.
529 1580 605 1635 Τὰ
631 1580 767 1635 κατά
795 1581 892 1650 τήν
927 1579 1211 1637 δέσποιναν
1244 1581 1548 1654 Ἀλαμάνακ
1585 1582 1801 1638 Ἀνναν.

355 1708 448 1776 [Ρ.
514 1705 639 1777 121]
698 1705 894 1769 Φθάνει
958 1706 1052 1778 μὲν
1134 1705 1223 1759 οὖν
1293 1710 1372 1777 τῷ
1444 1707 1579 1781 πρὸς
1633 1706 1945 1780 Ἀλαμάναν

276 1801 513 1861 ⁸³Ανναν,
550 1796 613 1862 ἣν
674 1798 1025 1849 συνοικοῦσαν
1078 1796 1161 1849 ἐπ’
1193 1794 1375 1869 ὀλίγον
1410 1796 1551 1869 εἶχεν
1602 1798 1628 1850 6
1677 1801 1772 1850 τοῦ
1834 1799 1945 1852 Λά-

280 1903 449 1956 σκαρι
497 1884 682 1958 πατὴρ
734 1884 989 1953 Ἰωάννης
1036 1883 1086 1938 ἐν
1140 1883 1354 1959 ἐσχάτῳ
1400 1886 1565 1959 γήρᾳ,
1601 1883 1940 1961 Φρεδερίχου

272 1978 381 2027 τοῖ’)
435 1980 539 2041 τῆς
602 1971 857 2036 Σικελίας
910 1975 1180 2047 ἄρχοντος
1240 1970 1430 2044 παῖδα,
1490 1978 1586 2027 τοῦ
1656 1976 1844 2048 Μαφρὲ
1898 1972 1945 2029 δ’

274 2059 557 2138 ἀδελφὴν,
590 2064 652 2131 ἣν
709 2058 775 2131 δὴ
821 2063 908 2116 καὶ
973 2061 1033 2116 ἐκ
1082 2057 1369 2136 πρεσϐείας
1399 2061 1662 2127 ἐλθοῦσαν
1722 2066 1943 2118 ταινιώ-

286 2171 388 2211 σας
425 2153 453 2205 6
478 2148 753 2220 δηλωθεὶς
788 2149 1040 2225 βασιλεὺς
1072 2152 1327 2221 Ἰωάννης
1376 2150 1685 2227 Αύγούσταν
1732 2150 1943 2216 δεικνὺς

284 2239 542 2294 σύνοικον
597 2240 714 2314 εἶχε
759 2240 850 2295 καὶ
901 2236 1136 2316 ἔστεργε,
1167 2273 1236 2282 -
1277 2245 1357 2312 τῷ
1405 2245 1534 2314 γοῦν
1586 2242 1722 2317 πρὸς
1775 2243 1940 2312 αὐτὴν

284 2326 458 2403 ἔρωτι
492 2329 521 2382 ὁ
558 2328 813 2404 βασιλεὺς
863 2328 1100 2402 Μιχαὴλ
1150 2329 1317 2391 ἀλοὺς
1365 2328 1416 2383 ἐν
1459 2328 1694 2407 ἀσφαλεῖ
1727 2331 1822 2403 μὶν
1871 2334 1942 2387 εἶ-

282 2436 387 2492 χεν
419 2417 500 2493 ἐφ’
534 2416 579 2490 ᾧ
629 2418 776 2495 τάχα
835 2418 911 2490 μὴ
966 2415 1263 2493 ἀποδρᾶναι
1308 2418 1445 2494 πρὸς
1499 2418 1625 2481 τοὺς
1682 2419 1943 2495 οἰκείους,

282 2436 387 2492 ’χεν
419 2436 493 2493 εφ
534 2440 579 2490 ῳ
629 2436 776 2471 τα“α
835 2439 911 2490 μη
966 2436 1263 2493 αποοραναι
1308 2436 1445 2494 προς
1499 2440 1625 2481 τους
1682 2436 1942 2495 οἰκείους,

279 2506 446 2578 ὅμως
507 2503 553 2560 δ’
616 2436 796 2580 suam
868 2512 1118 2580 προνοῶν
1200 2512 1308 2562 τῶν
1382 2505 1703 2579 ἐπιτηδείων
1790 2511 1942 2584 βασι-

273 2708 483 2777 posset
513 2703 741 2760 occasio
771 2708 828 2759 et
857 2704 993 2760 oriri
1021 2705 1383 2776 perturbatio
1415 2706 1527 2761 sibi
1579 2707 1935 2780 familiaeque

271 2811 436 2850 surae
456 2795 807 2866 periculosa.
826 2795 1009 2867 Igitur
1023 2813 1196 2851 unam
1217 2797 1450 2867 quidem
1468 2797 1732 2870 ipsarum
1748 2797 1932 2854 nobili

275 2885 490 2939 Latino
524 2885 673 2940 Maio
705 2886 776 2939 de
808 2885 1111 2941 Bellicurto
1144 2886 1289 2940 181
1338 2892 1699 2959 nuncupato,
1734 2887 1832 2958 qui
1865 2904 1932 2943 ex

274 2972 501 3038 Moreo,
537 2974 693 3028 unde
722 2978 884 3029 ortus
915 2978 1060 3040 erat,
1087 2975 1651 3046 Constantinopolim
1681 2978 1932 3032 advene-

274 3065 389 3127 rat,
421 3062 801 3117 matrimonio
858 3063 1202 3132 conjunxit;
1237 3062 1482 3119 alteram
1535 3064 1739 3120 Latino
1794 3066 1933 3120 item

276 3151 618 3222 megistani,
645 3168 819 3222 quem
845 3152 935 3206 sui
962 3152 1387 3223 perhonoriﬁca
1413 3153 1563 3222 apud
1588 3152 1749 3223 ipsos
1766 3170 1933 3207 voca-

276 3237 423 3293 bulo
452 3244 689 3293 contum
733 3238 1126 3310 appellabant,
1162 3240 1399 3296 nomine
1450 3240 1799 3307 Vintimilia,
1834 3244 1936 3312 qui

2055 550 2317 624 γενέσθαι.
2372 551 2461 613 Ὠς
2518 548 2565 604 δ’
2626 550 2724 605 οὐκ
2772 548 2950 614 ἔπειθε
3027 548 3215 606 πολλά
3290 554 3543 626 πράττων
3620 556 3707 609 καὶ

2058 636 2398 711 δεξιούμενος
2457 637 2624 711 (μηδὲ
2702 642 2803 716 γάρ
2884 639 2942 694 ἂν
3007 643 3175 695 καλὸν
3237 642 3369 695 εἶναι
3428 641 3463 710 ἢ
3519 641 3710 717 εὐπρε-

2056 728 2151 789 πὲς
2243 724 2510 803 βασιλέως
2585 728 2887 784 ἀκούσασαν
2972 727 3221 803 δάμαρτα
3269 750 3280 762 ·
3346 730 3487 785 οὕτω
3554 733 3708 808 μεγί-

2057 838 2184 871 στου
2257 817 2345 871 καὶ
2429 813 2662 894 φοϐεροῦ
2739 817 2788 871 ἐν
2855 818 3059 892 ὑστέρῳ
3114 820 3174 873 τὸ
3233 818 3399 893 λέχος
3454 820 3707 896 αἶσχῦναι

2054 907 2143 960 καὶ
2201 910 2278 978 τῷ
2336 904 2540 979 δούλῳ,
2594 907 2639 961 εἰ
2700 907 2787 960 καὶ
2855 906 3137 980 βασιλεύοι
3194 911 3309 975 νῦν,
3366 907 3703 965 παλλακεύε-

2056 998 2176 1049 σθαι
2251 995 2511 1071 μεγίστην
2591 994 2749 1050 οὖσαν
2836 995 2895 1051 ἐκ
2984 998 3297 1072 μεγίστων),
3357 996 3522 1053 ἄλλον
3588 1000 3706 1054 τινὰ

2053 1084 2253 1159 τρόπον
2324 1082 2464 1158 ἔγνω
2537 1085 2845 1160 θεραπεύειν
2918 1085 3008 1140 τὸν
3060 1090 3420 1159 τυραννοῦντα
3481 1088 3702 1159 μανικὸν

2054 1172 2248 1248 ἔρωτα.
2282 1174 2383 1230 Καὶ
2433 1172 2500 1243 δὴ
2558 1174 2693 1247 αὐτῇ
2755 1175 2847 1246 μὲν
2910 1174 3178 1249 ὑπέσχετο
3232 1175 3404 1246 ἐαυτῷ
3462 1177 3705 1232 συνοικί-

2057 1269 2162 1331 ζειν
2210 1262 2285 1325 εἷς
2329 1263 2503 1338 γάμον
2558 1261 2755 1340 ἀφέντα
2798 1264 2895 1331 τὴν
2949 1264 3160 1332 ἑαυτοῦ,
3193 1262 3339 1332 πλὴν
3389 1262 3473 1318 ἐπὶ
3509 1262 3705 1319 δοκού-

2056 1373 2171 1414 σαις
2229 1351 2481 1427 εὐλόγοις
2540 1358 2895 1430 προφάσεσιν,
2958 1351 3019 1413 ἃς
3077 1351 3168 1405 καὶ
3246 1349 3559 1427 προύτεινεν
3619 1352 3706 1407 ἐπὶ

2054 1440 2303 1508 πολλῶν,
2337 1440 2513 1510 καλὴν
2566 1442 2661 1514 μὲν
2721 1443 2854 1496 εἶναι
2904 1442 3001 1509 τήν
3059 1439 3346 1515 Θεοδώραν
3380 1441 3546 1514 (οὕτω
3601 1445 3704 1517 γὰρ

2055 1530 2369 1604 ὠνομάζετο
2399 1534 2434 1600 ἡ
2469 1530 2781 1605 Αύγούστα)
2812 1530 2900 1585 καὶ
2951 1531 3139 1604 γένους
3171 1530 3320 1601 ἀξίου
3359 1530 3555 1586 τούτου
3605 1533 3703 1607 βα-

2056 1619 2294 1689 σιλικοῦ,
2347 1620 2436 1674 καὶ
2503 1616 2672 1691 μηδὲν
2733 1615 2880 1693 ἔχεις
2946 1619 3286 1674 ἐπαιτιᾶσθαι
3335 1622 3369 1689 ἢ
3424 1619 3612 1694 γένους
3667 1623 3702 1691 ἢ

2055 1709 2410 1785 σωφροσύνης
2466 1708 2687 1784 τρόπων
2746 1702 3244 1783 παραϐεϐασμὲνων
3276 1710 3311 1777 ἢ
3343 1712 3439 1762 τοῦ
3496 1710 3570 1781 μὴ
3614 1709 3703 1786 φί-

1974 1795 2291 1890 Βλανδρον
2360 1798 2491 1852 εἶναι
2560 1796 2650 1851 καί
2710 1798 2762 1851 οἱ
2816 1796 2964 1867 ἀξίαν
3042 1791 3484 1868 συμϐασιλεύειν.
3539 1796 3701 1852 Ἀλλ’

2053 1888 2337 1963 ἀναγκαῖον
2398 1887 2533 1941 εἶναι
2609 1888 2826 1948 πάντως
2904 1884 3362 1963 εύφυλακτότερον
3417 1885 3506 1939 καὶ
3564 1888 3698 1960 πρὸς

2051 1979 2177 2041 τοὺς
2224 1976 2455 2052 ἐχθροὺς
2502 1972 2649 2051 ἔχειν
2697 1976 2783 2032 ἐπὶ
2823 1979 2920 2045 τῆς
2950 1975 3164 2039 πόλεως
3198 1974 3375 2043 ὄντας,
3408 1978 3473 2045 ἧς
3532 1975 3696 2039 πολις

2056 2068 2148 2141 μὲν
2202 2069 2229 2122 6
2280 2064 2449 2136 ζῆλος
2500 2067 2796 2141 ἀναγκαῖος
2856 2063 2901 2120 δ’
2952 2067 2979 2119 ὁ
3030 2064 3302 2137 κίνδυνος,
3335 2064 3431 2119 οὐκ
3488 2064 3695 2138 ὀλίγων

2052 2156 2357 2235 ἐπεισφρεῖν
2409 2154 2674 2230 ἐχόντων,
2707 2156 2797 2209 καὶ
2846 2156 2995 2209 ταῦτ’
3024 2152 3252 2208 Ἰταλῶν
3299 2159 3405 2207 τῶν
3455 2153 3696 2231 ἐχόντων

2051 2246 2339 2321 πρότερον,
2396 2243 2904 2320 παρακεκνισμένων
2958 2243 3049 2298 καὶ
3107 2241 3295 2307 ἄλλως
3371 2244 3446 2305 εἷς
3510 2251 3696 2316 μῆνιν,

2052 2336 2133 2390 ὅτι
2193 2333 2412 2411 ἔχοντες
2487 2334 2856 2411 ἀφῃρέθησαν.
2919 2332 3021 2389 Καὶ
3079 2338 3171 2386 νῦν
3239 2334 3699 2409 παρακινηθέντας

2053 2423 2248 2480 στόλον
2318 2422 2606 2479 ἀκούεσθαι
2683 2417 2915 2499 φοϐερὸν
2991 2420 3354 2496 ἐξαρτύεσθαι,
3414 2420 3608 2483 αὐτοὺς
3654 2418 3701 2474 δ’

2050 2514 2317 2569 ἀντωπεῖν
2397 2514 2597 2587 ὁρμαῖς
2673 2511 2950 2574 τοιαύταις
3032 2512 3109 2583 μή
3170 2507 3317 2585 ἔχειν
3353 2531 3365 2544 ·
3419 2507 3541 2566 οὔτι
3593 2512 3699 2585 γὰρ

2041 2727 2165 2767 sam
2200 2710 2485 2766 hactenus
2518 2710 2735 2765 famam
2765 2712 3080 2775 transacta,
3111 2708 3344 2764 viduam
3372 2709 3608 2764 maximi
3642 2714 3701 2764 et

2044 2799 2437 2870 potentissimi
2465 2800 2618 2855 182
2640 2798 3032 2870 imperatoris,
3053 2798 3455 2854 contaminare
3481 2799 3696 2853 lectum

2043 2892 2171 2962 ejus
2203 2895 2260 2946 et
2288 2889 2597 2962 augustale
2628 2891 2809 2945 decus
2833 2906 2963 2944 cum
2990 2887 3208 2943 illustri
3238 2887 3523 2943 memoria
3545 2887 3698 2943 tanti

2050 2980 2319 3051 conjugis
2339 2979 2661 3034 foedissimo
2680 2977 2951 3049 pellicatu
2976 2976 3304 3048 proﬂigare,
3331 2976 3697 3047 subjiciendo

2044 3082 2172 3120 sese
2203 3065 2356 3135 turpi
2390 3064 2621 3118 libidini
2656 3063 2807 3118 servi
2839 3063 2975 3117 olim
3027 3064 3155 3133 ejus
3196 3079 3263 3119 ac
3293 3063 3535 3129 subditi,
3568 3062 3702 3117 licet
3776 3134 3779 3135 ν

2044 3153 2217 3208 hodie
2248 3153 2317 3207 ad
2354 3152 2668 3224 imperium
2691 3151 2891 3206 evecti.
2916 3152 3095 3221 Cujus
3118 3151 3521 3207 honestissimi
3545 3142 3703 3207 certa

2044 3242 2345 3314 proposita
2370 3258 2502 3297 cum
2526 3245 2725 3296 tamen
2752 3240 3072 3311 prudenter
3092 3246 3393 3296 vereretur
3413 3257 3695 3311 quorsum

273 3333 422 3382 tunc
456 3328 671 3383 famam
704 3333 941 3383 secutus
971 3345 1038 3383 ex
1068 3329 1211 3384 urbe
1241 3331 1439 3385 Genua
1462 3331 1531 3385 ad
1566 3330 1933 3402 imperatoris
1966 3357 2007 3425 Ο
2050 3347 2215 3385 amor
2240 3330 2532 3402 impotens
2563 3330 2856 3401 desperati
2883 3345 3191 3385 successus
3223 3329 3391 3385 furiis
3420 3328 3698 3384 incensus

269 3416 625 3472 comitatum
652 3422 995 3485 accesserat,
1031 3434 1270 3473 uxorem
1299 3419 1480 3488 dedit,
1514 3423 1571 3473 et
1602 3420 1773 3473 donis
1799 3435 1930 3474 eum

274 3505 616 3576 magniﬁcis
642 3505 993 3561 honoratum
1019 3505 1075 3560 in
1102 3506 1347 3577 patriam
1378 3523 1508 3561 cum
1536 3525 1683 3562 nova
1706 3508 1936 3563 remisit

274 3595 556 3665 conjuge.
574 3596 828 3649 Tertiam
854 3594 1416 3666 collocavitBulgaro
1434 3596 1933 3667 Sphentisthlabo,

274 3690 575 3739 montana:
609 3684 763 3739 circa
789 3688 1054 3739 Hmmum
1086 3683 1416 3754 regionisin
1449 3684 1629 3755 Mysia
1660 3684 1931 3755 principi.

272 3774 492 3845 Sicque
526 3773 618 3827 his
646 3772 1005 3843 imperatorii
1060 3773 1291 3844 generis
1348 3772 1692 3828 mulieribus
1735 3774 1935 3845 procul

277 3862 644 3931 amendatis,
687 3860 917 3917 solutus
950 3878 1017 3938 ea
1049 3866 1212 3933 parte
1237 3878 1531 3928 curarum,
1576 3862 1707 3917 aliis
1732 3880 1834 3933 pro
1852 3881 1937 3918 ar-

277 3951 461 4006 bitrio
494 3951 769 4021 gerendis
794 3952 918 4022 jam
953 3952 1310 4007 securiorem
1333 3952 1617 4023 applicuit
1646 3953 1934 4010 animum.

623 4095 679 4150 7.
716 4094 789 4148 De
818 4093 1041 4149 domina
1071 4097 1229 4149 Anna
1258 4096 1597 4150 Alamanna.

350 4225 507 4276 Ante
538 4218 738 4275 omnia
760 4218 1209 4274 memorandum
1237 4222 1324 4272 est
1346 4219 1487 4289 quid
1514 4220 1582 4274 (le
1611 4222 1777 4275 Anna
1811 4220 1936 4276 Ala-

281 4326 506 4366 manna
519 4307 845 4364 tentaverit.
867 4308 1071 4363 Fuerat
1088 4308 1208 4363 hanc
1222 4308 1429 4379 exiguo
1445 4314 1705 4380 tempore
1727 4312 1938 4381 conjux

276 4400 532 4456 Joannis
561 4396 833 4468 Augusti,
867 4397 1049 4469 patris
1109 4397 1392 4452 Theodori
1447 4398 1736 4467 Lascaris,
1770 4400 1840 4453 ab
1871 4416 1936 4455 eo

278 4490 459 4545 ducta
492 4487 552 4541 in
587 4491 844 4542 extremo
876 4486 1060 4551 senio,
1086 4485 1364 4541 Friderici
1385 4486 1590 4541 Siciliae
1619 4487 1771 4559 regis
1796 4487 1934 4558 ﬁlia,

282 4576 573 4635 Manfredi
606 4592 791 4641 soror,
823 4592 999 4648 quam
1033 4592 1066 4630 a
1094 4574 1303 4647 legatis
1356 4576 1427 4630 ad
1477 4592 1600 4631 eam
1637 4593 1937 4633 accersen-

282 4669 416 4723 dam
452 4665 658 4721 missis
692 4665 1002 4720 deductam
1030 4668 1086 4719 et
1111 4664 1380 4735 solemni,
1408 4666 1798 4721 coronationis
1821 4668 1936 4722 ritu

2046 3420 2104 3473 in
2137 3420 2443 3489 tyrannica
2501 3418 2740 3476 licentia
2774 3422 2973 3490 posset
3018 3432 3345 3490 erumpere,
3408 3418 3694 3489 optimum

2040 3510 2192 3563 factu
2244 3508 2469 3579 putavit
2500 3509 2649 3562 hanc
2682 3506 3027 3563 deliniendaa
3070 3507 3378 3578 ﬂagrantis
3407 3506 3696 3576 cupidita-

2040 3598 2114 3652 tis
2148 3598 2293 3652 inire
2328 3597 2638 3653 rationem.
2670 3595 2825 3652 Dixit
2881 3596 3221 3667 imperatori
3268 3596 3689 3665 haudquadam

2039 3702 2099 3741 se
2130 3686 2443 3742 abhorrere
2472 3687 2544 3741 ab
2571 3687 2699 3757 ejus
2732 3685 3029 3757 conjugio,
3055 3685 3103 3740 si
3133 3685 3267 3756 quis
3290 3685 3501 3740 modus
3525 3701 3687 3756 repe-

2038 3777 2252 3831 riretur
2272 3777 2400 3846 ejus
2432 3774 2688 3846 legitime
2720 3778 3037 3845 sancteque
3054 3774 3688 3840 committendi.Quare

2038 3865 2253 3920 videret
2280 3864 2491 3935 ecquid
2513 3881 2578 3920 eo
2610 3880 2724 3935 quo
2748 3880 2905 3919 nunc
2929 3867 3085 3919 esset
3111 3862 3449 3933 implicatus
3482 3864 3689 3918 matri-

2039 3954 2236 4009 monio
2268 3968 2395 4007 sese
2423 3954 2533 4007 rite
2560 3956 2758 4023 posset
2786 3950 3099 4006 exsolvere.
3132 3951 3256 4006 Tali
3310 3968 3456 4006 nexu
3510 3951 3692 4007 libero

2040 4058 2122 4107 se,
2157 4045 2219 4095 ut
2249 4040 2515 4107 honeste,
2540 4040 2621 4095 ita
2651 4056 2764 4095 non
2798 4039 3096 4095 illibenter
3122 4042 3319 4110 postea
3350 4042 3692 4110 nupturam.

2039 4128 2265 4184 Arrexit
2296 4145 2469 4183 aures
2502 4129 2572 4183 ad
2605 4145 2672 4184 eo
2726 4126 2994 4193 Michael,
3027 4131 3083 4183 et
3130 4128 3447 4184 excitatum
3500 4128 3697 4184 oblata

2042 4234 2145 4291 spe
2175 4218 2441 4274 animum
2464 4216 2673 4285 cupide
2702 4217 2947 4273 advertit
2979 4218 3049 4271 ad
3075 4217 3615 4274 comminiscendas
3641 4223 3698 4273 et

2042 4308 2259 4379 quibus
2290 4324 2439 4378 opus
2468 4311 2595 4362 erat
2623 4306 2938 4361 artiﬁciose
2968 4304 3359 4361 insinuandas
3400 4307 3697 4379 speciosus

2042 4412 2251 4452 causas
2289 4396 2689 4468 repudiandae,
2714 4411 2891 4466 quam
2921 4394 3176 4450 habebat
3203 4394 3263 4450 in
3295 4396 3696 4463 contubernio,

2042 4484 2330 4556 conjugis.
2360 4485 2572 4540 Aiebat
2596 4484 2752 4539 haud
2803 4502 2864 4539 se
2911 4483 3038 4539 hire
3084 4483 3314 4540 inﬁcias
3362 4484 3538 4540 talem
3570 4502 3699 4543 esse

2041 4575 2403 4630 Theodoram
2436 4572 2513 4644 (id
2547 4576 2671 4628 erat
2701 4576 2977 4644 Augustas
3010 4574 3246 4645 nomen)
3282 4572 3341 4628 in
3387 4590 3501 4646 qua
3550 4573 3700 4637 nihil

2050 4664 2121 4719 ad
2154 4663 2298 4735 regii
2332 4660 2561 4734 generis
2589 4660 2934 4727 claritatem,
2970 4662 3041 4717 ad
3075 4661 3365 4734 pudicitiae
3397 4664 3596 4734 decus,
3630 4664 3701 4719 ad

284 4716 416 4723 --...
453 4716 653 4721 ---ν-η
699 4716 1002 4720 --π---η-
1035 4716 1084 4719 --
2156 4716 2171 4718 κ
2219 4716 2253 4735 υ
2332 4716 2463 4734 υρν
2600 4716 2608 4717 κ
2922 4716 2983 4727 ,ν
3075 4716 3133 4734 ιγ
3402 4716 3596 4734 -ηπτ,
3634 4716 3700 4719 πμ

281 4760 616 4827 Augustam
650 4753 1005 4809 declaratam
1038 4757 1400 4808 memoratus
1431 4753 1746 4825 imperator
1769 4756 1944 4812 Joan-
1975 4716 2021 4782 D
2056 4768 2288 4808 morum
2319 4751 2692 4807 sanctitatem
2725 4754 2829 4806 aut
2859 4750 3156 4806 caritatem
3189 4751 3247 4807 in
3280 4752 3472 4809 virum
3506 4757 3707 4825 posset

284 4864 387 4902 nes
449 4859 718 4907 uxorem,
767 4858 1007 4913 eamque
1064 4858 1389 4914 percaram,
1420 4843 1724 4898 habuerat.
1760 4847 1948 4916 Hujus

288 4951 488 4991 amore
522 4936 731 5005 captus
762 4932 1083 5003 imperator
1106 4932 1344 4987 Michael
1369 4933 1685 4987 custodivit
1708 4951 1831 4989 eam
1858 4936 1947 4989 di-

284 5025 542 5097 ligenter
569 5038 642 5078 ne
665 5021 877 5077 rediret
911 5022 980 5076 ad
1005 5038 1168 5087 suos,
1194 5024 1504 5094 magniﬁce
1529 5027 1720 5077 tamen
1742 5022 1853 5094 ipsi
1883 5041 1947 5081 ac

288 5115 445 5187 regie
477 5128 608 5184 quae
642 5128 790 5183 opus
837 5110 949 5182 ipsi
982 5114 1146 5166 erant
1202 5112 1271 5165 ad
1334 5112 1551 5166 victum
1605 5111 1950 5185 cultumque

296 5202 719 5276 suppeditans,
746 5205 807 5255 at
827 5198 1054 5254 nullam
1086 5215 1199 5254 non
1233 5200 1468 5256 interim
1487 5202 1802 5257 admovens
1825 5220 1951 5259 ma-

297 5292 538 5348 chinam
574 5292 644 5345 ad
680 5290 831 5361 ejus,
862 5288 912 5343 si
972 5305 1091 5360 qua
1122 5290 1346 5345 ratione
1378 5294 1577 5362 posset
1609 5292 1951 5363 pudicitiam

301 5381 787 5454 expugnandam.
814 5377 877 5433 In
902 5394 1018 5448 quo
1044 5379 1263 5433 frustra
1285 5380 1576 5445 fuit,artes
1597 5381 1723 5450 ejus
1749 5397 1953 5438 omnes

286 5471 683 5539 indiosasque
710 5466 1028 5522 blanditias
1072 5472 1343 5522 matrona
1371 5467 1708 5540 repellente,
1733 5471 1952 5542 quippe

288 5576 420 5632 quas
441 5557 739 5629 sapienter
751 5558 1048 5627 reputaret
1062 5572 1233 5626 quam
1251 5556 1597 5627 probrosum
1619 5557 1838 5614 foretse
1854 5559 1954 5615 tali

297 5656 496 5707 ortam
532 5647 720 5713 domo,
751 5646 871 5701 vita
896 5644 958 5700 in
991 5661 1227 5701 summa
1257 5645 1538 5718 dignitate
1570 5663 1674 5718 per
1708 5647 1957 5704 inoffen-

2057 4841 2372 4913 rcquirere,
2406 4840 2725 4911 quominus
2776 4840 3189 4912 dignissimam
3249 4841 3528 4898 fateretur
3578 4861 3708 4916 quas

2057 4948 2254 4988 secum
2289 4930 2622 5002 imperaret.
2653 4930 3156 4987 Considerandum
3199 4935 3392 4987 tamen
3424 4949 3554 4987 esse
3602 4950 3707 4988 ne-

2058 5019 2388 5076 cessitatem
2423 5034 2677 5089 gravem,
2713 5018 3003 5075 immineti
3035 5036 3192 5075 nunc
3225 5020 3400 5076 rebus
3431 5022 3707 5078 Romanis

2060 5109 2236 5165 atroci
2296 5108 2552 5180 periculo
2611 5108 2976 5180 impositam,
3036 5109 3280 5166 sollicite
3348 5110 3707 5183 prwcavendi

2057 5199 2395 5254 Latinorum
2470 5198 2611 5262 iras,
2672 5204 2870 5270 erepta
2942 5216 3128 5271 nuper
3200 5199 3706 5271 Constantinopoli

2061 5288 2400 5344 furentium.
2436 5288 2660 5360 Opibus
2686 5288 2848 5360 ipsos
2888 5295 2942 5345 et
2994 5304 3237 5346 numero
3288 5291 3498 5359 valere,
3532 5305 3709 5345 causa

2060 5394 2292 5449 quoque
2324 5378 2541 5433 irritari
2593 5378 2991 5434 communiter
3039 5378 3360 5450 plausibili,
3394 5378 3595 5451 pulsos
3643 5392 3713 5431 ex

2062 5468 2429 5541 possessione
2460 5467 2742 5523 diuturna
2772 5472 2829 5522 et
2861 5467 3062 5523 multis
3091 5467 3395 5539 spoliatos,
3420 5483 3546 5537 qua:
3580 5482 3712 5537 pro-

2062 5558 2191 5630 pria
2220 5558 2440 5613 dudum
2494 5556 2914 5629 carissimaque
2964 5556 3309 5612 habuerant.
3344 5555 3712 5611 Concitatum

2064 5646 2252 5703 audiri
2285 5650 2478 5703 totum
2503 5646 2787 5703 Italorum
2828 5662 3063 5714 nomen,
3096 5650 3155 5701 et
3206 5644 3423 5701 armari
3480 5645 3711 5718 conspi-
