3920 6196
367 293 474 349 623

367 418 520 474 ναυσὶ
597 416 880 477 τοσαύταις
964 415 1096 469 εἶναι
1177 413 1314 490 πρὸς

374 507 496 563 οὔτε
581 508 685 580 μῆν
764 503 910 566 ο⁹ίους
984 509 1029 558 τ’
1089 505 1217 557 εἶναι
1304 504 1667 579 στρατεύμασι
1751 503 2019 576 πολεμεῖδ

1401 411 1634 476 ἐκείνους

371 598 508 652 κατά
566 604 686 670 γῆν.
736 593 868 656 Τοὺς
949 591 1002 649 δὲ
1084 591 1436 667 Βουλιίάρους
1503 594 1592 648 καὶ
1655 593 1847 656 αὐτοὺς
1910 592 2022 648 ἐτέ-

375 698 546 760 ρωθεν
618 683 860 739 ἀπειλεῖν
926 678 1233 738 εἰσϐάλλειν
1293 681 1381 737 διά
1438 683 1671 758 Θρᾴκης,
1731 684 1822 738 καὶ
1875 681 2020 755 μάλ-

378 775 471 829 λον
523 782 624 844 τῆς
681 775 758 844 τῷ
817 778 922 828 τῶν
981 772 1337 848 Βουλγάρων,
1373 774 1598 847 ἄρχοντι
1635 772 2023 845 Κωνσταντί-ιῳ

376 864 730 932 συνοικούσης
776 863 1014 936 Εἰρήνης
1067 863 1141 933 μὴ
1193 863 1416 935 ἠρεμεῖν
1467 861 1641 930 ἐώσης
1669 863 1760 916 τὸν
1787 862 2021 936 σύζυγον

375 959 443 1028 τῇ
499 955 634 1028 πρὸς
679 955 768 1007 τὸν
825 950 1181 1027 βασιλεύοντα
1229 950 1515 1024 ἀπεχθείᾳ.
1553 949 1748 1022 Κύκλῳ
1781 952 1860 1024 [Ρ.
1898 952 1998 1006 122

375 1048 506 1117 γοῦν
555 1047 662 1097 τῶι
723 1041 935 1116 ἐχθρῶν
1012 1041 1492 1115 παρακινουμένων
1552 1047 1754 1114 χρῆναι
1813 1036 2023 1114 φυλάσ-

375 1134 556 1186 σεσθαι
607 1132 702 1194 τάς
753 1131 1016 1193 ἐπιθέσεις
1061 1129 1134 1190 εἷς
1182 1130 1308 1183 ὅσον
1354 1126 1601 1194 δυνατὸν,
1637 1126 1786 1189 ἰδίως
1821 1126 1876 1182 δὲ
1935 1127 2022 1182 δε-

380 1220 403 1238 H
433 1221 452 1254 ι
669 1221 683 1240 \
816 1219 827 1236 \
964 1227 993 1248 ἰ.
1286 1215 1308 1234 Ν
1406 1220 1427 1237 υ
1701 1217 1713 1232 9
1964 1217 1976 1234 ε

376 1237 541 1277 οιεναι
597 1241 685 1275 και
747 1241 872 1282 τους
929 1241 1026 1288 της
1089 1217 1374 1293 βασιλίοος
1431 1227 1609 1288 Αννης
1667 1218 1901 1278 οικείους
1948 1237 2021 1278 ως

373 1310 608 1383 ἑτοίμως
655 1307 742 1364 διά
791 1310 991 1378 ταύτην
1040 1307 1318 1369 κάκείνους
1365 1312 1482 1368 τοῖς
1535 1305 1728 1368 ἄλλοις
1778 1307 2022 1380 σύνεξορ-

378 1402 669 1473 μήσοντας.
713 1399 775 1455 Εἴ
825 1395 882 1452 δέ
935 1419 986 1452 τι
1019 1397 1566 1473 προμηϐευσαίμεθα,
1595 1401 1844 1471 κρεῖττον
1905 1417 2022 1450 και-

373 1491 462 1564 ρὸν
522 1487 764 1564 ἔχοντες,
799 1490 872 1560 μὴ
939 1486 1105 1560 μόνον
1158 1485 1388 1561 ἐχθροὺς
1433 1485 1696 1554 ἐκείνους,
1733 1485 1878 1540 ἀλΛά
1933 1484 2022 1539 καὶ

373 1578 569 1655 φίλους
631 1579 891 1653 γενέσθαι,
954 1574 1308 1648 αἰδουμένους
1366 1576 1428 1628 τὸ
1509 1573 1703 1643 κῆδος,
1760 1574 1849 1628 καὶ
1907 1575 2023 1628 κατ’

377 1669 713 1744 ἀγχιστείαν,
773 1666 823 1721 εἶ’
881 1667 1260 1738 συνοικίσομεν
1315 1665 1525 1725 ἑαυτοῖς
1610 1665 1708 1731 τὴν
1780 1663 2021 1729 ἐκείνων,

1667 289 1966 347 GEORGII
2005 289 2301 345 PACHYM
2311 291 2468 345 ERE

1725 413 1964 490 ἀντέχειν
1995 457 2008 482 ,
2043 426 2094 490 Α
2124 414 2214 468 τὸν
2247 413 2536 486 Μανουήλ,
2570 414 2682 470 εἶτα
2715 412 2772 469 δὲ
2829 414 2918 469 καὶ
2973 414 3066 468 τὸν
3117 414 3356 487 περιόντα
3381 412 3691 490 Ἀνδρόνικον

3589 294 3676 349 621i

2128 504 2184 558 δν
2249 504 2550 578 βασιλικῶς
2599 506 2626 559 6
2674 507 2854 580 πατὴρ
2912 506 3122 581 τρέφοι,
3154 505 3238 558 καὶ
3284 504 3446 577 τρίτον
3496 508 3570 560 τὸν
3615 508 3686 563 ἐπὶ

2128 600 2224 662 τῆς
2273 592 2488 656 πόλεως
2534 592 2861 669 γεννηθέντα
2909 595 3000 648 τὸν
3050 594 3523 672 ΙΙορφυρογέννητον
3571 603 3685 650 Κων-

2131 688 2430 753 σταντῖνον,
2487 687 2712 738 τοιαῦτα
2783 683 2946 747 πάθοι
2998 681 3389 761 ἀπολειφθεῖσα,
3431 687 3690 759 στερηῦιῖσα

2135 771 2227 842 μὲν
2282 775 2378 825 τοῦ
2436 769 2650 846 ἀνδρὸς,
2698 774 3013 845 στερηθεῖσα
3063 770 3119 827 δὲ
3172 772 3256 826 καὶ
3309 779 3398 842 τῆς
3443 772 3693 847 βασιλείας,

2131 859 2216 912 καὶ
2290 859 2468 929 πάσης
2552 859 2931 937 ἀπεριὸιμμένη
2989 870 3179 936 τιμῆς,
3225 861 3315 930 τὴν
3371 859 3412 915 δ’
3457 861 3692 931 ἀντίζηλον

2130 948 2218 1002 ἐπὶ
2247 953 2343 1003 τοῦ
2377 949 2572 1024 θρόνου
2620 958 2719 1020 τῆς
2781 951 3062 1026 βασιλείας
3103 953 3276 1023 ὁρῶσα
3330 946 3693 1023 συμϐασιλεύσο-

2132 1059 2223 1092 σαν
2283 1043 2362 1110 τῷ
2420 1036 2592 1113 ἀνδρί.
2627 1042 2786 1096 ’Όθεν
2840 1041 2929 1095 καὶ
2972 1043 3109 1116 πρὸς
3138 1042 3228 1096 τὸν
3255 1041 3562 1116 πατριάρχην
3589 1039 3697 1112 πέμ.-

2131 1132 2274 1200 ψασα
2332 1127 2556 1183 ἱκετεύει
2614 1130 2872 1200 τοιαύτην
2933 1130 3212 1209 συμφορὰν
3297 1131 3476 1202 ἀμῦναι
3548 1128 3702 1200 ταύτῃ,

2129 1218 2218 1271 καὶ
2277 1216 2460 1288 νόμων
2515 1218 2670 1274 θείων
2729 1219 3068 1295 ὑπερμαχεῖν
3121 1220 3276 1290 ἀξιοῖ.
3312 1225 3400 1280 ⁸ος
3450 1215 3508 1286 δὴ
3561 1217 3703 1290 μαθὼν

2129 1305 2219 1359 καὶ
2278 1305 2565 1378 ἀγάμενος,
2620 1307 2663 1362 εἰ
2724 1309 2995 1370 τοιούτοις
3070 1307 3371 1383 ἐπιχειροίη
3418 1307 3443 1360 6
3497 1304 3704 1380 βασιλεὺς

2130 1395 2218 1449 καὶ
2252 1393 2444 1465 ἀνέδην
2486 1400 2591 1450 τῶν
2634 1396 2864 1460 ἀθίκτων
2920 1400 3163 1467 ἅπτεται,
3197 1399 3269 1459 ὡς
3321 1397 3404 1451 καὶ
3453 1396 3564 1456 τοὺς
3609 1415 3700 1448 κει-

2137 1484 2330 1554 μένους
2387 1485 2588 1556 νόμους
2639 1485 2848 1542 ἐθέλειν
2899 1493 3250 1555 καταπατεῖν,
3297 1486 3445 1546 αὐτὸς
3494 1488 3700 1544 τοιοῦτος

2136 1576 2210 1646 μὴ
2244 1573 2605 1647 νομιζόμενος
2639 1577 2919 1651 πρότερον,
2955 1575 3104 1632 δεινά
3132 1577 3298 1632 ἐποίει
3340 1577 3421 1631 καὶ
3473 1572 3703 1645 διεμήνυε,

2794 1663 2816 1682 ἢ

2129 1664 2190 1718 τὸ
2225 1663 2318 1735 μὲν
2353 1664 2648 1733 ὀνειδίζων,
2681 1666 2742 1720 τὸ
2790 1663 2836 1720 δ’
2867 1665 3116 1721 ἐπισείων
3173 1665 3356 1738 ἐκείνῳ
3407 1665 3489 1718 καὶ
3539 1664 3619 1728 τὴν
3665 1661 3709 1714 ἰκ

377 1759 595 1818 οἰκείως
655 1759 790 1830 πρὸς
845 1759 992 1825 ἡμᾶς
1062 1752 1314 1830 ἔχοντας.
1371 1758 1546 1808 Ταῦτα
1601 1757 1697 1807 τοῦ
1758 1751 2100 1859 βασιλέωςΒ
2132 1757 2263 1806 Θεοῦ
2321 1752 2700 1828 ἀγανάκτησιν.
2750 1757 2858 1816 Ti;
2916 1753 2973 1809 δέ
3027 1776 3086 1829 γε
3135 1753 3422 1830 προφάσεις
3475 1751 3540 1813 ὡς
3590 1750 3706 1803 ἱστὸν

385 1850 410 1859 Α
487 1848 505 1859 \
672 1848 682 1859 ι
917 1846 929 1859 ι
1255 1848 1279 1858 -ν
1369 1842 1388 1859 Ἄ
1415 1845 1425 1859 1
1665 1841 1708 1859 IN
1809 1854 1826 1859 _
1965 1843 1976 1858 \
2145 1841 2157 1858 θ
2220 1844 2228 1858 1
2432 1841 2455 1859 δ
2491 1841 2532 1859 l‘
2724 1845 2738 1859 ς
2846 1845 2856 1859 \
3004 1840 3054 1859 ΙΙ)
3160 1857 3169 1859 _
3213 1849 3235 1859 υ
3429 1844 3439 1859 Ι
3506 1839 3566 1856 9“
3679 1838 3687 1854 ί

383 1848 784 1923 βουλευομένου
843 1846 932 1900 καὶ
993 1848 1320 1923 σοφιστικῶς
1369 1842 1628 1917 λέγοντος
1661 1841 1862 1915 (ἔπειθε
1917 1843 2020 1916 γὰρ

380 1939 409 1991 6
465 1935 692 1991 ἐκκαίων
755 1933 916 2011 ἔρως,
949 1934 1039 1988 καὶ
1102 1931 1315 2006 μᾶλλον
1375 1932 1523 2006 παρά
1576 1939 1676 2002 τῆς
1733 1929 2024 2000 δεσποίνης

377 2027 581 2095 ’Λννης
630 2022 1152 2100 περιφρονούμενος)
1201 2023 1235 2090 ἡ
1287 2018 1505 2096 βασιλὶς
1549 2017 1804 2093 Θεοδώρα
1857 2031 2024 2083 πυθο-

382 2118 512 2188 μένη
568 2114 826 2189 χαλεπῶς
870 2114 1010 2188 εἶχεν
1062 2110 1289 2184 ἐνέγκαι,
1320 2109 1369 2164 εἴ
1417 2107 1672 2164 δέσποινα
1720 2109 2023 2182 ἐστεμμένη

377 2205 508 2258 οὖσα
575 2202 662 2257 καὶ
717 2202 914 2277 γνησία
973 2203 1134 2276 γυνὴ,
1197 2201 1282 2254 ὑπ’
1343 2197 1498 2273 ἀνδρί
1558 2221 1616 2253 τε
1671 2204 1750 2270 τῷ
1814 2196 2030 2274 βασιλεῖ

375 2295 605 2347 τεκοῦσα
635 2288 852 2361 παῖδας,
879 2289 968 2345 καὶ
1002 2293 1217 2360 πρῶτον
1273 2288 1368 2361 μὲν
1418 2287 1791 2363 ἀποιχόμενον
1855 2285 2025 2343 ἄλλον

380 2494 543 2546 rante
555 2490 846 2546 sententia
862 2489 1236 2560 potentiaque
1253 2485 1744 2543 ferocissimarum
1762 2486 2024 2558 gentium

381 2578 853 2652 potentissimum
886 2577 1156 2639 classem,
1189 2576 1282 2630 cui
1314 2577 1409 2630 vix
1431 2575 1643 2630 babeat
1671 2579 2026 2641 Romanum,

383 2685 494 2738 quo
527 2684 682 2722 nunc
709 2670 864 2721 statu
915 2670 1024 2730 est,
1055 2663 1366 2735 imperium
1401 2663 1542 2734 quid
1597 2663 1741 2718 satis
1771 2661 2026 2717 validum

383 2761 668 2829 Opponat,
695 2760 891 2826 Neque
922 2753 1211 2809 maritimo
1235 2757 1518 2824 apparatu
1544 2751 1696 2807 haud
1722 2751 1898 2806 dubie
1918 2751 2030 2804 im-

383 2864 575 2920 pares,
609 2845 983 2901 terrestribus
1014 2842 1222 2900 saltem
1253 2842 1438 2914 copiis
1469 2843 1646 2896 ﬁdere
1689 2857 2029 2914 possumus,

384 2937 601 3008 quibus
633 2935 775 2989 satis
817 2934 1033 3005 negotii
1093 2934 1384 2988 facessent.
1437 2937 1785 3002 exurgentes
1834 2947 1864 2985 e
1894 2929 2031 2984 Bul-

383 3026 546 3097 garia
577 3025 724 3080 188
761 3029 976 3092 motus,
1010 3023 1162 3077 unde
1209 3022 1657 3077 Constantinum
1708 3020 2030 3092 principem

2133 1841 2378 1917 ἀράχνης
2428 1841 2609 1898 διέλυε
2641 1863 2653 1874 ·
2686 1845 2748 1898 τὸ
2796 1845 2900 1918 γὰρ
2950 1840 3120 1922 φόϐον
3153 1849 3295 1908 θεῖον
3325 1844 3439 1917 παρ’
3468 1839 3602 1896 οὐδὲν
3646 1838 3716 1893 τί·

2135 1934 2315 1993 οεσΟαι
2370 1938 2551 1996 κακῶς
2600 1933 2796 2008 κρίνειν
2858 1932 3066 1996 εἰδότος
3121 1936 3256 1988 εἶναι
3309 1934 3368 1988 τὸ
3423 1927 3710 2008 φοϐερόν,τό

2140 2022 2321 2092 μέντοι
2380 2042 2440 2096 γε
2494 2021 2622 2084 τοὺς
2678 2022 2851 2086 θείους
2927 2025 3130 2096 νόμους
3207 2018 3475 2097 φοϐεῖσθαι
3529 2011 3710 2096 ἀφοϐίαν

2137 2109 2267 2163 εἶναι
2319 2109 2577 2183 μεγίστην
2636 2117 2713 2183 τῷ
2770 2108 3122 2187 φοϐουμένῳ,
3167 2113 3266 2167 κᾶν
3321 2111 3349 2166 ὅ
3396 2133 3444 2165 τι
3498 2107 3720 2179 προτείνοι

2136 2219 2216 2260 τις
2248 2197 2335 2252 ἐπὶ
2364 2205 2444 2271 τῷ
2474 2196 2681 2264 φοϐεῖν.
2716 2204 2899 2258 Ταῦτα
2926 2206 3023 2256 τοῦ
3063 2202 3405 2276 πατριάρχου
3450 2198 3530 2253 καὶ
3571 2196 3722 2270 λέγον·

2137 2308 2230 2350 τος
2282 2289 2372 2342 καὶ
2429 2289 2752 2361 μηνύοντος,
2787 2287 2862 2346 ἔτι
2896 2289 2941 2346 δ’
2970 2291 3194 2364 ἑτοίμου
3250 2287 3398 2354 ὄντος
3447 2287 3720 2343 ἀποκόπτειν

2134 2487 2275 2541 dora
2321 2489 2590 2557 graviter,
2628 2493 2690 2543 ut
2735 2495 2859 2544 erat
2907 2493 3388 2558 consentaneum,
3418 2486 3554 2543 tulit.
3579 2487 3722 2551 Quam

2135 2575 2292 2630 enim
2327 2575 2760 2632 intolerandum
2786 2578 3152 2634 contumelia:
3183 2595 3370 2651 genus
3404 2578 3513 2632 fore
3543 2592 3594 2630 se
3619 2571 3727 2644 legi-

2136 2667 2342 2721 timam
2374 2668 2705 2738 conjugem,
2741 2685 2866 2739 quae
2901 2669 3019 2723 viro
3061 2668 3397 2740 imperatori
3447 2674 3550 2722 tres
3578 2678 3730 2720 [Lares

2139 2755 2478 2826 peperisset,
2516 2756 2768 2826 primum
2802 2755 3127 2813 Manuelem
3162 2758 3283 2813 fato
3319 2749 3730 2828 praereptum,al-

2142 2849 2329 2899 terum
2389 2845 2788 2900 Andronicum
2849 2847 3254 2917 superstitem,
3314 2846 3463 2916 regie
3527 2861 3556 2899 a
3606 2845 3732 2913 patre

2141 2935 2477 3002 educatum,
2510 2937 2770 3000 tertium,
2803 2952 2869 2991 ex
2913 2952 3028 3006 quo
3075 2933 3620 3006 Constantinopolim
3645 2928 3730 2984 mi-

2141 3030 2468 3092 graverant,
2503 3023 2581 3078 ibi
2640 3031 2842 3080 natum
2885 3027 2942 3080 in
2995 3043 3282 3098 purpura,
3312 3021 3726 3082 Constantinum,

385 3113 622 3170 assidue
651 3113 709 3168 in
731 3130 837 3169 nos
857 3111 1228 3168 stimulatum
1254 3110 1683 3166 ardentissimis
1706 3110 2034 3181 instigatio-
2071 3131 2112 3196 ρ
2151 3112 2286 3166 inde
2349 3113 2928 3184 Porpbyrogenitum,
2965 3126 3090 3186 post
3121 3123 3290 3171 tanta
3343 3115 3534 3170 merita
3561 3109 3737 3167 nullius

388 3206 565 3258 nibus
597 3205 791 3258 lrenes
819 3203 1085 3272 conjugis
1119 3201 1288 3255 nobis
1320 3201 1666 3272 pcrint‘ensze
1699 3197 1910 3253 minari
1935 3215 2037 3253 au-

387 3293 582 3346 dimus
606 3293 990 3363 irruptionem
1024 3290 1080 3344 in
1114 3295 1298 3344 terras
1326 3293 1556 3344 nostras
1581 3306 1682 3359 per
1706 3287 2040 3342 Thraciam.

391 3381 452 3436 ln
485 3387 651 3435 tanta
683 3380 1058 3435 multitudine
1086 3385 1141 3432 et
1185 3377 1345 3433 rabie
1393 3377 1775 3432 coorientium
1827 3376 1883 3429 in
1936 3392 2042 3430 nos

390 3488 459 3525 ex
489 3470 645 3526 omni
699 3469 916 3524 circum
971 3476 1132 3539 parte
1203 3466 1694 3522 ferocissimorum
1754 3464 2036 3526 hostium.

394 3562 527 3632 quis
561 3576 676 3614 non
708 3557 864 3613 videt
913 3556 1321 3612 consulturum
1383 3555 1585 3627 utique
1633 3555 2039 3609 circumventa:

395 3650 656 3721 undique
689 3646 1045 3719 reipublicae,
1079 3646 1176 3716 qui
1239 3645 1463 3699 dederit
1519 3660 1753 3715 operam
1795 3659 2038 3700 numero

393 3755 596 3794 eorum
632 3737 950 3792 minuendo
975 3733 1329 3807 quibusdam
1358 3738 1456 3787 aut
1479 3740 1545 3787 ad
1577 3739 1834 3787 nostram
1860 3733 2039 3788 socie-

393 3833 573 3884 tatem
609 3825 970 3883 attrahendis
1001 3831 1103 3879 aut
1161 3841 1192 3878 a
1223 3822 1519 3878 communi
1579 3827 1733 3877 certe
1785 3822 2035 3878 aliorum

391 3917 822 3988 conspiratione
853 3911 1397 3982 abducendis?jam
1434 3911 1576 3966 illud
1609 3912 1752 3967 satis
1783 3918 2036 3978 constat,

390 4008 447 4061 in
484 4006 689 4078 primis
723 4004 1062 4060 Latinorum
1095 4003 1319 4058 ditione
1351 4018 1415 4056 ac
1449 4001 1501 4054 vi
1535 4001 1741 4056 bellica
1774 4001 2034 4072 impera-

387 4096 548 4151 tricis
583 4100 758 4150 Annae
793 4099 1068 4165 cognatos
1114 4091 1428 4147 numerari.
1467 4091 1638 4146 Porro
1700 4090 1843 4146 istos
1873 4107 2029 4147 com-

385 4185 665 4240 munione
697 4184 952 4238 nominis
981 4200 1047 4238 ac
1078 4182 1308 4254 generis
1341 4181 1484 4235 satis
1511 4195 1611 4250 per
1642 4196 1704 4235 se
1736 4197 1952 4252 pronos
1975 4180 2032 4234 in

381 4277 578 4344 partes
606 4273 864 4328 hostium
899 4276 1236 4327 nostrorum
1289 4270 1535 4341 propria:
1597 4270 1654 4324 in
1691 4286 1796 4325 nos
1824 4271 2034 4326 saevius

381 4365 833 4421 commovebunt
855 4381 1069 4430 causae,
1095 4365 1422 4434 repetendae
1446 4362 1907 4432 reilucenquue
1929 4365 2034 4420 do-

381 4471 541 4510 mum
563 4453 1011 4525 consanguinea:
1037 4457 1312 4530 matrona:
1341 4451 1508 4522 quasi
1535 4453 1780 4506 detenta:
1803 4469 1835 4506 a
1859 4455 2026 4510 nobis

373 4545 621 4618 indigna
677 4544 967 4608 custodia,
1003 4545 1115 4599 nisi
1180 4550 1404 4598 mature
1461 4557 1841 4613 precavemus
1872 4549 1928 4598 et
1959 4562 2026 4602 ex

371 4636 499 4706 ipsa
529 4634 668 4690 mali
694 4650 869 4689 causa
891 4633 1214 4689 remedium
1240 4632 1577 4703 qumrimus,
1601 4632 1944 4704 tempestiva
1967 4635 2016 4690 si

372 4741 632 4795 unquam
665 4723 947 4778 afﬁnitate
979 4721 1526 4791 contrahenda,qua
1551 4722 2014 4792 prepinquorum

368 4813 620 4868 dominae
654 4819 831 4867 Anna:
866 4829 975 4867 non
1011 4812 1201 4866 solum
1234 4815 1604 4865 exarmentur
1640 4809 1735 4864 iraa
1769 4811 2015 4868 sublatis

367 4901 676 4957 incentivis
707 4901 973 4956 odiorum
1024 4900 1123 4954 sed
1174 4899 1346 4954 etiam
1404 4915 1632 4954 amores
1680 4899 2014 4969 auxiliaque

366 4991 772 5057 concilientur,
807 4997 1085 5061 tanquam
1122 4989 1322 5060 utique
1356 4990 1700 5059 propinquis
1726 4995 1781 5044 et
1815 5007 2011 5046 neces-

366 5081 622 5137 situdine
653 5080 929 5136 connubii
990 5095 1120 5134 cum
1181 5095 1378 5134 sorore
1436 5079 1712 5133 Mant‘redi
1777 5079 2010 5150 liliaque

365 5171 777 5241 b‘ridericijam
802 5174 969 5241 quasi
1003 5168 1341 5224 domesticis
1375 5168 1655 5238 ipsorum.
1691 5168 1852 5224 Talia
1884 5187 2007 5224 ver-

362 5277 493 5316 sare
523 5260 717 5316 animo
743 5277 808 5316 ac
831 5258 1164 5330 SOPl‘tlsthlS
1198 5258 1506 5312 honestare
1535 5257 1733 5311 conari
1769 5257 2008 5312 rationi-

360 5349 471 5405 bus
519 5351 926 5423 imperatorem
959 5352 1157 5419 (prout
1214 5346 1483 5416 adigebat
1539 5345 1704 5401 illum
1756 5363 2005 5404 exurens

356 5437 563 5494 intime
580 5457 847 5496 vaesanas
869 5455 1054 5506 amor,
1073 5437 1300 5491 irrideri
1325 5451 1451 5490 sese
1474 5453 1506 5490 a
1529 5452 1560 5491 a
1580 5434 1817 5490 domina
1842 5441 2006 5493 Anna

355 5531 412 5581 et
440 5545 586 5585 vana
617 5531 845 5600 objecta
876 5526 1134 5596 imagine
1158 5542 1462 5596 nunquam
1499 5525 1826 5580 successuri
1865 5543 2001 5582 con-

347 5617 501 5698 jugii
523 5619 721 5676 deludi
740 5636 853 5675 non
873 5615 1244 5688 sentientem)
1259 5615 1504 5670 audiens
1523 5618 1786 5686 Augusta
1809 5616 2001 5674 Theo-

2153 3207 2507 3271 compertam
2577 3202 2760 3275 culpa:
2829 3205 3147 3275 repudiari,
3205 3202 3579 3265 exauctorari,
3625 3197 3736 3262 vim,

2151 3289 2419 3360 imperio,
2452 3291 2672 3347 honore
2701 3293 2860 3347 omni
2895 3295 3181 3364 privatam
3217 3295 3415 3364 abjici,
3446 3297 3500 3348 et
3526 3287 3740 3346 aemulam

2147 3379 2203 3432 in
2243 3378 2430 3434 locum
2463 3397 2636 3436 suum
2668 3382 2958 3437 intrusam
2993 3383 3144 3438 184
3194 3400 3451 3439 cernere.
3484 3381 3587 3436 Hoc
3615 3380 3736 3432 metu

2148 3469 2324 3523 anxia
2356 3469 2538 3524 mittit
2569 3471 2638 3524 ad
2675 3471 3066 3541 patriarcbam
3105 3472 3205 3543 qui
3237 3490 3378 3529 eum
3411 3488 3512 3527 suo
3558 3466 3744 3524 nomine

2147 3558 2494 3628 snppliciter
2526 3567 2794 3631 rogarent
2827 3567 2890 3614 ut
2922 3567 3041 3616 tam
3076 3568 3338 3617 atrocem
3372 3578 3406 3617 a
3429 3577 3489 3616 se
3513 3556 3738 3630 injuriam

2146 3652 2386 3712 arceret,
2419 3648 2878 3720 dignareturque
2911 3667 3012 3720 pro
3044 3667 3154 3705 sua
3197 3651 3546 3707 auctoritate
3596 3645 3745 3699 deter-

2145 3753 2268 3791 rere
2323 3737 2754 3806 imperatorem,
2813 3755 2884 3793 ne
2941 3745 3059 3794 tam
3122 3745 3394 3810 proterve
3447 3751 3636 3793 uxores
3664 3741 3744 3802 pro

2141 3825 2310 3887 libito
2335 3828 2752 3881 commutando
2775 3827 2987 3884 divinis
3010 3828 3240 3899 legibus
3262 3829 3507 3885 illudere
3529 3821 3742 3881 auderet.

2145 3915 2388 3969 Miratus
2425 3915 2740 3986 plurimum
2776 3917 2884 3972 hoc
2905 3918 3151 3973 audiens
3176 3919 3508 3988 patriarcha
3527 3919 3605 3970 est
3621 3906 3741 3979 cogi-

2145 4005 2250 4057 tari
2285 4005 2675 4076 attentarique
2698 4021 2787 4060 res
2810 4005 2956 4061 tales
2979 4007 3049 4061 ab
3076 4006 3457 4078 imperatore,
3479 4003 3652 4077 palam
3670 3998 3743 4051 iu-

2143 4092 2434 4148 concessis
2466 4092 2750 4160 inbiante,
2776 4111 2880 4150 nec
2911 4100 3142 4150 verente
3176 4113 3282 4167 per
3313 4094 3663 4151 conculcatus
3685 4085 3743 4140 le-

2140 4198 2239 4253 ges
2269 4183 2324 4236 in
2358 4182 2746 4253 cupiditatum
2782 4184 3132 4255 obsequium
3154 4186 3582 4256 ruere,quantie
3605 4177 3740 4233 illum

2141 4271 2413 4341 nequitiae
2438 4288 2706 4339 capacem
2733 4290 2846 4328 non
2866 4280 3000 4330 ante
3024 4274 3400 4330 credidisset.
3427 4275 3599 4339 Quare
3619 4262 3741 4322 haud

2141 4360 2393 4415 molliter
2410 4361 2810 4433 castigandam
2835 4367 2992 4417 ratus
3015 4370 3436 4434 erumpentem
3466 4363 3521 4416 in
3550 4353 3745 4414 tamin-

2139 4451 2499 4505 vrrccundos
2530 4467 2712 4506 ausus
2741 4451 3059 4521 insaniam,
3093 4454 3448 4524 gravissime
3478 4451 3630 4506 illum
3657 4459 3745 4514 qua

2135 4541 2536 4609 exprobrando
2557 4558 2672 4610 qua
2689 4541 3056 4613 objurgando
3086 4542 3401 4614 increpuit,
3424 4539 3589 4596 minis
3605 4533 3742 4590 etiam

2128 4629 2544 4685 intentatisirze
2559 4629 2971 4686 divinaeﬁimul
2989 4629 3266 4702 allegatos
3281 4633 3340 4687 in
3357 4632 3746 4695 obtentumpl‘o.

2129 4725 2302 4773 terve:
2324 4718 2569 4773 lasciviae
2595 4725 2906 4789 prcetextus
2931 4726 2996 4776 ut
3016 4719 3161 4776 telas
3184 4737 3537 4776 aranearum
3561 4711 3746 4774 amovit

2125 4809 2408 4879 dilflavitq
2422 4826 2512 4875 ue,
2531 4812 2828 4879 sapienter
2853 4827 3100 4865 monens
3126 4812 3445 4866 formidare
3460 4811 3567 4863 vim
3589 4799 3749 4860 homi-

2126 4915 2265 4952 num
2300 4903 2357 4952 et
2393 4898 2488 4952 Dei
2522 4915 2734 4954 numen
2771 4915 2836 4955 ac
2859 4899 3095 4972 vigilem
3124 4900 3184 4956 in
3217 4901 3445 4956 scelera
3467 4895 3740 4953 vindictam

2123 4988 2329 5042 audaci
2364 4988 2596 5042 licentia
2639 5005 2914 5058 spernere
2947 4988 3183 5045 nonnisi
3228 4990 3363 5061 ejus
3411 5003 3537 5045 esse
3557 4983 3642 5058 qui
3686 4978 3742 5032 de

2120 5093 2253 5131 verc
2311 5075 2672 5132 terribilibus
2732 5078 2983 5148 pessime
3038 5079 3461 5149 judicet,binc
3535 5073 3739 5146 quidem

2121 5167 2300 5220 stulte
2328 5165 2768 5237 trcpidus,inde
2803 5174 3152 5239 praepostere
3183 5185 3457 5224 securus.
3489 5169 3744 5234 Ouzecun.

2119 5270 2231 5326 que
2263 5254 2372 5308 sibi
2407 5255 2641 5309 domum
2669 5258 2957 5309 terrorum
2993 5261 3223 5326 spectra
3262 5272 3442 5328 prave
3495 5247 3741 5308 formido-

2117 5343 2224 5398 losi
2258 5345 2614 5413 contingant,
2643 5343 2871 5399 divinas
2904 5344 3084 5399 vereri
3123 5343 3279 5416 leges
3302 5360 3501 5400 veram
3531 5342 3738 5396 demum

2116 5432 2492 5488 securitatem
2532 5447 2681 5485 esse.
2718 5431 3021 5488 Desineret
3076 5433 3258 5504 igitur
3304 5450 3460 5487 vana
3520 5422 3736 5485 commi-

2114 5521 2257 5577 nisci
2290 5525 2345 5574 et
2376 5519 2824 5590 trepidationem
2856 5521 3091 5576 inanem
3117 5523 3279 5591 justo
3331 5527 3390 5576 et
3422 5524 3617 5574 sancto
3654 5511 3742 5581 Dei

2113 5617 2270 5667 metu
2307 5607 2745 5679 comprimeret.
2782 5610 2908 5666 Haec
2940 5613 2998 5665 et
3054 5609 3147 5666 his
3211 5615 3600 5666 consentanea
3627 5615 3741 5674 gra-
