4018 6198
291 306 384 362 625

1304 295 1397 346 DE
1442 293 1811 347 MICHAELE
1849 292 2292 350 PALIEOLOGO
2332 298 2463 350 LIB.
2507 301 2604 353 III.

3549 302 3656 356 626

293 432 488 495 ἐκεῖνον,
518 425 557 479 εἰ
586 422 719 478 ἄλλο
747 442 798 476 τι
829 419 1083 495 πράττοι,
1112 422 1214 484 τῆς
1255 421 1351 472 τοῖὶ
1405 419 1645 491 Χριστοῦ
1689 415 1895 487 ὁλομε-
1930 429 1978 493 Α
2013 421 2108 471 τοῦ
2139 420 2332 486 πάππα
2359 421 2447 475 καὶ
2478 427 2585 477 τῶν
2615 429 2710 479 τοῦ
2737 425 2949 497 πάππα,
2977 426 3066 482 καὶ
3093 427 3167 490 ὡς
3197 426 3354 482 αὐτοῖ
3383 433 3534 506 φαῖεν
3563 427 3650 500 ἃν,

292 518 416 578 λείας
444 517 514 577 ὡς
546 513 706 585 μέλος
739 510 975 579 σεσηπὸς
1005 506 1115 577 ἤδη
1149 507 1240 562 καὶ
1273 505 1554 580 θεραπείαν
1601 505 1676 572 μὴ
1726 525 1899 579 προσ-

293 610 495 680 ιέμενον,
544 602 658 657 ἐπεὶ
699 600 835 676 ἔγνω
888 596 1267 672 προσκρούσας
1299 597 1326 650 6
1362 593 1616 670 βασιλεὺς
1672 593 1895 670 ἰσχυρο-

290 696 410 769 τέρῳ
433 697 530 747 τῶν
563 691 721 746 αὐτοῦ
771 687 1050 761 δυνάμεων
1101 687 1188 741 καὶ
1240 686 1314 749 ὡς
1357 685 1494 758 πρὸς
1523 688 1713 757 Κρῆτα
1757 703 1860 757 κρη

286 786 402 853 τίζει
452 782 598 851 δῆθεν
646 781 736 834 τὸν
785 776 894 848 ἤδη
952 778 1193 848 μαθόντα
1233 775 1328 836 τὰς
1359 773 1566 829 ἐκείνου
1599 774 1895 848 ὑπιχειρή-

289 894 378 934 σεις
419 868 560 944 (οὐδὲ
601 871 698 946 γάρ
748 867 835 922 ἐπὶ
881 866 1072 939 μικρὸν
1123 862 1237 918 οὐδ’
1278 862 1490 917 ἐκείνου
1536 863 1762 936 ἠρεμεῖν
1815 859 1896 916 εά

284 961 393 1023 τοὺς
441 957 728 1034 λογισμοὺς
785 960 820 1026 ἡ
869 960 966 1012 τοῦ
1010 952 1202 1016 παιδὸς
1239 955 1489 1008 Ἰωάννου
1520 951 1606 1006 ἐπὶ
1635 954 1705 1024 τῇ
1740 953 1892 1027 βασι-

282 1050 383 1121 λείᾳ
428 1048 764 1122 παρόρασις),
820 1045 1070 1119 πρύμναν
1118 1064 1178 1098 τε
1219 1043 1494 1116 κρούεται,
1549 1042 1612 1095 τὸ
1661 1045 1757 1095 τοῦ
1806 1040 1895 1094 Λό·

281 1162 384 1216 γου,
437 1139 520 1192 καὶ
578 1139 652 1200 ὡς
707 1137 850 1210 εἶχεν
915 1131 1208 1209 ὲφοδιάσας
1262 1133 1361 1200 τήν
1423 1128 1704 1185 δέσποιναν
1765 1134 1894 1186 "Av-

277 1251 356 1284 ναν
407 1228 489 1283 ἐπὶ
542 1227 608 1280 τὰ
665 1226 840 1280 οἰκεῖα
896 1224 1130 1295 πέμπειν
1163 1223 1416 1292 αἱρεῖται,
1450 1222 1532 1291 [Ρ.
1574 1221 1692 1290 123]
1743 1217 1890 1287 πλὴν

276 1319 342 1374 ἐπ’
389 1312 686 1390 ἀνταμοιϐῇ
743 1319 840 1370 τοῦ
898 1313 1045 1388 παρᾶ
1116 1308 1372 1386 τάδελφῷ
1435 1309 1637 1378 ταύτης
1698 1309 1892 1386 Μαφρὲ

275 1408 617 1483 κατεχομένου
697 1404 983 1478 Καίσαρος·
1066 1401 1177 1455 ἐκεῖ
1246 1401 1346 1474 γάρ
1419 1401 1470 1452 οἱ
1529 1400 1556 1453 6
1633 1400 1889 1471 πενθερὸς

271 1495 452 1551 ἐκείνου
479 1493 710 1569 Μιχαὴλ
744 1495 772 1548 ὁ
803 1490 1070 1560 δεσπότης
1115 1494 1302 1544 τοῦτον
1349 1490 1617 1562 κρατήσας
1665 1487 1888 1559 ἐξέπε;.ι.-

266 1588 366 1659 ψεν,
420 1585 490 1645 ὡς
543 1583 889 1659 προείρηται.
947 1583 1072 1638 ’Ὀτι
1129 1576 1186 1634 δὲ
1237 1581 1437 1651 σκῆψις
1495 1580 1554 1647 ἣν
1609 1577 1797 1650 ἐκείνῳ
1825 1578 1888 1632 τὸ

269 1668 721 1749 προϐαλλόμενον,
752 1672 838 1726 καὶ
879 1670 1041 1744 μόνον
1069 1664 1271 1737 ἔρωτος
1303 1666 1554 1742 θεραπεία
1578 1667 1666 1720 καὶ
1700 1665 1761 1721 οὐ
1792 1671 1888 1721 τοῦ

2001 513 2100 575 τῆς
2127 508 2303 562 αὐτῶν
2339 509 2680 581 Ἐκκλησίας.
2715 513 2855 569 Οὐδὲ
2884 517 2983 591 γὰρ
3035 512 3330 572 ἐϐούλοντο
3359 517 3495 571 κατᾶ
3522 517 3652 579 τοὺς

2005 595 2209 659 ἄλλους
2260 601 2349 652 καὶ
2396 600 2548 656 αὐτοῖ
2597 603 2860 667 εὐπειθεῖν
2911 627 2969 661 τε
2999 606 3086 660 καὶ
3130 604 3651 670 ὑποκατακλίνεσθαι

2003 688 2118 740 καθ’
2176 689 2205 741 δ
2260 710 2309 743 τι
2373 688 2516 763 λέξοι
2569 692 2657 746 καὶ
2715 693 2906 766 πράξοι
2967 694 3478 765 ὁτῆςἘκκλησίας
3508 695 3652 750 ἐπει-

2005 775 2311 848 λημμένος,
2344 776 2470 832 ἀλλ’
2529 779 2858 853 αὐτονόμοις
2918 783 3126 857 χαίρειν
3180 785 3376 858 ὁρμαῖς
3435 783 3522 838 καὶ
3556 781 3650 838 οὕ-

2001 885 2108 928 τως
2164 865 2250 921 ἐπὶ
2286 867 2539 930 Σικελίας
2571 869 2660 923 καὶ
2709 875 2817 924 τῶν
2853 870 3002 932 ἐκτὸς
3043 873 3142 940 τήν
3192 873 3370 947 ἀρχὴν
3402 871 3646 927 διοικεῖν.

2000 951 2368 1029 Ὑϐριοπαθῶν
2405 955 2450 1011 δ’
2482 961 2509 1012 6
2549 958 2773 1022 πάππας
2818 961 2956 1035 πρὸς
2986 966 3170 1031 ταῦτα,
3206 963 3375 1038 εὑρὼν
3412 959 3651 1036 δραστῆ-

2003 1067 2115 1121 ριον
2169 1045 2357 1122 ἄνδρα,
2417 1046 2648 1127 ἀδελφὸν
2701 1050 2871 1125 ῥηγὸς
2922 1057 3030 1107 τῶν
3081 1055 3466 1129 Φραντζίσκων
3525 1049 3648 1108 ὄντα

2000 1137 2088 1190 καὶ
2148 1136 2222 1198 εἰς
2268 1136 2492 1198 κόντους
2537 1141 2862 1213 τεταγμένον
2912 1140 3004 1194 τὸν
3037 1140 3344 1213 Κάρουλον,
3391 1142 3484 1195 τὸν
3529 1143 3646 1195 κατ’

1999 1224 2214 1280 ἐκείνων
2274 1227 2347 1288 ὡς
2408 1224 2568 1296 δῆθεν
2627 1226 2943 1283 ἀποστατῶν
3004 1230 3292 1305 ἐγχειρίζει
3348 1229 3646 1302 πόλεμον,

1996 1315 2153 1384 τάξας
2209 1313 2412 1370 ἐκεῖνον
2450 1362 2463 1387 ,
2525 1316 2600 1380 εἷς
2656 1319 2756 1387 τήν
2815 1318 2990 1373 αὐτῶν
3046 1319 3205 1395 ρἧα,
3253 1319 3340 1373 καὶ
3400 1317 3645 1388 πόλεμον

1998 1401 2256 1476 ἐμϐαλὼν
2307 1403 2533 1466 ἐκείνοις
2579 1405 2817 1461 ἐντεῦθεν
2874 1409 3176 1480 ἀκήρυκτον
3221 1411 3302 1481 [Ρ.
3352 1409 3474 1479 124]
3525 1410 3646 1466 Πῶς

1997 1492 2087 1547 οὖν
2139 1494 2190 1547 οἱ
2220 1493 2376 1548 τόσον
2413 1492 2798 1571 διαφερόμενοι
2828 1497 2963 1570 πρὸς
3003 1497 3095 1551 τὸν
3145 1494 3430 1566 Κάρουλον
3481 1497 3647 1568 ὁμαι-

1995 1588 2161 1658 χιιεῖν
2217 1583 2350 1655 μετά
2397 1588 2493 1638 τοῦ
2547 1583 2823 1659 βασιλέως
2873 1583 3107 1658 ἔμελλον
3159 1587 3421 1655 πώποσε;
3451 1586 3647 1656 ’Ὁμως

1992 1675 2054 1729 τὸ
2110 1671 2489 1746 μελετώμενον
2536 1673 2902 1746 ἀπεκρούσθη,
2952 1675 3041 1728 καὶ
3089 1676 3116 1730 6
3170 1675 3422 1750 βασιλεὺς
3457 1671 3640 1747 ἔμενεν

262 1767 424 1817 κοινοῖ)
453 1764 786 1839 προμήθεια,
834 1762 861 1815 δ
910 1764 1016 1814 τῶν
1067 1759 1406 1834 πραγμάτων
1458 1754 1616 1820 εἰδὼς
1644 1752 1884 1830 ἀκριϐῶς
1919 1806 1966 1871 Β
1997 1763 2082 1818 ἐπὶ
2132 1765 2338 1835 τρόπου
2381 1764 2469 1817 καὶ
2515 1764 2581 1817 τὰ
2634 1765 2799 1818 αὐτοῦ
2859 1763 3108 1838 ἔπραττε.
3158 1768 3233 1819 Τὰ
3293 1765 3338 1820 δ’
3395 1767 3532 1834 ἦσαν
3580 1765 3642 1818 τὸ

300 1855 312 1869 \
446 1849 465 1871 Χ
489 1854 498 1870 1
769 1849 788 1871 Ἰ
879 1849 939 1871 IV,
2002 1855 2030 1871 n
2106 1853 2125 1871 ἢ
2154 1855 2166 1871 I
2270 1855 2283 1871 ρ
2380 1855 2392 1871 Ι
2595 1854 2606 1871 \
2721 1851 2746 1870 ν
3103 1855 3128 1871 οι
3318 1856 3332 1871 ἢ
3479 1855 3524 1871 In

261 1855 347 1922 τὴν
382 1849 604 1925 μελέτην
642 1849 1034 1925 συνελογίζετο.

337 2022 397 2082 η’.
436 2014 506 2066 Τά
544 2012 684 2066 κατὰ
721 2006 1085 2086 τὸνλάδελφὸν
1128 2009 1467 2086 ᾊννηςπῆς
1509 2005 1804 2078 δεσποίνης

669 2082 858 2160 Μαφρὲ
897 2079 1114 2136 καὶ’τὸν
1160 2079 1458 2154 Κάρουλον.

321 2214 375 2268 Ἠ
404 2214 500 2286 γάρ
531 2217 702 2270 *Αννα
734 2210 1074 2286 Φρεδερίχου
1126 2211 1222 2284 μὶν
1266 2211 1331 2278 ἦν
1379 2209 1641 2284 θυγάτηρ,
1699 2210 1886 2284 Μαφρὲ

260 2297 298 2354 δ’
325 2299 650 2378 αὐταδέλφη,
673 2301 747 2362 ὡς
780 2301 807 2355 6
833 2299 996 2375 λόγος
1019 2300 1222 2377 φθάσας
1245 2296 1543 2371 ἐδήλωσεν,
1566 2300 1881 2353 ἀποστατῶν

260 2501 412 2555 vitate
442 2501 536 2556 tali
574 2517 829 2572 persona
880 2501 1058 2572 digna
1099 2506 1428 2556 monentem
1465 2501 1882 2571 patriarcham,

258 2590 499 2662 clareque
550 2590 803 2661 insuper
833 2589 1157 2645 minantem
1211 2606 1339 2645 sese
1388 2590 1579 2660 illum,
1611 2591 1659 2645 si
1712 2608 1883 2662 porro

262 2681 487 2751 cogitata
519 2684 914 2751 promoveret,
948 2697 978 2735 e
1009 2680 1222 2735 Christi
1253 2697 1493 2752 corpore
1525 2679 1681 2734 velut
1713 2697 1888 2735 mem-

263 2770 408 2824 brum
445 2769 749 2842 putridum
784 2773 842 2823 et
897 2768 1252 2824 curationem
1289 2785 1566 2840 respuens
1591 2769 1886 2823 abscissu-

261 2875 396 2926 ram,
428 2859 716 2914 reveritus
748 2857 1084 2928 imperator,
1117 2862 1219 2912 aut
1253 2859 1443 2923 potius
1484 2858 1765 2913 confusus
1795 2859 1889 2912 de-

271 2948 535 3019 prehensa
564 2948 764 3017 turpis
793 2948 909 3004 voti
943 2949 1322 3017 conscientia,
1363 2956 1756 3020 eventumque
1790 2951 1890 3003 de-

265 3053 486 3108 sperans
520 3037 698 3110 empti
755 3037 1030 3092 facultate
1070 3038 1247 3108 (quod
1299 3055 1428 3092 sero
1478 3038 1786 3100 sentiebat)
1834 3044 1891 3093 et

263 3127 463 3181 viribus
485 3127 839 3198 superioris,
873 3128 1114 3197 insuper
1141 3133 1409 3182 metuens
1442 3143 1512 3182 ne
1543 3134 1764 3182 veteres
1799 3145 1891 3199 pa-

1990 2323 2144 2376 τερον
2203 2301 2504 2375 ἐπιθέμενοι
2547 2348 2561 2362 .

2001 1853 2204 1929 βουλὰς
2265 1855 2504 1932 ὑφαίνειν
2560 1854 2650 1909 σὺν
2712 1851 3019 1930 ἄρχουσιν,
3099 1855 3248 1917 ὅπως
3308 1855 3644 1923 ἀνακτίζοιτο

2001 1944 2097 2014 μὲν
2155 1947 2189 2014 ἡ
2248 1943 2412 2002 πόλις
2469 1941 2557 1998 διὰ
2612 1944 2823 2020 ταχέων
2869 1943 2952 1999 ἐπ’
2985 1942 3178 2016 ἀδήλῳ
3235 1949 3312 2016 τῷ
3360 1945 3412 1998 τί
3443 1943 3644 2001 Ἰταλοὶ

1998 2040 2247 2110 φρονοῖεν
2279 2033 2402 2108 περί
2435 2035 2602 2102 αὐτῆς
2631 2033 2772 2108 (δέος
2813 2033 2915 2109 γάρ
2953 2036 3028 2107 μὴ
3081 2035 3297 2112 ἀφανῶς
3327 2033 3642 2107 ἐπιθοῖντο),

1996 2123 2146 2184 ὅπως
2203 2120 2261 2178 δὲ
2316 2122 2623 2200 φυλαχθείη
2683 2122 2982 2195 Ῥωμαίοις
3030 2124 3357 2178 ἐπιστάντων
3401 2123 3640 2189 ἐκείνων,

1994 2213 2084 2266 καὶ
2135 2213 2209 2286 μὴ
2261 2215 2510 2289 φανέντες
2546 2212 2832 2291 λαφύξαιεν
2865 2215 2938 2275 ὡς
2994 2212 3045 2284 ἐξ
3099 2214 3338 2290 ἀνάγκης
3388 2214 3642 2289 κραταιό-

2621 2302 2757 2358 Οὐδὲ
2813 2302 2914 2378 γὰρ
2967 2305 3192 2379 ἠρεμεῖν
3247 2303 3376 2358 οὐδὲ
3449 2303 3641 2378 μικρὸν

1996 2521 2060 2557 ac
2090 2503 2320 2574 placitis
2344 2505 2707 2559 moderantis
2732 2504 3045 2560 Ecclesiam
3070 2504 3358 2574 volebant,
3388 2506 3488 2560 sed
3515 2505 3649 2558 affe-

1997 2593 2234 2648 rtabant
2257 2595 2742 2666 usurpabantque
2775 2594 2996 2650 nemini
3016 2594 3329 2650 obnoxiam
3352 2594 3648 2649 licentiam

1995 2683 2203 2752 agendi
2237 2689 2284 2738 el
2313 2684 2612 2738 statuendi
2638 2688 2810 2753 prout
2841 2683 3065 2745 liberet,
3090 2701 3155 2738 ac
3179 2682 3260 2737 sic
3285 2688 3397 2736 tam
3427 2682 3483 2736 in
3508 2683 3649 2737 Sici-

1998 2772 2076 2826 lia
2096 2789 2268 2842 quam
2291 2781 2570 2842 extrema,
2593 2771 2763 2843 pleno
2780 2778 2835 2826 et
2854 2772 3078 2825 nullum
3103 2776 3449 2841 agnoscente
3472 2787 3644 2840 supe-

2000 2863 2208 2918 riorem
2241 2863 2526 2930 dominio,
2560 2878 2819 2933 regnare.
2864 2865 3122 2928 Quarum
3180 2859 3641 2914 inlolerabiiium
3694 2894 3701 2902 ι

1999 2952 2350 3022 iniuriarum
2377 2957 2586 3005 nactus
2613 2968 2760 3022 papa
2797 2951 3071 3004 idoneum
3098 2949 3344 3004 ultorem
3371 2948 3640 3003 Carolum

2003 3046 2235 3097 fratrem
2258 3040 2408 3110 regis
2431 3041 2803 3104 Francorum,
2830 3056 2892 3092 ex
2913 3043 3215 3092 contorum
3232 3037 3640 3092 sivecomilum

2001 3131 2222 3191 ordine,
2258 3129 2442 3184 virum
2490 3133 2820 3197 strenuum,
2855 3128 3006 3184 bello
3055 3143 3188 3182 eum
3221 3126 3480 3196 praefecit
3527 3124 3640 3180 illis

261 3216 502 3272 triarehaa
535 3217 592 3271 in
652 3233 715 3270 se
745 3215 1095 3271 olTensiones
1124 3217 1198 3271 ob
1231 3222 1490 3271 amotum
1531 3218 1606 3272 ab
1656 3217 1886 3288 imperii
1919 3254 1959 3319 α
2000 3218 2177 3274 veluti
2215 3215 2531 3271 rebellibus
2556 3220 2610 3270 et
2641 3217 2924 3287 apostatis
2949 3213 3190 3281 indicto,
3221 3231 3465 3286 regnum
3493 3212 3642 3285 ipsis

255 3306 475 3378 collegio
505 3307 800 3362 Joannem
839 3306 1159 3369 relricaret,
1194 3323 1259 3360 ac
1277 3311 1428 3360 clare
1453 3308 1683 3360 tandem
1720 3307 1885 3360 intel-

254 3393 421 3466 ligens
454 3398 677 3450 frustra
711 3411 772 3449 se
805 3395 998 3448 fucum
1035 3395 1470 3466 perspicacibus
1504 3397 1654 3451 185
1700 3399 1886 3451 facere

258 3489 508 3539 conatum
538 3487 892 3554 erumpente
921 3484 978 3537 in
1015 3483 1280 3538 notitiam
1305 3484 1455 3539 male
1486 3489 1638 3539 tecta
1661 3485 1882 3552 fraude,

258 3574 568 3644 remigium,
608 3580 679 3627 ut
709 3575 792 3627 sic
816 3572 1044 3644 loquar,
1075 3573 1351 3640 inhibuit,
1384 3580 1439 3628 et
1460 3576 1628 3645 quasi
1655 3592 1689 3629 a
1711 3591 1886 3630 cursu

257 3668 451 3718 temere
482 3663 658 3718 initio
689 3679 750 3717 se
783 3661 1108 3733 reprimens
1140 3662 1428 3730 incubuit,
1463 3663 1615 3734 quod
1653 3663 1886 3730 dicitur,

252 3751 300 3805 in
326 3769 583 3822 porram,
622 3758 777 3806 retro
809 3750 1020 3806 cessim
1046 3752 1305 3820 nitendo,
1339 3769 1487 3807 novo
1526 3753 1793 3808 videlicet
1824 3771 1890 3806 ex

255 3855 308 3894 re
335 3847 495 3911 capto
555 3840 828 3909 consilio,
889 3840 1224 3894 dimittendi
1258 3842 1326 3895 ad
1381 3859 1488 3896 sua
1513 3843 1744 3914 copioso
1805 3843 1889 3896 in-

254 3933 520 3986 structam
555 3930 773 3984 viatico
805 3928 1098 3984 dominam
1125 3931 1372 3998 Annam,
1400 3936 1672 3985 caeterum
1702 3937 1892 4001 postu-

256 4017 370 4073 lans
399 4038 531 4074 cum
569 4037 644 4074 ea
678 4017 1001 4088 permutari
1033 4023 1090 4071 et
1111 4019 1367 4072 vicissim
1395 4019 1640 4074 liberum
1677 4021 1889 4075 dimitti

256 4107 530 4164 Caesarem
556 4107 716 4180 apud
745 4106 1105 4161 Maniredum
1130 4115 1309 4162 Anna:
1337 4110 1569 4163 fratrem
1596 4111 1891 4164 detentum

255 4212 314 4250 eo
343 4198 561 4269 quippe
595 4195 766 4250 illum
793 4212 824 4248 a
855 4212 917 4249 se
950 4193 1100 4249 bello
1133 4201 1370 4267 captum
1408 4199 1538 4267 ejus
1570 4215 1735 4253 socer
1766 4200 1899 4253 des-

255 4292 382 4355 pota
413 4284 662 4340 Michael
695 4285 1027 4338 ducendum
1076 4291 1399 4351 curaverat,
1436 4290 1498 4340 ut
1529 4287 1746 4341 dictum
1789 4289 1897 4343 est.

256 4379 424 4429 Porro
456 4376 634 4430 istam
678 4375 749 4427 ab
781 4373 1130 4443 imperatore
1163 4379 1514 4430 ostentatum
1549 4375 1900 4431 sollicitudi-

257 4480 378 4520 nem
404 4466 770 4538 praecavendi
797 4481 867 4519 ne
890 4466 1121 4535 cognati
1145 4467 1320 4520 Annae
1342 4469 1618 4539 Augustm
1645 4484 1776 4522 cum
1803 4484 1901 4522 ra:-

258 4556 389 4612 teris
431 4557 663 4612 Latinis
699 4557 1129 4627 conspirarent,
1163 4558 1305 4612 nihil
1339 4559 1450 4613 nisi
1484 4576 1695 4613 vanum
1729 4567 1786 4614 et
1819 4561 1900 4613 in-

1996 3313 2260 3378 ereptum
2290 3305 2373 3361 illi
2410 3306 2676 3361 tribuens
2709 3323 2883 3376 quam
2917 3303 3294 3375 optimojure
3322 3303 3636 3374 possiden-

1993 3399 2154 3466 dum,
2190 3397 2235 3449 si
2261 3413 2359 3451 eos
2389 3397 2437 3448 vi
2465 3401 2518 3450 et
2543 3398 2724 3449 armis
2750 3396 2883 3449 inde
2908 3394 3184 3466 pelleret;
3213 3395 3268 3447 id
3295 3395 3446 3466 quod
3469 3410 3637 3447 sum-

1996 3503 2093 3540 ma
2124 3502 2229 3556 ope
2260 3490 2398 3538 tunc
2431 3483 2844 3538 cum'maxime
2877 3482 2970 3536 ille
3002 3482 3214 3536 ardens
3238 3481 3499 3551 nihilque
3525 3497 3638 3535 non

1997 3591 2237 3629 movens
2269 3574 2608 3628 conabatur.
2643 3574 2944 3637 Quodnam
2978 3587 3136 3642 ergo,
3169 3586 3386 3640 quzeso,
3419 3570 3642 3641 pericu-

1995 3663 2118 3717 lum
2148 3667 2291 3726 erat,
2317 3679 2388 3717 ne
2419 3662 2515 3716 isti
2541 3661 2692 3715 186
2717 3678 2847 3716 cum
2873 3659 3072 3714 Carolo
3096 3658 3431 3714 communis
3453 3659 3509 3713 in
3536 3675 3642 3713 nos

1998 3752 2386 3823 expeditionis
2403 3752 2740 3804 societatem
2775 3749 3013 3817 inirent,
3029 3748 3271 3818 quicum
3287 3747 3642 3818 capitalibus

2001 3840 2302 3896 commissi
2337 3840 2485 3895 odiis
2518 3839 2878 3892 internecino
2910 3837 3062 3891 bello
3094 3837 3163 3890 de
3187 3839 3342 3890 statu
3367 3840 3425 3890 et
3456 3835 3644 3890 salute

2003 3929 2411 3984 dimicabant?
2443 3928 2502 3981 1n
2537 3928 2694 3982 hunc
2727 3927 2964 3980 modum
2998 3925 3108 3979 illae
3151 3925 3221 3977 de
3255 3941 3398 3978 novo
3441 3925 3644 3992 conju-

2003 4020 2096 4090 gio
2127 4017 2496 4087 imperatoris
2516 4016 2898 4086 cogitationes
2916 4018 3301 4078 evanuerunt,
3328 4012 3453 4082 ipso
3487 4013 3542 4064 in
3568 4012 3648 4064 of-

2006 4108 2134 4163 ficio
2164 4110 2540 4179 permanente
2556 4121 2618 4158 ac
2641 4104 2709 4157 de
2729 4109 2933 4158 caetero
2954 4102 3176 4157 intento
3193 4105 3366 4156 rebus
3389 4099 3531 4155 suis.
3554 4103 3647 4155 In-

2005 4205 2092 4253 ter
2105 4213 2251 4268 quas
2270 4213 2301 4265 q
2315 4213 2396 4248 uae
2411 4200 2548 4248 tunc
2565 4195 2869 4265 urgebant,
2888 4190 3510 4246 erantdeliberationes
3527 4206 3652 4243 cre-

2006 4290 2110 4342 bro
2126 4284 2533 4340 abillohabitzc
2549 4300 2676 4338 enm
2711 4281 2914 4353 primis
2929 4296 3168 4336 suorum
3184 4281 3253 4334 de
3269 4279 3651 4334 restaurando.

2010 4373 2451 4448 quamprimum
2489 4373 2649 4435 urbe,
2681 4372 2885 4440 sicque
2918 4371 3075 4423 omni
3114 4370 3516 4438 praesidiorum
3551 4385 3651 4439 ge-

2011 4482 2147 4521 nere
2178 4471 2234 4518 et
2263 4464 2499 4517 intenta:
2530 4459 2740 4532 vigilia:
2787 4461 3048 4514 custodia
3084 4458 3395 4524 firmanda,
3430 4463 3492 4511 ut
3522 4473 3648 4528 quae

2013 4571 2224 4612 arcano
2257 4551 2585 4622 comparari
2620 4551 2952 4604 ferebantur
2966 4549 3031 4600 ad
3051 4564 3176 4600 eam
3194 4547 3650 4618 recuperandam

260 4648 633 4702 verisimilem
656 4655 997 4717 praetextum
1025 4649 1205 4703 fuisse
1228 4651 1384 4703 vafra
1406 4649 1782 4705 simulatione
1803 4650 1899 4704 ob-
1939 4635 1980 4698 Ῑ)
2015 4645 2306 4700 insidiosze
2338 4641 2672 4695 molitiones
2711 4637 3068 4698 Latinorum,
3104 4636 3572 4706 quandocumque
3594 4633 3651 4687 in

259 4739 479 4792 tentum
531 4736 744 4792 vitioso
777 4739 958 4793 amori
993 4755 1103 4808 quo
1151 4738 1457 4809 ﬂagrabat,
1491 4739 1683 4811 palam
1717 4757 1895 4811 appa-

257 4825 366 4881 ruit
396 4833 624 4884 statum
661 4845 852 4883 rerum
887 4835 1028 4885 tunc
1056 4829 1385 4886 Italicarum
1408 4848 1475 4885 ex
1495 4848 1626 4886 vero
1660 4832 1897 4886 scienti-

256 4917 379 4974 bus.

249 5059 297 5113 8.
332 5061 404 5117 De
445 5065 629 5131 [mire
659 5062 901 5121 domiin
944 5066 1118 5122 Arma;
1162 5065 1461 5135 Man/reda,
1494 5070 1543 5120 et
1576 5066 1642 5120 de
1684 5067 1896 5122 Carolo.

321 5187 656 5242 Fridericus
677 5187 832 5242 enim
858 5193 914 5243 et
935 5189 1552 5260 Manfredus,quorum
1581 5190 1745 5243 illum
1771 5190 1898 5258 qui-

257 5273 385 5328 dem
437 5277 620 5330 Annas
654 5283 900 5348 patrem,
936 5278 1088 5333 hunc
1121 5282 1355 5333 fratrem
1407 5280 1589 5334 fuisse
1620 5280 1900 5346 diximus,

259 5364 428 5419 ambo
462 5382 497 5418 a
529 5381 680 5436 papa
710 5371 766 5421 et
799 5384 961 5438 papae
984 5368 1248 5439 partibus
1277 5369 1631 5432 defecerant,
1656 5374 1710 5423 et
1744 5369 1899 5422 utibi

261 5450 679 5523 loquebantur,
732 5460 1217 5512 excommunicati
1254 5459 1326 5511 ab
1360 5459 1612 5514 Ecclesia
1645 5459 1904 5530 ipsorum

258 5557 398 5597 suas
430 5543 551 5598 sibi
602 5546 848 5600 seorsim
883 5563 974 5602 res
1026 5547 1338 5604 habebant.
1389 5549 1511 5603 Non
1546 5547 1700 5602 enim
1754 5546 1907 5603 sicut

260 5630 450 5685 caeteri
486 5631 891 5706 obtemperare
914 5652 978 5690 ac
1004 5653 1064 5690 se
1097 5637 1418 5708 morigeros
1451 5637 1910 5708 praeberejussis

2008 4736 2126 4789 vim
2145 4733 2498 4804 erupissent,
2515 4745 2791 4785 successu
2818 4727 3260 4782 frustrarentur.
3275 4725 3656 4780 Timebantur

2009 4825 2166 4878 enim
2199 4820 2438 4877 occultae
2470 4823 2621 4874 artes
2653 4824 2706 4872 et
2739 4817 3130 4888 proditionum
3165 4816 3418 4870 fraudes.
3447 4815 3654 4886 Copia-

2010 4930 2137 4969 rnm
2155 4927 2389 4984 quoque
2403 4925 2468 4964 ac
2485 4912 2822 4964 eceterorum
2839 4910 3224 4978 apparatuum
3257 4903 3391 4959 belli
3411 4905 3656 4960 curaba-

2007 5006 2195 5071 tur,ut
2225 5006 2452 5057 tantum
2475 5004 2630 5054 esset
2658 4999 2726 5052 ad
2755 5014 2992 5052 manum
3027 5000 3312 5067 quantum
3349 5013 3497 5065 opus
3537 4998 3661 5048 erat

2011 5096 2081 5149 ad
2118 5091 2573 5165 prohibendum,
2609 5104 2678 5143 ne
2711 5086 2903 5141 statim
2957 5089 3129 5155 atque
3163 5085 3216 5138 in
3279 5088 3655 5153 conspectum

2013 5185 2174 5238 urbis
2208 5181 2461 5236 venisset
2492 5175 2879 5234 formidabilis
2919 5173 3031 5238 ille,
3068 5191 3241 5244 quem
3279 5178 3431 5228 fama
3455 5189 3483 5226 e
3538 5175 3662 5224 erat

2014 5271 2308 5336 adornari,
2333 5268 2622 5324 exercitus
2645 5266 3074 5329 ltalorum,eam
3099 5259 3563 5330 absorberet,sed
3590 5260 3659 5311 ab

2011 5355 2658 5429 illorun'iﬂquantuinvis
2679 5351 3125 5410 vehementibus
3148 5349 3551 5406 defenderetur
3568 5345 3658 5398 in-

2015 5452 2271 5506 sultilnus
2293 5457 2348 5503 et
2372 5449 2632 5502 Romano
2657 5443 2901 5516 imperio
2925 5445 3268 5494 servaretur.
3306 5439 3662 5504 Frcquentes

2017 5558 2186 5614 porro
2205 5536 2605 5593 memorabant
2630 5533 2817 5588 nuntii
2842 5530 2996 5586 haud
3021 5544 3248 5583 cessare
3277 5524 3393 5580 ulla
3418 5525 3472 5578 in
3502 5529 3661 5593 parte

2023 5630 2220 5696 Italos,
2239 5627 2337 5682 sed
2358 5626 2414 5680 in
2430 5623 2812 5695 expeditionis
2835 5628 3116 5695 apparatu
3134 5615 3351 5688 duplici
3367 5617 3517 5669 totos
3534 5628 3663 5667 esse
