4018 6198
311 223 418 276 627

1615 219 1920 275 GEORGII
1957 219 2419 276 PACHYMERB

3604 234 3700 291 628

306 344 599 415 ἠκούοντο,
629 339 773 395 ἀλλά
804 339 998 394 στόλον
1034 340 1290 412 μέγιστον
1319 340 1424 393 ἀπὸ
1464 345 1568 413 γῆς
1618 341 1707 393 καὶ
1756 335 1951 392 θαλάσ·
1980 339 2037 405 Α
2065 338 2260 393 ἱκανῶν
2319 339 2394 403 εἷς
2441 341 2708 416 γεωργίαν
2755 347 2864 396 τῶν
2915 343 3191 420 ἀρουρῶν,
3248 345 3387 403 ὅπου
3433 351 3490 404 ἃν
3536 352 3706 423 εἴησαν

307 455 406 503 σης
436 431 570 486 κατᾶ
597 436 696 498 τῆς
728 428 944 489 πόλεως
978 427 1342 502 ἐξαρτύεσθαι.

307 553 367 604 θ’.
427 550 614 619 ’Όπως
673 543 903 619 σανίσινΔ
939 545 1267 619 ἀνυψοῦντα
1311 545 1378 599 τά
1431 545 1568 619 πρὸς
1619 549 1688 617 τῇ
1749 542 1951 619 θαλάσ-

378 641 443 691 σῃ
497 615 676 691 τείχῃ,
735 617 827 671 καὶ
884 613 974 671 διὰ
1022 613 1103 674 τί.
1170 617 1274 671 Καὶ
1334 613 1483 691 περὶ’
1518 613 1830 689 ἑτοιμασίας
1857 619 1952 670 τοῦ

380 687 672 764 βασιλέῶξ.

376 785 587 843 Ἐδόκει
635 792 764 860 γοῦν
823 789 958 860 πρὸς
1023 787 1091 840 τά
1163 787 1507 861 παραστάντα
1582 784 1670 840 διὰ
1741 785 1952 860 ταχέων

306 879 542 952 ἀνυψοῦν
602 877 668 931 τά
715 877 875 951 τείχη
907 880 1008 940 τῆς
1040 874 1280 943 πόλεως,
1330 877 1417 930 καὶ
1455 873 1668 947 μᾶλλον
1723 876 1790 928 τά
1819 874 1956 948 πρὸς

300 972 370 1040 τῇ
423 965 684 1038 θαλάσσῃ,
735 964 766 1019 ἃ
817 963 882 1032 δὴ
933 963 1021 1018 καὶ
1073 964 1340 1039 χθαμαλὰ
1386 965 1541 1032 ἦσαν·
1587 963 1813 1023 εῗκὸτως
1863 973 1954 1025 01-

297 1055 800 1130 λασσοκρατοῦντος
882 1053 1005 1107 τότε
1089 1057 1185 1107 τοῦ
1264 1054 1496 1126 πρώτως
1582 1051 1954 1125 ἀνεγείραντος

301 1143 709 1201 Κωνσταντίνου
755 1147 850 1195 τοῦ
900 1141 1008 1216 οὐχ
1037 1143 1200 1210 ἦττον
1251 1143 1313 1196 τὸ
1356 1137 1514 1203 σέϐας
1547 1140 1580 1209 ἢ
1613 1142 1706 1201 τὰς
1739 1139 1958 1214 πράξεις

309 1233 562 1308 μεγίστου
598 1277 610 1300 ,
669 1229 1083 1306 κατεπείγοντος
1137 1229 1195 1284 δὲ
1246 1235 1342 1284 τοῦ
1394 1234 1628 1304 καιροῦ,
1684 1227 1801 1284 ἐπεὶ
1861 1227 1959 1282 οὐκ

308 1322 488 1396 ἔχοιεν
543 1321 764 1394 πέτραις
801 1319 892 1373 σῦν
941 1323 1142 1391 τιτάνῳ
1189 1321 1288 1387 τὴν
1335 1317 1765 1391 ἀνοικοδόμησιν
1811 1317 1955 1371 ἐκτε-

307 1409 446 1480 λεῖν,
503 1410 718 1482 μόσυσι,
747 1408 919 1462 σανίσι
949 1408 1232 1469 πλατείαις
1276 1408 1363 1462 καὶ
1416 1407 1709 1480 ἐπιμήκεσι
1755 1405 1847 1459 σῦν
1878 1411 1957 1476 τῷ

303 1501 394 1554 καὶ
428 1494 685 1573 στιϐαράς
735 1499 870 1571 πρὸς
921 1498 984 1551 τὸ
1032 1503 1151 1559 ταῖς
1182 1495 1466 1572 ἐπιφοραῖς
1519 1497 1765 1570 ἀντέχειν
1803 1496 1955 1561 εἶναι,

303 1588 429 1650 τοῦς
477 1609 535 1642 τε
581 1587 818 1661 π·5ργους
867 1587 953 1640 καὶ
1003 1586 1068 1640 τα
1121 1585 1282 1660 τείχη
1344 1589 1721 1658 προσανυψοῦν
1756 1627 1770 1654 ,
1819 1584 1955 1659 πρὸς

308 1676 366 1732 δέ
435 1698 495 1750 γε
543 1676 606 1730 τὸ
674 1676 956 1750 αὐτάρκως
1012 1671 1158 1748 ἔχειν
1226 1679 1334 1728 τῶν
1412 1673 1738 1744 ἀνοεξόντων
1803 1671 1953 1734 ἐντὸς

309 1768 523 1834 πλῆθος
587 1769 930 1838 στρατιωτῶν
984 1758 1173 1835 ἔξωθεν
1231 1762 1559 1834 εἷσοικίζειν,
1619 1761 1764 1831 πλὴν
1829 1760 1953 1816 έλα-

309 1859 457 1931 φρῶν
509 1853 583 1915 ὠς
637 1853 783 1914 ἐντὸς
840 1851 1108 1923 μενόντων
1141 1851 1225 1906 ἐπὶ
1259 1855 1356 1905 τοῦ
1384 1855 1482 1916 τῆς
1514 1851 1700 1925 μάχης
1732 1855 1946 1925 καιροῦ,

298 1946 360 2012 ἣν
422 1940 478 1997 δέ
532 1963 590 1996 τε
646 1939 757 1996 δέοι
812 1941 900 1994 καὶ
959 1940 1066 1994 ἀπὸ
1096 1948 1199 2013 γῆς
1239 1939 1477 2017 ἐκφέρειν
1509 1940 1779 2012 πόλεμον,
1814 1940 1947 1993 εἶναι

297 2031 426 2093 τοῦς
501 2031 979 2102 ῦποστησομένους
1052 2029 1110 2083 ἐκ
1193 2027 1606 2103 στρατευμάτων
1694 2026 1942 2103 μεγάλων

304 2120 605 2196 βασιλικῶν
642 2164 655 2175 .
709 2119 782 2173 Ti
834 2116 892 2173 δέ
949 2139 1011 2193 γε
1066 2125 1165 2187 τῆς
1220 2125 1432 2195 τροφῆς
1486 2117 1694 2185 αὐτοῖς,
1757 2118 1801 2172 εί
1859 2114 1944 2170 έπί

303 2211 568 2282 μήκιστον
626 2207 987 2281 παραμένοιεν
1042 2209 1506 2282 προσκαθήμενοι,
1556 2205 1790 2279 ἑτοίμως
1838 2205 1943 2259 ἀπὸ

299 2304 399 2366 τῆς
460 2297 674 2361 πόλεως
729 2294 1104 2369 ἑτοιμάζεσθαι
1139 2316 1151 2330 ο
1221 2295 1578 2371 εἶ’σαχθέντων
1637 2296 1736 2371 γάρ
1799 2298 1940 2370 βοῶν

311 2513 449 2552 nam
483 2501 541 2552 et
577 2497 822 2551 classem
856 2496 1232 2552 instruebant
1263 2496 1604 2563 maximam,
1637 2513 1763 2565 qua:
1803 2495 1952 2551 mari

311 2602 435 2644 rem
469 2589 717 2657 gereret,
767 2589 824 2640 et
854 2589 1188 2640 terrestrem
1222 2584 1538 2640 exercitum
1573 2584 1950 2655 praevalidum

317 2674 650 2741 armabant,
684 2691 794 2744 quo
828 2673 967 2730 urbs
1003 2674 1393 2744 undecunque
1424 2677 1880 2745 oppugnaretur.

307 2792 361 2844 9.
400 2792 460 2847 Ut
490 2792 688 2844 mania
720 2789 877 2844 urbis
907 2804 1032 2859 quae
1059 2803 1213 2843 mare
1240 2793 1490 2858 spectant
1517 2792 1772 2858 suggestu
1796 2788 1954 2842 tabu-

381 2864 564 2917 larum
621 2866 789 2918 aucta
846 2861 981 2930 sint,
1015 2868 1069 2915 et
1121 2876 1287 2930 quam
1333 2861 1397 2915 ob
1427 2877 1678 2915 causam.
1727 2863 1864 2914 Tum
1892 2859 1956 2915 de

377 2943 574 2990 caetero
606 2932 954 3004 imperatoris
981 2934 1278 3003 apparatu.

2057 426 2211 482 αῦται
2241 429 2330 483 καὶ
2362 431 2488 504 παρ’
2542 432 2615 484 ὧν
2673 434 3025 507 κατέχοιντο,
3073 439 3183 488 τῶν
3235 434 3385 500 ἐντὸς
3437 437 3574 517 λέγω
3617 453 3706 515 τῆς

2057 515 2294 590 πόλεως,
2344 519 2540 581 αὐτοὺς
2591 527 2854 596 γεωργεῖν
2912 517 3062 596 ἔχεὶν
3113 529 3370 588 νεοῦντας
3426 515 3520 582 καῖ
3570 536 3709 588 σπεί-

2060 626 2251 681 ροντας
2311 607 2398 661 καὶ
2461 608 2812 681 θερίζοντας,
2868 611 2945 672 ὡς
2996 611 3132 666 εἶναι
3191 613 3283 668 καὶ
3340 619 3459 678 τοῖς
3517 619 3709 694 ἀνθρώ-

2058 716 2183 756 ποις
2216 697 2457 770 αὐταρκη
2508 699 2742 775 τροφήν,
2778 701 2860 771 [Ρ.
2897 702 3021 773 125]
3068 703 3207 775 πρὸς
3255 708 3334 774 τῷ
3384 706 3474 759 καὶ
3523 710 3709 784 ταρίχη

2059 787 2489 859 προεισαχθῆναι
2522 791 2683 841 τοῦτο
2725 788 2824 860 μὲν
2874 788 2927 859 ἐξ
2966 789 3122 844 ὑείων
3157 797 3331 865 κρεῶν
3381 799 3547 850 τοῦτο
3578 795 3632 853 δέ
3658 821 3712 874 γε

2060 872 2148 925 καὶ
2180 871 2240 926 ἐκ
2283 874 2379 926 τοῦ
2425 877 2531 927 τῶν
2583 870 2877 947 προϐάτων
2920 875 3222 950 γάλακτος,
3273 881 3365 934 καὶ
3396 884 3558 956 χιλὸν
3605 870 3712 948 τοῖς

2059 961 2252 1022 ’ἰπποις
2285 963 2744 1036 προσαπομένειν,
2777 964 2913 1017 εἶναι
2946 961 3005 1020 δὲ
3054 967 3146 1020 καὶ
3197 974 3532 1046 γεωργοῦσιν
3580 972 3713 1037 ἐντὸς

2060 1050 2127 1104 τά
2184 1049 2235 1111 ἐς
2292 1051 2499 1128 τροφὴν
2579 1051 2927 1125 ἀνθρωπίνην
2985 1058 3092 1108 τῶν
3154 1057 3307 1123 ζώων
3389 1057 3441 1128 ἐξ
3496 1060 3712 1135 ἀνάγκης

2061 1139 2474 1214 περιγινόμενα,
2523 1141 2598 1204 ὡς
2637 1141 2850 1218 τρέφειν
2909 1143 3122 1198 ἱκπνως
3184 1143 3399 1220 ἔχουσι.
3464 1146 3718 1223 Περιϐλήο

2068 1249 2207 1300 ματα
2257 1225 2313 1282 δὲ
2362 1227 2422 1282 ἐκ
2468 1229 2664 1304 βοείων
2719 1227 3005 1305 δερμάτων
3048 1238 3172 1296 ταῖς
3206 1234 3414 1290 σανίσιν
3469 1237 3717 1304 ἐπιτεθεῖ-

2065 1318 2206 1388 σθαι,
2260 1318 2336 1389 μή
2384 1319 2469 1371 καὶ
2524 1323 2632 1393 πῦρ
2689 1318 3008 1381 έναῦσαντες
3048 1320 3320 1378 ἐκκαίοιεν
3355 1326 3408 1378 οἱ
3441 1327 3712 1401 πολέμιοι.

2063 1407 2143 1461 Τὰ
2176 1407 2270 1477 μὲν
2321 1403 2412 1460 οὖν
2455 1410 2561 1460 τῶν
2596 1405 2828 1462 σανίδων
2880 1407 2958 1470 είς
2989 1411 3144 1485 ἔργον
3179 1407 3363 1483 ἐξέϐη,
3412 1415 3504 1469 καὶ
3533 1418 3712 1493 πύργοι

2069 1495 2162 1566 μὲν
2209 1494 2281 1555 ὡς
2331 1495 2416 1548 ἐπὶ
2463 1501 2607 1568 τρεῖς
2641 1497 2941 1568 ἀνυψοῦντο
2978 1500 3208 1573 πήχεις,
3240 1501 3407 1576 τείχη
3444 1501 3502 1557 δὲ
3531 1505 3715 1561 ἀναλό-

2063 1603 2172 1657 γως
2221 1588 2336 1646 τοῖς
2378 1583 2606 1658 πύργοις
2635 1586 2732 1652 τὴν
2762 1582 2930 1656 αὔξην
2966 1583 3306 1659 ἐλάμϐανον·
3359 1593 3426 1646 τα
3457 1590 3515 1647 δὲ
3561 1593 3713 1650 λοιπὰ

2069 1673 2441 1744 ὑπερετίθεντο
2495 1675 2567 1735 ὡς
2618 1673 2706 1728 ἐπὶ
2757 1680 2957 1750 καιροῦ
3005 1680 3324 1752 πράξοντες.
3379 1684 3454 1738 Τὸ
3510 1682 3556 1739 δ’
3602 1685 3715 1741 ἰλα-

2067 1767 2223 1836 φροῐς
2272 1763 2379 1816 τῶν
2432 1764 2780 1836 στρατιωτῶν
2828 1764 3054 1835 οἰκίζειν
3110 1770 3212 1836 τήν
3261 1771 3431 1826 πόλιν
3470 1775 3558 1828 ναὶ
3606 1774 3714 1831 λίαν

2056 1847 2138 1903 ἐπ’
2194 1849 2431 1925 ἀνάγκης
2492 1855 2665 1926 εἶχεν,
2725 1854 2865 1908 ὅπου
2924 1877 2989 1929 γε
3046 1856 3139 1911 καὶ
3192 1857 3413 1914 Λάκωσι
3456 1861 3718 1928 πλείστοις

2055 1937 2272 2013 ὕστερον
2326 1938 2385 1993 ἐκ
2441 1945 2538 1994 τοῦ
2588 1943 2807 2016 Μορέου
2856 1943 3186 2020 ἀφιγμένοις
3243 1947 3572 2025 ἐπιμερίσας
3624 1955 3707 2010 τό·

2054 2047 2188 2088 ποῦς
2221 2026 2308 2080 ἐπὶ
2338 2035 2438 2096 τῆς
2472 2027 2688 2092 πόλεως
2735 2037 2971 2106 παρεῖχε
3015 2041 3290 2089 κατοικεῖν
3343 2039 3419 2103 ὡς
3448 2040 3704 2117 αὐτόχθο-

2055 2137 2128 2183 σι,
2187 2115 2276 2170 καὶ
2338 2112 2527 2192 ῥόγαις
2586 2119 2827 2189 ἐτησίοις
2883 2118 3234 2195 δωρούμενος
3291 2128 3387 2182 καὶ
3445 2112 3708 2194 πλείστοις

2053 2201 2246 2268 ἄλλοις
2302 2205 2744 2282 φιλοτιμήμασιν
2803 2207 2892 2262 ἐπὶ
2968 2210 3210 2275 πολλοῖς
3268 2217 3362 2271 καὶ
3427 2217 3575 2282 ἐντὸς
3627 2223 3704 2275 καὶ

2051 2290 2204 2354 ἐκτὸς
2257 2291 2485 2367 ἐχρῆτο,
2536 2295 2610 2356 ὼς
2653 2294 2800 2366 ἀξίαν
2854 2291 3054 2372 τριϐὴν
3114 2299 3165 2354 ἐν
3199 2300 3479 2376 πολέμοις
3511 2304 3705 2382 ἔχουσι.

2060 2494 2356 2564 tendoque
2387 2496 2744 2553 conficerent
2777 2499 3058 2560 frumenti
3090 2507 3244 2576 quod
3280 2513 3444 2564 esset
3473 2525 3615 2582 opus
3641 2511 3704 2566 ad

2063 2599 2358 2671 annonam
2392 2584 2449 2638 in
2484 2585 2628 2641 urbe
2659 2587 3029 2662 degentium,
3063 2595 3263 2652 addita
3294 2612 3480 2668 quam
3513 2600 3709 2671 pariter

2062 2670 2216 2725 intro
2249 2673 2484 2744 congeri
2517 2675 2763 2731 curabat
2791 2679 2962 2750 copia
2987 2697 3199 2751 magna
3229 2670 3579 2742 duratorum
3600 2687 3706 2743 sale

2064 2776 2131 2815 ac
2164 2761 2327 2815 fumo
2361 2762 2433 2816 ad
2485 2762 2830 2820 diuturnam
2871 2771 3386 2829 conservationem
3440 2775 3705 2843 ciborum,

2066 2848 2279 2919 partim
2313 2867 2380 2905 ex
2411 2850 2604 2906 suillis
2655 2854 2958 2924 carnibus,
2993 2859 3208 2929 partim
3239 2876 3308 2916 ex
3359 2862 3528 2919 ovino
3558 2865 3707 2922 lacle.

2066 2937 2205 2992 Feni
2256 2954 2491 3010 quoque
2523 2940 2641 2996 vim
2675 2941 2972 3014 ingentem
3024 2947 3082 3002 in
3117 2949 3407 3018 pabulum
3441 2969 3705 3024 equorum

382 3031 584 3088 Visum
638 3031 817 3104 igitur
846 3035 935 3086 est
983 3029 1382 3086 necessarium
1414 3030 1484 3086 ad
1527 3029 1947 3086 occurrendum
1983 3023 2025 3091 C
2062 3027 2346 3096 reposuit,
2387 3041 2498 3083 non
2535 3028 2985 3104 defuturaipsis
3017 3037 3294 3108 agricolis
3333 3023 3707 3098 intraturbem

315 3121 676 3178 instantibus
724 3125 857 3176 ante
888 3119 1086 3176 omnia
1142 3135 1374 3175 summa
1406 3119 1700 3174 celeritate
1743 3118 1955 3173 mmnia

311 3211 477 3265 urbis
526 3209 812 3278 attollere,
857 3209 1176 3281 praesertim
1212 3225 1339 3278 quas
1385 3225 1542 3264 mare
1587 3209 1952 3279 spectabant,

309 3299 521 3370 quippe
553 3315 681 3370 quas
714 3297 1029 3352 humiliora
1058 3303 1246 3366 erant,
1269 3313 1336 3351 eo
1370 3297 1467 3366 qui
1487 3297 1772 3365 condidit,
1798 3297 1953 3368 quod

309 3386 459 3440 mari
490 3385 916 3449 dominaretur,
952 3385 1180 3440 munire
1211 3383 1309 3438 illa
1343 3385 1684 3453 diligentius
1706 3401 1773 3440 ea
1795 3389 1956 3455 parte

313 3475 679 3546 superﬂuum
707 3479 851 3528 rato.
872 3473 926 3528 Is
959 3472 1653 3543 fuitConstantinus,non
1679 3472 1956 3544 religione

316 3565 514 3620 minus
546 3579 725 3634 quam
757 3562 1032 3617 civilibus
1064 3568 1120 3617 et
1151 3561 1376 3617 bellicis
1405 3562 1550 3617 actis
1584 3563 1836 3618 maxime
1866 3563 1958 3617 in-

318 3654 529 3725 clytus.
555 3652 699 3716 Quia
712 3669 843 3708 vero
859 3651 1149 3724 angustiis
1170 3651 1451 3722 temporis
1476 3651 1833 3723 urgebantur
1856 3669 1958 3708 nec

317 3749 494 3815 petrae
526 3747 583 3798 et
612 3741 739 3796 calx
759 3742 831 3796 ad
863 3758 1104 3796 manum
1127 3745 1314 3810 erant,
1344 3741 1559 3796 tabulis
1583 3741 1716 3797 latis
1747 3747 1959 3813 etprae-

314 3832 504 3902 longis
538 3832 629 3886 usi
660 3830 949 3898 trabibus,
983 3848 1131 3902 quas
1180 3830 1279 3884 ubi
1310 3830 1612 3886 deficiebat
1643 3832 1958 3886 summitas

324 3919 709 3992 depressioris
758 3919 935 3984 muri,
968 3918 1179 3974 validis
1227 3919 1472 3974 nexibus
1521 3919 1765 3976 aedificio
1805 3921 1952 3976 I81

311 4011 490 4082 priori
521 4009 990 4076 committebant,
1034 4015 1383 4080 suggestum
1417 4025 1641 4064 coronae
1675 4009 1958 4065 mmnium

310 4105 368 4154 et
398 4098 774 4171 surgentibus
795 4097 1213 4169 perintervalla
1236 4097 1501 4152 turribus
1517 4099 1957 4167 adstruxerunt,

310 4198 598 4259 quantum
631 4187 929 4242 sufﬁceret
958 4187 1030 4242 ad
1077 4187 1361 4258 tegendos
1393 4186 1552 4242 intus
1585 4188 1958 4256 defensores;

312 4293 566 4350 quorum
602 4292 673 4330 ne
703 4275 932 4331 deesset
953 4275 1140 4347 copia,
1175 4275 1314 4331 foris
1345 4275 1554 4331 accivit
1591 4280 1648 4332 et
1679 4277 1832 4332 intra
1863 4294 1958 4333 ur-

310 4369 444 4422 hem
460 4364 779 4434 collocavit,
795 4364 1111 4421 domiciliis
1126 4365 1404 4436 pommrio
1418 4364 1650 4432 vicinis,
1678 4382 1957 4438 magnum

309 4471 622 4513 numerum
645 4453 1053 4510 militumlevis
1075 4459 1382 4509 armaturae
1411 4471 1423 4510 :
1444 4472 1556 4509 non
1577 4455 1733 4510 enim
1756 4454 1960 4513 loricis

307 4552 631 4616 cmteroque
661 4542 824 4615 gravi
855 4549 1142 4615 apparatu
1173 4561 1322 4616 opus
1355 4547 1478 4600 erat
1509 4545 1860 4616 pugnaturis
1891 4565 1961 4602 ex

309 4641 452 4702 tuto,
486 4633 680 4705 pinnis
707 4648 1008 4688 murorum
1046 4633 1503 4704 protegentibus.
1537 4631 1681 4687 Nam
1717 4633 1788 4688 ad
1822 4651 1962 4689 eru-

307 4723 563 4796 ptiones,
597 4722 642 4776 si
675 4739 822 4792 quas
854 4738 998 4777 usus
1027 4721 1166 4777 belli
1217 4726 1502 4794 posceret,
1535 4725 1592 4777 et
1622 4727 1857 4794 apertas
1903 4725 1961 4780 in

309 4829 514 4885 campo
547 4811 960 4865 dimicationes
993 4828 1124 4865 cum
1161 4812 1596 4878 obsessoribus,
1627 4818 1835 4884 praesto
1867 4815 1963 4868 ad-

308 4904 540 4958 futuros
571 4899 977 4971 cataphractos
1001 4917 1030 4954 e
1053 4899 1263 4955 castris
1290 4901 1614 4970 majoribus
1649 4901 1960 4971 imperato-

307 5009 420 5050 res.
458 4988 713 5045 Providit
754 4992 950 5045 autem
985 5005 1056 5044 ne
1089 4989 1471 5060 praesidiariis
1507 4990 1666 5044 hisee
1716 4991 1960 5048 urbanis

305 5081 584 5138 alimenta
615 5094 874 5150 unquam
903 5077 1193 5145 deferent,
1228 5083 1757 5150 quantumcunque
1789 5080 1962 5136 dura-

304 5174 380 5227 rlt
411 5169 664 5236 obsidio,
691 5168 789 5223 sed
823 5170 979 5223 esset
1009 5184 1242 5238 semper
1273 5167 1493 5222 affatim
1529 5167 1683 5222 unde
1714 5168 1858 5238 ipsis
1893 5188 1960 5226 ex

302 5257 995 5330 urbe'suppeditarentur
1023 5257 1090 5309 ad
1126 5256 1341 5330 victum
1376 5255 1741 5322 necessaria;
1778 5274 1956 5327 quam

305 5351 373 5406 ad
397 5366 517 5404 rem
543 5346 866 5403 introduxit
891 5346 948 5400 in
971 5345 1173 5400 urbem
1206 5346 1380 5400 boum
1409 5360 1740 5413 numerum,
1769 5363 1958 5416 quan-

309 5447 404 5496 tus
436 5438 730 5494 sufficeret
763 5434 1006 5489 culturae
1065 5450 1406 5503 camporum
1450 5433 1954 5502 suburbanorum,

306 5543 556 5598 quorum
572 5541 749 5596 opera
766 5521 1038 5578 industrii
1057 5521 1324 5594 agricola":
1341 5522 1579 5590 arando,
1599 5524 1843 5580 serendo
1860 5541 1950 5580 me

2063 3114 2416 3186 degentibus
2441 3122 2498 3172 et
2527 3135 2595 3172 ex
2619 3121 2767 3174 eain
2787 3121 3079 3180 culturam
3098 3127 3254 3183 ruris
3274 3130 3706 3202 undiquevicini

2063 3204 2326 3274 quotidie
2359 3207 2684 3278 prodituris
2715 3210 2892 3266 etiam
2926 3213 3256 3272 obsidionis
3286 3223 3554 3292 tempore
3581 3238 3707 3292 qua-

2062 3292 2198 3346 dam
2230 3293 2397 3364 copia
2427 3296 2695 3352 carnium
2719 3299 2900 3355 etiam
2926 3303 3280 3378 recentium,
3308 3310 3591 3366 nonnullo
3612 3311 3704 3366 uti-

2063 3397 2176 3451 que
2200 3398 2442 3438 numero
2466 3384 2810 3443 animalium
2835 3391 3196 3449 suburbanis
3221 3398 3464 3467 pascuis
3487 3399 3706 3463 alendo;

2066 3471 2218 3526 unde
2252 3488 2365 3526 non
2397 3473 2592 3530 solum
2625 3476 2863 3533 soboles
2906 3491 3308 3540 succresceret
3342 3493 3480 3558 apta
3511 3487 3703 3544 labori-

2065 3563 2174 3618 bus
2207 3566 2390 3619 aratri
2419 3583 2486 3621 ae
2518 3566 2792 3639 plaustri,
2827 3572 2926 3626 sed
2969 3589 3099 3644 quae
3133 3576 3191 3630 in
3227 3579 3460 3635 macelli
3497 3596 3706 3652 quoque

2065 3667 2130 3705 ac
2162 3666 2502 3708 mensarum
2531 3671 2704 3711 usum
2733 3657 3026 3714 urbanum
3053 3662 3410 3723 abundaret.
3440 3669 3602 3726 Porro
3622 3686 3706 3723 co-

2065 3740 2150 3793 ria
2183 3740 2357 3795 boum
2392 3741 2475 3797 sic
2509 3743 2565 3797 in
2599 3746 2766 3800 cibos
2789 3748 3239 3820 absumptorum
3267 3754 3491 3828 imponi
3523 3758 3705 3830 agglu-

2065 3829 2887 3901 tinariquejubebatexterius
2912 3837 2985 3894 iis
3009 3840 3246 3913 tabulis,
3271 3861 3424 3916 quas
3452 3847 3563 3902 dixi
3594 3829 3704 3903 inu-

2068 3921 2160 4009 ris
2173 3919 2407 3975 additas
2434 3921 2762 3996 fuisse,quo
2788 3925 2902 3982 illas
2927 3934 3378 4002 protegerentur
3397 3938 3468 3992 ab
3483 3937 3703 4009 igneho-

2067 4007 2209 4073 stili,
2243 4009 2290 4062 si
2329 4009 2473 4064 forte
2508 4012 2868 4082 injiceretur.
2902 4019 2981 4072 Ae
3012 4027 3335 4093 suggestus
3367 4007 3594 4097 quidem
3623 4025 3704 4080 ille

2069 4113 2372 4153 murorum
2397 4115 2465 4154 ex
2489 4102 2759 4173 materia,
2784 4103 2871 4160 uti
2913 4106 3251 4166 destinatus
3277 4114 3488 4185 fuerat,
3518 4131 3692 4186 perac-

2067 4189 2164 4240 tus
2186 4191 2495 4252 est,turres
2511 4191 2786 4247 attollens
2804 4210 2986 4267 supra
3007 4198 3218 4254 molem
3248 4203 3500 4273 priorem
3519 4205 3582 4259 ad
3603 4208 3702 4258 tres

2069 4275 2320 4342 cubitos,
2349 4280 2404 4331 et
2438 4281 2652 4335 moenia
2684 4281 2978 4352 similiter,
3013 4285 3208 4344 debila
3244 4293 3612 4364 proportione
3635 4291 3694 4346 ad

2002 4395 2048 4461 Β
2079 4374 2290 4421 turres.
2323 4368 2538 4461 cratera
2569 4369 2720 4438 ejus,
2752 4374 2986 4442 generis
3021 4379 3084 4429 ut
3117 4379 3318 4436 minus
3370 4382 3623 4454 urgentia
3647 4380 3696 4432 in

2083 4471 2339 4526 praesens
2356 4458 2391 4510 Ι
2405 4455 2504 4511 88
2520 4474 2625 4513 suo
2648 4462 2908 4531 tempore
2921 4467 3182 4522 curanda
3196 4467 3381 4526 dilata
3397 4475 3548 4527 sunt.
3565 4469 3692 4524 Illud

2071 4545 2286 4615 quippe
2310 4545 2439 4614 jam
2479 4563 2630 4602 nunc
2663 4550 3067 4607 necessarium
3103 4562 3332 4614 mature
3363 4576 3429 4615 ac
3452 4576 3576 4614 cum
3598 4557 3695 4613 sol-

2073 4631 2374 4688 licitudine
2415 4639 2708 4703 curatum,
2760 4642 2825 4692 ut
2876 4642 3133 4712 expediti
3166 4643 3486 4720 leviterque
3514 4645 3695 4703 armati

2073 4721 2291 4778 milites
2314 4723 2383 4777 ad
2406 4724 2565 4779 urbis
2594 4725 2928 4795 praesidium
2948 4729 3158 4789 idoneo
3183 4752 3446 4805 numero,
3470 4734 3694 4793 admotis

2071 4811 2290 4866 circum
2319 4812 2575 4883 undique
2599 4816 2877 4885 pommrio
2900 4819 3240 4889 domiciliis,
3275 4825 3690 4882 collocarentur.

2069 4903 2192 4965 Quo
2227 4900 2284 4955 in
2311 4918 2515 4969 genere
2549 4903 2874 4960 Laconibus
2909 4906 3183 4978 plurimis
3211 4931 3241 4968 e
3267 4915 3456 4973 Moreo
3479 4919 3598 4987 post
3618 4929 3688 4967 re-

2068 4995 2296 5061 ceptam
2330 4990 2901 5065 ConstantinOpolim
2937 4999 3218 5068 profectis
3240 5004 3546 5075 assignatis
3564 5001 3685 5058 locis

2067 5081 2220 5135 aedes
2246 5080 2533 5151 attribuit,
2561 5083 2943 5152 pensionibus
2968 5087 3122 5160 illos,
3147 5096 3427 5165 tanquam
3451 5093 3495 5150 si
3517 5093 3685 5148 essent

2068 5169 2377 5240 indigenae,
2398 5172 2610 5225 annuis
2625 5171 2875 5238 donans,
2896 5182 3215 5250 caeteraque
3238 5182 3681 5252 plurimalibera-

2071 5257 2224 5312 litate
2253 5257 2361 5313 sibi
2391 5259 2746 5315 devinciens.
2785 5261 2946 5319 Unde
2978 5265 3109 5323 illos
3143 5277 3436 5344 promptos
3465 5271 3682 5326 habebat

2067 5348 2137 5402 ad
2158 5347 2376 5418 quaevis
2406 5347 2708 5420 obsequia,
2739 5351 3108 5426 libentesque
3134 5357 3379 5417 libenter
3395 5359 3674 5417 adhibebat

2067 5437 2137 5490 ad
2176 5435 2361 5489 multa
2394 5436 2558 5492 intus
2589 5441 2645 5490 et
2668 5444 2826 5495 extra
2862 5442 3088 5514 urbem,
3111 5449 3327 5520 quippe
3364 5467 3467 5505 usu
3501 5450 3673 5503 idoneo

2065 5524 2336 5596 praeditos
2364 5524 2441 5579 rei
2463 5525 2702 5583 bellicae.
2731 5527 3070 5590 Gasmulico
3091 5535 3232 5606 quin
3250 5539 3421 5595 etiam
3439 5535 3674 5610 Hybrida-
