4018 6198
284 298 393 355 629

1356 304 1453 355 ΒΕ
1490 299 1862 355 MICHABLE
1897 295 2343 352 PALEOLOGO
2382 297 2497 350 LIB
2560 301 2658 352 III.

3604 298 3718 355 630

279 427 371 493 Τῷ
421 420 478 476 δέ
536 442 598 497 γε
658 420 1045 494 Γασμουλικῷ,
1089 422 1181 484 οὓς
1233 419 1298 491 δὴ
1363 421 1699 495 συμμίκτους
1750 422 1784 489 ἡ
1835 422 1940 472 τῶν
1974 421 2025 488 Α
2057 418 2153 473 νὸν
2204 419 2341 492 πρὸς
2390 415 2579 493 ἄρχειν
2628 417 2731 489 ἕξει
2793 421 2868 492 μή
2900 421 3027 483 τοὺς
3062 422 3339 492 ὑπηκόους
3396 420 3713 498 εὐεργετῶν.

283 512 516 569 Ἰταλῶν
564 510 735 566 εἷ’πειε
793 511 1019 585 γλῶσσα
1074 513 1232 584 (ἦσαν
1292 512 1397 586 γὰρ
1458 509 1517 565 ἔκ
1554 532 1611 565 τε
1658 508 1947 581 Ῥωμαίων

286 601 376 655 καὶ
435 600 680 654 Λατίνων
761 604 1191 675 γεγεννημένοι),
1251 601 1687 677 προσανεπαύετο
1745 597 1917 669 ἐκπέμ

280 711 399 744 πων
458 689 546 744 ἐπὶ
606 694 753 759 νηῶν
790 709 801 720 ·
863 691 999 757 ἦσαν
1058 690 1158 765 γάρ
1226 692 1287 744 τὸ
1365 691 1457 763 μὲν
1530 690 1814 763 προμηθὲς
1874 688 1947 749 εἷς

284 778 574 851 πολέμους
624 780 713 832 καὶ
766 780 980 832 συνετὸν
1029 778 1087 832 ἐκ
1116 780 1429 852 Ῥωμαίων,
1460 780 1520 832 τὸ
1572 776 1617 832 δ’
1651 778 1950 853 ὁρμητικόν

469 868 483 887 \
578 866 602 883 ν
684 865 765 901 κ’,
828 868 856 896 ν,
1066 867 1077 887 ι
1260 865 1284 887 )I
1591 875 1604 887 ν
1654 868 1665 884 ι
1830 867 1839 883 ν

273 888 332 922 τε
390 889 485 922 και
540 879 763 931 acescat.
823 889 881 921 εκ
939 876 1189 923 Λατινων
1257 888 1501 942 εχοντες.
1569 874 1668 922 hat
1750 864 1945 920 στολον

278 959 504 1031 μέτριον
566 955 875 1030 ἐξηρτύετο,
934 958 1024 1011 καὶ
1088 962 1428 1031 προσεκτᾶτο
1485 958 1555 1011 τὰ
1609 960 1715 1011 τῶν
1767 956 1948 1025 νήσων

275 1044 567 1120 ἰγγύτερα,
603 1044 764 1119 ῥόγας
819 1046 913 1117 μὲν
974 1046 1290 1099 ἀποτάττων
1336 1045 1522 1108 αὐτοῖς
1572 1045 1631 1099 ἐκ
1680 1049 1776 1099 τοῦ
1826 1065 1947 1098 κοι-

273 1139 372 1189 νοῦ
420 1134 676 1206 ταμιείου
725 1136 812 1187 καὶ
859 1134 1209 1211 φιλοτιμίαις
1244 1131 1415 1207 αὔξων
1456 1138 1552 1197 τὰς
1610 1133 1942 1209 προθυμίας,

277 1218 706 1295 ἀντιλαμϐάνων
770 1221 912 1277 δ’ἐκ
947 1232 1049 1292 τῆς
1099 1223 1317 1278 ἐκείνων
1371 1221 1610 1292 σπουδῆς
1637 1224 1725 1277 καὶ
1784 1224 1941 1297 ἐργα-

280 1312 405 1373 σίας
467 1312 715 1367 πλείονα.
754 1313 885 1387 Εἶχε
934 1313 1037 1387 γὰρ
1079 1319 1199 1374 ταῖς
1244 1312 1525 1383 ἀληθείαις
1569 1314 1659 1367 καὶ
1706 1314 1768 1366 τὸ
1801 1313 1942 1387 εὐερο

273 1401 498 1475 γετικὸν
580 1402 718 1475 πρὸς
802 1403 1071 1469 ἅπαντας,
1131 1401 1217 1455 καὶ
1292 1403 1624 1478 ἀμφοτέραις
1698 1400 1940 1472 ἐξήντλει

266 1488 508 1545 πολλῶν
569 1491 1078 1564 προαποκειμένων,
1142 1492 1244 1545 οὐκ
1310 1489 1431 1545 οἶδα
1520 1488 1627 1546 εἷ’τε
1701 1511 1783 1551 τις
1839 1493 1938 1559 τὴν

266 1579 433 1655 φύσιν
485 1583 741 1641 τοιοῦτος
804 1578 968 1649 limi}
1019 1579 1497 1655 προσποιούμενος
1534 1577 1603 1634 δι’
1637 1577 1781 1635 ἄλλα
1845 1580 1938 1652 μὲ-

263 1689 435 1742 γιστα
514 1668 579 1722 τὸ
666 1668 987 1743 φιλότιμον,
1078 1671 1471 1744 ἀναγκαστικάς
1550 1670 1646 1730 τὰς
1722 1668 1935 1731 εὐνοίας

2062 511 2250 569 ’Όστις
2285 506 2341 562 δῖε
2377 507 2676 581 βασιλεύων
2710 509 2977 585 γλίσχρος
3012 510 3121 566 ἐστὶ
3170 513 3307 587 πρὸς
3366 512 3427 565 τὸ
3479 509 3710 575 διδόναι,

2062 596 2261 657 ἐκεῖνος
2295 598 2500 665 σκηνὴν
2537 597 2835 669 βασιλείας,
2872 600 2933 653 οὐ
2987 599 3264 675 βασιλείαν
3321 602 3709 675 μεταχειρίζει.

2060 689 2145 757 [Ρ.
2201 688 2325 759 126]
2384 688 2698 759 Τεκμήριον
2753 685 2808 741 δὲ
2860 690 2886 740 ὁ
2946 687 3032 743 ἐπὶ
3093 695 3296 759 σκηνῆς
3359 690 3710 763 Ἀγαμέμνων

2058 777 2147 831 καὶ
2206 775 2504 847 Οἰνόμαος,
2564 774 2830 838 Οἰδίπους
2906 798 2964 831 τε
3020 778 3111 832 καὶ
3168 780 3220 832 οἱ
3279 779 3329 848 ἐξ
3387 782 3554 834 αὐτοῦ
3618 774 3708 835 καὶ

2058 861 2365 939 ’Ἄδραστος
2426 863 2679 937 βασιλεὺς
2714 872 2949 939 Ἄργους
3006 868 3095 920 καὶ
3156 866 3207 920 οἱ
3240 864 3452 935 λοιποὶ,
3477 867 3570 923 ’ίνα
3631 871 3707 941 μή

2056 954 2172 1007 καθ’
2201 953 2424 1007 ’ἑκαστον
2480 950 2625 1027 λέγω
2676 958 2785 1006 τῶν
2846 952 2931 1008 ἐπὶ
2984 960 3190 1025 σκηνῆς
3247 953 3537 1029 βασιλέων.
3571 957 3708 1011 Πότε

2054 1044 2153 1117 γὰρ
2184 1041 2233 1112 ἐξ
2267 1040 2485 1095 ἐκείνων
2518 1062 2601 1102 τις
2633 1046 2689 1095 εὖ
2747 1044 2934 1111 πάθοι,
2964 1045 3096 1098 πότι
3155 1042 3211 1098 δὲ
3267 1046 3355 1099 καὶ
3416 1045 3704 1120 εὐεργετη-

2056 1132 2195 1201 θείη,
2260 1132 2704 1205 ὑποκρινομένων
2767 1130 2833 1186 τά
2894 1137 3003 1187 τῶν
3062 1131 3329 1207 βασιλέων
3389 1134 3701 1208 πρόσωπα;

2054 1219 2210 1276 Ἀλλ’
2267 1219 2494 1281 ἐκείνοις
2555 1221 2648 1292 μὲν
2706 1215 2816 1274 ἔστι
2874 1222 2963 1274 καὶ
3012 1219 3401 1296 ἀπολογεῖσθαι
3458 1224 3545 1277 καὶ
3600 1226 3700 1291 τὴν

2056 1311 2259 1383 μέμψιν
2317 1307 2619 1387 διαφεύγειν
2678 1310 2777 1378 τὴν
2834 1314 2941 1363 τῶν
2974 1308 3200 1365 πολλῶν
3239 1332 3250 1345 ·
3285 1312 3548 1384 σχήματα
3600 1313 3699 1386 γὰρ

2050 1399 2361 1474 προσώπων
2415 1400 2505 1453 καὶ
2567 1398 2627 1452 οὐ
2680 1400 2947 1472 πρόσωπα
2978 1394 3134 1460 ὄντας
3166 1396 3366 1472 ἀνᾶγκη
3414 1400 3503 1453 καὶ
3558 1403 3699 1474 σχή-

2056 1509 2181 1559 μασι
2247 1488 2436 1560 μόνοις
2498 1486 2790 1560 εὐεργετεῖν
2820 1509 2831 1521 ο
2862 1486 3077 1549 τούτοις
3129 1484 3185 1541 δέ
3231 1508 3294 1562 γε
3320 1487 3403 1549 τίς
3431 1486 3702 1563 ἀπολογία

2049 1582 2137 1637 καὶ
2174 1578 2568 1635 ὑπολέλειπται
2600 1580 2674 1650 μὴ
2711 1576 2947 1633 διδοῦσιν
2977 1601 2990 1647 ;
3027 1578 3090 1635 Ei;
3139 1578 3184 1633 δ’
3215 1578 3330 1647 οὖν,
3364 1579 3508 1634 ἀλλά
3551 1600 3699 1655 σχηα

2053 1672 2369 1746 ματίζονται
2398 1668 2486 1723 καὶ
2514 1669 2667 1722 οὗτοι
2707 1668 2797 1721 τὸν
2850 1666 3094 1741 βασιλέα,
3132 1664 3378 1742 βασιλεῖς
3426 1669 3501 1739 μὴ
3552 1665 3701 1732 ὄντες

2805 1753 2828 1772 ἢ

266 1756 751 1830 ὑποποιούμενος,
786 1760 859 1823 ὡς
890 1756 1048 1829 δῆθεν
1083 1759 1182 1814 οὐκ
1211 1758 1438 1823 ἐκδίκως
1466 1760 1649 1833 ἄρξας,
1680 1760 1714 1827 ἢ
1767 1760 1827 1813 τό
1876 1780 1934 1832 γε
1966 1794 2010 1859 Β
2054 1758 2184 1833 μηδ’
2212 1760 2485 1814 ὁπωσοῦν.
2517 1760 2767 1811 Τοιοῦτοι
2801 1753 2848 1809 δ’
2878 1752 3028 1817 ὄντες
3074 1755 3127 1810 τί
3177 1756 3380 1828 ἀξιοῦσι
3412 1763 3693 1830 τιμᾶσθαι,

260 1848 481 1923 τρίτον,
534 1847 671 1920 πρὸς
755 1851 851 1909 τὰς
925 1854 1031 1903 τῶν
1110 1852 1391 1925 προτέρων
1452 1848 1721 1925 βασιλέων
1778 1848 1927 1923 εὐερ-

260 1936 451 2011 γεσίας
529 1931 1019 2009 ἀντιὸαλλόμενος,
1071 1937 1165 1992 κᾶν
1248 1940 1323 2011 μή
1399 1939 1554 1993 τόσον
1642 1939 1920 2012 εὐηργέτει

267 2024 408 2098 μηδ’
443 2026 639 2087 οὕτως.
674 2026 825 2087 Τὲως
883 2025 939 2082 δὲ
994 2049 1053 2102 γε
1108 2030 1244 2082 κατά
1295 2030 1541 2104 βασιλεῖς
1586 2030 1921 2101 ἠναγκάζετο

261 2116 517 2190 χρῆσθαι
568 2120 684 2175 τοῖς
735 2117 1041 2190 πράγμασι,
1080 2118 1154 2189 μὴ
1213 2118 1303 2171 καὶ
1352 2115 1497 2189 δόξοι
1531 2123 1802 2187 σκηνικῶς
1859 2112 1921 2172 τὸ

262 2206 465 2278 ἄρχειν
526 2200 882 2272 ἐπιτηδεύων.
939 2202 1072 2259 Οὔτε
1127 2206 1226 2281 γὰρ
1282 2204 1444 2274 ἥλιος
1520 2208 1772 2269 ποθεινὸς
1842 2208 1918 2279 μὴ

259 2293 357 2356 τάς
415 2294 641 2354 ἀκτῖνας
698 2293 982 2369 παρίσχων
1040 2300 1202 2349 τοῦτο
1260 2296 1356 2367 μὲν
1410 2300 1479 2370 γῇ
1538 2300 1698 2350 τοῦτο
1752 2293 1799 2350 δ’
1830 2297 1919 2350 ἀν-

263 2383 519 2457 θρώποις
552 2382 642 2436 καὶ
671 2382 833 2450 ζώοις
867 2385 1083 2456 ἅπασιν,
1117 2381 1238 2439 οὔτε
1292 2385 1547 2459 βασιλεὺς
1595 2386 1655 2440 τὸ
1716 2384 1916 2456 ἀληθι-

270 2599 405 2637 rum
441 2599 677 2655 genere,
709 2600 861 2656 quos
896 2584 1173 2641 Italorum
1207 2585 1736 2657 linguacommisto
1776 2586 1924 2641 dice-

273 2672 656 2743 ret,contidit,
674 2679 895 2745 partem
921 2674 1491 2746 tulibusreipublicze
1524 2675 1920 2743 committens,

273 2761 550 2816 navalem
586 2762 1245 2833 videlicetmilitiam,in
1262 2781 1437 2835 quam
1472 2780 1672 2819 eorum
1701 2764 1920 2835 pleros-

272 2866 388 2920 que
418 2851 792 2921 conscripsit,
818 2857 986 2923 aptos
1016 2855 1065 2907 ei
1090 2853 1373 2907 functioni
1417 2858 1616 2925 utpote
1669 2855 1922 2925 pruden-

270 2939 415 2993 tiam
469 2938 893 3011 solertiamque
922 2957 990 2995 ex
1029 2942 1328 3007 Romanis,
1362 2942 1650 3014 impetum
1692 2960 1825 2997 vero
1866 2947 1920 2997 et

270 3030 583 3085 audaciam
598 3032 888 3086 exLatinis
921 3032 1189 3087 haustam
1224 3032 1923 3105 simulhabentes.ltaquc

271 3137 337 3175 ex
379 3121 476 3174 his
529 3121 779 3175 maxime
828 3120 1075 3177 classem
1136 3122 1405 3177 instruxit
1436 3124 1575 3178 satis
1624 3140 1918 3195 magnam,

2046 1852 2120 1923 μὴ
2182 1846 2459 1917 ἀληθινῶς
2523 1844 2948 1921 βασιλεύοντεςς
2999 1848 3033 1913 ἡ
3092 1845 3198 1919 γὰρ
3270 1846 3407 1917 τιμή
3477 1846 3693 1921 βασιλεῖ

2038 1938 2195 2011 μετὸν
2244 1936 2332 1991 καὶ
2406 1934 2467 1989 οὐ
2547 1938 2817 2004 σκηνικῶς
2900 1932 3264 2007 βασιλεύοντι.
3322 1935 3485 1997 Ταῦθ’
3534 1936 3675 2010 ὁρῶν

2032 2025 2368 2093 ἐκεῖνος-,καὶ
2405 2022 2619 2097 μᾶλλον
2671 2023 2722 2093 ἐξ
2774 2024 3016 2095 ὑπογύου
3073 2022 3293 2098 βλέπων
3348 2022 3476 2085 τοὺς
3534 2024 3679 2098 παρά

2029 2121 2136 2171 τῶν
2172 2114 2518 2178 ἀπελθόντων
2584 2111 2850 2187 βασιλέων
2899 2113 3405 2188 εὐεργετουμένους,
3439 2112 3679 2176 συνειδὸς

2032 2206 2176 2281 ἔχων
2236 2204 2534 2279 ἠλέγχετο,
2567 2202 2655 2257 καὶ
2712 2202 2988 2277 εὐηργέτει
3035 2203 3148 2275 μὶν,
3181 2204 3330 2271 πλὴν
3392 2204 3501 2278 οὐχ
3556 2204 3681 2259 ὅσον

2030 2295 2245 2363 ἐκεῖνοι,
2276 2296 2340 2349 τὸ
2400 2295 2494 2367 μὶν
2544 2291 2633 2347 διὰ
2679 2294 2778 2361 τήν
2826 2292 3067 2367 ἀνάγκην
3116 2290 3206 2346 καὶ
3251 2290 3380 2354 τοὺς
3414 2291 3681 2367 ἐλέγχους

2030 2382 2223 2446 δεδιὼς
2256 2385 2329 2445 ὡς
2362 2385 2478 2438 κατ’
2510 2379 2833 2459 ὀφθαλμοὺς
2885 2378 3066 2450 ὄντας,
3096 2382 3159 2436 τὸ
3211 2377 3267 2434 δὲ
3314 2381 3468 2457 φύσει
3528 2383 3682 2457 χρώ-

2032 2586 2444 2656 imperatorem
2501 2584 2812 2640 videretur.
2850 2590 2923 2639 Ut
2954 2586 3110 2641 enim
3142 2586 3416 2643 amabilis
3459 2587 3545 2642 sol
3571 2603 3681 2641 non

2033 2679 2189 2730 esset
2223 2673 2331 2729 nisi
2366 2674 2559 2729 radios
2593 2679 2917 2747 spargeret,
2944 2692 3046 2747 per
3068 2692 3216 2745 quos
3253 2677 3423 2745 juvat
3478 2682 3683 2741 terras,

2032 2764 2301 2820 homines
2333 2768 2390 2817 et
2419 2769 2662 2819 cunctas
2687 2765 3041 2833 animantes,
3076 2766 3157 2819 ita
3206 2765 3303 2819 ille
3354 2782 3553 2820 verum
3586 2766 3681 2820 in-

2034 2858 2157 2909 star
2188 2853 2469 2925 principis
2507 2869 2620 2907 non
2654 2854 2849 2920 habet,
2884 2855 2981 2922 qui
3023 2853 3325 2907 cumulare
3378 2855 3679 2908 beneficiis

2033 2960 2148 2998 non
2169 2945 2474 2998 studeteos
2489 2943 2708 3013 quibus
2723 2943 2800 2996 im
2813 2942 3152 3014 perat.Mea,
3169 2942 3678 3013 inquam,senten-

2032 3033 2237 3104 tia,qui
2260 3032 2411 3104 regis
2435 3034 2654 3087 habens
2676 3048 2887 3085 nomen
2914 3048 3124 3102 parens
3154 3036 3212 3085 et
3244 3032 3449 3086 tardus
3481 3033 3551 3086 ad
3584 3033 3677 3087 do-

2033 3122 2293 3175 nandum
2322 3125 2429 3187 est,
2477 3119 2866 3176 simulacrum
2893 3124 2949 3174 ct
2998 3119 3216 3173 larvam
3260 3124 3449 3190 gestat
3496 3120 3678 3191 regni,

273 3226 391 3281 qua
424 3209 653 3264 vicinas
683 3210 909 3266 insulas
942 3212 1307 3282 recuperavit
1359 3216 1416 3266 et
1473 3213 1752 3279 obtinuit,
1811 3213 1920 3267 sti-
1955 3226 1997 3289 ρ
2034 3210 2274 3264 minime
2290 3214 2480 3263 autem
2500 3209 2836 3277 veramcjus
2868 3208 3019 3263 tituli
3042 3209 3403 3275 maiestatem
3434 3209 3678 3263 obtinet.

269 3298 487 3370 pendia
520 3304 578 3352 et
605 3299 877 3354 donativa
898 3300 1043 3371 ipsis
1075 3317 1142 3355 ex
1172 3301 1374 3355 aerario
1405 3302 1703 3355 communi
1755 3317 1920 3356 cons-

265 3388 514 3455 tituens,
538 3403 605 3440 ac
629 3404 757 3442 cum
779 3388 891 3442 fide
916 3395 1365 3458 repraesentans,
1390 3388 1640 3461 aliisque
1665 3389 1920 3461 praemiis

272 3476 427 3531 ultro
461 3476 718 3532 subinde
750 3477 902 3531 datis
937 3477 1294 3532 alacritatem
1341 3477 1604 3549 ipsorum
1655 3478 1919 3533 excitans

270 3581 645 3636 augensque,
678 3565 1057 3637 vicissimque
1088 3567 1159 3619 ab
1191 3566 1261 3620 iis
1295 3566 1496 3621 utilem
1528 3583 1759 3637 operam
1792 3573 1918 3621 stu-

270 3654 565 3726 diumque
598 3654 655 3708 in
689 3655 973 3727 obsequia
1002 3656 1175 3711 etiam
1210 3655 1540 3727 periculosa
1575 3662 1917 3727 promptum

266 3744 585 3814 recipiens.
618 3743 835 3799 Habuit
866 3744 1017 3800 enim
1043 3745 1135 3798 hic
1167 3744 1483 3815 imperator
1512 3761 1641 3800 vere
1663 3744 1919 3801 liberali-

270 3837 456 3887 tatem
492 3833 552 3887 in
587 3851 759 3889 omne
792 3833 1100 3889 hominum
1134 3850 1319 3903 genus
1352 3835 1621 3897 effusam,
1676 3842 1920 3907 utraque

273 3922 559 3977 hauriens
591 3940 768 3977 manu
799 3940 866 3979 ex
900 3928 1100 3995 parata
1129 3924 1295 3994 copia
1325 3925 1693 3979 conditarum
1748 3925 1922 3997 longa

274 4011 1003 4084 parcimoniaopum,quee
1026 4012 1136 4067 late
1168 4014 1542 4084 spargeretin
1580 4031 1721 4069 usus
1744 4031 1919 4085 egen-

271 4102 449 4167 tium,
486 4101 643 4155 haud
688 4102 959 4172 equidem
993 4103 1111 4157 scio
1171 4119 1243 4156 an
1285 4102 1564 4157 instinctu
1610 4103 1921 4177 indoleque

273 4196 527 4255 naturae,
550 4208 621 4245 an
646 4191 875 4261 judicio
907 4191 1534 4263 animiobprmsentem
1558 4194 1779 4263 ejusrei
1810 4194 1921 4248 uti-

268 4279 497 4334 litatem
535 4280 777 4333 benefici
814 4296 1023 4335 nomen
1058 4280 1402 4345 ellectantis,
1428 4296 1493 4336 eo
1526 4281 1747 4337 scllicet
1798 4284 1918 4338 adi.

266 4374 446 4440 gente
476 4368 829 4424 necessitate
854 4371 1122 4440 parandm
1157 4370 1240 4425 sic
1272 4370 1427 4442 vulgi
1480 4371 1918 4439 benovolcntiin,

268 4474 389 4528 qua
427 4457 489 4511 in
555 4457 760 4523 primis
818 4474 966 4529 opus
998 4459 1149 4513 180
1183 4464 1305 4513 erat
1363 4460 1410 4513 ei
1447 4462 1543 4529 qui
1600 4461 1709 4514 sibi
1764 4466 1921 4515 esset

266 4546 550 4602 conscius
576 4546 835 4618 usurpati
873 4548 1073 4602 fraude
1108 4565 1210 4603 nec
1233 4550 1397 4619 juste
1427 4551 1682 4620 possessi
1708 4551 1919 4621 princi-

267 4640 471 4707 patus.
485 4639 683 4689 Potest
712 4641 770 4689 et
796 4636 966 4690 tertia
979 4638 1289 4707 excogitari
1308 4655 1507 4707 causa,
1524 4656 1648 4706 quae
1666 4640 1916 4695 Michae-

263 4724 381 4780 lem
420 4723 811 4796 Palaeologum
834 4726 903 4779 ad
933 4725 1088 4797 large
1120 4725 1391 4796 plurimis
1434 4728 1917 4785 benefaciendum

262 4816 532 4888 potuerit
560 4814 880 4884 impellare,
914 4816 1206 4870 aemulatio
1240 4816 1430 4870 laudis
1460 4818 1518 4871 in
1561 4818 1671 4872 isto
1712 4835 1921 4889 genere

264 4904 564 4978 praeclara:
594 4905 829 4959 illarum
860 4906 959 4976 qui
1008 4911 1141 4959 ante
1200 4907 1392 4977 ipsum
1452 4906 1920 4978 imperaverant;

264 5010 529 5066 quorum
562 4994 817 5049 effusum
851 4995 1112 5050 studium
1137 4996 1281 5049 bene
1301 4996 1562 5050 merendi
1596 4997 1923 5051 tribuendi«

268 5101 389 5156 que
424 5101 492 5138 ex
525 5085 703 5154 priori
728 5086 1014 5140 memoria
1044 5101 1176 5138 cum
1196 5089 1504 5154 repeteret,
1538 5103 1834 5157 nunquam
1863 5105 1923 5143 se

264 5177 529 5246 putaret,
562 5174 948 5245 quantumuis
974 5173 1131 5243 large
1164 5173 1383 5243 passim
1408 5175 1920 5233 donandoconare-

262 5269 391 5329 tur,
430 5263 608 5318 decus
639 5262 1020 5333 hocipsorum
1056 5278 1121 5316 ac
1146 5265 1360 5316 famam
1396 5281 1439 5317 se
1462 5281 1618 5328 mare
1641 5264 1923 5321 imitando

262 5357 373 5409 aut
411 5352 669 5423 assequi.
704 5350 842 5406 Mihi
876 5351 1113 5422 quidem
1148 5351 1233 5405 sic
1265 5352 1778 5421 videtur,illumex
1809 5373 1923 5426 quo

264 5441 651 5513 imperatoris
687 5456 895 5495 nomen
930 5447 1355 5511 assumpserat,
1386 5441 1665 5497 indixisse
1688 5443 1797 5497 sibi
1840 5445 1922 5500 in-

263 5531 651 5589 eluctabilem
688 5530 1094 5584 necessitatem
1116 5529 1491 5599 imperatorio
1511 5546 1667 5587 more
1691 5535 1921 5603 agendi,

268 5639 348 5679 ne
385 5636 502 5675 non
535 5634 664 5673 vere
693 5617 980 5688 imperare
1011 5618 1114 5673 sed
1148 5617 1306 5673 velut
1335 5618 1393 5672 in
1439 5635 1612 5674 scena
1642 5620 1923 5678 simulare

2035 3303 2387 3373 Argumento
2411 3301 2530 3355 sint
2556 3298 2638 3353 illi
2674 3298 2942 3354 tralatitii
2972 3314 3282 3353 scenarum
3316 3315 3502 3372 reges,
3528 3303 3675 3371 Aga-

2029 3407 2326 3459 memnon,
2373 3392 2769 3457 OEnomanus,
2802 3388 3061 3459 (Edipus
3110 3393 3167 3443 et
3217 3388 3396 3458 hujus
3440 3389 3679 3460 posteri,

2025 3481 2313 3535 Adrastus
2365 3496 2601 3551 quoque
2641 3480 2921 3550 Argorum
2952 3493 3069 3543 rex,
3096 3480 3149 3531 et
3176 3492 3247 3531 ne
3270 3476 3536 3549 singulos
3566 3494 3676 3531 nu-

2028 3587 2269 3637 merem,
2307 3570 2436 3639 ejus
2470 3570 2665 3623 forma:
2699 3567 2888 3622 caeteri
2925 3586 2938 3633 ;
2972 3586 3000 3619 ά
3026 3566 3241 3636 quibus
3274 3566 3374 3636 qui
3416 3582 3677 3638 unquam

2027 3665 2425 3731 spectatornm
2460 3658 2778 3730 patientem
2841 3654 2984 3728 ipsis
3026 3672 3263 3725 operam
3308 3654 3558 3710 inhianti
3599 3655 3677 3709 si-

2028 3749 2207 3805 lentio
2227 3750 2518 3811 dentium,
2553 3748 2691 3801 dum
2728 3762 2789 3801 se
2810 3744 3121 3816 magnifice
3137 3748 3437 3799 ostentant
3459 3745 3514 3798 in
3536 3761 3675 3815 pur-

2029 3856 2172 3910 pura
2189 3856 2298 3893 non
2318 3840 2671 3900 sua,mutua=.
2688 3835 3004 3905 quidquam
3021 3833 3673 3905 accepitgratiaemuem

2028 3945 2211 3983 unum
2234 3928 2517 3997 juverunt
2549 3942 2607 3980 re
2624 3924 2787 3979 ulla?
2809 3923 3217 3978 Cuicommodi
3236 3922 3556 3993 quidquam
3576 3930 3679 3977 aut

2028 4018 2164 4073 doni
2210 4015 2809 4084 tribuerunt?Atque
2845 4014 2896 4065 hi
2948 4012 3183 4081 quidem
3238 4011 3674 4065 excusationem

2026 4108 2245 4162 habent
2292 4105 2609 4176 purgandae
2661 4104 2728 4157 ad
2794 4100 3077 4173 populum
3114 4098 3534 4155 illiberalitatis
3565 4117 3679 4155 suae

2030 4193 2589 4267 plausibilem,quod
2615 4190 2907 4262 personati
2928 4189 3339 4243 tantummodo
3372 4190 3678 4260 suntprin-

2027 4285 2223 4356 cipes;
2256 4297 2435 4353 quare
2466 4280 2609 4352 ipsis
2642 4282 2711 4334 ad
2747 4287 3040 4348 utcunque
3071 4278 3508 4347 defungendum
3553 4295 3678 4351 pre-

2027 4374 2185 4428 cario
2210 4373 2322 4426 isto
2348 4371 2606 4441 quodam
2643 4368 2834 4424 ofﬁcio
2867 4366 3158 4421 simulatae
3189 4367 3256 4421 ad
3292 4366 3493 4421 horam
3516 4373 3673 4439 pote.

2028 4462 2199 4517 statis
2233 4461 2463 4515 abunde
2517 4460 2595 4513 sit
2629 4457 2907 4513 simulata
2938 4456 3075 4509 item
3128 4460 3184 4509 et
3224 4472 3369 4510 vano
3400 4473 3678 4529 expressa

2028 4558 2194 4625 gestu
2255 4550 2665 4606 beneficentia.
2710 4552 2782 4604 At
2838 4548 2969 4601 istis
3017 4547 3116 4618 qui
3179 4563 3345 4601 veros
3402 4564 3463 4603 se
3513 4565 3677 4620 reges

2031 4647 2257 4715 putant,
2294 4640 2436 4711 quid
2471 4640 2538 4693 ad
2571 4638 2968 4693 defensionem
3000 4635 3389 4707 relinquitur;
3424 4638 3535 4693 nisi
3564 4639 3673 4692 lar-

2031 4734 2287 4802 giantur,
2322 4746 2435 4800 quo
2469 4728 2670 4781 minus
2712 4727 2770 4779 in
2800 4727 3152 4780 larvatorum
3188 4742 3421 4797 quoque
3470 4743 3673 4799 regum

2034 4836 2348 4875 numerum
2384 4835 2449 4871 ac
2491 4832 2722 4888 gregem
2781 4815 3191 4885 compingendi
3234 4814 3400 4869 sint?
3430 4820 3680 4872 Prorsus

2035 4924 2167 4961 vero
2218 4906 2568 4961 cxturbandi
2619 4904 2908 4975 longeque
2966 4904 3350 4959 submovendi
3401 4922 3433 4959 a
3498 4922 3677 4963 censu

2036 4998 2189 5052 I90
2247 5013 2312 5050 ac
2364 5010 2645 5049 concessu
2688 5008 2951 5047 verorum
3015 4992 3369 5062 principum,
3427 5010 3677 5064 quorum

2035 5087 2135 5157 qui
2179 5102 2313 5156 ergo
2366 5084 2479 5138 sibi
2528 5083 2806 5137 honorem
2859 5085 3157 5151 arrogant,
3192 5098 3325 5136 cum
3378 5084 3522 5139 tales
3564 5102 3678 5139 non

2034 5176 2198 5231 sint?
2224 5175 2366 5228 Nam
2424 5174 2611 5227 honor
2643 5172 2801 5243 regis
2844 5171 2967 5224 veri
3019 5170 3252 5240 propria
3300 5189 3393 5227 res
3422 5176 3529 5239 est,
3566 5190 3677 5227 non

2035 5264 2200 5320 mimi
2233 5264 2560 5318 diademate
2594 5261 2963 5316 larvatillzec
2995 5260 3241 5314 Michael
3266 5261 3419 5315 clare
3452 5262 3675 5331 pchpi-

2034 5354 2214 5419 ciens,
2250 5368 2315 5406 ac
2347 5352 2631 5406 beneficia
2663 5367 2787 5422 qum
2813 5365 3027 5421 magna
3057 5348 3117 5401 in
3133 5348 3343 5403 multos
3372 5349 3677 5403 exstabant

2035 5442 2293 5514 priorum
2330 5442 2772 5513 imperatorum,
2807 5438 2930 5493 suis
2962 5442 3302 5508 comparata
3349 5436 3674 5507 praecellere

2034 5532 2334 5597 sentiens;
2378 5531 2699 5601 simulque.
2733 5529 2886 5599 quod
2917 5528 3045 5598 ipse
3066 5526 3443 5580 convincente
3466 5524 3671 5583 intime

2034 5619 2395 5677 conscientia
2436 5620 2651 5675 tacitus
2699 5618 3009 5680 fatebatur,
3047 5630 3117 5669 ne
3161 5612 3257 5668 alii
3308 5615 3672 5673 monstrante
