4018 6198
414 296 519 351 631

1719 281 2021 337 GEORGII
2049 277 2521 335 PACBYMERE

3663 290 3753 347 632

424 440 608 493 μενος,
641 415 772 478 ἴσως
803 415 879 486 μή
929 409 1329 486 παρακατέχειν
1389 404 1716 493 αἷρούμενος
1777 405 1932 493 ζωὴν,
1975 422 2070 457 τα·
2101 405 2151 471 Α
2185 401 2311 478 φασί
2339 421 2532 493 τινες,
2563 401 2743 478 ἀρχὴν
2802 401 2846 456 δ’
2896 403 3027 458 εἶναι
3079 403 3143 459 τὸ
3199 407 3311 460 οἷον
3367 420 3757 486 κατασιγασθῆναι

422 492 716 578 λαιπώρων
774 500 1099 576 ἀνθρώπων,
1144 500 1250 552 τῶν
1323 492 1600 572 προῦργου
1657 493 1852 554 παντὸς
1914 492 2070 565 ἀναγ·

420 593 576 648 καίου
631 591 877 666 πορίζειν
935 586 1160 663 ἔχοντος
1219 586 1318 654 τὴν
1369 584 1576 661 τροφὴν
1638 581 1726 638 ἐπὶ
1785 581 2067 654 θεραπείαν

420 680 636 735 ἐκείνων
694 679 886 733 ἰόντων
945 677 1081 732 κατά
1135 697 1187 729 τι
1268 675 1500 749 ἀρχαῖον
1577 673 1836 744 νόμιμον.
1897 668 2073 726 Ἀλλά

417 772 585 823 ταῦτα
647 768 743 841 μὲν
791 765 928 827 είσως
982 764 1071 819 καὶ
1123 762 1476 838 παρακαίρια,
1505 761 1585 838 ἐφ’
1617 759 1662 832 ᾧ
1706 757 1869 831 μόνον
1903 754 2070 826 δεῖξαι

421 856 574 934 φύσει
629 855 830 932 προσὸν
889 859 957 928 τῇ
1017 851 1266 930 βασιλείᾳ
1322 851 1384 906 τὸ
1445 848 1798 925 εὐεργετικόν.
1835 846 1907 900 Οὖ
1936 845 2072 900 ἐκεῖ-

419 967 511 1008 νος
541 945 824 1020 αύτᾶρκως
860 949 1134 1018 μετεῖχεν,
1163 942 1224 996 οὐ
1254 942 1319 996 τὰ
1350 938 1536 995 πολλά
1583 959 1642 1013 γε
1696 933 2072 1011 μικρολογού-

426 1057 606 1109 μενος.
641 1032 971 1092 Ἀπὲστελλε
1029 1030 1084 1087 δὲ
1141 1031 1231 1086 καὶ
1284 1031 1419 1101 πρὸς
1476 1026 1603 1090 τοὺς
1642 1024 1924 1098 ἐπιδὸξους
1974 1026 2074 1092 τῆς

427 1125 680 1194 Ἰταλίας,
714 1125 801 1179 καὶ
861 1121 1071 1196 μᾶλλον
1131 1121 1256 1182 τοὺς
1313 1125 1414 1188 τῆς
1465 1115 1822 1188 Ἐκκλησίας,
1878 1110 2075 1191 φίλους

425 1214 658 1276 ἐκείνους
687 1213 776 1269 καὶ
812 1211 1078 1287 μακρόθεν
1107 1211 1406 1282 κτώμενος.

427 1325 480 1382 ι’.
525 1325 710 1383 Ὅπως
763 1321 854 1375 τὸν
903 1319 1154 1386 Ἰωάννην
1216 1317 1244 1370 ὁ
1283 1313 1550 1388 ,βασιλεὺς
1604 1309 1846 1368 ἐκποδὼν
1902 1313 2076 1365 ποιῶν

1090 1386 1405 1464 ἐξετύφλου.

497 1485 582 1556 [Ρ.
616 1484 738 1555 127]
773 1482 910 1538 Τότε
967 1478 1014 1534 δ’
1046 1478 1433 1551 ένευκαιρήσας
1480 1474 1540 1529 ἐκ
1581 1478 1688 1529 τῶν
1741 1470 1928 1527 ἄλλων
1985 1472 2078 1527 τὸν

424 1580 523 1642 τῆς
580 1569 806 1647 καρδίας
855 1565 1096 1642 ἔμμονον
1155 1566 1422 1640 λογισμὸν
1495 1561 1633 1638 ἔγνω
1691 1558 2074 1618 καταστέλλειν

427 1662 708 1722 κακίστοις
766 1659 1214 1735 ἐπιχειρήμασιν.
1265 1657 1328 1710 Ὁ
1390 1655 1483 1727 μὲν
1540 1651 1630 1708 οὖν
1691 1651 1962 1727 λογισμὸς
2013 1651 2077 1706 τὸ

430 1751 522 1806 καὶ
563 1748 829 1805 είσέπειτά
880 1748 932 1802 οἱ
976 1750 1262 1821 συνάρχειν
1313 1745 1404 1800 τὸν
1451 1743 1702 1812 Ἰωάννην
1779 1743 1869 1796 καὶ
1928 1738 2074 1795 δυοῖν

433 1838 693 1913 κεφαλαὶν
723 1839 806 1908 (τὸ
857 1841 952 1891 τοῦ
1001 1834 1196 1910 λόγου)
1244 1834 1365 1907 μίαν
1422 1833 1720 1888 ἐπικεῖσθαι
1765 1829 2076 1903 καλύπτραν

438 1930 527 1983 καὶ
585 1927 704 1983 λίαν
757 1924 962 1997 ἀπᾷδον
1015 1927 1154 2000 εἶχε,
1187 1925 1364 2000 χωρὶς
1407 1921 1622 1977 καὶτοῦ
1657 1923 1732 1993 μὴ
1764 1919 1816 1974 ἐν
1850 1917 2083 1997 ἀσφαλεῖ

439 2017 836 2081 καθίστασθαι·
894 2016 987 2070 τὸν
1048 2015 1140 2087 μὲν
1198 2015 1298 2089 γὰρ
1376 2013 1531 2073 οὗτος
1605 2011 1696 2065 τὸν
1771 2007 1817 2064 δ’
1875 2009 2079 2072 ἐκεῖνος

438 2107 670 2182 στέρξοι,
703 2107 802 2160 ἀνά
857 2106 1022 2180 μέρος
1081 2102 1424 2178 ἀποστέργων
1469 2101 1559 2155 τὸν
1605 2099 1806 2174 ἕτερον,
1845 2098 1940 2154 καὶ
1985 2095 2077 2153 οὔ·

435 2217 544 2257 τως
598 2191 824 2249 ἄτακτον
873 2195 936 2248 τὸ
980 2191 1325 2267 πολύαρχον.
1375 2197 1583 2264 Χρῆναι
1628 2193 1757 2264 γοῦν
1811 2183 2077 2242 σϐεννύειν

434 2285 496 2340 τὸ
523 2285 596 2346 εἷς
626 2284 828 2338 ἐκεῖνον
861 2288 968 2337 τῶν
1001 2281 1228 2337 πολλῶν
1290 2279 1516 2356 θάρῥος,
1546 2278 1636 2332 καὶ
1695 2275 1760 2346 δὴ
1815 2277 2083 2352 καταρξά-

439 2395 596 2448 μενον
627 2371 896 2429 τελειοῦν.
929 2374 1138 2446 ⁸Ἠμισυ
1196 2370 1296 2446 γὰρ
1354 2373 1452 2424 τοῦ
1495 2369 1695 2432 παντὸς
1749 2367 1848 2436 τὴν
1899 2366 2079 2441 ἀρχήν

436 2592 631 2632 rerum
665 2574 958 2630 evidentia
979 2575 1282 2629 cernerent
1313 2573 1366 2626 et
1399 2569 1457 2624 in
1490 2583 1553 2625 se
1575 2567 1862 2623 invidiose
1883 2565 2081 2638 loque-

437 2669 658 2730 rentur,
693 2667 986 2728 metuens,
1005 2659 1325 2730 cumhujus
1346 2654 2079 2728 praecavendzeignominize

439 2753 806 2823 necessitate,
842 2755 968 2806 tum
1001 2749 1196 2805 indole
1227 2748 1390 2805 bona:
1441 2751 1658 2802 natura:
1692 2745 1844 2800 haud
1895 2743 2080 2800 susti-

443 2847 615 2900 nente
662 2842 839 2898 vitam
899 2840 1247 2896 miserorum
1325 2833 2084 2901 hominum'intevertenda

443 2932 726 3004 operariis
759 2931 1024 2988 mercede
1046 2927 1285 3000 injustis
1316 2926 1575 2982 detinere
1607 2925 1904 2991 manibus,
1927 2923 2083 2995 quod

443 3021 859 3094 antiquissima
883 3020 975 3075 lex
995 3022 1171 3087 vetat,
1205 3015 1466 3074 stimulis
1492 3014 1647 3071 ultro
1679 3012 1896 3070 additis
1925 3012 2082 3068 haud

446 3111 720 3168 mollibus
735 3111 996 3165 innatam
1012 3109 1082 3163 ad
1101 3109 1244 3163 bene
1261 3105 1497 3162 merend
1512 3121 1608 3160 um
1633 3103 2083 3176 propensionem

443 3199 731 3256 incitavit.
778 3199 886 3254 Sed
919 3197 1041 3252 hinc
1091 3195 1340 3252 otiosius
1371 3199 1426 3250 et
1460 3194 1606 3248 forte
1637 3190 2085 3262 intermpestive

441 3285 1304 3359 disputamus.Sufficiatigitur
1335 3283 1621 3337 hactenus
1651 3283 2088 3336 demonstrasse

441 3381 653 3432 natura
668 3377 1050 3446 conjunctum
1075 3389 1209 3428 cum
1245 3386 1524 3442 suprema
1547 3373 1832 3441 potestate
1855 3368 2087 3423 benefa-

439 3465 629 3521 ciendi
664 3465 925 3518 studium
955 3478 1104 3517 esse.
1139 3461 1262 3524 Quo
1296 3460 1412 3527 ille,
1447 3463 1734 3530 quantum
1785 3461 1873 3511 sat
1909 3462 2087 3527 esset,

441 3553 722 3625 praeditus
743 3551 917 3606 etiam
949 3551 1020 3605 ad
1054 3549 1312 3604 illustres
1347 3563 1449 3620 per
1480 3546 1704 3601 Italiam
1734 3545 1908 3614 vires,
1941 3562 2086 3616 prm-

442 3641 647 3698 sertim
681 3639 1064 3696 ecclesiastici
1097 3637 1346 3705 ordinis,
1371 3635 1544 3708 pretii
1577 3652 1689 3691 non
1714 3634 1906 3706 exigui
1934 3636 2088 3690 dona

447 3732 630 3798 misit,
659 3731 830 3803 longe
861 3745 1166 3802 aucupans
1207 3727 1318 3783 sibi
1369 3725 1851 3796 utilem'gratiam
1883 3741 2085 3780 eorum

447 3823 519 3877 ad
553 3838 798 3877 arcanas
851 3817 1322 3892 opportunitates
1350 3814 1735 3873 consiliorum
1787 3818 2085 3869 votorum-

445 3928 580 3984 que,
613 3929 740 3985 quze
770 3914 967 3967 mente
997 3909 1284 3965 versabat.

479 4023 564 4078 10.
601 4023 664 4078 Ut
687 4025 932 4076 amotum
959 4021 1032 4074 ab
1052 4015 1275 4088 imperii
1294 4016 1568 4071 consortio
1587 4017 1863 4071 Joannem
1877 4014 2051 4084 impc-

975 4100 1128 4146 ναίον
1155 4088 1538 4145 excaecaverit.
1948 4127 1951 4130 .

511 4186 732 4237 Horum
781 4196 966 4237 unum
1004 4183 1149 4244 erat,
1183 4183 1241 4234 et
1278 4175 1566 4250 profunde
1616 4173 1858 4246 quidem
1889 4173 2087 4229 animo

443 4272 622 4326 fixum
653 4271 913 4341 olimque
959 4273 1277 4338 versatum,
1316 4264 1628 4337 expunctio
1663 4262 1895 4335 pupilli,
1919 4263 2089 4334 cujus

444 4359 816 4432 cogitationis
855 4375 923 4415 ex
952 4359 1236 4414 hactenus
1286 4358 1584 4424 utcunque
1623 4351 1998 4407 dissimulata
2023 4351 2081 4405 in

446 4465 592 4520 Opus
636 4453 899 4520 apertum
959 4447 1273 4518 aliquando
1307 4443 1664 4516 proferenda:
1720 4442 2088 4497 commodam

447 4555 605 4593 nunc
649 4538 758 4593 sibi
801 4539 1109 4593 videbatur
1156 4535 1648 4608 opportunitatem
1679 4531 1960 4602 temporis
1991 4547 2087 4584 na-

449 4633 599 4686 ctus.
629 4629 959 4684 Absurdum
987 4632 1044 4683 et
1070 4623 1606 4699 perincommodum
1627 4621 1871 4693 putabat
1900 4619 2088 4675 adhes-

450 4735 575 4774 rere
607 4719 786 4773 istum
821 4718 930 4772 sibi
965 4732 1209 4788 puerum
1245 4713 1471 4784 imperii
1503 4710 1806 4781 collegam,
1833 4724 1938 4765 nec
1970 4726 2086 4764 ma-

447 4809 540 4880 gis
553 4806 856 4863 tolerabile
870 4811 974 4862 aut
989 4805 1154 4861 facile
1169 4821 1345 4875 quam
1361 4804 1475 4859 duo
1489 4802 1664 4874 (quod
1688 4799 1872 4868 aiunt)
1895 4799 2089 4870 capita

449 4915 566 4953 uno
607 4896 717 4966 tegi
751 4895 923 4967 pileo.
941 4895 1086 4950 Nam
1113 4900 1497 4966 praeterquam
1515 4891 1670 4963 quod
1691 4890 1774 4946 sic
1793 4895 2000 4944 nutare
2023 4905 2089 4942 ac

447 4987 693 5043 minime
719 4986 832 5041 sibi
865 4989 1086 5040 certum
1119 4982 1493 5038 existimabat
1523 4981 1642 5036 fore
1691 4977 2087 5050 principatum

446 5079 592 5133 191
660 5091 855 5140 suum,
916 5074 1063 5129 votis
1111 5069 1709 5128 videlicethomiuum
1759 5067 1984 5132 divisis,
2031 5072 2090 5122 et

446 5165 802 5238 quibusdam
827 5163 1064 5235 quidem
1094 5163 1191 5217 uni
1231 5163 1480 5216 duorum
1516 5157 2084 5230 Augustorum,aliis

445 5253 1023 5317 alteristudentibus,
1048 5252 1225 5308 etiam
1250 5247 1610 5321 perturbatio
1638 5245 1973 5317 reipublicae
2008 5252 2089 5301 to-

447 5347 566 5402 tius
589 5350 789 5415 etquze
809 5347 1145 5415 sequuntur
1170 5358 1238 5395 ex
1263 5339 1544 5411 regimine
1578 5336 1828 5406 plurium
1864 5335 2086 5388 incom-

450 5435 624 5491 moda
647 5434 930 5503 indejure
951 5431 1333 5488 timebantur.
1350 5426 1600 5482 Omnino
1621 5424 1799 5495 igitur
1819 5423 2089 5494 echdire

447 5525 672 5582 semina
703 5523 1027 5578 novitatum
1064 5520 1122 5574 in
1164 5519 1482 5573 multorum
1510 5516 1634 5585 jam
1667 5512 1900 5581 animis,
1928 5513 2089 5584 pueri

448 5614 680 5684 fiducia,
716 5609 1074 5683 periculosos
1105 5625 1284 5665 ausus
1335 5603 1770 5677 designantium
1799 5601 2088 5658 elidorein

2174 493 2276 560 τήν
2335 491 2540 547 ἑκείνου
2589 494 2838 565 μνήμην,
2871 494 2944 555 ὡς
3001 493 3144 567 μηδὲ
3181 496 3456 571 συνάρχειν
3485 499 3755 575 ὑπολαμεά.

2175 592 2356 645 νεσθαι
2392 601 2404 615 ο
2438 583 2499 636 τὸ
2531 581 2630 656 γὰρ
2677 581 2764 636 καὶ
2811 580 3060 659 δεύτερον
3117 585 3440 662 στεφομένου
3497 591 3564 661 μὴ
3609 592 3756 648 κάκεῖ.

2177 691 2267 725 νον
2297 673 2648 743 συντιμᾶσθαι
2674 671 2762 726 καὶ
2813 678 3265 747 συνευφημεῖσθαι
3321 680 3414 730 τοῦ
3464 681 3757 756 πατριάρχου

2181 761 2468 833 στέφοντος
2526 759 2704 835 ἡρέμα
2763 782 2880 824 πως
2931 762 3186 839 ὑπορρεῖν
3245 765 3466 839 ἀνάγκη,
3494 769 3573 822 καί
3611 772 3653 843 γ’
3690 772 3756 826 εὖ.

2180 849 2340 925 χερὶς
2389 847 2447 902 ἂν
2509 851 2640 904 εἶναι
2695 849 2783 904 καὶ
2839 850 2898 905 τὸ
2956 849 3125 906 πλέον
3179 852 3497 924 ἐπιτεθῆναι,
3543 856 3606 918 ὡς
3657 857 3758 930 μηδ’

2182 936 2380 994 ἐλπίδα
2439 936 2852 1015 ὑπολελεῖφθαι.
2912 939 3144 1004 Τούτοις
3226 949 3762 1019 καταστρατηγηθέντος

2179 1033 2296 1089 τοῖς
2353 1025 2645 1103 λογισμοῖς
2689 1033 2787 1083 τοῦ
2848 1028 3118 1102 βασιλέως
3161 1031 3404 1104 (ὑπέκαιε
3443 1033 3536 1108 γὰρ
3565 1034 3698 1091 αὐτὸν
3743 1038 3765 1092 ὁ

2180 1119 2279 1186 τῆς
2325 1117 2630 1192 μοναρχίας
2686 1113 2846 1191 ἔρως,
2885 1118 2975 1173 καὶ
3031 1119 3130 1187 τὴν
3190 1123 3593 1195 παρερχομένην
3643 1123 3766 1198 δόξαν

2182 1205 2310 1280 περῗ
2360 1205 2620 1270 πλείονος
2667 1206 2832 1260 ἐτίθει
2885 1211 2982 1262 τοῦ
3010 1209 3161 1263 θείου
3217 1204 3388 1286 φόϐου
3418 1207 3502 1265 διὰ
3551 1214 3636 1281 τήν
3684 1219 3765 1270 τοῦ

2183 1294 2442 1358 πλείονος
2475 1293 2673 1370 ὄρεξιν)
2707 1297 2916 1370 βουλὴν
2952 1297 3272 1372 βουλεύεται
3316 1297 3459 1372 μάλα
3506 1301 3589 1373 μὶν
3617 1303 3768 1378 αἰσχί-

2185 1406 2340 1455 στην,
2396 1383 2545 1457 μάλα
2604 1382 2662 1439 δὲ
2716 1386 2807 1440 καὶ
2883 1390 3017 1441 Θεοῦ
3083 1386 3276 1463 πόρῥω
3350 1385 3652 1462 βάλλουσαν,
3701 1393 3770 1448 καὶ

2184 1472 2402 1546 πέμψας
2462 1471 2762 1550 ἐκτυφλοῦν
2817 1473 2911 1528 τὸν
2969 1472 3138 1530 παῖδα
3211 1475 3546 1550 προσέταττε,
3597 1477 3772 1535 παιδίον

2184 1559 2394 1617 ἁπαλὸν
2444 1561 2533 1616 καὶ
2586 1560 2754 1634 μηδὲν
2801 1559 2879 1618 ἔτι
2939 1562 3133 1639 σχεδὸν
3182 1563 3445 1634 τελέωςῆ
3489 1567 3548 1620 τὸ
3597 1569 3774 1644 χαίρειν

2183 1651 2218 1721 ἢ
2248 1651 2311 1706 τὸ
2334 1650 2623 1717 λυπεῖσθαι
2655 1653 2948 1726 μαθὸν,καί
2973 1655 3024 1708 κ’
3053 1652 3106 1708 ἐν
3140 1652 3244 1727 ἴσῳ
3272 1656 3536 1728 τιθέμενον
3563 1657 3618 1712 τό
3641 1659 3772 1732 τ’ἄρο

2184 1761 2303 1817 χειν
2333 1741 2423 1796 καὶ
2447 1742 2510 1796 τὸ
2541 1742 2826 1816 ἄρχεσθαι,
2862 1742 3012 1816 μόνῳ
3045 1741 3103 1798 δὲ
3129 1749 3211 1816 τῷ
3239 1746 3541 1820 πατριάρχῃ
3571 1751 3774 1803 πιστεῦον

2183 1831 2274 1885 καὶ
2303 1835 2418 1892 τοῖς
2449 1829 2592 1886 οὕτω
2623 1833 2689 1886 τὰ
2719 1834 2836 1886 κατ’
2867 1831 3026 1887 αὐτὸν
3060 1829 3459 1906 διοικοῦσι,καὶ
3491 1832 3616 1906 μηδέ
3643 1837 3711 1891 ὅτι
3736 1837 3776 1892 τί

2190 1919 2329 1976 ἐστιν
2363 1919 2527 1996 ὅρκος
2558 1919 2793 1992 είδὸς,έξ
2815 1923 2877 1977 οὗ
2897 1924 2985 1978 καὶ
3021 1922 3238 2000 θαρῥεῖν
3258 1925 3374 1999 εἶχε
3407 1925 3495 1997 μὲν
3524 1925 3614 1981 οὐκ
3632 1928 3775 1996 αὐτὸς,

2190 2008 2319 2065 ἀλλ’
2349 2011 2402 2065 οἱ
2459 2010 2582 2086 περὶ
2634 2010 2860 2082 ἐκεῖνον,
2895 2011 3101 2068 ἐκεῖνον
3157 2013 3439 2082 σώζεσθαι.
3470 2013 3655 2070 Γίνεται
3677 2013 3774 2089 γοῦν

2193 2099 2268 2163 ὡς
2317 2100 2418 2168 τὴν
2467 2100 2649 2176 ἀρχὴν
2689 2100 3062 2177 προσετάχθη,
3089 2102 3179 2156 καὶ
3221 2106 3320 2158 τοῦ
3353 2101 3570 2178 βρέφους
3623 2107 3777 2179 μικρὸν

2195 2183 2567 2262 ὑπερϐεϐηκὸς
2621 2187 2838 2244 παιδίον
2880 2197 3164 2265 ,στερεῖται
3222 2196 3321 2247 τοῦ
3381 2191 3606 2267 βλέπειν,
3653 2197 3777 2249 τοῦτο

2197 2276 2363 2350 μόνον
2413 2277 3050 2356 φιλανθρωπευσαμένων
3131 2286 3242 2336 τῶν
3329 2281 3774 2356 ἐξυπηριτουμένων

2191 2371 2271 2439 τῷ
2328 2373 2511 2442 μιαρῷ
2559 2367 2904 2442 τολμήματι,
2931 2370 2992 2424 τὸ
3047 2373 3124 2444 μή
3173 2368 3420 2448 σιδήροις
3473 2371 3776 2448 ἰκπυρωθεῖσι

2187 2565 2397 2637 capite,
2452 2573 2795 2642 matureque
2841 2571 3214 2644 exstinguere
3239 2588 3371 2627 mox
3423 2575 3771 2644 erupturame

2189 2655 2448 2712 scintilla
2477 2658 2801 2730 ﬂammam;
2851 2676 2957 2716 nec
2989 2677 3222 2717 cessare
3261 2661 3322 2716 in
3366 2659 3773 2716 consummando

2191 2745 2346 2814 quod
2398 2746 2762 2816 inchoatum,
2811 2749 2930 2805 imo
2978 2752 3318 2821 promotum
3367 2749 3481 2813 sit;
3514 2748 3771 2805 dimidium

2191 2833 2349 2889 enim
2381 2835 2562 2892 totius
2595 2841 2748 2893 recte
2773 2839 2884 2893 dici
2920 2839 3188 2910 ccepisse,
3221 2844 3466 2910 emptum
3497 2843 3667 2894 autem
3691 2838 3774 2892 du-

2193 2922 2334 2978 dum
2365 2929 2423 2980 et
2451 2925 2686 2997 quidem
2709 2926 2974 2998 feliciter,
3009 2927 3065 2983 id
3099 2927 3636 3001 negotium,abo|ita
3655 2941 3776 2998 pene

2193 3014 2356 3085 pueri
2392 3015 2673 3071 memoria
2703 3033 2769 3071 ac
2801 3016 3030 3072 nemine
3049 3017 3172 3087 jam
3207 3017 3327 3073 fere
3357 3019 3624 3089 imperare
3641 3015 3772 3070 illum

2195 3102 2492 3173 Opinante,
2523 3105 2724 3176 utique
2757 3105 3034 3162 Michaele
3064 3106 3251 3162 semel
3284 3123 3350 3162 ac
3407 3106 3513 3174 bis,
3543 3106 3652 3162 sine
3685 3102 3775 3160 ulla

2115 3207 2157 3276 ρ
2196 3191 2384 3262 ipsius
2420 3199 2482 3248 ut
2513 3193 2741 3266 imperii
2773 3195 3006 3266 collegae
3029 3195 3448 3252 acclamatione
3477 3200 3570 3251 aut
3587 3193 3776 3250 omnino

2197 3283 2515 3354 mentione,
2565 3290 2839 3341 coronato
2886 3301 2990 3358 per
3035 3285 3362 3342 solemnem
3419 3303 3452 3342 a
3505 3282 3777 3357 patriarcha

2191 3373 2599 3430 cmremoniam
2625 3392 2639 3442 ;
2664 3376 2819 3431 unde
2849 3376 3071 3433 sensim
3103 3376 3371 3433 difﬂuere
3401 3394 3464 3432 ac
3494 3389 3778 3432 evanescere

2192 3461 2350 3517 hunc
2396 3463 2558 3518 illius
2590 3463 2870 3520 honorem
2901 3481 3140 3522 necesse
3171 3466 3272 3534 sit,
3309 3471 3374 3522 ut
3405 3464 3561 3522 facile
3579 3465 3685 3535 jam
3717 3461 3774 3522 sit

2193 3553 2346 3623 quod
2381 3554 2545 3610 deest
2564 3555 2798 3621 addere,
2825 3571 2892 3610 ac
2924 3555 3226 3628 fastigium
3249 3557 3363 3612 alie
3379 3557 3499 3628 jam
3520 3551 3777 3610 exstructis

2193 3641 2582 3714 ultimamque
2599 3643 2757 3698 velut
2788 3661 3027 3700 manum
3059 3645 3223 3717 operi
3257 3650 3774 3718 provectonmponere

2193 3732 2476 3787 demenda
2534 3731 2589 3786 in
2655 3737 2956 3804 posterum
3032 3733 3196 3789 omni
3240 3749 3364 3806 spe.
3419 3731 3686 3804 Ejusmodi
3732 3729 3775 3782 in

2195 3819 2498 3876 Michaelis
2529 3821 2745 3888 animo,
2778 3821 3003 3878 calcata
3025 3823 3181 3892 juris
3212 3828 3270 3879 et
3309 3823 3455 3894 equi
3495 3816 3775 3880 reverentia,

2195 3911 2586 3982 praevalebant
2615 3913 2807 3984 impiae
2827 3913 3236 3988 cogitationes,
3267 3912 3574 3970 ambitione
3609 3921 3776 3967 vesana

2194 4005 2416 4056 etczeco
2449 4018 2644 4056 amore
2678 4002 3038 4073 principatus
3069 4003 3420 4073 posthabere
3449 4003 3600 4057 ﬂuxa:
3616 3996 3769 4071 gloria

2193 4089 2295 4146 Dei
2327 4095 2547 4146 metum
2580 4091 2985 4148 suadentibus.
3023 4093 3228 4165 Itaque
3274 4092 3367 4148 bis
3415 4085 3776 4164 impulsoribus

2194 4180 2503 4252 expeditur
2533 4181 2791 4252 impetus
2822 4180 2880 4236 in
2905 4180 3165 4237 immane
3190 4199 3367 4253 quam
3402 4185 3554 4236 atrox
3587 4177 3774 4244 Deoque

2196 4284 2436 4324 exosum
2483 4269 2731 4336 facinus,
2761 4269 3401 4342 mittenteimperatore
3421 4269 3513 4341 qui
3535 4265 3774 4336 suojussu

2194 4361 2805 4429 excmcarentpuerum
2824 4358 3016 4414 adhuc
3042 4359 3345 4425 tenellam,
3370 4363 3425 4415 et
3444 4356 3662 4414 necdum
3687 4355 3776 4404 fere

2196 4446 2338 4518 quid
2369 4447 2446 4500 sit
2474 4446 2756 4518 gaudium
2785 4453 2887 4502 aut
2915 4447 3082 4502 dolor
3113 4447 3392 4502 scientem
3434 4462 3528 4518 per
3571 4444 3772 4503 etatem,

2117 4571 2163 4637 υ
2199 4530 2412 4598 cuique
2428 4527 2582 4581 idem
2600 4532 2701 4582 aut
2725 4527 2966 4600 perinde
2978 4533 3133 4584 esset
3154 4528 3440 4601 imperare
3460 4525 3539 4581 vel
3559 4522 3773 4584 subesse,

2200 4617 2439 4637 :..t'__124
2525 4633 2640 4637 ..μμ
2704 4617 2935 4637 __!MJ_____
2991 4622 3310 4637 -__-___-_4,1
3383 4615 3570 4637 ΑΑΙΞ--...
3619 4619 3769 4637 ..Α-ποιῇ

2200 4617 2468 4688 infantia,
2519 4633 2645 4688 quae
2703 4617 2941 4673 vixdum
2983 4622 3335 4687 excesserat,
3383 4615 3575 4672 talium
3618 4619 3772 4666 rerum

2196 4705 2504 4778 ignorante
2535 4706 2873 4774 discrimen,
2917 4706 3383 4778 acquiescentem
3423 4709 3594 4760 autem
3639 4696 3772 4754 unice

2198 4795 2333 4851 ﬁdei
2382 4794 2871 4867 providentireque
2903 4795 3266 4868 patriarchas,
3316 4792 3640 4850 nescientem
3669 4797 3771 4838 vero

2197 4887 2338 4956 quid
2363 4885 2766 4955 juramcntum
2797 4887 2876 4940 sit
2913 4902 3160 4956 quasque
3189 4885 3279 4942 vis
3315 4881 3592 4955 religionis
3619 4876 3767 4936 istius,

2199 4991 2375 5046 quam
2410 4991 2525 5030 non
2559 4974 2704 5046 ipse,
2737 4975 2839 5030 sed
2862 4972 2902 5028 ii
2924 4974 3141 5046 quibus
3163 4977 3288 5030 erat
3308 4967 3766 5042 curaeprofuturam

2198 5065 2249 5120 ei
2283 5064 2353 5118 ad
2387 5063 2627 5119 tutelam
2648 5064 3145 5136 securitatemque
3179 5065 3393 5120 frustra
3436 5051 3766 5132 speraverant.

2203 5154 2351 5209 I92
2387 5153 2530 5224 Ergo
2556 5151 2818 5224 privatur
2847 5153 3030 5208 oculis
3063 5153 3337 5225 parvulus
3364 5148 3582 5222 paulum
3603 5154 3764 5212 super-

2197 5241 2901 5314 gressusinfantiam,boc
2917 5241 3106 5298 solum
3130 5228 3765 5305 humaneindulgentibus

2201 5332 2485 5386 ministris
2508 5332 2737 5386 barbari
2773 5332 3058 5400 mandati,
3091 5341 3153 5387 ut
3186 5348 3294 5385 non
3353 5327 3536 5384 ferreis
3562 5319 3706 5377 clavis
3739 5327 3762 5367 ο

2203 5423 2430 5478 fornace
2461 5419 3078 5478 candentibusocellos
3093 5418 3396 5476 tenellulos
3427 5414 3667 5478 foderent,
3685 5401 3759 5461 sed

2197 5510 2552 5581 crepitaculo
2585 5511 2837 5582 quodam
2872 5509 3054 5580 ignito
3088 5509 3228 5566 aciei
3288 5507 3558 5564 luminum
3584 5498 3759 5568 objecto

2196 5600 2432 5656 videndi
2458 5599 2791 5657 facultatem
2806 5601 3185 5658 absumerent
3206 5602 3259 5657 et
3275 5595 3482 5656 sensim
3511 5588 3756 5649 arefactum
