3920 6196
251 318 342 376 333
1277 316 1371 369 DE
1409 315 1785 371 MICHARLE
1823 314 2267 373 PALEOLOGO
2305 318 2435 373 LIB.
2476 322 2573 374 III.

3501 320 3605 377 634

252 444 354 504 τοὺς
380 438 672 514 ὀφθαλμοὺς
724 438 1089 512 λυμήνασθαι,
1142 438 1270 495 ἀλλ’
1312 438 1492 513 ἠχείῳ
1521 438 1630 493 τινὶ
1660 458 1847 512 πυρω-
1879 438 2208 509 Ατελοῦντι
2265 443 2704 517 γραμματικοὺς,
2766 444 3161 520 ὗπὶρπαθουντι
3210 442 3257 500 δ’
3307 442 3459 519 ὅμως
3510 450 3608 502 τοῦ

250 535 369 598 θέντι
420 531 495 585 ἐπὶ
551 532 653 583 τῶν
698 523 874 602 ὄψεων
923 530 1211 606 φερομένῳ
1259 528 1553 598 ἐξοπτῆσαι
1600 532 1681 600 τῷ
1727 548 1849 582 νεα-

244 623 385 692 νίσκῳ
432 618 553 679 τοὺς
608 616 930 693 ὀφθαλμοὺς
992 617 1474 691 ἀπομαρανοὲντας
1546 621 1613 691 τῇ
1687 615 1847 671 ἐκπυ-

248 714 383 785 ρώσει
436 707 517 761 καί
570 707 748 779 ἠρέμα
808 701 1125 770 σϐεσθέντας
1176 707 1237 761 τὸ
1288 706 1535 762 ὀπτικόν.
1589 706 1735 762 Μεθὸ
1793 703 1849 761 δὲ

245 800 367 853 ταῦτ’
410 795 680 868 ἐτολμήθη
738 798 874 849 κατά
927 798 1025 863 τὴν
1096 796 1305 871 ἡμέραν
1355 801 1457 864 τῆς
1509 795 1703 868 ἑορτῆς
1749 800 1847 849 τοῦ

244 895 485 959 Σωτῆρος,
543 885 656 939 καθ’
712 885 774 952 ἣν
827 883 928 960 ἄρα
975 884 1065 939 καὶ
1115 885 1371 959 ἐγεννήθη
1424 886 1508 957 [Ρ.
1546 886 1668 957 128]
1699 884 1845 959 χειρὶ

243 978 318 1050 μὲν
368 974 648 1051 παρανόμῳ
682 1017 696 1043 ,
753 973 1040 1048 προστάξει
1097 971 1155 1029 δὲ
1208 976 1643 1049 παρανομωτέρα
1675 1019 1688 1043 ,
1749 976 1843 1052 φέ-

238 1086 390 1140 ροντες
441 1064 634 1142 φόρτον
684 1063 918 1119 ἐλεεινὸν
978 1067 1069 1120 καί
1126 1066 1241 1119 οἷον
1305 1061 1519 1139 ἄψυχον
1575 1068 1653 1135 τῷ
1710 1065 1845 1139 πρὸς

235 1155 467 1221 θάλασσαν
516 1159 623 1210 τῶν
677 1154 1025 1225 Νικητιάτων
1079 1161 1179 1224 τῆς
1236 1149 1540 1225 Δακιϐύζης
1597 1154 1843 1231 φρουρίῳ

233 1242 277 1299 ἓν
323 1242 533 1318 ἀσφαλεῖ
585 1243 1009 1311 κατακλείουσι,
1067 1242 1157 1298 καὶ
1214 1243 1267 1297 οἱ
1340 1243 1567 1319 φρουροὶ
1628 1242 1843 1319 ἐγκαθί-

233 1354 434 1402 στανται,
515 1332 919 1408 ἀποταχθὲντος
994 1331 1297 1407 αὐτάρκους
1377 1331 1685 1407 σιτηρεσίου
1763 1336 1843 1406 τῷ

230 1421 644 1498 ἔγχεκλεισμένῳ.
705 1424 905 1498 ’Ὀρκοι
936 1419 984 1477 δ’
1038 1421 1234 1477 ἐκεῖνοι
1288 1421 1377 1501 καὶ
1436 1420 1702 1486 συνθεσίαι
1751 1422 1842 1477 καὶ

229 1510 524 1584 ἐμπεδώσεις
573 1513 797 1587 φρικταὶ
846 1511 920 1574 ὡς
975 1509 1195 1587 λάχανα
1239 1508 1575 1581 κατεδήδοτο
1626 1509 1844 1586 βασιλεῖ

228 1600 444 1658 δοκοῦντι
470 1603 779 1681 ΘεοφίΛειαν
814 1601 984 1678 ἔχειν,
1017 1600 1087 1657 δι’
1110 1604 1173 1672 ἣν
1205 1602 1294 1657 καὶ
1325 1600 1667 1676 προύτιμᾶτο
1696 1602 1843 1676 παρᾶ

224 1694 302 1758 τῆς
331 1690 647 1761 Ἐκκλησίας
678 1691 756 1753 εἷς
785 1692 883 1760 τήν
916 1690 1117 1767 ἀρχήν.
1154 1688 1307 1748 Ἀλλ’
1336 1692 1402 1759 ἧν
1432 1688 1536 1766 ἄρα
1578 1692 1639 1745 τὸ
1684 1691 1841 1767 λεγό-

226 1800 357 1851 μενον
388 1779 609 1885 ἄληθες,
637 1779 711 1842 ὡς
752 1780 931 1885 Ἀρχῂ
990 1777 1148 1885 δκείξει
1199 1777 1386 1885 ἄνδραὲ
1440 1775 1606 1885 ἔδιειξε
1652 1778 1754 1885 γδιρ
1806 1781 1840 1848 ἡ
1875 1820 1923 1885 Β

222 1868 342 1943 ἀρχή
386 1867 654 1939 κάκεῖνον,
705 1869 856 1930 ὅπως
905 1865 1070 1941 ἔμελέ
1116 1869 1169 1922 οἱ
1211 1871 1309 1923 τοῦ
1358 1864 1570 1922 δικαίου
1613 1866 1701 1922 καὶ
1745 1874 1844 1937 τῆς

218 1958 319 2029 περὶ
342 1959 429 2011 τὸν
481 1958 615 2013 Θεὸν
668 1952 974 2019 εὐλαϐείας.
1029 1955 1182 2026 Πλὴν
1232 1955 1567 2034 τυφλώττων
1597 1956 1843 2019 κάκεῖνος

216 2049 382 2119 τῇτῆς
433 2044 599 2117 δόξης
650 2048 973 2120 ματαιότητι
1022 2047 1124 2115 τήν
1172 2047 1357 2121 ψυχὴν
1392 2044 1693 2120 ἐκτυφλοῦν
1726 2045 1844 2101 ἐκέ-

217 2135 320 2191 λευε
343 2141 665 2210 σωματικῶς
692 2135 783 2191 τὸν
814 2135 1073 2193 ἀναίτιον.

218 2243 286 2298 ια’.
333 2242 574 2318 Τᾶ-περὶ
629 2247 727 2318 τοῦ
778 2237 1104 2318 ’ρλοϐώλορ
1131 2242 1439 2318 -Μανουήλ,
1466 2242 1687 2313 καὶτῆς
1734 2246 1841 2298 τῶν

422 2310 641 2370 λοιπῶν
676 2310 1031 2389 ὑποϐλὲψεως
1066 2313 1156 2369 διὰ
1183 2315 1274 2369 τὸν
1308 2310 1588 2385 Ἰωάννην.

269 2401 391 2459 Τότε
446 2400 501 2458 δὲ
556 2404 654 2458 καὶ
726 2403 903 2465 αἰτίας
973 2402 1327 2475 πλασάμενος
1381 2401 1462 2475 τῷ
1530 2399 1839 2475 Ὀλοϐώλῳ

213 2492 464 2560 Μανουὴλ,
494 2489 711 2565 παιδίῳ
758 2513 820 2567 γε
868 2488 983 2547 ὄντι
1030 2491 1119 2547 καὶ
1172 2491 1248 2553 είς
1277 2489 1404 2553 τοὺς
1453 2490 1687 2555 οἰκείους
1718 2492 1839 2547 τότε

218 2616 661 2690 depascerentur.
697 2620 759 2675 Id
795 2620 1021 2675 facinus
1053 2635 1234 2690 supra
1288 2634 1524 2674 omnem
1584 2620 1824 2676 modum

209 2707 409 2762 crudele
438 2708 533 2764 die
554 2708 827 2764 omnium
852 2708 1224 2763 sanctissima
1246 2712 1303 2763 et
1327 2708 1579 2764 maxime
1602 2709 1825 2778 festiva,

211 2793 389 2851 Christi
419 2796 746 2853 Salvatoris
779 2797 962 2852 nostri
1019 2796 1222 2865 natali,
1256 2800 1656 2869 perpetratum
1715 2803 1826 2868 est,

210 2885 453 2941 manibus
485 2885 948 2951 scelestissimis,
973 2887 1252 2941 mandato
1277 2886 1456 2941 multo
1474 2888 1649 2941 etiam
1674 2887 1829 2942 dete-

211 2974 484 3030 stabiliori.
504 2976 639 3040 Quo
663 2974 859 3031 statim
888 2975 1037 3030 facto
1060 2974 1595 3046 barpyaaimmanes
1616 2975 1826 3031 iisdem

203 3063 489 3135 unguibus,
520 3064 750 3136 quibus
782 3064 1035 3134 praedam
1059 3063 1356 3119 innoxiam
1381 3065 1827 3120 excarniﬁcave-

1959 529 2212 585 Ἰωάννου
2254 531 2478 585 τοιαῦτα
2508 531 2773 595 παθόντος
2803 530 3024 599 ἀδίκως,
3058 534 3102 587 ὠ
3134 530 3255 603 δίκη
3285 535 3297 589 l
3343 534 3432 588 καὶ
3462 534 3609 609 παρᾶ

1957 618 2018 673 τὸ
2072 619 2237 686 εἰκὸς,
2291 621 2595 698 ἀφαιρεῖται
2648 621 2796 697 ῥινὸς
2842 623 3011 692 αὐτῆς
3047 622 3180 694 μετὰ
3204 627 3310 676 τῶν
3347 622 3601 697 χειλέων.

1954 709 2198 770 Ἐκεῖνος
2256 706 2314 763 δὲ
2360 710 2664 785 παραυτίκα
2712 709 3106 786 ῥακενδυτήσας
3148 713 3248 779 τὴν
3302 713 3472 783 μονὴν
3506 718 3602 767 τοῖ’)

1958 794 2283 872 Προδρόμου
2317 798 2639 873 εἰσέρχεται.
2676 800 2773 853 Καὶ
2805 797 2872 868 δὴ
2915 798 3118 863 ἄλλους
3174 800 3465 863 πλεῖστους
3511 799 3600 855 διὰ

1952 887 2119 941 ταῦτα
2175 884 2619 960 ὑποϐλεπὸμενος
2675 889 2803 950 τοὺς
2866 889 2957 960 μὲν
3020 888 3071 942 ἐν
3131 886 3359 962 οὐδεμιᾷ
3416 884 3599 945 ἔταττε

1958 975 2145 1050 μοίρᾳ,
2172 975 2299 1037 τοὺς
2331 975 2388 1031 δὲ
2410 976 2499 1031 καὶ
2549 975 2791 1046 ἐκόλαζε.
2826 980 3085 1033 Τοιοῦτον
3136 978 3238 1052 γὰρ
3280 978 3343 1031 τὸ
3398 978 3474 1050 μή
3508 978 3593 1032 εὐ-

1952 1065 2136 1138 νόμως
2196 1063 2383 1141 ἄρχειν
2442 1063 2588 1120 ἀλλὰ
2642 1070 2994 1141 τυραννικῶς·
3056 1069 3138 1129 οἷς
3192 1067 3295 1142 γὰρ
3354 1066 3597 1142 ἁμαρτά·-

1952 1176 2057 1209 νειν
2118 1150 2401 1227 συμϐαίνει
2462 1156 2553 1210 τὸν
2625 1155 2895 1231 ἄρχοντας
2965 1156 3180 1218 τούτοις
3243 1155 3594 1229 ὑπειδόμενον

1950 1243 2077 1306 τοὺς
2136 1250 2243 1299 τῶν
2299 1244 2599 1319 ἀνθρώπων
2656 1243 3064 1315 εὐσυνειδγςτους
3124 1247 3422 1319 ἄχθεσθαι,
3480 1244 3596 1300 ἐπεὶ

1954 1332 2052 1388 οὐκ
2099 1329 2241 1388 ἔστιν
2300 1332 2500 1388 ἐκεῖνον
2574 1340 2850 1407 μετανοεῖν
2921 1333 3001 1411 ἐφ’
3060 1335 3140 1394 οἷς
3201 1332 3451 1407 ἐπραχθη
3508 1334 3598 1387 καὶ

1951 1423 2282 1498 συγγνώμην
2339 1428 2518 1494 ζητεῖν
2579 1423 3039 1497 παραιτούμενον,
3108 1423 3312 1496 ἀνᾶγκη
3373 1419 3597 1484 δικαίως

1950 1510 2271 1566 πιστεύοντα
2320 1511 2717 1587 ἀπεχθάνεσθαι
2779 1517 2954 1584 μισεῖν
3014 1510 3253 1574 ἐντεῦθεν
3302 1510 3429 1572 τοὺς
3464 1511 3601 1565 ὑπο-

1950 1602 2277 1674 νοουμὲνους
2338 1603 2426 1656 καὶ
2485 1607 2793 1675 τιμωρεῖν.
2853 1603 2955 1657 Ἦν
3016 1600 3108 1655 οὖν
3171 1600 3294 1654 τότε
3344 1600 3482 1653 κατὰ
3535 1599 3596 1652 τὸ

1952 1691 2174 1765 ἀρχεῖον
2222 1692 2439 1767 ταραχή
2490 1691 2774 1765 λογισμῶν
2813 1684 2969 1767 φόϐῳ
3000 1690 3329 1762 σύμμικτος,
3359 1693 3469 1744 τῶν
3502 1689 3595 1760 μὲν

1952 1777 2236 1853 λογισμῶν
2270 1780 2357 1853 [P.
2392 1782 2513 1852 129]
2548 1776 2689 1851 μηδὲ
2724 1779 2814 1833 τὸν
2849 1777 3155 1853 ἀνάλγητον
3184 1777 3338 1853 φύσει
3369 1779 3597 1851 ἠρεμεῖν

1953 1863 2187 1934 ἐώντων,
2215 1870 2311 1919 τοῦ
2343 1863 2400 1920 δὲ
2431 1860 2625 1941 φόϐου,
2660 1867 2733 1928 ὡς
2769 1867 2842 1939 μή
2874 1887 2958 1927 τις
2995 1866 3177 1937 μαθὼν
3201 1864 3599 1940 προσαγγείλοι

1950 1953 2039 2008 καὶ
2073 1954 2134 2009 οὗ
2163 1956 2337 2031 φυκτὰ
2383 1956 2434 2009 οἱ
2486 1956 2553 2009 τὰ
2581 1961 2680 2023 τῆς
2712 1952 2989 2015 κολάσεως
3038 1956 3275 2022 γένοιτο,
3326 1953 3596 2025 παρευθῦς

1951 2042 2366 2105 συστέλλοντος·
2402 2041 2548 2112 δεινή
2590 2044 2692 2119 γὰρ
2736 2043 2787 2097 ἐν
2836 2044 3264 2118 προσαγγελίαις
3314 2040 3595 2118 διαφερόν-

1948 2154 2058 2195 τως
2084 2136 2150 2201 iv
2182 2136 2215 2201 ἡ
2248 2137 2344 2187 τοῦ
2373 2154 2493 2188 τινα
2519 2131 2695 2188 δοκεῖν
2737 2134 3083 2209 προσκεῖσθαι
3113 2137 3193 2205 τῷ
3222 2129 3376 2187 παιδὶ
3408 2131 3597 2188 Ἰωάν-

1948 2242 2013 2296 νῃ
2044 2222 2132 2276 καὶ
2161 2228 2459 2295 συμπαθεῖν
2470 2265 2483 2277 .

1954 2330 2045 2405 ιβ’.
2102 2330 2183 2386 Τὰ
2237 2330 2383 2405 κατὰ.
2425 2327 2554 2405 τορς
2635 2327 2937 2405 Ζργηνοὺς,
3001 2327 3152 2405 δπως
3224 2328 3593 2399 ἀπεστάτησαν

2360 2399 2629 2477 βασιλέως
2667 2398 2753 2455 διὰ
2780 2401 2870 2455 τὸν
2900 2401 3184 2471 Ἰωάννην.

2021 2491 2156 2564 Παρ’
2210 2491 2271 2559 ἢν
2304 2489 2495 2545 »αἰτίαν
2552 2490 2641 2544 καὶ
2698 2489 2883 2566 ὀλίγον
2943 2489 3161 2567 ὕστερον
3225 2492 3276 2546 οἱ
3331 2489 3466 2546 κατᾶ
3492 2496 3595 2560 τῆς

1940 2617 2097 2674 Alios
2127 2617 2264 2673 item
2299 2617 2585 2691 plurimos
2604 2617 2860 2674 similem
2884 2619 2956 2674 ob
2979 2634 3219 2674 causam
3245 2618 3357 2674 sibi
3384 2634 3592 2690 suspe-

1939 2712 2064 2762 ctos
2089 2706 2429 2778 invisosque
2452 2706 2665 2779 partim
2694 2706 2852 2763 ultus
2869 2707 3292 2764 contumelioso
3316 2707 3585 2779 neglectu

1937 2800 2045 2863 est,
2080 2795 2303 2852 nullam
2337 2812 2539 2851 eorum
2597 2796 2656 2851 in
2715 2796 3131 2852 distributione
3190 2798 3474 2853 bonorum
3518 2813 3582 2850 ac

1940 2902 2252 2940 munerum
2276 2886 2559 2941 rationem
2578 2884 3039 2957 babens,partim
3065 2887 3327 2957 quaesitis
3350 2890 3584 2957 praztcx-

1937 2973 2097 3029 tibus
2126 2974 2275 3028 male
2301 2974 2592 3029 multavit.
2629 2978 2708 3027 En
2744 2974 2968 3028 fructus
2998 2974 3228 3045 imperii
3262 2990 3372 3028 non
3413 2974 3584 3044 juxta

1936 3060 2092 3133 leges
2118 3064 2420 3135 tyrannice
2470 3062 2617 3134 parti
2676 3062 2965 3133 gestique.
3025 3062 3250 3132 Quippe
3308 3061 3579 3133 princeps

202 3158 333 3216 rant,
354 3169 500 3208 onus
524 3152 868 3207 miserabile
887 3152 1220 3224 corpusculi
1245 3152 1375 3208 luce
1422 3154 1569 3208 cassi
1594 3159 1651 3209 et
1670 3154 1829 3209 velut
1858 3152 1900 3220 C
1938 3150 2292 3217 istiusmodi,
2336 3167 2463 3221 quae
2486 3150 2645 3222 large
2674 3150 3027 3218 peccaverit;
3060 3167 3193 3205 cum
3227 3168 3259 3206 a
3283 3151 3479 3222 probis
3526 3155 3583 3206 et

200 3240 421 3296 exanimi
456 3242 738 3298 tollentes
766 3242 823 3297 in
857 3257 1049 3297 arcem
1086 3240 1231 3297 illud
1264 3242 1621 3297 maritimam
1658 3242 1833 3299 Nice-

199 3327 468 3398 tiatarum,
507 3331 809 3401 Dacibyzae
839 3330 1083 3396 dictam,
1116 3331 1534 3401 importarunt,
1567 3331 1835 3388 tutaillio

199 3421 245 3472 et
268 3418 694 3492 impenetrabili
718 3420 980 3475 custodia
1004 3420 1321 3475 tenendum
1348 3420 1617 3477 ﬁdissimi
1640 3422 1833 3493 praesi-

200 3506 283 3576 dii,
313 3525 540 3565 annona
564 3509 628 3563 in
663 3508 946 3564 alimenta
967 3508 1204 3577 inclusi,
1227 3514 1515 3580 quantum
1544 3515 1634 3565 sat
1664 3512 1830 3579 foret,

201 3597 424 3667 provisa.
449 3601 802 3655 Juramenta
833 3614 1005 3670 porro
1025 3597 1125 3653 illa
1148 3603 1204 3654 et
1223 3604 1391 3669 pacta
1411 3598 1833 3673 exquisitasque

199 3687 257 3739 ad
276 3687 620 3743 ﬁrmandam
640 3686 815 3742 ﬁdem
840 3686 1165 3757 cautiones,
1186 3687 1487 3743 horrendae
1510 3689 1833 3759 quinetiam

202 3774 437 3832 dirarum
457 3776 927 3848 imprecationes
950 3776 1008 3830 in
1032 3775 1426 3839 fallentem,ut
1446 3776 1604 3833 olera
1625 3778 1831 3850 deglu-

198 3864 287 3918 tita
314 3871 449 3921 sunt
479 3868 557 3921 ab
596 3865 947 3937 imperatore
979 3865 1321 3935 religionem
1354 3865 1570 3922 habere
1603 3866 1744 3933 viso,
1777 3871 1833 3923 et

198 3957 251 4005 ut
274 3955 367 4008 tali
398 3955 618 4011 eximie
649 3955 721 4009 ab
753 3953 1014 4009 Ecclesia
1046 3954 1328 4010 honorato
1351 3972 1581 4027 praeque
1602 3956 1831 4012 cunctis

193 4042 252 4096 ad
272 4042 587 4115 imperium
614 4047 900 4115 promoto.
928 4047 1141 4099 Verum
1165 4060 1375 4116 nempe
1394 4049 1486 4100 est
1506 4046 1660 4117 quod
1684 4046 1830 4101 dici-

194 4136 291 4199 tur,
312 4133 695 4203 Magistratus
724 4133 993 4188 ostendet
1022 4133 1236 4188 virum.
1268 4132 1414 4188 Nam
1448 4133 1605 4189 hunc
1636 4134 1830 4205 qualis

194 4226 347 4289 esset,
369 4221 572 4294 palam
607 4221 864 4277 ostendit
897 4221 1297 4294 magistratus:
1330 4238 1509 4294 quam
1539 4222 1624 4277 illi
1676 4240 1827 4278 cura;

187 4308 272 4376 jus
300 4310 502 4382 fasque
534 4317 716 4377 esset,
766 4310 960 4382 qualis
1012 4314 1172 4366 esset
1227 4310 1286 4365 in
1346 4311 1530 4365 Deum
1590 4312 1823 4383 pietate,

188 4396 600 4456 demonstravit
622 4398 958 4469 imperium.
982 4400 1266 4454 Caeterum
1289 4404 1610 4455 excascatus
1642 4406 1698 4455 et
1729 4401 1826 4455 ille

190 4488 391 4556 animo,
422 4493 485 4545 et
516 4487 863 4560 caliginosis
894 4486 1126 4543 nebulis
1157 4486 1354 4559 gloria:
1412 4490 1645 4543 caducae
1677 4506 1823 4545 veras
1855 4524 1901 4590 υ

188 4578 455 4633 mentium
491 4578 646 4633 lucis
678 4577 896 4631 intuitu
928 4578 1171 4643 amisso,
1205 4576 1424 4632 nefarie
1452 4580 1695 4649 piecepit
1731 4577 1823 4633 in-

186 4671 468 4722 nocentem
504 4668 637 4722 visu
671 4664 932 4737 corporis
965 4666 1199 4737 privari.

189 4771 259 4825 ti.
292 4774 359 4829 De
390 4770 962 4844 HoloboloManuele,
996 4781 1049 4827 et
1086 4772 1151 4826 de
1178 4772 1589 4844 suspicionibus
1636 4772 1820 4830 odiis-

526 4860 632 4916 que
662 4843 722 4898 in
754 4844 996 4914 reliquos
1025 4846 1251 4900 Joannis
1276 4843 1465 4900 causa.

243 4931 433 5005 Neque
465 4934 581 4989 hoc
611 4936 944 5001 contentus,
977 4933 1245 4988 confictis
1281 4938 1418 4989 tunc
1464 4934 1659 4989 causis
1698 4940 1823 4989 Ma-

182 5022 397 5077 nuelem
435 5022 811 5084 Holobolum,
847 5038 1095 5093 puerum
1152 5027 1363 5078 tenerae
1424 5024 1612 5078 aetatis
1669 5028 1725 5077 et
1759 5023 1819 5078 in

183 5109 630 5167 domesticorum
661 5110 1184 5181 grammaticorum
1245 5115 1379 5167 tunc
1437 5111 1640 5168 ordine
1667 5112 1818 5167 I93

179 5205 515 5268 merentem,
543 5199 698 5270 quod
730 5200 781 5253 is
797 5198 1053 5270 graviter
1074 5201 1222 5255 ferre
1242 5200 1400 5255 visus
1421 5204 1575 5256 esset
1597 5218 1720 5270 quae
1758 5201 1817 5255 in

178 5286 445 5345 Joannem
482 5294 604 5345 tam
639 5288 955 5345 crudeliter
983 5295 1112 5345 acta
1132 5290 1372 5358 viderat,
1399 5308 1573 5362 quam
1600 5292 1819 5359 injuste

176 5377 363 5447 (testor
386 5380 495 5450 jus
526 5384 583 5434 et
612 5380 893 5450 aequum),
927 5396 1104 5450 quam
1127 5379 1284 5435 ultra
1312 5396 1543 5435 omnem
1578 5382 1818 5437 modum

179 5466 529 5539 immaniter,
550 5468 806 5525 mutilari
833 5469 978 5524 foede
1000 5470 1179 5539 jussit
1200 5470 1461 5526 abscisso
1484 5487 1614 5526 cum
1638 5470 1819 5527 labris

179 5572 329 5613 naso.
364 5557 471 5614 Ille
514 5562 709 5614 autem
742 5556 1035 5614 miserita
1063 5559 1421 5615 deformatus
1466 5560 1818 5618 centunculo

174 5645 409 5702 indutus
433 5647 499 5702 in
524 5646 946 5703 monasterium
974 5651 1355 5704 Praecursoris
1381 5650 1685 5721 ingressus
1703 5656 1814 5707 est.

1940 3240 2107 3295 bonas
2119 3239 2488 3296 conscientia:
2500 3240 2838 3296 hominibus
2856 3245 2956 3295 aut
2974 3240 3450 3295 animadverterit
3482 3244 3584 3295 aut

1940 3329 2278 3401 suspicatus
2308 3330 2483 3384 fuerit
2511 3329 2849 3401 vituperari,
2894 3331 3235 3385 exardescat
3282 3330 3339 3384 in
3400 3330 3584 3385 furias

1940 3433 2177 3473 necesse
2207 3423 2333 3487 est;
2367 3422 2424 3473 et
2447 3420 2545 3490 qui
2570 3418 2965 3489 paenitentiam
2994 3420 3252 3491 proﬁteri
3278 3435 3582 3491 perperam

1938 3512 2203 3564 actorum
2228 3514 2329 3563 aut
2347 3508 2571 3563 veniam
2598 3522 2831 3579 poscere
2851 3507 3103 3563 alienum
3128 3525 3281 3564 asua
3302 3508 3583 3577 dignitate

1938 3614 2005 3653 ac
2036 3603 2220 3653 morte
2253 3598 2419 3668 pejus
2452 3597 2755 3652 vitandum
2808 3604 3065 3663 censeat,
3120 3603 3241 3653 toto
3293 3596 3584 3653 incumbit

1939 3687 2137 3742 animo
2168 3687 2240 3743 ad
2264 3686 2719 3742 existimandum
2745 3703 2859 3757 prae
2883 3702 3063 3758 seque
3086 3686 3389 3742 ferendum
3416 3688 3582 3757 justa

1936 3794 2066 3833 esse
2097 3794 2224 3848 quae
2257 3777 2408 3832 fecit.
2443 3776 2605 3832 Unde
2636 3777 2776 3846 quid
2810 3785 2899 3831 est
2943 3792 3310 3849 consequens
3356 3778 3467 3832 nisi
3518 3781 3583 3832 ut

1937 3867 2127 3922 odisse
2159 3870 2401 3938 cogatur
2429 3871 2486 3921 et
2520 3882 2622 3935 pro
2681 3865 2904 3921 viribus
2936 3865 3134 3921 ulcisci
3196 3882 3365 3921 secus
3392 3866 3461 3921 de
3520 3883 3582 3923 se

1936 3960 2243 4011 censentes
2265 3956 2292 4009 ?
2319 3960 2460 4011 Erat
2489 3973 2626 4026 ergo
2653 3960 2790 4010 tunc
2824 3956 2880 4011 in
2915 3956 3049 4011 aula
3079 3956 3341 4011 confusio
3358 3958 3579 4027 cogita-

1935 4046 2162 4101 tionum
2195 4049 2351 4099 metu
2387 4044 2680 4116 perplexa.
2714 4044 2859 4099 Nam
2921 4044 3058 4099 hinc
3112 4045 3346 4115 quidem
3408 4062 3578 4102 nemo

1936 4134 2206 4205 quamvis
2239 4133 2397 4190 ferus
2427 4138 2485 4189 et
2515 4133 2583 4187 ad
2615 4149 2856 4188 sensum
2904 4132 3292 4189 humanitatis
3349 4133 3579 4204 gelidus

1935 4224 2253 4279 informare
2272 4223 2468 4278 animo
2489 4227 2715 4294 poterat
2731 4221 3010 4294 tragicam
3037 4223 3289 4294 speciem
3313 4225 3578 4279 exercitae

1934 4314 1992 4369 in
2021 4312 2263 4386 puerulo
2285 4313 2413 4383 ejus
2436 4312 2543 4368 loci
2564 4329 2802 4383 prorsus
2832 4312 3063 4367 innoxio
3078 4312 3439 4369 crudelitatis
3460 4317 3578 4369 tam

1933 4402 2229 4469 immanis,
2258 4402 2400 4473 quin
2434 4405 2898 4456 commoveretur
2928 4401 3134 4456 intime
3182 4407 3239 4457 et
3268 4403 3338 4457 ad
3390 4403 3578 4457 vindi-

1932 4492 2077 4548 cand
2090 4508 2186 4547 um
2211 4492 2572 4547 inuitaretur:
2590 4490 2727 4546 inde
2755 4490 2971 4562 pariter
2989 4508 3191 4547 omnes
3212 4492 3576 4565 constringe-

1934 4583 2035 4637 bat
2060 4588 2254 4637 metus
2284 4587 2341 4637 et
2372 4582 2706 4638 sollicitudo
2739 4583 3028 4654 cujusque
3061 4584 3131 4637 de
3164 4600 3225 4638 se
3256 4583 3404 4655 ipso,
3431 4602 3501 4639 ne
3528 4585 3575 4638 si

1932 4671 2086 4743 quod
2111 4675 2411 4726 emanaret
2442 4670 2689 4726 istorum
2724 4687 3006 4726 sensuum
3040 4671 3344 4740 indicium,
3369 4672 3578 4744 cupide

1932 4758 2239 4815 collectum
2273 4777 2306 4814 a
2338 4760 2558 4831 paratis
2608 4758 2966 4816 delatoribus
3014 4761 3083 4815 ad
3119 4760 3347 4832 tyranni
3404 4779 3578 4817 aures

1934 4848 2278 4919 perveniret,
2313 4854 2586 4904 secutura
2614 4849 2813 4904 statim
2846 4848 3164 4904 inevitabili
3190 4867 3372 4922 eaque
3395 4851 3576 4906 atroci

1934 4953 2123 5008 poena,
2156 4937 2447 5009 siquidem
2484 4953 2550 4992 ex
2583 4937 2743 4993 omni
2774 4954 2986 5009 genere
3044 4938 3405 4995 delationum
3462 4939 3575 4993 illae

1930 5025 2425 5096 impotentissime
2456 5025 2877 5098 celerrimeque
2908 5028 3281 5083 concitabant
3301 5029 3352 5081 in
3380 5029 3573 5083 sazvis-

1930 5116 2114 5171 simos
2148 5116 2373 5171 furores
2404 5114 2703 5171 Michaelis
2736 5116 3168 5189 animum,quae
3202 5118 3272 5174 de
3301 5118 3573 5189 quopiam

1932 5205 2079 5260 forte
2102 5204 2439 5259 nuntiarent
2469 5204 2777 5260 condolere
2826 5205 2996 5261 illum
3047 5207 3256 5263 Joanni
3312 5222 3488 5278 puero
3520 5209 3576 5257 et

1930 5310 2133 5350 casum
2167 5296 2295 5365 ejus
2325 5310 2473 5366 aegre
2508 5295 2674 5349 ferre.

1931 5402 2016 5455 12.
2060 5403 2133 5457 De
2179 5400 2412 5472 Zygem's
2459 5404 2575 5455 sive
2618 5404 2915 5472 montanis,
2966 5411 3025 5456 ut
3077 5402 3136 5456 in
3185 5403 3571 5472 imperaturem

2344 5472 2673 5528 rebellarint
2713 5476 2942 5530 Joannis
2970 5490 3154 5529 causa.

2003 5567 2242 5633 Proyter
2274 5578 2453 5634 quam
2484 5578 2722 5619 causam
2755 5562 2929 5618 etiam
2964 5561 3135 5633 paulo
3155 5562 3287 5633 post
3313 5561 3571 5629 agrestes

1930 5652 2028 5724 qui
2060 5651 2285 5708 vicinos
2311 5649 2513 5706 Nicaea
2546 5654 2778 5705 montes
2798 5650 3077 5717 incolunt,
3110 5652 3365 5704 aratores
3384 5645 3569 5702 homi-
