4018 6198
347 250 456 308 635
1647 263 1950 320 GEORGII
1994 265 2462 321 PACBYMERB
3626 269 3715 325 636

349 378 582 438 Νικαίας
658 379 833 450 τᾶκρα
898 383 1158 454 χωρῖται,
1235 381 1461 457 ἀγρόται
1540 385 1636 458 μὲν
1709 381 1858 449 ὅντες
1910 387 1996 442 καὶ
2030 392 2084 458 Α
2115 409 2232 450 σαις
2260 394 2381 453 ταῖς
2408 390 2527 444 κατ’
2579 388 2780 444 ἐκεῖνον
2832 385 3162 461 προυθμίαις
3194 383 3448 459 ἐνεδίδου,
3492 389 3574 442 καὶ
3609 394 3722 448 ἅπαν

351 465 594 540 γεωργίᾳ
644 467 1029 540 προσέχοντες,
1091 467 1384 545 θαρραλέοι
1443 470 1488 527 δ’
1520 472 1727 540 ἄλλως,
1785 474 2001 530 πίσυνοι

349 555 548 622 τόξοις,
604 554 717 624 ἅμα
772 551 830 607 δὲ
886 555 977 608 καὶ
1037 563 1153 620 ταῖς
1205 562 1343 615 κατά
1400 567 1531 638 σφᾶς
1576 565 1910 640 δυσχωρίαις
1941 567 2002 620 τὸ

349 643 540 697 πιστὸν
576 639 795 717 ἔχοντες
828 645 902 708 ὡς
954 647 1016 700 ού
1049 646 1252 724 ῥᾳδίως
1280 653 1594 725 πεισόμενοι
1625 653 1722 709 κᾶν
1752 676 1802 709 τι
1833 654 2000 729 πράτ-

345 752 513 798 τοιεν,
571 731 816 797 εύσόντες
869 733 1070 804 ’ἥκοντά
1127 741 1288 794 ποθεν
1331 742 1605 797 νεανίσκον
1663 746 1807 816 νόσῳ
1838 743 2000 799 λελυ·

354 819 628 892 μασμένον
709 823 837 886 τοὺς
915 826 1256 900 ὀφθαλμοὺς,
1333 833 1523 908 φήμης
1597 832 2002 908 προοδευούσης

351 908 558 965 ἐκείνου
636 913 782 987 παρά
848 920 955 969 τῶν
1035 922 1518 993 συσκευασαμένων
1566 924 1628 978 τὸ
1688 922 1868 999 δρᾶμα
1926 927 1999 987 ὡς

350 999 510 1062 αὐτὸς
570 998 653 1070 εἷή
704 1003 766 1056 τὸ
798 1002 1010 1059 παιδίον
1072 1007 1101 1060 ὅ
1147 1008 1422 1081 Ἰωάννης,
1455 1013 1614 1085 ἀπρὶξ
1647 1016 2000 1089 συναχθέντες

353 1085 576 1161 ἔχονται
607 1090 823 1160 τούτου,
867 1094 978 1166 ἅμα
1025 1096 1118 1166 μὶν
1166 1097 1239 1158 ὡς
1291 1096 1556 1155 δεσπότου
1591 1103 2001 1176 ὑπονοουμένου

351 1178 554 1254 σφίσιν,
617 1180 697 1258 ἐφ’
756 1183 907 1259 ᾧπερ
963 1185 1052 1238 καὶ
1112 1189 1296 1260 ὅρκοις
1340 1195 1458 1252 τοῖς
1490 1192 1626 1265 πρὸς
1655 1193 1746 1248 τὸν
1797 1195 2002 1270 πατέρα

349 1264 676 1340 πεδούμενοι
714 1277 833 1332 ταῖς
881 1272 1012 1346 ὑπὲρ
1063 1272 1274 1330 ἐκείνου
1305 1279 1633 1353 προθυμίαις
1681 1281 1999 1360 ἐσφάδαζον,

355 1367 467 1436 ἅμα
525 1362 582 1419 δὲ
631 1367 722 1419 καὶ
796 1368 869 1429 ὡς
942 1367 1266 1446 ἠδικημένῳ
1341 1378 1822 1451 προσαμύνοντες.
1903 1381 2002 1435 Καὶ

355 1454 674 1508 ἀποστατεῖν
727 1452 984 1531 ἤρξαντο,
1039 1460 1202 1529 οῆλοι
1249 1459 1394 1526 ὄντες
1438 1465 1486 1538 ἐξ
1537 1468 1609 1520 ὧν
1642 1467 1856 1523 ἐποίουν
1887 1476 2004 1535 τοῖς

353 1541 772 1616 ἐπιθησομένοις
830 1545 1306 1620 πολεμησείοντες.
1358 1556 1462 1610 Καὶ
1515 1554 1580 1624 δὴ
1627 1559 2003 1632 περιστείλαν-

349 1652 435 1693 τες
463 1638 579 1694 τοῖς
611 1633 810 1688 εἷ’κόσιν
846 1635 1052 1692 ἐκεῖνον
1103 1642 1191 1694 καὶ
1237 1639 1509 1707 δουλικῶς
1566 1649 2002 1725 προσφερόμενοι

349 1721 623 1794 προίστων
686 1723 760 1785 εἷς
823 1726 1048 1800 βασιλέα
1097 1732 1186 1784 καὶ
1261 1733 1390 1809 ὑπὲρ
1440 1735 1604 1791 αὐτοῦ
1679 1735 2006 1794 κινδυνεύειν

352 1811 579 1884 ὥρμων.
635 1815 695 1870 Ὁ
731 1816 914 1886 μέντοι
961 1838 1022 1892 γε
1077 1820 1336 1896 βασιλεὺς
1387 1827 1570 1897 μαθὼν
1621 1828 1686 1882 τὰ
1727 1831 1850 1903 περὶ
1878 1832 2006 1885 τού-

350 1921 472 1968 του,
525 1901 698 1971 ἀνέζει
751 1926 808 1959 τε
865 1911 943 1978 τῷ
998 1909 1155 1982 θυμῷ
1212 1913 1299 1966 καὶ
1360 1917 1616 1978 καθεκτὸς
1675 1917 1772 1972 οὐκ
1817 1920 1904 1988 ἧν,
1962 1919 2006 1974 εἰ

359 1986 518 2063 ἄκραι
570 1996 815 2046 τοιαῦται
865 2002 1244 2067 παρασπᾶσθαι
1293 2008 1391 2070 τῆς
1437 2001 1803 2081 ἐντρεχούσης
1831 2009 2008 2084 φέμης

360 2075 513 2132 ἕνεκα
565 2077 989 2153 κινδυνεύουσιν,
1048 2085 1098 2157 ἐξ
1157 2090 1228 2142 ὧν
1282 2089 1424 2155 εἷ’κὸς
1480 2095 1611 2148 εἶναι
1665 2096 1754 2150 καὶ
1807 2093 2009 2159 ἄλλους

356 2176 765 2244 παρακινεῖσθαι
824 2173 1113 2240 πλείστους
1171 2178 1508 2238 ἀποστατεῖν.
1559 2185 1716 2249 Ὀοεν
1761 2187 1850 2240 καὶ
1904 2189 2006 2242 πά-

355 2375 459 2413 nes
481 2362 537 2414 et
558 2361 712 2417 I94
734 2363 1102 2435 agriculturae
1128 2373 1518 2443 attendentes,
1542 2377 1717 2434 fortes
1739 2378 1998 2451 alioquin

355 2452 413 2501 et
445 2450 719 2516 audaces,
752 2454 1008 2510 arcubus
1068 2458 1219 2524 freti,
1280 2461 1455 2518 simul
1489 2471 1707 2535 autem,
1763 2450 2002 2540 propter

356 2537 734 2607 asperitatem
759 2541 1192 2602 inaccessorum
1209 2549 1461 2607 saltuum
1477 2537 1917 2611 etcacuminum
1939 2558 1998 2613 in

357 2625 574 2694 quibus
607 2629 774 2684 sedes
804 2631 1042 2704 habent,
1075 2638 1278 2693 confisi
1312 2656 1374 2695 se
1405 2659 1516 2696 non
1571 2644 1738 2700 facile
1798 2647 1995 2700 damni

356 2715 680 2786 quidquam
716 2735 994 2790 passuros
1028 2729 1412 2794 quantumvis
1441 2732 1580 2802 quid
1613 2739 1854 2804 agerent
1884 2752 1998 2806 quo

355 2803 766 2874 imperatorem
797 2807 1114 2880 irritarent,
1137 2832 1266 2870 cum
1291 2803 1996 2893 invenissentprot‘ectum

354 2893 550 2947 nescio
583 2896 735 2950 unde
767 2898 1263 2959 adolescentulum
1295 2908 1497 2964 morbo
1529 2915 1905 2978 excmcatum,
1929 2913 2000 2966 de

353 2998 470 3052 quo
495 2982 650 3038 fama
672 2987 1159 3062 prmiveratopera
1179 2997 1572 3066 quorumdam
1593 2998 1764 3055 istius
1789 3000 1997 3055 fabulae

355 3071 648 3128 artiﬁcum
680 3091 810 3132 esse
842 3077 1007 3134 illum
1040 3099 1284 3153 puerum
1317 3085 1630 3155 Joannem,
1663 3092 1994 3162 congregati

359 3177 572 3232 magno
593 3166 1308 3228 numeroirrevocubiliter
1337 3175 1387 3230 ei
1407 3176 1781 3234 adhaeserunt
1811 3185 1873 3235 ut
1893 3196 1999 3236 suo

359 3250 618 3317 domino,
653 3269 828 3323 quem
863 3256 1131 3314 videlicet
1177 3261 1372 3331 ipsum
1424 3281 1552 3322 esse
1609 3267 2003 3338 opinabantur

358 3338 644 3395 Theodori
670 3358 856 3414 nuper
878 3345 1222 3418 imperantis
1247 3352 1456 3424 filium,
1481 3355 1576 3410 cui
1602 3373 1665 3411 se
1686 3357 2031 3414 obstrictos.

357 3426 776 3484 existimabant
798 3431 1079 3504 religione
1105 3443 1454 3496 sacramenti
1487 3444 1711 3500 dudum
1747 3446 1818 3500 ab
1856 3446 2001 3517 ipsis

357 3514 466 3568 rite
497 3519 759 3587 concepti
789 3519 847 3574 in
879 3523 1052 3578 verba
1082 3525 1367 3583 Theodori
1400 3533 1585 3601 patris
1604 3537 1660 3588 et
1681 3514 2002 3592 decessoris

360 3603 511 3694 ejus,
545 3605 1094 3682 studioqueingenti
1114 3615 1183 3670 ad
1210 3616 1439 3687 quidvis
1469 3637 1571 3692 pro
1602 3621 1783 3694 hujus
1813 3624 2004 3681 salute

359 3707 426 3746 ac
443 3691 727 3764 dignitate
738 3698 1072 3757 audendum
1087 3691 1572 3782 subeundumque
1587 3691 2000 3782 incubuerunt,

364 3781 583 3838 ultores
615 3786 839 3855 injuriae
871 3791 1083 3847 atrocis
1115 3793 1225 3865 ipsi
1258 3797 1418 3854 factae
1449 3781 1512 3856 se
1549 3801 1819 3859 ferentes.
1855 3781 2004 3876 Ergo

362 3871 554 3941 palam
581 3873 652 3927 ab
676 3874 1027 3947 imperatore
1047 3881 1402 3956 defecerunt,
1429 3889 1477 3942 si
1497 3890 1597 3960 qui
1619 3892 1691 3946 ab
1713 3908 1778 3947 eo
1801 3871 2006 3949 contra

360 3959 862 4032 venirent,acriter
878 3984 939 4023 se
966 3971 1274 4030 restituros
1289 3992 1353 4031 ac
1377 3959 1784 4052 qualecunque
1798 3982 2004 4038 discri-

364 4065 492 4104 men
529 4067 736 4124 pugnae
771 4054 1160 4116 libentissime
1193 4063 1455 4122 adituros
1511 4069 2001 4128 demonstrantes.

363 4139 622 4196 Primum
646 4144 912 4201 omnium
934 4152 1142 4206 vestitu
1167 4159 1496 4226 ornatuque
1515 4160 1787 4229 Augustae
1811 4163 2003 4232 maje-

365 4228 500 4282 stati
536 4246 790 4303 congruo
821 4233 1094 4294 indutum
1128 4228 1673 4318 circumdatumque
1723 4228 2003 4306 comitatu

363 4332 495 4371 eum
531 4323 593 4372 ut
624 4320 1033 4393 imperatorem
1067 4346 1430 4400 agnoverunt
1453 4335 1898 4411 colueruntque,
1938 4358 2004 4396 ac

365 4419 425 4459 se
459 4423 562 4477 pro
593 4407 692 4464 illo
723 4413 984 4483 cujusvis
1016 4419 1258 4488 periculi
1299 4423 1485 4479 aleam
1529 4426 1726 4496 jacere
1773 4407 2005 4500 paratos

2111 478 2175 534 τό
2205 481 2591 554 στρατιωτικὸν
2654 479 2705 534 ἐν
2762 483 2945 550 ταυτῷ
3003 475 3263 545 συλλέξας
3318 476 3598 534 ἀπέστελλε
3638 504 3721 538 που

2113 567 2318 641 λέμους
2347 577 2763 643 πολεμήσοντας
2797 567 3120 644 ἐμφυλίους.
3173 567 3268 620 Καί
3318 588 3381 641 γε
3424 565 3614 622 πολλοὶ
3639 577 3721 640 τῆς

2111 659 2247 713 κατᾶ
2304 664 2436 732 σφᾶς
2495 658 2686 734 ἰσχύος
2759 658 3063 730 κρείττονες
3121 655 3321 729 ὥρμων
3382 652 3589 726 δοκήσει
3636 666 3719 727 τῆς

2111 750 2248 823 πρὸς
2303 748 2528 816 βασιλέα
2577 751 2816 815 εὐνοίας,
2864 747 2952 803 καὶ
3004 746 3114 821 ἔρις
3145 747 3210 814 ἧν
3243 744 3308 814 ἦν
3338 766 3420 806 τις
3461 745 3722 817 προκινδυ·

2111 837 2299 900 νεύσας
2333 838 2644 912 χαρίσαιτο.
2695 843 2776 908 [Ρ.
2815 838 2936 912 130]
2967 837 3033 893 0".
3065 833 3122 890 δὲ
3157 836 3417 908 μαθόντες
3447 833 3578 889 οὕτω
3604 836 3722 890 πολ·

2115 927 2246 990 λοὺς
2293 931 2409 982 καθ’
2448 928 2624 983 αὐτῶν
2672 929 2959 1002 ὁρμῶντας
3015 927 3089 986 ὡς
3129 925 3441 979 ἀποστατῶν
3489 921 3723 1000 ἄντικρυς,

2113 1020 2212 1088 τὴν
2291 1019 2385 1091 μὲν
2464 1018 2790 1073 ἀποστασίαν
2865 1015 3082 1071 πολλοῦ
3153 1036 3305 1076 τινος
3371 1014 3722 1091 συγκαλύπτειν

2114 1107 2360 1179 ἐδέησαν,
2417 1104 2556 1163 ὥστε
2613 1109 2700 1163 καὶ
2773 1106 3098 1183 ὡμολόγουν
3140 1107 3230 1160 καὶ
3277 1105 3412 1181 μέγα
3449 1127 3498 1159 τι
3541 1102 3726 1160 ἐδόκουν

2113 1199 2365 1274 πράττειν
2425 1199 2501 1260 εἰς
2559 1197 2757 1273 δεῖγμα
2807 1204 2907 1267 τῆς
2964 1197 3100 1252 κατά
3158 1202 3291 1274 σφᾶς
3349 1190 3641 1268 εὐσεϐείας,
3688 1193 3730 1250 εἴ

2113 1311 2178 1364 γε
2223 1290 2312 1344 καὶ
2361 1290 2492 1365 ὑπὲρ
2537 1288 2808 1365 βασιλέως
2855 1289 2946 1342 καὶ
2997 1285 3341 1359 ἠδικημένου
3383 1283 3724 1354 κινδυνεύοιεν,

2115 1379 2216 1436 Καὶ
2276 1378 2527 1452 σύνθημα
2573 1381 2638 1448 ἦν
2701 1377 2924 1441 ἐκείνοις
2951 1373 3030 1445 ἓν,
3091 1378 3127 1446 ἢ
3187 1381 3338 1446 νικᾷν
3379 1377 3413 1446 ἢ
3445 1376 3630 1438 πάντας
3653 1376 3729 1428 πί-

2114 1489 2286 1523 πτειν.
2344 1470 2502 1526 Ὅθεν
2561 1467 2916 1543 περισχόντες
2964 1467 3032 1521 τά
3071 1465 3434 1540 ὀχυρώματα,
3465 1465 3550 1519 ἀπ’
3578 1465 3724 1518 αὐτῶν

2113 1580 2172 1614 τε
2199 1559 2266 1614 τὰ
2297 1556 2384 1613 διὰ
2411 1555 2581 1628 τὸξων
2641 1557 2776 1632 βέλη
2828 1556 3033 1612 ἐνίεσαν
3079 1557 3198 1610 καθ’
3249 1557 3397 1618 ὅστις
3436 1554 3493 1608 ἃν
3535 1554 3615 1608 καὶ
3653 1553 3725 1627 ἐγ-

2113 1647 2211 1721 γὺς
2260 1643 2642 1724 προσϐάλλοι,
2689 1647 2779 1702 καὶ
2824 1643 3223 1722 προπηδῶντες
3265 1648 3517 1719 γυμνῖται
3558 1644 3726 1719 προσέο

2115 1732 2346 1804 ϐαλλον,
2407 1736 2591 1811 τόλμῃ
2643 1758 2700 1792 τε
2755 1735 3190 1810 προσπίπτοντες
3247 1735 3451 1806 μείζονι
3497 1732 3727 1802 κατηκόν·

2114 1832 2262 1895 τιζον
2315 1828 2389 1899 μή
2445 1825 2912 1902 καταθαρῥοῦντας
2965 1824 3184 1879 ἐκείνων
3243 1822 3371 1886 τοὺς
3411 1824 3726 1895 στρατιώτας.

2119 1918 2185 1974 Οἱ
2218 1913 2274 1970 δὲ
2304 1916 2394 1970 καὶ
2443 1921 2732 1980 πονοῦντες
2783 1914 3073 1990 ὑφίσταντο
3121 1915 3207 1968 καὶ
3247 1911 3417 1967 δεινὸν
3463 1917 3726 1978 ποιοῦντες,

2118 2007 2163 2062 εί
2195 2006 2414 2068 πλείους
2449 2007 2653 2081 ὀλίγων
2687 2007 2774 2060 καὶ
2809 2004 3057 2079 ἄγροικοι
3090 2006 3327 2060 ἀστικῶν
3375 2000 3727 2076 περιγένοιντοσ

2116 2092 2524 2169 προσεϐοήθουν
2556 2118 2612 2151 τε
2662 2094 2964 2166 ἀλλήλοις,
3009 2095 3100 2149 καὶ
3159 2093 3454 2149 ἐπέπιπτον
3504 2093 3728 2166 κραταιό-

2114 2207 2294 2262 τερον,
2325 2187 2415 2241 καὶ
2447 2185 2694 2249 πολλοὺς
2759 2186 2853 2258 μὲν
2903 2181 3170 2262 ἔφθειρον,
3225 2184 3296 2238 οὐ
3354 2184 3457 2256 μὴν
3514 2179 3567 2238 δὲ
3615 2181 3727 2236 ὣστε

2105 2378 2304 2450 cupidi
2336 2395 2440 2450 pro
2471 2394 2533 2432 se
2561 2377 2813 2449 quisque
2844 2375 3528 2473 ostentanda-praeeip‘um
3554 2374 3720 2473 cujus-

2106 2468 2242 2523 dam
2266 2483 2404 2536 erga
2426 2467 2834 2539 imperatorem
2860 2464 3454 2534 benevolentiae,l95
3490 2464 3717 2519 certatim

2109 2573 2236 2613 sese
2259 2563 2465 2612 mutuo
2490 2561 2829 2626 pravertere
2843 2555 3148 2610 studentes
3170 2553 3453 2626 periculis
3481 2551 3619 2608 ultro
3638 2552 3717 2605 de-

2108 2645 2418 2718 poscendis
2448 2645 2871 2716 adeundisque.
2895 2643 2985 2699 Illi
3014 2659 3352 2715 porroquos
3375 2643 3481 2698 iste
3508 2656 3719 2712 appara-

2108 2742 2200 2790 tus
2234 2735 2486 2805 petebat,
2519 2750 2652 2788 cum
2682 2734 2990 2789 audissent
3020 2737 3260 2788 tantum
3283 2733 3341 2786 in
3365 2747 3425 2786 se
3446 2745 3717 2786 numerum

2106 2823 2573 2895 oppugnantium
2608 2822 2845 2877 immitti
2879 2827 3160 2894 tanquam
3193 2821 3259 2876 in
3293 2837 3423 2876 vere
3443 2819 3659 2875 rebelles
3675 2823 3721 2872 et

2103 2913 2302 2969 hostes
2331 2912 2582 2984 imperii,
2617 2911 2952 2967 rebellionis
2984 2911 3219 2982 quidem
3262 2909 3531 2981 probrum
3571 2911 3718 2978 atque

2107 3001 2386 3057 invidiam
2413 3001 2580 3056 enixe
2603 3000 2992 3072 depellebant:
3019 2999 3160 3071 quin
3187 3006 3396 3055 contra
3415 2997 3720 3070 proﬁteban-

2110 3095 2210 3145 tur
2239 3094 2297 3145 et
2328 3089 2480 3145 ultro
2507 3089 2809 3159 jactabant
2840 3105 3053 3160 magno
3085 3103 3146 3143 se
3172 3088 3384 3160 utique
3413 3087 3720 3142 documento

2114 3185 2442 3234 monstrare
2475 3180 2645 3232 fidem
2681 3194 2746 3232 ac
2776 3178 3049 3248 pietatem
3073 3193 3269 3243 suam,
3303 3177 3401 3249 qui
3435 3193 3529 3248 pro
3566 3176 3718 3243 impe-

2110 3273 2298 3324 ratore
2329 3285 2362 3322 a
2387 3266 2738 3339 gravissima
2770 3266 2988 3337 injuria
3017 3265 3378 3321 vindicando
3408 3264 3584 3336 capita
3627 3262 3720 3316 for-

2109 3361 2405 3428 tunasque
2436 3373 2572 3410 suas
2606 3356 2868 3428 ipsorum
2901 3355 3012 3410 sub
3058 3359 3388 3410 extremum
3445 3352 3718 3447 discrimen

2109 3446 2425 3501 mitterent.
2460 3448 2646 3511 Quare
2681 3445 2785 3500 hac
2817 3443 3064 3499 animati
3097 3443 3455 3499 conscientia
3481 3442 3580 3513 pia:
3609 3437 3717 3494 belli

2111 3552 2324 3600 causae,
2360 3535 2462 3591 hoc
2496 3533 2662 3604 quasi
2693 3551 2794 3605 pro
2827 3538 3048 3588 tessera
3099 3533 3155 3587 in
3180 3550 3281 3589 ore
3302 3550 3369 3588 ac
3397 3530 3599 3587 mutuis
3617 3545 3713 3584 ser-

2113 3626 2387 3682 monibus
2420 3624 2655 3680 assidue
2688 3623 2986 3679 habebant
3019 3624 3162 3678 [οι-ιο
3186 3628 3362 3694 atque
3391 3617 3717 3676 irrevocabile

2114 3714 2480 3787 propositum
2514 3712 2781 3767 vincendi
2817 3717 2918 3767 aut
2965 3712 3208 3768 omnino
3268 3709 3565 3804 moriendi.
3594 3712 3717 3804 Ergo

2114 3803 2359 3858 insessis
2393 3819 2604 3873 magna
2630 3801 3010 3856 multitudine
3040 3801 3278 3856 arcibus
3322 3817 3387 3856 ac
3417 3799 3578 3854 editis
3623 3799 3713 3849 situ

2112 3893 2421 3960 locis,inde
2453 3892 2742 3961 ingentem
2775 3891 3020 3946 telorum
3051 3891 3165 3945 vim
3201 3889 3620 3960 ejaculabantur
3644 3901 3716 3982 ar-

2114 3984 2298 4038 cubus
2323 3981 2759 4052 tuebanturque
2790 3980 3047 4051 spatium
3072 3979 3229 4034 intra
3250 3981 3498 4070 jactum,
3518 3979 3713 4070 nequis

2115 4089 2182 4129 eo
2213 4088 2275 4127 se
2306 4071 2546 4142 impune
2578 4071 2949 4125 admoveret:
2983 4070 3086 4125 sed
3105 4074 3160 4124 et
3183 4069 3374 4125 auctis
3397 4063 3712 4122 moxanimis

2114 4159 2487 4233 prosilientes
2518 4159 2672 4225 inde,
2723 4159 2852 4214 sine
2906 4158 3102 4214 loricis
3160 4164 3220 4214 et
3275 4156 3476 4230 galeis,
3529 4155 3712 4208 irruere

2116 4250 2411 4307 audebant
2445 4265 2619 4303 manu
2650 4249 2822 4318 facta,
2839 4251 2896 4302 et
2915 4247 3068 4303 ultro
3085 4246 3714 4320 aggressoreslacessere

2115 4340 2318 4396 crebro
2338 4338 2673 4410 jaeulorum
2708 4338 2915 4394 missu.
2943 4337 3168 4402 Quibus
3201 4337 3415 4392 milites
3445 4335 3712 4405 imperato-

2115 4429 2220 4498 ris,
2253 4429 2409 4483 baud
2443 4429 2570 4482 ausi
2607 4428 2959 4482 descendere
2992 4428 3047 4481 in
3069 4431 3364 4482 certamen
3388 4425 3629 4482 cominus
3644 4415 3711 4471 νει

365 4496 1624 4585 professisunt.Quibusimperatorcognitis
1648 4496 2009 4573 incredibili-
2038 4508 2085 4573 D
2117 4496 2282 4590 aequo
2315 4534 2376 4573 se
2406 4533 2616 4589 campo
2659 4517 2917 4586 credere,
2966 4520 3094 4571 tuta
3150 4514 3352 4588 procul
3399 4510 3712 4584 jaculatione

360 4589 451 4639 ter
479 4588 915 4655 exarsit,mistis
943 4594 1028 4650 ira
1051 4602 1322 4670 metuque
1341 4601 1803 4675 indignationem
1833 4608 2003 4662 vehe-

363 4675 791 4734 mentissimam
823 4680 1296 4744 incendentibus.
1333 4692 1506 4748 Extra
1528 4694 1683 4749 enim
1703 4711 1831 4752 sese
1861 4697 2005 4752 fere-

363 4764 536 4818 batur
557 4782 686 4822 cum
712 4770 1003 4841 cogitabat
1023 4774 1122 4830 illa
1145 4777 1310 4833 famae
1336 4779 1450 4835 late
1473 4783 1737 4852 vagantis
1755 4787 2008 4842 vanitate

365 4853 680 4923 periclitari
717 4874 865 4924 sese,
899 4878 968 4916 ne
993 4863 1072 4915 illi
1110 4872 1336 4923 montes
1367 4876 1423 4924 et
1469 4888 1629 4928 arces
1677 4873 1822 4928 tanti
1883 4892 2009 4930 mo-

364 4943 542 4996 menti
575 4961 604 4998 a
625 4963 733 5002 suo
758 4948 998 5020 imperio
1021 4954 1429 5027 avellerentur;
1453 4961 1748 5034 simulque
1770 4969 2006 5035 reputa-

361 5033 1358 5102 batverisimiliterindesecuturam
1376 5049 1760 5120 plurimorum
1777 5070 2007 5126 quoque

363 5124 614 5180 aliorum
650 5127 1056 5188 defectionem.
1107 5135 1390 5200 Quocirca
1439 5146 1653 5210 totum,
1703 5161 1819 5215 quo
1869 5150 2009 5200 tunc

362 5219 522 5268 motu
545 5215 729 5285 primo
746 5220 956 5275 ardens
974 5222 1276 5295 flagrabat,
1303 5229 1589 5300 impetum
1610 5231 1705 5286 iraa
1727 5234 2006 5289 continuo

359 5303 684 5360 admisitad
703 5322 898 5364 severe
915 5313 1353 5384 quamprimum
1369 5317 1784 5376 vindicandam
1801 5321 2005 5378 borum

361 5393 759 5451 rebellionem.
789 5397 986 5470 Itaque
1017 5403 1214 5459 subito
1248 5405 1494 5462 immisit
1526 5409 1583 5463 in
1635 5409 1789 5465 istud
1843 5411 2008 5468 civile

362 5483 580 5539 bellum
613 5488 826 5558 raptim
857 5491 1118 5563 undique
1145 5501 1377 5552 coactas
1429 5497 1658 5570 imperii
1691 5501 1910 5572 copias,
1948 5503 2004 5557 in

363 5573 576 5642 quibus
607 5574 869 5648 plerique
900 5578 1202 5638 alacritate
1235 5586 1481 5642 ruebant
1525 5588 1747 5646 viribus
1777 5592 2006 5662 majori,

2116 4607 2570 4679 respondebant.
2609 4623 2818 4676 magna
2851 4606 3110 4677 pernicie
3170 4605 3453 4676 ipsorum,
3498 4616 3615 4656 cum
3663 4596 3709 4649 in

2117 4697 2407 4754 confertos
2429 4694 2982 4750 nullumtelumiret
3017 4694 3248 4749 irritum
3285 4692 3712 4762 Illiindignantes

2117 4791 2343 4842 tantum
2382 4785 2578 4841 inferri
2612 4784 2724 4839 sibi
2757 4784 2957 4840 damni
2981 4801 3096 4840 non
3131 4785 3202 4840 ab
3233 4783 3478 4839 exercitu
3509 4777 3707 4876 aciein-

2116 4880 2338 4930 strueto
2362 4876 2460 4928 sed
2497 4891 2529 4928 a
2545 4873 2920 4944 prmsidiariis
2935 4873 3256 4928 stationum
3281 4871 3519 4943 sparsim
3535 4868 3708 4958 posita:

2118 4966 2336 5033 rum,in
2370 4980 2621 5035 quarum
2656 4961 2927 5018 viciniam
2961 4962 3268 5031 irruerent,
3297 4962 3594 5053 ingensque
3620 4954 3706 5006 rat!

2117 5071 2292 5110 suum
2323 5055 2572 5108 dedecus
2601 5053 2650 5108 si
2683 5051 2879 5122 plures
2911 5069 2944 5106 a
2975 5051 3179 5122 paucis
3225 5056 3281 5105 et
3309 5047 3490 5105 durati
3535 5047 3707 5113 frigore

2117 5146 2398 5198 montano
2418 5158 2483 5196 ac
2506 5141 2726 5196 rustico
2749 5140 2947 5196 labore
2971 5140 3044 5195 ab
3069 5139 3370 5196 innutritis
3391 5137 3500 5192 otio
3520 5133 3703 5189 urbano

2117 5233 2462 5303 deliciisque
2491 5232 2876 5299 vincerentur,
2911 5231 3332 5287 concurrebant
3379 5223 3566 5297 majori
3611 5237 3702 5276 nu-

2119 5340 2279 5378 mero
2311 5327 2484 5394 atque
2513 5322 2760 5394 impetu,
2779 5329 2984 5378 muluo
2999 5337 3060 5377 se
3073 5321 3368 5376 hortantes
3381 5316 3703 5386 adjuvantes-

2117 5430 2249 5485 que;
2287 5413 2440 5467 unde
2472 5416 2528 5465 et
2562 5411 2759 5482 plures
2793 5412 3055 5482 ipsorum
3095 5406 3545 5504 contigitcadere
3583 5403 3703 5456 stra-

2115 5519 2362 5574 gemque
2393 5518 2505 5556 non
2550 5518 2786 5574 parvam
2807 5503 2919 5556 edi.
2948 5501 3064 5556 Nec
3089 5506 3279 5556 tamen
3303 5498 3357 5552 id
3384 5497 3448 5586 ad
3474 5497 3697 5586 minuen-

2117 5593 2251 5647 dam
2270 5590 2577 5646 audaciam
2603 5607 2807 5647 eorum
2832 5589 3329 5660 remittendosque
3351 5584 3592 5643 ardentes
3611 5584 3695 5631 im-
