3920 6196
175 268 257 324 637
1213 274 1310 327 DE
1348 272 1719 327 MICHAELE
1757 270 2185 331 PALEOLOGO
2220 277 2352 331 LIB.
2396 281 2495 333 III.

3439 286 3546 340 638

170 392 246 448 καὶ
295 390 563 484 ὑποχαλᾷν
716 392 808 455 τὰς
860 395 1037 470 ὁρμὰς
1070 393 1240 472 σφίσι.
1284 392 1514 484 Μᾶλλον
1554 394 1647 484 μὲν
1684 392 1776 484 οὖν
1809 400 1859 467 Α
1891 402 2103 484 τολμᾷν
2165 396 2451 455 εἲσελθεῖν.
2510 401 2775 457 ’Έπιπτον
2831 402 3011 459 τοίνυν
3065 407 3183 460 καθ’
3233 409 3445 484 ἡμέραν
3493 394 3547 465 οιὶ

171 482 488 554 κακουμένοις
538 482 631 536 καὶ
679 484 826 559 παρὰ
896 485 999 554 τήν
1056 486 1235 539 αὐτῶν
1284 483 1563 557 ὑπόληψιν
1624 483 1778 556 ἐπῄει

170 571 492 649 ἀνδρίζεσθαι,
543 575 631 627 καὶ
667 576 885 650 ἀπτὲρῳ
936 576 1093 650 τάχει
1125 577 1218 639 τὰς
1273 573 1585 651 δυσχωρίας
1618 595 1779 629 κατα-

170 660 495 735 λαμϐάνοντες
558 665 649 717 ἀπ’
708 665 885 719 αὐτῶν
944 665 1219 737 ἠμύνοντο
1272 664 1593 740 βάλλοντες.
1646 667 1779 725 Τοῖς

169 752 212 808 δὲ
257 753 365 807 οὔτε
418 754 553 808 κατὰ
612 755 706 817 τὰς
766 758 1043 831 φάραγγας
1100 757 1360 832 προσιτὸν
1421 756 1511 827 ἦν,
1569 755 1659 810 καὶ
1716 756 1778 809 τὸ

168 846 387 920 μακρόθεν
439 846 666 919 βάλλειν
731 849 956 918 μάταιον
1018 847 1331 921 ἐνομίζετοσ
1392 844 1779 919 ἐπενδυόμενοι

162 937 238 1009 γὰρ
282 934 469 988 ἐκεῖνοι
520 934 589 989 τὰ
649 932 844 1008 δένδρα
896 934 1120 1010 βάλλειν
1159 938 1251 1010 μὲν
1288 937 1437 1011 εἶχον
1470 936 1559 991 καὶ
1593 934 1781 989 εὐστο-

166 1042 177 1051 .
216 1029 234 1063 τ
364 1023 409 1076 θ’
496 1022 525 1041 τ
773 1023 786 1044 κ
881 1029 898 1055 ι
982 1025 1054 1062 ρ’
1160 1027 1171 1044 ο
1360 1027 1373 1045 κ
1637 1024 1649 1036 ·
1698 1023 1708 1042 '

168 1044 254 1098 χεν
299 1044 359 1076 κα
466 1045 529 1076 ου
585 1045 670 1085 τις
725 1046 788 1079 το
842 1025 1002 1101 βελος
1036 1046 1270 1089 εντεινας
1320 1049 1381 1081 το
1438 1025 1593 1099 τόξον
1626 1045 1775 1098 ανιῃ,

165 1111 414 1186 βάλλεσθαι
447 1108 506 1166 δὲ
534 1110 666 1167 οὐδὲ
723 1114 787 1167 τὸ
845 1114 1095 1189 παράπαν
1145 1115 1234 1184 ἦν.
1266 1114 1685 1191 Ἀπορουμὲνων
1723 1110 1780 1167 δὲ

161 1203 373 1255 πάντοθεν
402 1201 509 1256 τῶν
568 1201 723 1265 ἐκτὸς
757 1201 925 1276 μηδὲν
959 1203 1202 1279 ἐχόντων
1348 1200 1776 1281 προσϐάλλοιεν,

1889 482 2257 559 δοκιμώτατοι
2289 493 2357 563 τῇ
2392 495 2487 544 τοῦ
2519 492 2693 562 θυμοῦ
2744 495 3198 569 παραθηγόμενοι
3244 482 3402 567 ζέσει,
3453 505 3541 558 καὶ

1889 576 1988 631 οὐκ
2040 576 2121 631 ἐπ’
2180 575 2362 653 ὀλίγον
2423 578 2876 653 ἐκαινοτομοῢντο
2940 585 3316 657 στρατεύματα
3361 590 3449 644 οἷά
3488 613 3543 646 τε

1890 666 2150 723 δοκοῦντα
2188 671 2276 724 καὶ
2320 669 2569 745 μεγάλων
2622 670 2905 741 δυνάμεων
2958 684 3393 751 κατευμεγεθεῖν,
3446 682 3540 744 οὓς

1888 756 2076 834 ὀλίγοι
2128 761 2268 821 τινὲς
2299 761 2433 833 πρὸς
2465 760 2697 823 ἐκείνους
2726 761 2948 825 πλείους
2982 758 3139 827 ὄντας
3188 766 3276 820 καὶ
3309 767 3537 842 ἀγρόται

1888 845 1975 903 ἐπὶ
2030 847 2285 904 πλεῖστον
2339 855 2440 904 τοῦ
2496 849 2688 926 καιροῦ
2741 852 3109 925 κακουμένους
3164 860 3242 925 τῷ
3303 856 3537 931 πολέμῳ

1884 937 2348 1012 κατηγωνίζοντο.
2404 939 2547 1012 Πρὸς
2592 938 2810 1000 τούτοις
2857 960 2915 994 τε
2963 939 3115 994 αὐτοὶ
3169 943 3263 1013 μὲν
3295 944 3432 1011 ἦσαν
3484 945 3535 1000 ἐν

1887 1027 2139 1104 ἀσφαλεῖ,
2186 1024 2281 1080 κᾶν
2335 1028 2363 1080 δ
2406 1048 2456 1080 τι
2502 1032 2708 1081 ποιοῖεν
2764 1029 2814 1081 οἱ
2867 1028 2970 1101 ’ἐξω
3015 1029 3090 1101 μὴ
3133 1029 3429 1101 ἐπαΐοντες,
3460 1039 3538 1105 τῷ

1883 1122 2000 1178 τοῖς
2031 1118 2222 1178 τόποις
2252 1121 2709 1192 κατωχυρῶσοαι,
2742 1117 2835 1170 κᾶν
2869 1117 3094 1182 πλείους
3144 1118 3220 1172 ἔτι
3253 1117 3538 1194 προσϐάλ-

1886 1206 2053 1263 λοιεν·
2102 1203 2227 1260 οὐδὲ
2274 1206 2373 1281 γὰρ
2418 1205 2485 1274 ἦν
2534 1205 2568 1273 ἢ
2620 1205 2815 1269 αὐτοὺς
2862 1207 3301 1282 προσπίπτοντας
3352 1210 3533 1281 ἀλλή-

1884 1294 2005 1358 λοις
2055 1298 2136 1369 [Ρ.
2194 1298 2313 1365 131]
2369 1298 2437 1368 τῇ
2500 1293 2647 1369 ῥύμῃ
2705 1299 2811 1349 τῶν
2870 1298 3038 1368 τόξων
3102 1295 3230 1368 μηδ’
3289 1298 3529 1373 ἀντιχεῖν

1883 1380 2107 1460 ἔχοντας
2163 1383 2641 1459 παραπόλλυσθαι.
2689 1385 2968 1445 Ἐκείνους
3020 1381 3096 1457 δὲ,
3149 1384 3200 1439 εἷ’
3244 1386 3349 1440 πού
3397 1408 3534 1442 ποτε

1881 1475 1969 1529 καὶ
2028 1474 2327 1547 μερισθεῖεν
2383 1472 2517 1526 κατά
2573 1471 2760 1547 χρείας
2805 1471 3066 1548 ἀνάγκην,
3122 1471 3533 1549 ἀπολελειμμὲ-

1881 1584 2006 1626 νους
2058 1561 2280 1637 ὀλίγους
2344 1560 2652 1634 ἑκασταχοῦ
2727 1558 3053 1615 κινδυνεύειν
3114 1558 3419 1618 συνέϐαινεν
3480 1564 3532 1635 ἐξ

156 1656 530 1729 ὑποχωροῦντες
589 1654 785 1712 ἰκεῖνοι
844 1658 978 1713 κατά
1052 1661 1247 1735 θάτερα
1304 1658 1774 1730 παραταττόμενοι
1881 1652 2053 1713 αἰτίας
2103 1656 2201 1705 τοῦ
2242 1648 2371 1711 τοὺς
2406 1649 2498 1721 μὲν
2549 1650 2649 1717 τὴν
2702 1650 2887 1724 χώραν
2924 1654 3059 1723 πρὸς
3095 1652 3272 1705 πύτῶν
3304 1649 3533 1727 ἔχοντας

154 1744 335 1799 ἐκάκουν
387 1747 516 1811 τοὺς
571 1746 806 1811 ἐνιέντας
863 1750 953 1804 καὶ
1008 1749 1351 1807 ἀπεκώλυον.
1415 1749 1671 1810 Ἐκείνοις
1725 1745 1774 1801 δ’
1808 1741 1968 1841 Βκαῖ
2022 1738 2191 1814 μηδὲν
2252 1738 2328 1801 εἷς
2386 1735 2635 1792 κίνδυνον
2683 1737 2819 1792 κατά
2875 1739 3047 1792 νώτου
3107 1738 3529 1814 προσδοκῶντας

1880 1837 2083 1914 ἔχοιεν,
2128 1838 2530 1913 τετραμμένους
2570 1838 2703 1910 πρὸς
2752 1836 2882 1899 τοὺς
2933 1839 3185 1912 πρόσθεν,
3238 1837 3525 1908 ἐπηλυλα-

1878 1929 2137 2000 ζομένους
2177 1927 2267 1981 καὶ
2314 1925 2542 1987 τούτους
2572 1924 2630 1979 ἐκ
2670 1920 2853 2003 φόϐων
2907 1923 3167 1999 δένδρεσι,
3215 1927 3521 2001 κατολιγω-

1879 2023 2011 2094 ρεῖν,
2068 2016 2192 2078 τοὺς
2252 2014 2309 2070 δὲ
2365 2013 2784 2090 προσδοκῶντας
2844 2014 2924 2073 ἐφ’
2981 2017 3141 2069 ἅπασι
3192 2016 3282 2069 καὶ
3330 2016 3520 2089 κύκλῳ

1874 2107 1966 2162 τὸν
2020 2102 2266 2161 κίνδυνον
2344 2102 2739 2180 ἐκδεχομένους
2814 2102 3122 2179 πολυωρεῖν
3156 2148 3173 2177 ,
3232 2105 3321 2159 καὶ
3380 2104 3522 2160 οὕτω

159 1290 294 1346 ἐδόκει
347 1296 449 1367 πῦρ
498 1292 721 1348 ἐνιέναι’
781 1295 947 1368 ταύτῃ
989 1296 1079 1349 καὶ
1125 1296 1229 1371 γὰρ
1288 1297 1377 1350 καὶ
1433 1296 1613 1369 μόνως
1642 1295 1775 1349 ἀπο-

156 1383 479 1456 χωρησάντων
538 1381 740 1446 αύτοὺς
797 1380 945 1459 ἔχειν
999 1385 1316 1460 ἐγγίζοντας
1380 1390 1495 1447 τοῖς
1551 1384 1777 1448 οἰκείοις

155 1473 293 1527 αὐτῶν
320 1472 713 1531 ἐπεισπίπτειν.
778 1475 936 1532 Ἀλλ’
992 1479 1027 1546 ἡ
1079 1474 1359 1552 δυσχωρία
1390 1477 1497 1551 οὐχ
1531 1478 1777 1545 ὑπήκουε

154 1570 215 1635 τῷ
257 1564 390 1638 πυρί·
437 1564 519 1641 ἐφ’
573 1565 701 1621 ὅσον
729 1566 831 1642 γὰρ
879 1568 941 1622 τὸ
973 1572 1077 1640 πῦρ
1128 1568 1356 1637 ἥπτετο,
1392 1567 1479 1623 ἐπὶ
1508 1570 1771 1622 τοσοῦτον

155 1834 260 1902 ἦσαν
284 1835 415 1891 οὕτω
456 1839 550 1891 καὶ
580 1838 652 1892 τὰ
694 1841 809 1893 κατ’
862 1839 1008 1894 οἶκον
1038 1839 1092 1895 ἐν
1126 1839 1376 1907 ἀσφαλεῖ,
1410 1841 1485 1901 ὡς
1514 1844 1771 1914 γυναῖκας

158 1925 229 1993 μὲν
267 1925 347 1978 καὶ
397 1924 669 2001 παιδάρια
711 1933 832 1989 ταῖς
886 1926 1181 2001 ὀσωτέραις
1226 1925 1591 2003 παραδύεσθαι
1642 1924 1766 1980 δυσ-

156 2016 365 2087 χωρίαι,
449 2018 539 2071 καὶ
602 2025 860 2092 σταυροῖς
920 2017 976 2073 δὲ
1034 2021 1328 2091 ἑπιμήκεσι
1387 2020 1473 2074 καὶ
1537 2019 1765 2090 ἀμάξαις

154 2100 416 2181 διειλῆφθαι
472 2108 567 2162 τὸν
632 2106 822 2181 κύκλῳ
867 2108 1058 2176 τόπον,
1108 2111 1183 2172 ὡς
1236 2107 1365 2182 μηδ’
1416 2106 1768 2171 εἷσϐαΛόντας

1870 2321 1942 2359 ne
1974 2306 2132 2358 tanto
2165 2302 2403 2374 quidem
2438 2302 2812 2373 paucioribus
2837 2317 3011 2370 quam
3046 2302 3157 2372 ipsi
3180 2306 3396 2369 essent,
3422 2302 3522 2357 iis-

1870 2393 2120 2463 demque
2151 2392 2223 2445 ab
2246 2396 2439 2446 aratro
2471 2407 2535 2446 ac
2567 2390 2795 2446 sarculo
2818 2390 3236 2446 semiermibus
3269 2390 3524 2447 rusticu-

1872 2482 1944 2537 lis
1974 2480 2337 2537 debellandis
2378 2496 2567 2550 pares,
2602 2496 2736 2534 cum
2771 2480 2987 2548 quibus
3020 2480 3217 2549 utique
3252 2497 3324 2535 ne
3356 2497 3523 2551 teque

1872 2570 2108 2642 quidem
2141 2570 2340 2634 Marte,
2372 2569 2473 2622 sed
2505 2567 2675 2640 longe
2696 2568 2879 2639 pejori
2912 2585 3019 2623 sua
3041 2574 3220 2634 sorte,
3248 2568 3525 2640 plurimis

1872 2675 2112 2715 suorum
2147 2659 2294 2712 197
2322 2656 2527 2712 inultis
2549 2657 2915 2724 cadentibus,
2937 2657 3139 2713 tandiu
3167 2662 3523 2728 pugnarent.

1873 2748 2028 2803 Inter
2060 2748 2179 2802 haac
2224 2750 2639 2802 montanorum
2674 2746 2895 2818 optimo
2950 2748 3073 2802 loco
3108 2762 3201 2801 res
3234 2752 3421 2801 erant.
3462 2752 3524 2803 In

1875 2842 2002 2893 tuto
2027 2836 2138 2909 ipsi
2172 2837 2443 2908 laresque
2475 2852 2540 2890 ac
2581 2836 2827 2907 pignora
2858 2835 3144 2907 ipsorum,
3179 2852 3294 2889 non
3347 2838 3522 2892 modo

1874 2928 2019 2984 citra
2036 2926 2390 2995 telijactum,
2418 2924 2523 2980 sed
2542 2925 2742 2993 etiam,
2768 2925 3052 2997 quidquid
3077 2926 3242 2982 intus
3263 2931 3525 2997 agerent,

1874 3020 2038 3072 extra
2070 3014 2341 3069 notitiam
2375 3019 2432 3068 et
2462 3028 2701 3069 sensum
2739 3014 2957 3069 frustra
2987 3015 3210 3069 dudum
3244 3015 3524 3071 obsiden-

1878 3106 2028 3170 tium
2061 3105 2319 3171 stabant,
2370 3101 2624 3157 naturali
2656 3103 2773 3157 situ
2805 3106 2860 3158 et
2896 3104 3207 3173 asperitate
3252 3103 3521 3160 locorum

1871 3195 2105 3251 abunde
2139 3194 2371 3248 muniti.
2403 3196 2614 3247 Contra
2643 3208 2816 3262 quam
2850 3192 2899 3246 si
2929 3192 3013 3247 vel
3049 3193 3310 3248 insanire
3332 3210 3521 3266 oppu-

1869 3284 2215 3357 gnatoribus
2229 3283 2438 3338 liberet
2453 3282 2644 3354 palam
2660 3288 2863 3338 contra
2879 3283 3115 3338 nitendo
3129 3283 3519 3340 acieinstruc-

1868 3379 1948 3444 ta,
1982 3373 2121 3445 quid
2140 3372 2300 3427 aliud
2321 3370 2895 3444 quamigneminiam
2917 3372 3131 3428 damno
3147 3373 3523 3428 cumularent

1870 3480 1975 3519 sua
2001 3462 2191 3535 capita
2225 3478 2327 3532 pro
2372 3460 2566 3531 scopis
2598 3461 2974 3517 ostendentes
3007 3460 3521 3518 exercitatissimis

1871 3553 2142 3623 arquitis,
2176 3568 2244 3606 ex
2267 3551 2380 3606 allo
2412 3554 2467 3606 et
2484 3556 2607 3605 tuto
2624 3550 2681 3604 in
2700 3551 2939 3605 densam
2961 3551 3194 3605 turbam
3216 3567 3518 3623 nunquam

1859 3642 2022 3713 jactu
2056 3641 2219 3697 irrito
2241 3640 2561 3696 vibraturis
2579 3639 2803 3710 spicula
2828 3640 2855 3694 ?
2885 3641 3042 3705 Quod
3070 3639 3118 3694 si
3149 3656 3259 3695 non
3285 3640 3521 3694 univer-

1867 3731 1951 3785 sis
1983 3729 2157 3785 simul
2192 3730 2379 3801 copiis
2408 3730 2505 3785 sed
2562 3746 2663 3799 per
2695 3728 3029 3799 manipulos
3081 3734 3414 3799 segregatos
3462 3732 3520 3784 et

1866 3835 2131 3874 seorsum
2165 3818 2470 3874 immissos
2503 3823 2829 3873 tentaretur
2859 3816 3141 3883 assultus,
3175 3816 3229 3871 id
3280 3833 3514 3888 quoque

1865 3924 1996 3963 eum
2032 3910 2249 3962 frustra
2280 3912 2405 3961 tum
2441 3907 2767 3978 perniciose
2808 3906 3023 3960 factum
3059 3905 3127 3959 iri
3161 3906 3518 3976 experientia

1866 3997 2250 4051 monstrabat.
2283 3996 2426 4051 Nam
2463 3995 2563 4066 qui
2589 3996 2874 4049 hactenus
2902 3995 2975 4048 oh
2997 3993 3258 4049 locorum
3295 3996 3512 4048 multos

1866 4084 2041 4141 simul
2075 4102 2190 4140 non
2215 4084 2575 4155 capientium
2602 4083 2905 4153 angustias
2930 4081 3260 4137 necessario
3285 4081 3457 4136 divisi
3483 4099 3516 4136 a

1865 4176 2087 4230 caeteris
2121 4174 2355 4245 aggredi
2391 4177 2704 4228 montanos
2733 4172 3058 4237 voluerant,
3090 4174 3189 4225 aut
3220 4171 3276 4225 in
3303 4175 3513 4226 conatu

148 4255 1472 4333 iuunampartemincumbebaturimmittenda
1493 4265 1753 4332 flamma,
1864 4250 2218 4331 ceciderant,
2267 4266 2369 4319 aut
2401 4262 2552 4318 male
2581 4260 2816 4317 multati
2854 4260 3036 4317 coacti
3088 4261 3318 4316 fuerant
3357 4275 3512 4315 rece-

147 4341 250 4400 inde
274 4347 555 4421 fugientes
582 4349 791 4405 rustici
823 4351 937 4406 alio
968 4351 1223 4417 coibant,
1259 4353 1413 4407 unde
1446 4353 1754 4407 commodo
1790 4419 1819 4423 _
1863 4354 2019 4410 dere.
2052 4354 2230 4423 Cujus
2259 4352 2335 4405 rei
2371 4368 2548 4407 causa
2580 4356 2724 4413 erat,
2755 4350 2908 4421 quod
2944 4350 3125 4406 nostri
3159 4351 3515 4406 conscientia

145 4419 575 4496 inincendiarios
604 4440 767 4509 jactu
794 4439 923 4495 telis
947 4457 1044 4496 eos
1066 4441 1749 4512 conﬁgebant,prohibe-
1788 4419 1829 4483 Π
1863 4419 2190 4499 castrorum
2224 4442 2337 4497 late
2365 4444 2575 4496 cuncta
2625 4457 2751 4511 quae
2775 4419 2816 4494 ia
2848 4444 3007 4511 terge
3038 4444 3204 4495 erant
3234 4440 3508 4496 obsiden-

147 4520 357 4597 bantque
388 4546 458 4585 ne
490 4528 841 4600 perlicerent
869 4530 1028 4600 quod
1060 4536 1356 4601 ceperant.
1391 4536 1569 4586 Porro
1601 4530 1747 4602 ipsis
1859 4531 2007 4586 tium
2041 4529 2452 4586 circumveniri
2484 4546 2598 4584 non
2630 4530 2929 4592 timentes,
2961 4532 3018 4583 et
3046 4528 3105 4582 in
3139 4528 3295 4585 solos
3317 4545 3386 4584 ex
3411 4530 3509 4584 ad-

145 4614 245 4668 tuta
268 4617 603 4673 erantdomi
633 4618 871 4674 omnia:
907 4617 1185 4673 mulieres
1208 4619 1363 4674 enim
1396 4624 1452 4674 et
1476 4619 1748 4691 parvulos
1857 4636 2023 4675 verso
2057 4619 2277 4691 positos
2310 4619 2515 4673 intenti
2548 4618 2766 4684 hostes,
2799 4634 3053 4689 quorum
3088 4617 3349 4689 plerique
3390 4636 3505 4673 non

146 4698 192 4753 in
217 4702 361 4760 sinus
392 4708 633 4763 intimos
649 4706 1304 4778 maximeabruptorum
1329 4708 1748 4764 submovcrant
1858 4709 2246 4782 aspectabiles
2277 4707 2708 4763 latebantinter
2734 4724 2930 4762 ramos
2962 4707 3237 4763 arborum
3272 4711 3329 4762 et
3358 4707 3509 4763 late-

148 4795 411 4860 montium,
441 4802 729 4867 septaque
760 4796 836 4849 ibi
862 4796 1051 4851 valido
1074 4797 1371 4851 decussim
1399 4797 1744 4854 innexarum
1857 4800 1993 4854 bras
2009 4798 2387 4854 familiarium
2406 4798 2878 4863 silvarum,lalsa
2892 4798 3509 4870 securitaleprovehe-

147 4891 220 4945 per
239 4881 533 4939 circuitum
556 4883 815 4939 trabium
842 4882 1217 4953 vallaverant,
1246 4889 1307 4939 ut
1328 4901 1515 4956 neque
1538 4886 1587 4941 si
1610 4888 1744 4957 quis
1856 4889 2072 4942 bantur
2103 4888 2159 4942 in
2192 4887 2316 4943 loca
2350 4888 2503 4941 unde
2536 4891 2805 4960 receptus
2839 4905 2952 4942 non
2988 4892 3163 4955 esset,
3190 4892 3498 4958 propterea

145 4975 427 5026 nostrorum
447 4972 704 5027 militum
720 4976 1744 5045 eousquepenetraret,tentareintra
1853 4978 2006 5049 quod
2041 4979 2420 5033 observantes
2451 4993 2651 5031 eorum
2686 4978 2989 5031 incautum
3026 4993 3401 5048 progressum
3435 4994 3501 5031 ex

142 5050 182 5105 id
199 5056 794 5116 vallnmaditumforet
816 5062 1742 5121 ausurus.Ducebaturhocmodo
1852 5066 2079 5122 occulto
2112 5064 2315 5121 rustici
2345 5066 2753 5137 eruptionibus
2775 5065 3499 5138 illosopportunisalaiere

143 5142 549 5214 bellum,ettelis
565 5156 982 5206 montanorum
998 5152 1165 5207 multi
1188 5152 1451 5223 quotidie
1476 5154 1738 5222 Romani,
1851 5160 1952 5212 aut
1980 5173 2014 5211 a
2042 5164 2228 5227 tergo,
2264 5155 2416 5209 unde
2450 5155 2692 5210 minime
2723 5156 3062 5224 timebatur,
3095 5155 3276 5212 coorti
3310 5156 3496 5209 caede-

139 5229 264 5300 iique
286 5252 346 5291 ex
375 5239 904 5309 prastantissimis.
937 5242 1241 5296 cadebant.
1271 5242 1416 5296 Tum
1446 5244 1740 5300 enimvero
1849 5247 2007 5301 bant.
2046 5245 2218 5301 Porro
2248 5243 2346 5297 ille
2378 5244 2500 5315 ipse
2531 5250 2722 5299 metus
2752 5250 2808 5299 et
2828 5244 3161 5300 sollicitudo
3190 5249 3492 5298 montano-

142 5320 306 5379 ardere
333 5327 413 5381 ira
438 5329 729 5384 exercitus
751 5333 808 5384 et
828 5346 1105 5385 successu
1132 5330 1605 5403 inopinatissimo
1630 5334 1739 5388 fre-
1850 5352 2001 5399 rum,
2039 5333 2434 5406 reputantium
2482 5352 2544 5389 se
2574 5351 2790 5403 paucos
2820 5351 2852 5388 a
2884 5332 3177 5405 plurimis,
3210 5332 3334 5385 loco
3378 5345 3490 5383 uno

143 5423 287 5479 mere,
318 5419 479 5486 quasi
514 5419 612 5489 qui
646 5417 924 5473 hactenus
957 5434 1018 5473 se
1067 5420 1309 5474 idoneos
1353 5421 1617 5476 arbitrati
1652 5422 1735 5476 vel
1848 5425 2082 5479 clausos
2112 5420 3487 5492 abuniversamlatecircumregionemobtincn-

142 5493 432 5559 fortissimis
462 5510 519 5561 et
543 5506 1047 5563 exercitatissimis
1079 5508 1203 5580 pari
1239 5525 1482 5565 numero
1538 5510 1734 5581 proﬂi-
1846 5515 2008 5569 tibus
2041 5512 2266 5585 impeti,
2303 5512 2548 5567 acuebat
2578 5528 2778 5567 eorum
2811 5510 3067 5582 vigiliam
3100 5507 3157 5560 in
3199 5506 3480 5567 excubiis,

145 5590 320 5653 suadis
338 5594 536 5665 copiis,
569 5612 723 5650 nunc
744 5595 1140 5667 experimento
1162 5597 1738 5668 deprehenderentur
1848 5620 1920 5658 ne
1950 5602 2199 5673 opprimi
2226 5618 2259 5656 a
2292 5600 2511 5656 nostris
2544 5600 2658 5655 ulla
2700 5600 2757 5653 in
2805 5604 2963 5668 parte
2994 5592 3303 5665 improviso
3353 5609 3484 5663 pos-

150 2308 282 2373 petus
308 2304 523 2361 valuit:
560 2305 709 2377 quin
762 2307 955 2377 potius
998 2307 1316 2378 inopinata:
1367 2323 1541 2363 sensu
1576 2306 1759 2363 cladis

150 2393 520 2450 velutstimulo
555 2396 631 2450 ad
667 2397 1142 2452 contendendum
1165 2396 1393 2452 enixius
1414 2396 1760 2467 viriliusque

152 2484 483 2552 pugnandum
520 2484 759 2547 incitari
802 2486 912 2540 visi
947 2489 1106 2542 sunt.
1138 2486 1341 2557 Itaque
1380 2486 1506 2541 suis
1546 2485 1761 2541 redditi

150 2570 351 2640 repibus
394 2589 460 2627 ac
486 2573 661 2645 jugis
711 2573 906 2642 inviis,
940 2590 1056 2644 quo
1088 2590 1325 2628 summa
1372 2572 1667 2629 celeritate
1700 2589 1760 2628 se

151 2667 464 2729 receperunt,
481 2661 865 2717 innetantam
882 2679 1352 2733 quoquoversum
1372 2663 1622 2717 telorum
1642 2663 1759 2715 vim

153 2748 344 2805 assidue
369 2751 521 2806 I96
558 2751 945 2823 spargebant,
979 2757 1042 2807 ut
1073 2752 1244 2824 plane
1266 2753 1392 2823 jam
1428 2752 1571 2808 nulli
1597 2768 1760 2808 secu-

153 2852 229 2892 rus
253 2845 388 2895 esset
415 2841 624 2896 aditus
653 2842 1055 2912 subjectarum
1093 2842 1355 2897 vallium.
1379 2841 1598 2897 Jaculis
1630 2859 1761 2897 vero

155 2927 313 2994 procul
334 2929 959 3001 impeterejaculantes
981 2948 1049 2985 ex
1075 2930 1192 2985 alto
1218 2947 1428 2985 vanum
1458 2930 1762 3002 experien-

155 3011 215 3065 tia
236 3012 657 3086 deprehensum
694 3022 782 3071 est
808 3034 821 3072 :
846 3034 980 3073 nam
996 3017 1098 3088 qui
1130 3019 1272 3073 adid
1306 3035 1367 3074 se
1389 3018 1764 3090 accingerent

153 3098 197 3153 in
221 3102 330 3173 ipso
358 3111 572 3161 conatu
606 3107 885 3161 tendendi
917 3124 1088 3162 arcus
1118 3110 1673 3179 praeoccupabantur
1704 3112 1760 3162 et

153 3192 516 3250 sternebantur
547 3196 786 3265 sagittis
817 3201 1253 3262 montanorum,
1287 3215 1317 3253 e
1348 3197 1548 3254 densis
1579 3197 1761 3253 ramis

146 3281 369 3338 arborum
402 3300 553 3355 quas
580 3284 1003 3340 inscenderant
1029 3286 1214 3341 otiose
1244 3302 1309 3341 ac
1332 3303 1539 3342 secure
1572 3288 1626 3341 in
1661 3304 1759 3341 ex-

144 3369 557 3444 positaundique
578 3372 1040 3443 collimantium,
1076 3376 1305 3430 nemine
1331 3374 1462 3431 illos
1501 3375 1760 3431 vicissim

150 3460 433 3532 contingere
460 3461 687 3532 jaculis
718 3461 967 3530 valente,
1003 3463 1220 3535 quippe
1262 3481 1379 3519 non
1411 3464 1760 3536 conspicuos

149 3545 389 3617 sedplane
413 3554 606 3605 tectos
635 3551 877 3604 obtentu
904 3550 1221 3605 frondium.
1250 3551 1311 3604 In
1362 3550 1580 3621 quibus
1604 3551 1759 3605 diffi-

148 3636 414 3693 cultatibus
436 3638 707 3695 melioris
730 3639 931 3710 inopes
954 3639 1184 3695 consilii
1203 3640 1421 3696 milites
1446 3640 1758 3711 imperato-

149 3724 209 3775 ris
233 3727 500 3795 optimum
536 3730 698 3783 factu
726 3729 1072 3798 judicarunt
1091 3728 1286 3800 ignem
1313 3729 1551 3799 injicere
1574 3729 1759 3785 obviis

150 3810 391 3870 saltibus:
429 3816 601 3872 silvis
637 3817 793 3871 enim
826 3816 1066 3871 ﬂamma
1110 3817 1410 3890 populatis
1441 3819 1761 3889 sperabant

149 3915 432 3961 recessuros
464 3906 629 3961 haud
664 3905 842 3961 dubie
869 3906 1142 3971 rusticos,
1175 3911 1231 3962 et
1262 3908 1371 3962 iter
1396 3912 1662 3975 apertum
1690 3908 1757 3963 iri

146 3990 197 4042 ad
224 3990 441 4049 intimas
472 3994 739 4049 latebras
772 4010 996 4063 eorum,
1030 3995 1129 4049 ubi
1153 3995 1406 4051 familias
1430 3996 1757 4051 absconde-

146 4084 260 4134 rent.
281 4084 557 4138 Ceterum
586 4100 659 4139 ne
678 4082 732 4137 id
759 4084 997 4155 quidem
1021 4100 1361 4139 successum
1376 4084 1605 4149 habuit,
1632 4085 1758 4157 ipsa

146 4167 305 4225 eadem
335 4172 614 4228 obstante
633 4172 975 4228 difﬁcultate
992 4172 1280 4241 locorum,
1302 4176 1590 4243 siquidem
1619 4190 1754 4230 cum
