4018 6198
405 273 513 330 639

1701 262 2004 321 GEORGII
2043 259 2506 317 PACHYMERE

3661 269 3750 326 640

409 400 642 470 συχναῖς
697 394 834 446 ὅπου
901 388 1152 466 παρείκοι
1205 387 1530 463 χρωμένους
1577 392 1696 448 ταῖς
1755 381 2049 457 ἐκδρομαῖς
2081 376 2446 470 ΑἸωάννην,
2499 382 2628 456 μηγ⁹
2689 381 2748 436 ἃν
2808 383 3003 445 πάντες
3065 382 3294 457 λέγοιεν.
3351 385 3498 440 αὐτὸν
3526 389 3613 462 γᾶρ
3639 389 3750 445 ἀπο-

411 481 776 540 ἐπεισπίπτειν
836 477 927 533 καὶ
987 477 1255 553 ῥοπάλοις
1319 478 1405 551 (οὐ
1460 477 1563 552 γάρ
1622 477 1768 550 εἶχον
1830 474 2078 531 ἅπαντες

410 573 636 642 σπάθας)
687 567 1168 642 καταγωνίζεσθαι.
1230 567 1383 622 Οὕτω
1439 571 1564 639 γοῦν
1615 565 1702 620 ἐπὶ
1753 561 1908 621 ,πολὺ
1961 563 2059 614 τοῦ

405 659 656 731 πολέμου
702 658 1087 730 συνισταμένου
1137 658 1228 711 καί
1275 661 1382 710 τῶν
1431 653 1761 730 πραγμάτων
1795 645 2061 726 τριϐομέ-

407 767 536 816 νων,
607 746 692 801 ἐπὶ
771 745 869 800 οὐκ
944 746 1010 814 ἦν
1069 747 1217 822 σφίσι
1281 741 1622 820 μαχομένοις
1695 740 2059 816 περιγίνεσθαι

411 839 521 889 τῶν
581 834 1025 908 ἀνθισταμένων,
1086 832 1320 907 ἔγνωσαν
1381 834 1678 893 εὐσυνέτως
1734 828 2059 906 ὑπέρχεσθαι

414 925 528 998 μετ’
578 924 824 1000 εἰρήνης,
885 924 946 979 οὐ
1005 925 1208 987 πάντας
1267 925 1398 996 ἅμα·
1454 919 1688 977 ἀδόνατα
1735 922 1835 996 γάρ
1885 918 2061 973 οὕτως

409 1013 476 1081 ἦν
533 1012 919 1075 ὑποκλίνεσθαι
981 1010 1401 1084 σπενδομένους·
1458 1016 1573 1072 τοῖς
1627 1011 1727 1084 γάρ
1786 1007 1838 1078 ἐξ
1885 1008 2064 1082 ἀρχῆς

411 1098 780 1172 ἐγνωσμένοις
845 1096 1173 1172 ἐμμένοντες
1250 1092 1610 1171 μεταϐάλλειν
1689 1093 1923 1170 ᾐδοῦντο
1973 1093 2064 1146 τὸν

411 1187 648 1260 πλησίον
681 1186 926 1258 ἕκαστος,
985 1188 1076 1242 καὶ
1131 1188 1194 1242 τὸ
1247 1184 1473 1242 δύσελπι
1522 1184 1668 1263 σφίσι
1721 1190 1928 1258 προσῆν
1988 1182 2064 1245 ὡς

416 1278 823 1353 ἀπολουμένοις
872 1277 917 1332 εἰ
963 1275 1185 1333 ἐνδοῖεν.
1237 1280 1330 1347 Τῷ
1370 1297 1456 1330 τοι
1501 1275 1589 1329 καὶ
1637 1276 1754 1338 καθ’
1803 1270 1894 1327 ἕνα
1923 1273 2065 1342 πέμ-

415 1390 612 1430 ποντες
658 1373 768 1423 τῶν
821 1369 914 1441 μὶν
976 1362 1292 1441 συμϐάντων
1321 1365 1618 1440 ἀμνηστίαν
1647 1362 1791 1440 ἔχειν
1842 1363 1929 1418 καὶ
1968 1364 2065 1438 βα-

417 1458 574 1513 σιλέα
601 1459 689 1512 καὶ
723 1457 922 1518 αὐτοὺς
958 1457 1342 1531 ὑπισχνοῦντο,
1384 1455 1608 1516 ἐκείνοις
1643 1451 1698 1508 δὲ
1732 1453 1808 1526 μή
1841 1449 2064 1520 διηνεκῆ

413 1548 514 1615 τὴν
573 1547 658 1602 ἐπὶ
719 1545 998 1607 κακίστοις
1057 1545 1316 1618 ὁμόνοιαν
1345 1544 1478 1616 πρὸς
1526 1543 1650 1604 τοὺς
1682 1540 1886 1602 ἄλλους
1919 1538 2064 1616 ἔχειν

415 1638 488 1698 ὡς
546 1635 659 1690 οἷόν
708 1656 766 1690 τε
822 1629 1210 1690 συνεϐούλευον
1245 1677 1259 1702 ,
1316 1631 1408 1687 καὶ
1469 1638 1604 1705 σφᾶς
1637 1675 1651 1699 ,
1706 1631 1750 1685 εί
1812 1629 2070 1709 θέλοιεν,

414 1733 658 1801 προῆγον
692 1723 767 1786 sic
799 1723 1001 1784 τόπους
1053 1723 1504 1795 σεσημασμένους
1552 1717 1728 1790 ὄντας,
1766 1718 1912 1787 πλὴν
1951 1730 2048 1790 μεθ

414 1816 642 1887 ὁμήρων
698 1813 784 1887 (οὐ
840 1813 942 1889 γάρ
995 1813 1197 1882 ἀπατᾷν
1267 1809 1618 1887 ὀρέγεσθαι),
1697 1807 2058 1884 ἐντυγχάνειν,

413 1903 463 1976 ἐξ
516 1905 588 1957 ὧν
647 1903 780 1956 εἶναι
839 1901 1124 1974 μανθάνειν
1185 1899 1358 1956 ὁπόσα
1413 1901 1547 1974 πρὸς
1607 1896 1873 1974 βασιλέως
1907 1897 2058 1970 εὑερ-

411 1994 808 2068 γετηῦήσονται
857 1988 1094 2053 ἐνδόντες
1148 1991 1241 2064 μὲν
1290 1991 1386 2054 τάς
1442 1989 1709 2049 ἐνστάσεις
1763 1991 1844 2060 τῷ
1900 1986 2056 2040 σπέν-

412 2080 612 2149 δεσθαι,
645 2079 936 2157 προδόντες
991 2078 1048 2134 δὶ
1093 2080 1182 2134 καὶ
1228 2079 1321 2135 τὸν
1367 2079 1442 2143 εἷς
1493 2076 1717 2154 βασιλέα
1747 2075 2058 2152 φημιζόμε-

411 2192 501 2226 νον
561 2169 785 2226 πλάνον.
848 2165 1005 2239 Μηδὲ
1051 2169 1150 2244 γάρ
1201 2169 1332 2223 εἶναι
1389 2172 1579 2222 τοῦτον
1634 2167 1724 2220 τὸν
1786 2165 2056 2235 Λάσκαριν

412 2302 562 2354 sent.
599 2303 676 2352 Ac
702 2311 1042 2368 quanquam
1078 2296 1310 2351 illorum
1347 2294 1600 2366 plerique
1619 2298 1884 2349 carentes
1906 2293 2066 2346 ensi-

413 2387 526 2443 bus
556 2386 748 2442 clavas
781 2385 976 2442 solum
1005 2385 1322 2441 etramalia
1337 2384 1558 2440 nodosa
1573 2399 1672 2455 pro
1689 2381 1865 2438 armis
1887 2380 2064 2437 habe—

413 2476 575 2540 bant,
610 2480 807 2530 tamen
841 2475 1154 2543 adjuvante
1195 2473 1508 2545 iniquitate
1538 2473 1798 2527 locorum
1834 2476 2064 2526 nostros

412 2568 707 2633 utcunque
737 2563 956 2634 optime
973 2567 1258 2627 armatos,
1286 2578 1390 2632 per
1403 2566 1540 2616 nota
1559 2560 1703 2633 ipsis
1723 2558 2066 2615 diverticula

415 2653 828 2724 deprehensos,
858 2651 1456 2723 facileopprimebant
1476 2651 1924 2719 vincebantque.
1952 2651 2064 2703 Hac

417 2741 750 2798 conditione
781 2745 900 2796 tam
927 2739 1094 2795 nobis
1117 2741 1403 2795 damnosa
1425 2739 1561 2794 belli
1592 2755 1724 2794 cum
1748 2737 2062 2810 longojam

417 2836 570 2888 esset
600 2835 866 2899 tempore
896 2835 1218 2900 pugnatum
1270 2845 1374 2884 nec
1404 2845 1496 2884 res
1533 2829 1753 2884 exitum
1797 2827 2060 2895 haberet,

413 2921 564 2976 versi
601 2921 671 2975 ad
707 2925 863 2976 artes
889 2919 1093 2979 nostri.
1119 2920 1266 2989 quod
1301 2919 1386 2973 vis
1418 2935 1532 2973 non
1554 2918 1911 2981 succederet,
1932 2922 2062 2972 ten-

413 3011 664 3067 tandum
697 3009 806 3065 sibi
842 3012 1144 3080 putarunt,
1172 3008 1218 3064 si
1245 3025 1460 3080 paucos
1483 3007 1686 3062 saltem
1711 3006 1966 3062 hostium
1995 3022 2061 3061 ac

419 3117 520 3173 per
545 3100 728 3156 vicem
763 3099 912 3155 I98
925 3097 1518 3170 singulos,abducere
1540 3115 1604 3152 ac
1627 3095 2060 3167 conspiratione

419 3189 715 3246 communi
731 3192 788 3244 et
804 3189 871 3243 ad
892 3188 1052 3259 pacis
1074 3189 1481 3244 tractationem
1501 3185 1782 3241 inclinare
1805 3189 2061 3256 possent.

421 3280 590 3334 Ratio
610 3278 728 3332 hinc
759 3283 884 3332 erat
906 3276 1147 3331 consolii
1173 3276 1497 3346 prudentis.
1524 3275 1688 3330 Haud
1713 3274 2066 3345 sperandum

423 3367 733 3422 videbatur
764 3381 936 3436 posse
984 3365 1218 3420 admitti
1251 3380 1317 3419 ac
1359 3364 1445 3419 vel
1479 3362 1668 3419 audiri
1715 3363 2006 3434 patienter
2037 3380 2070 3418 a

423 3453 724 3510 communi
760 3452 1006 3508 consilio
1063 3452 1277 3523 gentis,
1308 3457 1366 3507 et
1394 3452 1479 3507 ira
1509 3450 1813 3522 ﬂagrantis
1849 3455 1907 3507 et
1929 3467 2068 3507 suc-

424 3561 596 3600 cessu
631 3542 768 3598 belli
808 3541 992 3609 elataa,
1040 3541 1486 3613 compositionis
1528 3541 1916 3597 mentionem:
1970 3543 2068 3597 iixi

417 3632 636 3705 quippe
667 3647 873 3687 omnes
907 3640 1069 3686 erant
1101 3631 1158 3686 in
1192 3631 1490 3702 proposito
1521 3630 1856 3687 vindicandi
1887 3634 2065 3686 tuen-

418 3723 617 3790 dique,
651 3738 823 3793 quem
859 3737 920 3776 se
950 3720 1164 3776 habere
1194 3721 1504 3793 putabant,
1529 3719 1884 3791 legitimisui
1910 3719 2070 3791 prin-

419 3812 568 3884 cipis
592 3828 606 3879 ;
636 3811 705 3866 ad
739 3810 860 3866 haec
883 3809 1128 3866 insidias
1155 3809 1214 3865 in
1240 3809 1621 3866 conventione
1643 3812 2068 3882 suspectantes,

420 3907 477 3960 et
510 3919 623 3957 non
656 3902 783 3956 sine
801 3917 979 3956 causa
999 3903 1326 3955 metuentes
1341 3917 1412 3955 ne
1427 3898 2070 3970 doloseinductispecie

423 3992 585 4066 pacis
608 3990 1022 4046 irritatissimis
1041 3989 1312 4044 hostibus
1330 3990 1398 4043 ad
1427 4005 1629 4060 pmnas
1651 3993 1875 4043 atroces
1897 3988 2068 4042 dede-

425 4086 647 4149 rentur,
665 4082 876 4136 cuncta
887 4079 1014 4148 ejus
1028 4078 1261 4150 generis
1275 4079 1474 4135 statim
1490 4077 1683 4134 oblata
1698 4077 2068 4148 respuebant.

425 4171 574 4242 Ergo
591 4171 843 4241 primum
862 4169 932 4222 ad
955 4184 1138 4222 unum
1151 4173 1209 4222 et
1227 4167 1862 4236 alterum,moxsensim
1877 4181 2072 4221 succe-

427 4262 596 4314 dente
645 4258 874 4329 negotio
916 4258 984 4312 ad
1021 4257 1201 4311 alium
1238 4256 1536 4328 aliumque
1571 4256 1888 4311 mittuntur
1931 4255 2070 4312 certi

429 4366 534 4404 nec
558 4349 766 4420 ingrati
787 4346 1057 4418 privatim
1082 4347 1485 4418 homines,qui
1511 4345 1858 4402 oblivionem
1887 4344 2073 4400 utrin-

428 4454 541 4510 que
576 4441 1000 4493 transactorum
1035 4441 1456 4509 proponerent,
1481 4435 1822 4508 pollicentes
1853 4434 2076 4506 optima

430 4528 544 4582 ﬁde
596 4527 668 4581 ab
716 4526 1071 4598 imperatore
1115 4526 1517 4594 sanciendam,
1569 4524 1619 4580 si
1646 4529 1704 4579 et
1753 4525 1862 4594 ipsi
1915 4523 2073 4595 paria

429 4616 718 4688 spondere
749 4616 821 4670 de
851 4632 914 4671 se
949 4615 1184 4671 vellent.
1221 4615 1342 4671 Sub
1375 4615 1496 4668 haec
1528 4613 1912 4669 insinuabant
1941 4629 2069 4668 sese

425 4704 568 4772 illis,
593 4705 778 4760 amice
808 4706 1177 4777 suggerendo
1201 4702 1579 4759 consulerent
1595 4702 1770 4758 rebus
1803 4701 1928 4758 suis
1951 4702 2066 4772 pri-

424 4793 629 4864 vatim,
684 4810 790 4850 nec
839 4811 988 4848 caeco
1019 4811 1082 4849 se
1132 4793 1455 4848 multorum
1489 4792 1708 4863 impetu
1757 4790 1815 4845 iu
1848 4795 2069 4846 certum

423 4881 666 4938 exitium
701 4881 889 4953 abripi
938 4881 1266 4953 pracipites
1295 4883 1574 4936 sinerent.
1616 4880 1741 4935 Non
1775 4896 1834 4934 se
1868 4883 2070 4950 postu-

424 4973 544 5028 lare
598 4977 661 5025 ut
691 4972 881 5027 verbis
933 4971 1236 5027 crederent
1278 4989 1290 5024 :
1341 4987 1548 5042 capere
1591 4969 1762 5026 licere
1816 4985 2069 5040 praesens

422 5060 889 5132 experimentum
948 5077 1142 5116 rerum
1193 5061 1479 5133 ipsarum.
1527 5060 1741 5116 Venire
1783 5060 1954 5114 modo
2000 5076 2072 5113 ne

423 5155 832 5226 gravarentur,
865 5151 1174 5207 obsidibus
1205 5151 1262 5205 in
1296 5154 1489 5206 tutum
1516 5151 1766 5206 reditum
1793 5149 2069 5218 acceptis,

424 5241 495 5296 ad
529 5239 656 5295 loca
678 5239 1006 5312 designata,
1038 5241 1136 5294 ubi
1157 5239 1501 5295 distinctius
1522 5237 1931 5308 explicandum
1957 5235 2073 5291 illis

425 5331 574 5387 foret
604 5329 841 5402 quantis
865 5334 1064 5386 essent
1080 5329 1152 5385 ab
1182 5328 1535 5400 imperatore
1554 5324 1899 5382 cumulandi
1925 5339 2071 5394 pra:-

427 5420 582 5486 miis,
617 5435 680 5475 se
713 5418 900 5474 redire
930 5435 1063 5474 cum
1078 5434 1144 5474 eo
1179 5419 1233 5471 in
1251 5417 1501 5488 gratiam
1520 5413 2070 5484 vellentimpostore

424 5509 540 5576 illo,
569 5526 671 5581 pro
694 5525 810 5580 quo
832 5511 1216 5580 pugnassent,
1236 5506 1582 5562 abdicando.
1613 5504 1734 5560 Non
1766 5503 1920 5559 enim
1945 5522 2076 5562 esse

430 5596 600 5653 illum
652 5598 942 5654 Joannem
991 5595 1312 5668 Lascarim,
1362 5593 1648 5669 quidquid
1698 5593 1843 5665 ipsis
1873 5593 2080 5652 (uisset

2167 469 2474 524 κεκλεῖσθαι
2533 476 2611 542 τῷ
2653 470 2759 525 τῶν
2810 472 3158 541 Νικητιάτων
3215 475 3455 549 φρουρίῳ
3497 478 3576 530 καὶ
3621 479 3752 556 ἄσφα-

2169 555 2280 612 λῶν
2325 557 2818 634 ἐγκαθείργνυσθαι.
2870 561 2967 617 Ἢν
3023 559 3079 615 δέ
3125 583 3207 622 τις
3235 566 3320 616 καί
3377 562 3608 636 βούλεται
3652 555 3755 641 βλέ-

2167 667 2286 701 πειν
2334 648 2411 725 ἐφ’
2443 648 2627 723 ὅρκοις
2659 645 2842 704 λαϐὼν
2875 650 2940 705 τά
2973 651 3136 706 πιστὰ
3183 651 3492 729 φρικώδεσι,
3526 663 3754 729 προσεῖναι

2165 741 2360 791 τοῦτον
2396 737 2528 792 ἰέναι
2577 738 2665 792 καὶ
2702 738 2947 814 βλέπειν.
2983 741 3214 803 Τούτοις
3263 743 3352 797 καὶ
3401 743 3624 798 πλείοσιν
3649 745 3756 800 Exsi-

2167 845 2291 887 νους
2340 826 2685 902 ὑπεξάγοντες
2733 831 2853 892 καθ’
2899 829 3107 904 ἡμέραν
3145 873 3158 898 ,
3219 832 3331 904 ἅμα
3387 829 3443 886 δὲ
3493 833 3576 887 καὶ
3623 855 3756 910 προσ-

2169 913 2474 987 πέμποντες
2541 917 2719 989 ἱκανὰ,
2780 916 2946 990 μόλις
2998 915 3214 983 ἔπειθον
3264 922 3353 974 καὶ
3409 919 3642 976 ἐδούλουν
3691 926 3762 988 τὰς

2168 1011 2390 1078 γνωμας
2450 1004 2662 1078 χρυσίῳ
2719 1005 3054 1078 μερίζοντες.
3089 1009 3189 1064 Καὶ
3220 1013 3311 1062 νῦν
3365 1011 3455 1081 μὶν
3485 1014 3671 1073 τοῦτον,
3695 1017 3764 1066 νῦν

2173 1090 2230 1147 δὲ
2283 1093 2479 1148 ἐκεῖνον
2543 1095 2913 1169 ὑπερχόμενοι
2971 1103 3088 1158 τοῖς
3149 1097 3452 1171 μηνῦμασι,
3497 1105 3641 1154 τοῦτο

2171 1181 2580 1255 θεραπεύοντες,
2631 1188 2794 1238 τοῦτο
2826 1181 2884 1240 δέ
2935 1207 2994 1260 γε
3040 1187 3130 1240 καὶ
3182 1187 3594 1262 ὑπισχνούμενοι
3635 1192 3768 1262 παρέ-

2171 1272 2356 1325 πειθον
2414 1271 2541 1333 τοὺς
2599 1269 2867 1342 πολλοὺς,
2926 1274 3016 1330 καὶ
3080 1275 3294 1348 μᾶλλον
3352 1277 3474 1332 τοὺς
3521 1276 3768 1348 ἐπιδήλους

2173 1357 2241 1416 Οἳ
2294 1357 2350 1413 δὲ
2407 1358 2677 1436 ὁσημέραι
2734 1361 2900 1418 πλέον
2957 1365 3393 1439 μαλακιζόμενοι
3451 1368 3661 1440 ὑποψίαν
3695 1372 3770 1421 τοῦ

2174 1444 2497 1521 προδιδόναι
2527 1456 2791 1525 παρεῖχον
2823 1457 2940 1515 τοῖς
2970 1451 3190 1516 ἄλλοις.
3227 1452 3380 1524 Πλὴν
3410 1456 3495 1509 καὶ
3522 1463 3612 1524 τῆς
3641 1476 3772 1527 μετα-

2177 1530 2351 1604 ϐολῆς
2407 1534 2784 1611 αἰσθανόμενοι
2846 1542 2955 1616 οὑχ
3005 1543 3155 1617 εἶχον
3217 1544 3244 1598 ὁ
3301 1563 3353 1598 τι
3410 1543 3496 1598 καὶ
3543 1542 3774 1616 πράξειαν

2182 1626 2382 1698 μόνους
2433 1628 2537 1701 γάρ
2603 1628 2732 1692 τοὺς
2804 1628 3206 1704 σπενδομένους
3277 1627 3641 1704 ὑπελάμϐανον
3693 1637 3774 1686 σώο

2182 1716 2383 1782 ζεσθαι,
2417 1717 2500 1790 [Ρ.
2555 1717 2676 1789 13³]
2728 1715 2997 1780 κάκείνοις
3036 1718 3307 1794 ὁσημέραι
3361 1718 3559 1776 πολλοὶ
3613 1741 3774 1792 προσεο

2170 1801 2378 1856 τίθεντο
2437 1801 2542 1858 δέει
2601 1811 2697 1860 τοῦ
2749 1805 3090 1863 κινδυνεὺιιν.
3151 1811 3324 1866 Ἦσαν
3379 1808 3435 1864 δέ
3486 1810 3569 1864 καί
3596 1832 3714 1872 τινες
3738 1809 3776 1864 οἳ

2169 1888 2312 1945 πολὺ
2363 1891 2644 1966 κρείττονα
2699 1897 2790 1950 τὸν
2848 1896 2898 1950 ἐν
2957 1902 3036 1969 τῷ
3092 1897 3330 1972 πολέμῳ
3381 1902 3604 1974 ἡγοῦντο
3648 1899 3772 1962 θάνα·

2167 1999 2258 2033 τον
2303 1987 2402 2050 τῆς
2453 1982 2946 2058 προσδοκωμένης,
3009 1986 3054 2041 εἰ
3107 1990 3434 2060 καθυφεῖντο
3477 1987 3560 2043 καὶ
3611 1985 3773 2062 προδο-

2170 2071 2330 2135 θεῖεν,
2382 2069 2686 2144 κολάσεως,
2729 2074 2818 2129 καὶ
2867 2075 3112 2152 ἆννὲχειν
3157 2075 3249 2132 διὰ
3293 2082 3460 2132 ταῦτα
3499 2075 3582 2132 διὰ
3620 2076 3774 2138 τέλους

2171 2152 2398 2225 ἤθελον.

2179 2294 2435 2351 universi
2470 2313 2842 2367 persuasum,
2871 2301 2972 2356 sed
3007 2306 3274 2373 agyrtam
3307 2306 3365 2358 et
3397 2302 3640 2374 planum,
3667 2302 3780 2360 falso

2175 2400 2238 2439 se
2293 2386 2689 2442 venditantem
2752 2389 2990 2444 nomine
3029 2390 3304 2462 ipsisque
3345 2390 3698 2448 illudentem:
3738 2399 3781 2447 et

2177 2474 2551 2530 manifestam
2612 2475 2952 2548 imposturaa
3007 2479 3437 2536 convictionem
3492 2481 3780 2548 offerebant,

2175 2564 2388 2618 servari
2422 2580 2622 2620 verum
2655 2567 2947 2622 Joannem
2980 2568 3354 2624 afﬁrmantes
3386 2570 3664 2626 tutissima
3680 2588 3781 2625 cus~

2174 2653 2336 2710 todia
2365 2655 2425 2709 in
2458 2671 2586 2711 arce
2617 2656 3060 2726 Nicetiatarum,
3092 2675 3208 2729 quo
3241 2665 3562 2731 spectatum
3593 2677 3648 2715 se
3674 2677 3778 2714 con-

2173 2741 2320 2796 ferre
2336 2741 2464 2798 sine
2485 2741 2601 2798 ullo
2621 2743 2877 2813 periculo
2895 2750 3133 2815 possent
3156 2763 3168 2802 :
3193 2764 3226 2817 p
3241 2754 3644 2818 resumpturos
3656 2747 3779 2802 enim

2173 2835 2663 2904 quantascunque
2679 2833 3386 2905 vellentjuramentorum
3407 2843 3505 2890 aut
3521 2838 3778 2908 pignorum

2171 2917 2494 2989 cautiones,
2529 2920 2730 2988 sicque
2762 2921 2915 2977 istuc
2947 2939 3114 2994 aequo
3146 2940 3216 2979 ae
3249 2940 3459 2980 securo
3499 2924 3780 2979 intraturos

2171 3006 2389 3075 animo,
2441 3024 2572 3064 cum
2625 3009 2797 3082 pleno
2871 3013 3118 3067 arbitrio
3169 3013 3341 3068 liberi
3393 3014 3625 3082 reditus,
3665 3015 3778 3066 citra

2176 3094 2358 3152 ullam
2391 3098 2746 3169 suspicionis
2781 3100 3074 3156 umbram.
3108 3102 3416 3172 Ejusmodi
3449 3103 3592 3158 199
3622 3100 3780 3157 blandi

2180 3186 2395 3240 mentis
2420 3185 2820 3256 plausibilium
2840 3207 3180 3244 sermonum
3208 3190 3783 3262 aliquantuluminitio

2180 3273 2527 3331 labefactata
2557 3277 2772 3333 duritie
2819 3280 3219 3349 quorumdam
3251 3297 3282 3336 e
3315 3280 3621 3346 montanis,
3654 3295 3781 3334 acce-

2179 3365 2352 3419 dente
2383 3382 2513 3420 vero
2546 3365 2708 3437 larga
2740 3367 3130 3424 missitatione
3175 3387 3487 3425 munerum
3518 3369 3784 3424 vehemen-

2179 3454 2294 3508 tius
2344 3454 2623 3526 impulsa,
2658 3456 2749 3511 vix
2779 3458 3016 3513 tandem
3055 3458 3181 3513 loco
3229 3461 3430 3523 cessit,
3465 3458 3675 3530 placida
3700 3457 3779 3510 do-

2179 3541 2398 3599 cilitate
2436 3545 2782 3600 succedente
2806 3563 2870 3599 ac
2895 3547 3067 3616 plena
3091 3549 3484 3618 promissione
3503 3549 3609 3604 veri
3628 3549 3678 3601 in
3697 3547 3778 3599 im-

2179 3631 2463 3702 peratoris
2485 3632 2761 3703 obsequia
2786 3633 2987 3702 studii,
3013 3651 3175 3700 auro,
3201 3640 3267 3690 ut
3288 3636 3454 3702 solet,
3475 3634 3780 3690 distrahente

2179 3719 2498 3776 concordes
2528 3726 2586 3776 et
2615 3723 2814 3777 studia
2862 3723 3113 3778 invicem
3145 3730 3402 3796 votaque
3433 3723 3780 3781 conimittente

2179 3809 2344 3879 prius
2377 3810 2733 3864 unanimiter
2762 3813 3255 3884 conspirantium.
3287 3815 3364 3868 Ea
3391 3814 3604 3869 ratione
3632 3818 3782 3866 traxe-

2179 3898 2393 3952 runtin
2431 3903 2622 3968 partes
2656 3898 2894 3968 multos,
2919 3906 2977 3956 et
3009 3901 3066 3955 in
3093 3902 3166 3956 iis
3190 3903 3392 3974 capita
3413 3904 3537 3974 ipsa
3553 3898 3780 3963 nationis,

2179 3987 2523 4042 auctoritate
2553 3987 2675 4044 illic
2695 3994 2752 4044 et
2772 3990 3208 4046 existimatione
3240 3993 3553 4064 principes.
3576 3991 3781 4055 Quibus-

2178 4093 2311 4131 cum
2349 4081 2648 4149 utcunque
2679 4079 2882 4134 istbaac
2911 4096 3126 4136 arcano
3157 4082 3582 4150 tractabantur,
3621 4082 3671 4135 et
3694 4074 3782 4148 ipsi

2179 4165 2382 4224 sedulo
2415 4167 2701 4237 uelabant,
2734 4176 2928 4225 tamen
2955 4186 3089 4226 cum
3123 4171 3179 4224 in
3214 4170 3713 4228 deliberationibus
3729 4166 3784 4219 de

2181 4255 2331 4312 bello
2379 4262 2435 4311 et
2464 4257 2520 4312 in
2555 4257 2713 4312 omni
2746 4260 3051 4314 occasione
3101 4259 3389 4315 similium
3426 4271 3726 4316 sermonum
3751 4253 3781 4308 ii

2180 4345 2475 4401 molliores
2500 4346 2559 4401 in
2592 4348 2715 4402 dies
2748 4365 2809 4402 se
2860 4349 3210 4420 praeberent,
3243 4351 3632 4423 suspicionem
3678 4344 3782 4400 aliis

2182 4441 2487 4490 moverunt
2516 4437 2682 4506 quasi
2705 4439 3093 4506 proditionem
3120 4441 3567 4495 meditarentur.
3586 4439 3782 4504 Moxque

2181 4524 2443 4596 suspicio
2458 4525 2515 4579 in
2549 4525 2884 4596 opinionem
2901 4529 3160 4597 transiit,
3186 4530 3420 4585 idoneis
3455 4527 3778 4584 exstantibus

2180 4613 2527 4668 mutationis
2545 4612 2749 4684 signis.
2778 4613 2938 4671 Unde
2962 4634 3073 4672 non
3106 4635 3314 4689 parum
3339 4616 3655 4673 conturbari
3673 4629 3782 4668 con-

2177 4700 2307 4772 tigit
2322 4699 2652 4772 plerosque,
2667 4703 2757 4756 vid
2768 4702 2934 4758 eiciet
2949 4705 3117 4760 existi
3130 4722 3180 4759 m
3192 4711 3361 4762 antes
3379 4707 3487 4760 sibi
3505 4717 3686 4761 cavere
3696 4696 3780 4754 soli

2179 4807 2246 4846 ac
2276 4791 2522 4845 salutem
2559 4791 2842 4846 duntaxat
2863 4794 3166 4865 proprium
3192 4795 3408 4866 pacisci
3442 4811 3537 4850 eos
3567 4792 3777 4864 quicum

2181 4881 2528 4952 imperatore
2558 4884 2911 4936 tractarent:
2947 4888 3188 4941 caeteros
3207 4900 3418 4941 omnes
3441 4887 3536 4940 ira:
3566 4881 3778 4938 hostium

2181 4968 2473 5040 expositos
2506 4968 2782 5039 relinqui.
2818 4971 2895 5026 Eo
2918 4971 3106 5028 valuit
3126 4973 3310 5044 hujus
3346 4971 3582 5043 periculi
3607 4972 3780 5027 metus,

2184 5066 2245 5112 ut
2277 5056 2448 5111 multi
2480 5058 2740 5128 quotidie
2762 5060 2832 5113 ad
2867 5076 2966 5114 eos
2983 5062 3078 5130 qui
3105 5062 3440 5117 tractabant
3469 5078 3529 5116 se
3549 5072 3784 5129 aggrega-

2183 5151 2332 5203 rent.
2367 5146 2545 5201 Erant
2576 5151 2770 5202 tamen
2803 5149 2901 5220 qui
2929 5157 3177 5207 mortem
3201 5151 3258 5206 in
3290 5150 3442 5208 bello
3467 5149 3647 5204 minus
3662 5158 3784 5200 acer-

2183 5238 2316 5292 bam
2351 5235 2818 5292 ducerentmalis
2849 5240 3524 5312 suppliciisqi.e,quibus
3549 5254 3604 5293 se
3630 5232 3780 5302 subji-

2184 5326 2422 5380 ciendos
2451 5326 2889 5397 exspectabant,
2914 5327 2962 5383 si
2988 5333 3088 5384 aut
3105 5329 3252 5384 ultro
3277 5329 3545 5384 cederent
3565 5328 3652 5379 aut
3670 5320 3779 5375 alio-

2185 5429 2314 5467 rum
2348 5411 2479 5467 dolo
2513 5414 2984 5484 procederentur.
3037 5417 3221 5480 Quare
3252 5416 3634 5471 obfirmabant
3659 5423 3710 5464 se
3735 5407 3777 5459 in

2186 5501 2476 5556 sententia
2508 5501 2814 5558 resistendi
2866 5504 3258 5578 bellandique,
3295 5504 3484 5575 quoad
3532 5497 3780 5555 vincerent

2187 5594 2286 5646 aut
2322 5588 2617 5648 caderent.

2095 3143 2137 3210 C

2106 4509 2148 4573 D
