4018 6198
232 313 340 370 641

1323 314 1421 367 DE
1460 314 1829 370 MICHAELE
1866 312 2312 369 PALEOLOGO
2347 314 2481 367 LIB.
2523 316 2621 369 III.

3552 322 3661 378 642

235 444 333 517 ιγ’.
390 436 735 517 Ἀπολογῗξαη
762 443 871 517 τῖον
907 442 1181 517 ’Ζυγηνῶν
1220 439 1391 517 Δπρρς.
1436 436 1722 507 ἀλλήλους
1776 436 1895 507 te;
1930 442 1983 507 Α
2015 435 2273 513 ἀφέμενοι
2329 439 2653 510 μέμφεσθαι,
2705 444 3152 514 συναρπασθεῖσιν
3202 440 3358 502 οὕτος
3407 444 3496 499 καὶ
3540 446 3654 501 κίν-

577 508 672 565 τοῦ
708 509 764 564 δν
798 512 873 572 ὡς
907 508 1167 579 ἰωᾶννην
1214 508 1558 581 ὑπεδέξαντο.

316 620 396 687 [Ρ.
451 620 576 689 133]
629 617 1050 672 Ἐπλιονέκτουν
1100 614 1406 688 δὲμᾶλλον
1452 617 1503 671 οἱ
1534 616 1625 671 καὶ
1655 614 1721 670 τΞι
1766 615 1898 689 ὑπὲρ

240 712 341 761 τοῦ
394 708 814 783 τυφλώττοντος
862 701 1342 782 προϐαλλόμενοι.
1398 705 1516 775 Καὶ,
1553 730 1579 757 ‹‹
1614 704 1679 761 Τί
1710 704 1835 778 γὰρ,
1872 727 1898 753 ›)

236 796 460 871 ἔλεγον,
498 794 765 849 «δίκαιον
802 798 940 867 ἡμῖν
985 796 1289 869 πέπρακται
1336 797 1423 850 ἐπὶ
1474 800 1552 866 τῷ
1600 792 1901 863 ἀλλοδαπῷ

230 884 416 959 τῷδε,
467 885 515 940 εἰ
564 885 817 939 κάκεῖνοσ
865 884 976 955 εἶή,
1028 884 1077 940 εἴ
1124 884 1297 947 ἀλλος
1335 905 1348 957 ;
1391 882 1567 953 έοειδὴ
1621 881 1902 955 δεξάμενοι

230 976 487 1048 ἐτίθεμεν
545 975 678 1049 ὑπὲρ
729 973 894 1029 αὐτοῦ
941 975 1035 1037 τὰς
1090 975 1292 1049 ψυχὰς,
1340 980 1594 1048 γυναῖκας
1634 972 1724 1027 καὶ
1771 970 1905 1027 αὐτά

228 1067 301 1121 τὰ
347 1068 554 1141 γνήσια
602 1060 1080 1139 προϐαλλόμενοι,
1124 1064 1175 1126 ἐς
1211 1064 1269 1126 ὅς
1301 1064 1496 1132 σωθείη
1531 1065 1558 1118 ὁ
1591 1063 1668 1124 εἷς
1713 1067 1904 1137 χεῖρας

230 1154 517 1229 ἡμετέρας
564 1154 911 1229 καταφυγὼν,
968 1158 1058 1207 νῦν
1112 1148 1513 1226 μεταϐαλόντες
1579 1151 1904 1225 καταπροώσ

239 1247 384 1318 μεθα
413 1266 426 1311 ;
458 1244 512 1298 τί
544 1242 589 1298 δ’
622 1246 758 1315 ἡμῖν
792 1244 869 1306 εἰς
912 1242 1217 1318 ἀπολογίαν
1268 1245 1403 1317 πρὸς
1435 1242 1560 1304 τοὺς
1616 1239 1906 1315 μεμφυμέ⁴

230 1354 369 1395 νους
407 1332 609 1387 ἐπεῖται
642 1329 969 1406 προδοῦσιν;
1005 1330 1087 1385 ὅτι
1139 1333 1458 1407 παρώτρυνε
1503 1332 1577 1403 μή
1613 1331 1904 1399 θέλονταςς

236 1421 410 1479 Ἀλλ’
436 1424 573 1493 ἡμῖν
596 1420 961 1495 γλιχομένοις
987 1421 1119 1495 ὑπὲρ
1144 1419 1406 1475 δεσπότου
1429 1420 1658 1494 πάσχειν
1685 1418 1907 1487 ἐπέστη.

233 1510 405 1569 Ἀλλ’
439 1512 525 1566 ὅτι
553 1511 620 1566 τά
660 1512 779 1565 καθ’
831 1513 979 1582 ἡμᾶς
1026 1509 1079 1564 έν
1109 1511 1325 1583 wgf/xii
1380 1509 1700 1579 κατέστησεν
1738 1527 1749 1575 ;
1784 1507 1909 1562 ἀλλ’

231 1605 382 1674 ἡμῖν
438 1622 501 1675 γε
555 1598 1037 1675 προθυμουμένοις
1091 1598 1302 1671 μᾶλλον
1337 1598 1371 1667 ἢ
1402 1599 1583 1671 τούτῳ
1632 1597 1907 1671 μέμφοιτό

2006 522 2175 579 δυνων
2224 524 2676 600 ἐπανῃρημένοις,
2704 529 2901 600 μῶμον
2957 527 3147 603 ἐκείνῳ
3208 529 3652 607 προστρίϐομεν,

2001 614 2093 668 καὶ
2124 614 2239 668 ἀντὶ
2271 618 2367 668 τοῦ
2398 615 2588 684 σώζειν
2645 616 2878 691 μεγίστῳ
2928 617 3161 692 κινδύνῳ
3210 616 3643 696 περιϐάλλομεν,

2005 701 2194 766 ἄλλως
2239 724 2318 771 τε,
2372 702 2416 758 εἷ
2465 707 2553 758 καί
2603 706 2655 759 οἱ
2696 707 2763 759 τὰ
2809 706 3138 782 παγχάλεπα
3184 711 3527 785 πέπρακται,
3580 714 3642 766 τὸ

2003 796 2132 865 γοῦν
2180 800 2376 866 σχῆμα
2420 801 2521 862 τῆς
2570 795 2796 857 ἱκετείας
2851 797 3032 851 ἱκανὸν
3096 800 3184 853 καὶ
3253 802 3345 856 τὸν
3398 800 3652 857 κάκιστον

2006 881 2232 949 σώζειν.
2288 879 2430 937 Ούδὶ
2476 883 2577 956 γὰρ
2627 882 2686 936 ἂν
2752 883 2805 937 τί
2854 892 3046 948 παθεῖν
3110 886 3353 957 ἐκεῖνον,
3404 887 3549 944 ἀλλά
3599 889 3651 944 τί

2007 975 2184 1023 ποιεῖν
2232 971 2381 1040 ἄξιον
2426 972 2573 1044 ἡμᾶς
2622 979 2973 1046 προσκοπεῖν.
3014 998 3036 1027 ι)
3088 981 3266 1032 Ταῦτα
3329 983 3492 1033 τινῶν
3564 995 3658 1033 λε-

2005 1058 2210 1133 γόντων
2260 1056 2437 1113 ἐδόκει
2498 1060 2636 1114 τισὶν
2690 1059 2895 1133 ἀδοξεῖν
2958 1064 3027 1117 τά
3074 1063 3328 1138 μεγάλα,
3381 1066 3428 1120 εἷ’
3492 1089 3657 1123 κατα-

2008 1152 2270 1219 προοῖντο
2304 1149 2396 1202 τὸν
2428 1148 2633 1218 ἱκέτην.
2668 1152 2769 1205 Καὶ
2820 1152 2881 1205 τὸ
2932 1153 3026 1223 μὲν
3076 1150 3346 1224 διηνεκῶς
3393 1155 3660 1229 πολεμεῖν

2009 1237 2124 1308 (καὶ
2173 1238 2275 1312 γὰρ
2325 1235 2385 1291 ἄν
2440 1238 2646 1312 ἀνάγκῃ
2697 1242 2842 1293 τοῦτ’
2894 1242 3024 1294 εἶναι
3078 1244 3153 1313 μὴ
3204 1246 3656 1319 περιγενομένους

2008 1332 2116 1380 τῶν
2167 1325 2403 1393 πάντων,
2454 1332 2615 1381 τοῦτο
2654 1325 2698 1381 δ’
2745 1329 2810 1395 ἦν
2861 1326 3151 1403 ἀδύνατον)
3203 1333 3276 1393 ὡς
3332 1332 3662 1397 κινδυνῶδες

2011 1417 2101 1470 καὶ
2130 1414 2315 1478 ἄλλως
2357 1414 2415 1469 ὃν
2462 1416 2696 1487 ἀπρεπὲς
2749 1418 3033 1493 ἀπέλεγον,
3084 1421 3146 1474 τὸ
3196 1418 3241 1473 δ’
3292 1422 3441 1486 αὖθις
3494 1444 3661 1477 καταο

2012 1508 2347 1581 προεμένους
2399 1506 2489 1560 τὸν
2544 1506 2689 1575 ξένον
2740 1506 3058 1585 σπένδεσφαι
3103 1509 3392 1584 ἐπὶμωμον
3448 1508 3662 1588 ἔκρινον

2012 1596 2099 1648 καὶ
2160 1592 2344 1647 ἄδικον
2400 1593 2572 1664 πάντη
2633 1596 2770 1668 πρὸς
2824 1597 2913 1651 τὸν
2974 1596 3199 1666 ἥκοντα,
3263 1599 3306 1652 εἴ
3367 1600 3656 1663 πιστεύσας

229 1712 346 1751 τις.
414 1688 574 1745 Ἀλλ’
630 1690 713 1743 ὅτι
766 1689 1027 1762 ὑπεκρίθη
1080 1690 1173 1743 τὸν
1238 1687 1463 1762 βασιλέα
1512 1689 1599 1741 καὶ
1650 1686 1912 1761 προσικέ-
2016 1683 2242 1746 ἐκείνοις
2272 1685 2552 1761 σφάζοιτο.
2584 1689 2672 1756 Τῷ
2701 1706 2786 1739 τοι
2836 1687 2924 1739 καὶ
2966 1687 3065 1754 τὴν
3120 1687 3290 1760 μέσην
3323 1694 3661 1765 χωροῦντες,

231 1799 446 1848 nocte;
500 1779 588 1832 καὶ
642 1781 860 1851 πρῶτον
919 1778 1010 1848 μὲν
1065 1776 1145 1837 τίς
1189 1774 1327 1831 οἶδεν
1376 1776 1434 1830 ἂν
1467 1776 1647 1844 ἀληθῆ
1694 1780 1861 1829 ταῦτα
1894 1793 1906 1843 ;
1941 1803 1988 1868 Β
2016 1772 2178 1826 αὐτὸν
2235 1774 2330 1845 μὲν
2382 1773 2609 1828 ἀπεῖπον
2668 1775 2741 1846 μὴ
2786 1773 3128 1850 προδιδόναι,
3177 1777 3375 1840 αὐτοὺς
3404 1777 3461 1833 δὲ
3506 1779 3664 1834 σπέν-

235 1868 377 1943 ῥᾷον
418 1867 604 1927 αὐτοῖς
652 1864 825 1920 ἄλλον
875 1866 991 1921 ἀντὶ
1040 1871 1137 1920 τοῦ
1168 1865 1426 1936 ἀληθοῦς·
1473 1865 1785 1940 ἐμφανίζειν
1818 1864 1909 1919 καὶ
1941 1858 1985 1868 ”
2022 1858 2202 1925 δεσθαι
2254 1861 2452 1927 οὕτως,
2486 1862 2530 1916 εἰ
2576 1861 2806 1917 θέλοιενο
2844 1863 2887 1917 εἷ
2921 1861 2965 1918 δ’
2999 1865 3114 1934 οὗν,
3148 1864 3295 1921 ἀλλά
3334 1865 3421 1922 διὰ
3472 1866 3665 1930 τέλους

236 1957 485 2027 ἀπατᾷν,
540 1956 584 2009 εἰ
625 1955 965 2027 ἐπισταῖμεν,
998 1956 1031 2024 ἢ
1064 1960 1255 2010 τοῦτον
1308 1954 1479 2010 ἄλλον
1530 1952 1657 2010 ὄντα
1708 1955 1910 2009 ἐκεῖνον
2025 1951 2291 2025 μάχεσθαι
2352 1952 2707 2008 συνετίθεντο.
2761 1953 2846 2007 Ἐν
2895 1954 3141 2027 τοσούτῳ
3191 1954 3280 2009 οὖν
3329 1961 3427 2010 τοῦ
3472 1962 3665 2033 καιροῦ

2019 2034 2350 2114 τριϐομένου
2406 2040 2495 2094 καὶ
2550 2044 2658 2095 τῶν
2724 2041 2817 2114 μὶν
2880 2039 3049 2113 μηδὲν
3107 2042 3343 2118 ἐχόντων
3397 2048 3475 2118 [Ρ.
3532 2048 3657 2117 434]

2020 2134 2195 2183 ποιεῖν
2232 2170 2245 2196 ,
2290 2132 2399 2182 τῶν
2439 2126 2496 2183 δὲ
2557 2132 2629 2201 μή
2682 2151 2735 2184 τι
2783 2130 3191 2204 ἀποκρινεῖσθαι
3220 2176 3233 2200 ,
3281 2134 3309 2187 ὁ
3366 2136 3460 2205 μὲν
3513 2133 3660 2203 ξένος

2020 2218 2201 2273 ἀνεῖτο
2233 2219 2445 2294 φεύγειν
2478 2218 2613 2292 πρὸς
2658 2218 2883 2294 Πέρσας,
2930 2222 3014 2282 οἷς
3063 2218 3107 2275 δ’
3156 2222 3292 2290 ἦσαν
3344 2222 3667 2297 ὑποσχέσεις

2021 2308 2167 2381 παρὰ
2212 2310 2320 2361 τῶν
2373 2304 2505 2379 τῇδε
2553 2308 2640 2361 καὶ
2694 2308 2983 2379 συνθεσίαι,
3017 2308 3335 2366 ἐσπένδοντο
3392 2312 3459 2365 τὰ
3503 2313 3670 2367 πιστὰ

2024 2392 2285 2461 λαϐόντες
2312 2400 2408 2451 τοῦ
2462 2399 2537 2469 μὴ
2589 2402 2799 2461 παθεῖν.
2833 2398 2900 2455 Οἱ
2950 2396 3007 2453 δὲ
3052 2406 3172 2462 ταῖς
3223 2398 3480 2463 σπονδαῖς
3532 2402 3667 2477 πρὸς

240 2046 697 2119 ὑποκρινεῖσθαι.
751 2045 880 2100 Εἶτα
928 2039 1066 2099 ἔστω
1117 2044 1206 2099 καὶ
1243 2049 1425 2101 τοῦτο.
1464 2043 1616 2112 Πλὴν
1647 2048 1774 2098 πᾶσι
1812 2044 1908 2115 μἐν

238 2138 273 2204 ἡ
308 2138 422 2189 τοῦ
452 2133 709 2197 πλείονος
754 2130 956 2207 ἔφεσις,
997 2133 1087 2187 καὶ
1133 2133 1415 2208 ἀγαπητὸν
1453 2132 1544 2205 μέν
1578 2132 1737 2187 αὐτὸν
1784 2128 1910 2186 ἕκα-

247 2245 390 2278 στον
426 2220 558 2278 ὄντα
587 2224 679 2277 τὸν
723 2220 1171 2295 σπουδαζόμενον
1221 2228 1329 2277 τῶν
1382 2219 1568 2277 καλῶν
1596 2221 1913 2297 τυγχάνειν,

242 2313 288 2366 εἰ
325 2311 378 2367 δ’
418 2311 534 2381 οὖν,
569 2309 714 2365 ἀλλὰ
743 2313 833 2365 καί
873 2312 934 2365 τὸ
967 2309 1229 2365 δοκοῦντα
1280 2311 1673 2387 μεγαλόνεσθαι
1712 2316 1910 2386 μοῖραν

242 2402 305 2457 οὐ
360 2403 469 2470 τὴν
516 2404 787 2476 τυχοῦσαν
849 2399 1164 2477 φιλοτίμίας
1235 2400 1373 2475 ἔχει.
1435 2400 1500 2458 Τί
1556 2398 1645 2455 οὗν
1702 2400 1911 2461 ἑαυτοῖς

238 2597 329 2652 13.
403 2596 662 2666 Allcgala
718 2602 1111 2651 montanorum
1160 2595 1309 2652 inter
1357 2612 1473 2652 sese
1500 2612 1603 2665 pro
1652 2611 1711 2651 eo
1742 2610 1907 2666 quem
2016 2594 2194 2658 Quem
2233 2595 2437 2665 utique
2469 2595 2773 2652 absentem
2804 2597 3232 2667 desideratum,
3264 2605 3668 2656 occurrentem

458 2678 521 2723 ul
550 2670 815 2724 Joannem
844 2673 1130 2739 acceptum
1157 2667 1305 2739 apud
1331 2684 1389 2723 se
1413 2668 1708 2723 habebant.

315 2774 591 2831 Maxima
650 2774 858 2830 horum
921 2792 1057 2846 pars
1087 2780 1211 2830 erat
1241 2774 1656 2831 miserantium
1690 2790 1906 2830 caecum

237 2882 431 2938 quem
465 2864 623 2935 apud
656 2880 718 2919 se
748 2864 1126 2933 habebant,et
1159 2866 1311 2919 factu
1336 2866 1646 2936 indignum
1669 2870 1908 2919 conten-

238 2954 525 3011 dentium
586 2952 777 3019 illum,
839 2954 1177 3026 quicunque
1229 2960 1404 3020 esset,
1468 2955 1731 3025 prodere.
1785 2955 1907 3019 Quo

236 3043 708 3111 enim,aiebant,
739 3044 876 3115 jure
908 3043 1170 3100 alienum
1204 3044 1513 3112 hunc,sive
1544 3043 1803 3099 Joannes
1822 3050 1909 3099 est

2017 2690 2308 2754 evectum,
2340 2701 2406 2739 ac
2435 2686 2482 2740 si
2518 2686 2651 2755 quid
2686 2686 2742 2741 in
2777 2702 2844 2741 eo
2873 2685 3140 2757 deliquit,
3176 2704 3414 2759 peccare
3437 2706 3470 2743 a
3503 2690 3673 2745 nobis

2021 2777 2287 2830 coactum
2320 2774 2469 2829 tueri
2502 2773 2697 2845 potius
2730 2780 2787 2830 et
2820 2792 3056 2832 scrvare
3088 2776 3435 2834 deberemus
3466 2794 3674 2849 quam,

2021 2863 2175 2931 quod
2209 2862 2336 2917 sine
2357 2864 2525 2933 justa
2543 2863 2974 2933 vituperatione
2995 2866 3671 2936 nequimusfacere,gra-

2020 2951 2265 3007 vissimo
2281 2951 2443 3006 illum
2467 2952 2724 3023 periculo
2740 2954 3484 3023 exponere,sitientissimis
3499 2972 3673 3011 cruo-

2021 3040 2101 3095 ris
2132 3040 2265 3111 ejus
2299 3040 2493 3112 ipsum
2510 3041 2780 3097 hostibus
2795 3044 3492 3115 condonando.Atquivel
3519 3050 3674 3102 atro-

243 3133 533 3191 Lascaris
566 3132 687 3189 sive
720 3150 833 3189 non
866 3139 956 3189 est
982 3133 1254 3189 hostibus
1278 3135 1405 3204 ejus
1442 3134 1513 3189 ad
1539 3134 1833 3188 cruciatus
1857 3137 1913 3189 et
2021 3128 3307 3205 cissimicompertumconviclumqueﬂagitii
3329 3135 3678 3203 pessimum-

243 3240 462 3279 necem
530 3223 803 3277 acerbam
836 3223 1233 3278 dederemus?
1265 3228 1584 3295 Postquam
1619 3225 1775 3279 enim
1813 3240 1911 3293 pro
1945 3242 1987 3309 C
2029 3234 2143 3289 que
2174 3217 2363 3289 palam
2396 3219 3306 3292 caputhabitussupplicisfasac
3326 3225 3677 3281 verecundia

239 3314 422 3368 illius
454 3314 523 3366 ad
560 3328 668 3366 nos
701 3312 1094 3383 confugientis
1114 3313 1301 3367 salute
1324 3314 1518 3384 capita
1542 3320 1917 3377 nostra,uxo-
1957 3306 1986 3309 ᾖ
2030 3306 2422 3377 confugientis
2480 3306 2540 3362 in
2603 3308 2777 3363 ﬁdem
2829 3315 3003 3380 atque
3031 3310 3259 3382 asylum
3296 3313 3674 3382 protectionis

242 3420 341 3460 res
377 3405 440 3458 et
473 3401 829 3457 charissima
854 3418 1101 3473 quaeque
1127 3402 1187 3456 in
1219 3402 1536 3458 discrimen
1563 3400 1917 3471 misimus,si
2029 3400 2261 3465 nostrai,
2296 3400 2572 3467 praestare
2602 3398 2882 3454 intactum
2904 3399 3345 3473 immunemque
3376 3403 3677 3459 communi

245 3494 419 3548 hunc
455 3492 633 3546 modo
662 3496 886 3547 mutata
918 3498 1153 3563 repente
1186 3492 1480 3547 sententia
1512 3493 1915 3560 destituimus,
2028 3485 2419 3542 humanitatis
2445 3485 2635 3543 ofﬁcio
2669 3488 2927 3544 deberet:
2959 3506 3150 3560 neque
3181 3492 3336 3547 enim
3372 3497 3510 3547 tunc
3556 3499 3673 3549 tam

244 3583 394 3654 quid
424 3582 597 3638 nobis
622 3582 692 3636 ad
717 3582 1118 3638 detensionem
1142 3572 1423 3638 faciemus
1449 3582 1916 3654 reliqui,quomi-
2029 3583 2292 3647 spectare
2323 3582 2616 3649 oporteret
2647 3578 2787 3649 quid
2841 3594 2971 3634 eum
3035 3581 3154 3650 pati
3210 3583 3439 3651 justum
3501 3590 3678 3654 esset,

246 3690 371 3727 nus
389 3673 465 3725 ab
509 3671 783 3726 omnibus
804 3670 1154 3742 proditionis
1172 3672 1667 3742 perﬁdiosissima:
1684 3673 1918 3726 damne-
2031 3682 2207 3737 quam
2242 3666 2379 3736 quid
2403 3683 2509 3721 n08
2533 3668 2720 3721 facere
2742 3667 2990 3723 deceret.
3025 3668 3187 3725 Talia
3210 3672 3452 3741 quidam
3485 3673 3680 3729 disse-

249 3778 396 3817 mur
427 3760 456 3814 ?
487 3764 572 3815 An
607 3760 874 3815 dicemus
932 3776 1038 3815 nos
1070 3761 1141 3815 ab
1176 3760 1302 3831 ipso
1328 3761 1595 3816 nolentes
1628 3758 1919 3831 impulsos
2029 3762 2221 3811 rentes
2238 3758 2978 3831 persuadebantaliquibus
2996 3777 3109 3815 non
3127 3762 3679 3832 possesinesumma

248 3854 621 3920 coactosque
650 3850 677 3904 ?
734 3851 773 3904 Α
800 3848 969 3905 nobis
1020 3851 1148 3919 jam
1176 3854 1346 3906 antea
1402 3852 1621 3921 paratis
1679 3857 1735 3905 et
1766 3850 1920 3905 200
2029 3863 2147 3901 suae
2177 3846 2369 3916 gentis
2401 3846 2644 3902 infamia
2678 3848 2841 3918 prodi
2868 3848 2939 3903 ab
2963 3848 3109 3920 ipsis
3134 3851 3383 3921 dedique
3408 3852 3679 3910 hostibus

248 3940 656 4005 gestientibus
689 3955 792 4010 pro
824 3938 1065 3994 domino
1097 3939 1322 4009 injusta
1354 3956 1527 4010 passo
1571 3939 1921 3994 vindicando
2031 3935 2573 4006 supplicem.lidem
2608 3940 2825 3991 tamem
2864 3938 3019 3992 anxii
3051 3955 3247 3994 secum
3276 3940 3675 4010 inquirebant:

258 4044 538 4101 pugnare
574 4027 1031 4099 supervenit.An
1064 4027 1207 4083 illud
1227 4028 1765 4098 causabimur,ejus
1788 4044 1923 4099 gra-
2030 4024 2168 4096 quid
2205 4024 2385 4095 igitur
2416 4025 2729 4095 agendum?
2752 4024 2956 4081 Utrum
2993 4028 3376 4099 pugnandum
3401 4031 3680 4102 semper?

253 4120 340 4174 tia
360 4118 745 4190 perturbatae
759 4134 849 4173 res
864 4123 1096 4173 nostras
1114 4118 1273 4173 esse?
1294 4118 1472 4188 Atqui
1496 4122 1704 4172 nostrae
1726 4120 1921 4174 verius
2031 4114 2091 4168 Id
2120 4114 2335 4185 quippe
2352 4113 2680 4171 necessario
2704 4115 3066 4187 consequiex
3090 4118 3387 4187 proposito
3410 4135 3674 4189 perseve-

257 4205 557 4279 praecipiti
617 4206 686 4261 ad
716 4207 1053 4262 novandum
1087 4207 1343 4263 audaciae
1380 4224 1548 4279 quam
1590 4207 1720 4263 huic
1753 4206 1924 4279 culpa
2030 4204 2200 4259 randi
2233 4204 2303 4258 ad
2338 4210 2668 4259 extremum
2700 4205 2846 4261 20]
2879 4204 2940 4259 in
2973 4205 3313 4263 defensione
3336 4208 3675 4279 pueri.Nisi,

254 4298 443 4352 istius
479 4295 777 4351 tumultus
809 4296 1313 4368 imputabitur.An
1338 4299 1491 4369 quod
1518 4314 1579 4353 se
1606 4298 1923 4367 imperato-
2030 4293 2183 4364 quod
2218 4292 2439 4363 sperari
2468 4310 2582 4348 non
2619 4298 2843 4364 poterat
2869 4310 2984 4349 una
3018 4294 3131 4365 ipsi
3160 4312 3266 4351 nec
3298 4312 3511 4367 magna
3531 4314 3677 4367 gens

251 4402 381 4441 rem
420 4401 556 4440 esse
588 4386 969 4455 simulavit,et
992 4387 1173 4440 uttali
1196 4386 1308 4441 sibi
1333 4403 1921 4444 sucurreremusora-
2031 4384 2370 4440 universum
2400 4384 2457 4438 in
2492 4400 2554 4439 se
2587 4385 2963 4455 conjuratum
2998 4385 3309 4458 imperium
3355 4388 3676 4456 vincerent,

251 4475 371 4530 vit?
408 4474 679 4529 Primum
715 4475 852 4547 quis
879 4475 992 4530 scit
1021 4475 1339 4532 simulasse
1372 4476 1626 4545 illum,et
1648 4494 1762 4533 non
1794 4494 1923 4533 csse
2031 4491 2098 4530 ac
2142 4491 2214 4530 ne
2248 4474 2296 4530 si
2349 4475 2588 4546 quidem
2641 4482 2839 4545 posset
2867 4476 3202 4547 succedere,
3238 4481 3435 4533 tamen
3468 4481 3679 4535 tentari

253 4580 472 4619 verum
509 4566 743 4635 qualem
779 4580 841 4619 se
866 4565 1134 4620 nominat
1158 4565 1444 4621 Joannem
1478 4566 1505 4620 ?
1536 4566 1603 4621 Et
1634 4566 1727 4621 cui
1761 4573 1919 4623 certo
1952 4614 1995 4635 η
2029 4564 2386 4620 conveniret.
2418 4564 2520 4619 Hic
2548 4580 2679 4619 vere
2710 4581 2843 4620 cum
2876 4565 2945 4619 ad
2982 4566 3215 4620 unicam
3240 4567 3490 4622 oblatam
3516 4586 3677 4623 com-

256 4652 485 4724 poterit
516 4659 787 4709 constare
820 4652 987 4708 illum
1014 4652 1398 4727 alium,quem
1420 4656 1725 4711 ostendere
1749 4656 1918 4712 nobis
1949 4651 1997 4678 ν
2030 4652 2312 4723 ponendae
2337 4651 2496 4722 pacis
2519 4652 2805 4707 rationem
2832 4653 3161 4708 referebant
3182 4653 3551 4723 animum,ad
3578 4656 3676 4711 de-

253 4758 321 4797 se
382 4747 619 4811 paratos
676 4743 861 4809 aiunt,
924 4744 1284 4799 custoditum
1318 4745 1471 4816 apud
1504 4744 1665 4815 ipsos
1701 4762 1919 4801 caecum
2032 4741 2315 4797 ditionem
2350 4758 2559 4813 nempe
2594 4742 2756 4811 pueri
2790 4740 3061 4813 hospitis,
3084 4743 3678 4817 abhorrebantatquc

256 4829 775 4887 adolescentulum
835 4849 1033 4889 revera
1088 4834 1373 4889 Joannem
1407 4850 1537 4889 esse
1570 4834 1863 4889 Lascarim
1891 4835 1919 4889 ?
2033 4830 2483 4898 aversabantur,
2536 4830 2854 4901 potiusque
2900 4832 3344 4903 propendebant
3374 4834 3431 4889 in
3466 4851 3682 4906 anceps

258 4920 487 4974 Deinde
517 4925 640 4975 esto
696 4922 793 4985 ita,
827 4922 904 4977 sit
936 4940 949 4976 :
984 4928 1181 4977 tamen
1216 4923 1310 4977 isti
1346 4924 1553 4994 culpa},
1590 4938 1659 4977 ne
1683 4940 1716 4977 a
1749 4924 1916 4979 nobis
2028 4921 2494 4989 damnosumque
2518 4918 2832 4974 consilium
2853 4920 3109 4975 bellandi
3141 4923 3212 4976 ad
3231 4931 3556 4979 extremum
3582 4940 3682 4995 pe-

255 5014 387 5063 tam
410 5010 1052 5067 atrocitervindicanda
1085 5012 1370 5079 videatur,
1400 5028 1673 5083 magnam
1691 5018 1916 5083 partem
2030 5011 2223 5065 riculo
2259 5026 2632 5082 quocunque.
2668 5012 2821 5065 Inter
2849 5010 2956 5066 hos
2989 5011 3307 5069 multorum
3342 5018 3683 5082 aastus,cum

257 5097 526 5153 detrahit
562 5099 791 5155 invidiae
824 5100 1025 5155 innata
1056 5102 1333 5156 omnibus
1365 5107 1422 5157 et
1446 5102 1561 5156 late
1583 5102 1918 5157 communis
2027 5099 2202 5170 longa
2222 5098 3316 5170 perplexarumdeliberationummora
3333 5104 3472 5159 certi
3490 5105 3681 5159 consi-

262 5186 569 5257 cupiditas
603 5190 847 5259 augendi
884 5191 1178 5245 fortunam
1204 5188 1727 5261 suam,praasertim
1756 5190 1914 5261 inge-
2028 5189 2089 5244 lii
2119 5189 2263 5243 nihil
2286 5190 2683 5260 expediretur,
2713 5206 2902 5245 caecus
2927 5191 3355 5259 advena,causa
3379 5198 3676 5249 tantorum

261 5280 433 5330 rente
466 5294 529 5331 se
561 5278 861 5333 crescendi
911 5279 1215 5335 occasione
1263 5283 1319 5335 et
1351 5278 1565 5334 studiis
1611 5278 1916 5335 hominum
2032 5284 2327 5347 motuum,
2362 5279 2657 5334 dimissus
2711 5280 2782 5335 ad
2818 5284 3026 5335 Persas
3068 5280 3235 5353 fugit.
3271 5282 3378 5347 Qui
3410 5298 3581 5353 porro
3612 5298 3679 5335 rx

268 5365 430 5420 ultro
462 5366 533 5421 ad
567 5368 791 5437 majora
830 5368 1321 5438 vocantibus;quo
1352 5372 1613 5439 tempore
1644 5372 1779 5439 quis
1804 5386 1919 5424 non
2032 5369 2329 5425 montanis
2392 5370 2606 5440 pacisci
2669 5386 2803 5424 cum
2837 5370 3055 5425 nostris
3087 5377 3144 5425 et
3175 5388 3386 5426 arcano
3428 5375 3678 5425 tractare

257 5453 688 5525 veniadignam
706 5456 1919 5529 existimetambitionemejusquiregnum
2030 5461 2248 5516 dudum
2285 5466 2605 5531 coeperant,
2638 5460 2674 5515 ii
2711 5460 3028 5530 fcedusjam
3048 5461 3239 5531 palam
3263 5460 3677 5529 icerunt,rece-

256 5561 293 5597 a
337 5543 674 5600 volentibus
708 5545 968 5602 delatum
1004 5564 1119 5602 non
1152 5546 1533 5602 recusaverit?
1564 5547 1712 5612 Quid
1746 5547 1923 5618 igitur
2032 5550 2231 5622 ptique
2262 5550 2322 5605 in
2355 5551 2632 5621 gratiam,
2665 5566 2796 5605 cum
2826 5554 3041 5618 essent,
3076 5555 3141 5604 ut
3166 5550 3306 5616 dixi,
3342 5554 3398 5604 et
3431 5549 3595 5604 multi
3622 5552 3679 5603 et

262 5631 483 5689 attinet
515 5634 686 5691 nobis
717 5638 887 5708 culpa
918 5634 1130 5694 solutis
1173 5635 1256 5691 illi
1291 5634 1510 5693 crimen
1542 5636 1866 5709 impingere
1896 5638 1925 5694 ?
2030 5639 2309 5712 principui
2344 5643 2785 5706 montanorum,
2817 5636 3074 5708 reliquos
3105 5638 3464 5695 inﬁrmiores
3518 5636 3679 5694 illius
