4018 6198
441 288 548 343 643

1740 266 2042 322 GEORGII
2086 265 2548 320 PACHYMEBE
3684 275 3776 332 644

439 413 675 469 ἐκείνους
706 402 1084 478 ἡμερωθέντες
1114 401 1232 458 τοῖς
1273 392 1469 459 ἄλλοις
1515 395 1695 454 κακῶς
1740 389 1831 445 καὶ
1862 389 2086 459 ἀπηνῶς
2119 391 2172 458 Α
2200 387 2290 442 καὶ
2344 390 2372 444 ὁ
2429 387 2696 460 ἀδικήσας
2754 387 3052 466 κερδαίνειν
3128 387 3273 462 δόξοι
3335 391 3644 466 ἀνεχομένης
3698 405 3778 469 τῆς

442 495 860 572 προσεφέροντο,
908 489 1000 544 καὶ
1049 484 1396 572 προσετίμων
1449 481 1670 554 ζημίαις
1710 481 2088 572 γοῦγιρορηταῖς

437 566 527 642 καὶ
564 566 801 656 μείζοσιν
835 579 870 648 ἢ
904 577 1032 632 ὥστ’
1083 576 1312 650 ἐνεγκεῖν
1365 571 1622 633 ἐκείνους,
1654 571 1730 628 Τὸ
1763 566 1808 623 δ’
1841 566 2084 622 ἐλαύνειν

438 675 639 736 ἐκεῖθεν
685 670 1056 745 ἐξορίζοντας,
1124 662 1349 736 ἅσμενοι
1419 658 1476 714 ἂν
1547 659 1620 722 εἷς
1663 656 1930 732 τιμωρίαν
1988 675 2084 728 με·

433 761 623 837 γίστην
683 744 1008 833 πράξοντες,
1064 755 1217 827 ὅμως
1275 748 1587 805 ἐκωλύοντο
1658 751 1956 823 πράττειν,
2007 744 2082 815 μή

435 851 525 905 καὶ
552 849 646 910 τάς
694 846 860 923 ἄκρας
903 845 1144 918 ἐρημοῦν
1201 837 1409 915 ἀνδρῶν
1451 837 1546 902 ¹εάς
1593 837 1767 910 ὁρμὰς
1807 839 1914 890 τῶν
1948 840 2084 910 Πιρ-

440 945 546 994 σῶν
598 940 812 1011 ἀνέχειν
875 932 1205 1006 δυναμένων.
1265 932 1447 986 Ταῦτα
1519 927 1627 1002 ἓρὶ
1674 926 1801 987 τοὺς
1846 927 2086 999 Τρικοιι-

438 1031 640 1089 κιώτας
699 1027 788 1080 καὶ
837 1023 963 1085 τοὺς
1027 1026 1123 1076 τοῦ
1178 1022 1339 1094 ζυγοῦ
1396 1013 1816 1092 διαπραξάμενοι
1875 1011 2083 1086 ἀνεχώ-

441 1139 566 1194 ρουν
601 1116 683 1172 ἐπ’
716 1112 878 1169 οἷ’κων
893 1156 906 1170 .

438 1223 521 1281 ιδ’.
556 1226 744 1284 Ὅπως
777 1220 992 1296 γιετέθη
1027 1219 1054 1272 ὁ
1076 1217 1424 1296 πατριάρχης
1462 1213 1648 1296 μαθὼν
1677 1210 1744 1266 τὰ
1775 1205 2078 1284 συμϐάντα,

769 1287 859 1347 καὶ
893 1292 1039 1352 ὅπως
1069 1291 1160 1344 τὸν
1189 1287 1422 1364 βασιλέα
1451 1287 1742 1364 ἀφώρισεν.

504 1386 574 1438 Τὸ
610 1383 790 1456 μέντοι
823 1383 945 1456 περὶ
995 1382 1088 1435 τὸν
1139 1375 1308 1432 παῖδα
1348 1375 1604 1445 ἰωάννην
1657 1368 1889 1446 συμϐὰν,
1927 1371 2080 1444 μέγι-

434 1494 559 1528 στον
610 1471 666 1526 ὃν
709 1470 744 1541 ἢ
780 1470 917 1524 ὥστε
973 1463 1266 1544 κρυϐῆναι,
1300 1463 1562 1520 ἔκπυστον
1616 1462 1807 1539 γέγονε
1856 1459 1945 1514 καὶ
1996 1463 2077 1530 τῷ

432 1561 764 1637 πατριάρχῃ.
815 1561 876 1617 Ὁ
927 1556 972 1612 δ’
1023 1556 1254 1616 ἀκούσας
1312 1553 1362 1608 ἐν
1424 1550 1579 1623 δεινῷ
1633 1550 1792 1637 ἐτίβει
1838 1549 1936 1616 τήν
1985 1547 2077 1622 ἀγα

431 1635 640 1727 γελίαν,
672 1635 762 1702 καὶ
796 1647 894 1702 οὐκ
933 1649 1080 1719 εἶχεν
1116 1645 1144 1698 ὅ
1174 1665 1225 1696 τι
1257 1642 1346 1696 καὶ
1377 1641 1594 1716 πράξοι,
1645 1635 1769 1692 οὐδὲ
1819 1637 2075 1697 καθεκτὸς

2201 474 2378 548 δίκης.
2433 503 2461 529 ‹‹
2496 479 2570 536 Τὸ
2627 483 2757 553 γοῦν
2819 477 2869 548 ἐξ
2923 481 3109 551 ἡμῶν,
3143 504 3170 530 ‹‹
3205 475 3330 553 ἔφη,
3388 478 3443 534 ἂν
3498 480 3653 554 ἐκείνη
3699 508 3780 542 πε-

2201 565 2477 642 ρίαργοίη,
2511 564 2718 622 δίκαιον
2760 567 3022 643 γίνεσθαι,
3073 569 3148 630 ὡς
3206 566 3263 622 ἂν
3321 573 3398 640 τῷ
3451 571 3560 642 περὶ
3614 573 3778 629 τούτων

2200 658 2515 730 ἀγανακτεῖν
2573 658 2939 730 μισοπόνηροι
2996 656 3320 728 δόξωμεν.»
3377 663 3544 714 Ταῦτα
3600 664 3650 734 [1)
3685 667 3777 740 435]

2195 750 2296 802 τοῦ
2352 745 2697 823 πατριάρχου
2758 745 3012 821 λέγοντος
3079 747 3396 822 ἀπήχθοντο
3457 750 3543 820 μὲν
3597 753 3774 829 οἱπερὶ

2197 836 2399 891 ἐκεῖνον
2463 835 2708 898 ἐκτόπως
2763 836 2854 890 καὶ
2914 836 3246 911 ἀπεστύγουν
3314 837 3380 891 τά
3435 843 3776 915 παπραγμένα,

2196 925 2256 978 τὸ
2288 921 2344 979 δὲ
2371 931 2472 978 πᾶν
2529 923 2612 979 ἐπ’
2668 925 2857 997 ἐκείνῳ
2911 930 3120 988 κεῖσθαι
3180 921 3565 999 διωμολόγουν,
3607 929 3670 990 ὡς
3707 931 3776 984 καὶ

2199 1014 2375 1070 αὐτῶν
2439 1013 2743 1088 ἑψομένων,
2775 1012 2827 1068 εἶ’
2872 1035 2923 1068 τι
2979 1012 3041 1068 ἂν
3085 1013 3274 1086 ἐκείνῳ
3319 1015 3408 1068 καὶ
3460 1011 3613 1085 δόξοι.
3654 1019 3703 1075 Ὁ
3735 1017 3777 1075 δὶ

2196 1103 2374 1177 ὅρκων
2433 1102 2650 1158 ἐκείνων
2705 1103 3131 1173 καταστενάξας,
3197 1103 3288 1158 καὶ
3365 1105 3605 1176 μνησθεὶς
3659 1109 3774 1170 ὅπως

2195 1191 2520 1267 ἐμπεδοῖντο
2550 1193 2639 1248 καὶ
2681 1191 2848 1248 ἄλλοι
2911 1194 2987 1266 μή
3037 1193 3146 1248 οἶοί
3191 1214 3250 1248 τε
3304 1193 3547 1268 πράττειν
3575 1196 3633 1249 τὰ
3658 1197 3775 1268 6pm-

2198 1284 2467 1355 μοσμένα,
2503 1282 2663 1343 αὐτὸς
2707 1281 2770 1336 τὸ
2803 1281 2878 1344 εἷς
2909 1283 3109 1336 ἐκεῖνον
3143 1282 3278 1350 ἧκον
3320 1288 3493 1337 ποιεῖν
3535 1282 3774 1359 ἀνεδέχετο

2197 1371 2380 1444 μόνος.
2415 1370 2570 1440 Πλὴν
2636 1371 2697 1426 οὐ
2752 1374 3083 1443 σωματικῶς
3139 1373 3387 1448 σφάττειν
3443 1372 3614 1445 ᾑρεῖτο
3664 1372 3779 1446 (edat

2190 1461 2290 1536 γάρ
2350 1459 2538 1533 ἄξιον)’
2601 1459 2727 1518 ὅσον
2778 1457 2824 1514 δ’
2871 1461 2972 1530 ἧκε
2999 1461 3137 1514 κατά
3192 1461 3377 1534 ψυχὴν
3429 1463 3677 1537 πράττειν,
3701 1464 3778 1518 οὐκ

2193 1549 2504 1626 ἐρρᾳθύμει.
2557 1550 2634 1607 Τὸ
2666 1547 2714 1603 δ’
2742 1551 2811 1619 ἦν
2842 1549 3058 1611 πάντως
3113 1548 3246 1625 ὅπερ
3292 1547 3382 1604 διὰ
3408 1553 3503 1614 τῆς
3549 1553 3774 1628 μαχαίρας

2188 1645 2285 1695 τοῦ
2334 1639 2640 1712 πνεύματος
2691 1639 2914 1714 γίνεται,
2947 1640 2977 1692 ὅ
3006 1637 3116 1693 ἐστι
3153 1638 3307 1716 ῥῆμα
3354 1644 3504 1694 Θεοῦ⁴
3555 1641 3620 1702 ὡς
3663 1639 3775 1696 διαι-

431 1723 496 1809 in;
528 1739 736 1796 ἀλύων.
780 1736 911 1792 Εἶτα
965 1735 1041 1807 μή
1072 1732 1254 1808 κρίνας
1283 1728 1541 1806 ἀσφαλῶς
1575 1729 1750 1799 ἑαυτῷ
1779 1726 1865 1780 ἐπὶ
1892 1723 2075 1780 τοιαῦ-
2105 1737 2151 1800 Β
2187 1735 2305 1804 μεῖν
2338 1730 2428 1784 τὸν
2458 1727 2602 1799 ἄξιον
2629 1727 2719 1783 καὶ
2763 1729 2854 1784 τὸν
2903 1728 3137 1802 ἀνάξιον,
3169 1730 3257 1788 καὶ
3291 1729 3383 1783 τὸν
3418 1730 3508 1802 μέν
3553 1728 3774 1805 εὐλογεῖν,

429 1849 549 1888 ταις
603 1825 823 1901 πράξεσι
876 1827 1083 1893 σιωπᾷν
1125 1821 1214 1876 καὶ
1272 1821 1348 1893 μή
1393 1818 1652 1888 ἐπεξιέναι
1711 1814 2069 1888 ἐπιτιμῶντα,

426 1915 939 1992 προσκαλεσάμενος
999 1911 1125 1972 τοὺς
1200 1911 1322 1982 περὶ
1387 1907 1551 1963 αὐτὸυ
1619 1905 1925 1982 ἱεράρχας,
1981 1903 2072 1958 καὶ

428 2004 576 2060 δεινά
609 2003 938 2080 σχετλιάσας
998 2001 1060 2055 τὸ
1102 2004 1320 2076 πρῶτον
1370 1997 1443 2059 ὡς
1494 1996 1836 2072 χΑευασΟεὶς,
1867 1993 1956 2049 καὶ
1989 1992 2070 2047 ὅτι

423 2095 586 2167 νόμοι
619 2096 1046 2170 καταφρονοῖντο
1086 2093 1220 2144 Θεοῦ
1271 2085 1361 2142 διὰ
1400 2093 1501 2156 τῆς
1542 2089 1652 2140 τῶν
1693 2083 1870 2158 ὅρκων
1897 2102 2070 2157 παρα-

424 2179 615 2244 ϐασίας
668 2180 1202 2256 ὑπεραγανακτήσας,
1244 2176 1407 2238 τέλος
1457 2175 1507 2229 τί
1563 2172 1645 2229 δεῖ
1690 2178 1864 2228 ποιεῖν
1911 2193 2070 2226 κατε-

427 2272 712 2341 σκέπτετο,
763 2269 836 2330 ὡς
901 2269 975 2341 μὴ
1031 2263 1228 2342 ψεῦδος
1275 2262 1536 2335 ἀληθείας
1592 2263 2070 2337 κατακαυχήσαιτο

433 2473 624 2547 gentis
656 2473 752 2526 ira:
777 2471 1180 2528 ministrorum
1209 2467 1586 2540 imperatoris
1603 2465 2074 2538 objecerunt;qui

433 2580 532 2619 eos
564 2561 770 2616 acerbe
801 2559 1237 2628 crudeliterque
1267 2553 2073 2627 vexarunt,spoliantesinto-

434 2651 753 2707 lerabiliter
781 2649 1112 2716 miseros,et
1138 2645 1336 2701 multa:
1367 2645 1884 2701 nominesummas
1906 2643 2072 2699 abiis

429 2738 1384 2814 pecuniaemajoresextorquentes
1407 2749 1584 2805 quam
1610 2748 1859 2804 quas,ne
1880 2731 2073 2788 vendi-

429 2831 498 2886 lis
529 2829 767 2901 quidem
796 2843 924 2898 quae
959 2825 1253 2880 habebant
1280 2823 1592 2892 universis,
1629 2827 1869 2894 possent
1898 2821 2074 2877 conﬁ-

427 2937 575 2976 cere.
603 2919 721 2974 Nec
756 2917 873 2972 ulla
908 2913 1314 2987 imperatorios
1347 2911 1746 2968 misericordia
1778 2911 1967 2966 tenuit
1998 2911 2071 2965 ah

427 3009 498 3065 iis
555 3005 1025 3064 exterminandis
1075 3007 1133 3059 et
1166 3002 1550 3059 exturbandis
1598 3001 1737 3056 sede
1789 2999 1978 3071 patria
2009 2999 2068 3055 in

425 3098 708 3154 ultionem
770 3095 1104 3152 rebellionis
1139 3109 1153 3148 :
1187 3094 1289 3148 sed
1348 3093 1421 3148 ab
1453 3109 1518 3146 eo
1551 3090 1794 3146 consilio
1841 3088 1942 3144 illa
1971 3105 2070 3144 eos

421 3204 561 3242 cura
607 3184 912 3250 revocavit,
945 3183 1098 3254 quod
1150 3181 1531 3252 providebant
1564 3180 1682 3235 fore
1714 3184 1777 3234 ut
1807 3178 1898 3233 his
1932 3177 2069 3232 inde

2179 1822 2269 1875 τὸν
2321 1817 2368 1873 δ’
2422 1817 2718 1889 ἐκπέμπειν
2765 1820 2864 1886 τῆς
2916 1814 3248 1896 ὁΑομελείας
3291 1821 3388 1873 τοῦ
3437 1818 3665 1892 σώματος
3700 1825 3772 1874 τοῦ

2181 1909 2436 1981 Χριστου.
2498 1909 2678 1964 Ταῦτα
2725 1908 2924 1977 στήσας
2971 1906 3094 1971 καθ’
3142 1905 3354 1974 ἑαυτὸν,
3383 1909 3487 1959 τῶν
3531 1903 3692 1960 ἄλλων
3713 1911 3772 1978 τῷ

2186 1996 2279 2069 μὶν
2315 1992 2508 2067 δικαίῳ
2553 1991 2989 2066 δυσωπουμένων
3022 1994 3103 2065 τῷ
3151 1990 3210 2050 δέ
3263 1988 3480 2069 φοϐερῷ
3525 1993 3772 2050 συστελλο-

2185 2083 2358 2158 μένων
2395 2127 2409 2153 ,
2468 2086 2544 2156 μή
2604 2085 2691 2139 καὶ
2746 2081 3082 2159 ἀνεδέστερον
3141 2083 3546 2159 ἀπεργάσαιντο,
3600 2085 3774 2156 πέμψας

2184 2173 2388 2238 ἐκεῖνος
2431 2175 2543 2248 ἅμα
2589 2194 2647 2228 τε
2694 2171 2914 2250 ἐλέγχει
2959 2168 3306 2243 ἀσεϐτξσαντα
3352 2172 3438 2228 καὶ
3466 2173 3553 2246 ἅμ’
3579 2171 3770 2250 ἐπιφέρει

2179 2263 2277 2332 τήν
2321 2267 2419 2318 τοῦ
2466 2261 2776 2336 πνεύματος
2825 2262 3002 2336 τομὴν
3053 2261 3146 2316 τὸν
3198 2260 3516 2338 ἀφορισμόν.
3560 2258 3770 2318 Ἐνταῦοά

2186 2483 2340 2531 mus,
2402 2467 2503 2522 sed
2564 2466 2771 2522 saltem
2841 2467 3347 2524 demonstratione
3385 2466 3571 2537 aliqua
3593 2463 3770 2535 insigni

2184 2556 2405 2611 mundo
2437 2559 2492 2611 et
2525 2555 2774 2628 posteris
2796 2557 3000 2612 testari
3020 2573 3135 2612 non
3158 2573 3303 2613 sane
3328 2555 3677 2628 probantibus
3695 2558 3770 2609 aut

2182 2645 2569 2701 tolerantibus
2602 2645 2769 2701 nobis
2801 2649 2861 2701 at
2892 2645 3272 2702 vehementer
3301 2644 3705 2717 indignantibus
3728 2647 3770 2698 et

2183 2735 2763 2802 detestantibus,tam
2793 2740 2957 2792 atrox
2977 2735 3172 2792 scelus
3193 2736 3377 2793 fuisse
3399 2737 3764 2809 perpetratum.

2180 2824 2342 2880 Talia
2371 2824 2647 2897 loquente
2679 2825 3010 2896 patriarcha
3031 2825 3459 2882 exhorruerunt
3487 2825 3552 2879 ad
3571 2823 3771 2879 mentio-

2181 2929 2311 2969 nem
2375 2915 2636 2969 fanaticaa
2687 2913 3051 2970 crudelitatis
3082 2915 3184 2986 qui
3221 2916 3460 2970 aderant
3499 2911 3765 2976 antistites,

2181 3003 2459 3075 nulloque
2473 3020 2586 3059 non
2606 3003 2774 3076 signo
2796 3003 3174 3059 declararunt
3196 3003 3518 3060 abominari
3533 3017 3644 3058 sese
3662 3000 3768 3055 totis

2180 3093 2396 3148 animis
2429 3093 2658 3148 facinus
2676 3093 2819 3148 adeo
2851 3093 3230 3148 exsecrabile.
3265 3094 3663 3164 Adjunxerunt,
3689 3090 3766 3144 de-

2179 3187 2439 3238 cerneret
2466 3183 2618 3253 quod
2653 3181 2754 3237 tali
2785 3181 3089 3238 occasione
3119 3183 3211 3238 fas
3242 3186 3299 3238 et
3324 3197 3546 3254 equum
3577 3191 3763 3251 poscere

425 3239 813 3347 pulsis
836 3239 1274 3343 ja'm‘essct‘qui
1303 3273 1449 3342 juga
1476 3270 1597 3335 illa,
1628 3265 2067 3341 propugnacula
2097 3239 2140 3308 Ο
2180 3277 2413 3344 putaret
2448 3239 2978 3343 :lcomprobaturos
3019 3287 3147 3328 sese
3169 3289 3239 3328 ac
3273 3239 3549 3344 pro.virili
3577 3239 3762 3324 secutu-

427 3364 673 3420 Romani
711 3363 931 3429 limitis,
967 3379 998 3416 θ,
1031 3361 1335 3415 Persarum
1367 3359 1603 3415 assidue
1635 3358 1751 3412 illis
1802 3359 2068 3429 partibus

423 3451 837 3507 insidiantium
872 3450 1186 3517 crebroque
1222 3447 1672 3518 irrumpentium
1716 3446 2067 3501 incursioni-

425 3542 536 3596 bus
571 3544 692 3595 tuta
719 3537 1154 3610 prmstaretJlis
1177 3536 1331 3590 circa
1357 3535 1747 3590 Tricocciotas
1768 3540 1820 3591 et
1851 3539 2071 3590 monta-

425 3647 534 3686 nos
570 3629 753 3700 gestis
787 3628 1061 3683 Romana:
1093 3626 1270 3696 copiae
1301 3627 1543 3681 domum
1576 3630 1959 3681 reverterunt.

440 3738 526 3792 14.
565 3737 627 3793 Ut
675 3736 901 3807 affectus
928 3735 1101 3807 fuerit
1133 3733 1451 3804 patriarcha
1481 3732 1672 3788 audita
1711 3735 2069 3790 excwealiane

517 3806 771 3871 Joannis,
796 3815 844 3863 el.
878 3816 936 3862 ut
979 3806 1366 3877 imperatorem
1397 3807 1976 3860 excommunicaverit.

494 3900 777 3954 Caeterum
813 3897 966 3969 quod
1004 3912 1182 3966 puero
1203 3893 1417 3950 Joanni
1443 3895 1935 3964 evenerat,majus
1958 3893 2069 3948 uti-

431 4004 544 4059 que
571 3992 744 4059 atque
775 3985 1030 4041 atrocius
1063 4000 1239 4056 quam
1276 3989 1340 4039 ut
1369 3983 1544 4039 taceri
1579 3986 1869 4055 posset,ad
1895 3999 2068 4039 aures

432 4076 779 4149 patriarchae
829 4091 1066 4146 quoque
1122 4075 1409 4145 perlatum
1443 4074 1596 4130 202
1645 4079 1754 4129 est.
1790 4075 1845 4128 Is
1897 4089 2067 4146 porro

423 4166 630 4221 acerbo
661 4169 1074 4220 consternatus
1106 4163 1315 4218 nuntio
1353 4164 1641 4218 aestuabat
1671 4162 1889 4229 animo,
1923 4162 2065 4233 quid

421 4258 617 4323 ageret
647 4253 934 4314 incertus;
964 4269 1070 4307 nec
1102 4252 1284 4308 teneri
1320 4257 1545 4324 poterat
1575 4251 1720 4323 quin
1743 4268 1806 4306 se
1828 4251 1884 4306 in
1910 4267 2064 4306 cun-

422 4347 515 4397 cta
547 4340 739 4411 palam
781 4340 1208 4396 luctuosissimi
1243 4339 1700 4396 dolorisindicia
1720 4339 2061 4395 effunderet.

422 4430 643 4486 Deinde
701 4433 864 4484 ratus
923 4428 1077 4484 haud
1112 4445 1385 4485 securum
1445 4445 1574 4485 esse
1608 4428 1722 4483 sibi
1755 4445 1933 4501 super
1961 4427 2064 4484 tali

421 4519 676 4574 facinore
706 4518 878 4574 silere
912 4519 1200 4589 necjusta:
1223 4518 1280 4573 id
1307 4517 1836 4574 animadversionis
1858 4517 2061 4574 ulcisci

2177 3378 2294 3416 ros.
2328 3361 2413 3416 Ad
2447 3377 2513 3416 ea
2545 3359 2641 3416 ille
2671 3361 2831 3433 gravi
2865 3377 2933 3416 ex
2959 3359 3075 3416 alto
3107 3361 3537 3432 pectorevducto
3579 3355 3759 3430 gemitu,

2180 3450 2474 3505 recordari
2494 3466 2556 3505 se
2580 3453 2833 3505 testatus
2853 3466 2971 3521 qua
2991 3445 3648 3521 religionejurisjurandi
3666 3457 3763 3500 sese

2176 3555 2381 3595 omnes
2439 3539 2821 3594 astrinxerint
2877 3539 2947 3594 ad
2981 3538 3182 3594 statim
3211 3538 3608 3594 vindicandam
3639 3533 3760 3588 videt

2184 3643 2360 3683 manu
2417 3627 2745 3698 perfidiam,
2781 3627 2839 3682 in
2875 3631 3004 3684 utro
3061 3629 3461 3699 Augustorum
3510 3624 3760 3681 exsisteret

2176 3719 2341 3773 alteri
2367 3723 2569 3773 contra
2598 3723 2764 3789 pacta
2786 3723 3069 3774 conventa
3099 3719 3374 3775 insidiari
3395 3734 3459 3774 ac
3481 3714 3701 3789 grassari
3721 3712 3765 3766 in

2175 3808 2424 3863 alterum
2447 3807 3267 3880 audente,addidit,quoniam
3294 3810 3585 3880 appareret
3602 3804 3762 3859 deesse

2175 3896 2512 3952 facultatem
2570 3897 2796 3954 caeteris
2846 3897 3045 3966 jurata
3074 3896 3453 3968 exsequendi,
3487 3911 3544 3950 se
3570 3891 3759 3964 quidem

2174 3987 2329 4059 quod
2353 3991 2508 4042 esset
2535 3985 2594 4040 in
2627 4001 2689 4042 se
2719 3986 3035 4042 facturum.
3071 3986 3197 4042 Non
3231 3986 3561 4041 stricturum
3606 3985 3759 4037 autem

2178 4073 2516 4130 sensibilem
2550 4073 2811 4147 gladium
2837 4075 2896 4128 in
2920 4091 3135 4146 corpus
3160 4090 3228 4130 ac
3249 4073 3518 4146 jugulum
3541 4064 3759 4138 sacrilegi

2173 4165 2352 4236 (haud
2387 4164 2542 4220 enim
2577 4165 2631 4219 id
2667 4164 2778 4220 sibi
2803 4164 3156 4232 convenire),
3190 4165 3291 4220 sed
3324 4165 3474 4235 quod
3505 4177 3610 4216 suze
3637 4162 3756 4230 pote-

2173 4253 2341 4308 statis
2366 4254 2532 4320 foret,
2591 4252 2833 4308 minime
2866 4256 3285 4308 cunctaturum
3316 4243 3757 4323 exsequi,utendo

2170 4341 2364 4415 gladio
2418 4343 2688 4415 spiritus,
2747 4343 2900 4413 quod
2959 4346 3050 4398 est
3078 4344 3326 4398 verbum
3379 4341 3525 4397 208
3569 4331 3753 4399 Dei,“

2171 4431 2550 4488 dividendum
2593 4433 2822 4504 justum
2849 4431 2920 4488 ab
2953 4431 3154 4503 impio,
3189 4435 3249 4488 et
3279 4429 3363 4486 illi
3395 4429 3614 4503 quidem
3641 4424 3754 4478 bene

2171 4521 2530 4593 precandum
2595 4520 2750 4576 hunc
2810 4537 2944 4576 vero
3005 4519 3467 4576 abscindendum
3521 4509 3752 4572 aChristi

419 4607 698 4675 vindicta,
727 4607 1060 4664 convocatis
1091 4608 1187 4678 qui
1223 4608 1293 4663 ad
1328 4625 1568 4664 manum
1597 4612 1761 4663 erant
1797 4606 2059 4680 presuli-
2093 4607 2136 4673 D
2173 4625 2432 4682 corpore.
2491 4614 2625 4666 Haec
2655 4626 2718 4665 se
2765 4609 2934 4681 plane
2969 4611 3156 4666 facere
3187 4608 3510 4664 decrevisse
3536 4619 3648 4660 cum
3675 4597 3749 4653 ille

415 4697 554 4763 bus,
586 4698 836 4768 graviter
866 4713 1231 4768 conquerens
1264 4698 1520 4768 primum
1541 4713 1605 4754 se
1625 4697 1897 4753 delusum
1933 4697 2061 4752 irri-

419 4802 668 4857 sumque
726 4790 844 4840 tum
900 4786 1048 4841 {cede
1095 4791 1462 4859 contemptae
1507 4787 1605 4844 Dei
1656 4786 1814 4859 leges
1839 4785 2060 4842 nefaria

419 4873 730 4930 violatione
781 4875 1279 4945 juramentorum,
1333 4875 1745 4948 indignitatem
1782 4875 2057 4931 horrendi

416 4962 618 5031 flagitii
653 4962 1043 5033 exaggeravit;
1077 4979 1141 5017 ac
1181 4963 1436 5035 denique
1454 4963 1896 5019 deliberandum
1928 4981 2059 5036 pro-

419 5051 617 5123 posuit
673 5052 810 5123 quid
874 5051 977 5108 tali
1033 5054 1337 5110 occasione
1368 5070 1431 5109 se
1461 5054 1650 5110 facere
1689 5053 1936 5119 deceret,
1988 5071 2060 5111 ne

423 5143 672 5196 mendax
693 5142 934 5214 perfidia
951 5142 1023 5198 de
1047 5143 1386 5199 conculcata
1408 5143 1649 5200 veritate
1670 5143 1912 5214 impune
1934 5144 2058 5216 glo-

415 5231 694 5302 riaretur,
727 5247 865 5287 neve
896 5237 1198 5303 grassator
1227 5232 1643 5304 iniquissimus
1676 5231 2058 5304 opimo,quod

413 5320 844 5376 immanissima
877 5321 1156 5392 rapuerit,
1190 5321 1377 5392 spolio
1407 5321 2059 5390 gauderet,connivente

405 5409 640 5480 justitia
698 5408 894 5464 divina
927 5429 940 5479 ;
996 5426 1123 5478 qua:
1155 5409 1204 5465 si
1235 5410 1382 5479 suis,
1417 5414 1480 5464 ut
1511 5409 1860 5482 plerumque
1888 5411 2056 5484 solet,

410 5497 800 5570 incompertis
846 5498 1106 5554 humano
1148 5499 1381 5571 ingenio
1439 5497 1702 5556 consiliis
1731 5504 2056 5570 cunctetur,

411 5591 612 5644 tamen
633 5587 854 5646 nostris
883 5603 1013 5647 esse
1031 5588 1211 5654 ofﬁcii
1223 5605 1340 5647 non
1361 5587 1653 5662 negligere
1674 5590 1830 5662 quod
1848 5606 2058 5664 possu-

2170 4697 2586 4769 signiﬁcasset,
2640 4697 2772 4754 aliis
2829 4699 2903 4754 ob
2937 4698 3313 4754 manifestam
3347 4696 3425 4752 rei
3469 4692 3748 4765 aequitatem

2171 4788 2506 4858 improbare
2532 4805 2645 4844 non
2675 4787 3054 4853 audentibus,
3086 4792 3144 4842 et
3173 4793 3390 4843 terrore
3406 4788 3583 4840 tamen
3625 4773 3746 4833 haud

2170 4877 2348 4934 dubio
2372 4877 2694 4945 concussis,
2718 4893 2790 4933 ne
2820 4876 2966 4932 diris
2997 4893 3202 4934 omnes
3234 4864 3750 4948 suppliciis,satelli-

2170 4967 2332 5022 tibus
2362 4965 2433 5021 ab
2450 4965 2678 5022 irritato
2702 4965 3093 5022 anathematis
3117 4964 3438 5038 ignominia
3456 4959 3747 5030 imperatore

2170 5055 2482 5125 immissis,
2543 5055 3010 5128 conciderentur,
3071 5054 3399 5128 patriarcha
3425 5045 3742 5124 pronuntiato

2170 5145 2365 5218 palam
2419 5149 2479 5201 et
2537 5145 2748 5202 merita
2785 5146 3094 5203 severitate
3146 5145 3448 5217 objurgato
3498 5129 3742 5218 Michaelis

2169 5216 2417 5309 Augusti
2443 5235 3178 5310 scelere,ipsum,legitima
3205 5216 3424 5308 prolata
3444 5216 3740 5298 talisjudicii

2169 5329 2743 5401 formula,spirituali
2776 5328 3034 5385 sectione
3067 5346 3102 5384 a
3130 5325 3528 5383 communione
3554 5313 3736 5373 Christo

2167 5418 2528 5473 credentium
2563 5417 2670 5473 rite
2703 5421 2945 5474 resecat.
2978 5416 3110 5472 Fuit
3137 5416 3191 5470 in
3228 5414 3396 5470 modo
3437 5427 3498 5466 ac
3535 5405 3736 5463 circnm-

2168 5505 2387 5562 stantia
2418 5507 2672 5579 quadam
2703 5507 2884 5579 hujus
2915 5506 3051 5562 facti
3083 5504 3237 5578 quod
3263 5504 3395 5574 jure
3423 5497 3542 5571 quis
3582 5502 3736 5561 rePN‘

2168 5595 2476 5654 henderet:
2529 5597 2632 5654 sed
2676 5612 2784 5655 nec
2837 5596 3026 5653 defuit
3073 5593 3224 5667 quod
3272 5593 3342 5650 ad
3371 5583 3730 5648 excusationem
