4018 6198
252 295 355 350 645

1321 294 1418 347 DE
1456 289 1831 346 MICHAELE
1870 284 2317 345 PALEOLOGO
2353 290 2488 343 LIB.
2530 293 2627 344 III.

3556 297 3665 354 646

250 439 330 479 τις
356 417 449 472 καὶ
494 417 774 490 μέμψαιτο
828 420 942 476 τοῖς
989 413 1268 489 γεγονόσιν
1302 415 1376 475 ὡς
1406 413 1468 468 οὐ
1516 413 1653 467 κατᾶ
1700 410 1902 485 τρόπον
1931 412 1986 478 Α
2016 431 2097 464 σιν
2144 412 2170 464 ὁ
2222 416 2456 484 κρατῶν,
2515 412 2604 466 καὶ
2660 412 2837 467 πόπον
2899 412 3082 478 διδοὺς
3129 421 3206 488 τῷ
3255 415 3450 492 δικαίῳ
3504 423 3665 495 θυμῷ

253 505 494 582 γεγονόσι
532 551 547 575 ,
614 504 703 559 καὶ
782 504 1337 580 ὕπεραπολογήσαιτο
1409 507 1517 557 τῶν
1592 502 1911 575 παρξάντων

251 596 411 667 πάλιν
476 596 551 655 ὡς
613 595 717 647 οὐκ
775 592 960 655 ἄλλως
1020 598 1194 646 ποιεῖν
1258 591 1519 667 ἐχόντων.
1556 590 1658 646 Καὶ
1814 588 1908 660 μὲν

259 666 484 758 μέμψις,
529 682 613 737 ὅτι
660 682 769 743 θεὶς
812 681 904 734 τὸν
955 678 1151 753 δεσμὸν
1209 678 1375 757 ἐφῆκε
1422 685 1538 731 τοῖς
1569 682 1665 731 τοῦ
1698 676 1910 750 κλήρου

252 772 483 847 ψάλλειν
524 770 729 826 ἐκείνου
779 771 965 844 χάριν,
1018 769 1156 823 ὥστε
1209 770 1260 823 οἱ
1309 768 1400 822 καὶ
1445 771 1726 822 κοινωνεῖν
1773 764 1914 819 ἐκεί-

251 883 378 923 νους
435 859 527 914 διά
581 864 687 913 τῶν
749 860 910 932 ἱερῶν
971 857 1229 927 τελετῶν,
1290 857 1453 917 αὐτός
1508 876 1567 909 τε
1616 855 1711 915 τὰς
1768 853 1914 925 ἱερὰς

253 951 427 1007 ἐτέλει
484 948 889 1024 μυσταγωγίας,
946 946 1026 1006 ἐφ’
1075 949 1159 1007 αἶς
1210 948 1274 1014 ἦν
1331 942 1615 1020 ἀριδήλως
1663 943 1757 998 τὸν
1802 940 1913 995 δεσ-

257 1046 390 1111 μοῖς
450 1041 841 1109 πνευματικοῖς
912 1034 1279 1108 κατεχόμενον
1359 1032 1786 1106 μνημονεύσθαι.
1849 1030 1912 1085 Ἡ

252 1128 300 1183 δ’
332 1128 424 1183 ἐπὶ
456 1127 673 1187 τούτοις
717 1125 1015 1199 ἀπολογία,
1066 1124 1149 1177 ὅτι
1201 1122 1486 1197 αὐτάρκως
1535 1121 1653 1195 εἶχε
1682 1118 1916 1191 τοιούτῳ

254 1218 544 1289 προσώπῳ
570 1216 638 1269 τὰ
664 1221 764 1283 τῆς
796 1213 1193 1283 ἐπιτιμήσεως,
1247 1212 1320 1273 ὡς
1350 1210 1393 1265 εἷ
1424 1209 1513 1264 καὶ
1563 1208 1915 1281 προσετίθετο

252 1307 460 1375 πλέον,
512 1301 836 1359 κινδυνεύειν
888 1301 1254 1377 συγκεχύσθαι
1303 1300 1371 1355 τὰ
1416 1301 1591 1353 πάντα
1638 1297 1776 1351 κατὰ
1822 1296 1915 1349 τὸν

253 1390 693 1467 Ἐμπεδόκλειον
745 1397 1005 1466 σφαῖροθ,
1059 1390 1148 1445 καί
1184 1412 1237 1445 τι
1284 1389 1374 1443 καὶ
1422 1388 1736 1463 παράλογον
1779 1406 1915 1461 προ-

253 1480 548 1554 ϐῆναιτοῦ
604 1481 874 1556 βασιλέως
917 1477 1404 1542 άπαυθαδίσαντος.
1461 1477 1522 1532 Εἰ
1571 1476 1672 1549 γάρ
1728 1472 1920 1549 δυσχε-

255 1577 350 1651 ρὲς
391 1572 555 1648 μέγαν
606 1572 751 1626 οἶκον
807 1570 1001 1644 μικράν
1064 1566 1354 1642 δυστυχίαν
1409 1564 1682 1641 δέχεσθαι,
1739 1567 1916 1639 ὥσπερ

251 1664 351 1719 καὶ
391 1663 584 1737 μικρὸν
623 1660 894 1735 μεγάλην,
928 1656 1054 1713 ἀλ)’
1087 1656 1178 1711 οὖν
1210 1658 1274 1712 τὸ
1304 1658 1402 1725 τὴν
1441 1654 1689 1729 μεγάλην
1723 1651 1920 1707 δυστυ-

254 1753 399 1827 γίαν
454 1756 535 1823 τῷ
597 1749 834 1824 μεγίστῳ
888 1746 1023 1819 ο”κῳ
1072 1745 1489 1800 ἐπεισπεσοῦσαν
1544 1745 1618 1816 μὴ
1676 1743 1810 1796 κατὰ
1856 1741 1919 1795 τὸ

256 1843 416 1905 εἰκὸς
482 1840 923 1913 ἐκμειλιχθεῖσαν
978 1836 1293 1913 καθυφιὲναι
1346 1842 1448 1903 τῆς
1508 1832 1767 1902 ἀπηνείας
1816 1832 1920 1886 οὐκ

258 1932 436 2006 ὀλίγα
508 1930 736 2005 βλάψειν
794 1925 903 1985 ἂν.
981 1922 1275 1987 Οἶδίποδες
1345 1928 1512 1978 ταῦτα
1583 1922 1672 1975 καὶ
1746 1923 1917 1975 θοῖναι

260 2021 509 2076 Θυέστου
538 2017 626 2071 καὶ
658 2017 859 2071 πλάνοι
901 2012 1197 2069 Ὀδύσσειοι
1251 2012 1712 2088 μαρτυρήσουσιν.
1764 2009 1922 2066 Οὕτω

261 2111 368 2183 μὲν
418 2107 511 2162 οὖν
558 2110 656 2160 τοῦ
709 2104 1055 2179 πατριάρχου
1113 2101 1475 2174 μετελθόντος
1515 2102 1575 2154 τὸ
1622 2100 1717 2153 τοῦ
1770 2100 1923 2173 βασι-

254 2198 411 2261 λέως
440 2194 714 2269 τόλμημα
738 2240 753 2268 ,
785 2192 920 2247 ἑκὼν
958 2193 1032 2265 μὴ
1067 2190 1240 2246 θὲλων
1276 2188 1495 2265 δὲχεται
1524 2189 1626 2258 τὴν
1660 2187 1924 2261 ἐπιτίμη-

256 2402 477 2455 contra
503 2395 766 2453 vicissim
790 2393 1148 2466 allegaretur
1174 2407 1276 2463 pro
1303 2390 1385 2445 sic
1408 2388 1743 2461 agentibus,
1767 2386 1923 2456 quod

255 2490 439 2545 aliter
466 2487 561 2541 vix
604 2489 862 2558 possent.
913 2484 1351 2553 Inconsequens
1381 2478 1563 2534 videri
1600 2476 1789 2550 potuit
1824 2492 1925 2546 pa-

256 2576 617 2646 triarcham,
651 2572 1156 2630 excommunicato
1194 2569 1545 2626 nominatim
1576 2567 1927 2637 imperatore

255 2666 632 2739 permittere,
648 2662 1149 2735 quemadmodum
1169 2659 1320 2729 fecit,
1338 2658 1565 2713 clericis
1592 2660 1655 2711 ut
1676 2669 1925 2710 consue-

254 2760 359 2812 tas
394 2771 497 2826 pro
546 2770 612 2809 eo
647 2768 848 2824 preces
896 2751 1090 2822 palam
1141 2750 1197 2803 iu
1252 2749 1428 2802 choro
1481 2743 1929 2817 pronuntiarent

256 2846 436 2917 (nam
472 2843 581 2899 hoc
612 2847 737 2897 erat
758 2841 919 2913 ipsos
950 2856 1080 2893 cum
1103 2856 1168 2894 eo
1200 2838 1257 2892 in
1282 2836 1466 2892 sacris
1489 2832 1928 2891 communicare

253 2934 367 3006 qui
403 2951 435 2987 a
467 2932 880 2987 communione
906 2926 1456 2997 abscissusfuerat),
1483 2929 1609 2979 tum
1651 2926 1930 2993 praeterea

256 3022 671 3095 patriarcham
721 3020 919 3091 ipsum
971 3033 1075 3089 per
1105 3034 1167 3073 se
1214 3017 1442 3088 operari
1477 3013 1557 3069 rei
1604 3014 1833 3078 divinas,
1867 3010 1927 3064 in

258 3129 389 3184 qua
406 3110 633 3166 sciebat
652 3109 971 3164 honorifice
991 3105 1438 3162 memorandum
1458 3119 1589 3158 eum
1616 3117 1790 3173 quem
1816 3097 1931 3154 diri

1949 1793 1997 1858 B

2017 498 2315 574 ἡσύχαζεν,
2369 497 2495 555 οὕτε
2549 502 2899 577 μεμφόμενος
2945 503 3030 576 (οὐ
3086 504 3185 579 γάρ
3236 507 3287 559 οἱ
3334 509 3524 580 ἀξιον),
3572 514 3663 565 καὶ

2016 590 2081 643 τά
2135 594 2232 654 τῆς
2292 591 2536 664 πράξεως
2593 592 2666 652 ὡς
2728 592 2872 665 εἶχεν
2942 593 3284 669 ἀπελογεῖτο.
3361 598 3551 670 Ὅμως
3610 601 3661 655 ἐν

2018 678 2275 755 ἀφύκτοις
2329 679 2432 733 οὐκ
2485 681 2691 753 ἀγνοῶν
2769 684 3144 757 κατεχόμενος
3213 683 3393 759 ἡρέμα
3456 685 3669 765 διέφερε

2018 769 2116 836 τὴν
2165 768 2354 843 ὀργὴν,
2416 768 2503 822 καὶ
2562 771 2747 843 καιρὸν
2808 771 3094 843 μετανοίας
3148 772 3325 844 ἐζήτει
3386 775 3541 851 ssc/cf)
3572 780 3670 846 τὴν

2022 858 2373 931 συγχώρησιν
2435 855 2678 930 δέξασθαι
2716 903 2727 915 .
2798 859 3031 930 Ἠλπιζε
3098 863 3200 937 γάρ
3252 864 3325 925 ὡς
3377 863 3421 918 εἷ
3473 869 3666 942 μικρὸν

2020 947 2325 1020 ἡσυχάσας,
2360 948 2470 1001 εἶτα
2503 952 2839 1023 μεταγνῶναι
2889 947 3044 1020 δόξας
3099 953 3198 1020 τήν
3258 952 3411 1007 λύσιν
3446 957 3664 1027 ζητοίη,

2020 1033 2206 1108 ἕψεταί
2238 1036 2290 1088 οἱ
2321 1037 2626 1111 παραυτίκα
2654 1037 2743 1091 καὶ
2776 1040 2809 1107 ἡ
2844 1040 3219 1116 συγχώρησις.

2026 1161 2091 1197 ιε.
2126 1142 2313 1203 Ὅπως
2347 1138 2436 1196 διὰ
2464 1146 2567 1220 τῶν
2618 1146 2888 1220 τριηρεων
2938 1144 3306 1220 ᾑνδραγάθουν
3343 1151 3368 1203 ὁ
3400 1155 3496 1205 τοῦ
3544 1149 3667 1206 στόι

2465 1213 2564 1268 λου
2596 1213 2694 1284 τῆς
2726 1213 3218 1288 Ῥιομαῖδοςλαός.

2096 1301 2158 1373 [Ρ
2196 1302 2314 1371 136]
2349 1300 2569 1372 Ἀμέλει
2617 1322 2700 1356 τοι
2749 1309 2838 1356 καί
2888 1306 3079 1378 μικρὸν
3104 1304 3347 1379 ἐπισχὼν
3394 1307 3460 1361 τὰ
3504 1308 3668 1363 αὐτοῦ

2024 1384 2301 1462 ἔπραττεν.
2352 1395 2404 1442 Ὁ
2437 1388 2483 1443 δ’
2513 1391 2603 1445 οὗν
2666 1392 2764 1460 σὴς
2814 1397 2911 1447 τοῦ
2970 1390 3275 1456 συνειδότος
3336 1396 3409 1458 ὡς
3474 1396 3660 1451 ὀστέον

2024 1480 2124 1546 τήν
2171 1475 2394 1553 καρδίαν
2430 1474 2703 1550 εϐόσκετο,
2750 1481 2839 1535 καὶ
2882 1484 3135 1545 ταπεινὸς
3194 1483 3390 1555 ἐδόκει,
3444 1484 3541 1539 κᾶν
3588 1486 3667 1559 τῷ

2026 1562 2246 1641 σοϐαρῷ
2302 1574 2402 1635 τῆς
2463 1567 2740 1641 βασιλείας
2798 1568 3040 1643 αἶ’ρεσϐαι
3099 1573 3441 1648 προύνοεῖτο,
3488 1573 3567 1652 ἐφ’
3627 1580 3672 1647 ᾦ

2032 1657 2107 1729 μὴ
2152 1656 2661 1734 καταφρονούμενος
2713 1659 2802 1712 καὶ
2833 1664 2937 1713 τῶν
2996 1660 3301 1737 ἀναγκαίων
3357 1664 3670 1739 ἀποτυγχά-

2026 1766 2127 1800 νοι.
2161 1746 2235 1802 Τὸ
2292 1750 2419 1820 γοῦν
2478 1747 2729 1802 ναυτικὸν
2791 1747 2967 1817 ἔπλει,
3028 1751 3116 1803 καὶ
3176 1752 3227 1804 αἱ
3257 1755 3502 1828 τριήρεις
3556 1761 3675 1818 ταῖς

2030 1836 2223 1903 νήσοις
2270 1836 2665 1911 προσίσχουσαι
2726 1838 2827 1891 οὐκ
2866 1837 3059 1913 ὀλίγας
3106 1838 3323 1895 ἐκείνων
3356 1843 3547 1916 ᾕρουν,
3579 1844 3670 1898 καὶ

2032 1926 2337 1998 παραυτίκα
2394 1926 2448 1979 αἱ
2505 1925 2733 1981 ἁλοῦσαι
2792 1933 3052 2003 φρουροῖς
3109 1928 3477 2006 ἠσφαλίζοντο
3510 1977 3523 2001 ,
3583 1933 3672 1987 καὶ

2034 2011 2328 2084 Ῥωμαίοις
2408 2018 2786 2088 προσεκτῶντο
2854 2016 2906 2069 αἱ
2961 2014 3210 2079 Λατίνοις
3295 2014 3671 2075 δουλεύουσαι.

2032 2099 2119 2169 Ἐξ
2174 2098 2247 2153 ὧν
2304 2098 2637 2174 ἁλισκομένη
2702 2104 2795 2175 μὲν
2850 2100 3083 2178 ἔγνωστο
3132 2106 3321 2177 Νάξος,
3372 2108 3673 2182 αἱρουμένη

2035 2186 2092 2242 δὲ
2138 2190 2317 2263 Πάρος
2367 2190 2619 2264 ἠκούετο,
2676 2194 2764 2247 καί
2814 2192 2966 2257 Κέως
3023 2194 3112 2248 καὶ
3171 2194 3444 2271 Κάρυστος
3505 2198 3677 2271 Ὠρεῷ

2036 2385 2147 2441 bus
2179 2387 2566 2457 prmcipitatos
2598 2390 2833 2461 injuriis
2880 2396 2998 2447 tota
3030 2394 3297 2465 queritur
3336 2395 3679 2466 antiquitas,

2035 2478 2525 2547 responsantibus
2544 2478 2836 2551 hodieque
2855 2483 3093 2552 tragicis
3116 2484 3329 2539 scenis.
3356 2488 3683 2556 Itaque‘pa-

2036 2564 2300 2621 triarcbae
2334 2584 2488 2623 nunc
2522 2584 2755 2639 quoque
2788 2570 2958 2626 istius
2992 2588 3112 2626 suae
3147 2574 3567 2629 moderationis
3590 2574 3685 2630 hic

2037 2654 2262 2711 fructus
2292 2656 2574 2724 constitit,
2611 2663 2675 2712 ut
2722 2658 3042 2731 imperator
3072 2677 3245 2717 suum
3280 2662 3509 2718 facinus
3541 2681 3685 2718 ana-

2037 2745 2294 2800 themate
2324 2744 2450 2801 diro
2473 2746 2828 2802 vindicatum
2856 2753 2957 2803 aut
2984 2749 3185 2805 tulerit
3210 2756 3309 2806 aut
3334 2751 3481 2807 ferre
3501 2752 3683 2807 simu-

2036 2833 2242 2889 laverit
2265 2836 2572 2905 patienter,
2594 2853 2659 2890 ac
2683 2838 2882 2893 volens
2909 2837 3114 2894 nolens
3139 2841 3436 2895 submissa
3453 2841 3683 2895 ferienti

2038 2925 2279 2994 cervice,
2312 2924 2460 2979 dans
2486 2926 2672 2980 locum
2699 2926 2873 2995 justas
2899 2928 3018 2997 iraa,
3050 2928 3356 2998 quieverit,
3382 2946 3496 2983 non
3522 2946 3685 2983 mur-

2042 3029 2283 3069 murans
2316 3014 2385 3069 de
2417 3031 2609 3085 pmna,
2642 3016 2741 3069 sed
2769 3015 2985 3070 factum
3021 3022 3080 3070 ut
3115 3020 3339 3087 poterat
3359 3033 3643 3073 excusans
3670 3034 3683 3072 :

2040 3118 2171 3156 cum
2208 3102 2364 3157 enim
2398 3119 2511 3156 non
2538 3104 2832 3175 ignoraret
2853 3104 2987 3158 talis
3018 3120 3080 3159 se
3102 3111 3464 3177 compertum
3489 3106 3686 3162 crimi-

258 3161 1281 3257 an—athematisvinculis—irretissct.
1317 3194 1529 3249 Verum
1556 3161 1779 3246 ad‘haac
1811 3188 1925 3244 dici
1960 3161 2001 3227 C
2046 3191 2134 3244 nis
2158 3192 2306 3261 quod
2336 3190 2497 3245 nulla
2519 3161 2662 3247 satis
2680 3196 2875 3263 posset
2894 3161 3408 3261 defensionellilui,
3444 3196 3685 3264 siquam

264 3295 473 3365 potest
494 3288 903 3344 meritovisum
929 3286 1196 3340 sufﬁcere
1225 3284 1433 3339 debere
1466 3284 1525 3337 in
1549 3281 1654 3336 tali
1683 3295 1933 3351 persona

268 3380 654 3437 severitatem
680 3374 1227 3442 animadversionis,
1253 3389 1383 3444 quas
1406 3371 1627 3441 aliquid
1647 3386 1676 3425 e
1698 3384 1932 3425 summo

268 3471 480 3541 rigore
512 3467 835 3522 remitteret
859 3482 871 3521 :
898 3463 1219 3535 periculum
1256 3460 1410 3517 enim
1441 3461 1645 3529 fuisse,
1680 3474 1750 3513 ne
1772 3456 1822 3513 si
1848 3454 1934 3511 vel

270 3554 618 3629 pauxillum
672 3551 807 3624 plus
857 3550 1193 3607 acerbitatis
1237 3548 1659 3603 admisceretur
1708 3546 1939 3616 negotio

268 3662 390 3718 per
410 3659 474 3699 se
492 3643 938 3709 odioso,cuncta
960 3639 1158 3695 statim
1177 3639 1407 3693 modico
1433 3635 1799 3692 momentoin
1819 3651 1941 3707 per-

274 3732 503 3789 niciem
525 3729 884 3803 praacipitata
902 3728 1422 3792 contunderentur,
1443 3724 1942 3797 quemadmodum

272 3826 340 3879 in
410 3818 799 3893 Empedocleo
831 3818 1213 3889 contingebat
1269 3816 1461 3888 globo,
1521 3832 1696 3887 quem
1756 3814 1944 3869 ventis

280 3910 645 3982 compressis
676 3913 733 3964 et
772 3907 981 3980 sopitis
1014 3906 1219 3962 fastum
1253 3906 1301 3961 si
1335 3906 1469 3977 quis
1516 3904 1948 3976 imprudentius

279 4002 709 4065 contrectaret,
743 4014 810 4052 ex
835 4014 901 4052 eo
928 4000 1169 4068 repente
1199 3995 1461 4068 procella
1485 3994 1773 4049 immanes
1803 4010 1951 4048 cun-

276 4097 387 4146 cta
421 4089 537 4144 late
568 4090 1033 4158 conquassantes
1063 4086 1472 4157 erumpebant.
1507 4084 1652 4139 Nam
1685 4100 1800 4154 quo
1834 4100 1949 4138 non

278 4184 419 4235 erat
439 4176 761 4233 verisimile
785 4177 1019 4248 prodire
1041 4174 1431 4231 immanitatis
1454 4189 1626 4245 posse
1648 4172 1951 4228 elI‘eratum

278 4267 477 4324 nimis
509 4266 629 4321 acri
662 4263 1037 4329 contumelia,
1070 4262 1413 4319 irritabilem
1448 4261 1693 4333 alioqui,
1726 4262 1797 4315 ad
1831 4261 1952 4315 haec

278 4373 547 4414 summa
580 4354 889 4427 potestatis
928 4352 1041 4407 sibi
1074 4353 1372 4406 conscium
1420 4350 1793 4420 imperatoris
1824 4349 1953 4404 ani-

282 4463 487 4513 mum,
517 4443 611 4500 cui
645 4442 893 4499 tenendo
925 4443 1065 4496 dum
1089 4439 1417 4496 vehementi
1441 4440 1763 4510 cupiditate
1787 4455 1952 4510 rape-

2038 3279 2201 3334 intus
2233 3279 2293 3334 in
2327 3280 2527 3335 animo
2577 3281 2857 3337 adversus
2887 3281 3267 3338 ulciscentem
3298 3284 3444 3339 iram
3480 3302 3691 3340 conce-

2042 3368 2148 3440 pit,
2181 3369 2427 3441 prodere
2458 3369 2662 3425 saltem
2713 3370 2963 3441 distulit,
2997 3371 3055 3426 in
3090 3389 3344 3444 prmsens
3377 3378 3688 3430 contentus

2039 3456 2157 3511 leui
2182 3472 2480 3528 responso,
2507 3458 2761 3529 spatium
2778 3459 2845 3512 ad
2871 3460 3267 3530 paenitentiam
3293 3478 3547 3533 poscere,
3574 3479 3690 3532 qua

2046 3546 2366 3617 promereri
2398 3547 2627 3601 veniam
2660 3552 2877 3618 posset,
2912 3548 2995 3602 sic
3024 3564 3222 3603 secum
3257 3551 3547 3606 subducta
3570 3550 3693 3623 spei

2048 3651 2114 3689 ac
2154 3635 2449 3691 rationum
2483 3652 2737 3705 summa,
2773 3641 2906 3707 post
2935 3637 3165 3693 brevem
3191 3639 3449 3695 obnoxia:
3481 3639 3696 3711 quietis

2051 3740 2291 3790 moram,
2330 3725 2378 3779 si
2428 3724 2731 3795 velutjam
2766 3726 2920 3781 datis
2951 3728 3097 3782 satis
3147 3726 3477 3783 illustribus
3510 3730 3697 3800 poeni-

2050 3814 2246 3867 tentiae
2290 3831 2407 3869 suae
2452 3814 2635 3884 signis
2710 3814 3243 3871 reconciliationem
3294 3822 3535 3888 peteret,
3585 3817 3704 3871 voti

2053 3901 2252 3956 statim
2280 3918 2341 3957 se
2363 3906 2694 3973 compotem
2725 3903 3013 3971 futurum,
3062 3904 3279 3976 quippe
3308 3922 3438 3960 mox
3470 3906 3539 3959 ab
3565 3921 3705 3960 exo-

2054 3990 2198 4046 ratis
2218 3992 2571 4063 praesidibus
2591 4008 2892 4047 sacrorum
2911 3992 3160 4050 libenter
3182 3994 3702 4067 redintegrandum

2054 4079 2112 4134 in
2147 4086 2367 4136 statum
2400 4081 2741 4151 pristinum.

2093 4190 2179 4245 15.
2214 4190 2276 4247 Ut
2302 4189 2531 4245 navales
2562 4191 2935 4245 Romanorum
2980 4190 3155 4259 copiae
3183 4191 3503 4247 triremibus
3535 4190 3671 4248 bene

2659 4277 2775 4315 rem
2810 4264 3099 4331 gesserint.

2132 4352 2245 4405 Hoc
2280 4349 2525 4405 consilio
2556 4364 2617 4404 se
2648 4349 2843 4421 ipsum
2878 4350 3155 4406 cohibens
3185 4350 3531 4423 aliquandiu
3567 4370 3709 4409 suas

2059 4442 2170 4497 sibi
2206 4442 2473 4513 privatim
2508 4456 2600 4495 res
2632 4440 2861 4511 habuit,
2888 4440 3029 4495 lucti
3062 4440 3403 4513 indulgens,
3436 4459 3570 4499 vero
3602 4444 3714 4498 for-

278 4539 478 4596 retur,
530 4530 803 4585 inﬁrmos
850 4545 980 4584 esse
1031 4528 1392 4583 verecundia
1451 4526 1743 4583 cancellos
1773 4533 1949 4597 atque
1981 4517 2028 4582 D
2062 4539 2213 4587 (asse
2245 4530 2463 4597 dolore,
2499 4546 2672 4601 quem
2704 4530 2906 4601 utique
2937 4531 3150 4585 vermis
3194 4532 3594 4601 conscientiae,
3626 4539 3712 4586 te-

283 4621 475 4678 ol‘ticii
508 4620 655 4675 satis
703 4623 825 4674 erat
864 4618 1226 4689 experientia
1273 4622 1665 4689 compertum.
1718 4618 1868 4673 Sane
1900 4617 1949 4673 si

286 4728 413 4766 non
449 4710 566 4765 fere
598 4707 921 4779 patientius
954 4709 1167 4762 domus
1194 4723 1408 4778 magna
1438 4724 1684 4778 parvum
1712 4706 1953 4762 infortu-

287 4800 464 4855 nium
499 4814 676 4869 quam
711 4798 923 4851 domus
957 4813 1132 4869 parva
1182 4796 1406 4851 cladem
1444 4797 1760 4851 maximam
1800 4797 1955 4851 204

286 4886 529 4956 tolerat,
563 4885 699 4955 quis
729 4889 898 4956 neget
931 4884 1249 4956 prudenter
1267 4886 1481 4939 factum
1516 4888 1582 4939 ut
1602 4884 1670 4938 de
1703 4882 1956 4939 maxima

287 4980 360 5032 in
388 4975 667 5031 familiam
692 4973 1100 5046 potentissime
1124 4980 1466 5045 regnantem
1491 4974 1820 5029 necessario
1844 4973 1956 5027 im-

291 5066 593 5123 mittenda
614 5063 971 5129 calamitate,
992 5068 1277 5134 quantum
1306 5067 1525 5134 posset,
1552 5062 1959 5118 detraheretur

290 5161 358 5212 et
381 5153 1240 5226 adjun‘gerenturdelinimenta
1256 5153 1470 5222 quibus
1487 5152 1788 5207 amarities
1811 5157 1957 5206 tem-

294 5249 627 5317 peraretur,
647 5260 718 5298 ne
735 5240 1162 5311 stimulisjusto
1181 5241 1542 5297 acutioribus
1562 5240 1645 5295 ira
1670 5241 1959 5297 concitata

291 5334 615 5390 efferretur
645 5334 704 5387 in
736 5333 1110 5402 desperatum
1144 5330 1435 5402 impetum
1457 5329 1729 5385 universa
1760 5346 1958 5385 secum

294 5439 548 5496 pessum
583 5422 640 5475 in
670 5419 1196 5476 exitiumtrahendi
1218 5420 1459 5476 ?Testes
1490 5420 1669 5491 hujus
1684 5420 1763 5475 rei
1790 5419 1959 5476 ()Edi-

296 5513 512 5584 podes,
548 5527 726 5567 coena:
756 5510 1031 5584 Thyestis
1081 5514 1137 5564 et
1170 5508 1392 5581 Ulyssei
1422 5525 1671 5579 errores,
1704 5514 1962 5567 extrema

301 5602 513 5660 omnia
542 5600 813 5669 consilia,
845 5600 903 5655 in
940 5616 1067 5671 quas
1098 5599 1327 5671 priscos
1358 5598 1568 5656 heroas
1598 5599 1779 5658 nimis
1810 5601 1962 5657 aeri-

2060 4618 2280 4675 redinis
2314 4618 2500 4674 instar
2530 4635 2665 4674 ossa
2705 4617 2913 4674 intime
2944 4619 3226 4687 rodentis,
3261 4636 3360 4676 cor
3392 4621 3713 4691 depascens

2062 4710 2260 4764 animo
2274 4708 2511 4779 penitus
2538 4707 2823 4776 inﬁgeret.
2849 4708 2988 4763 Inde
3002 4706 3208 4763 habitu
3239 4709 3396 4764 tristi
3423 4709 3714 4766 demisso-

2064 4815 2176 4870 que
2229 4797 2556 4867 majestatis
2606 4796 2992 4867 imperatoriae
3050 4797 3417 4870 deprimebat
3474 4799 3713 4870 fastum,

2064 4903 2194 4943 cum
2224 4903 2289 4941 eo
2321 4891 2520 4941 tamen
2556 4888 2621 4939 ut
2652 4884 2830 4940 simul
2862 4891 3090 4941 caveret
3109 4904 3180 4943 ne
3215 4888 3272 4942 in
3305 4892 3716 4960 contemptum

2066 4975 2461 5048 perniciosum
2516 4974 2693 5029 rebus
2732 4973 2855 5029 suis
2906 4976 3017 5030 ista
3072 4975 3412 5031 humilitate
3462 4978 3715 5032 caderet.

2064 5065 2198 5128 Quae
2228 5063 2408 5134 igitur
2437 5080 2585 5134 opus
2601 5068 2768 5119 erant
2789 5080 2903 5118 non
2923 5063 3203 5120 omittens
3228 5066 3315 5121 vel
3336 5066 3438 5120 tali
3458 5070 3718 5137 tempore

2067 5168 2294 5221 curare,
2319 5152 2506 5223 jussit
2537 5152 2769 5223 prodire
2802 5153 3038 5208 navales
3071 5154 3305 5225 COpias;
3339 5159 3396 5210 et
3426 5155 3575 5211 205
3612 5156 3717 5209 tri—

2066 5258 2256 5298 remes
2280 5243 2350 5296 ad
2380 5240 2607 5297 insulas
2625 5241 2883 5313 appulsae
2900 5258 3013 5297 non
3040 5258 3256 5314 paucas
3270 5260 3473 5300 earum
3497 5242 3719 5299 Latinis

2068 5335 2238 5386 antea
2255 5330 2521 5386 subditas
2545 5336 2983 5403 recuperarunt,
3010 5337 3327 5404 captasque
3347 5333 3546 5388 statim
3575 5347 3718 5400 prte-

2070 5422 2236 5478 sidiis
2267 5422 2561 5494 impositis
2588 5422 2645 5476 in
2680 5422 3084 5479 Romanorum
3118 5421 3486 5494 possessione
3520 5422 3718 5475 ﬁrma-

2071 5515 2228 5567 runt.
2264 5512 2481 5567 Horum
2520 5512 2707 5566 nuntii
2740 5527 3081 5568 successum
3116 5512 3214 5567 alii
3242 5526 3419 5582 super
3448 5510 3593 5566 alios
3626 5509 3722 5564 ad-

2069 5601 2337 5658 volantes
2385 5600 2597 5657 merita
2644 5600 3038 5673 gratulatione
3087 5600 3550 5673 excipiebantur,
3585 5599 3726 5656 dum
