4018 6198
371 426 510 481 κατὰ
539 417 757 494 καιροὺς
787 408 960 468 ἰδίους

572 477 997 568 Πελοποννήσου
1046 490 1186 568 ἀμφὶ
1239 478 1619 558 Μονεμϐασίαν
1653 479 1745 535 σὺν
1799 477 2021 554 Σπάρτῃ

376 567 466 658 καὶ
500 591 857 664 Λακεδαίμονι
892 584 994 640 ὑπὸ
1023 576 1316 653 Ῥωμαίοις
1351 573 1617 650 ἐγένοντο.

379 709 464 771 ιζ.
497 706 687 761 “om”:
721 698 771 752 οἱ
804 689 1030 768 ἀδελφοὶ
1062 691 1157 742 τοῦ
1193 681 1458 771 βασιλέως
1507 680 1600 739 τὰς
1645 681 1752 730 τῶν
1787 672 2018 730 δυτικῶν

794 754 1232 839 ἐνεχεὶρίσθησάν
1268 754 1586 824 διοικήσεις.

444 871 523 939 μ’.
564 863 684 934 13⁸7]
715 859 854 915 Τότε
881 834 1056 910 τοίνυν
1111 854 1231 939 τοῖς
1276 843 1554 939 ὄιδελιροῖς⁸
1593 836 1900 939 ἐγχειρίσας
1955 834 2021 890 τὰ

371 926 582 1024 δυτικά,
611 955 690 1022 τῷ
727 947 819 1021 μὲν
855 940 1086 1013 δεσπότῃ
1118 935 1338 1008 Ἰωάννῃ
1385 933 1479 993 τὰς
1530 926 1858 988 ἀνατολικᾶς
1914 945 2020 979 πα-

373 1042 568 1121 ραδοὺς
628 1037 880 1109 δυνάμεις
941 1031 1154 1100 σύναμα
1208 1028 1290 1096 τῷ
1343 1022 1594 1091 Σκυθικῷ
1636 1018 1701 1072 τά
1727 1016 1864 1071 κατὰ
1914 1020 2017 1088 γῆν

1094 1117 1104 1121 _
1201 1115 1212 1121 -
1311 1117 1336 1121 _
1411 1107 1515 1121 ...ς
1635 1112 1660 1121 ..
1843 1102 1895 1121 ,λ

328 1187 330 1194 .
370 1102 697 1198 προσεταττε
732 1122 987 1198 μετιέναι,
1021 1117 1112 1173 καὶ
1159 1115 1226 1170 τά
1271 1117 1378 1168 τῶν
1411 1107 1702 1184 Ἰλλυριῶν
1767 1102 2016 1180 μεθέπειν

379 1189 433 1210 -γ
464 1189 467 1190 ν
732 1189 741 1198 .
975 1189 980 1190 ,

370 1225 461 1280 καὶ
493 1215 848 1296 Τριϐαλλῶν,
880 1208 1062 1265 καὶτὰ
1089 1209 1184 1261 τοῦ
1226 1204 1462 1273 Πηνειοῦ
1512 1195 1702 1273 πέραν,
1731 1196 1832 1264 τήν
1866 1192 2018 1255 ἶδίως

369 1283 611 1368 Ἑλλάδα
659 1300 995 1378 λεγομένην,
1042 1293 1414 1366 κατατρέχειν,
1462 1291 1543 1358 τῷ
1615 1283 1847 1357 δεσπότῃ
1910 1287 2013 1338 Μι-

371 1398 524 1477 χαὴλ
560 1395 908 1467 πολεμοῦντα
942 1407 953 1419 ·
991 1384 1115 1440 οὐδὲ
1145 1383 1247 1457 γὰρ
1286 1381 1353 1448 ἦν
1405 1377 1549 1448 αύτῷ
1594 1371 2015 1452 προφασίζεσθαι

1100 1471 1136 1477 --
1243 1467 1269 1477 ,,
1518 1469 1545 1477 _
1608 1465 1634 1477 η
1734 1461 1790 1477 υ
1933 1456 1957 1477 δ

371 1456 455 1545 ἔτι
513 1483 613 1557 ἔξω
643 1505 746 1538 που
798 1486 898 1548 τῆς
947 1471 1209 1550 πατρίδος
1241 1467 1396 1530 ἔντος
1452 1469 1548 1521 τοῦ
1607 1461 1874 1539 βασιλέως
1930 1456 2018 1514 δι-

369 1577 566 1634 καιοῖτ⁹
614 1573 672 1628 ἂν
732 1570 979 1627 κάκεῖνος
1036 1563 1104 1618 τά
1162 1559 1300 1634 μέρη
1360 1556 1632 1628 κατέχειν.
1685 1551 1789 1608 Τὸν
1844 1546 1900 1603 δέ
1957 1569 2018 1622 γε

370 1661 836 1736 σεϐαστοκράτορα
895 1655 1256 1711 Κωνταντῖνον
1327 1643 1512 1699 ναυσὶν
1571 1635 1869 1714 ἐμϐιϐάσας
1926 1636 2012 1692 ἐπὶ

367 1748 754 1826 Μονεμϐασίας
810 1744 1096 1814 ἐκπέμπει,
1144 1733 1422 1811 παραδοὺς
1477 1730 1714 1800 κάκείνῳ
1771 1726 1896 1782 ὅσον
1947 1725 2013 1794 ἦν
2050 1751 2096 1817 Β

366 1844 426 1899 ἐκ
481 1816 810 1917 Μαγεὸὡνος
867 1831 1180 1903 Ῥωμαίων,
1239 1823 1329 1880 καὶ
1386 1823 1448 1876 τὸ
1508 1817 1768 1895 Περσικὸν
1827 1816 1964 1870 ἅπαν
1999 1833 2012 1847 ο

363 1935 428 1988 τὸ
481 1902 880 2006 γάρ”ΙταΛικὸν
935 1902 1010 1993 μὴ
1061 1916 1301 1992 ἁρμόζον
1346 1910 1485 1984 πρὸς
1521 1908 1707 2006 μάχην
1741 1902 2016 2006 Ἰταλικὴν

365 2025 392 2078 6
453 1990 719 2086 δεσπότης
779 1990 1188 2084 συνεπεφὲρεντο.
1248 2007 1492 2070 Συνῆσαν
1551 1995 1609 2052 δὲ
1654 2000 1732 2067 τῷ
1785 1995 1878 2067 μὲν
1931 1990 2016 2047 δεο

368 2111 540 2182 σπότῃ
586 2102 792 2162 πολλοὶ
842 2102 936 2174 μὲν
985 2097 1075 2154 καὶ
1123 2092 1289 2150 ἄλλοι
1336 2093 1445 2145 τῶν
1479 2084 1812 2161 μεγιστάνων
1866 2081 1957 2137 καὶ
1988 2081 2016 2136 6

363 2170 807 2264 Καντακουζηνὸς
854 2187 1088 2262 Μιχαὴλ
1138 2184 1166 2237 6
1213 2180 1305 2235 καὶ
1354 2178 1518 2253 μὲγας
1571 2173 1624 2230 ἐν
1673 2170 1881 2248 ὑστέρῳ
1918 2191 2015 2226 κο-

259 2335 262 2338 .
363 2285 685 2354 νοσταῦλος,
747 2282 799 2335 οἱ
861 2275 1073 2350 ἀνεψιοὶ
1155 2271 1363 2325 ἐκείνου
1430 2265 1867 2340 Ταρχανειῶται,
1923 2258 2016 2315 καὶ

366 2376 531 2432 ἄλλοι
565 2350 757 2448 συχνοὶ
789 2368 848 2423 ἐκ
876 2373 976 2436 τῆς
1011 2362 1212 2448 δύσεως
1267 2362 1348 2429 τῷ
1409 2353 1627 2448 βασιλεῖ
1677 2350 2014 2448 προσχωρή.

369 2485 577 2535 σαντες,
607 2439 685 2533 τῷ
730 2457 786 2513 δὲ
841 2477 901 2532 γε
954 2447 1411 2523 σεϐαστοκράτορι
1455 2441 1619 2499 ἄλλοι
1649 2461 1709 2496 τε
1763 2439 2014 2494 πλεῖστοι

368 2555 456 2609 καὶ
489 2554 518 2607 6
553 2528 720 2625 μέγας
771 2528 1094 2618 δομέστικος
1142 2539 1170 2592 6
1213 2534 1393 2604 Φιλῆς
1422 2530 1695 2602 Ἀλὲξιος,
1727 2528 1818 2625 σὺν
1872 2528 2018 2599 αύτῷ

367 2640 423 2698 δὲ
479 2641 570 2696 καὶ
623 2639 650 2693 6
709 2633 1023 2705 Maxpmbc,
1057 2629 1113 2683 ὃν
1175 2622 1673 2700 παρακοιμώμενον
1725 2617 1752 2673 ό
1801 2621 2012 2694 κρατῶν

366 2844 648 2902 referrent
676 2839 850 2894 modo
879 2833 1106 2890 Naxum
1139 2833 1506 2900 occupatam,
1540 2821 1687 2878 alias
1717 2834 2014 2892 expugna-

366 2941 486 2991 tam
527 2933 732 2994 Paron,
781 2929 928 2982 Ceon
964 2939 1030 2978 ac
1059 2920 1368 2990 Carystum
1423 2927 1660 2987 quoque
1689 2926 1821 2965 cum
1868 2909 2014 2964 Oreo

369 3020 619 3080 subinde
668 3019 885 3086 capta;
937 3015 992 3068 et
1034 3013 1098 3064 ut
1145 3011 1354 3064 caetera
1402 3002 1692 3069 omittam,
1739 3001 2019 3054 montana

371 3106 751 3182 Peloponnesi
799 3104 952 3160 circa
1005 3095 1466 3154 Manembasiam
1517 3105 1650 3146 cum
1696 3090 1908 3160 Sparta
1960 3087 2017 3140 et

372 3177 784 3258 Lacedaemone
805 3189 1086 3249 Romanis
1113 3201 1176 3242 ea
1193 3181 1558 3256 expeditione
1573 3178 1838 3249 subjecta
1859 3177 2018 3231 sunt.

406 3369 495 3424 46.
560 3367 623 3422 Ut
669 3361 946 3434 fratribus
1003 3350 1357 3434 imperatoris
1391 3346 1660 3434 .Occiduz
1683 3342 1988 3419 provincia

906 3426 1215 3483 commissa:
1251 3423 1483 3493 fuerint.

441 3569 618 3618 Porro
667 3561 809 3612 tunc
856 3553 1180 3624 imperator
1224 3547 1349 3601 suis
1400 3542 1682 3598 fratribus
1729 3538 2017 3595 Occiduas

374 3647 707 3726 provincias
738 3637 1186 3699 commendavit.
1221 3643 1301 3692 Ac
1325 3635 1610 3692 Joannem
1643 3629 1877 3701 quidem
1915 3627 2018 3682 de-

375 3715 607 3813 spotam
642 3733 828 3806 c0piis
875 3726 1277 3787 Orientalibus
1308 3729 1364 3779 et
1405 3719 1750 3794 Scytharum
1784 3715 2020 3772 auxiliis

376 3806 728 3887 instructum
764 3828 919 3879 terra
970 3831 1169 3890 gerere
1201 3829 1321 3870 rem
1350 3809 1533 3882 jussit
1582 3823 1684 3880 per
1709 3806 1937 3880 Illyrios
1962 3809 2021 3861 et

371 3915 683 3983 Triballos,
731 3922 906 3983 atque
956 3907 1110 3963 ultra
1141 3909 1393 3959 Peneum
1446 3898 1737 3971 regionem
1787 3893 2022 3966 proprie

370 4009 650 4068 Graeciam
676 4009 939 4060 vocatam
966 4001 1288 4063 incursare,
1319 3991 1590 4048 bellando
1614 3990 1895 4044 adversus
1913 3987 2022 4042 Mi-

1671 259 1975 324 GBORGII
2014 261 2478 317 PACHYMERB
3626 265 3718 321 618

1015 392 1505 472 συνελαμϐάνοντο,
1537 392 1625 447 καὶ
1676 389 1768 445 σὺν
1818 387 2013 451 ἄλλοις
2041 391 2096 456 Α
2127 385 2263 459 εἶχε.
2297 385 2373 441 Τὸ
2405 382 2462 440 δὲ
2490 405 2551 459 γε
2579 385 2829 440 ναυτικὸν
2860 381 3014 442 ἔπλει
3066 385 3116 456 ἐξ
3164 387 3298 461 ἦρος
3336 383 3385 448 ἐς
3412 389 3728 462 ⁸Δρκτοῦρον,

2127 475 2223 529 κάν
2262 472 2497 535 πολλοῖς
2528 473 2800 548 εύστόχει.
2832 476 2968 550 Ἥγε
3017 472 3076 530 δὲ
3123 478 3280 530 τοῦτο
3313 476 3340 529 6
3371 474 3727 549 Φιλανθρωπη-

2126 562 2214 626 νὸς
2274 563 2303 617 6
2359 563 2796 638 πρωτοστράτωρ
2847 562 3118 637 Ἀλέξιος,
3178 565 3313 640 ἀνὴρ
3381 566 3590 639 γεραρὸς
3652 565 3725 640 καὶ

2125 657 2392 725 γενναῖος,
2426 654 2572 725 παρὰ
2623 657 2882 708 τοσοῦτον
2944 633 3404 730 εἰργόμενος-τῷ.
3441 633 3728 730 μεγαλοδόο-

2125 741 2276 814 κάτῳ
2304 741 2654 813 σεμνύνεσθαι
2707 742 2975 815 ἀξιώματι
3028 744 3156 816 παρ’
3186 741 3312 797 ὅσον
3343 741 3404 810 ἦν
3449 740 3607 804 ἄλλος
3655 741 3724 798 ἐπὶ

2126 835 2224 886 τοῦ
2256 831 2586 903 ἀξιώματος,
2616 832 2644 886 6
2673 832 2770 886 τοῦ
2799 831 3040 888 παλαιοῦ
3079 829 3318 906 Λάσκαρί
3359 835 3452 886 τοῦ
3499 830 3728 907 βασιλέως

2127 919 2485 999 αύτάδελφος,
2543 919 2742 996 ἔξωρος
2799 920 2911 994 ἤδη
2970 922 3062 977 καὶ
3112 917 3448 996 παρηϐηκὼς
3507 922 3585 978 ἐπὶ
3648 930 3730 993 τῆς

2128 1010 2538 1066 Κωνσταντίνου
2588 1013 2922 1085 καθήμενος,
2977 1012 3207 1088 βουλαῖς
3252 1013 3371 1076 καθ’
3411 1011 3628 1087 ἡσυχίαν
3667 1016 3732 1084 τῷ

2132 1099 2347 1176 βασιλεῖ
2375 1103 2471 1166 τῆς
2503 1103 2611 1154 τῶν
2643 1106 2842 1156 κοινῶν
2889 1099 3182 1178 φροντίδος
3242 1102 3318 1163 ὡς
3361 1098 3471 1155 ἐνὸν
3518 1100 3732 1174 συναιρό-

2131 1209 2313 1260 μενος,
2348 1189 2376 1243 6
2425 1189 2609 1261 μέντοι
2660 1210 2724 1263 γε
2781 1187 3248 1264 Φιλανθρωπηνὸς
3300 1188 3622 1264 ἀγχιστιύων
3668 1190 3734 1260 τῷ

2131 1278 2394 1353 βασιλεῖ·
2426 1278 2518 1333 τὸν
2576 1279 2679 1353 γὰρ
2738 1278 2954 1352 ἀνεψιὸν
3016 1278 3224 1334 ἐκείνου
3280 1279 3372 1334 τὸν
3426 1285 3524 1347 τῆς
3551 1279 3734 1351 Μάρθας

2126 1367 2242 1420 υἱὸν
2304 1365 2535 1442 Μιχαὴλ
2593 1363 2842 1443 γαμϐρὸν
2903 1370 3046 1443 εἶχεν
3106 1367 3194 1422 ἐπὶ
3255 1367 3498 1443 Θυγατρί.
3528 1369 3580 1420 Ὁ
3628 1372 3731 1442 γοῦν

2123 1454 2372 1520 τοιοῦτος
2405 1461 2627 1531 κατεῖχε
2655 1457 2718 1512 τὸ
2776 1456 3044 1530 πλόϊμον,
3076 1457 3165 1512 καὶ
3216 1459 3353 1530 ἦρος
3395 1455 3734 1530 ἐξαρτυόμενος

2128 1545 2322 1601 στόλον
2381 1545 2670 1615 ἀπέπλεεν,
2711 1545 2867 1618 ὅμως
2926 1545 2976 1601 δ’
3024 1545 3307 1620 ἐσύστερον
3367 1547 3609 1610 θανόντος
3657 1550 3736 1599 τοῦ

2126 1635 2365 1707 Λάσκαρι
2423 1635 2522 1703 τὴν
2581 1639 2680 1690 τοῦ
2733 1634 2976 1711 μεγάλου
3027 1633 3221 1697 δουκὸς
3252 1633 3398 1706 ἀξίαν
3428 1633 3566 1710 παρὰ
3607 1634 3736 1709 βασι-

2128 1721 2268 1785 λέως
2302 1722 2378 1785 εἰς
2429 1717 2671 1796 ἀμοιϐήν
2713 1728 2822 1779 τῶν
2871 1723 3059 1779 κόπων
3117 1718 3448 1798 ἐλάμὸανεν,
3478 1722 3550 1784 ὡς
3596 1721 3736 1798 ῥηθή-

2127 1833 2295 1869 σεται.
2329 1811 2486 1868 ’Λλλ’
2520 1813 2671 1868 οὗτοι
2707 1814 2801 1886 μὶν
2832 1820 3002 1889 τριχῆ
3034 1814 3411 1886 κοσμούμενοι
3457 1812 3550 1866 ἀνὰ
3601 1812 3737 1886 μέρος

2126 1901 2193 1954 τά
2246 1902 2382 1955 κατὰ
2440 1897 2588 1954 δύσιν
2650 1907 2925 1974 μεθεῖπον.
2979 1903 3081 1958 Καὶ
3146 1903 3176 1956 6
3236 1903 3332 1975 μὲν
3385 1898 3632 1970 δεσπότης
3675 1904 3741 1972 τῷ

2128 1988 2368 2064 Μιχαὴλ
2400 1986 2637 2056 δεσπότῃ
2667 1988 2877 2066 ἐπεῖχε,
2909 1990 2999 2045 καὶ
3059 1989 3381 2046 ἀνεκαλεῖτο
3412 1992 3494 2063 [Ρ.
3522 1991 3632 2063 138]
3656 1988 3737 2056 τήν

2127 2076 2328 2133 ἐκείνου
2385 2079 2573 2155 χώραν
2621 2080 2697 2143 ὡς
2750 2078 2922 2135 πάλαι
2969 2084 3038 2154 τῇ
3093 2078 3349 2155 βασιλείᾳ
3377 2081 3736 2154 προσήκουσαν.

2121 2169 2181 2225 Ὀ
2241 2165 2298 2222 δὲ
2349 2169 2466 2242 εἶχε
2525 2169 2624 2242 μεν
2683 2167 2947 2245 πρότερον
3004 2171 3457 2248 προφασίζεσθαι,
3484 2166 3568 2222 καὶ
3594 2165 3736 2242 ςέπρο-

2125 2258 2380 2330 φασίζετο
2438 2255 2999 2333 πιθανολογούμενος,
3054 2259 3128 2320 ὡς
3196 2257 3298 2313 ούκ
3360 2257 3559 2332 ἀνάγκη
3602 2256 3736 2310 αὐτοῦ

2124 2353 2221 2404 τοῦ
2273 2345 2544 2423 βασιλέως
2591 2348 2682 2403 τὸν
2733 2355 2833 2418 τῆς
2880 2346 3162 2424 βασιλείας
3215 2348 3405 2423 θρόνον
3452 2348 3504 2419 (6
3546 2343 3588 2401 δ’
3613 2347 3734 2415 ἦνῆ

2123 2436 2727 2510 Κωνσταντινούπολις)
2793 2439 2870 2511 μή
2959 2436 3294 2512 κατέχοντος
3369 2436 3522 2492 αὐτὸν
3602 2436 3736 2490 ἀπαι-

2123 2528 2332 2583 τεῖσθαι
2360 2527 2422 2582 τὸ
2447 2524 2639 2581 λεῖπον
2675 2546 2688 2560 ·
2733 2527 3033 2597 ἀπαιτητέα
3061 2526 3166 2602 γὰρ
3220 2526 3355 2581 εἶναι
3417 2523 3614 2598 μᾶλλον
3661 2524 3737 2578 τὸν

2125 2614 2317 2690 θρόνον
2347 2615 2477 2678 τοὺς
2508 2612 2751 2679 Ἰταλοὺς
2783 2616 2818 2687 ἢ
2865 2614 3068 2671 ἐκεῖνον
3114 2615 3184 2670 τὰ
3233 2615 3374 2671 κατὰ
3407 2611 3567 2681 δύσιν,
3594 2610 3738 2672 οὕτως

2124 2817 2337 2873 bantur
2367 2834 2501 2873 cum
2527 2816 2624 2872 alii
2659 2816 2899 2890 plurimi
2931 2819 3086 2876 206
3113 2822 3236 2875 tum
3262 2834 3512 2892 magnus
3539 2815 3739 2871 domes-

2124 2907 2276 2963 ticus
2308 2907 2502 2962 Philes
2531 2906 2809 2978 Alexius;
2840 2924 2973 2964 cum
3006 2909 3136 2981 ipso
3175 2907 3488 2964 Maerenus
3513 2909 3566 2961 et
3591 2916 3738 2975 quem

2127 2995 2450 3068 imperator
2479 2996 2738 3052 cubiculi
2771 2997 3106 3069 puefectum
3138 2997 3351 3053 habuit
3369 2994 3576 3052 Classis
3603 2990 3737 3048 navi-

2128 3084 2284 3156 gavit
2305 3102 2340 3140 a
2367 3102 2498 3141 vere
2525 3087 2593 3140 ad
2625 3087 2965 3153 Arcturum,
2998 3091 3057 3142 et
3089 3085 3282 3141 multa
3329 3101 3462 3141 cum
3501 3094 3739 3139 successu

2131 3175 2393 3231 tentavit.
2427 3175 2718 3230 Ductabat
2767 3174 2929 3231 illam
2961 3174 3202 3233 Alexius
3242 3173 3740 3244 Philanthropenus

2131 3268 2540 3336 protostrator,
2573 3263 2902 3320 honoratus
2919 3263 3006 3319 vir
3033 3268 3092 3319 et
3121 3259 3740 3332 strenuus,designatus

2123 3353 2248 3424 jam
2269 3354 2386 3408 dux
2405 3369 2677 3426 magnus,
2696 3357 2753 3408 et
2769 3352 3075 3425 dignitatis
3093 3352 3272 3408 istius
3290 3351 3462 3408 titulo
3475 3355 3637 3421 atque
3651 3361 3738 3402 usu

2048 3459 2090 3527 ρ
2130 3445 2189 3498 in
2219 3447 2449 3498 tantum
2482 3442 2811 3512 abstinens,
2846 3443 3004 3512 quod
3023 3442 3258 3498 vivebat
3287 3441 3477 3498 adhuc
3506 3435 3740 3494 aliusillo

2129 3533 2482 3604 magistratu
2514 3530 2834 3604 insignitus
2858 3534 3036 3587 frater
3055 3547 3378 3603 germanus
3397 3527 3644 3586 Lasraris
3660 3541 3741 3580 se-

2124 3621 2308 3678 nioris
2337 3619 2606 3692 Augusti,
2629 3621 2836 3676 eﬂ‘etus
2858 3621 2987 3691 jam
3011 3620 3177 3676 senio
3201 3623 3260 3676 et
3284 3620 3400 3676 fere
3427 3614 3742 3699 decrepitus,

2124 3721 2182 3776 in
2208 3721 2403 3792 quiete
2417 3737 2590 3792 quam
2614 3725 2753 3775 aetas
2778 3728 3035 3776 extrema
3053 3720 3357 3789 poscebat,
3374 3713 3743 3775 consilliisim-

2126 3809 2380 3883 peratori
2395 3808 2742 3882 opportunis
2757 3809 3150 3865 adcommune
3170 3809 3426 3880 regimen
3443 3816 3742 3876 cooperans.

2125 3899 2426 3954 Afﬁnitate
2460 3915 2630 3970 porro
2679 3897 3214 3969 Philanthropenus
3254 3892 3585 3970 imperatori
3613 3894 3746 3947 arcta

2127 3990 2480 4060 conjunctus
2513 3992 2659 4058 erat,
2683 3987 2904 4059 quippe
2934 3987 3035 4060 qui
3057 3985 3405 4045 Michaelem
3429 3978 3744 4040 Marthaim-

2126 4078 2410 4151 peratoris
2433 4094 2632 4133 sorore
2654 4082 2883 4146 natum,
2907 4075 3192 4133 collocata
3211 4075 3324 4148 ipsi
3346 4072 3483 4143 filia,
3504 4081 3744 4145 generum

368 4100 628 4158 chaelem
663 4097 989 4167 despotam.
1025 4088 1125 4143 Cui
1150 4087 1274 4156 jam
1307 4085 1547 4153 dempta
1577 4077 1818 4135 eratilla
1849 4091 2044 4132 exon--

2128 4167 2388 4223 haberet.
2423 4165 2580 4222 Talis
2611 4166 2794 4237 igitur
2820 4165 2908 4221 vir
2940 4164 3250 4220 navalibus
3282 4164 3574 4236 praefectus
3592 4155 3746 4228 copiis

369 4190 542 4254 satio,
576 4202 688 4258 qua
735 4183 922 4255 prius,
957 4194 1090 4234 cum
1127 4172 1456 4247 provincias
1502 4169 1635 4223 illas
1667 4169 2026 4238 repeteretur

373 4277 640 4348 excipere
672 4271 918 4333 solebat,
973 4282 1178 4339 parum
1229 4259 1540 4318 convenire
1584 4255 2024 4328 imperatorem,
2128 4255 2314 4312 classe
2349 4253 2537 4326 primo
2587 4270 2720 4310 vere
2765 4253 3056 4310 instructa
3088 4251 3405 4324 navigavit,
3445 4255 3501 4306 et
3546 4241 3748 4303 Lascari

377 4333 476 4438 qui
506 4333 654 4418 urbe
686 4378 794 4416 sua
819 4333 1007 4431 patria
1026 4350 1331 4424 etimperii
1357 4347 1548 4438 capite
1565 4349 1804 4438 careret,
1841 4357 2024 4397 mem-
2129 4342 2303 4415 paulo
2337 4347 2467 4412 post
2489 4345 2719 4397 mortuo
2738 4340 2969 4412 magnis
2999 4341 3168 4395 ducis
3199 4339 3541 4412 dignitatem
3563 4336 3628 4390 ab
3651 4333 3744 4386 im-

379 4457 483 4512 bra
512 4453 612 4508 illa
644 4457 700 4507 et
732 4452 926 4521 partes
955 4445 1218 4516 ejusdem
1251 4437 1418 4511 quasi
1448 4433 1710 4506 corporis
1741 4436 2028 4488 extremas
2131 4436 2396 4504 peratore
2427 4430 2487 4485 in
2517 4430 2826 4502 praemium
2855 4429 3120 4486 laborum
3154 4429 3401 4500 accepit,
3433 4430 3493 4481 ut
3523 4423 3736 4480 dicetur.

375 4543 678 4616 requirere
708 4556 772 4594 ac
804 4537 975 4608 longe
1015 4529 1311 4605 persequi.
1349 4527 1884 4582 Sebastocratorem
1919 4535 2026 4576 au-
2132 4521 2298 4576 Hunc
2329 4521 2389 4574 in
2415 4521 2652 4575 modum
2706 4519 3000 4575 trifariam
3037 4517 3313 4573 instructi
3350 4518 3545 4572 fratres
3573 4517 3624 4568 et
3665 4525 3744 4563 ne-

378 4639 499 4691 tem
527 4627 935 4688 Constantium
970 4620 1312 4694 impositum
1339 4615 1586 4672 navibus
1607 4612 1889 4668 adversus
1909 4613 2025 4666 Mo-
2132 4608 2370 4667 cessarii
2387 4608 2754 4680 imperatoris
2777 4608 2834 4662 in
2858 4607 3103 4662 totidem
3124 4606 3506 4662 Occiduarum
3527 4597 3744 4674 partium

375 4686 737 4780 ne—mbasiam
773 4715 973 4780 mittit,
1006 4686 1246 4766 tradens
1289 4706 1371 4762 illi
1407 4711 1694 4777 quantum
1735 4700 2028 4755 Romano-
2134 4694 2356 4755 tractus
2387 4701 2713 4754 moverunt.
2765 4698 2844 4752 Ac
2874 4696 3124 4767 despota
3172 4695 3411 4765 quidem
3443 4686 3742 4748 Michaelem

377 4830 510 4870 rum
545 4810 710 4884 prius
740 4807 800 4862 in
849 4803 1234 4895 Magedonum
1287 4796 1522 4895 regione
1562 4791 1934 4895 militaverat,
1961 4791 2034 4895 ‘et
2062 4830 2108 4895 D
2139 4789 2452 4895 despotam
2474 4788 2727 4895 adortus!
2764 4787 3067 4886 repetebat
3093 4789 3412 4895 occupatasI
3451 4781 3520 4837 ab
3532 4795 3606 4895 ἕο
3634 4789 3744 4848 pro-

383 4867 717 4958 universam
756 4899 1030 4968 praeterea
1059 4887 1331 4945 militiam
1363 4880 1838 4942 Persicam.Nam
1873 4877 2035 4934 Itali-
2062 4867 2107 4895 ν
2141 4875 2360 4932 vincias
2391 4880 2457 4931 ut
2486 4874 2624 4930 olim
2660 4875 2730 4930 ad
2764 4872 3081 4945 imperium
3125 4872 3497 4944 pertinentes.
3532 4867 3608 4922 Em
3633 4873 3742 4919 cum

553 4957 897 5048 exercitum,
929 4982 1080 5037 haui
1115 4981 1318 5050 aptum
1350 4975 1540 5029 visum
1575 4969 1726 5026 bello
1756 4969 2036 5024 adversus
2143 4973 2316 5023 antea
2338 4964 2817 5037 reposcebantur;
2852 4961 3079 5018 solebat
3108 4961 3206 5017 ille
3237 4957 3606 5032 plausibiliter
3630 4965 3744 5006 cau-

382 5080 558 5139 Italos
590 5076 866 5152 gerendo,
893 5049 1419 5140 Joannesdespota
1450 5077 1652 5120 secum
1691 5060 2034 5116 abduxerat.
2144 5056 2263 5114 sari
2297 5055 2451 5111 haud
2504 5053 2913 5126 tempestivam
2948 5051 3355 5124 repetitionem
3399 5049 3559 5103 istam
3599 5052 3740 5102 esse;

380 5174 526 5231 Cum
554 5132 758 5225 egdem
782 5132 949 5237 porro
973 5164 1218 5233 despota
1239 5132 1484 5213 comites
1504 5149 1891 5224 expeditionis
1917 5149 2034 5203 ive-
2145 5171 2280 5211 nam
2315 5153 2454 5224 quid
2490 5151 2765 5207 attineret
2795 5150 3205 5222 imperatorem
3240 5147 3373 5204 sede
3402 5147 3520 5218 ipsa
3548 5132 3741 5210 imperii

378 5265 519 5320 runt
551 5259 649 5315 alii
684 5269 919 5329 quoque
951 5250 1120 5306 multi
1139 5247 1512 5320 optimatum,
1533 5241 1687 5297 inter
1717 5255 1864 5310 quos
1885 5239 2032 5293 Can-
2145 5244 2290 5298 urbe
2317 5238 2846 5312 Constantinopoli,
2867 5238 3169 5294 exclusum
3195 5237 3267 5292 de
3289 5237 3458 5292 rebus
3487 5234 3629 5288 tanto
3649 5221 3738 5280 mi-

376 5310 984 5407 ta-cuvzenus‘Mic‘hael,
1019 5337 1120 5409 qui
1151 5310 1353 5409 postea
1383 5310 1635 5403 magnus
1656 5325 2016 5384 conostaulul

2144 5333 2304 5389 noris
2339 5329 2617 5387 momenti
2639 5310 3060 5400 recuperandis
3090 5341 3219 5383 esse
3237 5323 3538 5382 sollicitum
3559 5317 3584 5373 ‘i
3604 5310 3737 5409 Reci-

402 5441 511 5508 uit,
546 5437 828 5507 illiusque
850 5391 1568 5504 patéuelesrTarchaniO‘tm
1595 5437 1609 5488 ;
1633 5418 1878 5488 insuper
1909 5414 2033 5484 alii,
2144 5417 2308 5486 peret
2338 5413 2594 5484 primum
2629 5409 2702 5465 ab
2734 5391 2895 5464 Italis
2927 5408 3142 5464 solium
3178 5405 3362 5476 regni,
3392 5408 3508 5458 tum
3538 5391 3736 5508 saneade

377 5481 1250 5604 q‘u'iuirequen‘tesre;
1282 5511 1568 5570 tractibus
1598 5481 1670 5565 ad
1701 5481 1897 5579 partes
1926 5481 2035 5561 im-
2143 5481 2507 5575 regiunculis
2554 5498 2688 5555 istis
2721 5497 2990 5554 Occiduis
3022 5497 3169 5552 201
3207 5495 3278 5550 ab
3310 5509 3371 5550 se
3414 5481 3735 5563 reposcendis

1462 5603 1465 5604 ,
2260 5591 2294 5604 ο.
2410 5595 2420 5604 .
2505 5589 2554 5604 ιν
2760 5603 2840 5604 ,,,,
2907 5585 2976 5604 9,.
2998 5602 3074 5604 η--
3144 5600 3255 5604 μ---
3344 5595 3502 5604 ---Α-
3556 5571 3734 5604 Aidan.

382 5571 674 5692 peratoriis
704 5603 1638 5671 transierant.Sebastocratorem
1658 5612 1792 5655 vero
1823 5610 2036 5668 saque-
2144 5571 2449 5665 cogitaret.
2505 5589 2623 5646 Nec
2679 5603 2850 5660 porro
2905 5585 3083 5644 istam
3142 5600 3286 5656 rem,
3339 5595 3504 5655 quam
3555 5571 3734 5632 dixisse

3937 5339 3947 5482 ἴ,
