3920 6196
189 280 277 338 649

1205 277 1303 330 DE
1341 276 1713 331 MICHAELE
1749 279 2177 335 PALEOLOGO
2215 283 2345 336 LIB.
2381 287 2476 338 III.

3444 289 3552 345 650

186 402 544 479 ἀνηρτημένους
589 398 816 472 πάμπαν
865 399 954 453 καὶ
1016 396 1180 471 μόλις
1237 394 1593 475 ὁριζομένους
1651 409 1781 456 Θεσ-
1818 406 1870 470 Α
1902 413 1984 465 θεν
2047 402 2496 477 ἐπαναζεύξαντος
2547 408 2763 484 ὕστερον
2816 411 3013 475 αὐτοὺς
3067 413 3548 488 ἐγκαταλελεῖφθαι

186 493 420 564 σαλονίκῃ.
472 493 714 546 Τοιαῦτα
761 492 887 562 γοῦν
937 484 1264 561 ἀπελογεῖτο
1313 489 1600 564 πρότερον.
1662 490 1792 544 Τότε

185 583 228 638 δὲ
272 580 396 636 ἀλλὰ
449 577 638 654 χώραν
691 579 750 646 ἣν
831 577 883 630 οἱ
942 582 1122 649 γονεῖς
1194 576 1402 632 ἐκείνου
1454 579 1643 639 πόνοις
1701 579 1791 632 καὶ

185 662 335 745 ἱδρῶσι
388 668 474 722 καὶ
538 667 704 738 μόνον
766 664 872 739 οὐχ
931 662 1122 736 α’ίμασι
1167 668 1450 734 στάζοντες
1481 670 1792 742 προσεκτή-

182 781 309 815 σαντο
358 758 441 811 καὶ
499 754 709 830 κλῆρον
764 755 1062 811 κατέλιπον
1121 761 1242 816 τοῖς
1303 757 1497 825 παισὶ,
1557 762 1674 818 πῶς
1733 754 1792 810 ἂν

181 853 249 906 καὶ
297 847 508 909 δικαίως
587 846 986 921 ἀπαιτούμενος
1060 844 1326 919 ἀποδῴη;
1386 847 1630 908 Ἰταλοὺς
1686 848 1789 921 γὰρ

179 937 592 1013 ἀφαιρουμένους,
651 935 739 988 καὶ
802 936 876 1008 μὴ
930 933 1258 1007 Ῥωμαίους,
1313 934 1449 988 κατᾶ
1484 934 1547 988 τὸ
1579 931 1786 987 δίκαιον

177 1029 245 1081 καί
291 1032 393 1086 τοῖς
447 1024 499 1096 ἐξ
560 1023 775 1078 ἐκείνων
829 1024 904 1085 εἷς
974 1021 1240 1098 διαδοχὴν
1309 1021 1656 1078 καταλείπειν
1714 1023 1789 1084 ὠς

176 1118 388 1193 caream
451 1113 670 1189 κλῆρον
729 1113 782 1183 ἐξ
843 1113 1058 1188 ἀρετῆς·
1123 1114 1178 1167 εὗ
1235 1113 1336 1188 γὰρ
1385 1113 1475 1166 καὶ
1527 1112 1786 1186 λελέχθαι

175 1207 229 1266 ὡς
255 1201 389 1259 ούδὲν
433 1200 654 1264 οὐδενὸς
702 1202 850 1270 πλὴν
899 1203 995 1256 τοὸ
1049 1199 1448 1270 σπουδάζοντος
1498 1203 1634 1254 κατά
1687 1203 1788 1254 πό-

171 1293 327 1364 λεμον.
385 1293 487 1349 Καὶ
546 1291 689 1346 οὕτω
751 1293 844 1363 μὲν
908 1286 1459 1367 διαμφισϐητούντων
1527 1291 1593 1343 τὰ
1649 1292 1786 1346 Ῥω-

172 1382 414 1454 μαίωντῷ
449 1380 688 1455 δεσπότῃ
752 1381 1126 1452 στρατεύματα
1183 1375 1594 1446 κατετρίϐοντοο
1657 1380 1684 1432 ὀ
1731 1376 1790 1433 δέ

169 1492 214 1544 γε
258 1467 696 1545 σεϐαστοκράτωρ
754 1471 823 1540 τῇ
904 1463 1266 1540 Μονεμϐασίᾳ
1313 1467 1402 1520 καὶ
1459 1472 1575 1528 τοῖς
1633 1469 1786 1542 πέριξ

167 1562 580 1633 προσκαθήμενος
655 1557 1056 1632 καθημερινοὺς
1133 1555 1420 1628 πολέμους
1494 1557 1630 1632 πρὸς
1694 1557 1784 1610 τὸν

170 1648 393 1722 Πρίντζην
455 1648 632 1722 ἐξῆγε·
699 1645 839 1719 μηδὲ
895 1647 996 1722 γὰρ
1036 1646 1314 1722 ἀρκεῖσθαι
1365 1649 1445 1715 τῷ
1506 1646 1654 1719 μέρει
1685 1653 1784 1715 τῆς

1898 494 1988 547 καὶ
2040 499 2141 548 τοῦ
2199 498 2599 571 στρατεύματος
2650 501 2862 576 ἄρχειν,
2917 503 3005 557 καὶ
3065 503 3130 573 δὴ
3195 507 3551 581 μαχομένους

1899 582 2172 640 πολλάκις
2231 586 2323 655 μὲν
2385 585 2686 662 εὐστοχεῖν,
2747 592 2871 661 μίαν
2907 589 2962 646 δέ
2994 613 3055 666 γε
3089 591 3383 667 σφαλέντας
3415 617 3546 668 κρα-

1896 673 2128 740 τηθῆναι
2181 674 2315 727 κατὰ
2345 674 2588 748 πόλεμον
2625 679 2712 732 καὶ
2763 679 3126 757 ἀμφοτέρους.
3181 683 3317 738 Τότε
3363 683 3544 738 τοίνυν

1899 758 1980 813 ἐπ’
2032 759 2223 835 ὀλίγον
2275 764 2658 838 κατεχομένων
2708 770 2789 840 [Ρ.
2827 772 2948 842 139]
3002 770 3052 824 ἐν
3087 769 3356 845 φυλακαῖς
3389 773 3416 825 ὁ
3450 773 3546 844 μὲν

1902 851 2070 924 μέγας
2121 845 2441 921 δομέστικος
2498 854 2843 925 ἀποθνήσκει,
2890 861 2924 926 ἡ
2978 856 3022 912 δ’
3073 857 3274 914 ἐκείνου
3317 862 3549 936 πενθερὰ

1899 938 2142 1013 Εὖλογία
2198 937 2346 993 δεινὰ
2393 941 2558 994 ἐποίει
2633 949 2711 1015 τῷ
2786 945 3000 1019 βασιλεῖ
3066 947 3549 1023 προσαγγέλλουσα

1898 1027 1971 1088 ὡς
2003 1025 2229 1099 προὸώη
2283 1031 2375 1101 μὲν
2430 1031 2456 1083 ὁ
2506 1035 3004 1106 παρακοιμώμενος
3036 1037 3128 1092 τὸν
3163 1037 3370 1109 ἐκείνης
3396 1059 3546 1113 γαμ-

1897 1111 2048 1192 ϐρὸν,
2108 1119 2197 1171 καὶ
2255 1118 2327 1179 ὡς
2381 1117 2634 1189 ἐπίτηδες
2667 1123 2959 1196 κρατηθείη
3022 1125 3110 1179 καὶ
3157 1127 3311 1189 οὗτος
3341 1126 3417 1188 εἷς
3446 1125 3551 1180 πό-

1897 1204 2117 1277 λεμον,
2185 1205 2426 1279 ὀρύσσων
2492 1209 2686 1284 βόθρον
2754 1217 2833 1283 τῷ
2892 1217 3267 1289 συστρατήγῳ,
3325 1214 3414 1269 καὶ
3473 1215 3547 1276 ὡς

1897 1293 2116 1364 ἀληθῶς
2175 1296 2260 1350 ἐπὶ
2311 1298 2525 1361 τούτοις
2573 1308 2979 1375 κατηγορεῖται,
3031 1302 3235 1378 λύγους
3284 1301 3427 1378 ἔχων
3459 1305 3550 1357 καὶ
3611 1295 3614 1300 ’

1896 1385 2212 1461 συμφωνίας
2269 1389 2406 1458 πρὸς
2464 1390 2553 1442 τὸν
2616 1391 2882 1461 Πρίντζην
2945 1389 3243 1465 λόμϐάνειν
3292 1394 3391 1461 τήν
3449 1396 3547 1446 τοῦ

1894 1472 2131 1549 Λάσκαρι
2166 1473 2450 1550 Θεοδώρου
2483 1482 2576 1532 τοῦ
2609 1479 2879 1552 βασιλέως
2931 1483 3193 1557 θυγατέρα
3240 1483 3547 1557 (κεχήρωτο

1893 1563 1998 1636 γὰρ
2054 1568 2154 1616 τοῦ
2212 1561 2432 1640 ἀνδρὸς)
2483 1566 2656 1621 ἐκεῖσε
2710 1566 3018 1644 διάγουσαν,
3065 1572 3156 1624 καί
3212 1573 3327 1643 μετ’
3375 1569 3548 1624 αὐτῶν

1895 1651 2026 1704 εἶναι
2086 1651 2397 1726 παραδόντα
2455 1657 2552 1724 τήν
2606 1657 2831 1731 χώραν,
2892 1658 2979 1712 καὶ
3039 1659 3416 1734 ἀντιπράττειν
3472 1663 3553 1730 τῷ

165 1739 318 1807 νήσου,
348 1744 523 1792 πᾶσαν
558 1735 616 1792 δὲ
645 1744 909 1812 κρατῆσαι
952 1735 1150 1804 θέλων,
1207 1735 1487 1810 ὑπάρχους
1518 1733 1662 1809 ἔχων
1693 1736 1784 1790 τόν
1819 1780 1863 1843 Β
1900 1739 2132 1812 βασιλεῖ.
2187 1740 2361 1796 Ταῦτα
2391 1742 2622 1817 λέγουσα
2670 1744 2760 1799 καί
2808 1768 2870 1820 γε
2903 1733 3254 1820 προστιθεῖσα
3283 1751 3317 1818 ἡ
3369 1745 3550 1804 Εὐλο-

278 1825 550 1843 ...
816 1825 1047 1843 \.\-
1186 1824 1284 1842 ες
1662 1825 1672 1843 ρ
1937 1828 2494 1843 .
2740 1832 2884 1843 ...η
3059 1837 3088 1843 _
3229 1837 3334 1843 .-
3484 1835 3500 1843 -

165 1847 210 1880 τι
238 1827 381 1900 μέγαν
414 1825 745 1898 δομὲστικον
777 1826 867 1880 τὸν
901 1825 1080 1894 Φιλῆν
1113 1824 1202 1878 καὶ
1233 1824 1323 1878 τὸν
1355 1825 1785 1900 παρακοιμώμε-

164 1937 236 1970 νον
259 1917 566 1990 Μακρηνὸν,
599 1916 675 1979 ὡς
703 1915 814 1970 ἐνὸν
847 1915 1166 1990 ἠγωνίζετο.

281 2061 354 2128 ιζ’.
384 2059 468 2116 Τὰ
501 2060 643 2114 κατὰ
676 2059 769 2113 τὸν
803 2059 1300 2132 παρακοιμώμενον
1349 2058 1643 2133 Μακρηνὸν

822 2149 1099 2217 Ἰωάννην.

217 2275 298 2330 Ἠν
348 2272 393 2328 δ’
453 2271 767 2346 εὐδοκιμῶν
827 2275 854 2328 ὁ
911 2272 1449 2349 παρακοιμώμενος,
1508 2271 1598 2325 καὶ
1658 2271 1784 2345 παρ’

163 2362 341 2438 ἐχθροῖς
396 2360 585 2436 ὄνομα
639 2361 784 2437 ἔχων
849 2362 935 2417 ἐπὶ
997 2361 1247 2437 στρατείᾳ
1296 2360 1387 2415 καὶ
1438 2361 1500 2414 τὸ
1551 2355 1781 2436 φοϐερὸν

163 2447 562 2525 ἐνδεικνύμενος,
610 2452 751 2506 ὥστε
804 2451 895 2506 καὶ
952 2455 1048 2506 τοῦ
1097 2445 1594 2524 σεϐαστοκράτορος
1643 2447 1780 2502 ἐκεῖ-

163 2655 367 2711 omnino
398 2651 889 2727 praevertendum,
951 2650 1180 2706 facilem
1239 2652 1339 2704 aut
1377 2647 1536 2703 brevi
1569 2647 1780 2701 transi-

161 2745 374 2814 gendam
410 2757 702 2814 apparere
738 2757 750 2793 :
785 2739 956 2794 Italos
988 2740 1145 2794 enim
1198 2743 1316 2794 tam
1360 2738 1560 2809 procul
1589 2753 1717 2790 esse
1750 2753 1783 2790 a

160 2834 419 2888 reddenda
453 2829 737 2886 Romanis
770 2830 999 2900 imperii
1030 2827 1352 2898 metmpoli,
1387 2831 1451 2880 ut
1481 2826 1655 2881 etiam
1680 2842 1783 2895 spe

166 2939 256 2976 non
288 2936 532 2992 prorsus
564 2935 714 2972 vana
744 2918 1069 2988 majoribus
1102 2916 1347 2982 inhient,
1389 2920 1447 2970 et
1475 2915 1618 2969 adeo
1669 2930 1781 2968 non

161 3009 583 3066 contemnendis
616 3009 736 3063 sint
767 3007 988 3062 viribus
1045 3013 1109 3061 ut
1165 3023 1367 3062 eorum
1429 3005 1573 3060 ditio
1631 3020 1782 3074 aegre

160 3101 562 3156 Thessalonica
611 3100 873 3152 liniatur.
919 3103 1063 3168 Hac,
1113 3098 1383 3168 inquam,
1424 3096 1552 3164 ejus
1599 3095 1781 3158 omni,

163 3206 256 3258 qua
281 3192 443 3261 prius
509 3205 572 3244 se
625 3189 971 3258 jactaverat,
1031 3187 1290 3241 oratione
1343 3201 1495 3238 nunc
1527 3182 1781 3250 sublata,

158 3278 274 3334 illud
308 3281 484 3334 modo
521 3294 625 3348 pro
658 3293 718 3332 se
751 3275 1062 3346 allegabat,
1096 3275 1393 3345 regionem
1429 3290 1490 3328 se
1522 3273 1784 3326 obtinere

157 3383 303 3436 quam
326 3376 527 3438 patres
554 3365 646 3420 sui
669 3364 1318 3430 laboribus,sudoribus
1333 3379 1396 3417 ac
1416 3367 1643 3416 tantum
1670 3378 1782 3416 non

156 3457 264 3513 fuso
307 3457 584 3513 stillatim
626 3455 860 3525 proprio
910 3453 1193 3522 sanguine
1246 3455 1575 3522 parassent.
1625 3453 1814 3507 Hanc.

160 3547 538 3602 hereditatem
572 3545 648 3599 ab
679 3543 824 3614 ipsis
855 3545 924 3597 ad
960 3542 1111 3597 ﬁlios
1143 3540 1557 3596 transmissum
1600 3539 1784 3609 possi-

153 3635 269 3692 dere
296 3654 420 3692 sese
447 3639 593 3707 jure
626 3650 801 3706 quam
837 3633 1054 3704 optimo
1088 3649 1102 3686 :
1136 3647 1421 3702 quorsum
1478 3645 1615 3700 ergo
1659 3629 1785 3699 ipse

146 3723 286 3779 illam
317 3726 526 3797 inique
572 3721 975 3795 repetentibus
1026 3720 1348 3776 relaxaret?
1397 3725 1545 3773 Sane
1578 3719 1626 3773 si
1660 3720 1784 3772 red-

146 3809 316 3867 denda
336 3817 522 3875 esset,
544 3811 616 3864 iis
640 3809 836 3881 potius
853 3808 1014 3862 reddi
1035 3810 1324 3879 Oporteret
1347 3807 1562 3875 quibus
1585 3809 1782 3875 erepta

148 3900 230 3953 sit.
253 3901 374 3956 Non
390 3906 600 3956 autem
624 3899 923 3963 Romanis,
969 3897 1068 3952 sed
1112 3895 1270 3950 Italis
1308 3895 1625 3966 priusjure
1648 3892 1782 3948 belli

150 3988 747 4045 cbtinentibusterras
771 3986 966 4041 illasvi
999 3984 1314 4040 extorsisse
1349 3984 1597 4053 majores
1620 3999 1783 4049 suos,

144 4095 371 4148 quorum
401 4096 465 4135 se
493 4082 762 4149 posteros
786 4092 848 4129 ac
875 4074 1136 4129 sobolem
1169 4073 1304 4142 frui,
1325 4089 1500 4143 quam
1524 4071 1783 4143 legitime

153 4169 480 4235 crevissent,
515 4165 857 4221 hareditate
896 4179 960 4218 ac
983 4163 1337 4234 patrimonio
1360 4161 1615 4227 virtutis,
1651 4159 1784 4231 quis

145 4271 243 4310 non
275 4256 362 4312 fas
421 4265 479 4312 el
534 4270 770 4326 mquam
820 4267 950 4306 esse
993 4249 1281 4306 fateatur?
1317 4249 1454 4303 Vere
1489 4249 1780 4319 siquidem

143 4343 339 4401 dictum
370 4345 526 4400 illud
591 4343 748 4407 ferri,
811 4339 956 4396 nihil
1009 4339 1319 4412 cujusdam
1377 4338 1604 4393 meliori
1651 4339 1786 4408 jure

141 4437 428 4505 proprium
464 4433 693 4489 censeri
723 4447 900 4503 quam
931 4431 1086 4501 quod
1122 4433 1403 4500 satagens
1436 4427 1691 4499 quisque
1721 4443 1786 4482 ac

143 4523 474 4590 periclitans
508 4539 687 4576 manu
722 4520 834 4576 sibi
867 4536 932 4574 ac
955 4523 1135 4575 Marte
1167 4516 1477 4590 quaesierit.
1504 4520 1660 4572 Inter
1680 4517 1788 4572 bas

140 4613 476 4683 utrinquein
493 4611 738 4682 longum
757 4610 1140 4681 procedentes
1172 4608 1430 4676 suajura
1452 4606 1588 4660 hinc
1610 4611 1786 4677 atque

1892 1828 1980 1901 γία
2010 1830 2148 1903 πρὸς
2178 1831 2266 1883 τὸν
2302 1829 2534 1910 ἀδελφὸν
2565 1836 2760 1904 πιθανή
2797 1832 2990 1889 ἐδόκει·
3054 1837 3122 1904 ἦν
3181 1837 3285 1911 γὰρ
3317 1837 3375 1891 ἐκ
3404 1835 3548 1890 πολ-

1897 1916 1996 1972 λοῦ
2054 1924 2276 1974 τοιαῦτα
2324 1921 2554 1984 ἀκούσας
2609 1923 2732 1996 περὶ
2780 1923 2986 1978 ἐκείνου
3039 1926 3125 1979 καὶ
3187 1927 3214 1979 ὁ
3269 1924 3547 2000 βασιλεύς.

1895 2007 2130 2062 Συνίστα
2163 2006 2218 2063 δὲ
2265 2010 2358 2071 τὰς
2407 2013 2738 2087 κατηγορίας
2788 2014 2878 2068 καὶ
2924 2013 2991 2068 τὰ
3040 2019 3137 2068 τοῦ
3187 2011 3383 2086 ἀνδρὸς
3424 2034 3550 2068 κατ-

1894 2097 2211 2169 ορθώματα,
2245 2098 2318 2160 ὡς
2372 2098 2512 2162 εἷκὸς
2564 2101 2693 2156 εἶναι
2745 2103 2916 2166 οὕτως
2955 2100 3351 2176 εὐδοκιμοῦντα
3381 2101 3549 2158 ὑπελ-

1895 2189 2003 2247 θεῖν
2051 2187 2252 2240 ἐκεῖνον
2310 2188 2400 2241 τὸν
2458 2189 2724 2264 Πρίντζην
2784 2191 2871 2244 καὶ
2932 2195 3155 2245 τοιαῦτα
3210 2191 3324 2263 μετ’
3383 2188 3548 2244 αὐτοῦ

1893 2273 2300 2342 συσκευάζεσθαι
2338 2321 2351 2333 .
2428 2278 2496 2330 Τὸ
2558 2275 2615 2332 δὲ
2671 2299 2733 2352 γε
2787 2278 2922 2353 πρὸς
2982 2279 3080 2347 τήν
3135 2279 3398 2354 θυγατέρα
3451 2281 3549 2332 τοῦ

1899 2364 2168 2436 βασιλέως
2195 2363 2366 2428 κῆδος
2397 2367 2487 2420 καὶ
2519 2364 2641 2420 λίαν
2676 2367 2855 2422 ἱκανὸν
2890 2368 3140 2441 οἰόμενος
3171 2368 3374 2424 πείθειν
3409 2367 3547 2422 ἐκεῖ·

1895 2471 1984 2505 νον
2019 2451 2092 2514 ὡς
2139 2452 2415 2528 μεγίστοις
2468 2451 3068 2531 ἒπιγαμϐρευσόμενον,
3116 2457 3206 2512 καὶ
3259 2455 3383 2513 λίαν
3407 2477 3550 2531 παρ-

1892 2651 2000 2719 ria,
2026 2654 2150 2724 jam
2185 2654 2339 2725 apud
2375 2653 2574 2710 hostes
2605 2654 2849 2710 celebris
2891 2655 3046 2710 fama
3094 2654 3316 2727 peritiae
3350 2669 3546 2710 rerum

1891 2741 2234 2797 bellicarum
2259 2749 2316 2798 et
2336 2761 2402 2799 eo
2426 2745 2662 2799 nomine
2686 2745 2828 2816 ipsis
2850 2744 3164 2800 formidati.
3187 2744 3348 2798 Unde
3371 2744 3538 2799 seba-

1892 2836 2209 2886 stocratore
2235 2831 2394 2887 illinc
2427 2837 2621 2903 postea
2656 2833 2981 2896 recedente,
3016 2832 3064 2886 is
3097 2832 3175 2886 ibi
3209 2848 3342 2886 cum
3375 2831 3538 2887 Phile

1893 2925 1983 2974 est
2013 2920 2271 2978 relictus.
2299 2927 2362 2974 ut
2398 2922 2675 2976 exercitui
2711 2925 3046 2992 pra’essent.
3082 2922 3205 2985 Qua
3237 2921 3294 2973 in
3331 2920 3534 2990 praefe—

1893 3015 2056 3062 ctura
2087 3026 2219 3063 cum
2255 3027 2404 3078 saepe
2438 3027 2712 3081 prospere
2746 3009 3303 3080 pugnassent,208
3345 3006 3534 3062 semel

1893 3098 2277 3163 offenderunt,
2302 3099 2384 3152 ita
2417 3104 2480 3152 ut
2504 3097 2696 3168 praclio
2727 3099 2986 3153 infausto
3019 3097 3183 3152 ambo
3215 3097 3367 3167 capti
3399 3096 3536 3151 bos-

1893 3187 2039 3240 tium
2069 3187 2338 3240 custodia
2377 3186 2801 3250 detinerentur,
2826 3187 2882 3240 in
2909 3203 3025 3256 qua
3048 3202 3296 3256 magnus
3337 3186 3538 3240 dome-

1896 3276 2077 3331 sticus
2100 3280 2488 3330 estmortuus.
2513 3275 2698 3345 Hujus
2720 3292 2920 3330 socrus
2948 3274 3182 3343 Eulogia
3203 3291 3336 3329 cum
3357 3275 3536 3330 istum

1898 3365 2174 3419 nuntium
2207 3363 2403 3418 dolore
2452 3381 2558 3419 suo
2591 3364 2845 3418 maximo
2897 3365 3162 3418 auditum
3195 3364 3534 3435 imperatori

1897 3455 2154 3521 referret,
2181 3455 2477 3526 proditum
2512 3453 2583 3508 ab
2616 3454 2764 3509 sacri
2789 3452 3043 3507 cubiculi
3074 3453 3338 3524 praefecto
3361 3470 3534 3509 suum

1895 3559 2173 3613 generum
2203 3548 2410 3614 questa
2438 3549 2545 3609 est,
2577 3559 2846 3597 asserens
2878 3540 3168 3596 volentem
3199 3544 3533 3596 Macrenum

1896 3632 2044 3686 bello
2075 3632 2318 3698 victum,
2361 3633 2565 3700 fuisse,
2589 3636 2645 3687 et
2670 3647 2738 3686 ex
2768 3631 3092 3700 composito
3124 3630 3429 3684 inductum
3462 3631 3534 3683 ab

1891 3721 2020 3791 ipso
2053 3721 2108 3774 in
2134 3721 2395 3791 provisas
2427 3721 2674 3776 insidias
2707 3737 2982 3789 magnum
3017 3720 3424 3774 domesticum.
3467 3722 3535 3772 Et

1892 3825 2087 3864 revera
2120 3811 2385 3879 quredam
2410 3809 2775 3864 increbuerat
2795 3825 2905 3863 non
2922 3824 3162 3878 prorsus
3181 3806 3532 3877 inverisimi-

1892 3897 1963 3952 lis
1999 3897 2132 3952 talis
2162 3899 2414 3968 perfidia
2447 3898 2664 3969 opinio,
2689 3896 2890 3952 multis
2923 3913 2989 3950 ex
3022 3895 3352 3966 suspicione
3375 3897 3533 3950 ai'lir-

1893 3987 2192 4041 mantibus
2225 3987 2416 4057 egisse
2461 3986 2606 4039 clam
2643 3990 2702 4039 et
2731 3984 3074 4039 convenisse
3105 4000 3238 4038 cum
3273 3983 3534 4055 principe

1892 4081 2251 4144 Macrenum,
2274 4075 2563 4146 promissa
2585 4073 2720 4127 huic
2744 4074 2816 4128 ab
2838 4073 2936 4128 illo
2958 4072 3245 4128 Theodori
3267 4075 3535 4128 Lascaris

1892 4165 2262 4235 imperatoris
2287 4164 2490 4235 nuperi
2519 4163 2671 4217 ﬁlia:
2700 4161 2820 4216 haec
2839 4162 2994 4216 enim
3019 4161 3097 4216 ibi
3123 4164 3326 4231 nupta,
3361 4167 3425 4216 ut
3454 4160 3538 4216 di—

1895 4254 2088 4308 ximus
2117 4253 2236 4308 viro
2282 4253 2492 4308 deinde
2541 4255 2772 4306 mortuo
2806 4251 2958 4323 apud
3013 4250 3336 4321 principem
3363 4251 3541 4306 vidua

1897 4344 2215 4414 perstabat.
2240 4341 2572 4396 Pollicitum
2592 4345 2784 4395 autem
2811 4339 2911 4394 tali
2929 4339 3191 4393 mercede
3206 4339 3542 4396 Macrenum

1896 4432 2131 4487 aiebant
2154 4431 2508 4486 traditurum
2524 4446 2650 4485 sese
2667 4429 2915 4501 principi
2940 4445 3065 4500 quae
3088 4428 3335 4483 Romani
3359 4429 3415 4484 in
3439 4429 3542 4484 Pe-

1897 4522 2214 4592 loponneso
2237 4525 2534 4591 ceperant,
2575 4524 2632 4574 et
2670 4519 3010 4589 imperatori
3035 4521 3319 4588 quantum
3346 4533 3544 4588 posset

1898 4611 2430 4665 obstiturum.Ha3c
2471 4607 2717 4679 Eulogia
2767 4607 2931 4661 fratri
2956 4607 3158 4660 dicens
3202 4607 3545 4662 verisimilia

140 4667 681 4774 indealleéantiu’m
717 4667 1127 4753 altercationes
1158 4667 1337 4767 cepim
1388 4695 1633 4751 Joannis
1682 4667 1784 4751 de-
1817 4667 1863 4727 Β
1894 4699 2052 4769 loqui
2083 4699 2209 4753 visa
2229 4703 2338 4767 est,
2364 4713 2429 4751 eo
2450 4667 2990 4767 quodjamdudum
3016 4695 3156 4750 talia
3177 4694 3246 4751 de
3271 4695 3539 4752 Macreno

138 4795 305 4859 epota
335 4793 522 4846 ductu
549 4789 873 4844 militantes
895 4790 1128 4857 tempus
1170 4801 1291 4840 rem
1318 4785 1784 4856 regendicontri-

137 4885 352 4934 verunt.
391 4886 469 4934 At
511 4879 946 4934 sebastocrator
968 4874 1432 4930 Monembasiam
1457 4879 1512 4927 et
1535 4873 1785 4928 circum-

139 4969 317 5036 posita
345 4968 633 5024 obsidens
657 4966 834 5037 loqua
856 4963 1118 5036 quotidie
1138 4980 1268 5018 cum
1288 4963 1549 5035 principe
1567 4979 1786 5034 pugna-

135 5054 404 5110 batznon
440 5054 598 5109 enim
632 5069 698 5108 ea
716 5069 894 5124 quam
930 5051 1178 5106 Romani
1205 5052 1329 5121 jam
1361 5057 1786 5121 occupaverant

139 5143 514 5213 Peleponnesi
539 5147 703 5214 parte
725 5145 1060 5205 contentus,
1095 5139 1429 5194 universan
1466 5140 1786 5212 subjugare

135 5232 464 5297 aﬂ'ectabat,
489 5232 559 5286 ad
594 5231 650 5284 id
690 5230 802 5300 ipsi
834 5245 938 5300 pro
971 5228 1122 5283 virili
1158 5229 1611 5296 c00perantibus
1637 5246 1785 5299 quos

137 5319 238 5372 sub
270 5337 332 5374 se
362 5320 622 5375 habebat
653 5320 856 5385 duces,
884 5317 1045 5372 Phile
1081 5315 1400 5389 praesertim
1437 5333 1650 5388 magno
1683 5319 1783 5373 do-

131 5407 372 5462 mestico
407 5412 465 5462 et
494 5413 761 5462 Macreno
795 5405 944 5460 sacri
979 5405 1230 5460 cubiculi
1262 5405 1553 5475 prazfccto.

181 5496 270 5550 17.
302 5497 379 5550 De
399 5497 612 5551 Joanne
637 5499 905 5551 Macreno
925 5494 1154 5564 Augusti
1173 5495 1426 5549 cubiculi
1452 5499 1733 5565 prwfecto.

196 5583 263 5638 In
299 5584 401 5640 bis
435 5586 581 5641 sacri
614 5582 876 5639 cubiculi
913 5583 1168 5654 praefecti
1200 5582 1492 5655 praecipua
1522 5592 1644 5639 erat
1667 5587 1786 5657 glo-

423 5703 687 5766 PATBOL.
735 5703 848 5764 Gn.
887 5700 1150 5762 CXLIII.

1891 4789 2212 4858 imperator
2267 4786 2546 4841 audisset.
2607 4785 2914 4840 Addebant
2945 4789 3140 4840 autem
3185 4783 3545 4841 accusationi

1893 4877 2064 4930 ﬁdem
2092 4876 2263 4929 fortia
2294 4875 2398 4928 viri
2424 4877 2667 4942 facta,ex
2688 4874 2905 4946 quibus
2927 4873 3205 4929 credibile
3228 4875 3548 4945 apparebat

1893 4970 2165 5020 conatum
2201 4963 2383 5018 fuisse
2424 4963 2749 5035 principem
2803 4962 3046 5017 delinire
3095 4968 3210 5017 tam
3262 4961 3546 5034 inclytum

1893 5054 2044 5108 bello
2077 5054 2286 5108 ducem
2319 5057 2374 5107 et
2406 5053 2463 5107 in
2497 5069 2635 5108 suas
2659 5069 2791 5107 eum
2817 5057 3012 5121 partes
3042 5052 3356 5107 attrahere.
3381 5052 3542 5115 Quod

1895 5159 2066 5215 porro
2092 5143 2420 5197 addebatur
2442 5143 2512 5197 de
2553 5143 2800 5213 conjuge
2824 5142 2937 5213 ipsi
2962 5142 3251 5196 destinata
3276 5141 3398 5195 ﬁlia
3427 5141 3543 5194 im-

1898 5231 2178 5305 peratoris
2209 5231 2518 5302 Theodori,
2551 5231 2606 5285 id
2641 5237 2697 5286 et
2727 5231 3148 5285 efﬁcassimum
3183 5229 3542 5285 incentivum

1896 5321 2126 5392 quidvis
2149 5322 2402 5376 audendi
2446 5325 2716 5375 Macreno
2761 5320 3021 5373 futurum
3063 5319 3318 5386 videbat,
3346 5316 3550 5386 utique

1897 5427 2129 5466 summe
2149 5409 2493 5479 expetibiles
2520 5410 2664 5463 tales
2690 5408 2928 5480 nuptias
2953 5407 3061 5462 sibi
3087 5408 3376 5461 creditum
3410 5420 3545 5475 pro-

1896 5506 2025 5570 pter
2043 5499 2387 5554 afﬁnitatem
2413 5515 2589 5570 quam
2625 5514 2725 5567 per
2751 5513 2848 5551 eas
2873 5513 3006 5551 cum
3050 5494 3325 5550 maximis
3372 5490 3548 5546 iniret

1897 5589 2196 5643 domibus.
2231 5587 2455 5658 thuia
2502 5587 2652 5640 idem
2680 5584 3124 5639 matrimonium
3174 5580 3547 5654 ρρτῑευιυεὶε-

3189 5701 3260 5757 21
