3920 6196
381 249 484 305 651

1687 237 1990 293 GEORGII
2029 235 2494 295 PACHYMERE
3609 245 3696 303 652

382 372 582 439 ἔκνιζεν
614 368 692 429 εἷς
741 364 905 440 ὀργῆν
958 360 1048 416 διὰ
1091 361 1191 428 τήν
1239 363 1335 413 τοῦ
1396 357 1586 429 μίσους
1631 363 1732 425 τῆς
1780 354 2031 430 γυναικὸς
2066 360 2117 424 Α
2148 355 2236 410 καὶ
2299 357 2582 434 βασιλικὸν
2616 358 2874 437 φρόνημα
2925 361 2953 415 ὁ
3010 361 3170 436 ἀνὴρ,
3222 359 3304 418 καὶ
3354 361 3408 417 οὗ
3442 362 3698 442 κατεδέχετο

385 456 638 530 ὑποψίαν.
699 455 854 514 δοθέν
902 449 991 503 καὶ
1051 449 1124 508 ὡς
1167 447 1403 516 ἀληθινὰ
1447 447 1513 500 τά
1561 445 1761 509 πιθανᾶ
1810 442 2036 515 δεξάμε-

381 567 491 612 νος,
524 545 786 615 τιμωρεῖν
817 538 1123 612 παραυτίκα
1152 534 1316 604 ἤθελε
1346 535 1435 590 καὶ
1467 534 1613 608 παρᾶ
1659 539 1775 595 τοῖς
1811 533 2038 607 έχθροῖς

382 634 433 687 ἐν
479 635 545 703 τῇ
579 628 797 706 φυλακῇ
849 623 1251 700 συνισχημένον
1301 626 1390 677 τὸν
1439 621 1622 696 ἄνδρα.
1671 621 1771 677 Καὶ
1820 620 2037 693 πέμψας

382 721 539 775 αὐτὸν
597 713 956 773 ἀνταλλάττει
1020 713 1284 790 μεγίστων
1343 713 1651 787 προσώπων
1714 709 2037 779 Ἰταλικῶν,

380 809 468 862 καὶ
528 802 874 881 παρασχεδὸν
940 806 1048 858 τῶν
1118 800 1418 878 ὀφθαλμῶν
1478 801 1781 876 ἀφαιρεῖται
1817 840 1830 863 ,
1892 797 2041 869 ἀξίας

383 893 684 956 ἀντιδόσεις
737 891 919 953 διδοὺς
976 895 1084 946 τῶν
1145 888 1643 966 ἀνδραγαθημάτων
1705 889 1775 941 ὧν
1834 885 2037 948 ἐκεῖνος

382 984 662 1061 εἰργάζετο
711 982 847 1036 κατὰ
894 979 1162 1052 πόλεμον,
1220 984 1338 1040 τοῖς
1391 977 1612 1054 ἐχθροῖς
1665 975 1919 1050 γενναίως
1947 973 2038 1028 καὶ

385 1071 656 1150 ἀνδρικῶς
706 1070 1113 1141 ἀνθιστάμενος.
1172 1065 1334 1123 Ἀλλ’
1393 1065 1536 1121 οὕτω
1589 1066 1684 1137 μὶν
1737 1071 1826 1119 καί
1871 1068 2041 1118 ταῦτα

383 1157 605 1231 συνέϐη·
640 1162 668 1216 ὁ
701 1158 758 1215 δέ
786 1181 845 1234 γε
895 1155 1332 1232 πρωτοστράτωρ
1361 1153 1834 1230 Φιλανθρωπηνὸς
1881 1151 2032 1210 Ἀλέ-

382 1253 494 1322 ξιος
551 1255 672 1312 ταῖς
729 1250 919 1317 νήσοις
964 1244 1283 1321 προσίσχων
1341 1244 1436 1307 τὰς
1479 1247 1606 1304 ναῦς
1658 1243 1742 1316 (τὸ
1788 1242 1890 1318 γὰρ
1936 1249 2039 1296 Γα-

385 1337 686 1413 σμουλικὸν
750 1335 1096 1412 θαρρούντως
1162 1335 1281 1408 εἶχε
1335 1333 1471 1407 πρὸς
1523 1332 1622 1394 τὰς
1685 1333 1904 1407 μάχας,
1963 1331 2039 1393 ὡς

384 1429 580 1492 αὐτοὺς
634 1429 729 1502 μὲν
761 1426 898 1501 πρὸς
936 1423 1147 1499 μάχην,
1179 1421 1306 1484 τοὺς
1337 1419 1394 1477 δέ
1422 1443 1486 1497 γε
1535 1421 1865 1498 λεγομένους
1897 1441 2038 1496 προ-

383 1518 658 1580 σελῶντας
690 1517 766 1578 εἰς
804 1513 1024 1571 ἐλασίαν
1075 1511 1164 1567 καὶ
1220 1511 1390 1584 μόνην
1439 1509 1768 1583 τάττεσθαι),
1817 1508 2038 1584 προσέτι

385 1606 443 1664 δὶ
488 1607 579 1662 καὶ
639 1603 954 1661 Λακωνικὸν
1004 1597 1150 1678 ἔχων
1206 1599 1298 1663 οὓς
1349 1597 1416 1669 δὴ
1466 1599 1572 1654 ἀπὸ
1617 1599 2040 1669 Πελοποννήσου

387 1697 681 1771 μετῴκιζεν
718 1695 745 1747 ὁ
775 1696 1012 1768 κρατῶν,
1042 1690 1276 1752 τούτους
1305 1690 1508 1752 πάντας
1547 1687 1635 1743 ἐπὶ
1667 1693 1812 1758 νηῶν
1862 1689 2036 1766 φέρων

383 1786 578 1841 ἐκάκου
609 1785 703 1845 τάς
728 1785 931 1852 νήσους
961 1779 1052 1835 καὶ
1082 1781 1174 1835 τὸν
1207 1783 1314 1834 τῶν
1349 1777 1562 1854 ἐχθρῶν
1615 1776 1856 1832 πλοῦτον
1905 1797 2040 1853 προ-

386 1882 517 1950 σῆγε
544 1878 626 1947 τῷ
665 1869 900 1949 βασιλεῖ.

391 1993 512 2065 ιη’.Α
543 1983 832 2065 Πρεσᾷεῖαι
901 1986 1039 2065 προς
1100 1986 1303 2065 πάτεαν,
1349 1983 1450 2065 Δκαὶ
1508 1981 1661 2065 ὅπως
1790 1981 2042 2065 βασιλεὺς

459 2061 526 2118 τὰ
592 2054 714 2137 περὶ
783 2059 873 2115 τὸν
945 2054 1116 2129 Άῖμον
1196 2054 1531 2137 διατεθείκιι,
1604 2054 2041 2137 eamagema:-

461 2154 568 2188 των
640 2123 759 2195 τοῖς
833 2123 1160 2206 στρατήγοῖς
1214 2133 1322 2183 τῶν
1404 2126 1682 2198 δυνάμεων
1747 2123 1890 2182 οἷ’κοι
1948 2148 2042 2181 κα-

461 2207 720 2278 ϐήμενος,

463 2322 545 2393 [Ρ.
578 2319 704 2391 MO]
735 2317 812 2374 Οὐ
847 2317 954 2390 μὴν
988 2313 1116 2370 ἀλλ’
1172 2312 1292 2370 οὐδ⁹
1338 2316 1365 2369 ὁ
1402 2312 1656 2390 βασιλεὺς
1700 2311 1841 2368 οἷ’κοι
1874 2315 2042 2383 καθή-

395 2428 556 2482 μενος
614 2405 879 2482 ἠπράκτει
929 2404 1020 2459 καὶ
1082 2409 1188 2459 τῶν
1241 2404 1576 2479 πραγμάτιον
1624 2401 2042 2480 κατερῥᾳθύμει,

391 2496 594 2568 πόθενς
652 2492 869 2550 πολλοῦ
899 2515 962 2570 γε
1012 2494 1102 2548 καὶ
1158 2491 1260 2551 δεῖ.
1307 2494 1441 2567 Εἶχε
1467 2492 1569 2569 γὰρ
1598 2498 1716 2556 τοῖς
1761 2491 2045 2562 ἀληθείαις

393 2699 613 2756 simum
639 2697 817 2754 rebus
841 2696 966 2752 suis
986 2693 1879 2766 futurumintelligebat,idoirco
1897 2695 2051 2766 quod

400 2805 528 2846 eam
562 2787 870 2844 mulierem
904 2788 1106 2857 utpote
1139 2800 1398 2840 sororem
1433 2782 1695 2838 exczecati
1725 2799 1758 2838 a
1789 2799 1850 2838 se
1868 2782 2050 2839 Joan-

398 2879 491 2934 nis
515 2876 631 2934 sibi
665 2893 796 2932 esse
828 2874 1120 2930 infensam
1149 2872 1584 2944 suspicabatur,
1618 2872 1947 2928 concitatus
1990 2873 2050 2929 in

395 2967 802 3023 vehementem
836 2965 1070 3030 iram,et
1091 2979 1219 3034 quas
1251 2966 1482 3018 tantum
1508 2961 2052 3018 verisimititernar-

400 3055 704 3121 rebantur,
729 3071 832 3126 pro
859 3053 1013 3108 veris
1047 3057 1103 3107 et
1134 3051 1375 3106 omnino
1425 3050 1597 3106 certis
1630 3049 1854 3106 habens
1889 3056 2048 3106 atro-

2146 447 2670 520 περιφρονούμενος.
2724 449 2882 511 Ὅθεν
2935 447 3024 502 καὶ
3058 447 3304 522 συχνάκις
3356 449 3436 521 μὲν
3483 450 3594 524 πρὸς
3628 454 3698 508 τὸν

2146 535 2326 590 πάπαν
2386 531 2638 610 πρέσϐεις
2695 536 2849 611 ἐξῆγε
2903 539 2992 592 καὶ
3053 534 3246 609 δώροις
3300 538 3568 613 ὑπήρχετψ
3615 544 3698 595 αἲὶν

2146 624 2250 697 γὰρ
2321 623 2520 679 ἐκεῖθεν
2595 627 2685 679 τὸν
2760 623 3002 680 κίνδυνον
3075 627 3445 695 καθυώπτευεν,
3498 628 3557 688 ὠς
3604 629 3701 698 μηδ’

2149 711 2397 766 ὁπωσοῦν
2451 714 2841 786 ἠρεμησάντων
2901 719 3008 768 τῶν
3063 713 3300 771 Ἰταλῶν.
3355 716 3424 768 Δι’
3452 714 3513 769 ὧν
3542 717 3612 770 καὶ
3635 718 3703 770 τὰ·

2145 803 2282 856 κεῖθι
2341 803 2416 864 ὡς
2475 802 2588 857 ἐνὸν
2643 803 3179 880 κατασφαλιζόμενος
3225 802 3468 878 ἐπεχείρει
3510 811 3602 867 τοῖς
3635 805 3704 862 ἀλ-

2149 890 2179 945 λ
2403 891 2416 910 ῖ
2442 892 2454 910 ι
2507 893 2520 913 I
2944 899 2966 909 ν
3124 897 3148 907 -
3392 892 3430 922 ,ο
3605 895 3614 910 ι
3645 891 3663 910 κ

2187 912 2266 952 οις
2326 894 2689 968 θαρρουντως.
2755 901 2994 966 Συχναις
3053 915 3180 968 γουν
3229 888 3506 967 πρεσϐειαις
3545 912 3706 948 καιδε-

2147 979 2357 1049 ξιώσεσι
2394 982 2468 1054 μὴ
2506 983 2672 1054 μόνον
2701 983 2792 1036 τὸν
2835 983 3034 1052 πάπαν,
3067 981 3212 1037 ἀλλά
3257 982 3340 1034 καὶ
3385 980 3593 1042 πολλὼς
3627 988 3706 1036 τῶν

2145 1066 2527 1144 καρδηναλίων
2559 1071 2648 1126 καὶ
2679 1075 2785 1126 τῶν
2818 1072 2944 1144 παρ’
2996 1070 3186 1142 ἐκεινῳ
3243 1067 3524 1142 δυναμένων
3553 1069 3712 1142 ἒξεμει-

2147 1155 2382 1214 λίσσετο.
2439 1159 2585 1232 Πρὸς
2637 1155 2692 1212 δέ
2739 1178 2799 1232 γε
2847 1157 2974 1221 τοὺς
3005 1156 3366 1232 Βουλγάρους,
3407 1155 3506 1211 οὐδ’
3534 1157 3713 1218 ἐκείνους

2146 1245 2369 1318 ἠρεμεῖν
2405 1243 2506 1316 εἷά,
2538 1244 2666 1301 ἀλλ’
2692 1247 2750 1301 ἐκ
2779 1251 2876 1301 τοῦ
2907 1246 3163 1320 σύνεγγυς
3205 1246 3475 1321 παρεκίνει.
3518 1249 3600 1301 Ἢν
3639 1246 3712 1321 γὰρ

2146 1334 2235 1387 καὶ
2267 1333 2454 1397 ἄλλως
2503 1336 2777 1414 προφανές
2797 1336 2859 1390 τὸ
2907 1336 3042 1412 πρὸς
3074 1333 3273 1389 ἐκεῖνον
3319 1331 3467 1410 ἔχθος
3491 1339 3574 1388 τοῦ
3597 1338 3716 1390 Κων-

2149 1424 2449 1491 σταντίνου,
2509 1424 2932 1501 ἐξοτρυνομένου
2980 1424 3127 1497 παρὰ
3184 1431 3281 1493 τῆς
3323 1424 3550 1500 γυναικὸς
3587 1423 3718 1496 Εἰρή-

2145 1533 2243 1581 νης
2295 1517 2389 1567 τοῦ
2449 1511 2643 1575 παιδὸς
2700 1515 2860 1588 χάριν
2914 1515 3168 1569 Ἰωάννου
3228 1509 3450 1590 ἀδελφοῦ
3487 1533 3538 1586 γε
3585 1508 3721 1578 ὄντος,

2145 1601 2234 1656 καὶ
2267 1600 2339 1655 ὧν
2399 1601 2450 1672 ἐξ
2486 1603 2722 1678 ὑπογύου
2755 1603 2856 1658 οὐκ
2911 1600 3159 1673 ἐνδίκως,
3217 1603 3259 1656 ὦ
3315 1599 3452 1669 δίκη,
3496 1601 3723 1656 πέπονθεν.

2149 1691 2382 1765 Ἀνάγκη
2442 1689 2488 1745 δ’
2534 1694 2602 1762 ἦν
2653 1691 2819 1767 ἔχθος
2877 1688 3072 1767 ἔχοντα
3127 1692 3256 1766 παρ’
3310 1691 3508 1746 ἐκείνων
3550 1691 3624 1743 τὸν
3652 1689 3727 1763 βα-

2147 1786 2303 1833 σιλέα
2331 1779 2420 1834 καὶ
2468 1779 2626 1835 αὐτὸν
2675 1777 2978 1855 ἐχθραίνειν
3027 1780 3118 1834 καὶ
3163 1779 3411 1850 ἀντιξύειν
3438 1779 3518 1833 τὸν
3560 1776 3722 1847 ﬁdem.

2149 1869 2360 1943 Μέχρις
2413 1867 2502 1923 οὖν
2560 1867 2902 1943 Ὀρεστιάδος
2959 1869 3289 1944 ὁριζομένης
3337 1875 3429 1936 τῆς
3481 1862 3729 1938 Ῥωμαίδος

2150 1957 2239 2011 καὶ
2301 1958 2462 2030 μόλις
2509 1954 2796 2032 πρότερον,
2831 1959 2906 2021 ὡς
2936 1963 3044 2013 τῶν
3094 1957 3292 2021 ἐκεῖθεν
3324 1957 3420 2010 ὑπὸ
3448 1954 3726 2028 Βουλγάροις

2153 2042 2361 2114 ὄντων,
2419 2049 2648 2120 πέμπων
2701 2047 2865 2110 αὐτὸς
2925 2046 3128 2122 συχνὰς
3189 2045 3483 2106 ἀποστολὰς
3531 2063 3728 2118 στρατευ·

2156 2137 2358 2208 μάτων,
2417 2137 2578 2200 αὐτὸς
2633 2135 2871 2201 ἐντεῦθεν
2905 2134 3345 2209 διαταττόμενος,
3399 2136 3457 2189 τὸ
3493 2134 3730 2206 θαυμάσιον

2151 2226 2263 2296 (καὶ
2312 2225 2415 2300 γὰρ
2444 2223 2476 2279 ἃ
2523 2227 2616 2299 μὲν
2670 2222 2862 2299 ξυνέϐη
2915 2224 3072 2298 ἰδεῖν,
3121 2225 3336 2288 τούτοις
3367 2218 3735 2300 γινώσκωδτοῦς

2152 2315 2541 2387 πεμπομένους
2599 2314 2870 2388 ἐπέταττε,
2919 2316 3011 2370 καὶ
3067 2313 3202 2370 ὅπευ
3253 2310 3650 2392 προσκαθίσαιντ’
3689 2307 3730 2362 ἂν

2153 2403 2242 2458 καὶ
2299 2405 2448 2466 ὅπως
2502 2399 2830 2476 ξυμϐαλοῖεν
2880 2404 2971 2460 καὶ
3022 2403 3139 2469 ὅθεν
3200 2405 3509 2478 ὁρμήσαιντ⁹
3549 2397 3739 2468 ἃν,ἢὲκ

2155 2490 2344 2567 λόχων
2395 2491 2429 2562 ἢ
2480 2493 2722 2570 φανεροὶ,
2772 2493 2981 2568 ἡμέρας
3012 2493 3046 2563 ἢ
3090 2493 3181 2548 καὶ
3230 2495 3439 2565 νυκτὸς,
3476 2493 3651 2546 τάττων
3674 2486 3736 2540 ἐν·

2163 2701 2220 2752 et
2249 2697 2450 2753 crebro
2481 2697 2550 2753 ad
2585 2713 2796 2770 papam
2833 2697 3058 2769 legatos
3112 2698 3303 2766 misit,
3353 2701 3409 2754 et
3449 2695 3601 2752 donis
3639 2709 3740 2748 eam

2163 2785 2427 2842 delinivit
2451 2804 2464 2842 :
2491 2803 2623 2842 nam
2656 2786 2793 2842 inde
2813 2788 3050 2843 assidue
3065 2786 3394 2858 periculum
3409 2782 3743 2858 suspectabat,

2162 2890 2465 2945 nunquam
2497 2875 2807 2946 quieturis,
2841 2881 2908 2930 ut
2954 2876 3304 2947 apparebat,
3355 2875 3528 2931 Italis.
3576 2877 3742 2926 Verum

2160 2963 2447 3036 optimum
2484 2967 2636 3020 factu
2671 2965 2914 3036 putabat
2939 2965 3152 3021 ofﬁciis
3201 2970 3260 3021 et
3309 2960 3744 3037 propositionibus

2160 3053 2339 3123 pacis,
2369 3053 2563 3124 quoad
2601 3053 2722 3108 fieri
2750 3057 2994 3124 poterat,
3037 3071 3129 3110 res
3153 3055 3226 3108 ab
3258 3071 3321 3109 ea
3347 3061 3503 3124 parte
3544 3051 3746 3109 ﬁrmare,

403 3146 547 3200 citer
579 3143 780 3199 ulcisci
813 3142 899 3198 vel
934 3143 1183 3214 primam
1218 3141 1392 3196 istius
1419 3139 1590 3194 invisi
1625 3139 1736 3194 sibi
1771 3140 2050 3195 connubii
2083 3128 2124 3192 C
2162 3158 2274 3211 quo
2307 3148 2504 3212 posset
2533 3142 2656 3212 ipse
2687 3141 3045 3198 securiorem
3102 3143 3229 3211 jam
3290 3141 3506 3196 caeteris
3547 3141 3746 3192 mentem

409 3232 819 3305 cogitationem
868 3231 924 3285 in
987 3231 1137 3287 209
1197 3229 1467 3286 Macreno
1517 3228 1846 3284 constituit.
1906 3230 2052 3299 Ergo

407 3337 544 3378 eum
576 3321 794 3376 ostium
823 3320 1015 3375 adhuc
1035 3318 2052 3390 custodiadetentum,permutatum

411 3427 548 3466 cum
580 3410 854 3466 maximis
883 3408 1147 3479 personis
1181 3407 1364 3462 Italici
1413 3406 1642 3477 generis
1683 3408 1752 3461 ad
1787 3423 1850 3462 se
1873 3408 2056 3478 jussit

410 3499 643 3568 adduci,
666 3503 722 3554 et
745 3497 1061 3570 appulsum
1093 3495 1404 3551 confestim
1436 3495 1760 3564 excecavit,
1803 3495 1954 3552 hanc
2001 3495 2053 3551 ei

410 3589 650 3662 dignam
682 3586 908 3644 scilicet
933 3585 1262 3642 mercedem
1296 3584 1623 3655 rependens
1664 3587 1749 3638 tot
1787 3583 2052 3640 heroico-

408 3695 539 3734 rum
570 3677 898 3733 facinorum
933 3675 1005 3729 ah
1036 3674 1137 3730 illo
1187 3673 1502 3741 editorum,
1545 3674 1686 3728 dum
1718 3677 1919 3728 contra
1949 3673 2056 3730 ho-

408 3773 526 3824 stes
557 3766 803 3822 Romani
832 3763 1087 3819 nominis
1121 3762 1295 3818 toties
1327 3766 1447 3816 tam
1475 3778 1753 3834 generose
1784 3779 1848 3818 ac
1889 3761 2054 3818 forti-

409 3863 498 3914 ter
526 3859 835 3928 pugnaret.
864 3854 934 3908 Et
981 3853 1102 3909 haec
1151 3853 1393 3924 quidem
1455 3852 1537 3908 sic
1585 3868 1648 3908 se
1701 3852 2053 3908 habuerunt.

407 3951 694 4006 Caeterum
754 3947 1137 4017 protostrator
1191 3941 1432 3998 Alexius
1498 3940 2053 4014 Philanthropenus,

410 4050 687 4108 egressus
716 4049 850 4090 cum
881 4031 1089 4100 classe,
1124 4047 1302 4103 quam
1352 4029 1609 4086 habebat
1655 4031 1885 4103 egregie
1934 4031 2055 4086 ins-

409 4127 661 4180 tructam
693 4121 985 4179 militibus
1016 4120 1335 4178 Gasmulici
1377 4120 1627 4192 generis,
1680 4121 1895 4190 quibus
1927 4137 2054 4175 ma-

406 4212 563 4269 xime
593 4213 654 4268 in
686 4210 902 4283 preliis
933 4211 1151 4267 ﬁdebat
1180 4209 1277 4281 (iis
1308 4207 1502 4265 solum
1551 4209 1621 4264 ad
1672 4209 1912 4265 bellicas
1962 4225 2055 4265 res

410 4304 604 4368 utens,
638 4298 772 4356 aliis
799 4315 956 4365 vero,
991 4315 1139 4370 quos
1174 4296 1540 4353 Proselontes
1569 4302 1801 4367 vocant,
1845 4298 1916 4352 ad
1961 4315 2054 4353 re-

407 4389 660 4462 migium
691 4388 1019 4456 duntaxat),
1062 4394 1339 4458 praeterea
1389 4386 1648 4440 Lacones
1697 4402 1897 4441 secum
1952 4385 2053 4442 ba-

2162 3233 2476 3285 advertere.
2510 3230 2696 3302 Igitur
2714 3231 3124 3302 frequentibus
3145 3231 3309 3287 hisce
3326 3224 3752 3286 missitationibus

2161 3318 2490 3390 legatorum
2527 3325 2583 3374 et
2633 3318 3049 3390 largitionibus
3082 3318 3420 3390 magniﬁcis
3450 3333 3556 3372 non
3585 3325 3751 3386 papam

2156 3406 2376 3488 solum,
2407 3408 2508 3463 sed
2545 3409 2763 3464 multos
2821 3407 2998 3463 etiam
3051 3408 3210 3464 210
3270 3405 3634 3463 cardinalium
3680 3400 3753 3488 aut

2161 3487 2379 3568 alioqui
2410 3498 2562 3569 apud
2595 3497 2790 3569 ipsum
2824 3496 3156 3568 potentium
3191 3497 3470 3552 studebat
3497 3487 3746 3549 demereri.

2158 3587 2316 3651 Quod
2337 3586 2617 3658 Bulgaros
2637 3585 3210 3657 attinet,nequeillos
3225 3585 3523 3658 quiescere
3544 3577 3750 3654 patieba-

2159 3680 2277 3745 tur,
2309 3676 2410 3731 sed
2441 3691 2470 3730 e
2501 3675 2691 3730 vicino
2723 3675 3068 3730 lacessebat.
3095 3679 3232 3730 Erat
3263 3674 3422 3730 enim
3455 3670 3657 3745 publice
3674 3681 3748 3720 no.

2159 3769 2284 3819 tum
2315 3765 2599 3820 adversus
2623 3764 3036 3835 imperatorem
3057 3762 3259 3818 odium
3285 3757 3635 3819 Constantini
3653 3751 3751 3808 Bul-

2159 3853 2590 3925 gari,continuo
2613 3851 2900 3908 stimulati
2930 3853 3000 3907 ad
3026 3852 3081 3906 id
3107 3852 3181 3907 ab
3197 3869 3378 3908 uxore
3400 3853 3556 3906 [rene
3572 3848 3756 3920 propter

2161 3959 2407 4014 puerum
2450 3942 2737 3998 Joannem
2791 3941 3028 3996 fratrem
3076 3940 3287 4012 utique
3321 3938 3578 3995 mulieris
3605 3933 3758 3993 istius,

2159 4039 2280 4088 tam
2315 4033 2718 4102 injuste,ojus
2741 4030 2975 4101 fasque!
3002 4030 3292 4086 immania
3324 4044 3563 4102 passum
3583 4020 3762 4081 occulta

2159 4138 2227 4177 ex
2249 4121 2484 4176 insidiis
2507 4121 2877 4193 grassatione
2898 4117 3290 4176 crudelitatis.
3315 4120 3499 4191 Cujus
3527 4114 3628 4172 sibi
3654 4108 3757 4167 iaci-

2163 4210 2322 4266 noris
2352 4211 2672 4282 imperator
2697 4208 2990 4277 conscius,
3013 4224 3146 4263 cum
3174 4226 3292 4264 non
3319 4212 3517 4281 posset
3547 4202 3668 4278 quin
3695 4200 3761 4253 in-

2159 4299 2320 4355 visus
2344 4303 2400 4353 et
2423 4298 2754 4370 capitaliter
2779 4313 2987 4353 exosus
3009 4301 3128 4352 tam
3155 4297 3512 4370 propinquis
3537 4302 3762 4366 oppresso

2160 4388 2385 4461 papillo
2408 4388 2674 4458 personis
2695 4392 2870 4455 esset,
2895 4387 3255 4457 sequebatur
3280 4404 3352 4444 ex
3385 4403 3542 4443 more
3572 4400 3628 4439 ac
3652 4377 3762 4434 vitio

409 4479 578 4546 bene,
611 4493 760 4571 quos
806 4492 838 4531 e
870 4474 1340 4571 Peloponneneso
1388 4473 1706 4546 imperator
1737 4475 2053 4530 transtule-
2083 4506 2130 4571 D
2163 4478 2401 4534 malitia:
2427 4477 2770 4532 utvicissim
2793 4475 3304 4547 illosipseodisset
3325 4493 3393 4532 ac
3417 4480 3612 4531 mutua
3633 4467 3763 4525 colli-

409 4569 519 4639 rat,
553 4581 685 4622 cum
716 4564 810 4622 his
841 4563 1118 4621 omnibus
1149 4561 1370 4619 bellum
1406 4579 1506 4636 per
1535 4563 1762 4620 insulas
1796 4564 2044 4619 circum-

404 4657 562 4727 tulit,
595 4655 786 4727 iisque
813 4653 1056 4709 vastatis
1088 4653 1425 4724 opulentam
1467 4670 1535 4709 ex
1587 4653 1860 4709 hostibus
1899 4670 2046 4725 prae-

401 4742 893 4818 damimperatori
926 4742 1156 4800 rediens
1190 4741 1422 4798 obtulit.

399 4853 467 4908 18
508 4853 826 4923 Legationes
873 4848 943 4904 ad
987 4865 1221 4923 papam;
1272 4853 1321 4904 et
1366 4858 1430 4905 ut
1474 4849 1777 4923 imperator
1815 4865 1930 4905 rem
1976 4850 2050 4905 ad

504 4921 751 4980 Hémum
774 4923 966 4978 absens
994 4923 1044 4976 et
1073 4921 1222 4977 domi
1250 4923 1492 4977 residens
1531 4921 1664 4977 bene
1691 4923 1938 4992 gesserit.

467 5012 632 5069 Haud
665 5027 835 5084 porro
868 5009 1102 5066 interim
1122 5009 1343 5066 otiosus
1359 5010 1515 5066 domi
1541 5010 1841 5066 desidebat
1864 5011 2046 5082 impe-

397 5102 686 5170 rator,aut
703 5096 1094 5153 indormiebat
1112 5097 1688 5170 rebus,negotiorum
1713 5099 2048 5154 occasiones

399 5187 872 5262 prmtermittens.
917 5185 1082 5242 Unde
1121 5189 1317 5241 autem
1371 5190 1567 5258 posset
1592 5185 1700 5241 hoc
1733 5187 2044 5258 quisquam

400 5279 472 5334 de
502 5277 600 5334 illo
631 5273 1280 5345 autumare,quiatalis
1313 5274 1651 5347 suspicione
1682 5274 2046 5346 negligentia

400 5367 746 5440 longissime
769 5364 1036 5421 omnium
1069 5364 1304 5419 abfuit?
1335 5363 1652 5419 Verissime
1683 5365 1897 5434 quippe
1931 5365 2047 5420 dici

399 5461 594 5528 potest
623 5456 806 5511 fuisse
836 5453 961 5508 viro
997 5452 1134 5508 huic
1165 5454 1430 5508 animum
1487 5459 1544 5508 et
1587 5453 1830 5525 spiritus
1879 5452 2047 5522 plane

395 5547 607 5618 regios;
634 5560 822 5617 neque
849 5542 900 5600 is
921 5557 980 5599 se
1002 5558 1144 5599 sane
1166 5543 1459 5599 contemni
1495 5542 1849 5613 sustinebat,
1893 5543 2046 5599 unde

2162 4567 2326 4623 sione
2357 4567 2641 4623 detereret
2672 4566 3006 4621 obterentes
3037 4581 3119 4620 se.
3145 4563 3293 4621 Cum
3329 4565 3511 4636 igitur
3541 4563 3768 4618 Romana

2157 4656 2299 4712 ditio
2335 4656 2602 4711 ﬁniretur
2631 4655 2952 4719 Orestiade,
3001 4654 3215 4726 vixque
3265 4654 3426 4709 ultra
3470 4669 3589 4708 eam
3634 4650 3770 4702 antea

2161 4745 2559 4818 porrigeretur
2597 4744 2869 4817 Bulgaria
2911 4742 3182 4798 videlicet
3203 4742 3482 4798 ulteriora
3508 4731 3771 4797 obtinenti-

2157 4834 2537 4903 bus,crebras
2550 4850 2616 4888 eo
2629 4832 2880 4888 immisit
2896 4831 3245 4886 militarium
3263 4833 3565 4903 copiarum
3581 4838 3768 4886 manus,

2158 4923 2540 4995 praescribens
2575 4922 2721 4994 ipsis
2743 4920 3048 4991 sigillatim
3073 4921 3212 4991 quid
3236 4920 3416 4976 vellet
3439 4919 3577 4976 fieri.
3600 4916 3657 4972 ln
3681 4925 3768 4982 (ιυο

2157 5018 2324 5070 erant
2344 5011 2593 5068 solertiae
2619 5011 2805 5083 ipsius
2825 5015 2882 5066 et
2905 5009 3123 5081 peritiae
3147 5008 3372 5066 bellica:
3415 5009 3552 5064 artis
3583 5000 3769 5074 experi-

2160 5107 2357 5158 menta
2380 5118 2620 5174 prorsus
2645 5100 2813 5155 mira.
2847 5098 2994 5153 Nam
3026 5098 3075 5152 si
3109 5113 3259 5168 quos
3294 5115 3501 5154 eorum
3549 5095 3766 5150 locorum

2158 5189 2282 5262 ipse
2311 5195 2481 5246 antea
2509 5189 2774 5254 vidisset,
2811 5187 3075 5243 edicebat
3103 5185 3324 5242 absens
3360 5186 3554 5242 missis
3600 5176 3770 5237 litteris

2159 5296 2273 5350 quo
2296 5279 2420 5335 loco
2435 5280 2644 5334 stativa
2661 5276 2963 5350 ﬁgere,ubi
2983 5280 3035 5330 et
3053 5276 3351 5346 quomodo
3374 5287 3624 5347 pugnare
3640 5281 3770 5338 opor'

2155 5373 2320 5436 teret,
2349 5371 2504 5424 unde
2542 5369 2826 5439 impetum
2861 5367 3072 5432 facere,
3096 5363 3183 5419 vel
3221 5381 3296 5419 ex
3321 5363 3554 5420 insidiis
3573 5359 3650 5416 vel
3671 5356 3772 5411 luce

2157 5458 2374 5528 palam,
2410 5462 2512 5513 aut
2541 5459 2718 5513 etiam
2761 5473 2863 5528 per
2896 5462 3145 5521 noctem,
3170 5469 3240 5507 ex
3273 5453 3521 5509 memori
3552 5450 3767 5506 visorum

2157 5547 2411 5620 imagine
2443 5553 2574 5619 apte
2619 5551 2833 5602 cuncta
2871 5542 3176 5610 ordinans,
3207 5541 3377 5599 velut
3408 5542 3459 5600 si
3485 5553 3663 5600 coram
3701 5533 3771 5588 in-
