3920 6196
221 307 306 363 653

1214 301 1308 353 DE
1343 297 1718 354 MICHAELE
1755 293 2199 351 PALIEOLOGO
2234 298 2368 350 LIB.
2409 301 2505 352 ΙΙΙ.

3456 309 3564 367 654

224 434 359 491 τεῦθεν
398 426 453 481 τὰ
480 426 658 479 πάντα.
710 422 754 479 εἶ
788 421 834 478 δ’
893 425 992 478 οὑκ
1020 419 1127 478 εἶδε
1153 423 1245 476 τὸν
1304 420 1501 488 τόπον,
1553 415 1790 474 κελεύων
1823 424 1874 488 Α
1911 411 2066 485 δίκην
2119 415 2430 488 ἀποθέσθαι,
2495 421 2580 475 ὑπ’
2637 422 2952 498 ἀμηχανίας
2983 424 3058 481 ἑοὶ
3120 429 3340 500 μεσίτας
3396 435 3564 489 πνεύ-

221 515 470 594 διαγράφειν
513 513 630 574 τοὺς
679 511 889 574 εἰδότας
954 511 1115 574 αὑτὸς
1159 512 1388 566 καθίστα
1430 507 1804 584 προστάττων,

219 607 368 674 καῖἦν
411 602 742 678 ἐπηρτημένη
794 602 973 677 κρίσις
1019 603 1098 674 τῷ
1148 601 1595 674 παρακούσαντι),
1647 596 1809 658 αὐτὸς

217 694 357 750 τοίνυν
404 695 615 766 πέμπων
681 692 775 753 τάς
853 689 1107 764 δυνάμεις
1162 695 1241 763 τῷ
1287 690 1410 745 τότε
1470 687 1645 762 συχνὰ
1696 689 1804 739 τῶν

220 785 304 839 ἐκεῖ
325 783 398 836 ὑπ’
433 781 568 854 αὐτῷ
627 779 821 847 ἐποίει,
881 780 971 834 καὶ
1029 778 1287 848 ἡλίσκετο
1339 779 1432 852 μὲν
1489 772 1804 831 Φιλιππού-

214 873 361 942 πολις,
398 871 658 944 ἐκρατεῖτο
709 867 766 926 δὲ
813 868 1157 944 Σθενίμαχον
1210 868 1492 942 φρούριον,
1545 865 1634 920 καὶ
1667 865 1806 925 ἅπας

215 960 334 1032 ὁέξω
359 967 442 1016 τοῦ
480 958 656 1032 Α’ίμου
708 961 866 1034 ζυγὸς
918 958 1327 1034 συγκατείχετο.
1378 954 1559 1013 Ἑάλω
1609 953 1666 1009 δὲ
1709 955 1806 1008 τοῦ

212 1048 395 1119 Μύλιτζῆ
448 1047 717 1117 διδόντος,
763 1049 837 1110 ὡς
894 1048 1264 1122 λεχθήσεται,
1315 1046 1404 1099 καὶ
1463 1039 1805 1119 Μεσέμϐρεια

211 1137 377 1214 μεγάλη
417 1137 590 1207 πόλις,
621 1138 710 1192 καὶ
746 1135 1044 1212 Ἀγχίαλος
1086 1133 1464 1206 συνηλίσκετο.
1501 1133 1611 1190 Καί
1641 1153 1700 1209 γε
1739 1131 1806 1186 τὰ

209 1228 327 1301 πέριξ
378 1227 578 1281 ἐκείνων
615 1271 630 1294 ,
691 1226 829 1296 ἅπαξ
915 1225 1220 1300 γευσάμενα
1303 1231 1404 1294 τῆς
1465 1218 1799 1295 μεταϐολῆςι

202 1318 384 1391 ἠγάπων
424 1316 519 1370 ύπὸ
584 1315 799 1390 βασιλεῖ
846 1313 1202 1388 διοικούμενα
1259 1315 1325 1386 [Ρ
1359 1313 1480 1384 Ml]
1517 1315 1801 1367 Κωνσταν-

202 1405 303 1476 τίνῳ
331 1403 378 1458 δὲ
408 1401 489 1459 διά
515 1409 683 1459 τ-αὖτα
731 1402 991 1475 ἔκπληξις
1050 1403 1332 1476 ἐμπίπτει,
1365 1403 1456 1456 καὶ
1506 1401 1800 1473 ἀμύνεσθαι

202 1495 277 1564 μὲν
304 1493 393 1549 ούκ
421 1495 528 1569 εἶχε
569 1495 630 1548 τὸ
687 1491 963 1564 τηνικάδε,
1019 1494 1171 1566 ὅμως
1203 1490 1248 1546 δ’
1281 1490 1510 1546 ἐνεκότει
1542 1494 1658 1549 τοῖς
1707 1508 1804 1541 πε-

197 1585 500 1657 πραγμένοις,
534 1584 626 1638 καὶ
685 1584 873 1659 καιρὸν
933 1584 1133 1654 ἐζήτει,
1182 1580 1237 1636 ὅν
1273 1579 1338 1649 δὴ
1371 1585 1465 1634 καῖ
1510 1583 1617 1634 τῶν
1677 1596 1806 1652 πρα-

193 1673 375 1744 γμάτων
406 1674 586 1748 ψυχὴν
621 1673 894 1749 λέγουσιν,
922 1673 1084 1744 ἀξίως
1116 1672 1456 1745 ἀμυνεῖσθαι,

197 1832 260 1893 ιθ’.
304 1834 476 1893 Ὅπως
514 1832 903 1924 ὑπερχόμενος
936 1833 963 1886 ὁ
1015 1829 1405 1924 βεασιλεὺςνξξν
1456 1827 1806 1902 πατριάρχην
1837 1824 1882 1886 Β
1911 1863 1962 1896 τι
2017 1843 2108 1897 καὶ
2151 1846 2363 1919 γένοιτο
2421 1848 2513 1902 τὸν
2577 1849 2876 1924 ἀσορισμὸν
2946 1850 3127 1906 λύσειε

469 1905 570 1973 τὴν
617 1902 715 1959 τοὺ
746 1902 1063 1979 ἀφορισμοῦ
1095 1902 1247 1957 λύσιν
1285 1903 1484 1972 ἐζήτει.

245 2029 314 2096 Τῷ
363 2026 539 2098 μέντοι
603 2049 663 2102 γε
724 2027 941 2102 βασιλεῖ
1017 2027 1105 2082 καὶ
1161 2031 1326 2081 ταῦτα
1401 2025 1694 2100 πράττοντι
1755 2020 1808 2074 οἱ

189 2113 404 2188 λογισμοί
464 2119 739 2192 ὁσημέραι
799 2114 1232 2190 διεταράσσοντο.
1289 2114 1364 2172 Οὐ
1417 2115 1521 2189 γὰρ
1580 2113 1806 2186 ἠρεμεῖν

189 2203 351 2259 ἐκεῖνον
381 2205 459 2260 εἴα
496 2204 770 2269 συνειδόςο
799 2207 863 2261 τὸ
925 2207 1025 2282 γάρ
1082 2205 1356 2268 τοιούτοις
1413 2200 1636 2275 δεσμοῖς
1684 2221 1803 2253 συν-

189 2290 388 2358 δεδέσθαι
421 2294 509 2351 ἴσα
548 2296 644 2352 καὶ
675 2296 738 2351 τὸ
781 2293 950 2369 μηδὲν
1009 2301 1142 2350 εῖναι
1203 2293 1384 2358 ἐτίθει.
1438 2297 1525 2364 Τῷ
1572 2310 1658 2344 τοι
1715 2287 1804 2342 καὶ

190 2385 298 2453 μήτε
322 2386 478 2441 τόπον
542 2383 852 2461 ὀπολογίας
910 2384 1054 2460 ἔχων
1119 2385 1248 2458 μήτ’
1305 2381 1544 2438 ἐπίνοιαν
1575 2383 1673 2435 τοῦ
1700 2378 1802 2448 τήν

186 2585 426 2640 tueretur.
461 2586 690 2651 Quodsi
723 2585 915 2642 locum
950 2586 1008 2640 in
1043 2603 1158 2658 quo
1188 2584 1392 2641 bellari
1424 2580 1804 2653 contingebat

187 2688 450 2744 nunquam
493 2692 761 2748 praesens
806 2680 1148 2746 spectasset,
1181 2673 1632 2744 descriptionem
1674 2668 1802 2740 ejus

187 2758 234 2813 in
261 2763 440 2818 tabula
488 2766 811 2836 ﬁguratam
859 2763 929 2819 ab
973 2764 1091 2819 illic
1135 2763 1380 2819 versatis
1419 2762 1644 2816 habens
1689 2773 1802 2830 prae

182 2850 357 2916 oculis,
399 2853 634 2908 minute
674 2853 876 2908 omnia
917 2853 1234 2908 mandabat
1275 2865 1639 2924 quaecunque
1683 2845 1804 2919 geri

184 2941 407 3013 agiquee
440 2962 498 2999 re
535 2946 729 3012 foret;
763 2949 817 3000 et
840 2945 1141 3000 sanciebat
1186 2943 1556 3016 disciplinam
1590 2945 1803 3007 metus,

181 3035 306 3086 certo
361 3031 747 3105 impendente
794 3050 909 3088 non
959 3033 1500 3104 obtemperantibus
1549 3028 1807 3103 periculo

177 3117 368 3188 judicii,
411 3122 733 3194 supplicio.
765 3138 896 3177 mox
943 3124 1375 3178 damnationem
1420 3124 1712 3176 secuturo.
1747 3119 1807 3173 In

1916 527 2045 577 ματι
2080 509 2427 600 ζῶνταςλκαὶ
2480 513 2726 581 συνήθεις
2782 519 2860 586 τῷ
2917 516 3230 594 πατριόρχῃ
3285 521 3562 600 ἐτρέπετο,

1911 596 2000 648 καί
2057 591 2441 665 κατηντιϐόλει
2501 601 2716 672 θερμῶς
2792 608 2888 657 τοῦ
2970 591 3561 687 δεσμοὺμτὸνάκέτην

1909 683 2256 755 ἀνεῖναι,καῖ
2316 691 2675 763 μετεγνωκότι
2726 693 2823 760 τήν
2884 696 3166 769 θεραπείαν
3227 699 3469 776 ἐπάγειν,
3496 683 3566 773 ἦν

1911 771 2113 837 ἐκεῖνος
2174 773 2450 850 βούλεται·
2510 779 2642 832 εἶναι
2690 780 2788 855 γάρ
2848 779 3066 856 ἕτοιμον
3127 771 3378 863 πράττειν
3429 771 3464 847 δῖ
3509 771 3562 848 τι

1908 863 2284 937 προστάσσοι,
2345 867 2404 919 τὸ
2461 868 2645 938 μέντοι
2698 890 2757 945 γε
2803 874 3021 948 γεγονὸς
3071 874 3336 947 ἀποίητον
3393 887 3564 945 θεῖναι

1915 953 1990 1024 μὴ
2026 950 2248 1008 δυνατὸν
2310 953 2455 1016 ὅλως
2489 959 2640 1012 εἶναι.
2677 959 2743 1014 Οἱ
2778 957 2834 1013 δὲ
2874 963 3018 1038 παρᾶ
3073 965 3163 1018 τὸν
3214 969 3562 1046 πατριάρχην

1912 1040 2201 1118 ἐρχόμενοι
2277 1045 2622 1121 ἀπήγγελλον
2685 1049 2778 1120 μὲν
2838 1051 2926 1103 καὶ
2979 1053 3045 1108 τά
3095 1060 3192 1108 τοῦ
3255 1040 3563 1130 βαέτιλξὲιῖξ,

1909 1131 1999 1184 καὶ
2059 1133 2146 1206 ἀφ’
2199 1133 2374 1187 αὑτῶν
2439 1131 2496 1188 δὲ
2547 1133 2777 1191 πλεῖστα
2833 1141 3179 1214 πρεσετίθουν
3218 1149 3296 1217 τῷ
3354 1147 3570 1220 βασιλεῖ

1911 1220 2285 1294 χαριζόμενοι.
2346 1223 2402 1274 Ὀ
2465 1220 2513 1276 δ’
2558 1224 2839 1301 ὑπερεώρα
2911 1231 3009 1296 τὴν
3071 1227 3250 1300 δέησιν
3316 1235 3404 1288 καὶ
3454 1234 3568 1290 οὐδ’

1908 1307 2054 1369 ὅλως
2087 1315 2369 1384 προσεῖχε.
2427 1314 2747 1388 Περιστεράν
2779 1316 2880 1391 γὰρ
2918 1317 3104 1391 βαλεῖν
3158 1319 3234 1381 εἰς
3289 1323 3381 1376 τὸν
3432 1322 3567 1378 κόλ-

1908 1419 2007 1452 πον
2069 1395 2193 1476 ἔφη,
2248 1399 2500 1470 κάκείνην
2564 1412 3172 1479 μετασχηματισθεῖσαν
3207 1409 3282 1465 εἰ)
3317 1407 3437 1488 ὅφιν
3469 1409 3568 1482 δῆ-

1909 1487 1991 1556 ξαι
2017 1487 2153 1560 πρὸς
2187 1487 2429 1550 θάνατον’
2466 1489 2744 1561 ὑπεδήλου
2795 1492 2852 1548 δὲ
2903 1493 2973 1550 δι’
3023 1498 3228 1574 ἀμφοῖν
3276 1487 3386 1554 τῶν
3416 1499 3569 1556 ἐναν-

1905 1574 2182 1629 τιωτάτων
2220 1579 2370 1645 ζώων
2403 1579 2494 1633 τὸν
2533 1580 2693 1634 αὐτὸν
2749 1583 2973 1655 βασιλέα
3023 1587 3113 1640 καὶ
3143 1585 3254 1660 ἕνα,
3291 1587 3350 1642 ού
3387 1589 3570 1666 φύσιν,

1910 1661 2056 1718 ἀλλὰ
2084 1666 2309 1738 γνώμην
2339 1667 2483 1745 σφίσι
2543 1671 3034 1745 παρεικαζόμενον.
3088 1676 3198 1732 Κπὶ
3249 1682 3416 1732 ταῦτα
3475 1680 3570 1750 μὲν

1913 1755 1940 1808 ὁ
1971 1753 2319 1829 πατριάρχης
2361 1755 2450 1811 καί
2497 1757 2671 1813 πλείω
2719 1760 2952 1832 τούτων,
3001 1764 3089 1818 καὶ
3141 1765 3216 1827 ὡς
3266 1763 3378 1820 οὐδ’
3429 1765 3488 1821 ἂν
3523 1765 3578 1822 εἴ

3162 1898 3174 1922 ,
3219 1851 3314 1908 κᾶν
3366 1875 3570 1930 προσα-

1916 1930 2084 2006 πειλῇ
2137 1935 2204 1988 τὰ
2258 1935 2414 2003 κοκά,
2475 1936 2570 1992 κᾶν
2631 1940 2793 1994 αὐτὸν
2849 1939 3095 1996 θάνατον.
3157 1944 3221 2000 Ol
3283 1941 3330 1999 δ’
3376 1945 3573 1999 ὑπονο-

1917 2026 2162 2085 στοῦντες
2193 2024 2283 2078 καὶ
2312 2027 2379 2079 τά
2407 2031 2502 2081 τοῦ
2548 2029 2894 2105 πατριάρχου
2951 2028 3248 2101 δηλοῦντες
3304 2033 3380 2098 εἷς
3433 2033 3576 2107 ἁμη-

1917 2112 2110 2185 χανίαν
2160 2111 2419 2185 πλείστην
2478 2112 2730 2172 ἐνέϐαλον
2779 2119 2869 2174 τὸν
2931 2126 3264 2191 κρατοῦντα.
3321 2123 3419 2177 Καὶ
3487 2121 3570 2192 ὅς,

1917 2197 2104 2270 ἐπειδὴ
2161 2202 2250 2256 καὶ
2299 2205 2361 2258 τὸ
2409 2203 2836 2281 αὐτοπρόσωπον
2871 2208 3281 2284 ἀντιφάρμακον
3342 2211 3569 2289 λέγουσι

1915 2290 2099 2360 (τοῦτο
2156 2291 2260 2366 γὰρ
2319 2293 2452 2348 εἶναι
2511 2299 2631 2357 ταῖς
2689 2296 2966 2362 ὑπονοίαις
3021 2298 3112 2353 καί
3183 2303 3282 2372 τήν
3331 2304 3567 2378 Γοργὼ),

1914 2377 2079 2441 αὐτὸς
2163 2378 2304 2457 ἔγνω
2377 2386 2821 2461 προσερχόμενος
2907 2387 3243 2466 ἐντυγχάνειν
3293 2377 3416 2447 καὶγ
3464 2393 3565 2462 τὴν

1914 2577 2166 2637 multum
2211 2581 2345 2639 licet
2385 2587 2675 2658 cogitans,
2717 2588 3088 2646 comminisci
3137 2595 3360 2662 posset,
3397 2592 3567 2665 inops

1913 2671 2291 2740 expeditioris
2332 2676 2564 2732 consilii
2605 2679 2774 2733 vertit
2817 2696 2946 2734 sese
2985 2681 3055 2735 ad
3101 2681 3452 2754 interpretes
3500 2697 3568 2737 ao

1916 2761 2322 2819 conciliatores
2354 2767 2514 2836 pacis
2545 2784 2649 2838 pro
2681 2783 2742 2822 se
2775 2769 2842 2822 ad
2879 2769 3273 2838 patriarcham
3307 2769 3561 2841 allegan-

1916 2849 2042 2905 dos.
2068 2850 2252 2914 Quam
2278 2854 2345 2907 ad
2374 2870 2491 2907 rem
2519 2859 2680 2909 ratus
2702 2855 2942 2912 idoneos
2966 2860 3250 2928 quosdam
3279 2859 3409 2913 vitae
3429 2875 3570 2912 san-

1918 2939 2119 2994 ctioris
2152 2942 2530 3011 professores,
2573 2945 2843 2999 assiduos
2874 2949 2930 2998 et
2970 2944 3290 3000 familiares
3323 2946 3570 3017 patriar-

1918 3028 2172 3099 chae.per
2201 3030 2307 3084 hos
2339 3046 2538 3101 preces
2557 3049 2695 3087 suas
2719 3034 2789 3088 ad
2822 3033 2984 3088 illum
3019 3033 3570 3100 detulit,vehemen-

1921 3123 2007 3172 ter
2036 3135 2208 3173 orans
2239 3124 2304 3174 ut
2351 3136 2412 3174 se
2449 3121 2768 3192 supplicem
2803 3123 2953 3178 nodo
2994 3140 3108 3194 quo
3168 3123 3571 3195 stringebatur

180 3205 311 3264 hunc
337 3212 584 3267 modum
631 3211 833 3266 missis
874 3215 1010 3265 tunc
1043 3211 1224 3282 copiis
1267 3210 1541 3282 pleraque
1571 3208 1806 3264 illorum
1840 3213 1885 3282 C
1924 3208 2192 3270 solveret,
2228 3225 2291 3262 ac
2333 3209 2634 3280 pmnitenti
2675 3212 3136 3268 satisfactionem
3180 3229 3356 3284 quam
3398 3210 3572 3268 vellet

179 3301 438 3355 tractuum
455 3300 574 3354 sibi
603 3299 875 3368 subjecit.
910 3299 1054 3353 Nam
1078 3303 1344 3369 captaest
1369 3295 1815 3380 Philippopolis,

182 3394 503 3456 occupatum
524 3387 977 3442 Stenimachum
1002 3386 1330 3454 castellum,
1349 3389 1560 3459 jugum
1585 3385 1818 3441 univcr-

181 3489 292 3528 sum
318 3483 476 3532 extra
498 3478 775 3532 Haemum
810 3476 1086 3531 Romanze
1109 3477 1452 3546 adjunctum
1478 3476 1682 3531 ditioni
1707 3479 1816 3530 est.

183 3561 405 3636 Recepta
437 3568 599 3623 211
639 3570 728 3620 est
765 3565 999 3636 Myltza,
1033 3570 1098 3620 ut
1133 3567 1380 3633 dicetur,
1409 3566 1658 3621 dedente
1701 3565 1818 3620 Me-

178 3655 444 3721 sembrea,
480 3671 708 3726 magna
737 3655 963 3724 civitas,
997 3671 1131 3710 cum
1174 3672 1291 3727 qua
1321 3660 1377 3710 et
1405 3655 1726 3710 Anchialus
1758 3653 1818 3708 in

176 3747 510 3810 potestatem
538 3749 886 3800 nostrorum
911 3744 1082 3798 venit.
1112 3745 1284 3800 Porro
1308 3762 1435 3815 qua:
1467 3744 1689 3798 circum
1713 3743 1819 3798 has

173 3832 327 3888 urbes
358 3835 586 3906 oppida
625 3834 874 3905 pagique
905 3837 1094 3903 erant,
1128 3838 1304 3906 gustu
1329 3833 1510 3888 semel
1547 3832 1822 3887 mutatio-

173 3918 248 3973 nis
279 3928 516 3994 accepto
544 3921 838 3978 malentes
864 3923 1192 3993 imperatori
1213 3921 1753 3990 subesse,certatim
1789 3938 1822 3976 a

168 4006 392 4081 Belgam
424 4011 812 4067 deficiebant.
840 4011 1096 4066 Urebant
1115 4013 1232 4068 haec
1260 4011 1465 4066 intime
1489 4009 1824 4067 Constanti-

171 4102 608 4172 numimparem
631 4104 769 4155 tunc
787 4101 1117 4157 resistendo
1139 4103 1360 4171 etjactu
1373 4100 1450 4154 ris
1469 4116 1533 4154 ac
1557 4098 1824 4153 cladibus

177 4187 331 4244 toties
361 4189 646 4262 repetitis
677 4189 1012 4245 attonitum.
1035 4190 1291 4261 Ringens
1313 4205 1449 4261 ergo
1472 4204 1538 4244 ac
1571 4189 1826 4242 fremens

175 4275 322 4343 (nam
352 4279 525 4333 aliud
567 4280 628 4333 in
663 4279 974 4350 prasentia
1005 4295 1118 4334 non
1156 4279 1401 4350 poterat)
1430 4277 1826 4350 exspectabat,

172 4366 537 4425 etinbianter
561 4369 840 4438 captabat
865 4367 1103 4423 ultionis
1121 4367 1826 4439 opportunitatem,quam

169 4455 419 4513 animam
466 4457 851 4529 negotiorum
897 4456 1132 4528 quidam
1167 4473 1282 4511 non
1330 4455 1626 4511 immerito
1669 4453 1828 4509 dixe-

1924 3296 2284 3367 imperaret:
2341 3314 2403 3353 se
2467 3299 2685 3371 quippe
2754 3307 3089 3372 promptum
3161 3305 3425 3373 paratum
3493 3301 3566 3358 ad

1925 3387 2363 3457 exsequendum
2397 3389 2788 3460 quodcunque
2811 3392 3167 3462 praeciperet.
3203 3391 3318 3446 Hoc
3350 3396 3569 3447 restare

1930 3491 2148 3531 unum:
2185 3493 2317 3530 nam
2352 3478 2504 3547 quod
2542 3479 2760 3534 factum
2803 3479 2882 3534 sit
2921 3480 3198 3534 infectum
3241 3481 3404 3535 reddi
3445 3485 3569 3536 arte

1928 3570 2030 3619 aut
2073 3569 2282 3620 conatu
2348 3567 2466 3621 ullo
2515 3583 2627 3621 non
2677 3584 2868 3638 posse.
2921 3568 2998 3624 Ea
3043 3568 3125 3622 illi
3182 3568 3573 3640 patriarcbam

1929 3654 2180 3709 adeunte
2227 3656 2460 3727 copiose
2501 3661 2887 3728 accurateque
2922 3659 3295 3730 imperatoris
3325 3657 3574 3728 "nomine

1929 3749 2194 3814 egerunt,
2250 3743 2546 3816 multaque
2611 3747 3006 3816 adjunxerunt
3062 3747 3258 3803 studio
3319 3746 3574 3818 proprio,

1930 3848 2287 3903 magnOpere
2338 3838 2676 3904 satagentes
2726 3837 3130 3904 persuadendo
3177 3853 3243 3892 ac
3292 3835 3578 3907 placando

1932 3921 2265 3992 patriarcha
2317 3921 2653 3992 imperatori
2710 3925 3052 3994 gratificari.
3116 3930 3186 3978 At
3244 3924 3580 3995 patriarcha

1932 4009 2073 4064 talia
2105 4015 2408 4081 precantes
2439 4011 2672 4082 repulit,
2705 4016 2762 4067 et
2795 4029 2865 4067 ne
2896 4013 3098 4068 audire
3128 4012 3364 4083 quidem
3395 4012 3580 4067 susti-

1936 4115 2083 4153 nens
2115 4098 2448 4154 columbam
2483 4101 2634 4156 212
2669 4101 2811 4155 dixit
2841 4117 2902 4157 se
2934 4101 2990 4156 in
3015 4101 3210 4156 sinum
3246 4099 3580 4170 admisisse,

1937 4187 2097 4243 illam
2132 4193 2325 4243 autem
2369 4187 2449 4244 ibi
2498 4193 2782 4246 mutatam
2830 4191 2887 4245 in
2934 4195 3266 4262 serpentem
3319 4204 3584 4245 morsum

1936 4276 2044 4332 sibi
2068 4274 2300 4332 letalem
2330 4275 2610 4348 inﬁxisse,
2639 4295 2820 4333 unum
2844 4279 3236 4350 eumdemque
3259 4277 3584 4343 hominem,

1936 4364 2204 4421 videlicet
2225 4365 2656 4436 imperatorem,
2675 4368 2902 4423 duabus
2929 4367 3054 4423 istis
3081 4367 3331 4423 maxime
3354 4371 3588 4422 contra-

1938 4455 2157 4509 riarum
2179 4454 2567 4510 animantium
2591 4456 2910 4526 designans
2923 4455 3304 4528 symbolis,ad
3324 4456 3589 4510 indican-

1944 4545 2087 4599 dum
2131 4560 2243 4598 non
2276 4549 2494 4598 natura)
2538 4543 2598 4598 in
2632 4543 2751 4610 illo,
2785 4545 2886 4599 sed
2929 4561 3162 4600 morum
3205 4543 3591 4599 mutationem

1948 4634 2182 4688 factam.
2216 4632 2353 4688 Post
2381 4631 2502 4688 haec
2533 4636 2591 4688 et
2619 4633 2735 4689 alia
2775 4633 2834 4687 in
2865 4649 2994 4689 eam
3022 4633 3375 4689 sententiam
3409 4632 3597 4688 multa

1949 4723 2170 4790 intulit,
2203 4739 2269 4779 eo
2299 4723 2464 4778 vultu
2515 4739 2581 4778 ac
2627 4722 2838 4796 spiritu
2889 4725 2992 4796 qui
3040 4723 3186 4780 satis
3233 4723 3600 4780 declararent

1949 4830 2251 4884 nunquam
2293 4813 2508 4884 ipsum,
2541 4814 2828 4885 quidquid
2871 4815 3056 4885 ﬁeret,
3087 4814 3487 4870 inducendum
3523 4815 3595 4869 ad

1947 4901 2574 4958 excommunicationis
2595 4903 3024 4960 absolutionem
3059 4903 3502 4976 indulgendam,
3525 4919 3598 4958 ne

1948 4990 2262 5061 siquidem
2313 4990 2469 5046 mala
2511 4992 2823 5062 quantavis
2863 4993 3182 5065 imperator
3231 4997 3598 5064 mortemque

1946 5080 2137 5151 ipsam
2162 5079 2698 5146 minaretur.Quare
2715 5082 3118 5154 deprecatores
3133 5082 3326 5138 Incesti
3341 5081 3597 5152 repulsa,

1950 5186 2080 5240 quze
2105 5169 2410 5224 audierant
2449 5168 2787 5241 imperatori
2822 5171 3164 5237 referentes,
3199 5171 3260 5226 in
3291 5169 3598 5240 angustias

1951 5275 2082 5315 euvn
2107 5264 2402 5331 {estusque
2423 5261 2595 5317 multo
2616 5262 2865 5332 majores
2883 5259 3384 5332 conjecerunt.llle
3401 5263 3595 5313 autem

1955 5368 2178 5407 memor
2208 5351 2464 5422 vulgaris
2495 5353 2630 5408 dicti
2672 5371 2787 5424 quo
2817 5354 3235 5426 'signiﬁcantur
3263 5351 3374 5406 vim
3405 5351 3597 5404 inesse

1956 5443 2303 5513 praecipuam
2340 5443 2604 5513 prrssenti
2633 5444 2824 5498 lacieri
2853 5460 3048 5498 coram
3077 5441 3308 5498 atlantis
3341 5437 3595 5493 medenti

1953 5533 2376 5587 offensionibus
2395 5537 2450 5586 et
2480 5533 2673 5599 gratim
2696 5533 3057 5587 (temeranda)
3086 5531 3165 5602 (id
3193 5529 3346 5586 enim
3369 5526 3596 5581 indica-

1955 5627 2077 5676 tum
2125 5622 2388 5678 fabulosa
2438 5625 2726 5693 Gorgone,
2772 5622 2890 5676 oris
2952 5621 3180 5690 objecta
3241 5620 3595 5674 immutwnte

178 4551 326 4599 runt.
1570 4569 1577 4576 -
1863 4585 1912 4654 Β

175 4653 250 4705 l9.
303 4655 368 4708 Ut
434 4653 776 4723 patriarcha
823 4661 1084 4708 convento
1139 4658 1192 4708 et
1257 4653 1580 4723 suppliciter
1647 4654 1833 4721 rogato

267 4723 590 4806 imperetur
621 4724 1208 4781 excommunicationis
1248 4725 1637 4780 alsotutionem
1664 4724 1834 4794 petie-

270 4805 362 4851 rit.

233 4899 362 4957 Hac
395 4903 641 4974 agentis
669 4903 1037 4976 imperatoris
1069 4923 1210 4962 cura
1231 4907 1436 4977 ingens
1466 4903 1674 4976 agebat
1694 4903 1835 4957 fere~

164 4987 376 5062 batque
399 4992 609 5047 anxiis
635 4993 1093 5064 cogitationibus
1119 4995 1525 5068 perturbatum
1547 4992 1834 5047 animum.

167 5076 284 5133 Non
305 5081 481 5137 enim
510 5081 683 5138 illum
704 5083 918 5154 quietis
935 5089 1159 5155 partem
1185 5083 1368 5139 ullam
1383 5098 1588 5153 capere
1609 5080 1840 5135 sinebat

166 5184 400 5227 morsus
431 5172 694 5229 intimus
718 5174 1117 5243 conscientiae;
1144 5176 1405 5247 adeoque
1430 5173 1681 5229 fructum
1708 5169 1838 5224 nul-

166 5256 280 5312 lum
350 5263 676 5332 praesentis
730 5263 1025 5320 felicitatis
1070 5265 1377 5332 sentiebat,
1425 5264 1567 5318 dum
1617 5278 1678 5316 se
1727 5259 1838 5314 diri

165 5350 588 5408 anathematis
630 5355 1016 5410 constrictum
1064 5355 1309 5412 vinculis
1355 5354 1722 5417 meminerat,
1777 5355 1841 5404 ut

164 5439 262 5493 tali
298 5447 468 5496 statu
509 5459 643 5499 esse
681 5461 749 5499 ac
791 5445 934 5500 nihil
976 5463 1102 5502 esse
1146 5447 1306 5517 paria
1350 5449 1596 5516 putaret.
1641 5443 1842 5510 Itaque

164 5543 298 5583 cum
337 5548 453 5586 nec
487 5532 857 5601 probabilem
891 5534 1071 5590 ullam
1125 5535 1386 5591 criminis
1435 5531 1839 5603 depulsionem

162 5635 265 5673 nec
299 5619 472 5675 viam
529 5627 633 5677 aut
681 5626 968 5680 rationem
1015 5626 1372 5682 excutiendae
1413 5624 1588 5694 justae
1642 5637 1842 5692 poenae,
