4018 6198
429 252 538 306 655

3529 64 3927 149 ..βυτ

1733 246 2037 302 oaoaou
2077 243 2540 301 monuimus
3683 265 3772 325 εδδ

431 376 585 432 λύσιν
628 372 1140 447 ἐξομολογούμενος
1194 370 1457 441 ἐκζητεῖν,
1490 375 1552 444 [Ρ
1587 372 1731 443 142]
1789 363 2354 446 ἚφίστατοΑάπρὶξ
2411 371 2519 421 τῶν
2594 370 2833 443 γονάτων
2919 369 3207 445 ἔχομενον.
3277 370 3458 440 Οὕτως
3502 382 3533 450 ἡ
3587 384 3780 456 ἀμαςτια

427 465 601 520 τοίνυν
661 460 954 528 πολλάκις,
1009 459 1098 513 καὶ
1159 459 1186 513 ὁ
1249 459 1345 533 μὲν
1413 461 1589 530 ἐζήτει
1644 460 1742 526 τήν
1799 454 2080 531 θεραπείαν

425 558 522 607 τοῖ’)
551 549 885 622 τραύματος,
914 550 941 603 6
971 551 1028 623 γὲ
1057 548 1124 603 τά
1152 556 1249 618 τῆς
1285 549 1568 624 θεραπείας
1610 549 1860 622 πράττειν
1911 565 2080 619 προσ-

425 641 649 708 έταττε,
707 635 855 705 πλὴν
916 636 1015 691 ούλ
1078 636 1165 691 ἐπὶ
1226 636 1436 712 ῥητοῖς,
1490 634 1616 691 ἀλλ’
1669 634 1934 710 ἀορίστως
1989 632 2078 686 καὶ

422 729 670 804 ἀφανῶς.
733 727 830 782 Καὶ
890 727 917 780 6
970 726 1064 798 μὶν
1137 725 1319 802 ῥητῶς
1389 725 1566 795 ἐζήτει
1628 728 1812 798 μαθεῖν
1871 723 1954 776 ἐπὶ
2014 723 2077 776 τὸ

421 823 598 872 ποιεῖν
633 827 931 889 προθυμως
964 816 993 869 ὅ
1022 837 1074 869 τι
1107 817 1193 870 καὶ
1243 814 1420 890 λέγοι,
1458 816 1485 868 6
1518 813 1576 868 δὲ
1605 813 1694 868 καὶ
1727 811 1892 867 πάλιν
1923 813 2078 888 ἀορι-

377 915 382 920 ’
420 906 646 960 σταίνων
673 899 845 981 ἔλεγε,
883 929 909 956 ι(
945 903 1098 960 ΙΙοίει
1128 905 1228 972 τήν
1279 904 1592 977 θεραπείαν,
1623 903 1713 956 καὶ
1764 899 2010 973 δέξομαι.
2043 922 2070 953 ιι

417 995 505 1056 Ὧς
540 992 597 1048 δὲ
639 991 914 1055 πολλάκις
972 993 1179 1054 ἐκεῖνος
1239 993 1332 1065 μὲν
1392 991 1572 1061 ἐζήτει
1628 991 1694 1044 τά
1759 989 2073 1067 φάρμακαὸ
2125 1031 2131 1036 .

2192 452 2475 529 περιδεὲς,
2532 456 2708 518 οὕτως
2748 460 2782 527 ἡ
2826 458 2989 528 ἀρετή
3049 459 3253 536 τίμιον.
3311 465 3397 527 Ὡς
3450 464 3502 522 δὲ
3552 452 3780 543 πολλάκις

2190 543 2522 617 παρακαλῶν
2604 545 2901 616 ἠκολούθει
2975 549 3062 603 καὶ
3139 553 3545 628 κατηνάγκαζεν,
3614 560 3782 628 ἐκεῖνος

2190 631 2343 694 εὐθὺς
2391 635 2489 701 τὴν
2538 633 2740 690 κέλλαν
2791 635 3185 709 ὑποδυόμενος,
3243 640 3496 718 ἀπεζύγου
3541 650 3622 710 τὰς
3651 652 3780 726 θύρας

2187 721 2334 794 αύτῷ
2369 723 2507 777 κατά
2558 725 2850 799 πρόσωπον
2901 728 2989 781 καὶ
3040 727 3202 802 ἀργὸν
3253 731 3416 805 ἠφίει.
3466 737 3630 791 Ταῦτα
3668 721 3780 798 πολ.

2187 809 2343 872 λάκις
2397 814 2638 886 προσιὼν
2688 815 2777 868 καὶ
2841 813 3040 890 δράσας
3073 837 3130 870 τε
3160 819 3246 871 καὶ
3284 822 3459 884 παθὼν
3511 825 3590 878 καὶ
3647 827 3781 899 μηδὲν

2185 898 2356 953 ἀνύων
2411 899 2714 976 ἐξηγρίαινέ
2772 925 2828 958 τε
2885 903 3077 958 αὐτίκα
3113 950 3125 973 ,
3198 907 3287 960 καὶ
3339 909 3662 984 σκληρότητα
3707 924 3782 972 τοῦ

2183 990 2526 1065 πατριάρχου
2577 989 2664 1045 ἐπὶ
2711 991 2940 1048 πολλῶν
2996 994 3428 1068 κατηγόρει,καῖ
3474 1001 3544 1062 ὡς
3572 1005 3630 1056 τὰ
3653 1010 3779 1060 κοινᾶ

2183 1075 2401 1131 κελεύοι
2457 1081 2878 1150 καταπροεῖσθαι
2926 1077 3280 1156 διελοιδόρει,
3310 1087 3395 1139 καὶ
3453 1091 3580 1160 μήτε
3607 1091 3772 1165 φόρους

2180 1160 2418 1241 ἐκλέγειν
2482 1170 2620 1240 μήτε
2677 1166 2809 1238 τέλη
2889 1170 3141 1244 πράττειν
3221 1175 3356 1243 μήτε
3432 1151 3777 1253 μεταχεδιρίζειν

2179 1254 2472 1329 πράγματα
2512 1259 2650 1328 μήτε
2684 1258 2791 1330 μὴν
2845 1255 3070 1312 διοικεῖν
3105 1261 3203 1330 τήν
3239 1262 3415 1337 ἀρχὴν
3461 1263 3594 1329 ὅλως
3638 1290 3780 1343 προσ-

2175 1343 2406 1416 τάττων,
2467 1346 2610 1400 οὕτω
2669 1347 2980 1422 θεραπεύειν
3042 1350 3272 1423 αἱρεῖται
3320 1353 3346 1406 ὁ
3389 1360 3491 1408 τῶν
3542 1359 3778 1432 ἡμετέρων

2175 1435 2534 1507 θεραπευτής.
2596 1437 2696 1491 Καὶ
2755 1435 2914 1499 τέλος
2974 1437 3205 1504 ἐπετίθει
3263 1440 3527 1507 πολλάκις
3581 1447 3644 1509 ὡς
3685 1448 3778 1504 ἐπεὶ

2176 1523 2262 1577 καὶ
2306 1523 2546 1577 κανόνων
2605 1524 2932 1602 ὑπερφρονεῖ
2983 1528 3274 1600 ὁριζόντων
3338 1533 3782 1608 μετάνοιαν,προτ-

417 1081 476 1138 δὲ
507 1082 569 1137 οὐ
601 1087 846 1158 φανερῶς
897 1077 1102 1157 ἔλεγεν,
1153 1081 1321 1136 εἰπεῖν
1373 1081 1463 1135 τὸν
1499 1078 1745 1156 βασιλέα,
1779 1104 1805 1130 ‹‹
1842 1080 1943 1134 Καὶ
1988 1099 2071 1139 τις

417 1169 559 1227 οἶδεν
601 1169 650 1226 εἴ
695 1172 784 1226 καὶ
844 1169 1022 1225 πλείω
1079 1174 1342 1225 ποιοῦντα
1399 1169 1460 1224 ού
1518 1169 1804 1244 προσθήσει
1857 1172 1956 1221 τοῦ
1988 1165 2071 1220 δέ-

413 1263 598 1333 ξασθαι
629 1281 643 1330 ;
681 1281 704 1313 η
735 1259 824 1314 καὶ
851 1261 943 1314 τὸν
976 1259 1364 1333 ἀποκρίνασθαι
1393 1258 1466 1320 ὡς
1514 1256 1771 1332 μεγάλων
1817 1258 2071 1331 ἁμαρτη-

416 1352 600 1422 μάτων
639 1348 886 1424 μεγάλην
926 1350 1057 1403 εἶναι
1117 1346 1200 1403 δεῖ
1253 1348 1344 1402 καὶ
1395 1349 1495 1416 τήν
1552 1345 1858 1401 ἀντίποινον
1911 1347 2067 1419 θερα-

409 1438 586 1496 πείαν.
622 1438 719 1495 Καὶ
747 1438 841 1492 τὸν
895 1436 1124 1512 βασιλέα
1161 1437 1299 1512 πρὸς
1346 1436 1409 1491 τὸ
1458 1436 1746 1510 βαθύτερον
1803 1436 2068 1508 βαψαντα,

408 1553 436 1581 ‹‹
468 1529 536 1585 Τί
584 1525 695 1601 δαὶ,
727 1553 754 1580 ››
789 1526 981 1596 εἶπεῖν,
1017 1551 1044 1579 ‹‹
1082 1528 1156 1600 μή
1208 1533 1308 1595 τῆς
1367 1523 1642 1587 βασιλείας
1696 1523 1946 1593 ἐκστῆναι
1978 1545 2066 1578 κε-

406 1616 585 1679 λεύεις
621 1636 633 1686 ;
671 1641 698 1668 ››
752 1616 843 1671 καὶ
894 1615 1037 1670 οὕτω
1097 1614 1323 1689 λεγοντα
1377 1616 1477 1683 τὴν
1539 1615 1748 1684 σπάθην
1809 1612 2064 1681 ἀποζῶν·-
2176 1612 2392 1666 πίπτειν
2424 1618 2503 1684 τῶ
2545 1620 2644 1683 τῆς
2701 1614 2922 1686 Ῥώμης
2977 1615 3171 1688 πάππᾳ
3229 1621 3416 1694 καιρὸς
3471 1624 3553 1677 καὶ
3596 1621 3774 1681 ἀντιὸο-

403 1708 584 1760 νυσθαι
635 1707 727 1760 καὶ
778 1702 1008 1774 διδόναι,
1042 1705 1142 1772 τής
1193 1703 1398 1758 ἐκείνου
1451 1701 1700 1764 διανπίας
1753 1703 2065 1776 ἀποπειρώ-
2102 1756 2141 1781 n
2176 1699 2288 1755 λεῖν
2348 1701 2631 1770 σώζεσθαι.
2691 1704 2882 1766 Οὕτως
2940 1700 3108 1780 ἔχων,
3142 1706 3379 1781 ἐγκοτων
3439 1709 3654 1777 ἐντεῦθεν
3703 1717 3776 1769 καὶ

1347 1756 1389 1758 η
1461 1756 1606 1758 τ
1648 1756 1699 1764 γυ
1913 1756 1920 1757 κ
1957 1756 1974 1776 ,γ
2438 1756 2458 1770 τ
2621 1756 2628 1758 -
2943 1756 3374 1781 -κ-κ,ν,--ν--.
3439 1756 3652 1777 -..ηυυ
3705 1756 3773 1769 ι...

410 1817 592 1868 μενον.
641 1795 886 1849 Ἐκείνου
945 1792 1002 1848 δὲ
1065 1796 1164 1863 τὴν
1209 1799 1372 1868 χεῖρα
1436 1813 1570 1848 κατα
1630 1790 1871 1861 σπουδὴν
1930 1814 2065 1868 προ-
2099 1756 2143 1817 Β
2180 1789 2542 1863 βαρυνόμενος
2599 1789 2687 1845 ἐπὶ
2744 1793 2844 1861 τὴν
2901 1798 3009 1847 τῶν
3069 1801 3268 1850 κοινῶν
3331 1795 3585 1870 διοίκησιν
3640 1801 3773 1856 πάλιν

403 1883 673 1946 τείναντος
735 1883 809 1938 ἐσ⁹
859 1884 905 1955 ᾧ
955 1877 1254 1956 λαμϐάνειν
1308 1882 1371 1937 τὸ
1424 1879 1581 1951 δῆθεν
1643 1879 1928 1954 διδόμενον
1985 1884 2059 1954 μή
2176 1877 2466 1951 ἐτράπετο,
2525 1879 2896 1952 ἀπειπάμενος
2960 1883 3052 1952 μὲν
3115 1887 3470 1959 προσπίπτειν
3524 1891 3603 1944 καὶ
3653 1891 3776 1956 αὖθις

403 1993 520 2035 πως
565 1972 769 2036 τελέως
813 1973 900 2027 καὶ
962 1979 1064 2041 τῆς
1124 1972 1324 2048 ὀσφύος
1379 1969 1673 2040 ἀπολυθὲν,
1716 1967 2057 2042 παλινῳδίαν
2175 1963 2441 2042 (ᾕδειγάρ
2475 1967 2574 2022 οὐκ
2611 1969 2863 2044 ἀνυσων),
2913 1969 3180 2048 ἐγκαίρως
3223 1975 3286 2049 γὶ
3336 1977 3432 2046 τὴν
3480 1976 3663 2052 ἄμυναν
3703 1979 3773 2034 δια

405 2083 464 2117 τε
493 2060 636 2133 ᾅδειν
667 2063 757 2117 τὸν
810 2059 1056 2137 βασιλέα,
1088 2061 1175 2114 καὶ
1226 2061 1298 2121 ὡς
1345 2055 1624 2132 ἐπιϐούλῳ
1672 2060 1728 2112 οἱ
1779 2066 1878 2128 τῆς
1930 2081 2059 2130 σφε.
2172 2055 2350 2120 θέσθαι
2381 2061 2487 2111 τῶν
2517 2055 2748 2112 δεόντων
2780 2061 2990 2134 ἡγεῖτο.

404 2152 564 2226 τέρας
626 2157 772 2220 ζωῆς
828 2147 1085 2218 ὀνειδίζεν
1138 2147 1358 2203 εἰοῦτω
1418 2146 1698 2223 βούλεται.
1754 2147 1906 2217 Πλήν
1965 2156 2056 2210 καὶ
2167 2164 2233 2218 κ’,

401 2247 503 2309 τῆς
577 2237 820 2316 κεφαλῆς
893 2235 1207 2314 καλύπτραν
1285 2236 1680 2302 ἀποτιθέμενος
1756 2235 1809 2298 ἐς
1885 2233 2058 2300 πόδας

401 2327 594 2401 ἐκείνῳ
649 2327 833 2383 ἑαυτὸν
890 2326 1148 2402 ἐρρίπτει,
1197 2327 1286 2381 καὶ
1335 2325 1563 2381 πολλῶν
1627 2325 1938 2401 βλεπόντων
1990 2325 2052 2380 ού

398 2417 709 2492 κατῃδεῖτο.
758 2419 814 2471 Ὀ
845 2413 892 2471 δ’
920 2414 1236 2490 ἀπέπεμπεν
1284 2410 1564 2492 ἐμϐριθῶς
1623 2416 1715 2470 καὶ
1770 2415 2054 2491 ὑπερεώρα

2293 2164 2482 2241 ’Ὀπως
2537 2162 2810 2241 συνῆλθον
2869 2165 2920 2220 ἐν
2981 2173 3161 2241 ταυτῶ
3216 2171 3355 2225 κατᾶ
3430 2173 3679 2237 συνθεσίας
3725 2178 3764 2230 οἱ

2239 2231 2496 2289 δεσπόται
2568 2231 2824 2308 Ἰωάννης
2895 2259 2953 2293 τε
3025 2231 3144 2294 xui.
3187 2243 3423 2318 Μιχαὴλ
3479 2247 3505 2299 ὁ
3557 2231 3769 2316 τῆξΔύ-

2237 2326 2394 2369 σεως.

2236 2416 2301 2484 [Ρ
2357 2416 2478 2487 143]
2536 2413 2668 2469 Τότε
2721 2415 2902 2470 τοίνυν
2959 2417 3049 2472 καὶ
3107 2417 3275 2474 πάλιν
3330 2420 3634 2499 ἀπεπειρᾶτο
3682 2429 3766 2479 τῶν

2163 2611 2538 2669 vehementer
2575 2613 2807 2669 instans
2855 2614 3030 2672 etiam
3075 2617 3392 2677 abeuntem
3443 2627 3759 2696 sequeretur,

2163 2703 2329 2774 quasi
2361 2703 2764 2775 expugnandae
2794 2704 2846 2757 vi
2881 2705 2978 2776 pia
3015 2708 3350 2766 severitatis
3381 2717 3584 2779 certus,
3609 2713 3767 2768 ferunt

2160 2790 2553 2862 patriarcham
2609 2791 2813 2847 cellam
2863 2793 3200 2865 ingressum
3247 2797 3398 2855 fores
3444 2800 3498 2855 in
3540 2817 3598 2856 os
3639 2806 3766 2856 arcte

2159 2877 2392 2934 clausas
2424 2879 2722 2936 obdidisse
2753 2884 3094 2949 assectanti,
3129 2885 3334 2957 sicque
3367 2887 3523 2943 illum
3552 2906 3756 2944 vacuum

2157 2971 2212 3021 et
2243 2970 2430 3038 precis
2463 2968 2695 3022 irritum
2738 2970 2917 3026 crude
2947 2971 3267 3030 dimisisse.
3301 2979 3414 3030 Nec
3453 2977 3617 3032 semel
3645 2979 3756 3032 talia

394 2617 688 2688 homines)
720 2615 974 2672 decrevit
1004 2631 1106 2688 per
1136 2630 1197 2670 se
1228 2613 1387 2670 adire
1423 2613 1822 2686 patriarcham
1854 2617 1910 2668 et
1939 2613 2052 2669 cri-

395 2725 528 2764 men
560 2706 612 2764 ei
645 2705 946 2780 proprium
980 2704 1288 2760 confessus
1335 2703 1565 2760 veniam
1597 2719 1790 2759 coram
1822 2719 2046 2774 rogare.

399 2797 503 2853 lvit
535 2794 903 2868 prociditque
954 2794 1064 2866 ipsi
1115 2791 1364 2864 supplex
1407 2793 1659 2864 saepius;
1712 2797 1769 2847 et
1823 2793 2051 2848 detecto

393 2884 576 2941 animi
610 2883 848 2939 vulnere
880 2882 1239 2939 curationem
1262 2880 1446 2952 petiit.
1470 2881 1556 2936 Ad
1582 2898 1708 2952 quas
1741 2879 1839 2936 ille
1862 2879 2048 2936 facere

389 2973 585 3046 ipsum
620 2989 688 3028 ea
713 2971 932 3044 quibus
964 2969 1157 3027 curari
1190 2973 1422 3026 tantum
1458 2969 1597 3024 mali
1639 2969 2042 3040 possetjussit.

388 3061 670 3116 Caeterum
703 3077 833 3133 quae
865 3060 978 3115 ista
1008 3063 1203 3114 essent
1233 3074 1347 3113 non
1399 3056 1706 3128 expressit,
1743 3056 2044 3112 indefinite
2153 3059 2424 3127 expertus
2457 3057 2793 3128 imperator,
2820 3060 2918 3113 sed
2953 3061 3155 3117 eadem
3179 3063 3304 3120 hmo
3337 3065 3540 3136 saepius
3566 3066 3758 3121 etlocu-

393 3151 480 3206 sic
509 3155 684 3223 atque
715 3150 962 3206 obscure
992 3148 1305 3221 prascipere
1349 3150 1684 3204 contentus.
1719 3147 2043 3217 Imperator
2150 3149 2246 3199 tus
2288 3149 2344 3199 et
2387 3151 2663 3217 operatus
2709 3152 2766 3201 et
2809 3165 3042 3219 passus,
3097 3153 3497 3225 nequidquam
3540 3171 3750 3226 semper,

388 3256 520 3295 vero
569 3239 813 3310 rogabat
860 3239 1119 3292 indicare
1169 3235 1518 3292 nominatim
1582 3251 1653 3290 ne
1702 3239 2042 3306 gravaretur
2073 3258 2115 3324 C
2151 3233 2426 3288 ell'eratus
2457 3235 2526 3289 ad
2553 3239 2876 3290 extremum
2896 3242 3005 3302 est,
3031 3245 3088 3293 et
3119 3240 3191 3295 de
3216 3241 3432 3297 duritia
3461 3243 3753 3314 patriarcha

381 3328 521 3398 quid
549 3327 672 3381 fieri
705 3345 735 3380 a
767 3342 828 3381 se
851 3325 1042 3395 vellet,
1063 3343 1125 3382 se
1158 3325 1440 3380 exhibens
1459 3324 1531 3379 ad
1560 3329 1772 3379 cuncta
1795 3323 2041 3394 obsequi
2090 3323 2099 3324 “
2152 3323 2305 3393 apud
2332 3323 2547 3378 multos
2565 3329 2652 3378 est
2677 3327 3246 3396 questus,invidiose
3271 3330 3754 3404 exaggerans,velle

380 3419 650 3486 paratum
683 3431 1048 3485 quaecunque
1076 3413 1343 3480 dixisset,
1373 3412 1706 3483 patriarcha
1737 3411 2038 3467 nihilomi-
2140 3410 2352 3481 jubere
2376 3411 2538 3466 illum
2569 3412 2746 3483 abjici
2777 3431 2809 3468 a
2841 3429 2902 3470 se
2925 3431 3118 3472 curam
3137 3421 3536 3475 communium
3567 3437 3748 3485 rerum,

379 3521 492 3559 nus
526 3503 584 3558 in
625 3503 742 3557 illis
779 3501 1103 3558 indeﬁnitis
1144 3500 1684 3572 praescriptionibus
1716 3506 2036 3587 perstanle’
2153 3515 2254 3554 nec
2307 3500 2498 3556 sinere
2545 3517 2607 3555 se
2655 3501 2911 3573 amplius
2960 3510 3062 3560 aut
3091 3523 3120 3562 e
3151 3508 3326 3564 terris
3371 3510 3580 3564 tributa
3618 3514 3746 3562 aute

380 3609 446 3650 ac
476 3596 712 3648 tantum
745 3591 887 3646 illud
929 3590 1192 3647 dicente:
1244 3613 1272 3640 «
1302 3589 1522 3646 Exhibe
1571 3590 2032 3646 satisfactionem
2151 3590 2552 3646 mercimoniis
2575 3592 3119 3666 vectigaliaexigere
3144 3615 3158 3666 ;
3185 3599 3436 3671 denique
3452 3600 3748 3656 tractatione

376 3681 561 3755 culpas
612 3681 1086 3752 respondentem,
1117 3685 1173 3736 et
1223 3679 1526 3751 accipiam.
1565 3702 1592 3729 ››
1649 3683 1790 3735 Cum
1837 3685 2033 3736 autem
2144 3677 2302 3732 omni
2351 3678 2719 3749 publicorum
2768 3683 3134 3754 negotiorum
3188 3686 3543 3758 interdicere,
3597 3703 3653 3743 ac
3689 3702 3746 3742 ne

375 3769 476 3826 ille
491 3769 707 3843 saepius
721 3770 997 3826 distincte
1012 3769 1307 3841 praescribi
1334 3769 1448 3825 sibi
1471 3769 1728 3825 remedia
1743 3769 2028 3841 petiisset,
2143 3764 2320 3820 ullam
2341 3767 2615 3839 deinceps
2639 3769 2971 3840 reipublicze
3005 3780 3228 3843 partem
3262 3777 3648 3832 administrare
3667 3782 3745 3830 aut

374 3877 481 3917 nec
513 3859 665 3916 clare
695 3859 1029 3932 patriarcha
1051 3859 1452 3931 responderet,
1475 3859 1692 3914 dixisse
1715 3858 2030 3930 imperato-
2138 3856 2400 3911 omnimo
2434 3857 2721 3928 attingere
2750 3860 3070 3930 imperator
3111 3865 3350 3932 audeat,
3380 3871 3578 3922 vetare.
3611 3866 3739 3918 Hunc

369 3966 494 4007 rem
526 3949 724 4006 aiunt:
789 3971 816 3999 «
861 3949 930 4004 Et
958 3949 1091 4020 quis
1139 3948 1250 4005 scit
1281 3965 1378 4016 an,
1419 3964 1552 4002 cum
1603 3964 1710 4020 ego
1770 3948 2027 4020 plurima
2136 3944 2227 3999 sui
2274 3945 2516 4000 curandi
2553 3948 2788 4002 modum
2835 3952 3197 4020 excogitasse
3248 3955 3639 4025 patriarcham,
3667 3950 3738 4007 cui

369 4036 577 4107 fecero,
637 4043 701 4094 tu
759 4037 905 4094 satis
964 4042 1315 4110 accepturus
1371 4037 1454 4092 sis
1480 4037 1508 4092 ?
1538 4057 1565 4086 η
1624 4036 1729 4093 Cui
1774 4038 2025 4107 graviter
2132 4050 2200 4088 ex
2230 4033 2421 4090 officio
2451 4036 2754 4091 incumbat
2783 4054 3038 4107 quaerere
3071 4043 3355 4112 optimam
3386 4045 3641 4099 rationem
3658 4041 3736 4094 ari-

364 4127 744 4200 respondisse
773 4126 1168 4198 patriarcham
1223 4126 1550 4198 ingentium
1585 4126 1897 4181 criminum
1931 4126 2020 4181 in-
2119 4122 2518 4192 juvandorum
2551 4128 2608 4179 et
2633 4124 2691 4178 in
2725 4130 2943 4181 statum
2979 4129 3299 4199 pristinum
3329 4131 3735 4202 reparandorum
3897 4139 3901 4202 λι

361 4199 564 4288 gentia
584 4233 715 4272 esse
735 4215 967 4288 piacula
994 4216 1383 4272 debereﬂla
1402 4216 1552 4271 Tum
1577 4215 2016 4286 imperatorem,
2127 4227 2326 4264 eorum
2362 4212 2460 4282 qui
2495 4211 2840 4269 humanitus
2878 4215 3026 4286 lapsi
3062 4224 3223 4274 sunt.
3260 4199 3407 4275 Post
3434 4220 3544 4275 haec
3573 4218 3733 4274 decla-
3893 4199 3899 4288 ί

356 4310 422 4361 ut
453 4304 716 4376 penitius
741 4305 847 4360 viri
881 4303 1146 4360 animum
1179 4309 1458 4373 tentaret,
1495 4324 1522 4356 ιι
1552 4305 1699 4371 Quid
1735 4304 1952 4376 porro?
1987 4324 2011 4355 ν
2127 4305 2284 4355 mata
2325 4303 2478 4357 2l4
2530 4303 2914 4375 adjungebat,
2946 4307 3167 4378 saepius
3218 4309 3452 4379 iterans,
3499 4307 3730 4380 quoniam

352 4393 628 4450 intulisse
654 4393 883 4450 :«Num
918 4409 1009 4449 me
1035 4394 1211 4450 etiam
1242 4393 1488 4465 imperio
1512 4395 1688 4465 jubes
1720 4395 1922 4448 cedere
1944 4394 2012 4448 ?»
2125 4391 2456 4460 patriarcha
2489 4391 2680 4462 palam
2714 4399 3118 4452 contemneret
3158 4415 3358 4454 sacros
3380 4415 3611 4455 canones
3630 4395 3728 4451 dari

351 4485 542 4554 Atque
563 4482 670 4539 hoc
703 4482 993 4539 dicentem
1026 4499 1228 4539 ensem
1250 4482 1486 4538 balthco
1519 4482 1743 4538 solvere
1766 4482 2012 4553 coepisse
2122 4479 2304 4551 lapsis
2327 4481 2732 4552 penitentiam
2750 4483 3295 4560 jubentes,tempus
3317 4505 3439 4544 esse
3462 4502 3726 4544 recurren-

354 4572 589 4646 ipsique
634 4572 951 4645 porrigere,
981 4589 1162 4628 causa
1203 4571 1542 4643 experiundi
1587 4572 1725 4643 quid
1772 4573 2009 4627 tandem
2045 4630 2084 4649 ἢ
2117 4568 2175 4623 di
2209 4569 2278 4624 ad
2309 4586 2520 4640 papam
2575 4569 2766 4626 Romae
2799 4573 3122 4642 sedentem,
3147 4581 3203 4631 et
3234 4578 3306 4631 ab
3337 4595 3400 4632 eo
3431 4575 3726 4649 suppliciter

354 4630 547 4719 νἐιιεζι.
577 4630 1082 4718 Ράιτίδιιιοδανοτο
1099 4630 1309 4733 cupide
1343 4677 1584 4716 manum
1605 4630 2008 4732 ‘protendente
2041 4630 2086 4693 D
2117 4630 2348 4732 petendi
2383 4630 2640 4716 salutare
2673 4664 2894 4733 peccati
2938 4630 3296 4722 remedium,
3454 4630 3722 4738 indignans

354 4751 520 4823 quasi
581 4753 652 4808 ad
712 4752 1123 4824 accipiendum
1183 4752 1338 4822 quod
1380 4750 1653 4818 dabatur,
1705 4767 2005 4807 revocasse
2116 4751 2522 4820 exasperatum
2555 4755 2672 4804 tam
2708 4752 2877 4807 saevis
2909 4755 3163 4825 repulsis
3195 4758 3452 4812 animum
3484 4758 3556 4810 ita
3584 4753 3716 4807 dein.

351 4844 683 4914 Augustum
735 4857 888 4910 sese,
920 4857 985 4896 ac
1021 4840 1282 4896 nondum
1315 4857 1348 4895 a
1397 4841 1615 4896 femore
1663 4840 1996 4912 expeditum
2115 4854 2250 4910 ceps
2294 4839 2364 4893 ad
2410 4839 2744 4911 reipublicae
2799 4843 3366 4901 administrationem
3429 4843 3624 4906 retulit,
3667 4843 3718 4892 ut

352 4930 667 4985 retinuisse
699 4929 988 5003 gladium,
1021 4929 1524 5001 exprobrasseque
1571 4929 1815 5001 insuper
1842 4928 2002 4984 velut
2111 4928 2366 4998 amplius
2397 4945 2512 4982 non
2553 4935 2784 4985 curaret
2813 4933 3125 4988 convenire
3175 4934 3568 5005 patriarcham,
3597 4927 3713 4985 satis

346 5019 653 5075 insidianti
684 5020 818 5074 vitae
849 5035 990 5088 suae,
1032 5018 1131 5090 qui
1163 5035 1226 5074 se
1253 5018 1338 5074 sic
1371 5023 1735 5073 exarmatum
1774 5017 1912 5083 iret;
1947 5025 1999 5072 et
2109 5035 2327 5091 gnarus
2373 5033 2434 5074 se
2476 5018 2621 5073 nihil
2672 5021 3102 5094 profecturum,
3157 5029 3428 5096 praeterea
3474 5021 3710 5094 judicans

343 5112 542 5164 tamen
572 5106 827 5182 tegmine
849 5107 1058 5179 capitis
1080 5107 1340 5180 deposito
1367 5106 1616 5178 abjicere
1642 5123 1703 5163 se
1727 5107 1797 5160 ad
1822 5106 1998 5177 pedes
2108 5107 2345 5164 omnino
2376 5108 2708 5174 convenire,
2742 5126 2808 5166 ac
2841 5113 3171 5168 curandum
3225 5113 3337 5168 sibi
3384 5128 3504 5168 esse
3531 5122 3706 5180 opporo

340 5197 703 5270 ejus,multis
731 5197 1224 5266 videntibus,non
1247 5197 1576 5252 dubitasse:
1601 5196 1994 5268 patriarcham
2105 5201 2248 5252 tuno
2279 5201 2561 5268 tempore,
2596 5199 2847 5254 utistius
2870 5202 3084 5256 atrocis
3119 5197 3702 5268 inclementiaaculpam

335 5303 472 5343 vero
521 5287 716 5358 ipsum
772 5287 979 5342 acerbe
1027 5285 1334 5357 repulisse,
1382 5284 1649 5356 nihilque
1715 5284 1993 5339 inﬂexum
2106 5287 2380 5358 congruis
2411 5287 2725 5358 aliquando
2753 5291 2938 5359 pomis
2972 5292 3304 5363 patriarcha
3335 5291 3522 5347 lueret.

337 5377 678 5448 despexisse
711 5381 868 5432 arcto
891 5375 1004 5431 sibi
1039 5367 1344 5446 com'plexu
1371 5389 1561 5445 genua
1585 5373 1992 5444 stringentem,

2206 5394 2270 5450 Ut
2299 5393 2363 5448 de
2401 5409 2543 5460 pace
2589 5398 2948 5452 convenerint
3000 5397 3148 5454 inter
3196 5416 3255 5453 se
3299 5399 3447 5453 ambo
3501 5397 3696 5462 demota:

339 5467 483 5522 adeo
515 5465 896 5521 formidolosa
919 5462 1278 5520 conscientia
1303 5461 1541 5518 sceleris
1558 5468 1666 5518 est.
1696 5462 1852 5517 Adeo
1873 5463 1992 5517 vir-
2171 5467 2416 5521 Jaannes
2445 5472 2501 5520 et
2520 5467 2750 5523 Michael
2783 5471 2844 5523 in
2886 5469 3172 5526 Occidente
3201 5471 3490 5526 dominans.

337 5561 434 5611 tus
462 5553 1026 5611 venerabilileum
1058 5557 1252 5609 autem
1287 5551 1676 5623 stepiusidem
1705 5557 1994 5623 roganset
2103 5553 2268 5619 Quod
2338 5570 2494 5609 nunc
2572 5555 2853 5626 instabat,
2919 5557 3065 5614 nulli
3143 5556 3571 5630 praevertendum
3631 5546 3692 5603 rei
