4018 6198
348 345 457 403 657

342 560 627 625 ἐκείνους,
680 557 770 611 καὶ
832 553 922 609 διὰ
974 560 1139 609 τοῦτο
1199 555 1299 610 οὐκ
1355 556 1421 624 ἦν
1483 557 1707 629 ἠρεμεῖν
1767 555 1857 609 καὶ
1912 555 2003 608 τὸν

346 645 618 716 δεσπότην
680 644 932 715 Ἰωάννην
966 642 1091 698 οὐδὲ
1121 645 1257 718 πρὸς
1309 643 1525 718 ὀλίγον,
1559 645 1671 716 ἅμα
1705 646 1798 717 μὲν
1848 643 2006 698 καθὲ-

346 735 470 811 δρᾳ,
506 738 621 808 ἅμα
653 732 709 789 δὲ
750 734 838 788 καὶ
888 733 1220 808 ὁρμητηρίῳ
1272 733 1642 807 Θεσσαλονίκῃ
1697 734 2005 808 χρώμενον.

342 826 535 890 Ἔνθεν
590 845 675 878 τοι
730 827 820 877 καὶ
880 821 1031 884 αὖθις
1068 868 1082 889 ,
1140 822 1325 876 καίτοι
1399 827 1507 877 τῶν
1560 823 1676 876 κατ’
1732 822 2002 891 ἀνατολὴν

341 914 704 985 πονούντων,
766 915 877 985 ἅμα
937 910 1194 984 δυνάμεσι
1248 910 1531 974 πλείσταις
1586 913 1677 967 τὸν
1738 909 2001 983 δεσπότην

340 1004 633 1076 ἐκπέμπει.
696 1001 792 1055 Καὶ
827 999 890 1070 δὴ
923 1002 1023 1069 τὴν
1065 1001 1329 1077 ταχίστην
1377 997 1568 1065 ἐπιϐὰς
1616 1002 1818 1063 ἐκεῖνος
1871 1009 2002 1057 Θεσ-

338 1091 640 1162 σαλονίκης
698 1092 979 1145 συνέταττέ
1033 1112 1092 1145 τε
1165 1092 1261 1154 τὰς
1318 1088 1572 1163 δυνάμεις
1623 1090 1711 1144 καὶ
1761 1091 2005 1164 πόλεμον

334 1182 547 1255 ἐξάγειν
596 1181 731 1234 κατὰ
779 1176 1014 1253 Μιχαὴλ
1066 1178 1431 1255 εὐτρεπίζετο.
1484 1180 1581 1234 Καὶ
1635 1177 1775 1253 μηδὲ
1800 1180 2003 1243 τελέως

335 1269 622 1329 ἀκουσθεῖς
649 1267 867 1329 ἐπιστὰς
902 1269 997 1340 ἅμ’
1050 1268 1281 1338 ἠκούετο
1331 1269 1419 1323 καὶ
1467 1269 1581 1341 ἅμα
1626 1274 1745 1330 ταῖς
1794 1268 2003 1343 χώραις

288 1354 709 1434 -προσέϐαλλε,
766 1356 913 1411 λείαν
977 1378 1033 1411 τε
1091 1357 1351 1425 πλείστην
1398 1354 1832 1432 περιϐαλόμενος
1869 1360 2001 1412 ὑπο-

334 1451 580 1524 στρέφει.
635 1449 733 1504 Καὶ
794 1449 821 1501 ὁ
885 1448 977 1519 μὲν
1032 1450 1127 1510 τας
1161 1447 1417 1522 δυνάμεις
1458 1454 1683 1523 κατεῖχε
1714 1446 1998 1523 διαχειμε-

334 1540 563 1616 ριούσας
593 1538 714 1612 περῖ
746 1540 838 1592 τὸν
874 1536 1200 1614 Βαρδάριον,
1250 1539 1324 1600 ὡς
1377 1536 1487 1611 ἅμα
1529 1542 1621 1613 ἦρι
1667 1534 1995 1614 προσϐαλὼν

332 1631 514 1694 αὖθις·
576 1631 604 1683 ὁ
662 1626 721 1682 δὲ
776 1627 1006 1703 Μιχαὴλ
1065 1625 1219 1704 φόϐῳ
1271 1627 1501 1705 ληφθεὶς
1553 1628 1613 1683 οὐ
1649 1628 1855 1703 μετρίῳ
1883 1630 1994 1703 (τὸν

327 1718 438 1793 γὰρ
494 1715 761 1786 δεσπότην
822 1716 912 1770 καὶ
971 1715 1022 1786 ἐξ
1098 1717 1267 1785 ἀκοῆς
1328 1714 1623 1772 ἐδεδίττετο
1682 1716 1749 1770 τὰ
1812 1714 1998 1771 πολλᾶ

1441 348 1537 398 DE
1578 344 1947 399 MICHAELE
1986 342 2412 398 PALEOLOGO
2448 344 2582 397 LIB.
2626 348 2724 399 III.

345 470 601 526 δπικῶν.
665 465 808 525 Οὐδὲ
865 468 968 542 γὰρ
1027 469 1118 535 ἦν,
1172 466 1270 521 οὐκ
1325 467 1392 535 ἦν
1452 467 1535 521 ἐπὶ
1592 470 1790 522 ταυτοῦ
1826 466 2001 538 μένειν
2035 462 2345 537 Αέκείνῳ,
2404 463 2493 518 καὶ
2546 465 2726 520 πίστιν
2780 467 3020 542 γενέσθαι
3084 461 3303 541 βεϐαίαν
3362 466 3420 521 ἐκ
3473 474 3573 536 τῆς
3630 467 3738 544 πρὸ

3669 342 3776 397 658

3746 457 3770 496 ς

2118 551 2405 623 ἀλλήλους
2438 556 2562 617 θεας
2590 549 2876 611 ἐϐούλετο.
2931 557 2992 613 Ὁ
3049 560 3179 631 γοῦν
3209 553 3480 625 δεσπότης
3508 559 3607 627 τὴν
3641 578 3771 632 πρε-

2116 637 2297 696 σϐείαν
2360 641 2671 717 δεξάμενος,
2731 645 2804 707 ὼς
2860 639 3044 699 λαϐὼν
3092 646 3237 719 παρὰ
3289 643 3555 720 βασιλέως
3589 645 3771 718 ἐκχώ-

2116 751 2294 804 ρησιν,
2331 731 2544 788 ἐκέλευε
2568 734 2697 796 τοὺς
2730 736 2927 808 ὅρκους
2956 733 3226 810 γενέσθαι.
3270 733 3366 791 Καὶ
3398 731 3465 803 δὴ
3500 733 3769 790 συνελθὼν

2114 820 2260 893 αὐτῷ
2291 821 2367 898 ἐφ’
2389 820 2697 897 ὁρισθείσης
2721 822 2954 897 ἡμέρας,
2976 822 3065 877 καὶ
3089 823 3567 895 κατασπασάμενος
3593 820 3770 877 ἀπλά-

2112 932 2223 983 στῳ
2271 910 2414 982 ἤθει,
2467 912 2513 967 εἴ
2559 912 2808 977 κάκεῖνος
2839 912 2929 967 καὶ
2978 912 3144 968 πάλιν
3193 912 3284 967 τὸν
3321 910 3483 969 δόλον
3516 909 3767 989 ἔκρυπτε,

2113 1000 2247 1076 πρὸς
2279 1000 2343 1054 τὰ
2373 1000 2547 1055 οίκεῖα
2578 1001 2864 1074 ἐκπέμπει.

2110 1123 2210 1172 κα’.
2241 1118 2426 1178 Ὅπως
2457 1118 2484 1171 ὁ
2518 1115 2784 1193 δεσπότης
2818 1119 3070 1193 Ἰωάννης
3113 1116 3609 1193 ἀπαλλαγεὶς-τῶν
3660 1127 3765 1193 Aug

2181 1194 2491 1266 TLXQ‘J‘TOEC
2523 1191 2639 1244 κατ’
2669 1186 2971 1266 Ἀνηατολὴν
3002 1190 3226 1266 ἐχθροῖς
3266 1186 3628 1265 προσϐάλλει.
3664 1192 3767 1249 Καὶ

2187 1258 2406 1333 μερικὸς
2433 1257 2649 1323 ἔπαινος
2675 1261 2893 1319 τούτου.

2181 1358 2243 1429 [Ρ
2278 1359 2399 1429 144]
2434 1358 2539 1413 Τὸν
2594 1359 2779 1430 μέντοι
2829 1378 2892 1433 γε
2943 1356 3209 1427 δεσπότην
3244 1356 3498 1427 Ἰωάννην
3534 1378 3764 1430 μετακα-

2110 1443 2402 1517 λεσάμενος
2450 1445 2508 1501 ἐκ
2538 1446 2942 1517 Θεσσαλονίκης
2986 1448 3013 1502 ὁ
3049 1445 3328 1523 βασιλεὺς,
3388 1447 3580 1522 μικρὸν
3637 1449 3760 1501 ὅσον

2109 1531 2465 1609 διατρίψαντα
2522 1537 2595 1603 οἱ,
2655 1536 2767 1609 ἅμα
2813 1542 2933 1599 ταῖς
2983 1533 3239 1609 δυνάμεσι
3298 1536 3435 1610 πρὸς
3489 1535 3759 1604 ἀνατολὴν

2106 1622 2393 1695 ἐκπέμπει,
2447 1630 2565 1686 τοῖς
2626 1623 2856 1700 Πέρσαις
2919 1625 2993 1686 ὡς
3050 1626 3117 1693 ἦν
3178 1625 3667 1697 συμμίξοντα.⁷Ην
3703 1623 3761 1679 δὲ

2103 1712 2337 1785 κάκείνῳ
2394 1713 2571 1791 τρυφή
2628 1714 2690 1768 τὸ
2748 1713 2974 1775 ἐκείνοις
3033 1713 3355 1785 ἐφεστάναι,
3412 1714 3501 1769 καί
3552 1735 3604 1768 τι
3660 1722 3761 1784 τῆς

326 1809 443 1883 πρὸ
498 1811 598 1862 τοῦ
653 1805 733 1879 τῷ
792 1805 1047 1877 Ἰταλικῷ
1110 1806 1470 1879 στρατεύματι
1540 1806 1944 1881 φρυαττόμενος
1982 1824 1992 1836 ·
2032 1800 2267 1902 Βαύτοῦ
2325 1799 2484 1874 δόξης
2551 1800 2695 1872 ἄξιον
2752 1801 3168 1878 διαπράξεσθαι.
3223 1804 3320 1859 Ἢν
3376 1804 3481 1877 γὰρ
3542 1803 3569 1857 ὁ
3620 1803 3758 1879 ἀνὴρ

330 1895 428 1952 διὰ
477 1899 579 1972 γὰρ
639 1898 700 1951 τὸ
760 1898 897 1972 πρὸς
953 1895 1045 1949 τὸν
1101 1900 1197 1950 τοῦ
1278 1893 1617 1971 Φρεδερίχου
1674 1892 1842 1950 παῖδα
1898 1895 1988 1948 τὸν

328 1988 533 2064 Maqu
588 1983 758 2055 κῆδος
820 1984 908 2039 ἐπὶ
959 1988 1026 2059 τῇ
1058 1984 1277 2061 Θυγατρῖ
1307 1982 1526 2058 ἕτοιμον
1569 1986 1841 2058 βοηθῆσον
1877 1983 1993 2058 εἶχε

323 2079 389 2131 τὸ
444 2077 645 2140 ἐκεῖθεν
705 2076 1119 2149 στρατιωτικὸν)
1166 2075 1320 2152 ἀφεὶς
1376 2078 1437 2130 τὸ
1494 2074 1576 2129 ἐπ’
1607 2075 1831 2136 ἐκείνοις
1860 2075 1991 2149 θαρ-

325 2166 441 2242 ρεῖν
502 2164 596 2219 ἐπὶ
650 2162 885 2225 σπονδὰς
942 2163 1283 2240 καταφεύγει,
1340 2164 1427 2218 καὶ
1486 2165 1704 2238 πέμψας
1765 2162 1991 2217 ἱκετεύει

320 2254 423 2308 τὸν
474 2257 738 2322 Ἰωάννην
800 2250 1264 2325 μετακλαιόμενός
1320 2274 1377 2307 τε
1431 2254 1527 2315 τὰς
1584 2252 1851 2326 προτέρας
1884 2271 1989 2305 πα-

322 2337 662 2414 λιμϐολίας,
702 2340 792 2395 καὶ
820 2342 916 2415 πρὶ
944 2346 1051 2395 τῶν
1092 2339 1408 2413 μελλόντων
1459 2341 1712 2417 ἐχέγγυον
1756 2340 1991 2417 ἀσφαλὲς

320 2431 456 2493 τοὺς
490 2429 692 2506 ὅρκους
763 2426 964 2484 ἐδίδου.
1028 2430 1242 2500 Ἐζήτει
1300 2450 1357 2484 τε
1423 2431 1510 2484 καὶ
1571 2435 1844 2494 συνελθεῖν
1894 2428 1987 2501 ἅμ’

325 2628 561 2702 putavit
586 2628 1011 2700 expeditionem
1046 2628 1102 2682 in
1138 2628 1426 2683 Occiduos
1449 2631 1675 2684 tractus
1699 2627 1935 2683 alteram
1964 2643 1977 2692 ;

326 2735 450 2773 non
487 2716 666 2785 enim,
718 2733 833 2771 non
880 2716 1082 2788 utique
1133 2720 1234 2771 aut
1286 2718 1641 2788 sperandum
1693 2721 1838 2783 erat,
1891 2720 1992 2771 aut

331 2806 576 2864 omnino
610 2807 731 2861 ﬁeri
766 2810 993 2877 poterat
1036 2811 1100 2860 ut
1130 2806 1516 2876 praesentibus
1548 2808 1989 2877 acquiescerent

324 2902 430 2951 aut
481 2912 685 2950 secure
735 2895 1035 2965 quiescere
1087 2912 1191 2950 nos
1226 2896 1499 2951 sinerent
1538 2895 1990 2967 inquietissimae

318 2991 550 3059 gentes.
586 2988 770 3051 Quare
800 2985 1252 3051 cessandum,ac
1286 3002 1358 3041 ne
1391 2987 1797 3041 cunctandum
1832 3002 1865 3056 τι
1893 2985 1989 3039 ui-

317 3078 455 3131 dem
490 3075 575 3131 vel
612 3074 946 3143 minimum,
981 3074 1049 3129 ab
1073 3075 1155 3129 eis
1179 3074 1331 3131 ultro
1354 3075 1707 3131 invadendis
1750 3080 1805 3131 et
1833 3073 1992 3129 malo

318 3164 620 3221 donandis
660 3164 872 3219 Joanni
905 3164 1159 3236 despotm
1212 3181 1326 3220 non
1359 3173 1502 3235 erat,
1548 3181 1828 3236 magnam
1862 3165 1990 3234 ejus

2100 1896 2218 1952 ταῖς
2269 1888 2552 1959 ἀληθείαις
2604 1890 2880 1962 ὀξύτατος,
2934 1892 3009 1954 ὡς
3058 1896 3147 1945 νῦν
3208 1893 3305 1964 μὲν
3339 1891 3543 1946 ἐνταῦθ’
3571 1892 3761 1947 ἀκούε-

2100 1982 2241 2053 σθαι,
2290 1983 2378 2034 νῦν
2430 1977 2488 2034 δὲ
2535 1986 2786 2055 παρεῖναι
2838 1982 2974 2035 ὅπου
3024 2001 3105 2042 τις
3167 1978 3308 2053 μηδὲ
3358 1977 3760 2055 προσεδόκησεν

2100 2066 2159 2122 ἂν
2192 2068 2437 2124 πώποτε.
2489 2068 2690 2131 Σκευᾶς
2752 2066 2797 2123 δ’
2847 2069 3047 2133 ἐκείνας
3092 2068 3182 2124 καὶ
3228 2066 3519 2144 ταγμᾶτων
3570 2066 3757 2141 πλήθη

2098 2157 2187 2212 καὶ
2246 2158 2529 2233 θεραπείας
2587 2157 2780 2236 ἀφιεὶς.
2834 2158 3061 2235 ἐσπέρας
3115 2157 3511 2232 σκευαζόμενος
3565 2155 3762 2222 ἵπποις

2100 2246 2305 2322 ἐχρῆτο
2362 2244 2799 2322 ταχυδρομοῦσι,
2857 2247 2948 2303 καὶ
3006 2254 3123 2310 τοῖς
3187 2245 3318 2320 μηδ’
3374 2246 3451 2311 εἴς
3504 2251 3626 2303 νοῦν
3660 2248 3757 2317 τὴν

2099 2335 2300 2391 ἐκείνου
2354 2333 2543 2411 ἔχουσι
2624 2338 2920 2413 παρουσίαν
2984 2336 3240 2412 ἐφίστατο
3280 2378 3293 2395 .
3365 2335 3470 2393 Καὶ
3531 2334 3619 2392 τίνα
3682 2338 3756 2410 μὴ

2097 2424 2463 2500 καταχαλῷτο
2511 2426 2573 2480 τὸ
2623 2431 2783 2498 σῶμα
2832 2425 3157 2499 κινούμενον
3189 2424 3269 2503 ἐφ’
3294 2424 3484 2481 ’ίππων
3513 2426 3602 2480 καὶ
3633 2426 3761 2480 ἀνα-

2098 2623 2494 2679 immutabilis
2548 2624 2767 2697 pignus
2805 2629 2980 2697 atque
3010 2625 3277 2681 obsidem
3327 2623 3541 2679 obtulit
3578 2623 3762 2694 juris—

2092 2713 2339 2782 jurandi
2372 2713 2735 2785 religionem,
2770 2731 2886 2786 qua
2919 2715 3187 2785 praesenti
3238 2730 3301 2769 se
3346 2714 3759 2785 obstringeret,

2100 2801 2376 2872 colloquii
2431 2803 2663 2873 copiam
2712 2805 2783 2857 ad
2837 2804 2893 2857 id
2947 2803 3281 2873 postulans,
3328 2807 3384 2858 et
3418 2820 3656 2874 sperare
3700 2818 3763 2858 se

2107 2889 2267 2946 aiens
2299 2896 2503 2945 mutuo
2555 2896 2871 2962 conspectu
2907 2892 3146 2947 sincerae
3178 2908 3297 2946 suae
3348 2891 3670 2945 voluntatis
3702 2891 3760 2945 in

2100 2983 2375 3035 aeternam
2390 2980 2767 3035 concordiam
2786 2980 2983 3043 ﬁdem,
3010 2978 3450 3050 quantumlibet
3463 2978 3759 3034 dubitanti

2102 3084 2165 3122 se
2198 3068 2510 3123 facturum.
2545 3068 2710 3122 Haud
2746 3072 3097 3137 aspernatus
3129 3066 3479 3138 legationem
3512 3067 3761 3138 despota

2100 3156 2376 3225 Joannes,
2409 3155 2510 3226 qui
2543 3172 2602 3211 se
2636 3154 2809 3226 plena
2840 3156 2908 3209 ad
2956 3156 3328 3210 tractandum
3364 3158 3648 3225 potestate
3670 3156 3760 3209 in-

330 3253 468 3309 belli
493 3254 749 3309 hahente
765 3254 1102 3308 facultatem
1120 3270 1324 3309 secura
1353 3254 1729 3325 possessione
1747 3254 1991 3309 Thessa-
2029 3266 2071 3331 α
2108 3249 2398 3300 structum
2433 3245 2504 3299 ab
2554 3245 2904 3316 imperatore
2935 3244 3305 3309 meminerat,
3340 3243 3494 3298 diem
3532 3243 3760 3298 [0011m-

322 3331 651 3398 1onicensis
684 3342 989 3408 urbis,ubi
1016 3346 1071 3397 et
1106 3343 1419 3399 stationem
1451 3348 1669 3399 certam
1704 3349 1760 3398 et
1780 3343 1850 3397 ad
1884 3344 1993 3396 im-

326 3436 505 3504 petus
521 3431 927 3487 incursionum
946 3432 1000 3486 in
1017 3448 1244 3487 omnem
1261 3433 1710 3506 circumquaque
1723 3434 1868 3488 sitas
1886 3437 1987 3488 ter-

324 3538 426 3575 ras
444 3519 715 3575 Michaeli
730 3520 1028 3590 subjectas
1044 3522 1297 3592 despotas
1312 3522 1988 3594 habebatepportunam,

326 3626 465 3665 cum
501 3614 704 3678 parato
736 3615 989 3680 receptu.
1025 3610 1123 3663 His
1154 3611 1225 3664 de
1255 3612 1450 3667 causis
1482 3628 1547 3667 eo
1570 3628 1778 3667 rursus
1800 3612 1988 3683 impe-

326 3702 495 3753 rator
535 3696 821 3752 Joannem
864 3699 1162 3768 despotam
1207 3700 1368 3754 misit
1405 3717 1539 3755 cum
1588 3701 1989 3772 maximapar-

334 3792 395 3842 te
424 3786 748 3857 copiarum,
785 3786 917 3841 licet
947 3786 1018 3842 iis
1050 3786 1381 3845 laborantes
1416 3794 1473 3843 et
1505 3790 1641 3862 ipsae
1664 3790 1988 3846 Orientales

323 3875 639 3947 provinciae
668 3891 783 3929 non
809 3868 1016 3946 parum
1040 3876 1389 3949 indigerent.
1425 3877 1478 3933 ls
1510 3896 1681 3950 porro
1714 3880 1825 3934 cito
1858 3896 1985 3950 per-

320 3969 527 4020 vectus
551 3962 1031 4019 Thessalonicam
1056 3968 1376 4021 exercitum
1394 3968 1452 4021 in
1477 3968 1814 4023 Michaelem
1841 3970 1982 4025 adeo

320 4051 882 4118 celeriterimmisit,
918 4058 981 4107 ut
1019 4054 1232 4110 famam
1266 4056 1717 4127 opinionemque
1736 4075 1979 4128 praever-

319 4147 455 4197 tens
478 4141 571 4195 vix
596 4142 760 4213 prius
785 4143 1021 4198 auditus
1044 4151 1379 4199 cerneretur
1399 4149 1453 4200 et
1477 4146 1791 4201 sentiretur
1810 4162 1978 4218 agere

324 4233 600 4301 ferreque
618 4231 923 4287 Michaelis
940 4233 1221 4289 ditionem
1241 4235 1400 4289 omni
1420 4234 1582 4290 clade
1602 4235 1755 4290 belli.
1784 4237 1979 4292 Praeda

317 4320 544 4375 dehinc
577 4320 770 4377 omnis
798 4321 1031 4393 generis
1061 4327 1306 4379 onustas
1339 4325 1395 4378 in
1431 4328 1621 4380 tutum
1657 4325 1853 4397 copias
1889 4343 1977 4382 re-

317 4409 500 4479 cepit,
534 4414 591 4463 et
620 4411 773 4465 circa
804 4412 1147 4467 Bardarium
1182 4431 1413 4468 amnem
1448 4414 1812 4470 hiematuras
1833 4416 1977 4471 locis

318 4499 651 4554 commodis
667 4499 982 4570 disposuit,
1004 4506 1067 4556 ut
1084 4502 1429 4559 videlicetex
1448 4505 1537 4559 2|
1552 4506 1595 4561 5
1622 4506 1971 4577 propinquo,

2109 3334 2713 3405 quejuramentorum
2736 3332 3092 3389 caeremonias
3116 3333 3453 3400 constituit;
3478 3348 3662 3404 eoque
3685 3334 3756 3387 ad

2108 3422 2440 3478 condictum
2478 3439 2815 3489 occurrens,
2849 3428 2914 3477 ut
2945 3427 3066 3477 erat
3096 3420 3349 3477 naturali
3393 3420 3673 3476 facilitatc
3705 3429 3759 3476 et

2105 3512 2241 3566 recti
2277 3511 2632 3567 conscientia
2661 3510 2960 3580 credulus,
2994 3511 3223 3566 sincera
3254 3510 3380 3581 ipse
3412 3514 3605 3565 mente
3637 3527 3753 3567 non

2102 3600 2227 3672 pari
2260 3602 2509 3657 candore
2533 3602 2837 3671 jurantem
2856 3618 2920 3656 ac
2939 3600 3103 3656 dolos
3136 3605 3277 3656 tunc
3298 3615 3531 3673 quoque
3547 3599 3751 3655 verbo-

2105 3725 2230 3763 rum
2266 3707 2497 3764 fallacia
2528 3707 2813 3764 celantem
2849 3707 3072 3763 audivit
3095 3706 3464 3774 Michaelem,
3500 3722 3755 3778 eumque

2099 3798 2313 3853 fmdere
2344 3797 2457 3853 icto
2482 3797 2709 3853 remisit
2737 3798 2803 3852 ad
2834 3796 3085 3868 propria.

2093 3914 2184 3968 21.
2244 3914 2305 3970 Ut
2360 3913 2577 3980 despota
2622 3914 2859 3968 Joannes
2899 3914 3225 3981 perfunctus
3297 3910 3641 3983 expeditione
3690 3909 3752 3966 in

2170 3984 2448 4049 Occiduos,
2482 4001 2608 4039 cum
2640 3984 2893 4039 hostibus
2927 3984 2987 4037 in
3019 3985 3232 4038 oriente
3259 3982 3331 4037 sit
3368 3982 3699 4053 congressus
3734 4002 3748 4050 ;

2156 4060 2207 4112 et
2237 4056 2469 4111 laudum
2497 4057 2615 4127 ejus
2645 4054 2961 4110 distinctior
2987 4056 3336 4125 praedicatio.

2161 4158 2235 4208 At
2269 4152 2591 4225 imperator
2637 4153 2940 4223 despotam
2987 4151 3273 4207 Joannem
3322 4149 3743 4207 'l‘hessalonica

2088 4247 2419 4299 revocatum
2438 4246 2565 4315 post
2594 4242 2885 4298 modicam
2903 4241 3057 4313 apud
3083 4256 3146 4296 se
3162 4256 3385 4296 moram
3403 4256 3536 4296 cum
3560 4240 3747 4312 copiis

2088 4332 2149 4387 in
2167 4332 2448 4388 orientem
2488 4331 2687 4413 mittit2
2740 4331 3024 4385 adversus
3048 4329 3253 4385 Persas
3285 4328 3405 4385 illic
3454 4334 3716 4401 pugnatu

2089 4437 2239 4475 rum.
2277 4419 2678 4475 Delectabatur
2706 4417 2798 4472 hic
2820 4416 3035 4471 viristo
3058 4416 3493 4489 expeditionum
3514 4417 3710 4473 labore
3728 4458 3742 4484 ,

2087 4513 2143 4563 et
2175 4526 2421 4564 summae
2456 4507 2535 4562 illi
2558 4505 2880 4578 voluptatis
2912 4505 3037 4561 loco
3056 4510 3182 4561 erat
3211 4505 3434 4578 aliquid
3459 4505 3628 4561 laude
3651 4507 3740 4561 di-

315 4603 453 4640 vere
476 4586 730 4656 primum
766 4587 1162 4656 illucescente,
1187 4591 1430 4646 hostiles
1461 4592 1673 4647 iterum
1705 4592 1973 4664 regiones
2012 4621 2056 4685 Β
2089 4615 2270 4670 gnum
2315 4613 2535 4670 gerere.
2570 4600 2719 4651 Vera
2760 4596 2889 4665 ejus
2918 4595 3104 4665 gloria
3151 4600 3276 4650 erat
3306 4594 3740 4652 velocissimum

315 4675 685 4730 invaderent.
711 4680 781 4730 At
806 4676 1074 4747 Michael,
1101 4678 1298 4734 dolore
1324 4681 1673 4735 damnorum
1704 4683 1970 4754 quaejam

316 4769 593 4819 senserat
637 4764 1076 4821 imminentium
1112 4772 1268 4823 metu
1303 4769 1620 4833 cumulato,
1654 4771 1970 4826 vehemen-

316 4859 411 4905 ter
446 4851 702 4906 aftlintus
736 4855 806 4907 ad
836 4855 1080 4911 Joannis
1103 4855 1190 4911 vel
1210 4856 1392 4912 solam
1422 4860 1779 4915 mentionem
1804 4877 1972 4916 cons-

316 4941 689 5007 ternabatur,
724 4945 971 4999 re'nissa
1002 4962 1117 4999 non
1152 4962 1357 5016 parum
1387 4946 1485 5001 illa
1516 4948 1731 5003 ferocia
1770 4951 1970 5019 priori,

310 5047 440 5102 qua
462 5030 676 5087 solitus
697 5037 868 5088 antea
886 5040 1009 5089 erat
1030 5034 1400 5104 insolescere,
1430 5036 1642 5091 ﬁducia
1669 5038 1864 5107 utique
1888 5039 1972 5093 Ita

307 5120 567 5174 licorum
602 5122 954 5178 auxiliorum
978 5142 1010 5179 a
1031 5124 1327 5180 Manfredo
1349 5141 1587 5197 genero,
1609 5127 1881 5183 Friderici
1904 5130 1967 5182 ﬁ-

308 5207 419 5274 lio,
453 5208 565 5279 ipsi
599 5214 958 5280 paratorum.
986 5213 1095 5267 Sed
1127 5217 1269 5267 tunc
1291 5214 1405 5269 ista
1430 5231 1533 5287 spe
1558 5232 1784 5287 opeque
1806 5218 1966 5272 dam-

309 5303 458 5353 nata
479 5300 651 5369 quasi
677 5300 845 5355 malis
860 5302 1203 5370 urgentibus
1222 5310 1451 5374 reperta
1471 5305 1700 5376 impari,
1724 5307 1793 5360 ad
1814 5312 1965 5363 trac-

308 5386 598 5443 tationem
623 5390 785 5461 pacis
808 5389 1101 5461 confugit;
1128 5392 1405 5463 etlegatis
1427 5394 1498 5448 ad
1522 5395 1805 5450 Joannem
1822 5412 1964 5467 sup-

303 5474 570 5549 plicibus
604 5479 827 5544 missis,
857 5479 1011 5534 serio
1053 5480 1178 5549 jam
1213 5481 1490 5551 pmnitere
1521 5500 1649 5539 sese
1692 5485 1961 5539 fraudum

304 5564 441 5622 etin
454 5567 873 5638 quietudinum
889 5569 1317 5639 praeteritarum
1334 5570 1580 5627 obnoxio
1594 5588 1658 5627 ac
1674 5571 1960 5628 lamenta-

303 5652 513 5711 biliter
541 5656 864 5730 professus,
897 5655 1032 5713 ﬁdei
1061 5657 1525 5730 constantiaeque
1550 5658 1609 5714 in
1655 5665 1957 5731 posterum

2088 4688 2304 4742 ducum
2356 4686 2618 4742 omnium
2676 4686 2732 4739 in
2768 4684 3168 4756 belligerando
3199 4701 3348 4751 esse,
3382 4684 3463 4740 ita
3493 4689 3558 4740 ut
3604 4702 3737 4740 cum

2085 4775 2300 4830 alicubi
2334 4775 2555 4831 versari
2582 4774 2905 4841 audiretur,
2936 4790 3066 4828 mox
3092 4772 3212 4828 illic
3243 4775 3472 4830 adesset
3493 4791 3608 4846 quo
3644 4791 3739 4829 ne-

2085 4882 2180 4920 mo
2213 4881 2475 4935 unquam
2509 4863 2900 4919 existimasset
2932 4863 3085 4918 216
3129 4867 3248 4917 tam
3283 4863 3439 4919 brevi
3472 4868 3736 4936 tempore

2085 4953 2381 5025 pervolare
2413 4951 2698 5025 potuisse.
2731 4952 2951 5022 Nempe
2982 4951 3411 5023 impedimenta
3440 4952 3733 5025 suppelle-

2081 5040 2236 5097 ctilis
2268 5041 2587 5097 castrensis
2616 5045 2673 5096 et
2703 5039 2834 5095 illas
2858 5039 3203 5096 ambitiosas
3222 5041 3440 5097 ducum
3470 5041 3733 5097 sarcinas

2081 5130 2530 5202 ministeriaque
2565 5128 2909 5185 famulorum
2944 5134 3003 5183 et
3051 5127 3257 5201 longas
3288 5130 3730 5186 clitellariorum

2079 5220 2375 5276 mulorum
2402 5220 2701 5286 mandras,
2720 5223 3072 5291 apparatum
3093 5219 3260 5274 tarde
3283 5218 3728 5288 mobilem,ubi-

2077 5325 2309 5381 cunque
2330 5309 2724 5381 oppressisset
2745 5307 3279 5378 vesper,omittens,
3304 5308 3640 5380 pernicibus
3668 5306 3727 5361 in

2076 5401 2244 5469 equis
2275 5398 2580 5471 expeditus
2609 5403 2774 5454 vasta
2803 5396 3079 5451 noctibus
3101 5396 3381 5452 emetiens
3413 5395 3623 5467 spatia,
3648 5394 3727 5449 ibi

2074 5491 2313 5558 repente
2341 5486 2663 5560 apparebat
2684 5502 2799 5557 quo
2825 5483 3111 5558 perlatum
3137 5488 3255 5539 tam
3280 5483 3503 5539 volucri
3527 5481 3729 5539 celeri-

2073 5579 2192 5631 tate
2224 5576 2394 5633 fidem
2417 5591 2649 5633 omnem
2683 5591 2749 5630 ac
2771 5572 3187 5645 cogitationem
3214 5573 3549 5639 excederet;
3573 5575 3631 5628 et
3652 5587 3725 5627 nc

2070 5664 2383 5737 rapiditate
2412 5661 2813 5721 incitatissimi
2838 5664 3033 5715 motus
3055 5675 3267 5731 corpus
3288 5661 3348 5715 in
3373 5660 3542 5733 equis
3573 5660 3721 5717 etfu-
