4018 6198
366 298 483 354 059
1692 293 1996 350 GEORGII
2030 292 2494 349 recavum
2568 304 2583 313 υ
2862 284 2879 287 “
3643 296 3737 352 660

369 420 749 494 ϐρασσόμενον
809 416 1087 487 συνεχῶς,
1133 410 1364 488 κειρίαις
1411 414 1475 468 τὸ
1531 416 1689 488 σῶμα
1744 411 2033 484 διείληπτό
2062 422 2115 486 Α
2146 409 2205 466 δὲ
2258 414 2307 489 γ’
2359 411 2849 492 ἀφιλοχρηματίας
2903 412 2941 482 ἢ
3024 412 3238 486 μᾶλλον
3295 415 3737 489 μισοχρηματίας,

372 526 431 562 τε
486 505 580 560 καὶ
639 501 1042 578 συνεσφίγγετο.
1103 500 1202 555 Διά
1245 505 1415 557 ταῦτα
1461 503 1551 557 καὶ
1580 499 1904 580 ἠνδραγάθει
1961 501 2029 556 τά
2139 498 2310 556 εἷπεῖν
2366 500 2719 577 οἰκειότερον,
2759 502 2979 557 καὶτοῦ
3011 500 3184 557 πάντα
3214 502 3553 578 στρατιώταις
3585 503 3742 577 προίε-

380 594 628 666 μίγιστα,
687 584 920 667 φοϐερὸς
970 588 1165 646 ἅπασιν
1225 591 1339 663 ὥν,
1400 591 1496 665 ἅμ’
1552 593 1887 665 ἀκουόμενος
1941 590 2031 647 καὶ
2141 601 2300 660 σθαι,
2348 590 2410 646 τὸ
2457 590 2569 662 ἐξὸν
2620 592 2883 654 πιθάκνας
2934 586 3081 666 ἔχειν
3138 589 3434 667 χρημάτων
3481 590 3563 645 καὶ
3608 591 3744 668 ὑπερ-

378 680 472 752 ἅμ]
537 676 893 753 ἐφιστάμενος
927 723 940 736 .
990 680 1067 735 Τὸ
1142 680 1324 752 μέντοι
1379 701 1441 755 γε
1500 680 1884 755 στρατιωτικὸν
1943 678 2035 734 καὶ
2142 684 2398 734 πλουτεῖν
2430 680 2504 741 ὡς
2533 678 2780 741 πολλοὺς
2811 680 2899 734 καὶ
2957 678 3233 755 μεγάλους
3264 676 3585 754 διενεγκόντα
3608 680 3745 735 πολέ-

382 768 576 843 λόγοις
608 766 809 823 ἔθαλπε
855 770 943 823 καὶ
979 767 1180 845 δώροις
1210 771 1518 847 ἐθεράπευε,
1550 772 1641 827 καὶ
1668 773 1732 827 τὸ
1766 773 2037 848 μέγιστον,
2152 789 2286 842 μους
2313 768 2403 823 καὶ
2452 770 2640 844 χώρας
2671 770 2846 830 πάσας
2874 772 3001 831 ταῖς
3033 772 3446 845 στρατιωτικαῖς
3494 766 3751 841 ἐμπειρίαις

386 856 449 912 ού
482 853 817 920 δεσποτικῶς
847 856 1095 931 ἐκείνοις,
1128 857 1256 915 ἀλλ’
1304 858 1614 935 ἀδελφικῶς
1655 863 2041 939 προσεφέρετο,
2149 858 2654 933 παραστησάμενον,
2708 853 2786 912 ἔτι
2844 853 2903 911 δὶ
2949 857 3057 911 κάκ
3099 860 3208 910 τῶν
3254 856 3476 912 ἐνόντων
3525 856 3595 918 εἷς
3641 855 3754 923 ἷόἷας

389 944 526 1019 ἀνὴρ
559 943 824 1018 θεοφιλὴς
869 945 959 1000 καὶ
1007 953 1180 1018 πρᾶος
1226 947 1317 1001 καὶ
1366 948 1633 1024 χρηστὸς,
1665 948 2045 1023 ἀνυπόκριτος.
2154 946 2469 1020 οἷ’κονομίας
2512 950 2880 1022 προσκτᾶσθαι
2940 945 3170 1002 πλείονα
3202 990 3217 1015 ,
3269 946 3333 1002 τὸ
3392 945 3714 1021 μετριώτατον
3744 990 3756 1014 ,

389 1033 486 1095 Εἰς
518 1030 575 1087 δὲ
606 1031 942 1108 φιλοδωρίαν
974 1035 1065 1090 καὶ
1096 1037 1299 1098 πάντας
1342 1035 1511 1094 ἐνίκα.
1566 1038 1822 1109 Ἐπήνθει
1853 1035 1911 1092 δὲ
1956 1036 2048 1092 καὶ
2156 1034 2238 1090 ὅτι
2287 1036 2376 1090 καὶ
2424 1033 2661 1099 πολλοῖς
2709 1032 2861 1090 δοκεῖ
2909 1036 3104 1112 ἀρετῆς
3152 1032 3322 1112 ἄκρας
3369 1040 3581 1109 σημεῖον
3624 1036 3675 1090 τὸ
3708 1040 3760 1090 τὰ

392 1122 456 1177 τὸ
485 1124 704 1198 σῶφρον
736 1120 946 1195 ἐκείνῳ,
1002 1125 1077 1186 ὡς
1140 1122 1308 1197 μηδὲν
1358 1125 1503 1201 παρὰ
1547 1125 1672 1199 μίαν
1718 1127 2049 1196 ἀκουσθῆναι
2158 1124 2333 1180 οῗκεῖα
2383 1125 2738 1199 καρπίζεσθαι
2793 1121 2961 1197 μηδὲν
3013 1120 3208 1194 ἔξωθεν
3258 1125 3699 1199 προσκτωμένους,
3739 1126 3760 1179 ὁ

398 1209 756 1283 ὑποταγεῖσαν
788 1210 932 1282 αὐτῷ
957 1210 1104 1281 πλὴν
1154 1215 1254 1281 τὴν
1301 1213 1525 1290 σύζυγον
1572 1213 1648 1276 εἷς
1697 1212 1901 1284 ἡδονῆς
1951 1212 2051 1268 νό-
2162 1211 2221 1268 δὲ
2244 1212 2498 1276 τοιαύτας
2526 1212 2601 1274 εἷς
2630 1212 2693 1267 τὸ
2742 1218 3005 1267 πΑουτεῖν
3057 1212 3311 1288 ἀφορμάς
3353 1207 3763 1287 προϐαλλομένης

402 1310 498 1362 θου
528 1298 827 1353 κλωπείαν·
876 1299 1087 1370 Ἐκείνη
1150 1299 1197 1355 δ’
1227 1300 1287 1356 ἐκ
1331 1301 1544 1364 νοθείας
1584 1302 1674 1356 καὶ
1709 1304 1849 1375 μόνη
1875 1301 2054 1374 τούτῳ
2160 1309 2261 1371 τῆς
2310 1301 2490 1376 τύχης
2536 1300 2598 1355 τὸ
2629 1299 2773 1355 οὕτω
2803 1298 3062 1355 πλουτεῖν
3106 1300 3170 1355 ἐκ
3220 1300 3524 1373 πλεονεξίας
3566 1300 3765 1361 ἐκτόπως

406 1387 689 1462 θυγάτριον
736 1389 983 1461 φυσικὸν,
1034 1386 1159 1445 ἀλλ’
1221 1390 1282 1445 ού
1335 1390 1573 1464 νόμιμον
1622 1390 1997 1467 ἀπεγέννησεν,
2026 1390 2056 1445 ’ὁ
2165 1389 2431 1465 ἀπέστυγε
2476 1390 2567 1443 καὶ
2598 1387 2796 1462 ἐμίσει,
2853 1388 2991 1463 μόνῃ
3021 1392 3090 1463 τῇ
3146 1387 3277 1464 δόξῃ
3326 1388 3678 1463 ἑνασμενίζων,
3714 1391 3767 1457 ἧς

405 1474 496 1530 καὶ
542 1479 624 1547 τῷ
673 1476 825 1533 Μὲπε
854 1471 1097 1551 Ἰϐηρίας
1133 1476 1295 1533 Δαυῖδ
1337 1479 1413 1543 εἷς
1463 1484 1640 1553 γάμον
1687 1477 1917 1536 ἐδίδοτο.
1975 1478 2061 1537 Τὰ
2167 1476 2321 1534 οὐδὲν
2351 1480 2469 1553 εἶχε
2496 1482 2769 1553 προτιμᾷν
2805 1476 2973 1536 ἄλλο.
3018 1474 3174 1549 Μόνη
3225 1478 3333 1554 γὰρ
3362 1479 3467 1533 τῶν
3513 1480 3634 1533 κατά
3677 1478 3770 1552 βίον

412 1560 460 1617 δ’
510 1561 652 1619 ἄλλα
704 1565 921 1638 μέτριος
967 1565 1035 1633 ἦν
1082 1566 1172 1620 καὶ
1221 1569 1541 1642 καρτερικὸς
1594 1567 1673 1646 ἐφ’
1720 1570 1937 1639 ἅπασιν,
1986 1567 2062 1628 εἰς
2167 1570 2498 1644 πραγμάτων
2546 1563 2676 1636 δόξα
2715 1571 2831 1627 τοῖς
2888 1566 3186 1623 ἀπελτοῦσι
3216 1566 3540 1641 παρέπεσθαι
3585 1569 3771 1644 πέφυκε.

416 1651 463 1708 δ’
494 1651 770 1721 οἰκειακὴν
803 1652 947 1723 τάξιν
974 1652 1063 1708 καὶ
1116 1653 1236 1709 λίαν
1289 1654 1608 1729 φιλότιμος,
1640 1660 1817 1714 καὶτὸ
1848 1657 2061 1731 σύμπαν
2173 1657 2277 1714 Καὶ
2343 1658 2372 1711 ὁ
2434 1657 2528 1730 μὲν
2586 1654 2755 1728 νόμος
2811 1656 2908 1709 τοῦ
2963 1661 3072 1711 τῶν
3133 1658 3467 1731 Χριστιανῶν
3520 1656 3772 1730 νομοθέτου

415 1742 740 1815 περιφανής.
797 1742 901 1797 Καὶ
958 1738 1157 1815 ἀκριϐῆ
1209 1750 1411 1817 σημεῖα
1453 1749 1550 1815 τῆς
1604 1747 1698 1819 μὲν
1744 1747 2067 1825 φιλαγαθίας
2096 1790 2143 1825 η
2172 1750 2434 1819 Χριστοῦ,
2492 1744 2554 1799 ού
2607 1743 2864 1806 Σόλωνος
2913 1742 3040 1800 οὐδὲ
3092 1745 3439 1821 Λυκούργου,
3485 1742 3601 1800 ἀλλ’
3644 1744 3776 1799 αὖτοῦ

420 1830 583 1886 αὐτοῦ
643 1829 734 1884 καί
783 1830 1110 1905 φιλοκαλίας
1154 1833 1277 1907 περῖ
1338 1835 1464 1897 τοὺς
1514 1836 1767 1905 οἰκείους,
1820 1839 1967 1910 [145]
2016 1836 2067 1910 ἐξ
2104 1829 2145 1856 υ
2174 1838 2273 1890 τοῦ
2321 1832 2566 1888 πλάστου
2604 1833 2695 1887 καὶ
2744 1836 2980 1902 ποιητοῦ
3027 1832 3118 1887 καὶ
3151 1837 3311 1903 Θεοῦ,
3361 1832 3420 1886 ἐκ
3445 1836 3546 1887 τῶν
3592 1834 3780 1906 προσόν-

428 1918 502 1974 ὦν
562 1918 800 1981 ἐκείνους
866 1918 1209 1985 παιδεύεσθαι
1281 1918 1579 1979 συνέϐαινεν
1635 1923 1686 1988 ἐς
1740 1927 1802 1981 τὸ
1853 1922 2073 2002 ἀκριϐὲς
2176 1945 2285 1978 των
2332 1919 2540 1977 διδόναι
2591 1920 2681 1975 καὶ
2714 1917 3131 1994 ἀντιλαμϐάνειν
3183 1922 3252 1976 τὰ
3308 1921 3587 1995 μείζω.“0
3616 1919 3672 1989 δὴ
3712 1920 3780 1975 καὶ

423 2008 515 2065 καὶ
569 2008 644 2071 εἷς
698 2006 993 2081 ἀληθινοὺς
1045 2012 1315 2087 ὑπηρέτας
1346 2009 1675 2083 ἀποϐαίνειν,
1721 2014 1784 2070 τὸ
1816 2014 2071 2080 θανόντος
2180 2013 2494 2068 πιστευτέον
2546 2009 2862 2085 ἐπάναγκες,
2920 2010 2965 2064 εἰ
3023 2010 3277 2066 πιστεύοι
3332 2031 3414 2073 τις
3464 2015 3539 2083 τῷ
3603 2012 3782 2084 Χριστῷ

425 2096 631 2153 ἐκείνου
684 2099 811 2161 τοὺς
865 2098 1069 2155 ἐκείνου
1126 2103 1451 2178 θεραπευτὰς
1508 2102 1591 2157 ἐπ’
1652 2104 1920 2174 ἀξιώμασι
1979 2125 2076 2178 με·
2186 2103 2263 2175 μὴ
2315 2101 2481 2175 μόνον
2531 2099 2722 2155 καθότι
2775 2100 3122 2174 βαπτίζοιτο.
3156 2099 3306 2157 ἀλλά
3352 2100 3636 2164 καθότικαῖ
3671 2098 3783 2168 ἀλη-

422 2187 636 2262 γίστοις
684 2185 861 2258 ἀξίους
893 2191 1216 2264 λογισθῆναι
1267 2188 1542 2247 δουλεύειν
1572 2190 1652 2265 τῷ
1687 2190 1921 2270 βασιλεῖ.
1956 2195 2075 2264 Τῆς
2181 2190 2327 2247 θινὸν
2361 2190 2567 2245 ἐκεῖνον
2600 2182 2725 2263 ἔχοι
2753 2185 2834 2264 ἐφ’
2884 2191 2966 2252 οἷς
3020 2189 3436 2266 ἐπαγγέλλεται.
3483 2186 3788 2245 Βαπτισθέντα

428 2383 666 2440 sissime
711 2385 1083 2443 currentibus
1141 2393 1399 2445 astuans
1450 2389 1829 2462 relaxaretur,
1875 2391 2076 2448 devin-

432 2476 592 2527 ctum
625 2471 773 2528 illud
825 2488 1057 2544 semper
1086 2476 1339 2534 habebat
1383 2480 1604 2547 fasciis,
1647 2485 1772 2537 arto
1819 2481 2080 2551 undique

432 2558 701 2631 amplexu
745 2561 1193 2634 stringentibus.
1239 2566 1319 2621 Ea
1362 2566 1773 2637 praclarorum
1819 2568 1879 2623 in
1925 2568 2079 2625 bello

432 2664 817 2705 successuum
850 2667 1029 2707 causa
1060 2652 1145 2707 illi
1177 2670 1393 2726 magna
1423 2659 1567 2727 erat,
1609 2656 1929 2729 imperatos
1956 2657 2082 2729 ple-

432 2752 686 2809 rumque
716 2739 800 2793 sic
830 2738 1289 2810 deprehendenti
1313 2742 1511 2800 hostes
1533 2744 1693 2800 haud
1714 2745 1883 2802 facile
1912 2745 2084 2803 aliter

431 2826 821 2897 superabiles,
852 2828 1026 2884 simul
1050 2829 1220 2902 longe
1250 2832 1507 2900 auditus,
1529 2833 1708 2889 simul
1730 2840 2081 2905 conspectus

432 2931 693 2987 praesens
721 2921 779 2973 et
794 2917 911 2972 vim
935 2917 1193 2975 inferens
1214 2919 1651 2979 ineluctabilem
1681 2944 1695 2993 ;
1720 2925 1875 2980 unde
1896 2929 2082 2981 terror
2188 2923 2391 2996 giones
2421 2924 2664 2996 (invasit
2692 2928 2891 2980 autem
2924 2921 3214 2996 plurimas
3243 2938 3464 2995 easque
3494 2919 3788 2989 ditissimas)

435 3004 566 3074 ejus
597 3003 712 3062 late
742 3004 801 3060 in
821 3004 1021 3062 hostes
1045 3015 1405 3077 manaverat,
1430 3011 1657 3068 cunctis
1680 3013 1749 3068 ad
1771 3014 1899 3084 ejus
1917 3029 2079 3069 men-
2182 3012 2317 3084 jure
2347 3011 2599 3068 victoria
2633 3012 2965 3084 diripuerit.
3019 3011 3123 3067 llle
3153 3026 3292 3067 vero
3327 3012 3574 3083 pradam
3600 3022 3795 3079 semper

438 3093 663 3150 tionem
704 3093 1155 3166 trepidantibus.
1196 3098 1508 3156 Militarem
1553 3101 1993 3158 multitudinem
2026 3109 2083 3160 et
2117 3142 2158 3174 η
2197 3107 2324 3157 erat
2346 3101 2579 3169 solitus,
2604 3118 2675 3158 ne
2704 3102 2954 3158 minima
2978 3102 3219 3174 quidem
3244 3102 3375 3174 ejus
3402 3103 3560 3173 parte
3581 3097 3679 3155 sibi
3701 3095 3795 3151 exi-

444 3142 663 3150 --ν-ν-..
710 3142 1155 3166 --ηπ--..ηυ-υ.
1196 3142 1508 3156 ...............
1554 3142 1993 3158 .................,...
2026 3142 2083 3160 υ.
2198 3142 2324 3157 νη..
2346 3142 2579 3169 sum...”
2606 3142 2675 3158 μυ
2704 3142 2954 3158 ............
2978 3142 3219 3174 κίμων...
3244 3142 3375 3174 νει...
3402 3142 3560 3173 μην
3581 3142 3679 3155 υ...-
3702 3142 3770 3151 ---

437 3182 750 3240 verborum
801 3184 1161 3258 benignitate
1227 3188 1642 3247 consolabatur
1686 3195 1743 3247 et
1794 3192 2085 3247 donorum
2117 3142 2161 3209 Ο
2198 3190 2315 3245 mie
2346 3194 2596 3258 servata,
2644 3189 2822 3245 militi
2870 3190 3203 3247 condonare
3256 3189 3621 3255 universam;
3665 3203 3719 3242 ao
3745 3200 3797 3239 ne

448 3271 723 3344 largitate
753 3272 1162 3345 demulcebat;
1223 3280 1280 3332 et
1309 3279 1466 3349 quod
1488 3284 1665 3352 caput
1694 3284 1803 3352 est,
1836 3298 1951 3337 non
1984 3280 2089 3336 do-
2197 3279 2621 3351 patrimonium
2674 3278 2915 3351 quidem
2978 3283 3083 3335 aut
3128 3295 3252 3335 rem
3287 3278 3624 3335 familiarem
3666 3289 3797 3330 suam

442 3360 588 3417 mini
611 3362 1886 3435 supercilium,sedaﬂ‘ectumfratriscumiis
1909 3384 2089 3441 agens
2199 3384 2412 3440 augere
2462 3369 2761 3425 consuetis
2792 3373 2851 3424 et
2879 3368 3063 3425 licitis
3113 3368 3367 3437 artibus,
3417 3372 3473 3424 et
3509 3368 3563 3422 in
3611 3365 3799 3421 modum

441 3450 902 3507 demonstrabat.
939 3452 1243 3509 Eratidem
1270 3454 1757 3529 religiosissimus
1778 3458 1880 3513 Dei
1902 3457 2090 3514 cultor
2198 3456 2526 3528 splendidis
2556 3459 2828 3531 expensis
2860 3459 3097 3515 abunde
3125 3458 3243 3514 sibi
3275 3452 3799 3526 haredibusquesul-

443 3542 502 3595 et
542 3543 786 3609 amator,
819 3540 1005 3611 mitis,
1049 3542 1363 3614 benignus,
1407 3544 1805 3603 simulationis
1846 3563 2091 3620 expers;
2201 3546 2492 3602 tecturum
2549 3551 2768 3605 attente
2816 3547 3145 3620 colligendo
3196 3547 3453 3604 formare
3508 3555 3801 3615 magnopere

448 3628 855 3685 muniﬁcentia
884 3646 1019 3686 vero
1051 3636 1109 3685 et
1129 3632 1199 3687 ad
1224 3632 1563 3690 donandum
1588 3635 1878 3707 pronitate
1899 3634 2091 3690 omni-
2200 3651 2463 3707 unquam
2495 3637 2744 3708 studuit,
2795 3637 2935 3694 licet
2964 3637 3023 3693 id
3068 3637 3128 3693 in
3161 3641 3333 3709 parte
3380 3633 3671 3692 laudabilis
3697 3646 3796 3703 pro-

449 3718 562 3775 bus
585 3716 944 3775 antecelluit.
970 3717 1459 3778 Eﬂlorescehatin
1478 3740 1545 3779 eo
1568 3723 1925 3781 castimonia
1954 3740 2094 3797 quo-
2200 3724 2468 3781 videntia
2499 3726 2639 3783 boni
2669 3726 2847 3783 etiam
2879 3731 2938 3782 et
2986 3726 3277 3782 moderati
3328 3726 3625 3782 numerent
3664 3718 3800 3794 pleri-

450 3822 562 3879 que
592 3808 794 3877 decus,
829 3809 972 3865 adeo
1006 3817 1068 3865 ut
1100 3826 1171 3866 ne
1202 3810 1378 3867 fando
1408 3813 1644 3884 quidem
1678 3813 1996 3886 aliquando
2015 3813 2094 3869 sit
2203 3829 2336 3886 que.
2366 3814 2500 3871 Alia
2552 3816 2680 3888 ejus
2712 3821 2872 3875 secta
2915 3815 3027 3872 fuit
3075 3816 3371 3889 planeque
3420 3814 3635 3870 diversa
3671 3808 3800 3873 ratio,

2190 2388 2473 2446 amaverit
2500 2389 2836 2462 pecuniam,
2867 2393 2971 2444 aut
3001 2386 3199 2459 potius
3223 2391 3512 2459 quantum
3541 2402 3655 2441 eam
3682 2402 3788 2441 con-

2189 2478 2515 2550 tempserit,
2550 2495 2880 2535 memorare
2909 2476 3361 2534 convenientius
3392 2475 3574 2531 fuerit.
3599 2475 3711 2530 Erat
3733 2474 3790 2541 ei,

2188 2568 2239 2624 si
2268 2566 2469 2637 vellet,
2501 2567 2849 2624 facillimum
2882 2565 3080 2635 doliis,
3114 2572 3180 2622 ut
3205 2564 3399 2637 aiunt,
3434 2564 3610 2638 plenis
3627 2578 3789 2634 conge-

2188 2672 2313 2713 rere
2344 2672 2485 2729 0pes
2516 2661 2573 2711 et
2605 2672 2916 2712 numerum
2951 2655 3272 2727 omnisque
3303 2653 3532 2728 generis
3559 2652 3790 2726 pretiosa-

2189 2762 2320 2802 rum
2354 2761 2553 2802 rerum
2592 2762 2831 2803 acervos
2868 2749 3097 2802 struere
3128 2744 3482 2812 immensos,
3513 2742 3694 2815 utique
3716 2740 3791 2812 qui

2189 2833 2340 2890 bello
2372 2850 2606 2907 semper
2639 2834 2773 2890 felix
2804 2849 3197 2907 quascunque
3229 2833 3477 2890 hostiles
3508 2831 3697 2887 invasit
3722 2847 3787 2885 re-

447 3897 716 3953 auditum
734 3896 964 3955 furtivis
985 3914 1121 3955 eum
1147 3899 1469 3958 indulsisse
1480 3904 1781 3959 amoribus
1799 3902 2092 3959 autaliam

446 4003 710 4061 unquam
733 3987 1050 4061 voluptatis
1081 4006 1260 4047 causa
1282 3990 1589 4048 mulierem
1618 3994 1882 4066 attigisse
1912 4009 2091 4064 quam

446 4078 743 4150 propriam
768 4080 1100 4151 conjugem.
1134 4083 1206 4137 At
1226 4080 1351 4138 haec
1374 4082 1628 4139 multum
1656 4084 1737 4141 illi
1760 4083 2091 4149 dissimilis,

449 4166 632 4223 filiam
663 4184 733 4224 ex
764 4167 878 4223 alio
920 4169 1165 4241 peperit,
1208 4170 1535 4228 naturalem
1576 4173 1677 4229 sed
1719 4172 2091 4247 illegitimam

449 4256 691 4327 prolem,
721 4274 849 4328 quas
884 4257 933 4312 ei
968 4263 1168 4329 postea
1209 4260 1375 4332 Mepe
1404 4262 1602 4317 Iberia
1633 4263 1834 4320 Davidi
1866 4263 2004 4317 data
2033 4261 2093 4316 in

448 4359 689 4403 uxorem
722 4348 832 4401 est.
865 4345 947 4400 De
978 4351 1185 4403 catero
1219 4349 1558 4408 moderatus
1589 4356 1714 4408 erat
1750 4360 1804 4408 et
1835 4350 2001 4406 fortis
2031 4350 2093 4405 in
2204 4354 2510 4421 partorum
2533 4354 2852 4421 quamdam
2867 4370 2986 4409 sua
3013 4352 3217 4408 virtuti
3231 4367 3467 4408 exosam
3488 4345 3803 4404 abominaris.

448 4433 744 4491 omnibus.
787 4433 1115 4507 Disciplina
1154 4437 1506 4496 domesticos
1546 4445 1745 4499 exacta
1782 4439 2091 4497 continuit.
2202 4441 2446 4496 Amores
2475 4441 2606 4511 ejus
2637 4458 2842 4499 omnes
2875 4443 2935 4498 in
2986 4442 3237 4515 gloriam
3274 4441 3631 4498 ferebantur:
3661 4445 3804 4489 unam

450 4520 633 4579 Mirus
661 4523 720 4579 in
746 4523 967 4580 familia
985 4540 1219 4598 semper
1238 4529 1403 4597 ordo,
1429 4530 1887 4603 incompositum
1910 4527 2055 4585 nihil
2080 4546 2096 4600 ;
2126 4517 2176 4582 1)
2207 4530 2529 4601 spectabat,
2565 4549 2683 4588 una
2714 4531 2812 4588 illa
2838 4532 3264 4601 delectabatur,
3300 4530 3449 4587 nihil
3475 4540 3709 4599 unquam
3725 4519 3806 4576 ad-

447 4618 659 4671 cuncta
688 4616 761 4672 ad
794 4615 1170 4688 splendorem
1203 4619 1669 4694 dignitatemque
1699 4620 1918 4677 illustri
1949 4637 2096 4691 qua-
2209 4616 2457 4675 miratus
2491 4625 2593 4675 aut
2640 4620 2982 4693 complexus
3027 4623 3184 4693 quod
3234 4618 3321 4676 illi
3349 4617 3647 4691 praferret,
3687 4604 3803 4666 nihil

447 4703 582 4759 dam
617 4709 673 4761 et
702 4706 883 4780 digna
916 4705 1178 4781 principe
1210 4710 1537 4767 ambitione
1586 4714 1939 4784 comparata.
1972 4711 2095 4775 Quo
2207 4711 2362 4781 quod
2398 4728 2501 4783 pro
2534 4711 2633 4767 illa
2667 4712 3055 4785 promerenda
3105 4712 3485 4785 parandaque
3521 4723 3625 4763 non
3656 4699 3806 4775 pacis-

446 4792 508 4848 in
540 4808 749 4865 genere
771 4795 1002 4867 insigne
1032 4797 1246 4854 deinde
1266 4805 1682 4872 argumentum
1707 4799 1931 4857 exstitit
1960 4799 2096 4855 dili-
2208 4805 2438 4857 ceretur
2469 4818 2534 4857 ac
2585 4802 2928 4876 proﬂigaret
2961 4802 3379 4867 libentissime,
3436 4798 3637 4872 quippe
3662 4803 3804 4865 quam

404 4915 414 4922 -
450 4882 660 4954 gentia
691 4885 839 4941 217
876 4889 934 4941 et
957 4885 1253 4956 elegantia
1284 4888 1473 4959 ipsius
1498 4890 1556 4945 in
1583 4889 1977 4946 familiaribus
1995 4906 2099 4945 cu-
2208 4889 2364 4946 inter
2393 4908 2601 4948 omnes
2634 4909 2727 4949 res
2772 4892 3065 4949 humanas
3097 4893 3321 4948 sciebat
3370 4904 3541 4946 unam
3569 4897 3682 4941 esse
3706 4892 3803 4951 qua

450 4972 676 5043 randis,
699 4975 852 5046 quod
876 4974 1039 5049 quiei
1064 4976 1561 5048 ministraverant,
1578 4979 1733 5035 sicin
1749 4978 2100 5035 omnilaude
2211 4980 2449 5037 duraret
2481 4989 2608 5053 post
2640 4981 2793 5037 hanc
2823 4982 2999 5036 vitam
3034 4986 3091 5037 et
3122 4980 3313 5037 funeri
3347 4979 3629 5050 superstes
3656 4970 3805 5024 morte

449 5059 631 5117 istius
646 5061 1055 5119 officiieruditi
1072 5068 1129 5120 et
1143 5066 1443 5122 exercitati
1461 5071 2107 5140 evaseruntuteospost
2214 5068 2346 5126 hinc
2379 5072 2705 5143 migrantes
2733 5077 3089 5128 coronatura
3119 5076 3481 5142 sequeretur.
3512 5066 3570 5120 In
3598 5060 3805 5117 eleemo-

450 5150 641 5223 ipsius
663 5153 885 5209 obitum
908 5170 1111 5211 omnes
1133 5156 1519 5227 requirerent,
1546 5162 1746 5232 utpote
1769 5157 1866 5230 qui
1890 5157 2102 5214 callere
2213 5175 2392 5230 synas
2440 5159 2740 5231 profusus,
2774 5160 2926 5216 hanc
2977 5161 3106 5232 ejus
3137 5159 3286 5217 218
3335 5154 3515 5213 studii
3562 5149 3799 5239 rationem

452 5241 524 5297 ad
560 5257 819 5315 unguem
845 5259 1049 5300 omnes
1078 5248 1233 5301 artes
1256 5246 1433 5303 aulici
1457 5247 1794 5317 ministerii,
1826 5251 1883 5302 et
1904 5264 2098 5303 veram
2213 5247 2563 5314 disserebat,
2615 5246 2802 5319 legem
2836 5265 2966 5305 esse
3014 5265 3131 5304 non
3172 5244 3402 5305 Solonis
3450 5245 3544 5298 aut
3586 5238 3803 5326 ιεςυτεξ,

451 5331 645 5389 ideam
664 5333 1052 5405 perfectorum
1074 5334 2102 5408 famulorumcunctisreprasentare
2213 5336 2312 5392 sed
2363 5335 2718 5409 legislatoris
2774 5335 3245 5393 Christianorum
3293 5330 3526 5401 Christi,
3578 5329 3805 5382 creatorls

451 5421 790 5478 viderentur
816 5440 831 5489 ;
864 5439 1044 5495 quare
1072 5424 1236 5495 digni
1269 5424 1452 5481 habiti
1486 5429 1626 5482 sunt
1656 5425 1757 5497 qui
1799 5441 2100 5495 promove-
2213 5426 2478 5498 ejusdem
2507 5424 3052 5498 conservatorisque
3079 5442 3273 5482 rerum
3296 5420 3554 5479 omnium
3577 5410 3802 5498 Deiﬁw

454 5514 661 5567 rentur
689 5512 759 5568 ad
783 5511 1039 5569 maxima
1067 5527 1314 5584 quaque
1342 5517 1399 5569 et
1427 5496 1885 5570 honoratissima
1911 5512 2104 5569 ofﬁcia
2214 5496 2322 5571 nos
2360 5515 2569 5586 jubeat
2600 5514 2752 5582 quod
2787 5496 3110 5587 possumus
3139 5532 3208 5571 rx
3239 5508 3509 5588 praesenti
3547 5499 3692 5597 copia
3714 5496 3803 5597 lar:

457 5600 671 5657 domus
718 5603 1017 5673 Augusta.
1055 5602 1275 5658 Verum
1323 5601 1418 5660 hic
1448 5603 1604 5661 idem
1636 5602 1728 5659 vir
1756 5619 1937 5676 quam
1983 5618 2100 5659 non
2216 5604 2350 5679 giri,
2375 5622 2478 5677 spe
2508 5608 2668 5661 certa
2698 5601 3019 5677 recipiendi
3050 5606 3291 5679 majora.
3328 5600 3467 5659 Huic
3486 5589 3802 5671 promissioni

2202 3903 2305 3975 qui
2336 3906 2526 3960 totum
2560 3906 2675 3962 sibi
2707 3908 2909 3962 sinum
2946 3906 3264 3979 pandentis
3287 3905 3550 3970 fortuna,
3582 3899 3802 3969 ultroque

2200 3994 2591 4065 congerendis
2642 3995 2905 4068 undique
2972 3994 3387 4052 occasionibus
3436 3989 3676 4048 lucrandi
3716 4000 3802 4041 non

2201 4080 2423 4153 injuste
2450 4083 2522 4139 ad
2548 4083 2894 4141 innocenter
2923 4084 3338 4141 ditescendum
3371 4079 3675 4145 invitantis,
3705 4090 3806 4131 mu-

2204 4187 2347 4228 nera
2375 4189 2588 4245 magno
2622 4191 2857 4247 semper
2888 4174 3088 4231 animo
3121 4173 3415 4245 rejecerit,
3445 4169 3675 4227 avaritia
3703 4179 3804 4234 spe-

2204 4260 2352 4317 ciem
2388 4260 2446 4316 in
2496 4263 2705 4320 sedula
2735 4265 3117 4337 congestione
3166 4262 3550 4337 quantumvis
3595 4252 3805 4329 legitime
