4018 6198
262 353 358 409 661

1300 350 1393 400 ua
1430 349 1796 414 MICHAELE
1836 350 2284 408 PALEOLOGO
2317 355 2452 407 LIB.
2498 356 2593 407 ιιι.

3541 350 3648 405 662

263 475 314 531 δὲ
340 472 420 529 καὶ
449 471 797 526 πιστεύσαντα
831 470 906 542 μὴ
940 473 1057 533 τοῖς
1088 465 1282 543 λόγοις
1329 469 1595 525 πιστεύειν
1644 468 1871 538 ἐκείνου,
1906 475 1958 542 Α
1990 473 2109 528 σθαι
2140 476 2563 548 παρασκευάσοι,
2596 475 2670 538 ὡς
2730 475 2967 539 ἐντεῦθεν
3026 462 3237 547 μηδένα
3279 469 3487 527 διδόναι
3536 476 3644 528 τῶν

266 563 388 638 μηδὲ
416 564 474 617 τὸ
501 561 727 637 πρώτως
781 558 1051 614 πιστεύειν
1108 554 1278 635 ἔχειν,
1311 560 1407 613 κᾶν
1441 558 1470 613 ὅ
1497 581 1548 614 τι
1582 558 1753 635 λέγοι.
1781 560 1884 615 Καὶ

261 654 401 725 ὁμὲν
430 653 659 726 Χριστοῦ
712 645 880 721 νόμος
942 647 1100 709 οὗτος
1160 643 1577 721 ἀνταμείϐεσθαι
1635 649 1771 703 κατὰ
1824 648 1887 702 τὸ

260 738 726 796 ἒκατονταπλάσιον
782 735 1172 811 ἐπαγγέλλεται
1223 757 1235 768 ’
1294 736 1469 813 χωρὶς
1529 735 1585 791 δὲ
1639 736 1729 791 καὶ
1789 740 1886 790 τοῦ

257 827 538 904 προσδοκᾷν
596 830 761 882 ταῦτα
817 826 1040 901 ἀπόχρη
1095 825 1185 880 καὶ
1248 827 1386 899 μόνη
1436 828 1469 895 ἡ
1503 825 1888 899 παραμένουσα

258 918 386 990 δόξα,
442 916 516 972 ’ἶν’
570 916 713 972 εἶ’ποι
762 938 844 978 τις
897 917 988 971 καὶ
1048 918 1163 971 κατ’
1197 914 1735 992 ἄνθρωπον,πείθιιν
1793 918 1884 971 τὸν

256 1009 450 1064 συνετὸν
480 1008 591 1081 οὐχ
615 1007 764 1070 ὅπως
794 1005 1199 1068 πλεονεκτικῶς
1255 1005 1709 1081 χρηματίζεσθαι,
1742 1003 1887 1061 ἀλλὰ

255 1100 331 1153 καὶ
382 1098 447 1152 τὰ
493 1097 767 1171 προσόντα
818 1101 939 1159 τοῖς
993 1100 1227 1171 τυχοῦσι
1294 1094 1597 1171 προίεσθαι.
1660 1096 1885 1168 Ἐξαίρω

256 1186 304 1243 δέ
352 1208 406 1264 γε
456 1185 551 1241 τοῦ
640 1182 808 1260 λόγου
886 1184 1016 1249 τοὺς
1071 1186 1153 1240 ἐπ’
1208 1185 1521 1261 ἀναγκαίαις
1600 1183 1884 1248 δοκούσαις

254 1276 446 1353 χρείαις
488 1275 609 1330 τινὰ
658 1280 767 1330 τῶν
819 1271 987 1330 ὅντων
1047 1276 1548 1351 παρακατέχοντας,
1582 1274 1627 1330 εἷ
1691 1277 1764 1348 μή
1826 1296 1887 1351 γε

252 1368 330 1423 καὶ
380 1366 526 1429 αὖθις
573 1362 754 1442 ἔχοιεν
806 1367 1207 1442 ἐκπορίζεσθαι.
1245 1365 1423 1423 Ἀλλὰ
1478 1371 1643 1421 ταῦτα
1705 1368 1797 1438 μὶν
1857 1366 1883 1420 ὀ

255 1456 499 1527 δεσπότης
531 1456 794 1527 Ἰωάννης
845 1456 936 1511 καὶ
1001 1455 1126 1511 λίαν
1186 1453 1350 1532 ἔγνω,
1382 1457 1472 1511 καὶ
1529 1455 1688 1531 γνοὺς
1718 1454 1783 1508 τά
1832 1456 1882 1509 οἱ

253 1546 543 1602 συνοίσοντα
574 1544 855 1620 ἔπραττεν.
892 1547 1040 1602 Ἐπεὶ
1102 1544 1159 1601 δὲ
1204 1548 1256 1601 οἱ
1289 1547 1427 1621 ἀμφὶ
1490 1548 1581 1600 τὸν
1642 1547 1884 1620 μοναχὸν

251 1636 446 1707 Νεῖλον,
476 1637 533 1699 ’ὸς
589 1636 652 1691 ἐκ
711 1636 965 1699 Σικελίας
1024 1638 1118 1709 μὲν
1178 1637 1428 1712 ὥρμητο,
1474 1636 1560 1691 ἐπὶ
1617 1642 1768 1707 κακῷ
1826 1635 1884 1690 δὲ

249 1735 334 1794 τῆς
409 1731 512 1780 τῶν
584 1725 877 1798 Ῥωμαίων
961 1725 1244 1788 πολιτείας
1332 1726 1551 1798 ἐπέστη,
1612 1722 1878 1779 διδάσκων

224 1813 647 1898 κγλισχρεύεσθαι
680 1814 770 1868 καὶ
820 1821 1124 1889 προμηθεῖς
1184 1816 1315 1869 εἶναι
1373 1814 1503 1876 τοὺς
1561 1814 1877 1887 ἀνθρώπους
1912 1850 1957 1915 Β

248 1902 354 1975 περὶ
404 1904 497 1972 τὴν
531 1900 708 1972 δόσιν,
747 1905 946 1975 μήπως
978 1903 1156 1967 λαθών
1188 1925 1270 1965 τις
1308 1902 1541 1978 μετρίως
1588 1908 1694 1957 τῶν
1739 1923 1878 1978 πρα-

247 1992 443 2067 γμάτων
474 1990 627 2067 ἔχων
664 1988 847 2048 λαϐὼν
898 1998 977 2065 τῷ
1028 1996 1120 2066 μὲν
1178 1990 1384 2048 διδόντι
1416 1994 1516 2062 τὴν
1544 1997 1641 2047 τοῦ
1698 1996 1878 2053 κακῶς

248 2081 530 2154 οἰκονομεῖν
586 2083 661 2137 τά
718 2083 770 2136 οἱ
818 2082 1092 2157 προσόντα
1147 2084 1475 2157 προστρίψοι
1530 2081 1879 2155 μέμψιν,τὴν

246 2169 295 2227 δὶ
320 2170 471 2249 χάριν
501 2172 719 2242 ἐκείνην
754 2172 851 2229 οὐκ
880 2173 967 2227 ἐπὶ
1022 2175 1215 2246 μισθῷ,
1253 2170 1380 2229 ἀλλ’
1410 2173 1462 2227 ἐν
1495 2178 1672 2234 κενοῖς
1730 2169 1880 2246 γενέ-

250 2374 549 2431 necessario
609 2376 966 2430 credendum
1011 2375 1085 2430 ab
1124 2392 1191 2430 eo
1222 2376 1426 2446 utique
1452 2379 1542 2430 est
1572 2373 1672 2445 qui
1707 2373 1879 2427 fidem

248 2465 296 2519 in
340 2465 637 2521 Christum
685 2465 1013 2536 profitetur,
1046 2483 1161 2522 non
1189 2465 1383 2521 solum
1411 2470 1704 2537 quatenus
1733 2464 1878 2534 bap-

247 2555 459 2612 tismum
512 2557 803 2627 suscepit,
859 2557 961 2611 sed
1008 2562 1300 2627 quatenus
1349 2556 1523 2612 etiam
1558 2555 1752 2628 palam
1783 2569 1879 2608 ac-

244 2645 468 2715 quiescit
496 2645 840 2701 assentiens
873 2661 1049 2701 sacrae
1072 2646 1345 2701 doctrina:
1371 2646 1593 2719 passim
1616 2646 1675 2700 in
1694 2641 1877 2700 eccle-

244 2731 321 2787 sia
364 2734 702 2805 propositas.
765 2733 940 2790 Porro
998 2734 1354 2805 baptizatum
1406 2734 1772 2807 quempiam,
1823 2734 1880 2787 et

252 2822 499 2878 assentiri
530 2840 604 2879 se
634 2823 1088 2879 irrevocabiliter
1114 2824 1469 2881 Christianis
1501 2822 1876 2895 dogmatibus

246 2909 587 2981 professum,
621 2911 837 2966 Christi
878 2911 1089 2967 deinde
1116 2913 1312 2967 verbis
1349 2914 1603 2967 fructum
1634 2910 1876 2965 uberem

242 2998 608 3072 elesmosynas
655 3000 1072 3071 pollicentibus
1118 3018 1232 3057 non
1266 3001 1502 3056 credere
1534 3006 1876 3071 argumento

241 3092 318 3142 est
355 3088 541 3160 ipsum
604 3106 793 3161 neque
842 3095 1013 3145 antea
1042 3106 1173 3145 vere
1204 3090 1874 3161 credidisse,quantum-

244 3191 451 3246 cunque
482 3194 542 3234 se
580 3178 820 3233 credere
851 3176 1217 3233 simulaverit
1240 3182 1296 3233 et
1328 3175 1871 3246 afﬁrmaverit.:Nec

241 3264 474 3336 vulgaris
497 3268 906 3323 remuneratio
938 3273 1027 3324 est
1065 3285 1242 3339 quam
1264 3268 1353 3323 lex
1372 3267 1588 3324 Christi
1608 3265 1869 3338 largitori

242 3355 591 3414 misericordi
652 3359 961 3430 promittit,
1024 3360 1123 3415 sed
1157 3376 1284 3431 quae
1345 3364 1581 3415 centum
1616 3376 1719 3431 pro
1752 3373 1870 3413 uno

241 3446 445 3503 referat.
479 3449 572 3505 Me
607 3466 762 3518 vero,
791 3455 848 3505 et
872 3451 1159 3521 quemvis,
1192 3455 1259 3505 ut
1307 3451 1579 3520 arbitror,
1613 3450 1871 3521 pruden-

240 3538 339 3589 tem
370 3536 875 3607 hominem,eliam
910 3539 1169 3594 humano
1201 3540 1482 3594 duntaxat
1516 3556 1629 3594 usu
1661 3554 1871 3593 sensu-

240 3640 339 3694 que
365 3628 431 3681 de
463 3630 648 3684 rebus
671 3628 1063 3699 judicantem,
1097 3629 1181 3683 vel
1217 3629 1266 3684 si
1301 3629 1447 3683 nihil
1478 3630 1594 3685 tale
1624 3630 1869 3701 jubere—

240 3729 355 3769 mur
381 3724 1005 3788 exspectare,moveret
1027 3720 1258 3775 abunde
1281 3721 1350 3775 ad
1382 3721 1867 3776 benefaciendum

236 3807 523 3875 egentibus
552 3806 686 3878 ipse
718 3807 996 3879 splendor
1026 3809 1449 3867 efﬂorescentis
1478 3810 1616 3866 inde
1648 3810 1868 3883 gloriae,

239 3892 289 3945 in
333 3910 511 3950 aevum
567 3913 745 3951 omne
796 3912 1218 3968 permansurae;
1248 3901 1419 3969 cujus
1453 3917 1556 3971 spe
1586 3898 1871 3954 invitante

238 3996 339 4036 non
371 3988 536 4041 modo
575 3989 807 4041 avertor
838 3986 908 4041 ab
936 4004 1105 4042 avare
1138 3989 1523 4058 congerendis
1556 3988 1872 4059 superﬂuis

240 4071 455 4141 opibus,
480 4091 690 4130 verum
723 4076 902 4131 etiam
936 4075 1106 4132 facile
1137 4078 1383 4132 inducor
1415 4079 1485 4132 ad
1522 4077 1872 4132 subtrahen-

237 4159 360 4216 dum
394 4164 608 4220 usibus
639 4165 812 4221 etiam
846 4165 992 4237 ipsis
1023 4165 1168 4221 meis
1201 4184 1326 4237 quae
1350 4167 1403 4220 in
1429 4166 1628 4222 obvios
1652 4182 1870 4238 paupe-

240 4265 320 4304 res
343 4254 789 4319 elt‘undam,non
823 4260 1023 4310 tamen
1058 4261 1161 4312 aut
1194 4255 1253 4310 in
1289 4255 1421 4311 aliis
1453 4257 1741 4311 damnans
1773 4259 1874 4311 aut

233 4339 362 4394 mihi
408 4346 616 4399 vetans
665 4360 962 4400 reservare
994 4362 1121 4417 quae
1154 4349 1484 4417 opportuna
1514 4345 1874 4400 videbuntur

233 4428 311 4482 vel
332 4431 452 4500 jam
486 4434 841 4504 urgentibus
871 4433 959 4489 vel
984 4434 1041 4487 in
1067 4439 1365 4504 posterum
1389 4434 1871 4506 impendentibus

236 4522 675 4578 necessitatibus
706 4522 1187 4592 vitae,praasertim
1223 4522 1323 4576 ubi
1357 4523 1584 4579 occasio
1616 4540 1870 4594 praesens

1992 561 2208 617 πάντων
2260 564 2311 634 ἐξ
2362 565 2605 639 ἀνάγκης
2661 564 2899 639 ἐχόντων
2953 585 3030 635 τι,
3063 567 3145 634 [Ρ.
3177 564 3304 635 446]
3356 557 3497 617 διότι
3550 552 3648 639 καξ

1990 655 2086 706 τοῦ
2137 653 2192 707 εὗ
2250 652 2479 728 πάσχειν
2538 655 2675 708 κατά
2726 654 2819 708 τὸν
2862 652 3078 708 ἐκείνων
3109 653 3276 724 νόμον
3336 637 3648 726 ἀπείργοιτ’

1993 738 2051 794 ἂν
2086 742 2392 818 εὐπρεπῶς,
2423 742 2512 798 καὶ
2568 742 2739 806 οὕτως
2788 742 2815 796 ό
2847 750 2945 812 τῆς
2999 739 3336 815 μεταδόσεως
3392 738 3642 811 ἆσθενοίη

1989 830 2359 903 νόμος,-ῶ
2417 838 2533 894 πῶς
2590 832 2756 888 ταῦτά
2815 853 2897 893 τις
2956 832 3043 886 καὶ
3109 828 3438 905 ἐξαγγείλαι,
3498 826 3641 883 ἴδίου

1988 925 2181 994 καιροῦ
2212 921 2530 996 χρῄζοντας
2563 922 2589 976 ὁ
2620 927 2750 997 γοῦν
2804 920 3070 991 δεσπότης
3125 916 3267 995 ἔχων
3326 919 3463 992 πρὸς
3515 922 3641 981 τοῖς

1990 1009 2186 1075 ἄλλοις
2214 1010 2406 1073 καλοῖς
2433 1012 2520 1066 καὶ
2552 1012 2616 1066 τὸ
2646 1009 3054 1089 φιλομόναχον,
3086 1008 3321 1071 ἐκείνους
3349 1029 3455 1063 που
3500 1027 3642 1082 παρ-

1990 1103 2385 1178 εισφρήσαντας
2440 1104 2509 1175 τῇ
2568 1100 2712 1172 οἰκίᾳ
2769 1102 2844 1162 ὡς
2902 1100 3099 1173 ἀρετῆς
3141 1096 3335 1176 φίλους
3395 1095 3637 1173 δέχεται,

1989 1189 2271 1253 κάντεῦθεν
2338 1188 2601 1265 σύγχυσίς
2656 1210 2738 1251 τις
2795 1188 2883 1244 ἐπὶ
2940 1194 3131 1263 μικρὸν
3189 1189 3315 1261 περὶ
3386 1187 3482 1249 τὰς
3531 1191 3639 1243 τῶν

1991 1278 2205 1333 οἰκείων
2263 1276 2437 1341 δόσεις
2492 1279 2552 1334 ἐκ
2604 1286 2704 1349 τῆς
2753 1278 2969 1333 ἐκείνων
3021 1274 3372 1339 διδασκαλίας
3431 1275 3642 1345 ἐπηκο-

1992 1365 2197 1425 λούθει.
2232 1368 2330 1421 Καὶ
2378 1368 2443 1421 τὰ
2504 1368 2599 1441 μὲν
2654 1366 2789 1422 κατᾶ
2819 1367 2910 1421 τὸν
2941 1364 3207 1436 δεσπότην
3241 1364 3384 1420 οὕτω
3418 1383 3431 1396 ⁸
3466 1362 3644 1432 ἐνίαζε

1987 1455 2088 1531 γὰρ
2139 1462 2257 1518 ταῖς
2315 1457 2668 1530 προθυμίαις,
2697 1455 2787 1510 καὶ
2847 1454 3020 1525 δῆλος
3070 1455 3135 1523 ἦν
3193 1455 3293 1523 τὴν
3348 1460 3449 1522 τῆς
3507 1453 3643 1509 Ῥω-

1994 1543 2187 1618 μαΐδος
2248 1545 2495 1599 σύστασιν
2554 1545 2678 1621 περὶ
2763 1543 3025 1600 πλείστου
3104 1542 3456 1615 ποιούμενος.
3513 1541 3645 1595 Τότε

1985 1636 2167 1689 τοίνυν
2216 1639 2325 1689 τῶν
2375 1638 2512 1689 κατὰ
2563 1636 2663 1703 τήν
2712 1631 2786 1689 ἓω
2816 1633 3155 1709 πραγμάτων
3188 1637 3368 1693 κακῶς
3400 1630 3639 1705 ἐχόντων

1989 1723 2078 1779 σὺν
2111 1722 2309 1796 πολλῷ
2339 1729 2417 1797 τῷ
2437 1725 2598 1799 τάχει
2622 1729 2739 1787 τοῖς
2768 1724 2904 1779 κατὰ
2948 1723 3039 1777 τὸν
3089 1718 3400 1797 Μαίανδρον
3447 1721 3638 1782 τόποις

1987 1812 2379 1889 ἐπεχωρίαζεν.
2412 1814 2525 1867 Ἔτι
2561 1810 2618 1867 δὲ
2664 1813 2755 1868 καὶ
2801 1816 3113 1888 περιφανεῖς
3157 1810 3275 1865 κατ’
3317 1808 3490 1864 ἐκεῖνο
3546 1809 3637 1863 καὶ

1993 1902 2226 1977 μεγάλαι
2259 1902 2417 1976 μοναὶ
2465 1903 2568 1957 ὑπὸ
2627 1907 2813 1974 σκοπῷ
2861 1901 2951 1957 καὶ
3011 1900 3211 1979 φύλακι
3266 1904 3346 1971 τῷ
3402 1896 3635 1971 δεσπότῃ

1990 1992 2321 2047 συνίσταντο.
2384 1992 2482 2046 Καὶ
2542 1990 2609 2062 δὴ
2669 1992 2703 2046 ἆ
2757 1993 2852 2066 μὲν
2910 1992 2962 2045 οἱ
3028 1990 3231 2063 Πέρσαι
3291 1985 3642 2060 προκαταλα-

1990 2077 2174 2146 ϐόντες
2202 2083 2469 2156 κατέσχον
2504 2082 3040 2158 συνεκχωρησάντων
3068 2083 3177 2133 τῶν
3234 2075 3460 2133 πολλῶν
3512 2074 3645 2131 ἐκεῖ·

1990 2172 2075 2225 θεν
2108 2175 2223 2233 τοῖς
2261 2172 2567 2245 βασιλεῦσι,
2594 2170 2848 2226 κάκείνου
2894 2168 3208 2236 λείποντος,
3237 2166 3305 2221 τὰ
3361 2164 3486 2240 περὶ
3541 2166 3643 2233 τὴν

1991 2391 2158 2446 illum
2194 2392 2423 2447 fraudet
2455 2392 2672 2447 frustra
2702 2395 2937 2463 sperata
2968 2388 3235 2445 mercede
3267 2387 3398 2443 talis
3420 2385 3636 2457 operis,

1992 2482 2209 2553 quippe
2223 2482 2379 2551 quod
2394 2481 2641 2551 nonjam
2658 2480 2770 2551 ipsi
2787 2480 2857 2534 ad
2878 2478 3180 2550 praemium
3194 2477 3633 2549 imputandum,

1990 2571 2087 2625 sed
2120 2571 2269 2624 inter
2299 2586 2447 2624 vana
2477 2573 2533 2624 et
2560 2569 2745 2624 otiosa
2764 2568 3198 2623 numerandum
3219 2564 3637 2635 sit.Exhujus-

1990 2658 2148 2714 modi
2181 2658 2447 2713 doctrina
2478 2657 2696 2713 credita
2714 2664 3059 2730 receptaque
3077 2654 3407 2711 necessario
3424 2669 3633 2724 seque-

1988 2748 2166 2803 batur
2192 2752 2255 2803 ut
2284 2764 2455 2803 nemo
2486 2746 2707 2819 aliquid
2734 2746 3077 2803 habentium
3112 2746 3437 2817 quidquam
3469 2741 3637 2798 alteri

1988 2837 2252 2905 donaret,
2302 2836 2505 2908 sicque
2550 2836 2744 2891 omnis
2777 2852 2845 2891 ex
2875 2835 3263 2907 eleemosynis
3294 2835 3637 2905 proventus,

1988 2942 2103 2997 quo
2135 2942 2270 2997 spes
2301 2926 2567 2995 ratioque
2597 2924 2783 2979 victus
2801 2941 2866 2980 ac
2886 2928 3075 2979 status
3109 2922 3526 2994 plerorumque
3558 2924 3640 2974 te-

1989 3016 2198 3070 nuium
2250 3014 2611 3083 continetur,
2657 3014 2766 3069 hac
2816 3014 3061 3068 istorum
3107 3028 3285 3083 prava
3320 3008 3641 3081 disciplina

1988 3104 2255 3158 funditus
2309 3103 2800 3158 exterminaretur
2848 3118 2879 3156 e
2925 3098 3351 3156 consuetudine
3401 3113 3641 3168 usuque

1901 3226 1944 3295 Ο
1984 3192 2424 3261 hominum,illo
2458 3190 2751 3264 plausibili
2787 3194 3064 3263 praetextu
3090 3187 3429 3260 inquirendi
3461 3185 3635 3241 anxie

1983 3286 2117 3338 ante
2169 3280 2562 3354 largitionem,
2618 3297 2828 3336 verene
2860 3296 2934 3336 an
2966 3277 3238 3335 simulate
3270 3279 3509 3349 egerent
3534 3289 3639 3346 qui

1983 3372 2279 3443 petebant,
2326 3369 2555 3425 nullum
2610 3370 2729 3439 jam
2765 3368 3088 3440 erogationi
3144 3365 3415 3423 benefica;
3444 3362 3639 3419 locum

1981 3460 2389 3531 relinquente;
2445 3464 2622 3530 atque
2666 3458 2809 3513 adeo
2862 3457 2970 3512 hac
3018 3459 3225 3527 arguta
3267 3452 3637 3509 cavillatione

1980 3554 2105 3605 tota
2135 3551 2225 3604 lex
2256 3548 2759 3619 eleemosynarum
2793 3545 3251 3616 abrogaretur.0
3285 3542 3421 3614 quis
3454 3542 3637 3611 hujus

1981 3638 2300 3711 perniciem
2333 3636 2627 3709 dogmatis
2659 3635 2803 3691 satis
2834 3633 3101 3707 explicet!
3141 3634 3210 3689 ad
3246 3633 3403 3705 quod
3433 3630 3636 3700 utique

1981 3728 2217 3802 proprio
2266 3728 2395 3798 ejus
2440 3725 2769 3797 argumenti
2820 3722 3245 3780 commentario
3276 3724 3433 3777 esset
3462 3736 3631 3791 opus.

1981 3818 2167 3889 Igitur
2225 3817 2489 3888 despota,
2539 3815 2633 3871 cui
2692 3814 2897 3870 laudes
2945 3814 3100 3868 inter
3157 3815 3395 3866 caeteras
3436 3809 3626 3864 inerat

1982 3923 2148 3962 amor
2178 3906 2377 3961 nullus
2406 3903 2820 3974 veneratioque
2849 3901 3295 3967 monachorum,
3330 3899 3626 3968 quosdam

1980 4011 2011 4050 e
2040 3994 2151 4048 Nili
2187 3993 2457 4050 sectariis
2489 4009 2616 4047 eam
2646 3991 2823 4046 vitam
2854 3990 3191 4061 profitentes
3222 3992 3279 4042 et
3309 4004 3371 4041 se
3401 3984 3627 4041 insinu-

1981 4088 2148 4139 antes
2203 4083 2262 4136 in
2322 4083 2451 4152 ejus
2509 4082 2750 4135 domum
2812 4077 2981 4133 facile
3039 4077 3097 4131 in
3131 4075 3623 4131 consuetudinem

1982 4172 2219 4244 recepit,
2279 4170 2434 4225 viros
2494 4170 2678 4225 bonos
2740 4185 2769 4223 e
2826 4171 2985 4223 veste
3037 4165 3401 4222 existimans.
3463 4162 3627 4219 Unde

1981 4261 2227 4334 contigit
2280 4259 2453 4330 longe
2510 4257 2787 4328 deinceps
2847 4273 3086 4312 manare
3144 4254 3401 4327 parcius,
3436 4269 3625 4325 pravae

1980 4351 2155 4407 istius
2187 4349 2465 4405 doctrinae
2497 4347 2749 4415 quodam
2785 4346 2948 4401 obice
2977 4345 3362 4418 prohibitum,
3397 4344 3623 4398 fontem

1981 4440 2379 4496 beneﬁcentia:
2410 4453 2619 4510 greges
2650 4436 2891 4508 inopum
2926 4452 2995 4491 ex
3025 4435 3126 4490 illo
3156 4433 3393 4490 haurire
3423 4432 3625 4489 solito-

1982 4547 2115 4586 rum
2149 4535 2320 4585 antea
2344 4534 2467 4584 tam
2499 4526 2750 4598 benigne
2780 4522 3307 4596 irrigantem.’l‘alis
3339 4526 3463 4577 erat
3490 4522 3624 4576 des-

238 4604 507 4677 largiendi
569 4628 683 4666 non
743 4611 1015 4666 occurrit.
1049 4610 1217 4666 Tales
1264 4612 1506 4684 despota
1534 4612 1789 4668 Joannes
1821 4617 1875 4667 et
1906 4604 1951 4668 D
1983 4624 2129 4692 pota
2180 4618 2409 4675 indoles
2458 4618 2710 4687 vitaeque
2759 4614 2927 4682 ratio,
2967 4612 3076 4668 viri
3116 4612 3322 4685 utique
3348 4611 3417 4667 ad
3452 4626 3627 4666 omne

238 4694 343 4750 alte
372 4697 691 4771 impressas
715 4700 1002 4771 pleneque
1036 4716 1347 4773 persuasos
1381 4704 1649 4756 versabat
1670 4701 1866 4756 animo

240 4800 460 4855 sensus,
493 4794 551 4843 et
580 4788 653 4844 iis
692 4794 1083 4845 consentanee
1111 4807 1361 4861 operans
1394 4791 1462 4844 ad
1506 4790 1866 4862 pr0positum

238 4872 343 4945 ipsi
385 4877 562 4931 finem
623 4878 818 4950 gloria
880 4880 1178 4934 tendebat.
1215 4880 1375 4934 Istud
1401 4884 1591 4935 tamen
1626 4880 1754 4949 ejus
1782 4879 1871 4933 in-

242 4980 471 5021 censum
501 4966 661 5038 large
679 4968 934 5023 donandi
954 4969 1214 5023 studium
1235 4965 1543 5039 paululum
1562 4969 1872 5039 refrigera-

241 5058 369 5108 runt
415 5061 732 5111 sectatores
776 5056 891 5111 Nili
940 5056 1438 5128 pseudomonachi
1469 5072 1499 5111 e
1530 5056 1727 5112 Sicilia
1759 5058 1873 5111 huc

240 5158 443 5215 magno
476 5146 632 5201 malo
665 5146 942 5202 Romana:
973 5147 1308 5219 reipublicae
1330 5147 1873 5218 profecti,docentes

247 5233 614 5301 parcimonize
665 5237 988 5305 attendere,
1045 5238 1480 5308 suadentesque
1532 5235 1874 5292 hominibus

239 5335 445 5392 magna
476 5323 1002 5397 circumspectione
1030 5325 1087 5379 in
1121 5326 1312 5380 dando
1341 5326 1423 5379 uti
1457 5327 1610 5382 219
1635 5344 1705 5381 ne
1730 5327 1873 5383 forte

236 5410 359 5477 quis
415 5411 587 5479 clam,
648 5413 868 5485 alioqui
906 5415 1135 5470 habens
1166 5415 1319 5484 quod
1354 5416 1499 5470 satis
1531 5416 1645 5487 ipsi
1676 5417 1774 5480 sit,
1819 5421 1875 5472 et

236 5496 433 5556 callide
452 5500 728 5558 simulata
749 5508 1027 5575 egestate,
1047 5503 1297 5575 pecunia
1318 5519 1643 5573 emungens
1666 5524 1873 5578 parum

236 5592 469 5645 cautum
522 5592 979 5661 misericordem,
1007 5592 1200 5648 labem
1250 5591 1335 5647 illi
1378 5591 1585 5648 allinat
1619 5597 1871 5653 multum

235 5674 421 5735 facilis
452 5685 509 5736 et
538 5696 643 5739 sua
670 5680 1005 5740 inconsulte
1030 5680 1415 5754 dilapidantis
1441 5698 1454 5750 ;
1478 5687 1876 5759 praetereaque

1980 4710 2163 4763 decus
2197 4709 2373 4763 alacri
2405 4709 2628 4778 impetu
2662 4703 2912 4768 ruentis,
2946 4702 3279 4775 natique,ut
3309 4699 3628 4772 apparebat

1981 4814 2047 4853 ac
2078 4796 2357 4851 divinitus
2391 4795 2523 4850 facti
2550 4795 2620 4849 ad
2657 4793 3082 4848 restituendam
3115 4791 3173 4846 in
3206 4791 3385 4847 decus
3426 4788 3625 4861 pristi-

1983 4902 2121 4940 num
2158 4885 2474 4939 Romanam
2510 4899 2655 4938 rem.
2698 4882 2864 4936 Tunc
2914 4896 3050 4952 ergo
3096 4880 3269 4936 rebus
3314 4876 3627 4935 Orientalis

1982 4972 2189 5028 limitis
2239 4971 2391 5027 male
2441 4969 2822 5035 habentibus,
2876 4984 3111 5025 summa
3162 4969 3213 5024 is
3243 4967 3536 5023 celeritate
3566 4967 3627 5020 in

1982 5062 2251 5134 regiones
2283 5062 2575 5117 Mrsandro
2606 5062 2981 5118 circumsitas
3007 5076 3069 5115 se
3100 5056 3589 5129 contulit,maxim

1984 5154 2137 5207 inter
2195 5155 2402 5206 caetera
2448 5151 2600 5207 bono
2657 5152 2878 5207 dudum
2938 5154 3365 5206 exstructorum
3414 5145 3475 5201 in
3507 5144 3628 5199 illis

1981 5240 2156 5296 terris
2190 5256 2535 5307 magnorum
2572 5244 2746 5311 atque
2769 5239 3088 5295 illustrium
3114 5235 3625 5299 monasteriorum,

1984 5347 2113 5403 qua
2146 5329 2509 5402 providentia
2539 5329 2922 5402 custodiaque
2952 5329 3140 5400 ipsius
3171 5345 3204 5384 a
3234 5326 3397 5383 clade
3427 5323 3627 5378 ruina—

1986 5436 2097 5491 que
2130 5419 2343 5476 ultima
2369 5426 2599 5475 servata
2623 5424 2762 5475 sunt
2790 5418 3009 5474 Horum
3045 5418 3313 5490 quaedam
3338 5416 3461 5485 jam
3494 5416 3627 5465 Per-

1987 5527 2063 5565 sis
2110 5513 2517 5581 praeoccupate
2569 5508 2933 5572 detinebant,
2980 5506 3277 5581 plerisque
3303 5499 3537 5571 oppidis
3566 5513 3633 5552 ac

1985 5574 2154 5670 pagis
2204 5599 2262 5654 in
2316 5574 2396 5655 ea.
2436 5597 2652 5652 vicinia
2695 5597 2905 5667 positis
2936 5574 3089 5651 τῖὶο
3119 5574 3187 5646 in
3211 5591 3522 5645 Persarum
3552 5586 3637 5643 di-

1984 5688 2146 5745 tione
2177 5687 2357 5743 simul
2390 5691 2492 5743 aut
2523 5685 2580 5741 vi
2615 5685 2811 5752 rectis,
2850 5688 2950 5739 aut
2980 5698 3051 5737 ne
3080 5678 3458 5736 traherentur
3486 5675 3639 5733 ultro
