4018 6198
368 302 478 359 663
1676 300 1979 356 GEORGII
2017 303 2052 353 P

2165 299 2482 353 HYMERE
3634 296 3727 351 664

373 420 675 501 Στρόϐιλον
708 419 851 496 λέγω
874 420 964 475 καὶ
1008 421 1105 489 τήν
1163 418 1620 498 Σταδιοτραχίαν,
1653 423 1727 485 ὡς
1784 421 2016 477 ἀδύνατα
2048 422 2353 498 Αχώρους
2410 418 2696 475 ἀντίποινα
2748 415 2849 472 οὐκ
2895 412 3141 471 ἐδικαίου
3199 415 3259 470 τὸ
3315 414 3552 474 σύνολον.
3603 416 3731 490 Πλην

371 510 499 569 ὄντα
555 507 1048 577 έπανακεκλῆσθαι,
1107 506 1222 563 οὐδ’
1279 508 1551 586 ἐπεχείρει
1637 511 1773 566 κατὰ
1829 516 2019 586 πεῖραν

369 603 660 672 κατασχεῖν
698 616 709 628 ·
745 595 871 651 ὅσον
902 595 946 652 δ’
978 598 1044 667 ἦν
1076 600 1139 654 τὸ
1177 599 1313 655 κατὰ
1361 598 1668 675 Μαίανδρον
1714 601 1803 655 καὶ
1841 598 2019 674 Τρᾶλ-

368 697 482 751 Ast;
534 686 624 741 καὶ
683 688 985 762 Κάϋστρον,
1016 689 1084 743 τὰ
1131 692 1232 754 τῆς
1283 690 1466 754 Ἀσίας
1525 690 1814 765 βαθύτατα,
1863 690 2019 763 ἐκρά-

365 775 488 830 τυνέ
549 796 608 829 τε
664 775 1038 851 προπολεμῶν
1089 778 1178 833 καὶ
1235 786 1336 848 τῆς
1387 781 1521 834 κατά
1566 786 1702 855 σφᾶς
1730 779 2022 855 ἀσφαλείας

372 862 619 939 μετέχειν
680 862 884 920 ἐδίδου.
931 865 1071 927 Τοὺς
1134 864 1191 921 δέ
1247 888 1307 941 γε
1360 865 1742 942 Μαγεδωνίτας
1803 867 2022 939 (ἐκάκου

369 953 474 1028 γὰρ
501 952 696 1016 αὐτοὺς
724 955 786 1010 τὸ
820 954 1047 1011 πολλῶν
1080 951 1226 1019 ἔνθεν
1283 956 1359 1019 ε²ς
1415 958 1513 1019 τὰς
1544 959 1679 1012 κατὰ
1715 955 1862 1012 δύσιν
1897 954 2021 1011 δου-

371 1040 524 1103 λείας
606 1045 988 1120 μεταγομένων
1076 1044 1362 1122 καταρρεῖν
1456 1051 1564 1101 τῶν
1643 1044 2019 1119 λελειμμένων

370 1131 498 1188 τοὺς
549 1129 779 1207 Πέρσας)
820 1134 904 1189 καὶ
957 1133 1077 1188 λίαν
1130 1134 1352 1189 συνίστα
1402 1136 1490 1190 καὶ
1541 1134 1870 1213 ἠσςραλίζετο
1906 1155 1919 1169 ·
1958 1135 2025 1204 ἦν

370 1220 471 1297 γὰρ
510 1221 573 1274 τὸ
621 1221 836 1277 ἐκείνων
894 1222 1109 1293 πλῆθος
1165 1223 1391 1279 πίσυνον
1451 1226 1628 1295 τόξοις
1659 1225 1906 1300 καὶπερί
1961 1224 2024 1279 τὸ

374 1311 696 1385 ἀντιμαχεῖν
757 1310 1098 1385 δεξιώτατον,
1156 1315 1244 1368 καί
1295 1335 1357 1389 γε
1422 1314 1518 1378 τὰς
1573 1314 1878 1389 προθυμίας
1933 1312 2023 1389 έρε-

379 1398 551 1474 ῥώννυ
610 1399 841 1474 χρυσίῳ,
892 1401 980 1456 καὶ
1032 1407 1166 1480 σιρᾶς
1224 1400 1479 1479 ἐδωρεῖτο
1535 1402 1898 1479 φιλοτιμίαις.
1959 1402 2028 1458 Οἱ

385 1487 567 1561 μέντοι
617 1510 679 1562 γε
727 1489 926 1563 Πέρσαι
956 1492 1017 1545 τὸ
1047 1491 1217 1566 τάχος
1276 1499 1375 1560 τῆς
1410 1492 1720 1554 ἐπιστασίας
1770 1491 2029 1564 μαθόντες

376 1575 776 1654 κατωρῥώδουν
806 1600 885 1645 τε,
914 1580 1003 1633 καὶ
1032 1582 1184 1643 αὖθις
1216 1580 1670 1643 παλινοστοῦντες
1727 1586 1848 1642 ταῖς
1909 1578 2031 1634 δυσ-

377 1667 613 1742 χωρίαις
661 1664 959 1736 ἐνεδύοντο,
1003 1669 1329 1744 ἀπογνόντες
1390 1667 1446 1724 δὲ
1501 1674 1603 1724 τοῦ
1663 1669 1877 1745 θαῤῥεῖν
1931 1667 2027 1723 αύ-

377 1753 501 1808 τίκα
532 1750 977 1831 διεπρεσϐεύοντο
1035 1755 1271 1812 ἀπέλυόν
1329 1779 1389 1813 τε
1447 1757 1576 1820 τοὺς
1634 1757 2028 1832 αἰχμαλώτους
2061 1796 2111 1862 Β

455 1843 469 1858 η
517 1843 531 1862 ,
597 1844 608 1862 ,
853 1844 907 1862 ..ρ
1126 1848 1184 1862 ,η
1224 1843 1267 1862 Μ
1371 1848 1383 1862 .
1494 1848 1508 1862 η
1616 1850 1629 1862 .
1766 1846 1776 1862 .
1987 1848 1998 1862 .

378 1843 471 1898 καὶ
504 1843 732 1918 ἠγάπων
766 1844 1093 1919 σωζόμενοι.
1126 1848 1187 1903 Ὁ
1221 1843 1277 1902 δὲ
1331 1848 1394 1901 τὸ
1454 1848 1547 1920 μὲν
1605 1846 1840 1921 ἡσυχίαν
1890 1848 2032 1921 σχή-

395 1952 504 1986 σειν
563 1931 799 1996 ἐκείνους
838 1934 1075 1999 εἰσαῦθις
1129 1935 1219 1990 καὶ
1281 1934 1429 2008 μάλα
1481 1936 1692 2012 θαρρῶν
1755 1934 2044 2004 ἐπίστευεν,

397 2020 499 2075 ούκ
554 2020 605 2093 ἐξ
664 2022 737 2077 ὧν
793 2022 987 2078 ἐκεῖνοι
1039 2022 1443 2101 διωμολόγουν,
1492 2021 1619 2079 ἀλλ’
1651 2024 1701 2097 ἐξ
1751 2024 1825 2078 ὢν
1887 2022 2047 2086 αὐτὸς

396 2107 541 2163 οἶδεν
602 2110 1003 2185 ἐπιθησόμενος
1059 2113 1150 2167 καὶ
1201 2116 1464 2184 νικήσων,
1496 2113 1548 2169 εἷ’
1568 2134 1673 2168 που
1728 2112 1819 2168 καὶ
1874 2132 2048 2188 παρα-

393 2199 664 2267 κινηθεῖεν
701 2219 714 2232 ⁸
749 2199 812 2256 τὸ
846 2198 902 2255 δὲ
932 2201 1008 2273 μή
1042 2202 1229 2256 παθεῖν
1276 2200 1348 2255 ὦν
1409 2197 1635 2278 ἔδρασαν
1691 2200 1819 2264 τοὺς
1877 2221 2049 2276 προσ-

398 2398 767 2456 cedentibus.
821 2398 986 2455 Unde
1017 2404 1075 2456 et
1105 2400 1219 2457 alia
1247 2401 1348 2456 illa
1372 2406 1597 2458 tractus
1627 2404 1757 2474 ejus
1779 2404 1904 2474 jam
1939 2402 2049 2457 im-

399 2487 771 2558 peratoribus
803 2503 1007 2559 parere
1038 2490 1350 2545 desierant:
1383 2507 1450 2546 ea
1482 2491 1610 2547 dico
1638 2508 1764 2562 qua:
1796 2490 2051 2547 Strobilo

402 2578 461 2630 et
510 2574 960 2631 Stadiotrachim
1012 2577 1247 2648 ajacent
1291 2577 1442 2646 loca,
1476 2578 1560 2634 ita
1587 2579 1798 2635 validis
1823 2579 2054 2636 incessa

405 2663 700 2736 praesidiis
750 2664 1037 2733 hostium,
1092 2670 1157 2721 ut
1190 2682 1391 2723 eorum
1422 2669 1920 2741 recuperationem
1955 2670 2052 2724 de-

406 2757 700 2824 speratam
718 2769 789 2808 ne
805 2756 1041 2809 tentand
1053 2772 1144 2809 am
1162 2756 1397 2826 quidem
1415 2762 1517 2812 aut
1533 2763 1672 2813 tunc
1685 2758 2052 2830 cogitandam

411 2842 666 2897 Joannes
685 2844 1300 2912 putaverit.Quautum
1323 2850 1517 2901 autem
1535 2850 1657 2903 erat
1675 2847 1826 2902 circa
1840 2844 2069 2902 Macen?

412 2930 609 2998 drum,
661 2930 888 2987 Tralles
925 2948 992 2988 ac
1043 2936 1347 3006 Caystrum
1382 2938 1441 2990 et
1472 2936 1621 2991 Asia:
1648 2936 1879 3007 intima,
1912 2953 2053 2992 con-

408 3018 664 3074 ﬁrmavit
694 3026 1280 3094 propugnans,atque
1302 3027 1365 3078 ut
1394 3036 1596 3080 secure
1627 3025 1878 3097 propriis
1902 3024 2054 3080 iudi-

408 3108 988 3216 genaajiruerentur,
1047 3111 1401 3216 proferendo
1450 3112 1603 3169 ultra
1661 3112 1812 3169 bello
1843 3113 2051 3214 effecit.
2085 3150 2129 3216 C

410 3197 801 3269 Magedouum
834 3214 1067 3272 quoque
1091 3202 1325 3271 gentem
1362 3200 1624 3258 Romano
1655 3202 1909 3258 asseruit
1938 3203 2054 3257 im-

410 3286 658 3359 perio,in
672 3291 928 3344 extremo
943 3292 1086 3344 tunc
1105 3289 1355 3360 positam
1380 3290 1724 3347 discrimine
1745 3286 2061 3348 deﬁciendi

411 3374 483 3430 ad
519 3374 716 3430 Persas
746 3379 850 3430 aut
885 3375 1031 3448 ipsis
1063 3378 2060 3436 succumbeudi.Laborabantenim

410 3461 647 3519 illorum
701 3480 816 3533 res,
866 3463 1164 3537 plerisque
1222 3465 1458 3523 illorum
1491 3470 1741 3524 evocatis
1773 3471 1845 3525 ab
1878 3471 2064 3543 impe-

410 3554 603 3608 ratore
650 3555 707 3609 et
750 3552 1067 3609 militatum
1128 3553 1330 3630 missis
1359 3559 1564 3612 contra
1594 3556 1791 3614 hostes
1823 3559 2062 3615 Occidui

414 3640 645 3708 limitis,
676 3642 877 3714 ibique
904 3643 1177 3715 praesidio
1210 3643 1453 3710 relictis,
1486 3645 1702 3702 idcirco
1735 3650 1889 3719 quod
1933 3649 2063 3720 ejus

416 3730 673 3803 generis,
706 3735 907 3803 utpote
938 3732 1194 3788 arcubus
1224 3732 1580 3803 peritissime
1613 3735 1852 3803 utentis,
1888 3754 2063 3809 opera

424 3819 486 3875 in
520 3819 961 3877 velitationibus
993 3826 1051 3877 et
1082 3820 1297 3893 praeliis
1328 3821 1684 3879 laudaretur.
1721 3826 1861 3881 Inde
1894 3844 2062 3898 porro

415 3909 634 3966 factum
685 3913 753 3966 ut
799 3909 977 3966 vicini
1029 3909 1234 3976 Persas,
1292 3911 1394 3983 qui
1429 3910 1650 3984 alioqui
1684 3930 2060 3972 numerosam

414 3997 709 4056 nationem
726 3998 1046 4071 sagittandi
1062 4000 1471 4056 exercitatione
1492 4002 1924 4060 formidabilem
1949 4023 2062 4062 non

416 4092 637 4144 temere
659 4087 1196 4159 lacesserent,uunc
1216 4104 1343 4145 eam
1364 4089 1688 4147 delectibus
1714 4093 2061 4150 exhaustam

421 4177 710 4249 imparem
742 4177 814 4233 ob
847 4178 1201 4249 paucitatem
1224 4179 1555 4249 juventutis
1586 4181 1713 4238 suis
1744 4182 2063 4243 insultibus

420 4265 534 4321 rati
594 4265 873 4321 audacter
902 4266 1263 4335 invaderent,
1317 4268 1473 4324 haud
1533 4270 1710 4327 dubie
1736 4274 2062 4345 subacturi,

423 4354 928 4426 despondentibus
951 4355 1079 4426 jam
1113 4356 1344 4412 animos
1376 4357 1597 4428 exiguis
1624 4359 1742 4416 illis
1774 4361 2062 4434 reliquiis,

423 4443 485 4499 ni
516 4459 551 4498 a
577 4446 800 4499 Joanne
828 4443 1075 4514 despota
1104 4444 1615 4515 conﬁrmarentur,
1646 4466 1785 4505 auro
1817 4451 1979 4522 ipsos
2010 4456 2068 4507 et

2129 509 2467 571 ἱκετεύοντας
2524 504 2912 582 προσεδέχετο,
2943 506 3036 560 καὶ
3084 503 3264 581 σφίσιν
3320 503 3475 578 ὅρους
3504 504 3667 576 ἐτίθει,
3691 510 3732 570 ἐς

2128 599 2329 655 ὁπόσον
2389 599 2447 653 ἂν
2507 597 2597 652 καὶ
2669 598 2940 664 κινηθεῖεν
3021 588 3564 668 προσκαταϐαίνοντες
3637 602 3733 660 ταῖς

2130 694 2374 759 σκηναῖς,
2399 689 2475 749 ὡς
2528 686 2622 748 τὰς
2683 685 2936 760 μεγίστας
2993 682 3262 745 δώσοντες
3320 680 3487 750 δίκας,
3519 684 3560 737 εί
3596 706 3736 759 παρα-

2130 775 2436 834 σπονδοῖεν.
2472 775 2575 833 Καὶ
2629 775 2771 830 οὕτω
2835 776 2931 848 μὲν
2974 774 3003 828 ὁ
3062 771 3330 841 δεσπότης
3380 773 3448 827 τὰ
3485 774 3608 827 κατᾶ
3652 778 3733 844 τήν

2127 867 2203 924 ἕω
2254 868 2519 922 καθιστῶν
2577 871 2678 934 τῆς
2734 864 3004 940 προτέρας
3063 860 3395 937 δυσκληρίας
3439 858 3738 935 ἀνελάμϐανε

2130 955 2256 1019 τοὺς
2303 954 2436 1021 ἐκεῖ,
2484 954 2575 1009 καὶ
2633 953 2850 1030 θαρρεῖν
2896 956 3159 1028 παρεῖχεν
3210 946 3403 1020 ἀνέδην
3450 951 3541 1012 τὰς
3593 950 3734 1006 αὐτῶν

2131 1048 2509 1121 γεωργοῦντας
2535 1041 2908 1119 καρπίζεσθαι.

2292 1162 2479 1236 Ὅπως
2530 1158 2725 1236 Δἐνόσει
2798 1156 3163 1236 ᾀπο-λλύμενα
3216 1156 3473 1236 τᾶριατὰ
3498 1157 3743 1236 -Μαρῦαν-

2206 1230 2429 1358 δῖλνοὺς,
2485 1231 2555 1287 τὰ
2631 1228 3040 1307 Βουκελλάριᾶ
3092 1250 3150 1285 τε
3229 1228 3323 1284 καὶ
3400 1230 3435 1297 ἠ
3495 1229 3746 1306 Παφλαγο-

2206 1325 2312 1358 να.

2203 1325 2312 1360 νια.

2207 1406 2291 1477 [Ρ.
2331 1404 2449 1475 14η
2481 1402 2686 1456 Ἐνόσει
2720 1398 2777 1456 δέ
2805 1400 2873 1455 τὰ
2899 1405 3006 1454 τῶν
3058 1397 3479 1474 Βουκελλαρίων
3527 1404 3744 1471 Magum;-

2135 1489 2314 1562 δηνῶν
2367 1512 2425 1545 τε
2480 1490 2570 1545 καὶ
2630 1485 3001 1563 Παφλαγόνων
3035 1490 3124 1544 καὶ
3166 1487 3290 1544 λίαν
3323 1487 3573 1562 οἲκτρῶς.
3604 1488 3664 1541 Τὸ
3714 1484 3751 1541 δ’

2134 1577 2309 1634 αἴτιον
2343 1579 2426 1633 ὅτι
2476 1583 2574 1633 τοῦ
2630 1582 2957 1653 κρατοῦντος
3003 1578 3072 1631 τὰ
3117 1572 3577 1651 τεθησαυρισμένα
3621 1594 3752 1644 σκορ-

2134 1669 2395 1729 πίσαντος
2421 1665 2559 1722 κατά
2610 1687 2670 1721 τε
2723 1664 2869 1737 κήδη
2930 1666 3022 1721 καὶ
3078 1665 3303 1740 βαρείας
3360 1663 3661 1742 φιλοτιμίας
3701 1664 3755 1716 τὰ

2139 1758 2275 1832 πρὸς
2321 1756 2389 1810 τὰ
2439 1754 2590 1826 ἔθνη,
2645 1761 2870 1831 συχναῖς
2944 1753 3283 1816 ἀποστολαῖς
3360 1753 3658 1829 χρωμένου.
3700 1785 3753 1793 -

2145 1848 2225 1915 [Ρ.
2262 1846 2384 1917 148]
2416 1844 2519 1898 οὐκ
2548 1840 2669 1897 οἶδα
2699 1840 2757 1897 δὲ
2807 1842 2860 1897 εἷ’
2902 1844 2991 1897 καὶ
3054 1844 3258 1915 σκῆψις
3307 1840 3375 1909 ἦν
3427 1841 3489 1895 τὸ
3541 1834 3758 1915 προϐαλ-

2157 1932 2407 2006 λόμενον,
2438 1933 2500 1987 τὸ
2532 1928 2706 1995 ἐνδεὲς
2737 1929 2955 2002 δηλαδή
2985 1932 3123 2005 πρὸς
3163 1930 3263 1992 τὰς
3310 1928 3501 2006 χρείας
3533 1946 3545 1959 ⁸
3571 1928 3640 2001 μὴ
3686 1929 3758 1981 καὶ

2160 2020 2377 2096 μᾶλλον
2408 2022 2476 2092 ἦν
2507 2023 2570 2077 τὸ
2601 2022 2690 2077 ὑπ’
2718 2019 2913 2077 ὀδόντα
2962 2021 3289 2097 λεγόμενον,
3322 2018 3400 2081 ὠς
3455 2018 3515 2073 τὸ
3565 2018 3769 2087 ὑπήκοον

2158 2110 2480 2167 ὑποπτεύων
2529 2109 2619 2166 διὰ
2676 2112 2743 2166 τὰ
2799 2106 3080 2184 συμϐάντα
3134 2114 3215 2182 τῷ
3272 2108 3430 2179 ἆλαῷ
3468 2111 3650 2162 κακοῦν
3695 2111 3771 2174 ζη-

2161 2200 2309 2274 μίαις
2338 2201 2614 2276 συμφέρον
2653 2194 2814 2276 ἔγνω,
2850 2201 2928 2274 μὴ
2986 2199 3078 2255 καὶ
3128 2199 3566 2269 κατεξανασταῖεν
3621 2194 3768 2271 ἐντρυ-

2156 2400 2209 2456 si
2241 2400 2382 2473 quid
2416 2400 2671 2472 amplius
2731 2404 3052 2469 moverent,
3084 2400 3169 2455 ita
3200 2398 3357 2455 male
3389 2396 3702 2454 multandos
3720 2399 3771 2450 ut

2160 2492 2590 2565 praeteritarum
2650 2491 3006 2562 injuriarum
3069 2488 3406 2546 cumulatas
3454 2484 3766 2560 persoluturi

2160 2598 2365 2656 pinnas
2396 2581 2721 2649 forent,isto
2752 2585 2914 2637 metu
2937 2580 3330 2637 continendos
3366 2577 3501 2634 illos
3525 2577 3579 2632 in
3609 2574 3766 2631 ofﬁcio

2161 2672 2435 2744 speravit.
2493 2672 2694 2728 Pacem
2744 2675 2941 2728 autem
2975 2671 3137 2727 dedit
3167 2670 3244 2726 iis
3267 2667 3620 2741 petentibus,
3646 2680 3766 2737 quos

2161 2778 2224 2820 se
2254 2761 2408 2818 bello
2440 2765 2880 2833 superaturum,
2913 2762 2962 2816 si
2995 2764 3336 2828 conaretur,
3368 2759 3516 2816 221
3565 2754 3772 2813 minime

2161 2852 2492 2919 dubitabat,
2525 2851 2901 2908 miseratione
2931 2851 3198 2923 gentium
3230 2850 3460 2905 vicinos
3481 2847 3619 2920 ipsis
3644 2845 3769 2900 inco~

2161 2940 2411 2998 lentium
2460 2945 2709 3007 tractus,
2739 2956 2811 2996 ne
2840 2939 2981 2996 victi
3012 2938 3100 2994 illi
3127 2938 3428 2995 malorum
3457 2953 3522 2994 ac
3549 2933 3767 2991 cladium

2162 3046 2310 3103 quas
2370 3029 2526 3102 passi
2584 3027 2733 3085 bello
2786 3033 2987 3085 essent
3038 3028 3331 3084 ultionem
3363 3022 3768 3083 adebilioribus

2163 3119 2451 3176 vexationi
2497 3118 2868 3191 opportunis,
2916 3122 3182 3191 tempore
3226 3116 3443 3173 deinde
3473 3117 3650 3188 capto,
3674 3109 3773 3167 exi-

2170 3208 2686 3282 gerent.Czeterum
2707 3224 2825 3280 quo
2843 3206 3044 3264 minus
3060 3223 3255 3263 causas
3273 3205 3559 3262 haberent
3572 3221 3601 3258 ιι
3616 3199 3772 3274 pactis

2172 3297 2494 3364 resiliendi,
2555 3298 2702 3354 {lues
2762 3297 2837 3353 iis
2863 3296 3221 3368 praescripsit
3253 3296 3402 3352 satis
3448 3294 3623 3361 laxos,
3649 3289 3775 3346 intra

2172 3404 2320 3460 quos
2351 3387 2588 3443 abunde
2616 3403 2975 3458 pascuorum
3008 3386 3136 3443 suis
3157 3384 3450 3442 armentis
3468 3388 3524 3440 et
3538 3380 3774 3455 gregibus

2168 3478 2473 3546 haberent,
2506 3475 2655 3532 serio
2686 3476 2945 3545 edicens,
2980 3474 3030 3530 si
3061 3473 3218 3530 ultra
3247 3476 3638 3544 erumperent,
3678 3467 3778 3521 vio-

2170 3567 2270 3624 lati
2303 3565 2535 3622 foederis
2578 3564 2873 3637 piaculum
2908 3563 3163 3620 maxima
3194 3564 3464 3636 ipsorum
3496 3559 3779 3618 calamitate

2167 3655 2477 3711 luendum.
2511 3657 2578 3709 In
2608 3652 2768 3710 hunc
2796 3654 3042 3709 modum
3074 3669 3179 3725 per
3207 3651 3468 3709 Orientis
3497 3645 3779 3723 provincias

2170 3746 2428 3815 despota,
2484 3742 2678 3799 deleta
2718 3742 3045 3815 ignominia
3098 3743 3267 3815 prius
3299 3748 3659 3812 acceptarum
3687 3734 3779 3790 illic

2168 3834 2429 3890 cladium
2485 3836 2544 3888 et
2600 3848 2799 3888 rerum
2832 3836 2989 3889 statu
3022 3832 3363 3894 emendato,
3396 3828 3658 3886 ﬁduciam
3687 3823 3778 3878 illis

2169 3923 2446 3996 gentibus
2477 3920 2757 3991 fecit,otio
2787 3938 2854 3977 ac
2884 3938 3026 3993 pace
3057 3921 3280 3992 ubique
3311 3919 3618 3986 restitutis,
3637 3914 3782 3970 libere

2172 4012 2452 4082 deinceps
2510 4010 2853 4066 attendeudi
2912 4009 3155 4067 culturae
3212 4024 3495 4082 agrorum
3540 4010 3594 4061 et
3620 4012 3783 4059 secure

2171 4099 2403 4173 legendi
2431 4100 2659 4156 fructus
2693 4100 2904 4156 uberes
2935 4103 3225 4155 terrarum
3265 4099 3327 4155 in
3361 4097 3577 4170 quibus
3604 4089 3787 4148 habita-

2171 4193 2321 4246 rent.

2169 4287 2259 4359 22.
2298 4286 2361 4343 Ut
2387 4287 2624 4359 pessimo
2637 4285 2708 4359 in
2723 4289 2873 4342 statu
2891 4286 3105 4358 fuerint
3120 4284 3300 4356 plane
3319 4283 3552 4359 perditae

2171 4353 2443 4415 denaruin
2473 4353 3036 4429 Bucellarioruinque
3052 4353 3306 4427 regione:
3320 4353 3373 4413 et
3387 4353 3778 4427 Paphalagoma.

2246 4457 2620 4513 Laborabant
2649 4460 2843 4513 autem
2878 4460 2936 4512 et
2958 4456 3242 4512 miserum
3260 4453 3323 4509 in
3347 4452 3581 4509 modum
3595 4444 3781 4503 afﬂicta

428 4531 728 4589 muniﬁcis
777 4531 1194 4605 largitionibus
1234 4534 1570 4607 deliniente,
1602 4539 1798 4610 sicque
1831 4541 1901 4595 ad
1932 4540 2065 4597 ﬁdei
2099 4535 2143 4600 Ι)
2166 4547 2444 4619 jacebant
2480 4545 2939 4602 Bucellariorum
2981 4550 3041 4601 et
3081 4543 3605 4617 Maryaudenorum
3632 4530 3784 4605 κεῖθ’

430 4638 572 4696 erga
598 4623 913 4695 imperium
947 4624 1342 4681 constantiam
1375 4630 1431 4681 et
1462 4629 2072 4695 resistendibostibus

430 4711 789 4770 alacritatem
820 4711 1128 4769 excitante.
1180 4713 1364 4771 Persas
1424 4731 1595 4788 porro
1625 4717 1981 4777 incurrentia
2011 4721 2071 4776 iu

430 4802 594 4874 ipsos
623 4805 790 4858 tanta
819 4801 1115 4859 celeritate
1148 4804 1404 4876 despotae
1428 4805 1765 4877 improvisis
1811 4814 2074 4867 conster-

432 4890 556 4949 nati
596 4891 852 4961 ‘nuutiis,
912 4896 1133 4948 terrore
1187 4909 1253 4949 ac
1310 4895 1714 4967 desperatione
1767 4915 2076 4957 successus

434 4980 626 5038 aversi
681 4989 834 5037 retro
892 4984 1054 5047 sunt,
1087 4997 1266 5054 seque
1297 4984 1498 5039 statim
1534 4984 1591 5041 in
1623 5002 1888 5057 suorum,
1924 4991 2078 5047 unde

440 5069 1112 5143 prodierant,inaccessa
1140 5070 1385 5127 latibula
1428 5074 1715 5131 montium
1736 5080 2078 5136 recondide-

438 5165 599 5217 runt.
634 5166 716 5218 Ac
744 5159 907 5217 velut
938 5176 1009 5217 ne
1041 5159 1161 5216 illic
1197 5162 1435 5234 quidem
1464 5179 1526 5219 se
1545 5170 1700 5221 tutos
1718 5166 2080 5241 rati,legatis

439 5253 642 5311 missis
674 5251 923 5324 captivis
969 5251 1237 5320 redditis,
1269 5269 1467 5324 pacem
1503 5256 1787 5323 fecerunt,
1821 5256 1876 5312 in
1919 5258 2081 5315 lucro

443 5347 730 5417 ponentes
779 5341 932 5413 quod
985 5339 1130 5396 salvi
1165 5347 1561 5413 superessent.
1594 5344 1853 5401 Joannes
1887 5352 2081 5404 autem

443 5433 753 5506 quieturos
783 5431 945 5503 ipsos
972 5428 1031 5484 in
1063 5434 1362 5502 posterum
1395 5437 1554 5489 certo
1585 5432 1935 5503 conﬁdebat,
1965 5451 2081 5492 non

446 5523 726 5596 quoniam
744 5520 1054 5594 promissis
1072 5520 1332 5592 ipsorum
1355 5522 1610 5580 multum
1631 5523 1765 5579 fidei
1781 5523 2080 5594 tribueret,

448 5614 552 5672 sed
600 5613 741 5687 quia
787 5609 901 5670 sibi
946 5608 1217 5668 conscius
1265 5616 1324 5669 et
1350 5612 1561 5672 virium
1590 5621 1646 5673 et
1674 5613 1857 5673 animi
1879 5616 1951 5674 ad
1983 5633 2083 5676 eos

2182 4634 2569 4708 ues,itemque
2600 4634 3022 4707 Paphlagonia;
3057 4634 3229 4705 cujus
3248 4632 3331 4688 rei
3351 4627 3652 4689 causahac
3666 4624 3783 4678 erat.

2181 4726 2506 4796 Imperator
2528 4725 2604 4780 iis
2633 4740 2761 4796 quae
2781 4722 3158 4796 superiorum
3177 4720 3516 4795 principum
3536 4712 3786 4788 parcimu-

2184 4814 2284 4869 nia
2339 4818 2712 4886 congesserat
2768 4812 3136 4884 consumptis
3166 4811 3225 4867 in
3281 4815 3372 4866 tot
3396 4804 3709 4880 largitiones
3734 4810 3784 4850 ac

2187 4904 2463 4960 donativa
2482 4902 2774 4959 ambitosa
2804 4907 3205 4975 praetereaque
3226 4900 3285 4955 in
3311 4898 3564 4971 pretiosa
3579 4899 3785 4987 munt?

2190 4992 2558 5065 principibus
2589 4995 2691 5047 aut
2719 4971 2931 5047 exteris
2963 4971 3242 5063 gentibus
3272 4987 3479 5051 missa,
3502 4981 3699 5054 quibus
3717 4971 3783 5028 illi

2190 5087 2262 5142 ad
2319 5086 2514 5141 federa
2568 5090 2627 5140 et
2658 5084 2970 5140 societates
3030 5083 3432 5147 allicerentur,
3481 5072 3783 5133 exhaustum

2190 5175 2459 5231 aerarium
2510 5172 2788 5246 supplere
2826 5173 3030 5229 crebro
3086 5172 3288 5229 missis
3339 5184 3443 5242 per
3470 5176 3658 5221 omnes
3685 5169 3786 5246 pro:

2192 5264 2416 5320 vincias
2465 5264 2564 5335 qui
2587 5241 2606 5246 ⁷
2625 5241 2905 5335 pecunias
2963 5241 3349 5334 colligerent,
3375 5254 3625 5313 curabat.

2191 5369 2362 5425 porro
2410 5331 2530 5407 scio
2592 5331 2664 5406 an
2718 5366 2859 5406 vera
2907 5348 3010 5406 illa
3059 5331 3236 5405 fuerit
3263 5340 3579 5403 exiuanitio
3607 5331 3784 5435 ρξῴὶίοί

2189 5443 2558 5509 thesauri,an
2592 5457 2707 5498 non
2741 5440 3122 5513 potius,quod
3157 5439 3398 5512 quidam
3420 5433 3781 5513 introspicien'

2191 5535 2281 5589 tes
2330 5506 2587 5604 penitius
2626 5506 3214 5596 submurmurabant,
3244 5524 3558 5612 imperator
3575 5506 3779 5612 δοριξ)

2190 5598 2472 5694 praetextu
2504 5623 2903 5688 obtento,vere
2920 5624 3188 5678 metuens
3212 5633 3282 5676 ne
3297 5614 3531 5691 propter
3540 5598 3773 5664 invidiam

3936 3350 3943 3383 ἱ
