3920 6196
232 249 327 305 665

1275 251 1364 303 DE
1401 248 1771 305 MICUAELE
1807 247 2250 304 PALEOLOGO
2287 252 2420 305 LIB.
2464 253 2535 305 II.

3531 251 3638 307 666

233 376 437 450 φῶντες.
486 368 699 440 Ταύτης
756 375 886 447 γοῦν
937 373 1038 438 τῆς
1099 368 1275 434 αἴτίας
1303 373 1339 441 ἢ
1390 370 1554 436 οὕσης
1582 372 1616 439 ἢ
1644 372 1734 425 καὶ
1769 369 1858 425 δο-
1890 376 1945 440 Α
1976 370 2026 424 οἱ
2057 376 2172 431 ταῖς
2206 369 2392 446 ἄκραις
2441 374 2903 447 προσκαθήμενοι,
2955 379 3037 446 τῷ
3064 395 3123 428 τε
3153 375 3388 448 πάσχειν
3424 371 3633 438 ἐνθένδε

231 460 415 528 κοῦσης
448 456 595 513 ἑνεκα
629 479 856 534 συχναις
905 460 1242 536 ἀναγραφαῖς
1285 459 1379 521 τας
1432 461 1619 534 χώρας
1667 459 1863 536 ἐκαλατ

235 557 373 622 parte.
420 549 755 605 Ἐνεπίστευε
818 547 876 603 δὲ
931 549 1026 611 τὰς
1084 550 1338 612 τοιαύτας
1396 548 1718 623 οἷ’κονομίας
1773 555 1863 602 και

229 639 476 710 ἐξισώσεις
534 637 787 713 ἀνδράσιν
857 636 1034 693 οὐδέσι
1072 684 1084 708 ,
1177 637 1427 712 μεγάλων
1489 637 1576 693 ἐπὶ
1649 637 1863 699 τούτοις

227 728 535 802 τεταγμένων
597 729 659 783 τὸ
735 728 1022 804 πρότερον·
1113 733 1321 803 Καῖσπρ
1408 729 1512 802 γὰρ
1586 727 1864 800 Ῥωμανὸς

226 817 300 871 καὶ
332 819 496 891 μέγας
525 814 851 889 δομέστικος
894 819 922 871 ὁ
965 821 1061 872 τοῦ
1119 815 1388 892 βασιλέως
1444 818 1626 892 πατὴρ
1677 817 1860 889 ἐξισω-

223 907 296 960 ταὶ
365 906 499 960 κατᾶ
571 904 932 981 Σκάμανδρον
1010 907 1164 975 ἦσαν.
1229 906 1378 976 Πλὴν
1452 902 1859 981 έχρυσολὸγουν

223 993 437 1058 ἐντεῦθεν
470 995 562 1050 καὶ
607 1001 686 1068 τῷ
741 1001 912 1068 κοινῷ
971 995 1204 1068 ταμιείῳ
1261 996 1542 1070 προσῆγον
1595 996 1662 1049 τὰ
1719 995 1863 1070 χρή-

221 1105 364 1156 ματα.
397 1086 572 1140 T0310
625 1079 836 1156 συμϐὰν
893 1083 982 1138 καὶ
1040 1089 1158 1146 τοῖς
1217 1081 1537 1157 Παφλαγόσι
1595 1083 1685 1138 καὶ
1742 1087 1860 1144 τοῖς

216 1173 550 1245 προσωτέρω,
605 1174 1090 1248 ἠργυρολογοῦντο
1147 1177 1228 1244 τῷ
1287 1172 1477 1248 χρόνῳ
1538 1172 1858 1242 κάμνοντες.

214 1263 319 1317 Τῶν
354 1261 446 1332 μὲν
487 1259 778 1336 χρεῖωδῶν
839 1262 930 1315 καὶ
985 1283 1045 1337 γε
1102 1259 1224 1315 λίαν
1286 1263 1434 1336 εἶχον
1489 1259 1735 1333 εὐπόρως
1768 1257 1858 1313 δι-

215 1346 392 1419 δούσης
446 1358 548 1419 τῆς
610 1357 733 1425 γῆς,
791 1352 1150 1424 νομισμάτων
1185 1349 1240 1405 δὲ
1271 1353 1548 1426 πενιχρῶς
1585 1351 1732 1424 εἶχον
1786 1350 1861 1412 ὡς

213 1440 403 1495 πάντων
460 1442 854 1518 γεωργούντων
900 1444 967 1497 1i
1022 1443 1300 1518 ἀναγκαῖα.
1363 1440 1857 1520 Κεφαλαιουμένων

213 1533 322 1603 γοῦν
354 1535 456 1584 τῶν
483 1529 665 1586 τελῶν
700 1531 786 1585 ἐπὶ
818 1532 1118 1604 νομίσμασι
1165 1531 1394 1606 χρυσίου
1445 1531 1532 1586 καὶ
1575 1530 1856 1606 ἀργυρίου,

214 1615 435 1682 διδόντες
480 1620 546 1674 τὸ
599 1621 747 1684 τεθὲν
797 1619 848 1690 ἐξ
896 1619 1131 1696 ἀνάγκης
1176 1619 1564 1695 ἐξηποροῦντο.
1607 1621 1775 1676 Ἦσαν
1810 1611 1856 1672 δ’

215 1705 379 1770 ἄλλως
404 1711 489 1764 καὶ
523 1708 808 1784 στρατείας
829 1707 979 1764 οὐδὲν
1005 1707 1228 1771 εἷδότες.
1261 1712 1446 1783 Ὅμως
1479 1708 1664 1774 ἔθνους
1696 1707 1854 1788 φιλο·
1890 1741 1936 1805 Β

213 1795 415 1871 κερδοῦς
445 1798 718 1873 πονηρίαν
752 1796 938 1853 πολλὰ
968 1798 1025 1852 ἂν
1058 1799 1224 1872 κάμοι
1257 1820 1339 1863 τις
1370 1797 1620 1873 διορθοῦν
1653 1797 1851 1866 θέλων,

213 1884 252 1938 εἷ
277 1889 358 1939 xxi
391 1887 464 1959 μὴ
527 1888 761 1962 πάσχοι.
797 1885 843 1942 εἴ
876 1884 933 1941 δὲ
963 1887 1187 1962 πέτχει,
1221 1889 1320 1942 οὑκ
1368 1885 1509 1942 ἔστιν
1562 1889 1710 1949 ὅπως
1774 1888 1850 1959 μή

214 1974 477 2050 ἀπρακτεῖν
511 1981 690 2032 πᾶσαν
725 1976 986 2033 ἐπίνοιαν.
1019 1978 1248 2032 Ἐκεῖνοι
1278 1977 1481 2050 τοίνυν,
1513 1977 1602 2032 καὶ
1638 1975 1851 2050 μᾶλλον

215 2141 458 2196 excaecati
490 2141 742 2197 Joannis
773 2141 986 2198 etinde
1024 2146 1286 2198 secutam
1321 2159 1352 2196 a
1387 2140 1715 2214 patriarcha
1757 2157 1852 2196 ex-

215 2230 793 2286 communicationem
868 2231 1179 2303 provinciae
1241 2231 1614 2295 rebellarent,
1676 2231 1853 2286 rebus

215 2320 335 2372 tunc
359 2321 481 2375 suis
516 2318 668 2376 utile
699 2322 988 2391 putaverit
1017 2320 1271 2393 spoliare
1294 2321 1563 2376 subditos
1587 2323 1642 2374 et
1666 2318 1851 2374 facul-

219 2407 414 2464 tatibus
449 2409 792 2480 privare,ne
820 2411 888 2464 ad
916 2414 1117 2466 contra
1145 2427 1206 2465 se
1241 2409 1671 2481 insurgendum
1701 2408 1855 2463 vires

219 2496 504 2553 haberent.
543 2497 623 2553 Ut
658 2514 892 2570 cunque
925 2499 1024 2564 sit,
1049 2517 1117 2555 ea
1144 2505 1286 2554 tunc
1313 2499 1404 2554 vel
1436 2516 1569 2554 vera
1600 2497 1685 2554 vel
1721 2499 1856 2552 ﬁcta

220 2605 375 2646 causa
404 2592 692 2663 egestatis
724 2592 940 2659 rerarii,
976 2591 1198 2647 crebris
1229 2591 1550 2663 imperator
1579 2590 1855 2646 censibus

223 2695 276 2732 ac
320 2680 824 2752 descriptionibus
884 2699 986 2753 per
1035 2681 1338 2737 ministros
1381 2695 1854 2752 quoquoversum

227 2767 484 2825 dimissos
515 2785 698 2825 avare
730 2785 794 2824 ac
825 2771 1115 2842 rapaciter
1145 2769 1408 2827 exercitis
1437 2770 1588 2825 22‘!
1622 2767 1857 2840 spicile-

223 2856 302 2926 gia
334 2857 645 2929 regionum
683 2858 1003 2918 factitabat.
1039 2863 1211 2914 utens
1243 2858 1313 2913 ad
1345 2858 1402 2913 id
1438 2875 1614 2929 opera
1666 2857 1856 2912 homi-

224 2960 348 3000 num
375 2946 568 3016 nihili,
608 2962 742 3002 cum
772 2951 944 3004 antea
1001 2948 1409 3018 hujuscemodi
1465 2947 1671 3003 lustris
1720 2963 1857 3003 con-

1974 459 2172 529 καὶτῷ
2215 457 2454 528 ἐλπίζειν
2513 460 2710 515 ἐκεῖθεν
2764 462 2829 516 τὰ
2887 460 3089 534 λῴονα,
3141 462 3186 516 εἰ
3235 464 3397 534 μόνον
3456 484 3630 534 προσ-

1976 553 2207 623 χιοροῖεν
2261 547 2494 621 ἑκόντες,
2544 556 2891 625 προσχωρεῖν
2934 549 3165 626 ἔγνωσαν
3215 550 3304 605 καὶ
3357 551 3627 623 ὁσημέραι

1973 638 2354 712 προσετίθεντο
2408 644 2662 713 Ηὲρσαις.
2723 639 2900 696 Τούτο
2951 645 3079 714 γοῦν
3141 639 3222 694 ἐπ’
3280 639 3378 693 οὐκ
3438 640 3623 714 ὀλίγον

1972 727 2279 802 γενόμενον,
2341 729 2533 800 σῦναμ’
2593 729 2816 792 ἐκείνοις
2874 731 2925 784 οἱ
2983 732 3178 802 Πέρσαι
3233 727 3460 803 ὁδηγοῖς
3512 735 3624 800 ’ἁμα

1971 815 2062 870 καὶ
2118 818 2437 891 συμμάχοις
2483 819 2764 892 χρώμενοι
2809 818 3160 894 καταθαρρεῖν
3195 819 3346 892 εἶχον
3390 822 3497 870 τῶν
3534 815 3627 871 λε-

1972 904 2283 978 λειμμένων
2320 949 2332 960 .
2393 906 2490 960 Καὶ
2544 911 2762 974 πρῶτον
2847 908 2938 980 μὲν
2999 905 3268 981 ἐκδρομὰς
3342 910 3625 966 ποιοῦντες

1969 993 2219 1058 κατέθεον
2277 997 2376 1065 τὴν
2435 1003 2535 1070 γῆν
2594 996 2847 1066 ἐκείνων,
2905 997 2992 1050 καὶ
3053 995 3397 1057 σκυλεύοντες
3452 992 3624 1065 (οὐδὲ

1968 1083 2068 1158 γὰρ
2128 1083 2386 1161 ἐθάρρουν
2452 1084 2652 1158 μένειν)
2709 1087 3037 1163 ὑπεστρεφον
3077 1105 3089 1116 ·
3153 1085 3266 1140 εἶτα
3340 1089 3448 1138 τῶν
3527 1083 3619 1156 μὲν

1972 1172 2447 1247 ὑποκλινομένων,
2482 1179 2586 1229 τῶν
2650 1172 2706 1229 δὲ
2734 1176 2822 1229 καὶ
2884 1175 3319 1248 ἀποικιζομένων
3378 1171 3486 1228 δέει
3539 1179 3620 1244 τῷ

1967 1262 2091 1336 περὶ
2145 1267 2242 1317 τοῦ
2288 1268 2408 1334 ζῆν,
2461 1263 2703 1339 εὐχερεῖν
2745 1263 2802 1319 ἐκ
2837 1269 2933 1318 τοῦ
2966 1264 3131 1340 ῥᾷστα
3187 1268 3303 1324 τοῖς
3362 1260 3622 1322 ἐναντίοις

1965 1351 2176 1418 ἦν,καῖ
2229 1353 2596 1428 κατασχόντες
2624 1355 2721 1422 τὴν
2785 1355 2971 1428 χώραν
3033 1353 3194 1406 κακὸν
3255 1353 3389 1419 ἦσαν
3445 1349 3622 1423 γειτό-

1965 1459 2116 1510 νημα
2144 1445 2261 1503 τοῖς
2292 1440 2551 1510 πλησίον.
2595 1447 2687 1514 Τῷ
2722 1441 2906 1513 μέντοι
2953 1463 3012 1515 γε
3049 1439 3263 1516 βασιλεῖ
3320 1437 3473 1509 δόξαν
3509 1439 3626 1491 ἀνα-

1964 1529 2199 1598 κλητὲον
2247 1529 2447 1585 ἐκείνθν
2503 1532 2659 1604 εἶναι,
2718 1533 2806 1586 ὅτε
2859 1530 2926 1599 δὴ
2985 1531 3074 1585 καὶ
3119 1529 3363 1598 θελήσοι,
3416 1529 3489 1590 ὡς
3535 1517 3622 1580 ἐπἰ

1966 1615 2126 1690 θύρας
2167 1640 2347 1692 οῃσαν,
2381 1619 2441 1674 οὐ
2477 1619 2645 1692 μέλον
2703 1621 2791 1688 ἦν,
2847 1617 2993 1674 ἀλλὰ
3022 1619 3156 1694 πρὸς
3209 1623 3325 1678 τοῖς
3385 1613 3623 1676 δυτικοῖς

1965 1713 2135 1761 πᾶσαν
2165 1709 2280 1782 εἶχε
2325 1709 2422 1776 τὴν
2483 1706 2775 1782 ἀγχολίαν,
2806 1709 2871 1762 τα
2928 1707 2979 1760 ἐν
3032 1706 3159 1760 ποσὶ
3217 1703 3621 1777 καταπροῖέμε-

1962 1817 2075 1858 νος.
2118 1795 2294 1861 Εῗωθε
2343 1798 2445 1872 γὰρ
2505 1798 2586 1852 ἀεὶ
2629 1799 2690 1852 τὸ
2749 1796 2966 1869 μὲνάνᾶ
3026 1801 3216 1870 χεῖρας
3267 1797 3617 1870 καταφρονεῖ-

1965 1888 2087 1941 σθαι
2137 1883 2224 1941 διὰ
2270 1887 2332 1941 τὸ
2393 1888 2634 1958 σύνηθες,
2697 1891 2969 1957 ζητεῖσθαι
3028 1882 3086 1939 δέ
3141 1904 3200 1958 γε
3241 1883 3302 1937 τὸ
3350 1882 3426 1955 μὴ
3485 1901 3616 1956 κρα-

1963 1975 2224 2050 τούμενον
2259 1977 2334 2040 ὡς
2376 1973 2560 2047 θέλξον
2611 1973 2720 2047 ἤδη
2773 1976 2822 2046 ἐξ
2871 1975 3172 2045 ἀσυνήθους
3223 1970 3611 2048 προσγεγονός.

1964 2144 2115 2195 certe
2135 2141 2371 2212 quando
2385 2141 2724 2197 exacerbata
2746 2141 2980 2196 damnis
3003 2140 3356 2212 acribusque
3381 2135 3612 2208 injuriis

1964 2231 2032 2284 ad
2059 2231 2528 2301 desperationem
2562 2231 2800 2286 eli'erata
2831 2230 3023 2295 fuerit,
3059 2230 3276 2285 frustra
3298 2225 3607 2300 quantavis

1963 2321 2341 2378 adhibebitur
2384 2323 2675 2379 industria
2721 2324 2790 2379 ad
2843 2322 3000 2378 illam
3036 2323 3095 2378 in
3128 2322 3241 2378 fide
3299 2321 3609 2391 ofﬁcioque

1963 2410 2396 2466 continendam.
2423 2411 2603 2484 Igitur
2626 2411 2730 2478 illi,
2758 2411 3043 2483 praecipue
3071 2427 3204 2466 vero
3235 2425 3484 2482 quorum
3513 2425 3607 2463 ar-

1965 2499 2132 2554 cibus
2194 2499 2416 2556 Persico
2447 2500 2715 2573 praesidio
2774 2499 3020 2556 insessis
3071 2499 3383 2554 viciniores
3440 2497 3608 2552 sedes

1965 2593 2150 2654 erant,
2185 2590 2339 2661 quod
2381 2607 2414 2645 a
2440 2591 2659 2646 nostris
2691 2590 2923 2662 quidem
2977 2589 3196 2645 atrocia
3250 2593 3606 2661 paterentur,

1965 2677 2036 2732 ab
2068 2677 2338 2734 hostibus
2370 2697 2503 2735 vero
2548 2680 2948 2736 commodiora
2977 2684 3298 2751 sperarent,
3333 2676 3610 2749 pollicen-

1965 2767 2124 2822 tibus
2154 2767 2423 2824 videlicet
2453 2769 2571 2825 illis
2602 2773 2679 2836 et,
2713 2768 2763 2824 si
2804 2770 2956 2824 ultro
3007 2786 3069 2824 se
3117 2769 3418 2834 dederent,
3472 2765 3609 2819 mite

1965 2853 2279 2926 imperium
2311 2859 2759 2928 spondentibus,
2805 2859 3052 2913 deficere
3073 2857 3143 2912 ad
3178 2856 3381 2910 Persas
3414 2855 3610 2908 decre-

1964 2951 2194 3014 verunt,
2229 2947 2564 3017 fiebantque
2594 2945 2842 3001 aliorum
2888 2952 3019 3017 post
3063 2944 3208 2999 alios
3257 2943 3608 3013 quotidiana:

223 3034 408 3090 dendis
438 3003 984 3106 collationibusque
1033 3003 1336 3108 exigendis
1366 3037 1716 3109 populorum
1751 3052 1857 3091 no-
1890 3003 1932 3070 C
1967 3003 2345 3090 transitiones
2367 3033 2436 3089 ad
2454 3003 2920 3104 benignioresm‘t
2943 3003 3408 3103 putabant,§23
3428 3028 3612 3084 domi-

228 3120 478 3180 bilissimi
512 3124 742 3196 quique
791 3125 1006 3195 pra-fici
1028 3124 1181 3180 soliti
1208 3132 1410 3180 essent
1453 3141 1466 3178 :
1512 3141 1645 3180 nam
1669 3128 1863 3182 Caesar

223 3207 496 3269 Romanus
530 3217 599 3267 et
629 3228 882 3282 magnus
928 3213 1288 3268 domesticus
1313 3213 1678 3284 imperatoris
1701 3217 1862 3284 pater

225 3313 483 3356 censuras
502 3301 685 3356 istius
706 3300 940 3372 generis
967 3317 1068 3372 per
1088 3300 1356 3372 regiones
1386 3300 1537 3357 circa
1581 3302 1861 3358 Scaman-

220 3385 369 3444 drum
403 3390 554 3446 sitas
591 3394 917 3461 gesserant.
959 3390 1025 3445 Hi
1079 3406 1247 3460 porro
1278 3389 1553 3446 vilissimi
1603 3391 1863 3446 ministri

229 3491 412 3534 aurum
441 3479 1000 3535 immisericorditer
1020 3484 1308 3535 extortum
1343 3480 1606 3550 undique
1637 3480 1696 3534 in
1720 3497 1860 3536 aera-

239 3565 372 3623 rium
405 3568 830 3641 congerebant.
857 3569 1114 3633 Quicum
1148 3568 1378 3624 obirent
1408 3568 1863 3640 Paphlagoniam

224 3657 275 3708 et
323 3655 636 3712 ulteriores
686 3657 956 3727 regiones
1005 3657 1272 3729 pecuniis
1304 3657 1507 3713 acerbe
1555 3658 1866 3713 corraden-

224 3742 320 3813 dis,
351 3761 414 3800 eo
446 3745 648 3818 magis
694 3745 1068 3801 ofl‘endebant
1100 3745 1230 3802 illos
1283 3745 1549 3817 populos,
1585 3747 1740 3817 quod
1771 3763 1864 3802 ve-

226 3834 496 3890 xationem
516 3851 629 3906 per
650 3849 712 3888 se
741 3835 1004 3890 odiosam
1030 3835 1521 3905 intempestivitas
1552 3841 1690 3890 tunc
1714 3852 1869 3906 qum-

230 3919 348 3976 dam
375 3923 760 3995 aggravabat.
791 3923 1180 3994 Agricultura:
1201 3929 1402 3995 gentes
1421 3924 1534 3979 illae
1547 3923 1864 3996 plusquam

232 4012 626 4068 mercimoniis
682 4012 912 4080 deditae,
947 4013 1124 4068 rebus
1166 4013 1237 4066 ad
1271 4012 1489 4067 victum
1531 4029 1679 4083 quas
1711 4018 1867 4068 terra

227 4099 392 4170 gignit
427 4101 842 4167 abundabant,
879 4101 1124 4172 signatae
1154 4101 1410 4172 pecunia:
1441 4118 1649 4172 parum
1680 4101 1865 4157 habe-

225 4185 369 4243 bant.
402 4191 601 4255 Quare
628 4188 788 4260 ipsis.
808 4193 933 4244 erat
962 4189 1306 4260 perdifﬁcile
1349 4205 1556 4245 aureos
1597 4194 1864 4262 argente-

223 4291 386 4347 osque
416 4294 729 4345 nummos,
781 4277 881 4348 qui
933 4278 1168 4349 singula
1199 4277 1257 4332 in
1299 4279 1491 4350 capita
1521 4278 1861 4334 indiceban—

1963 3139 2090 3178 nos.
2109 3123 2269 3189 Quod
2294 3121 2481 3194 primo
2508 3140 2539 3176 a
2561 3122 2815 3194 singulis
2837 3126 3153 3187 tentatum,
3179 3125 3235 3176 et
3256 3118 3355 3175 ubi
3379 3135 3610 3174 succes-

1963 3228 2064 3268 sus
2094 3212 2335 3282 impune
2383 3211 2509 3267 fleri
2554 3211 2838 3284 probavit,
2889 3209 3283 3266 crebrioribus
3331 3207 3613 3277 exemplis

1966 3301 2425 3371 frequentatum,
2447 3299 2815 3372 irreparabili
2840 3302 3084 3371 jacturae
3108 3297 3414 3370 provinciae
3437 3296 3616 3352 totius

1967 3389 2331 3444 occasionem
2358 3389 2542 3458 dedit,
2573 3389 2868 3460 siquidem
2902 3388 3086 3443 Persae
3119 3387 3211 3441 his
3242 3386 3339 3457 qui
3371 3385 3442 3439 ad
3474 3401 3610 3456 par-

1965 3484 2054 3536 tes
2078 3480 2340 3552 ipsorum
2365 3480 2719 3536 transierant
2748 3480 3000 3536 d'icibus
3022 3484 3080 3534 et
3101 3478 3472 3551 adiutoribus
3496 3475 3611 3542 usi,

1969 3569 2326 3640 paucitatem
2358 3585 2562 3624 eorum
2595 3569 2694 3640 qui
2728 3573 3064 3624 constantes
3113 3567 3172 3621 in
3221 3565 3336 3620 ﬁde
3364 3563 3614 3634 impera-

1969 3657 2078 3712 tori
2103 3659 2304 3729 jurata
2337 3657 2676 3730 perstabant
2704 3660 3164 3723 contemnentes,
3197 3659 3382 3710 terras
3408 3667 3610 3707 eorum

1967 3747 2189 3802 crebris
2219 3746 2953 3803 infestareincursionibus
2979 3748 3308 3816 cmperant;
3343 3759 3372 3797 e
3394 3741 3613 3812 quibus

1967 3836 2165 3891 onusti
2197 3837 2412 3908 praeda,
2441 3835 2708 3908 spoliatis
2739 3835 2986 3890 subinde
3039 3833 3294 3896 miseris,
3343 3831 3614 3886 redibant

1969 3924 2231 3990 domum,
2265 3926 2526 3980 nondum
2558 3925 2638 3978 ibi
2671 3925 2798 3979 ausi
2830 3923 3152 3990 considere,
3184 3921 3375 3992 quoad
3407 3918 3611 3973 multis

1969 4011 2219 4068 istorum
2291 4013 2649 4085 experientia
2707 4011 2994 4068 malorum
3052 4009 3477 4066 inclinantibus
3535 4009 3607 4062 ad

1969 4105 2200 4166 Persas,
2234 4101 2437 4157 multis
2495 4101 2840 4172 quotidiana
2891 4099 3017 4154 vita:
3079 4096 3337 4170 pericula
3386 4098 3524 4170 fuga
3554 4103 3611 4152 et

1967 4189 2294 4245 voluntario
2314 4189 2515 4244 exsilio
2536 4187 3242 4257 redimentibus,subactu
3261 4187 3384 4257 jam
3410 4185 3608 4242 faciles

1969 4279 2156 4334 Persae
2191 4279 2456 4350 regiones
2478 4295 2595 4333 suae
2619 4277 2828 4332 ditioni
2853 4277 3231 4348 subjunxere,
3259 4275 3507 4345 fixisque
3533 4274 3610 4329 ibi

221 4367 322 4431 tur,
355 4383 712 4431 numerare;
746 4375 801 4421 et
833 4383 896 4422 se
926 4368 993 4421 ad
1019 4367 1174 4438 quod
1208 4383 1322 4422 non
1358 4373 1599 4438 possent
1630 4358 1939 4428 damnisD
1971 4367 2280 4423 domiciliis
2312 4367 2528 4422 malam
2582 4366 2850 4422 finitimis
2904 4366 3178 4421 viciniam
3235 4365 3610 4436 pra-stabunt,

222 4469 277 4507 ac
301 4455 800 4526 prehensionibus
848 4455 976 4526 cogi
1016 4454 1432 4527 indignissime
1457 4455 1682 4512 scilicet
1711 4457 1861 4512 fere-

218 4541 361 4610 bant,
391 4544 724 4616 praasertim
758 4544 1040 4614 quoniam
1072 4545 1206 4599 inde
1233 4545 1589 4616 sequebatur
1618 4549 1740 4601 toto
1773 4545 1859 4618 ip-

221 4646 304 4686 sos
334 4634 618 4706 deinceps
671 4649 825 4689 anno
889 4633 1234 4689 necessariis
1295 4648 1486 4705 egere,
1545 4637 1860 4706 postquam

221 4735 425 4779 messes
458 4730 519 4779 et
551 4722 906 4789 vindemias,
940 4727 1006 4778 ut
1034 4737 1302 4778 summas
1324 4722 1576 4778 indictas
1595 4739 1861 4795 quoquo-

219 4813 371 4868 modo
403 4814 788 4878 conficerent,
823 4810 1014 4867 alieno
1046 4816 1310 4882 tempore
1361 4811 1462 4866 vili
1519 4813 1702 4884 pretio
1735 4813 1859 4867 dis-

216 4899 433 4957 trahere
493 4906 653 4957 totas
709 4905 1047 4956 exactorum
1125 4900 1506 4956 inclementia
1569 4901 1859 4972 compulsi

220 4987 454 5045 fuerant.
489 4989 736 5045 Nullum
769 4989 1009 5060 quidem
1042 4989 1161 5044 fere
1193 4987 1459 5060 plerique
1508 4988 1744 5043 illorum
1778 4988 1862 5044 rei

220 5073 422 5133 bellica:
455 5094 639 5134 usum
672 5077 992 5147 habebant,
1015 5081 1080 5132 ut
1102 5075 1343 5132 rebellio
1365 5077 1566 5133 minus
1596 5077 1861 5132 timenda

221 5163 524 5222 videretur.
581 5166 801 5222 Tamen
861 5163 1053 5237 gentis
1116 5164 1267 5220 lucri
1319 5165 1565 5238 cupidae,
1625 5166 1859 5222 etiamsi

225 5254 374 5310 nulla
426 5256 766 5311 extorsione
798 5254 1055 5324 irritatae,
1089 5270 1191 5326 per
1223 5271 1284 5310 se
1316 5271 1556 5326 pronam
1605 5254 1673 5308 ad
1704 5271 1859 5326 quaa-

216 5347 470 5402 stnosum
505 5347 836 5418 perjurium
870 5345 1126 5401 indolem
1160 5361 1291 5401 cum
1331 5362 1564 5418 semper
1609 5362 1862 5417 magnus

216 5429 368 5491 labor
396 5436 479 5492 ait
524 5436 600 5492 ab
640 5434 770 5491 utili
825 5433 952 5490 visa
1009 5434 1339 5492 defectione
1404 5435 1696 5505 cohibere,
1729 5439 1856 5492 tum

1970 4457 2316 4512 infestantes
2339 4473 2438 4512 eos
2459 4455 2804 4512 latrociniis.
2837 4455 2964 4510 Haec
3005 4454 3251 4510 audiens
3296 4453 3615 4525 imperator

1969 4562 2036 4601 eo
2067 4562 2337 4601 accurere
2369 4544 2644 4616 neglexit,
2689 4544 3036 4600 existimans
3083 4560 3143 4598 se
3194 4547 3339 4598 istas
3382 4541 3610 4614 provin-

1966 4635 2108 4702 cias,
2151 4634 2381 4705 quippe
2413 4634 2472 4688 in
2516 4633 2846 4706 propinquo
2907 4633 3076 4699 sitas,
3131 4637 3614 4704 recuperaturum

1971 4724 2440 4794 quandocunque
2478 4723 2624 4778 foret
2645 4722 2900 4788 libitum,
2924 4726 2979 4776 et
3001 4725 3142 4776 tunc
3172 4720 3230 4774 in
3265 4737 3356 4775 res
3377 4717 3614 4775 Occidui

1967 4817 2193 4867 tractus
2216 4827 2320 4882 spe
2350 4828 2416 4866 ac
2439 4812 2761 4882 cupiditate
2785 4815 2943 4866 totus
2980 4809 3319 4876 imminens,
3339 4809 3398 4864 in
3430 4825 3614 4880 eaque

1969 4919 2087 4956 una
2114 4899 2333 4956 deﬁxae
2361 4917 2501 4955 cura
2524 4901 2909 4972 cogitationes
2932 4899 3178 4969 habens,
3204 4916 3364 4954 more
3393 4898 3610 4970 ingenii

1967 4989 2236 5054 humani,
2264 4988 2632 5060 plerumque,
2665 4990 2807 5042 dum
2841 4987 3030 5042 inhiat
3060 4987 3417 5058 longinquis,
3451 4986 3618 5040 amit-

1967 5079 2146 5134 tentis
2193 5095 2388 5134 coram
2441 5078 2652 5149 posita,
2683 5083 2741 5132 et
2773 5075 3132 5148 voluptatem
3167 5093 3235 5132 ex
3276 5076 3609 5132 absentium

1969 5166 2357 5239 acquisitione
2399 5170 2714 5239 speratam,
2748 5166 2904 5238 quod
2955 5165 3192 5221 insolita
3223 5165 3300 5220 sit
3328 5164 3608 5235 potiorem

1967 5256 2306 5312 arbitrantis
2339 5256 2526 5312 fructu
2579 5260 2815 5328 propter
2847 5255 3166 5327 quamdam
3209 5250 3610 5315 assuetudinis

1969 5362 2249 5403 nauseam
2285 5345 2482 5401 minus
2505 5345 2790 5418 jucundo,
2823 5343 2923 5417 qui
2955 5360 3024 5400 ex
3063 5342 3433 5415 praesentium
3467 5339 3604 5395 olim

1967 5451 2374 5508 possessorum
2407 5439 2687 5491 consueto
2714 5433 2981 5506 amplexu
3021 5429 3357 5504 percipitur.
