4018 6198
261 299 375 355 669
1338 303 1434 356 DE
1472 301 1846 356 MICHAELE

2094 299 2331 356 OLOGO
2367 303 2502 354 LIB.
2545 305 2640 354 III.
3575 285 3681 340 670

260 422 374 480 κδ’.
422 423 503 479 Τά
561 420 688 494 περὶ
745 424 842 500 τοῦ
887 423 1258 500 βέκξιουᾳκαὶ,
1302 422 1600 500 Ξιφιλίνου
1656 425 1764 477 τῶν
1821 424 2000 490 τῆςΑ
2031 419 2304 495 τριάρχην
2335 419 2501 476 πλέον
2545 419 2762 475 δύναιτο
2821 418 3107 488 λυπήσειν,
3139 414 3174 483 ἢ
3239 415 3314 487 μὴ
3374 411 3544 486 δόξειν
3604 414 3680 477 ὡς

753 491 1086 565 Ἐκκλησίας
1119 493 1422 570 ἀρχόντων.
2038 510 2349 581 ἀμυνεῖσθαι
2380 510 2468 564 καὶ
2506 509 2676 565 πλέον
2725 506 2940 563 δύναιτο
2985 504 3263 580 προύνόει.
3297 504 3399 558 Καὶ
3461 504 3681 576 πέμψας

344 598 646 676 Συμϐαίνει
681 600 816 656 δέτι
847 603 984 656 κατά
1013 603 1110 671 τὴν
1144 601 1307 657 πόλιν
1335 603 1363 656 '6
1397 601 1464 670 δὴ
1504 602 1593 656 καὶ
1650 602 1739 656 τὸν
1778 602 1928 675 βασι·
2039 594 2128 650 διὰ
2156 599 2368 672 ταχέων
2415 603 2494 670 τῷ
2544 593 2999 671 σεϐαστοκράτορι
3059 592 3334 664 Τορνικίῳ
3382 591 3682 663 προσέτατ-

266 693 374 747 λέα
427 692 505 753 εἷς
566 693 774 764 ἄμυναν
826 690 1150 765 ἐξηρέθισεν.
1185 695 1422 747 ’Ήπτετο
1456 689 1512 745 δὲ
1541 691 1602 744 τὸ
1635 689 1807 744 δεινὸν
1839 687 1928 744 καὶ
2035 709 2121 742 τεν
2180 690 2350 760 (αὑτῷ
2399 689 2500 762 γὰρ
2559 689 2679 742 τότε
2734 687 2800 742 τά
2848 693 2948 754 τῆς
3006 683 3219 739 πόλεως
3299 680 3680 753 ἐπετέτραπτο)

262 787 371 836 τοῦ
403 781 771 856 πατριάρχου,
803 780 898 834 κᾶν
947 779 1197 854 πλαγίως
1237 781 1308 842 ὡς
1349 779 1534 834 ἄλλων
1587 780 1927 855 πασχόντων.
2039 778 2354 852 κάταχαλᾷν
2394 779 2486 851 μὲν
2520 779 2616 841 τὰς
2649 777 2825 838 οἶκίας
2881 779 2976 828 τοῦ
3022 795 3079 828 τε
3128 769 3547 848 χαρτοφύλακος
3597 768 3688 822 καὶ

263 877 387 928 Τυῦ
417 872 520 947 γάρ
552 873 758 927 Βέκκου
788 871 849 925 τὸ
900 870 1376 948 χαρτοφυλακικὸν
1432 870 1644 942 ἀξίωμα
1703 865 1930 943 ἔχοντος
2038 873 2134 922 τοῦ
2165 867 2411 942 μεγάλου
2443 867 2738 939 οἶκονύμου
2771 866 2951 939 (οὗτος
2984 861 3028 917 δ’
3058 864 3123 931 ἧν
3159 863 3186 916 ὁ
3216 859 3512 936 Ξιφιλῖνος
3560 857 3690 912 Θεό-

263 962 608 1035 (προνόμιον
641 957 686 1014 δ’
719 961 826 1013 ἔστι
877 960 939 1013 τὸ
990 964 1328 1034 προτροπαῖς
1388 958 1592 1012 ἐκείνου
1641 959 1734 1019 τάς
1793 958 1932 1031 ἱερου
2044 955 2262 1032 δωρος),
2295 956 2538 1032 έκριζοῦν
2600 953 2656 1009 δὲ
2713 955 2810 1017 τὰς
2866 950 3293 1026 ἀμπέλους,καῖ
3355 946 3546 1008 αὐτοὺς
3603 943 3694 1000 δε-

265 1050 476 1126 λογῖας
505 1049 768 1125 γίνεσθαι)
798 1054 905 1103 τῶν
964 1069 1048 1110 τις
1097 1049 1286 1122 ἱερέων
1343 1045 1679 1103 ἐκδουλεύων
1729 1048 1816 1101 καὶ
1879 1045 1930 1101 ἐν
2043 1045 2236 1120 σμίους
2271 1047 2344 1106 ὡς
2373 1044 2578 1100 ἐκεῖνον
2612 1043 2928 1117 ἐκπέμπειν.
2956 1036 3250 1098 Ἐϐούλετο
3304 1034 3362 1091 δὲ
3418 1037 3478 1090 τὸ
3527 1056 3694 1110 προσ-

261 1146 353 1212 τῷ
412 1141 554 1194 κατά
611 1139 700 1192 τὸν
753 1138 933 1211 Φάρον
987 1136 1100 1210 ναῷ
1153 1143 1258 1191 τῶν
1323 1135 1578 1210 μεγάλων
1624 1136 1931 1212 ἀνακτόρων
2045 1136 2372 1208 ταττόμενον
2429 1134 2548 1189 κυνὶ
2607 1133 2801 1189 λέοντα
2862 1127 3276 1194 ἐκδεδίττεσθαι,
3320 1124 3408 1180 καί
3455 1145 3518 1198 γε
3566 1122 3696 1177 τού-

268 1230 556 1303 νυμφίους
585 1227 858 1302 ἱερολόγει
893 1225 1024 1303 διχα
1048 1234 1146 1296 τῆς
1175 1232 1272 1281 τοῦ
1321 1226 1741 1303 χαρτοφύλακος
1800 1247 1938 1299 προ·
2045 1248 2150 1280 των
2212 1223 2622 1279 ἀποκλινάντων
2698 1223 2833 1295 πρὸς
2898 1217 3124 1295 βασιλέα
3181 1215 3270 1270 διὰ
3323 1221 3422 1282 τῆς
3481 1212 3565 1266 ἐπὶ
3625 1215 3693 1285 τῇ

265 1326 518 1394 τροπῆς.
553 1318 656 1374 Καὶ
716 1316 872 1380 εὐθὺς
928 1317 1208 1385 ἀκουσθέν,
1260 1316 1334 1377 ὡς
1389 1317 1691 1391 πρόστιμον
1753 1315 1939 1388 ἐκείνῳ
2047 1314 2288 1388 τιμωρίᾳ
2316 1314 2684 1390 προσπαθείας
2744 1309 2912 1384 μηδὲν
2973 1309 3087 1364 οἷόν
3144 1327 3203 1361 τε
3253 1306 3385 1360 εἶναι
3441 1303 3531 1356 τὸν
3591 1321 3698 1354 πα-

266 1411 303 1477 ἡ
342 1415 450 1476 τῆς
480 1405 780 1480 ἱερωσύνης
810 1405 1090 1480 ἐπίσχεσις
1135 1407 1220 1474 ἦν.
1253 1410 1424 1460 Τοῦτο
1463 1410 1592 1480 γοῦν
1638 1405 1736 1460 οὐκ
1794 1403 1941 1476 ἔδοξε
2048 1404 2317 1479 τριάρχην
2376 1404 2494 1457 καθ’
2527 1402 2685 1456 αὑτὸν
2745 1397 2873 1454 ὄντα
2929 1397 3204 1472 πράττειν,
3251 1394 3341 1448 καὶ
3400 1389 3541 1445 οῧτω
3595 1409 3695 1442 καο

263 1503 534 1553 τοιοῦτον
568 1495 602 1567 ἤ
627 1519 676 1552 τι
713 1495 853 1552 ἄλλο
889 1497 1107 1571 μέτριον
1138 1502 1218 1568 τῷ
1249 1497 1466 1572 βασιλεῖ
1505 1496 1783 1572 ἀγγελθὲν,
1814 1495 1942 1551 ἀλλ’
2049 1499 2226 1548 κεῖνον
2308 1489 2594 1567 ὑποχαλᾷν
2675 1488 3081 1564 ἀναγκάζεσθαι.
3141 1487 3200 1541 Ὁ
3255 1486 3382 1557 γοῦν
3441 1474 3701 1572 σεϐάστο-

265 1588 590 1666 ἀερορισμὸς
651 1582 904 1660 ἄντικρυς
963 1590 1063 1639 τοῦ
1119 1586 1405 1661 βασιλικοῦ
1488 1585 1781 1661 κληρικοῦ.
1839 1587 1940 1642 Καὶ
2050 1584 2266 1658 κράτωρ
2325 1581 2544 1642 ἐπιστάς
2600 1577 2822 1652 ἕτοιμος
2877 1579 2944 1645 ἦν
3003 1575 3139 1630 κατὰ
3193 1575 3261 1627 τὰ
3309 1565 3703 1640 ἐπιτεταγμένα

267 1676 444 1741 εὐθὺς
486 1676 950 1750 (συνυπενόειγᾶρ
977 1675 1064 1730 καὶ
1098 1676 1188 1728 τὸν
1251 1674 1596 1751 πατριάρχην
1652 1677 1726 1737 ὡς
1785 1673 1942 1744 δῆθεν
2051 1671 2327 1745 πράττειν.
2384 1667 2544 1725 Ἀλλ’
2599 1669 2795 1724 ἐκεῖνοι
2853 1668 2950 1733 τήν
3025 1660 3217 1741 ἔφοδον
3279 1659 3703 1735 προαισθόμενοι

269 1757 1062 1837 συμπράξαντπ)ὑϐριοπαοῶν
1098 1763 1189 1815 οὖν
1244 1764 1359 1816 οἷον
1424 1763 1496 1823 ὡς
1560 1762 1942 1832 ὑπεροπτικῶς
1974 1764 2165 1850 Βᾶμα
2221 1760 2434 1836 γυναιξὶ
2492 1758 2581 1813 καὶ
2640 1757 2793 1812 παισὶ
2848 1757 2910 1811 τὸ
2963 1754 3111 1825 ἱερὸν
3169 1748 3592 1827 προφεύγουσιν,
3629 1745 3702 1805 ὡς

2481 1849 2484 1850 ,
2573 1847 2625 1850 __
2999 1844 3010 1850 -
3137 1838 3180 1850 ...
3232 1838 3246 1850 .
3317 1844 3338 1850 _
3493 1834 3506 1850 .
3655 1833 3666 1847 ε

272 1852 516 1926 ἔχοντος
552 1855 710 1922 θυμῷ
740 1851 806 1918 ἧν
841 1851 1100 1924 κάτοχος,
1135 1855 1218 1920 [Ρ.
1258 1853 1376 1922 151]
1409 1851 1498 1904 καὶ
1530 1850 1665 1926 ὀργὴ
1698 1852 1766 1918 ἦν
1809 1850 1945 1904 κατά
1974 1833 2022 1850 υ
2056 1851 2256 1914 ἐκεῖθεν
2313 1851 2414 1918 τήν
2467 1847 2688 1902 ἀσυλίαν
2745 1843 2974 1918 ἕξοντες.
2998 1844 3084 1903 Ὠς
3135 1838 3180 1895 δ’
3229 1838 3428 1898 ἐκεῖνος
3491 1833 3707 1892 ἐπιστὰς

271 1946 395 1997 τῶν
447 1948 544 2008 τῆς
579 1938 909 2008 Ἐκκλησίας
967 1941 1146 2008 κοινὴ,
1177 1939 1267 1993 καὶ
1325 1940 1400 2000 ὡς
1456 1941 1515 1996 Ὁ
1571 1940 1942 2014 πατριάρχης,
2056 1945 2132 2012 τῷ
2161 1944 2274 2012 ναῷ
2305 1938 2500 2010 ἐκσπᾷν
2535 1937 2784 2012 ἐπειρᾶτο
2821 1931 2960 2008 (ᾔδει
2996 1933 3101 2007 γάρ
3156 1923 3571 2005 βλαϐησόμενος
3625 1924 3700 1994 μὴ

272 2031 570 2105 κεκραγὼς
623 2027 1110 2104 ἑπῆγε,τεθέληκε
1169 2027 1259 2083 διά
1315 2033 1481 2083 ταῦτα
1529 2031 1719 2098 τὸτῆς
1789 2031 1944 2104 βασι-
2058 2030 2296 2100 ἀνύσας),
2347 2027 2485 2084 λέων
2542 2027 2607 2096 ἦν
2675 2025 2810 2099 μετά
2861 2023 3066 2101 ξίφους.
3122 2021 3183 2076 Ὀ
3242 2016 3300 2072 δὲ
3354 2013 3705 2105 πατριάρχης

275 2120 440 2182 λείας
499 2120 696 2194 κράτος
756 2117 1139 2189 ἐξονθενεῖσθαι
1203 2119 1292 2172 καὶ
1366 2119 1431 2172 τά
1496 2119 1614 2193 ἱερά
1679 2118 1949 2194 ἀνάκτορα
2060 2117 2255 2174 αὐτίκα
2338 2121 2729 2192 προσυπαντῶν
2791 2113 2878 2168 καὶ
2935 2107 3209 2184 ἐμϐριθῶς
3274 2105 3560 2176 ἀπέπεμπε
3613 2100 3705 2194 τρν

283 2188 667 2285 ἀφορίζεσθαι.
698 2188 801 2264 Ἦν
847 2208 945 2282 γάρ
998 2206 1084 2262 καὶ
1123 2210 1284 2260 τοῦτο
1316 2203 1520 2278 λῆμμά
1548 2188 1684 2282 πρὸς
1717 2209 1778 2261 τὸ
1809 2188 1948 2281 παρ-
2062 2207 2300 2275 ἐπιόντα,
2355 2188 2468 2274 καὶ,
2502 2230 2529 2257 ‹‹
2561 2205 2626 2263 Τί
2673 2202 2954 2268 παθόντες,
2990 2224 3017 2250 n
3075 2198 3280 2272 ἔλεγεν,
3318 2218 3346 2246 ι(
3386 2188 3706 2270 ὀφθαλμοὺς

292 2299 617 2370 ιστάμενον,
651 2297 734 2350 ὅτι
780 2295 928 2358 ἐντὸς
985 2300 1091 2350 τῶν
1145 2295 1454 2370 ἀνακτόρων
1513 2291 1700 2372 ἔτυχεν
1749 2297 1777 2350 ό
1818 2316 1948 2368 πρε-
2062 2297 2152 2350 καὶ
2187 2302 2375 2370 χεῖρας
2425 2295 2516 2349 καὶ
2567 2293 2732 2356 ἀκοὰς
2761 2292 3054 2365 ἡμετέρας,
3085 2286 3211 2348 τοὺς
3247 2285 3339 2357 μὶν
3389 2282 3710 2357 ἐκτυφλοῦν,

282 2381 576 2459 σὸύτερος,
605 2387 696 2440 ὅτε
755 2385 805 2439 οἱ
863 2385 958 2438 τοῦ
1007 2383 1432 2462 χαρτοφύλακος
1475 2385 1789 2458 πέμψαντος
1842 2383 1949 2440 διε·
2063 2387 2159 2446 τὰς
2201 2383 2247 2438 δ’
2278 2384 2556 2438 ἐκκόπτειν
2613 2386 2904 2450 πειρᾶσοε;
2936 2404 2963 2431 ››
3017 2372 3278 2432 ἐπεϐοᾶτο
3335 2371 3392 2427 δὲ
3441 2369 3529 2425 καὶ
3581 2368 3711 2424 Θεὸν

297 2476 544 2550 μηνύετο
603 2477 638 2544 ἡ
700 2473 1004 2549 ἐπίσχεσις.
1038 2473 1140 2530 Κάῖ
1200 2471 1266 2542 δη
1325 2475 1417 2527 τὸν
1471 2475 1564 2545 μὲν
1610 2476 1954 2550 πατριάρχην
2065 2475 2154 2530 καὶ
2200 2473 2518 2548 ἀνθρώπους
2571 2473 2646 2536 ὡς
2687 2469 2930 2526 ἀδικοῖτο
2978 2463 3474 2536 πλεονεκτούμενος
3507 2480 3518 2491 ’
3575 2455 3716 2530 μήδὶ

287 2567 406 2620 οὐκ
439 2567 583 2640 εἶχεν
619 2565 771 2628 ὅπως
799 2564 1087 2636 ἀμύνοιτο,
1121 2561 1293 2618 ἄλλον
1326 2559 1382 2616 δὲ
1411 2561 1611 2635 τρόπον
1659 2563 1953 2639 βαθύτερον
2066 2564 2167 2640 γάρ
2203 2560 2410 2617 δίκαιον
2459 2563 2589 2616 εἶναι
2639 2566 2755 2633 Θεῷ
2810 2557 3248 2634 καθιερωμένους
3304 2549 3499 2626 ἄνδρας
3559 2547 3715 2602 εὐθέ-

284 2657 380 2710 κάῖ
443 2656 538 2710 τὸν
592 2654 1073 2730 καταφρονήσαντα
1122 2653 1460 2726 ἀμυνεῖσθαι,
1495 2651 1538 2706 εἰ
1591 2651 1681 2706 καὶ
1722 2653 1814 2707 τὸν
1847 2673 1956 2708 πα-
2066 2665 2246 2718 νεσθάι
2277 2657 2590 2725 κοσμικοῖς.
2623 2652 2712 2712 Ὠς
2761 2647 2805 2704 δ’
2838 2647 3090 2723 ἀπεπάγη
3132 2646 3267 2721 πρὸς
3312 2645 3480 2697 ταῦτα
3531 2639 3559 2693 δ
3607 2637 3714 2712 πρὸ

283 2869 383 2922 24.
442 2867 514 2921 De
574 2865 738 2921 Vacca
793 2868 848 2919 et
894 2863 1173 2933 Xz’philino
1230 2861 1538 2934 primaria:
1589 2866 1954 2936 praefecturas
2064 2872 2259 2924 astute
2290 2871 2662 2924 commentus
2701 2870 2790 2922 est
2811 2881 2939 2920 eam
2972 2879 3201 2936 pcnnam
3236 2862 3308 2916 ab
3340 2861 3429 2915 sui
3457 2861 3715 2914 contem-

775 2938 834 2991 in
866 2936 1111 2992 Ecclesia
1141 2936 1482 3005 gerentibus.
2063 2963 2228 3030 more
2279 2957 2604 3030 repetendi,
2655 2973 2780 3027 qua;
2842 2953 3017 3010 simul
3061 2949 3408 3018 patriarcha;
3457 2947 3716 3002 dolorem

363 3044 629 3116 Contigit
660 3059 800 3115 poro
833 3041 1113 3114 quiddam
1148 3043 1205 3097 in
1242 3044 1384 3098 urbe
1419 3060 1534 3114 quo
1568 3045 1757 3115 magis
1788 3060 1952 3100 exas-
2063 3046 2361 3114 inureret;
2400 3047 2484 3102 sic
2507 3063 2568 3102 se
2600 3042 3190 3114 cumulateinjuriam
3223 3039 3532 3108 utriusque
3557 3035 3717 3090 ultu-

293 3137 608 3206 peraretur
640 3132 960 3202 imperator
980 3135 1037 3186 et
1066 3130 1137 3185 ad
1174 3129 1456 3186 ultionem
1501 3130 1850 3198 irritaretur,
1885 3147 1954 3186 ex
1985 3174 2028 3241 Ο
2062 3153 2194 3191 rum
2253 3140 2438 3206 ratus,
2473 3135 2764 3190 curriculo
2819 3132 2998 3187 mittit
3058 3131 3129 3186 ad
3197 3129 3714 3185 sebastocratorem

307 3239 404 3241 mh,
457 3221 601 3241 _____‘l
644 3225 900 3241 __-__1__..
941 3221 1154 3241 -u‘L--.”
1203 3224 1281 3241 --ι
1327 3219 1515 3241 2_____
1557 3219 1947 3241 ...ι..2,..1....Δ
2061 3226 2106 3241 rn
2223 3225 2232 3235 ο
2279 3225 2288 3234 ο
2437 3230 2446 3241 ι
2555 3240 2560 3241 ,
2629 3240 2634 3241 ,
2693 3222 2941 3241 ,,l‘__1__.-
2997 3219 3121 3241 --.ΛΑ
3186 3217 3280 3241 ---ξ
3331 3234 3356 3241 Α
3395 3233 3452 3241 ι.-
3488 3216 3713 3241 ε..ι«Α-.ΑΙ›

297 3239 418 3293 qua
449 3221 606 3292 quod
641 3225 906 3275 secutum
941 3221 1162 3274 malum
1197 3224 1286 3275 est
1327 3219 1521 3304 ipsum
1556 3219 1953 3291 patriarcham
1986 3216 2028 3241 υ
2061 3225 2398 3280 Tornicium
2433 3230 2571 3279 tunc
2611 3222 2950 3295 praefectum
2997 3219 3146 3286 urbi,
3182 3217 3283 3290 qui
3330 3234 3364 3272 a
3394 3233 3455 3271 se
3478 3216 3717 3286 juberet

299 3312 545 3384 oblique
575 3311 936 3384 perstrinxit,
973 3310 1265 3367 resiliente
1299 3312 1354 3365 in
1406 3311 1599 3382 ipsum
1635 3311 1960 3377 ignominia
2064 3316 2296 3370 diruere
2327 3314 2604 3370 continuo
2636 3313 2804 3367 illum
2833 3312 2986 3366 aedes
3009 3305 3482 3379 chartophylacis
3505 3308 3559 3359 et
3592 3319 3716 3358 ma-

298 3419 433 3473 quae
466 3401 601 3457 aliis
633 3401 1021 3472 irrogabatur.
1054 3400 1240 3456 Vecco
1261 3399 1730 3472 chartophylacis
1763 3400 1957 3471 digni-
2066 3404 2162 3476 gni
2224 3403 2529 3459 oecomonii
2582 3401 2730 3474 (erat
2775 3400 2889 3472 [hic
2933 3397 3274 3470 Xiphilinus
3331 3391 3716 3461 Theodorus),

297 3501 479 3548 tatem
496 3490 919 3558 obtinente,cui
945 3489 1502 3562 magistratuijuxta
1521 3507 1694 3546 usum
1715 3507 1780 3546 ac
1800 3490 1955 3562 leges
2067 3493 2308 3549 evellere
2330 3493 2599 3564 stirpitus
2617 3492 2818 3546 vineas
2848 3486 3468 3557 amborum,ipsosque
3495 3482 3717 3536 vinctos

298 3580 361 3636 id
401 3581 560 3651 juris
610 3580 890 3651 competit
941 3584 1007 3634 ut
1037 3579 1164 3635 sine
1215 3579 1377 3634 illius
1423 3586 1568 3635 nutu
1613 3585 1672 3636 et
1713 3596 1961 3636 assensu
2069 3583 2140 3638 ad
2173 3599 2235 3638 se
2267 3582 2516 3637 mittere.
2551 3581 2795 3636 Volebat
2826 3574 3474 3634 nimirumistaratione
3507 3576 3723 3626 terrere

305 3669 608 3742 nuptiales
639 3669 1076 3725 benedictiones
1103 3687 1214 3724 non
1239 3669 1962 3739 administrentur,sacer-
2070 3672 2246 3743 {quod
2279 3671 2470 3737 aiunt)
2503 3669 2733 3726 leonem
2783 3669 3047 3739 exemplo
3075 3665 3226 3721 male
3273 3662 3506 3718 multati
3540 3662 3721 3715 canis.

305 3763 416 3818 dos
439 3761 680 3834 quidam
721 3761 1141 3816 ministransin
1171 3761 1389 3832 templo
1426 3762 1617 3833 Magni
1640 3762 1848 3817 Palatii
1889 3762 1959 3817 ad
2073 3761 2359 3815 Futurum
2392 3764 2587 3815 autem
2648 3758 2922 3830 sperabat
2952 3761 3018 3812 ut
3047 3756 3108 3810 hi
3151 3751 3425 3826 supplicii
3460 3755 3614 3805 metu
3652 3751 3718 3804 ad

304 3852 566 3908 Pharum
592 3851 705 3907 sito
725 3851 962 3923 sponsis
984 3851 1280 3907 benedixit
1304 3869 1415 3907 non
1441 3853 1724 3924 requisito
1744 3852 1966 3907 charto-
2072 3851 2515 3921 obsequendum
2533 3847 2873 3920 imperatori
2889 3846 3279 3918 quodcunque
3300 3839 3725 3896 velletinclina-

306 3940 954 4012 phylacisassensu.Ea
975 3956 1032 3995 re
1057 3939 1252 3995 statim
1283 3941 1483 3995 audita
1507 3941 1554 3995 is
1587 3941 1644 3995 in
1672 3957 1901 4012 pmnam
1935 3957 1968 3995 a
2074 3944 2278 3995 rentur
2307 3957 2320 4006 ;
2351 3940 2506 4010 quod
2541 3939 2591 3994 si
2625 3937 2988 4009 contigisset,
3017 3951 3131 3990 non
3166 3933 3338 3988 modo
3366 3929 3511 3984 nihil
3543 3945 3721 3984 ausu-

305 4027 1469 4100 sacerdotiifunctionesuspensusestJd
1487 4029 1600 4084 sibi
1629 4029 1966 4084 nuntiatum
2076 4045 2206 4082 rum
2234 4026 2622 4099 patriarcham
2652 4025 2842 4081 solum
2863 4029 2920 4080 et
2936 4023 3190 4078 virorum
3216 4019 3417 4074 talium
3452 4019 3508 4072 in
3532 4022 3723 4087 partes

310 4117 640 4188 imperator
670 4117 943 4171 atrociter
974 4117 1394 4189 accepit,quasi
1415 4135 1482 4173 ea
1514 4135 1630 4173 non
1663 4117 1969 4174 mediocris
2076 4116 2363 4188 principis
2385 4117 2790 4170 traductorum
2817 4111 3403 4180 auxilioﬁestitutum
3438 4111 3639 4162 contra
3663 4121 3724 4161 se

307 4206 513 4280 aliqua
530 4207 912 4275 censura,sed
931 4223 1063 4263 vera
1080 4217 1135 4262 et
1153 4209 1968 4280 supremaexcommunicatio
2080 4222 2270 4278 agere,
2319 4206 2419 4260 sed
2453 4206 2628 4259 etiam
2673 4209 2938 4259 coactum
2971 4201 3040 4256 iri
3084 4201 3286 4255 cedere
3317 4203 3373 4252 et
3411 4197 3480 4251 de
3511 4195 3729 4250 duritia

307 4297 522 4352 fuisset
545 4296 686 4368 regii
706 4295 899 4351 clerici
925 4313 1027 4364 ;ac
1053 4297 1253 4352 statim
1287 4297 1624 4368 suspicatus
1656 4297 1715 4352 id
1747 4299 1966 4354 factum
2080 4296 2374 4352 remittere
2404 4294 2464 4348 in
2491 4310 2672 4349 causa
2693 4288 3338 4348 excommunicationis.
3357 4285 3726 4358 lgiturseba-

305 4389 548 4446 conscio
580 4391 637 4444 et
668 4391 1016 4460 cooperante
1047 4387 1400 4460 patriarcha,
1425 4389 1772 4461 gravissime
1789 4389 1968 4444 ott‘en-
2079 4389 2363 4442 stocrator
2385 4388 2594 4455 praesto
2617 4383 2815 4437 aderat
2830 4380 3062 4436 stansin
3089 4377 3726 4452 procinctnexsequen-

307 4496 409 4534 sus
440 4477 860 4545 est,contemni
881 4493 942 4533 se
969 4481 1154 4546 ratus,
1185 4477 1271 4532 ira
1299 4481 1694 4535 communiter
1731 4479 1886 4534 226
1909 4477 1968 4532 in
1997 4540 2031 4546 _
2081 4479 2138 4533 di
2171 4478 2756 4532 manrlata.Cseterum
2790 4475 2862 4530 de
2891 4475 3018 4545 ejus
3049 4473 3262 4528 infesto
3295 4471 3539 4525 adventu
3575 4485 3722 4539 prae-

310 4569 658 4624 universum
711 4565 1172 4623 ecclesiasticum
1225 4567 1487 4624 ordinem
1553 4569 1964 4624 exardescente
1995 4540 2041 4604 D
2073 4567 2316 4622 monitio
2351 4569 2522 4622 ambo
2554 4567 2637 4621 illi
2672 4582 2804 4621 cum
2836 4564 3116 4620 uxoribus
3149 4567 3206 4617 et
3233 4560 3434 4616 liberis
3464 4559 3535 4614 ad
3568 4560 3712 4615 227

310 4658 681 4726 vehementi;
705 4659 858 4714 unde
881 4659 940 4714 in
963 4658 1245 4714 clamores
1264 4659 1610 4731 erumpebat
1625 4660 1967 4714 vociferans:
2079 4656 2365 4728 templum
2389 4655 2887 4726 confugiuntjure
2917 4653 3036 4707 illic
3058 4651 3204 4724 asyli
3236 4651 3345 4705 tuti
3372 4649 3570 4705 futuri.
3600 4652 3722 4714 Quo

312 4772 336 4798 ιι
368 4748 594 4819 Nempe
627 4747 734 4802 hoc
767 4746 1098 4818 patriarcha
1128 4746 1213 4802 sic
1250 4745 1434 4802 voluit
1476 4752 1867 4803 consentanea
1897 4748 1969 4801 ad
2079 4745 2510 4801 sebastocrator
2555 4744 2807 4812 cognito,
2857 4747 3140 4815 reputans
3180 4758 3457 4814 magnum
3509 4740 3619 4796 sibi
3654 4739 3725 4795 ab

316 4837 484 4909 prius
532 4836 589 4891 in
643 4852 750 4890 nos
787 4835 1385 4891 contumelimissime
1427 4845 1610 4907 gesta,
1639 4840 1702 4888 ut
1746 4835 1971 4890 nullam
2082 4837 2434 4906 imperatore
2453 4835 2676 4888 malum
2700 4834 2876 4888 affore
2905 4833 3017 4888 nisi
3041 4831 3499 4904 quaeisjubebat
3525 4831 3728 4886 etl‘ecta

313 4925 686 4980 occasionem
712 4923 1621 4996 pratermitteretvilipendendae
1643 4928 1699 4979 et
1719 4929 1975 4979 contem-
2081 4925 2368 4993 redderet,
2402 4924 2460 4979 in
2504 4923 2790 4995 templum
2837 4939 2975 4979 ense
3024 4923 3226 4978 stricto
3275 4928 3339 4977 nt
3380 4921 3466 4977 leo
3500 4921 3730 4977 irruens

312 5020 416 5086 ptu
449 5019 714 5069 extremo
764 5013 1170 5069 conculcandze
1201 5014 1579 5085 imperatoria
1628 5011 1971 5083 maiestatis,
2081 5015 2380 5070 extrahere
2403 5015 2690 5070 illosinde
2713 5015 3462 5070 conabatur.Atoccurrens
3488 5013 3728 5085 patriar-

313 5103 473 5175 regia
495 5101 674 5157 etiam
707 5101 1000 5173 imperiali
1033 5102 1216 5158 sacris
1241 5103 1603 5174 prohibenda
1634 5102 1972 5157 interdicto-
2081 5103 2192 5158 oha
2223 5119 2353 5158 eum
2378 5105 2628 5175 graviter
2651 5105 2998 5175 increpitum
3026 5103 3260 5176 repulit,
3287 5127 3313 5152 ‹‹
3339 5104 3482 5168 Quid
3503 5102 3722 5171 vobis,»

312 5209 423 5263 quo
454 5191 903 5263 supponenda.»
923 5191 1974 5263 IIocdiCebat,quoniamintraimpe-
2080 5191 2376 5262 inquiens.
2426 5216 2452 5242 ‹‹
2486 5192 2742 5248 volentes
2773 5192 2974 5248 oculos
2998 5198 3054 5248 et
3087 5209 3294 5248 manus
3327 5197 3383 5248 et
3423 5208 3594 5246 aures
3621 5207 3721 5245 no-

317 5281 604 5338 ratorium
631 5279 916 5352 palatium
953 5281 1098 5337 forte
1133 5288 1401 5352 repertus
1431 5286 1522 5337 est
1552 5281 1822 5336 sacerdos
1855 5279 1972 5346 ille,
2083 5286 2257 5350 stras,
2292 5280 2424 5336 illos
2448 5282 2683 5352 quidem
2710 5300 2932 5348 eruere,
2965 5282 3110 5338 istas
3142 5288 3335 5336 autem
3378 5281 3722 5335 abscindere

317 5371 552 5441 quando
574 5369 624 5424 ei
652 5368 866 5424 missia
889 5368 1972 5442 chartophylacesententiamsuspen-
2083 5375 2378 5443 postremo
2411 5371 2516 5426 has
2539 5371 2840 5427 obstruere
2871 5371 3246 5428 conamini?»
3287 5370 3721 5439 testabaturque

319 5461 506 5517 sionis
554 5459 920 5516 intimarunt.
955 5461 1139 5516 Totus
1187 5477 1357 5531 porro
1391 5461 1616 5517 defixus
1663 5460 1723 5515 in
1754 5460 1972 5530 cogita-
2079 5459 2406 5516 vociferans
2438 5461 2613 5516 Deum
2643 5466 2699 5516 et
2721 5461 3013 5528 homines,
3051 5463 3168 5518 vim
3202 5461 3314 5517 sibi
3347 5477 3448 5530 per
3485 5457 3722 5516 sacrile-

322 5550 478 5606 tione
526 5550 820 5614 vindictte,
871 5548 1266 5620 patriarcham
1311 5555 1450 5605 tunc
1495 5550 1732 5620 quidem
1775 5549 1972 5620 ipsum
2079 5549 2512 5621 gaminjuriam
2538 5550 2916 5621 ﬁeri;neque
2945 5552 3100 5606 enim
3124 5554 3209 5607 fas
3231 5557 3350 5606 etse
3373 5552 3482 5605 Deo
3524 5565 3721 5606 sacros

323 5651 480 5696 recta
508 5639 570 5695 in
595 5639 830 5712 propria
855 5638 1056 5696 ulcisci
1076 5654 1331 5710 persona
1354 5655 1471 5696 non
1493 5638 1971 5713 valens,modum
2080 5638 2351 5694 homines
2381 5654 2416 5694 ο
2455 5637 2835 5694 saecularibus
2877 5639 3113 5711 corripi.
3164 5640 3482 5714 Obstupuit
3533 5643 3605 5700 ad
3654 5660 3722 5702 ea
