4018 6198
367 251 469 308 671

1674 252 1971 306 GEORGII
2009 249 2469 305 PACHYMERB

3629 259 3728 312 672

379 380 579 451 μικροῦ
613 375 916 450 ὖπέροφρυς
968 373 1042 436 ὡς
1099 372 1377 430 έκσπάσων
1426 374 1522 430 κᾶν
1573 372 1626 430 εἷ’
1673 395 1725 430 τι
1781 376 2014 450 γένοιτο,
2049 376 2098 443 Α
2133 394 2290 446 μενον
2350 372 2688 445 συμπαθείας
2746 371 2985 448 ἀνάγκην
3039 370 3205 450 ἔχειν,
3258 371 3354 431 κᾶν
3425 381 3548 451 γοῦν
3618 383 3729 454 πρὸς

369 470 488 525 τοῖς
522 467 615 534 μὲν
649 460 869 536 ἀνδράσι
900 463 961 517 τὸ
992 463 1135 538 ἱερὸν
1189 468 1449 518 πατοῦσιν
1510 465 1565 517 αἱ
1615 464 1780 536 ὁρμαὶ
1815 463 2022 517 ἀνεῖντο

375 554 450 624 μὴ
510 549 764 618 δεδιόσιν,
799 550 1006 612 ἐκεῖνος
1066 549 1122 606 δὲ
1179 554 1317 628 πρὸς
1372 553 1466 614 τὰς
1519 551 1693 614 οἷ’κῖας
1750 553 2024 628 τρέπεται.

369 638 671 712 Ἀμπέλοις
706 637 751 693 δ’
783 639 1053 705 ἐπιθέσθαι
1113 641 1216 696 οὐκ
1271 643 1360 712 ἦν,
1395 644 1477 696 ὅτι
1533 639 1650 696 οὐδ’
1700 642 1832 710 ἦσαν
1891 639 2029 695 ἐκεί-

369 748 490 789 νοις
516 725 759 800 ἄμπελοι
813 727 969 802 τῇδε.
1005 729 1179 787 Ἀλλὰ
1235 731 1324 785 καὶ
1377 736 1484 786 τῶν
1545 730 1730 785 οἷκιῶν
1792 727 2027 803 ἀποτρέ-

373 837 530 871 πεται
563 817 638 878 ὡς
677 819 752 889 μὴ
783 817 964 892 σφίσιν
997 817 1222 887 ἀληθῶς
1254 819 1451 889 οὐσῶν,
1485 817 1632 874 ἄλλά
1665 817 1880 891 μᾶλλον
1931 820 2030 886 τῆς

377 903 708 976 Ἑκκλησίας
740 906 1131 980 λογιζομένων.
1166 909 1541 985 Ἐκκρουσθεὶς
1575 908 1665 963 οὗν
1705 914 1823 969 τοῖς
1879 906 2033 970 ὅλοις

380 996 407 1049 ὁ
433 993 766 1068 έπιτιμητής
791 994 996 1058 ἐκεῖνος
1031 998 1234 1070 πέμπει
1292 997 1574 1070 Νικαίαζε,
1605 997 1695 1052 καὶ
1747 997 1815 1051 τὰ
1860 1016 2034 1070 προσ-

381 1085 687 1159 τεταγμένα
747 1084 832 1140 ἐπὶ
894 1092 1013 1148 τοῖς
1070 1092 1217 1164 σφῶν
1303 1091 1541 1160 κτήμασι
1626 1084 2029 1159 διαπράττεται.

382 1171 661 1236 Κωλυθεὶς
717 1171 773 1229 δὲ
821 1175 1167 1248 ἀποπέμπειν
1222 1174 1496 1249 δεσμίους,
1528 1177 1601 1238 ὡς
1651 1178 1685 1244 ἡ
1746 1173 2036 1250 πρόσταξις

386 1266 522 1338 εἶχε,
558 1260 914 1320 συνεϐούλευε
946 1266 1124 1344 σφίσιν
1159 1266 1352 1332 αὐτοὺς
1405 1267 1622 1329 ἀνέτους
1674 1267 1749 1328 ὡς
1811 1263 2035 1341 βασιλέα

384 1359 609 1429 χωρεῖν,
644 1357 707 1425 [Ρ
743 1357 864 1428 152]
922 1361 1018 1410 τοῦ
1077 1355 1296 1427 ἀληθῶς
1357 1357 1618 1432 φρουρίου
1661 1351 2032 1417 ἀποσπασθέν-

380 1463 500 1510 τας,
533 1442 607 1503 ὡς
638 1443 702 1510 ἦν
733 1445 760 1498 ὁ
811 1448 939 1507 ναὸς
997 1442 1263 1520 ἄντικρυς.
1302 1445 1630 1521 Ἀπολογίαν
1685 1445 1786 1520 γὰρ
1837 1443 2038 1498 ἐκεῖνον

383 1525 528 1606 ἔχειν
590 1533 725 1606 πρὸς
786 1533 1010 1608 βασιλέα
1059 1537 1158 1603 τήν
1193 1535 1419 1589 ἀσυλίαν
1451 1533 1548 1588 τοῦ
1578 1535 1728 1604 ἱεροῦ
1785 1533 1874 1587 καὶ
1933 1533 2032 1600 τήν

379 1623 477 1673 τοῦ
535 1623 880 1696 πατριάρχου
942 1620 1206 1691 κώλυσιν,
1237 1625 1324 1677 καὶ
1386 1624 1460 1685 ὡς
1516 1622 1711 1685 αὐτοὺς
1767 1621 1890 1686 εὐθὺ
1942 1625 2040 1676 τοῦ

388 1708 657 1783 βασιλέως
689 1711 974 1782 ὁρμῶντας
1000 1708 1278 1785 δεσμεύειν
1311 1711 1410 1766 οὐκ
1437 1713 1527 1786 ἦν,
1561 1713 1634 1776 ὡς
1690 1712 1817 1787 παρ’
1848 1709 2031 1772 αὐτοῖς

389 1797 658 1869 μενούσης
722 1805 822 1868 τῆς
886 1808 1207 1878 προσφυγῆς
1275 1806 1436 1856 τοῦτο
1518 1801 1609 1855 μὲν
1683 1805 1760 1872 τῷ
1810 1800 2029 1861 ἑκόντας

384 1886 709 1963 ἀποφοιτᾷν,
738 1889 898 1943 τοῦτο
932 1886 989 1944 δὲ
1013 1890 1103 1944 καὶ
1149 1890 1242 1944 τὸν
1289 1888 1638 1966 πατριάρχην
1693 1889 2033 1962 ἐπιτιμῶντα

383 1976 653 2054 ἀμφέπειν
711 1983 996 2054 πανταχοῦ
1055 1977 1364 2056 διάγοντας.
1419 1981 1646 2056 ΙΙροσέτι
1705 1977 1763 2034 δὶ
1826 1977 1915 2034 καί
1970 1977 2034 2032 τὸ

380 2071 480 2133 τῆς
529 2065 603 2126 εἷς
656 2066 884 2141 βασιλέα
931 2066 1206 2142 προσόδου
1256 2073 1452 2143 σχῆμα
1506 2071 1568 2124 τὸ
1627 2067 1843 2130 ἀνέτους
1902 2072 2037 2144 σφᾶς

384 2149 757 2228 διατηρεῖσθαι
816 2153 1053 2211 δίδωσι·
1088 2157 1383 2230 πρόσωπον
1438 2160 1539 2234 γὰρ
1597 2153 1868 2233 βασιλέως
1899 2155 2034 2220 θεώ-

386 2358 812 2431 perculsusque
865 2377 898 2414 a
953 2364 1142 2432 ccepto
1202 2361 1430 2416 destitit
1489 2360 1589 2433 qui
1651 2366 1811 2416 tanto
1872 2358 2035 2432 prius

386 2449 541 2503 fastu
587 2452 979 2503 extracturum
1033 2465 1095 2505 se
1144 2448 1461 2520 supplices,
1513 2450 1794 2520 quidquid
1845 2447 2036 2519 quivis

387 2541 590 2592 contra
622 2536 945 2602 moliretur,
997 2539 1374 2607 ostenderat;
1407 2555 1590 2608 eoque
1622 2555 1748 2593 sese
1793 2539 2035 2592 domum

387 2625 710 2696 recipiente
759 2641 820 2681 re
860 2625 1095 2695 infecta,
1128 2627 1351 2682 Veccus
1395 2632 1450 2682 et
1496 2628 1840 2700 Xiphilinus
1885 2627 2040 2680 intra

387 2716 556 2782 septa
585 2712 725 2767 tedis
757 2729 934 2767 sacrae
967 2714 1074 2768 tuti
1121 2714 1432 2786 securique
1472 2717 1861 2772 versabantur
1893 2740 1906 2782 ;
1937 2714 2039 2769 sed

390 2817 496 2856 nec
527 2801 726 2857 vincas
771 2803 1107 2859 exscindere
1150 2805 1360 2875 potuit,
1393 2822 1525 2860 cum
1567 2811 1771 2861 neuter
1803 2803 2040 2860 illorum

388 2890 586 2945 vineta
617 2891 774 2946 circa
807 2890 1375 2963 Constantinopolim
1412 2893 1690 2960 haberet;
1723 2893 1794 2947 ab
1825 2892 2041 2946 aedium

391 2995 627 3051 quoque
667 2979 883 3050 quibus
916 2976 1237 3036 utebantur
1286 2983 1662 3038 demolitione
1710 2981 2042 3054 prohibitus

390 3072 500 3138 est,
535 3069 882 3125 denuntiato
921 3069 1032 3142 ipsi
1065 3071 1220 3126 haud
1253 3088 1383 3128 esse
1411 3071 1543 3128 illas
1568 3072 1722 3143 juri
1752 3071 2039 3142 ipsorum,

393 3159 495 3213 sed
528 3158 821 3223 Ecclesiae,
856 3177 982 3230 quae
1029 3177 1200 3216 usum
1245 3161 1531 3216 duntaxat
1571 3161 1877 3216 habitandi
1916 3159 2041 3215 suis

391 3246 512 3302 illic
544 3247 834 3302 ministris
867 3249 1192 3318 precarium
1229 3250 1588 3305 concederet.
1619 3255 1770 3319 Ergo
1801 3249 1896 3304 hic
1925 3256 2042 3303 tam

393 3354 520 3392 scer
567 3337 721 3393 ultor
763 3339 1024 3408 undique
1072 3342 1344 3412 rejectus,
1397 3345 1455 3395 et
1497 3340 1724 3396 cunctis
1771 3341 2045 3395 exclusus

394 3442 523 3496 qua:
555 3429 827 3493 tentarat,
875 3444 944 3482 ne
978 3427 1122 3482 nihil
1173 3433 1388 3500 ageret,
1418 3429 1669 3484 Niczeam
1718 3433 1904 3484 certos
1938 3427 2046 3482 mi-

396 3512 476 3567 sit
507 3512 606 3583 qui
640 3513 697 3566 in
749 3513 986 3585 praediis
1040 3515 1288 3570 istorum
1339 3517 1397 3571 in
1429 3515 1530 3571 illo
1579 3517 1870 3572 territorio
1919 3515 2047 3571 sitis

398 3601 786 3657 vastationem
843 3603 913 3658 ab
959 3603 1309 3675 imperatore
1366 3605 1763 3678 prescriptam
1823 3621 2048 3660 exerce-

399 3695 550 3746 rent.
602 3689 748 3746 Cum
803 3696 997 3748 autem
1044 3693 1313 3764 nequiret
1361 3696 1593 3750 mittere
1639 3693 1771 3750 illos
1801 3693 2046 3761 vinctos,

400 3785 464 3836 ut
497 3780 683 3836 fuerat
709 3780 943 3851 jussus,
975 3783 1222 3838 suadere
1252 3782 1399 3854 ipsis
1441 3783 1658 3839 institit
1701 3788 1764 3838 ut
1795 3784 1946 3838 ultro
1978 3784 2048 3837 ad

401 3873 818 3940 imperatorem
887 3870 1179 3942 proﬁcisci
1247 3872 1485 3940 vellent,
1543 3872 1600 3927 id
1661 3872 2053 3929 communiter

401 3963 522 4014 tam
552 3959 697 4031 ipsis
725 3975 902 4032 quam
934 3959 1044 4016 sibi
1073 3961 1384 4018 consilium
1405 3978 1534 4018 esse
1558 3961 1700 4018 utile
1731 3962 2052 4029 disserens,

399 4048 679 4119 quoniam
713 4049 762 4104 si
805 4049 1066 4106 volentes
1115 4050 1228 4122 ipsi
1279 4068 1446 4108 sacro
1494 4051 1653 4124 asylo
1704 4051 2055 4108 absisterent

402 4137 655 4192 adeundi
688 4137 971 4209 principis
1000 4155 1200 4206 causa,
1235 4140 1443 4197 idonea
1475 4141 1584 4212 ipsi
1616 4142 1769 4213 apud
1801 4141 2052 4212 impera-

407 4230 591 4280 torem
624 4225 824 4281 futura
853 4232 1028 4292 ;esset
1058 4229 1355 4284 excusatio
1399 4229 1629 4286 omissae
1675 4229 2052 4301 comprehen-

405 4314 591 4370 sionis
621 4318 677 4369 et
706 4315 1138 4372 constrictionis
1159 4318 1423 4389 ipsorum
1457 4319 1568 4374 sibi
1602 4321 1674 4376 ab
1705 4336 1772 4376 eo
1803 4318 2057 4390 impera-

406 4408 500 4458 ιω.
533 4403 680 4458 Nam
715 4420 786 4459 ne
816 4403 948 4460 illos
980 4405 1134 4460 intra
1163 4407 1447 4479 templum
1482 4413 1737 4480 caperet,
1771 4407 2055 4464 sanctita-

406 4497 524 4547 tem
578 4491 687 4548 loci
735 4496 792 4548 et
843 4494 996 4550 228
1047 4495 1404 4552 occurrentis
1456 4513 1521 4552 ac
1572 4496 1910 4568 repellentis
1953 4513 2055 4568 pa-

404 4580 675 4637 triarchae
736 4583 1145 4639 auctoritatem
1207 4585 1600 4656 prohibuisse,
1663 4585 2057 4658 plausibiliter

405 4677 786 4728 oausaturum
839 4690 986 4730 sese.
1034 4678 1207 4730 Porro
1242 4675 1404 4747 ipsos
1455 4681 1665 4748 sponte
1716 4677 2059 4732 abdicantes

406 4759 653 4815 tutelam
687 4777 992 4818 sacrorum
1035 4764 1342 4835 adytorum
1399 4770 1462 4820 ut
1492 4765 1790 4820 communi
1821 4763 2056 4820 domino

407 4865 468 4904 se
503 4849 801 4922 sisterent,
837 4852 924 4907 fas
955 4853 1111 4908 haud
1143 4852 1326 4909 fuisse
1357 4854 1463 4910 abs
1481 4870 1544 4910 se
1576 4854 1786 4926 corripi
1814 4854 2059 4924 darique

407 4937 468 4992 in
501 4938 759 5007 vincula,
812 4940 978 4997 facile
1018 4943 1287 5014 quemvis
1335 4944 1551 5010 videre,
1587 4960 1691 4999 nec
1732 4944 2058 5014 imperato-

408 5043 532 5082 rem
582 5029 1014 5086 dubitaturum.
1069 5031 1306 5088 Plenam
1353 5032 1535 5105 igitur
1583 5033 1655 5088 ab
1704 5049 1766 5089 se
1819 5032 2057 5104 quidem

406 5116 529 5173 fore
561 5117 705 5190 ipsis
747 5121 1118 5183 securitatem
1151 5121 1434 5178 inviolatis
1471 5119 1780 5189 libertatis,
1826 5122 1870 5176 si
1904 5122 2059 5192 quod

409 5206 694 5264 suadebat
742 5209 1016 5266 facerent.
1053 5210 1292 5268 Nullum
1343 5215 1534 5268 autem
1587 5210 1658 5266 ab
1708 5209 1822 5264 alio
1853 5210 2060 5281 quovis

410 5298 794 5354 metuendum
828 5299 975 5371 ipsis
1007 5317 1133 5357 esse
1162 5300 1276 5357 tale
1325 5299 1654 5374 periculum
1689 5299 2059 5355 demonstra-

408 5385 530 5456 bat,
589 5385 676 5442 vel
736 5390 892 5461 quod
952 5398 1107 5447 recta
1156 5390 1534 5447 tendentibus
1605 5389 1677 5444 ad
1737 5385 2061 5459 principem

408 5494 580 5534 nemo
614 5480 901 5537 facessere
923 5482 1255 5538 molestiam
1287 5479 1550 5549 auderet,
1581 5476 1669 5534 vel
1699 5479 1839 5549 quia
1868 5477 2060 5534 decla-

378 5571 535 5624 -rato
567 5566 628 5624 in
658 5566 820 5640 ipsos
852 5569 1196 5643 patriarchae
1235 5567 1431 5642 palam
1474 5564 1836 5640 protegentis
1865 5573 2059 5640 patro-

2131 461 2296 536 ὥραν,
2327 467 2444 523 τοῖς
2477 459 2844 536 κατακρίτοις.
2877 464 3058 518 Ταῦτα
3113 463 3202 517 καὶ
3256 465 3322 518 τὰ
3366 465 3569 527 τούτοις
3595 467 3733 540 ὅμοια

2131 548 2308 624 λέγων
2342 545 2519 605 ἔπειθὲ
2550 571 2607 604 τε
2635 550 2763 612 τοὺς
2796 549 2988 624 ἄνδρας
3044 550 3349 629 ἀποφοιτᾷν
3398 575 3455 607 τε
3497 559 3585 608 τοῦ
3629 564 3733 612 ναοῦ

2129 640 2217 694 καὶ
2280 639 2415 714 πρὸς
2484 636 2710 713 βασιλέα
2768 644 2996 714 χωρεῖν.
3053 641 3150 693 Καὶ
3208 638 3274 709 δὴ
3333 642 3474 716 παρὰ
3509 640 3611 697 ’τοῦ
3653 668 3736 700 πα.

2129 727 2398 804 τριάρχου
2459 726 2868 802 έκχωρηθέντες
2951 725 3107 798 δόξαν
3190 735 3435 784 συνοῖσον
3509 731 3640 809 σφίσι
3687 736 3735 790 τὸ

2132 815 2383 871 ἀπελθεῖν
2431 816 2518 889 (τά
2571 817 2672 891 γὰρ
2724 811 3004 889 συμϐάντα
3059 817 3273 880 τούτοις
3321 820 3508 894 πικρὰ,
3550 823 3631 875 καὶ
3682 825 3739 886 ὡς

2135 905 2182 960 εἴ
2213 903 2300 959 ἐπὶ
2331 905 2654 966 καθοσιώσει
2710 905 3024 978 εὐθύνοντο)
3057 904 3211 969 εὐθὺς
3264 913 3386 969 ταῖς
3438 912 3533 962 τοῦ
3586 911 3741 986 ἱερέως

2136 991 2540 1072 ἐφοδιασϐέντες
2573 991 2762 1068 εὐχαῖς
2792 1015 2851 1048 τε
2881 994 2971 1048 καὶ
3022 993 3296 1070 εὐλογίαις
3354 1003 3452 1066 τῆς
3499 999 3623 1071 πρὸς
3662 1001 3740 1067 τήν

2137 1080 2536 1152 Θεσσαλονίκην
2571 1082 2840 1158 φερούσης
2872 1084 3154 1138 ἅπτονται.
3187 1087 3254 1142 Ἀ
3309 1086 3404 1157 μὲν
3456 1084 3541 1140 οὖν
3591 1087 3743 1160 ἐπιμί-

2138 1171 2282 1241 ξασιν
2342 1172 2568 1233 ἐκείνοις
2628 1170 2996 1246 Θεσσαλονίκῃ
3026 1173 3118 1227 καὶ
3182 1173 3401 1248 βασιλεῖ
3429 1175 3745 1251 προσελθοῦσι

2139 1256 2361 1330 συνέϐη,
2394 1261 2455 1315 οὐ
2508 1266 2602 1315 τοῦ
2659 1261 2927 1336 παρόντος
2980 1261 3158 1336 λέγειν
3205 1267 3422 1338 καιροῦ.
3455 1263 3596 1333 Πλὴν
3627 1266 3748 1319 siti-

2142 1352 2278 1404 σαντ’
2309 1348 2370 1404 ἄν
2401 1351 2582 1412 τιςὼς
2611 1349 2710 1404 οὐκ
2755 1348 2812 1404 ἂν
2874 1351 2929 1405 εὗ
2988 1350 3188 1405 ἐκεῖθεν
3249 1350 3467 1424 ἔπαθον,
3499 1352 3540 1407 εἷ
3593 1355 3655 1426 μή
3703 1375 3750 1428 γε

2141 1439 2494 1514 θεραπεύουσι
2523 1440 2615 1494 τὸν
2647 1440 2832 1514 καιρὸν
2895 1436 3090 1511 συνέϐη
3151 1444 3321 1495 ταῦτα
3377 1444 3577 1497 παθεῖν.
3605 1445 3749 1499 Τοῦτο

2144 1525 2190 1581 δ’
2221 1528 2286 1597 ἦν
2323 1532 2672 1599 μεμονῶσθαι
2713 1529 2805 1583 τὸν
2867 1527 3215 1603 πατριάρχην
3270 1531 3672 1603 ὑποκλιθὲντων,
3696 1530 3753 1591 ὡς

2143 1615 2232 1671 καὶ
2262 1621 2368 1670 τῶν
2401 1615 2609 1686 ἄλλων,
2643 1617 2881 1671 ἐκείνων.

2066 1751 2112 1816 Β
2143 1769 2234 1824 ιε’.
2267 1769 2342 1822 Τά
2367 1767 2613 1842 περὶτοῦ
2644 1767 2874 1823 σουλτάν
2909 1767 3220 1845 ’ᾼζατίνου,
3253 1769 3346 1822 καὶ
3403 1769 3468 1824 τὰ
3511 1770 3625 1845 περὶ
3667 1775 3750 1824 τῶν

2817 1840 3103 1915 Τοχάρων.

2219 1977 2282 2049 [Ρ
2313 1977 2435 2047 153]
2471 1971 2838 2044 ’Δναληπτέον
2893 1973 2984 2029 καὶ
3040 1975 3101 2030 τὸ
3159 1979 3260 2030 τοῦ
3321 1975 3754 2046 σουλτάνἋζατί-

2144 2083 2266 2132 νου,
2299 2063 2358 2124 ὃς
2412 2063 2580 2136 μοῖρά
2626 2081 2710 2124 τις
2755 2061 2942 2137 γέγονε
2997 2059 3278 2137 δυστυχής
3313 2061 3622 2132 Μακεδόσιν,
3649 2063 3755 2119 εἴπω

2148 2150 2206 2207 δὲ
2229 2151 2319 2206 καὶ
2377 2152 2563 2228 Θρᾳξὶ,
2593 2151 2684 2206 καὶ
2731 2154 2794 2207 τὸ
2849 2155 2945 2206 τοῦ
3002 2155 3258 2226 κομήτου
3309 2153 3650 2230 προάγγελμα
3696 2155 3756 2218 εἷς

2143 2354 2296 2410 cinio
2329 2353 2439 2410 tuti
2473 2353 2691 2426 ubique
2731 2353 3113 2426 inviolatique
3141 2355 3331 2412 futuri
3382 2361 3585 2424 essent,
3613 2361 3752 2412 tanta

2144 2443 2306 2499 illius
2377 2460 2441 2498 ac
2516 2446 2635 2498 tam
2704 2443 3059 2499 venerabilis
3143 2450 3420 2518 respectu
3477 2445 3754 2517 potestatis.

2145 2532 2404 2604 Denique
2451 2536 2765 2604 postquam
2796 2550 2862 2588 eo
2909 2526 3340 2605 pervenissent,
3368 2534 3492 2607 ipso
3537 2534 3680 2590 vultu
3707 2550 3754 2588 ac

2147 2624 2460 2692 conspectu
2489 2621 2778 2693 principis
2799 2622 3198 2678 certissimum
3229 2624 3456 2679 aciebat
3469 2627 3754 2695 accepturos

2148 2710 2310 2783 ipsos
2361 2711 2573 2766 salutis
2618 2715 2674 2765 et
2728 2711 3065 2767 securitatis
3117 2712 3379 2784 pignus;
3413 2729 3542 2768 nam
3589 2712 3754 2767 faciem

2151 2798 2521 2870 imperatoris
2552 2815 2746 2854 coram
2780 2799 2868 2855 vel
2891 2801 2963 2855 ad
2997 2806 3369 2856 momentum
3400 2800 3576 2857 oculis
3603 2799 3759 2869 objec-

2149 2891 2270 2944 tam
2329 2888 2530 2960 gratias
2562 2905 2629 2944 ac
2677 2889 2855 2944 venia:
2887 2906 3027 2961 erga
3078 2890 3403 2960 intuentes,
3453 2890 3614 2946 etiam
3643 2905 3757 2960 pra.

2153 2978 2464 3032 damnatos
2518 2994 2665 3044 reos,
2717 2979 3116 3034 necessariam
3167 2995 3415 3035 causam
3455 2978 3752 3034 existimari.

2157 3067 2284 3120 llaec
2315 3070 2371 3120 et
2393 3066 2570 3137 hujus
2589 3066 2896 3122 sententiae
2928 3065 3043 3122 alia
3073 3083 3208 3122 cum
3237 3067 3532 3139 allegaret,
3565 3081 3756 3138 persua-

2155 3153 2229 3208 sit
2261 3155 2415 3225 quod
2447 3153 2702 3221 volebat,
2745 3154 3040 3224 siquidem
3091 3155 3176 3210 illi
3209 3155 3571 3212 conducibile
3599 3154 3645 3208 id
3671 3151 3757 3206 sibi

2152 3241 2418 3297 futurum
2455 3243 2585 3310 rati,
2613 3243 2959 3313 patriarchae
2992 3243 3051 3298 in
3108 3245 3164 3298 id
3199 3244 3315 3299 iter
3345 3259 3577 3299 assensu
3607 3241 3755 3310 impe-

2152 3335 2326 3398 trato,
2355 3331 2559 3403 templi
2591 3332 2884 3403 refugium
2919 3331 3252 3404 relinquere
3275 3334 3462 3403 adque
3490 3333 3757 3402 imperato-

2155 3443 2279 3482 rem
2312 3441 2374 3481 se
2405 3426 2668 3481 conferre
2699 3427 3102 3495 decreverunt,
3136 3426 3321 3482 etiam
3354 3426 3488 3481 inde
3518 3423 3752 3480 allucente

2157 3530 2468 3570 successus
2499 3515 2555 3568 in
2603 3512 2704 3568 tali
2751 3512 2996 3569 consilio
3046 3529 3170 3585 spe,
3225 3515 3385 3585 quod
3430 3507 3760 3569 satisintelli-

2157 3610 2358 3676 gerent
2385 3621 2452 3659 ea
2510 3620 2638 3675 quas
2685 3603 2746 3658 in
2777 3603 2938 3674 ipsos
2995 3609 3110 3658 tam
3162 3605 3373 3660 acerbe
3415 3608 3538 3659 acta
3583 3602 3757 3665 essent,

2159 3696 2391 3752 decreta
2447 3712 2576 3751 esse
2636 3695 2707 3750 ab
2767 3694 3108 3767 imperatore
3163 3696 3449 3751 arbitrato
3492 3693 3642 3748 utilia
3682 3689 3757 3743 illa

2160 3803 2290 3843 esse
2337 3786 2698 3842 emolliendzs
2721 3785 2958 3841 duritiei
2981 3785 3332 3858 patriarcha;
3356 3791 3411 3841 et
3433 3779 3754 3856 impetranda

2162 3877 2232 3932 ab
2283 3891 2349 3931 eo
2399 3892 2517 3931 sua:
2560 3875 2749 3946 ipsius
2818 3874 3297 3931 reconciliatonis
3342 3891 3474 3930 cum
3531 3869 3756 3927 Ecclesia.

2161 3965 2367 4020 Statim
2399 3964 2600 4035 igitur,
2635 3965 2780 4019 bene
2813 3969 3087 4035 precante
3117 3965 3267 4035 ipsis
3300 3964 3360 4018 in
3411 3964 3651 4035 digressu
3681 3972 3754 4028 pa-

2162 4053 2420 4110 triarcha
2466 4061 2519 4107 et
2569 4053 2722 4108 viam
2765 4052 2916 4108 votis
2965 4057 3380 4125 prosequente,
3434 4043 3756 4108 Thessaloni-

2163 4158 2290 4197 cam
2323 4157 2526 4196 versus
2558 4141 2976 4212 profectionem
3020 4145 3431 4213 susceperunt.
3464 4138 3598 4206 Quid
3624 4147 3757 4207 porro

2163 4231 2333 4303 ipsis,
2393 4233 2703 4301 postquam
2749 4245 2815 4285 eo
2867 4235 3260 4301 pervenerunt
3302 4235 3360 4286 et
3401 4230 3755 4300 imperatorem

2165 4321 2458 4389 adierunt,
2492 4318 2822 4391 contigerit,
2853 4335 2970 4374 non
3004 4319 3185 4387 hujus
3211 4325 3304 4375 est
3330 4316 3595 4389 temporis
3623 4311 3758 4367 refer-

2165 4426 2244 4466 re.
2280 4413 2562 4463 Craterum
2597 4407 2782 4462 facilis
2814 4408 3202 4477 prudentibus
3237 4409 3560 4478 conjectura
3585 4413 3758 4472 sugge-

2166 4502 2254 4554 ret
2283 4497 2740 4568 haudquaquam
2773 4496 2904 4552 illos
2935 4497 3258 4568 quidquam
3281 4496 3478 4568 gratias
3505 4497 3596 4549 aut
3622 4492 3757 4544 bene-

2169 4586 2286 4642 ficii
2320 4585 2503 4640 fuisse
2548 4585 2620 4640 ab
2654 4585 3003 4656 imperatore
3052 4589 3418 4657 accepturos,
3466 4581 3568 4638 nisi
3613 4591 3758 4650 quan-

2166 4683 2294 4731 tum
2339 4674 2658 4746 promereri
2702 4674 3078 4745 obsequendo
3132 4678 3447 4745 potuerunt
3493 4667 3757 4726 servientes

2170 4764 2460 4836 tempori;
2513 4764 2668 4818 unde
2719 4764 2966 4835 contigit
2995 4763 3175 4834 (quod
3235 4763 3291 4817 in
3354 4760 3548 4834 primis
3596 4753 3760 4811 avebat

2168 4855 2665 4926 imperatortanto
2689 4852 2879 4924 magis
2911 4851 3100 4907 solum
3126 4849 3378 4922 relinqui
3397 4844 3758 4922 patriarcbam,

2172 4944 2323 5000 229
2361 4942 2453 4998 his
2479 4957 2729 5013 quoque,
2763 4939 2938 4996 sicuti
2983 4941 3109 5010 jam
3143 4939 3241 4995 alii
3274 4939 3536 5004 fecerant,
3566 4933 3628 4988 ad
3657 4944 3755 5002 par-

2171 5036 2259 5088 tes
2290 5031 2662 5103 imperatoris
2693 5028 3162 5085 transeuntibus.

2415 5175 2503 5229 25.
2536 5175 2608 5229 De
2628 5174 2844 5229 saltans
2866 5170 3102 5228 Ακαίίηο
3130 5173 3181 5226 et
3211 5170 3272 5225 de
3302 5166 3561 5224 Tocharis.

2243 5299 2616 5357 Resumenda
2659 5315 2816 5354 nunc
2883 5302 2973 5354 est
3021 5297 3246 5352 naratio
3309 5307 3496 5349 rerum
3552 5280 3753 5344 sultanis

2169 5387 2414 5456 Azatini,
2451 5387 2550 5460 qui
2578 5388 2762 5444 fatum
2794 5386 2964 5443 triste
2981 5388 3158 5456 atque
3179 5382 3488 5440 infaustum
3511 5373 3751 5450 quoddam

2171 5477 2592 5535 Macedonibus
2622 5476 2848 5534 exstitit
2867 5475 2958 5532 aio
3010 5475 3190 5531 etiam
3233 5469 3571 5537 Thracibus;
3597 5469 3755 5532 etquw

2169 5565 2317 5624 laeva
2359 5581 2627 5638 saevaque
2674 5565 2875 5623 minax
2915 5566 3148 5620 cometa
3197 5557 3551 5634 portenderat
3586 5549 3750 5611 eventu
