4018 6198
211 265 317 322 673

1278 271 1375 324 DE
1415 270 1785 324 MICHAELE
1826 273 2272 334 PALBOLOGO
2309 282 2442 336 LIB.
2487 283 2586 340 III.

3531 301 3640 358 674

217 386 436 446 ἔκϐασιν
481 385 632 454 ἔθετο
683 390 937 466 προφανῆ
965 431 978 445 .
1028 389 1273 453 Ἐκεῖνος
1322 391 1419 465 γὰρ
1479 391 1566 446 ἐπὶ
1614 391 1872 449 πλεῖστον
1905 399 1957 464 Α
1985 398 2184 472 γνόειν,
2218 403 2278 457 τὸ
2311 411 2552 478 κρεῖττον
2586 417 2684 478 τῆς
2726 409 2874 478 λείας
2921 415 3008 470 καὶ
3059 416 3218 472 αὐτὸν
3269 417 3636 498 διαφερόντως

256 484 282 494 η’
343 485 386 498 vr
643 477 655 498 Ι
705 497 709 498 ,
827 497 839 498 κ
855 496 866 498 _
889 497 897 498 κ
987 497 992 498 ,
1015 497 1018 498 ν
1127 476 1140 494 λ
1329 478 1342 496 ‘
1399 479 1412 498 Q
1551 477 1562 498 Ι
2000 487 2013 498 ς
2145 487 2154 498 ι
2368 495 2384 498 -
2404 497 2413 498 κ

215 484 285 552 τῇ
341 477 757 533 Κωνσταντίνου
802 476 1210 548 προστετηκὼς,
1256 478 1344 532 καὶ
1392 477 1658 554 ὁσημέραι
1709 501 1883 556 προσ.

215 567 398 623 δοκῶν
448 566 730 637 ἐπανήξειν
779 566 896 637 μεθ’
945 566 1028 620 ὅτι
1081 565 1344 636 πλείστης
1393 566 1608 642 ἰσχύος,
1654 569 1766 624 ἐπεὶ
1819 572 1880 626 τὸ

216 659 229 674 9
327 656 340 672 ς
442 656 452 675 ν
605 655 618 674 ν
680 654 690 669 ο
973 651 1036 672 νὴ
1191 656 1204 674 \
1306 657 1325 670 ν
1540 658 1552 674 \
1830 663 1838 676 ο

213 679 264 712 εν
323 657 539 711 ελπισιν
595 675 912 729 απεγνωστο
945 658 1086 725 (ῃοει
1145 677 1246 731 γαρ
1300 655 1447 710 αλλα
1499 679 1593 712 τον
1656 659 1881 733 βασιλεα

210 744 762 821 πραγματευόμενον,
815 744 904 797 καὶ
964 744 1025 798 τὸ
1083 743 1250 813 κῆδος
1306 738 1484 799 ἔπειθε
1530 746 1591 800 τὸ
1623 749 1756 821 πρὸς
1788 748 1876 802 τὸν

214 838 457 910 Ἀπαγᾶν
519 835 593 896 ὡς
653 832 830 887 οὐκέθ’
890 832 1340 908 ὑποστρέψειεν),
1399 834 1568 910 εὑρὼν
1625 841 1702 908 τῷ
1757 837 1880 890 τότε

208 926 401 1000 καιρὸν
449 923 508 978 ὅν
558 927 592 993 ἡ
643 927 739 977 τοῦ
789 922 1062 998 βασιλέως
1109 923 1305 978 ἀπουσί
1366 921 1551 978 δεοντά
1583 926 1633 978 οἳ
1688 932 1880 1002 παρεῖ-

211 1037 329 1092 χεν,
366 1014 725 1088 διαμηνόεται
757 1018 864 1068 τῶν
897 1035 1005 1068 τινι
1039 1019 1337 1088 συγγενῶν,
1389 1013 1622 1087 ἐπιδόξῳ
1652 1037 1712 1091 γε
1763 1038 1875 1071 οντι

207 1106 350 1160 κατᾶ
405 1106 474 1159 τὰ
531 1105 670 1178 πρὸς
729 1100 928 1179 ἄρκτον
991 1106 1128 1179 μὲρη
1186 1109 1283 1158 τοῦ
1338 1104 1585 1177 Εὐξείνου
1647 1105 1875 1173 πόντου,

211 1196 483 1252 δυσωπῶν
531 1195 801 1267 ἐπαμῦναί
853 1197 906 1249 οἱ
973 1193 1220 1270 ἀσιδήρῳ
1276 1195 1680 1270 πεφυλαγμὲνῳ
1735 1198 1880 1274 παρὰ

207 1287 362 1366 φίλῳ
390 1289 471 1360 τῷ
522 1284 758 1362 βασιλεῖ,
803 1282 956 1339 οὐδὲν
989 1285 1194 1360 ἐχθροῦ
1227 1283 1557 1363 διαφέροντι.
1593 1289 1743 1344 Εἶναι
1775 1289 1877 1364 γὰρ

207 1378 429 1450 ἐκείνῳ,
460 1377 504 1431 εἰ
559 1375 818 1450 βούλοιτο
872 1375 1114 1449 βοηθεῖν,
1164 1375 1434 1439 συνελθεῖν
1486 1379 1880 1450 Κωνσταντίνῳ

213 1467 303 1522 καὶ
369 1463 672 1520 σπεύδοντα
729 1469 1062 1536 παροτρῦναι
1117 1467 1254 1540 πρὸς
1301 1468 1400 1535 τὴν
1453 1471 1550 1520 τοῦ
1611 1466 1879 1540 βασιλέως

212 1558 493 1622 ἰπίθεσιν.
554 1556 658 1611 Καὶ
703 1555 861 1609 αὐτὸν
923 1554 1238 1627 οἰκονομεῖν
1296 1558 1422 1629 παρ’
1472 1555 1672 1610 ἐκεῖνον
1726 1557 1877 1626 ἰέναι,

207 1648 297 1703 καὶ
367 1647 543 1708 οὕτως
575 1645 766 1718 ἐκείνῳ
816 1645 1045 1700 συνόντα
1095 1645 1220 1721 ῥᾷον
1277 1652 1397 1708 καθ’
1455 1644 1580 1700 ὁδὸν
1637 1645 1878 1701 ἐκπεσεῖν

210 1736 290 1796 εἰς
325 1741 520 1810 χεῖρας
555 1733 800 1796 ἐκείνοις.
853 1732 903 1787 εἷ’
953 1733 1114 1806 μόνον
1165 1736 1443 1809 Τοχαροις
1493 1735 1718 1806 συνεξίοι
1770 1737 1883 1808 ἅμα
1916 1760 1960 1823 Β

213 1826 620 1897 Κωνσταντίνῳ
672 1824 805 1897 μετὰ
854 1823 1202 1898 Βουλγάρων.
1249 1825 1351 1879 Καὶ
1409 1823 1460 1877 εἴ
1513 1825 1605 1896 μὲν
1643 1825 1760 1896 ἁλῷ
1789 1826 1880 1879 καὶ

209 1915 379 1976 αὐτὸς
429 1912 724 1988 βασιλεὺς,
775 1913 830 1966 εὗ
878 1912 1012 1967 εἶναι
1059 1919 1175 1973 τοῖς
1226 1911 1686 1984 ἐπιθησομένοιγ
1739 1914 1785 1967 εἰ
1836 1913 1883 1967 δ’

211 2008 338 2073 οὖν,
390 2002 539 2059 ἀλλὰ
588 2003 736 2058 λείαν
769 2000 1244 2079 περιϐαλομένους
1283 2000 1544 2072 πλείστην
1592 2001 1746 2073 ὅσην,
1803 2000 1882 2058 ἔτι

212 2093 269 2150 δὲ
326 2095 414 2148 καὶ
463 2097 569 2148 τῶν
618 2096 716 2146 τοῦ
766 2090 1032 2166 βασιλέως
1062 2089 1248 2146 πολλὰ
1293 2086 1561 2154 λαϐόντας
1595 2091 1885 2161 ἐπαναζευ-

213 2291 557 2360 manifesto,
578 2289 816 2362 pernice
848 2288 1084 2360 publica
1117 2288 1385 2360 patravit.
1420 2289 1524 2344 Hic
1575 2294 1884 2361 postquam

224 2382 327 2438 diu
366 2380 522 2452 apud
579 2376 1153 2449 Constantinopolim
1194 2378 1438 2433 tadiosa
1483 2379 1887 2434 eontabuisset

226 2487 418 2537 mora,
453 2470 513 2523 in
564 2467 689 2522 dies
746 2471 1086 2538 exspectans
1126 2466 1326 2521 reduci
1384 2483 1446 2521 se
1489 2483 1624 2521 cum
1672 2483 1886 2539 magno

228 2559 497 2616 exercitu
557 2558 618 2611 in
678 2555 996 2623 Persidem,
1049 2555 1149 2609 ubi
1202 2572 1338 2627 spes
1385 2557 1512 2624 ejus
1564 2555 1642 2609 rei
1693 2556 1886 2612 omnis

227 2647 526 2705 exstincta
556 2645 669 2718 ipsi
704 2644 973 2700 funditus
1003 2648 1114 2714 est,
1147 2650 1271 2698 tum
1305 2643 1482 2716 longa
1521 2645 1887 2701 infinitarum

233 2738 693 2794 frustrationum
732 2734 1110 2805 experientia,
1151 2737 1276 2789 tum
1312 2735 1560 2790 maxime
1591 2736 1745 2806 quod
1775 2753 1888 2791 non

227 2829 535 2900 ignoraret
585 2825 688 2896 qui
747 2841 879 2878 cum
939 2823 1062 2878 suis
1113 2821 1385 2878 hostibus
1418 2823 1568 2878 clam
1620 2828 1893 2880 tractaret

229 2919 580 2987 imperator,
614 2917 673 2968 et
730 2913 919 2968 fcedus
969 2914 1038 2967 ab
1080 2929 1145 2967 eo
1197 2911 1376 2966 ictum
1432 2929 1566 2967 cum
1615 2916 1890 2984 Apagane

226 3011 607 3076 compertum
641 3003 903 3070 haberet,
938 3002 1090 3057 unde
1131 3001 1278 3057 satis
1327 3001 1616 3057 intellexit
1665 3003 1889 3059 nullam

230 3095 345 3150 sibi
380 3091 672 3149 redeundi
705 3107 962 3162 unquam
1013 3090 1269 3162 amplius
1301 3092 1373 3145 ad
1408 3090 1693 3146 amissum
1728 3093 1890 3163 prin-
1919 3123 1961 3189 C

229 3187 498 3257 cipatum
565 3181 850 3254 reliquam
898 3197 1027 3236 esse
1061 3181 1338 3236 fiduciam
1398 3181 1630 3252 debere,
1678 3187 1888 3238 nactus

227 3273 675 3330 accomodatam
711 3271 832 3326 suis
889 3270 1217 3325 rationibus
1248 3270 1639 3337 occasionem,
1671 3272 1885 3334 absen-

229 3365 372 3419 tiam
404 3360 808 3434 imperatoris,
844 3359 1057 3431 allegat
1091 3360 1271 3414 fidum
1303 3360 1411 3415 sibi
1459 3361 1756 3416 hominem
1815 3363 1886 3416 ad

229 3453 557 3526 quemdam
577 3468 607 3506 e
633 3449 899 3521 cognatis
929 3449 987 3503 in
1022 3449 1457 3519 septentrionali
1484 3449 1688 3503 Euxini
1724 3451 1888 3505 Ponti

229 3546 432 3596 tractu
467 3543 910 3610 praepotentem,
935 3553 1109 3592 orans
1138 3542 1203 3592 ut
1233 3537 1345 3591 sibi
1390 3537 1726 3592 subveniret
1748 3538 1892 3592 citra

229 3633 464 3687 ferrum
495 3634 555 3683 et
586 3625 819 3681 vincula
849 3625 1119 3681 custodia
1149 3626 1385 3680 detento
1436 3626 1508 3680 ab
1541 3626 1890 3697 imperatore

230 3719 431 3774 amico
469 3719 527 3772 in
562 3715 836 3788 speciem,
868 3731 1069 3770 revera
1099 3713 1249 3768 nihil
1281 3715 1353 3770 ab
1377 3714 1544 3770 hoste
1564 3715 1888 3771 diii‘erente.

228 3815 418 3865 Posse
450 3808 607 3862 enim
631 3805 799 3860 illum
821 3803 1009 3869 facile,
1029 3804 1076 3858 si
1095 3803 1294 3871 vellet,
1323 3804 1591 3859 auxiliari
1616 3805 1726 3859 sibi
1753 3822 1893 3876 opes

228 3915 371 3955 cum
433 3895 820 3951 Constantino
880 3895 1310 3964 coniungendo,
1363 3899 1419 3948 et
1471 3894 1629 3948 hunc
1687 3899 1892 3965 sponte

227 3991 578 4043 currentem
619 3983 918 4050 incitando
959 3983 1030 4036 ad
1084 3982 1429 4036 irruentium
1461 3982 1778 4053 improviso
1836 3984 1891 4036 in

229 4078 680 4148 imperatorem.
717 4072 854 4127 Sese
880 4071 1072 4143 ipsum
1109 4073 1224 4140 iam
1266 4071 1322 4124 id
1350 4087 1542 4141 agere,
1576 4088 1641 4126 ac
1689 4089 1896 4126 conse-

223 4173 514 4224 cuturum
548 4180 802 4236 sperare,
838 4167 901 4217 ut
933 4163 1093 4218 adire
1123 4162 1536 4233 imperatorem
1566 4163 1677 4217 sibi
1704 4162 1896 4233 liceat,

227 4274 299 4312 eo
335 4253 588 4311 consilio
621 4258 686 4307 ut
718 4268 975 4324 praesens
1007 4267 1139 4307 eum
1175 4249 1622 4306 dissimulanter
1647 4251 1703 4304 in
1735 4269 1900 4323 para-

229 4352 328 4401 tas
395 4361 502 4416 per
544 4343 692 4397 viam
737 4342 982 4397 insidias
1037 4340 1378 4412 pracipitet.
1415 4340 1620 4396 Venire
1668 4345 1897 4396 tantum

229 4443 293 4491 et
345 4435 598 4489 eductos
671 4447 871 4486 secum
934 4429 1230 4485 Tochoros
1312 4446 1444 4484 cum
1519 4431 1901 4485 Constantino

237 4522 637 4596 Bulgarisque
666 4519 724 4574 in
749 4535 1124 4575 communem
1151 4518 1582 4588 expeditionem
1607 4520 1892 4588 traheret;
1934 4499 1980 4562 Ῐ)

234 4630 305 4670 ac
342 4613 391 4667 si
427 4611 694 4682 quidem,
726 4609 880 4678 quod
909 4624 1156 4678 pronum
1189 4613 1425 4678 speratu
1453 4607 1779 4672 videbatur,
1805 4626 1901 4664 ea-

234 4707 487 4776 peretur
519 4702 862 4771 imperator,
898 4697 1066 4752 facile
1098 4713 1377 4769 apparere
1425 4702 1713 4766 quantum
1745 4699 1900 4754 230

235 4793 378 4847 inde
410 4791 701 4845 bonorum
737 4789 795 4842 in
829 4786 990 4857 ipsos
1015 4786 1481 4842 redundaturum
1509 4791 1698 4841 esset:
1728 4787 1818 4842 sin
1842 4789 1898 4842 id

235 4899 357 4937 non
409 4879 782 4944 succederet,
845 4881 998 4930 certe
1051 4892 1164 4930 non
1229 4891 1401 4945 posse
1452 4874 1706 4929 dubitari
1755 4877 1900 4948 quin

234 4967 704 5042 quastuossima
734 4965 845 5036 ipsi
882 4965 1032 5020 foret
1069 4963 1183 5018 ista
1224 4963 1457 5034 militia,
1491 4962 1693 5032 utique
1724 4965 1901 5019 redu-

235 5065 408 5115 cturo
463 5074 532 5112 ex
579 5072 646 5111 ea
697 5054 897 5126 cepias
955 5057 1196 5108 onustas
1257 5053 1454 5122 opima
1496 5054 1708 5123 praeda,
1767 5070 1899 5110 cum

233 5148 492 5203 aliarum
528 5143 722 5200 omnis
771 5141 1004 5216 generis
1055 5158 1273 5211 rerum,
1307 5145 1430 5194 tum
1476 5146 1801 5212 apparatus
1835 5159 1901 5198 ac

235 5233 631 5308 supellectilis
665 5231 1080 5304 imperatoriae,
1115 5248 1183 5286 ex
1213 5229 1430 5301 quibus
1470 5229 1732 5300 excipere
1783 5231 1898 5286 sibi

232 5323 801 5398 praestantissimum
826 5321 1084 5393 quidque
1114 5325 1329 5391 posset,
1356 5323 1412 5373 et
1443 5319 1638 5389 ipsum
1660 5337 1908 5376 consan-

232 5415 522 5485 guineum
544 5411 869 5482 supplicem
892 5408 1133 5481 indigna
1156 5407 1431 5463 custodia
1455 5413 1718 5478 ereptum
1747 5410 1906 5466 inco-

232 5506 445 5559 lumen
476 5518 545 5558 ac
595 5501 848 5556 liberum
906 5515 1041 5553 cum
1098 5496 1372 5569 pretiosis
1413 5495 1617 5567 spoliis
1661 5499 1902 5556 domum

235 5592 528 5664 recipere.
587 5588 951 5646 Meminisset
1007 5586 1224 5658 prioris
1269 5602 1387 5640 suae
1433 5583 1652 5655 gloriae,
1704 5603 1771 5643 ex
1798 5607 1912 5661 qua

1989 487 2307 582 αγομένους.
2366 495 2689 566 Μεμνῆσθαί
2746 521 2803 554 τε
2860 503 3168 577 συγγενείας
3226 487 3490 582 προτέρας
3543 487 3635 568 καί

1989 572 2168 646 δόξης.
2220 581 2314 635 Καὶ
2376 581 2426 635 εἷ’
2484 585 2558 656 μή
2594 583 2663 638 δι’
2689 585 2854 665 ἄμφω
2897 591 2986 644 καὶ
3019 593 3092 656 ὡς
3124 603 3354 669 συγγενῆ
3387 597 3632 654 σπεύδειν

1988 665 2077 717 καὶ
2132 665 2208 729 ὡς
2263 667 2556 739 ἐλπίζοντα
2616 672 3050 748 μεταλαμϐάνειν
3106 665 3272 736 πάλιν
3327 685 3392 739 τὰ
3464 687 3636 758 μείζω

1991 753 2219 829 θερῥεῖν,
2281 757 2406 813 ἀλλ’
2463 762 2554 814 οὗν
2606 761 2676 817 δι’
2703 761 2756 818 ἓν
2811 766 3016 822 τούτων
3080 768 3224 842 ἄξιον
3271 776 3637 848 συμπράττειν

1989 842 2214 914 οἷέσθαι,
2265 849 2300 917 ἢ
2356 849 2431 910 ὡς
2471 858 2714 926 συγγενεῖ
2765 853 3068 927 βοηθοῦντα
3106 858 3140 927 ἢ
3196 861 3269 922 ὡς
3303 860 3481 918 εἰδότα
3509 887 3637 921 κατ-

1988 931 2239 989 ελεοῦντα
2273 980 2286 992 .
2339 943 2512 992 Ταῦτα
2568 937 2826 1010 δηλώσας
2872 949 2952 1016 τῷ
3001 947 3127 1020 θείῳ
3185 946 3230 1002 δ’
3288 950 3634 1028 ἀπορρήτων,

1986 1023 2053 1076 τὰ
2102 1024 2263 1078 πιστᾶ
2313 1022 2496 1081 λαϐὼν
2547 1027 2745 1084 ἐκεῖθεν
2799 1029 2889 1086 διὰ
2943 1036 3284 1108 γραμμάτων
3342 1022 3636 1116 πρόσεποιί-

1987 1116 2097 1165 εῖτο
2157 1111 2346 1188 ἐφετὴν
2405 1115 2538 1170 εἶναι
2598 1119 2648 1171 οἱ
2714 1121 2812 1187 τήν
2873 1122 3140 1196 βασιλέως
3168 1111 3636 1206 θέαν,καῖγράμ-

1992 1221 2150 1272 μασιν
2173 1200 2381 1272 ἐδήλου
2422 1209 2502 1276 τῷ
2557 1206 2790 1280 βασιλεί,
2839 1211 2928 1264 καὶ
2978 1211 3211 1268 ἱκέτευεν
3261 1200 3637 1296 ἐφεῖναι-’παρ’

1989 1287 2189 1344 ὶκεῖνον
2268 1293 2548 1365 γενέσθαιι
2632 1294 2762 1350 οὐδὲ
2817 1299 2918 1374 γὰρ
2979 1299 3172 1355 ἀνεκτά
3232 1287 3308 1357 οὶ.
3361 1307 3492 1361 εἶναι
3551 1287 3638 1364 ἐπὶ

1987 1382 2244 1432 τοσοῦτον
2300 1379 2613 1456 ἐστερῆσθαι
2671 1392 2772 1454 τῆς
2829 1385 3120 1460 βασιλικῆς
3153 1387 3346 1463 ὅψεως.
3398 1395 3459 1450 Εἰ
3509 1403 3638 1470 γοῦν

1989 1468 2340 1540 προστάσσοιο
2402 1469 2450 1524 εἰ
2503 1469 2548 1525 δ’
2606 1472 2721 1541 οὖν,
2784 1474 2911 1530 ἀλλ’
2968 1478 3131 1532 αὐτὸν
3182 1481 3295 1549 ἥξει
3322 1484 3409 1537 καὶ
3444 1468 3636 1555 οὕτως,

1990 1554 2101 1610 ἐπεὶ
2162 1557 2329 1620 πόθος
2388 1559 2588 1635 ἐπείγει
2645 1563 2732 1616 καὶ
2787 1572 3069 1639 τυραννεῖ.
3127 1571 3308 1624 Ταῦτα
3369 1575 3549 1643 μαθὼν

1994 1643 2270 1718 βασιλεὺς,
2322 1649 2429 1718 (καὶ
2480 1654 2584 1703 ποῦ
2631 1651 2732 1725 γὰρ
2776 1652 2869 1705 τὸν
2922 1649 3086 1708 δόλον
3130 1657 3273 1731 εἶχεν
3328 1659 3637 1736 ὑπονοεῖν;)

1992 1729 2079 1786 διὰ
2146 1734 2481 1806 γραμμάτων
2564 1741 2644 1811 [Ρ.
2707 1742 2831 1811 154]
2893 1740 3105 1817 ἐφίησιν
3174 1729 3456 1820 ἆιρικὲσθαι
3511 1729 3638 1824 παρί

1991 1820 2228 1876 ἐκεῖνον’
2285 1822 2417 1878 ἰδεῖν
2474 1826 2574 1901 γὰρ
2631 1829 2720 1882 καὶ
2773 1826 3024 1890 δυτικοὺς
3075 1833 3277 1896 τόπους
3334 1820 3639 1911 ἐγγενέσθαι

1992 1911 2066 1977 οἱ,
2122 1910 2212 1973 οὓς
2261 1914 2364 1968 οὐκ
2418 1915 2486 1983 ἦν
2540 1918 2667 1990 ὁρᾷν
2709 1919 2826 1972 κατ’
2851 1918 3119 1983 ἀνατολὰς
3149 1918 3418 1995 διάγοντα.
3451 1927 3511 1982 Ὁ
3544 1927 3639 1998 μὲν

1993 1999 2084 2053 οὖν
2155 2001 2391 2057 σουλτὰν
2473 2003 2812 2080 ἐκχωρηθεῖς
2891 2008 2988 2076 τὴν
3071 2006 3252 2078 ἔξοδον
3323 2010 3636 2088 ἐπετάχυνε,

1991 2089 2081 2144 καὶ
2138 2090 2352 2160 πλῆθος
2401 2096 2704 2167 χρημάτων
2762 2096 2937 2172 ἀφεὶς,
2996 2089 3073 2150 ἔτι
3133 2095 3191 2152 δὲ
3235 2100 3326 2154 καὶ
3383 2108 3642 2176 γυναῖκας

1993 2289 2269 2347 felicitate
2297 2292 2358 2347 in
2391 2308 2565 2363 quam
2603 2294 2900 2352 miseriam
2934 2299 3053 2353 tam
3105 2303 3231 2354 arta
3274 2299 3385 2371 ipsi
3425 2316 3640 2374 cogna-

1997 2380 2175 2434 tionis
2209 2382 2643 2438 necessitudine
2667 2385 2974 2441 devinctus
2997 2387 3271 2460 princeps
3302 2389 3644 2456 decidisset,

1995 2474 2275 2539 reputans
2310 2471 2642 2527 miseretur.
2678 2475 2894 2538 Quodsi
2928 2475 3048 2530 haec
3080 2493 3286 2547 parum
3349 2487 3648 2535 moverent

1996 2558 2065 2612 ad
2087 2559 2423 2615 audendum
2440 2563 2590 2631 quod
2612 2564 3069 2632 suadebatur,ac
3089 2567 3340 2622 fructum
3365 2568 3649 2638 cogitaret

1996 2645 2132 2701 inde
2163 2647 2272 2718 ipsi
2308 2655 2724 2719 proventurum
2777 2653 3015 2708 uberem
3046 2657 3134 2710 vel
3189 2673 3466 2713 successu
3511 2658 3646 2713 belli

1995 2734 2227 2790 lucroso
2263 2738 2632 2812 praemiisque
2659 2740 2937 2812 victoriae,
2969 2743 3054 2797 vel
3087 2760 3120 2798 a
3151 2745 3386 2815 propria
3405 2746 3646 2818 gratitu-

1999 2825 2133 2880 dine
2164 2826 2252 2879 sui
2281 2827 2489 2897 ipsius,
2524 2833 2834 2900 postquam
2865 2847 2994 2886 sese
3033 2832 3092 2886 in
3126 2839 3346 2888 statum
3396 2835 3642 2890 fortuna)

2000 2914 2314 2984 pristinum
2370 2918 2713 2986 reposuerit,
2762 2920 2959 2974 omnia
3017 2921 3313 2976 liberatori
3366 2923 3642 2978 debituri.

2001 3001 2128 3056 Ilaec
2178 3004 2224 3057 si
2276 3005 2610 3059 viderentur
2655 3006 2883 3062 infirma
2941 3009 3196 3081 singula,
3235 3009 3410 3065 simul
3444 3015 3643 3066 tamen

2001 3093 2312 3162 conjuncta
2341 3093 2540 3148 omnia
2568 3097 2680 3149 vim
2717 3095 2929 3151 habere
2958 3097 3274 3152 maximam
3307 3099 3461 3170 apud
3513 3101 3642 3168 ejus

2000 3180 2264 3236 animum
2299 3199 2400 3252 par
2430 3199 2577 3238 esse.
2609 3186 2814 3253 Ageret
2856 3183 3057 3257 igitur,
3078 3191 3135 3240 et
3165 3187 3250 3241 vel
3283 3188 3641 3258 consangui-

2001 3270 2204 3326 nitatis
2228 3276 2491 3343 respectu
2517 3272 2732 3328 auxilio
2755 3273 3090 3338 veniret,vel
3115 3291 3234 3329 suae
3258 3273 3640 3341 infelicitatis,

1999 3377 2174 3429 quam
2205 3359 2317 3431 ipsi
2350 3360 2858 3432 aperiret,_5_notitia
2890 3361 3131 3433 indigna
3162 3363 3443 3419 ferentem
3467 3367 3644 3420 mise-

2001 3455 2245 3504 raretur.
2296 3451 2397 3504 His
2431 3467 2644 3506 arcano
2697 3451 2975 3522 expositis
3033 3457 3266 3523 patruo,
3317 3453 3648 3525 litterisque

2001 3539 2192 3610 ipsius
2224 3541 2448 3594 mutuis
2497 3557 2744 3595 assensu
2786 3540 2976 3611 ipsius
3016 3541 3248 3613 ﬁdeque
3278 3548 3532 3613 accepta,
3567 3543 3648 3598 si-

2008 3628 2250 3682 mulavit
2272 3628 2603 3685 desiderare
2634 3646 2696 3684 se
2721 3631 3001 3701 majorem
3028 3629 3084 3685 in
3116 3632 3355 3686 modum
3379 3648 3650 3704 conspec-

2007 3725 2126 3770 tum
2156 3717 2543 3789 imperatoris,
2578 3720 2636 3772 in
2669 3735 2918 3790 eamque
2951 3721 3300 3775 sententiam
3360 3723 3428 3775 ad
3461 3720 3650 3791 impe-

2009 3811 2260 3860 ratorem
2296 3806 2554 3877 scripsit,
2590 3824 2765 3861 orans
2799 3809 2974 3862 etiam
3017 3815 3188 3878 atque
3237 3808 3407 3863 etiam
3443 3812 3506 3863 ut
3535 3809 3650 3863 sibi

2010 3895 2375 3966 permitteret
2409 3894 2601 3964 ipsum
2649 3896 3033 3965 adire.Neque
3051 3896 3204 3950 enim
3231 3896 3662 3950 sibitolerabile

2010 3982 2189 4036 videri
2224 3988 2388 4036 tanto
2412 3985 2540 4052 jam
2575 3991 2835 4052 tempore
2865 4001 2974 4038 usu
3008 4000 3074 4038 ac
3107 3984 3233 4036 visu
3267 3983 3482 4053 privari
3515 3985 3652 4039 cha-

2010 4071 2230 4126 rissimi
2259 4078 2436 4142 atque
2462 4071 2910 4127 honoratissimi
2941 4072 3052 4127 sibi
3097 4073 3376 4144 principis
3406 4089 3418 4127 :
3447 4074 3656 4142 jubere

2011 4161 2190 4232 igitur
2221 4161 2661 4232 quamprimum
2687 4163 3029 4232 dignaretur
3058 4179 3119 4217 se
3141 4163 3370 4229 venire;
3412 4162 3501 4217 sin
3525 4179 3659 4234 gra-

2011 4249 2222 4304 tificari
2255 4249 2360 4304 hoc
2392 4251 2502 4305 sibi
2556 4250 2832 4318 differret,
2875 4252 3054 4306 sciret
3085 4257 3250 4306 tanta
3278 4269 3341 4307 se
3391 4253 3480 4307 uri
3533 4254 3664 4323 ejus

2013 4355 2208 4393 coram
2251 4339 2516 4393 intuendi
2546 4339 2892 4410 cupiditate,
2929 4345 2992 4394 ut
3037 4340 3130 4398 vix
3179 4341 3289 4396 sibi
3338 4344 3664 4411 temperare

2017 4433 2213 4498 posset
2235 4446 2267 4482 a
2297 4428 2654 4498 profectione
2688 4428 2838 4484 istuc
2861 4428 3093 4496 injussu
3139 4429 3420 4483 tentanda
3453 4449 3466 4497 ;
3503 4431 3657 4499 quod

2013 4518 2062 4571 si
2099 4517 2556 4587 faceretignosci
2590 4534 2820 4587 aequum
2851 4518 3362 4588 fore,tyrannicam
3393 4534 3522 4573 esse
3543 4519 3658 4572 vim

2014 4605 2314 4671 desiderii,
2357 4611 2413 4660 et
2441 4621 2749 4676 erumpere
2807 4606 3154 4677 plerumque
3213 4607 3362 4661 ultra
3415 4606 3662 4661 rationis

2013 4700 2188 4766 atque
2211 4694 2456 4749 humani
2487 4695 2713 4748 arbitrii
2749 4695 3090 4766 praescripta
3118 4696 3346 4750 frenum
3376 4695 3664 4750 eluctatus

2013 4787 2142 4855 ejus
2165 4783 2441 4854 impetus.
2476 4783 2577 4838 His
2594 4783 2912 4856 imperator
2926 4783 3198 4855 acceptis,
3227 4800 3329 4839 nec
3343 4784 3663 4856 quidquam

2013 4877 2084 4930 de
2118 4873 2364 4929 occultis
2397 4891 2545 4944 quas
2573 4873 3381 4930 diximusmachinationibus
3405 4874 3667 4945 suspica-

2016 4971 2135 5032 tus,
2169 4964 2470 5035 rescripsit
2501 4965 2838 5019 humaniter
2868 4964 3184 5035 indulgens
3233 4963 3451 5019 sultani
3509 4964 3667 5036 quod

2018 5054 2272 5126 petebat,
2307 5054 2463 5108 ultro
2496 5055 2638 5124 quin
2680 5055 2856 5108 etiam
2907 5053 3160 5108 invitans
3191 5054 3261 5107 ad
3297 5053 3664 5108 occasionem

2022 5144 2431 5214 usurpandam
2463 5141 2689 5197 visendi
2747 5143 3072 5213 provincias
3105 5147 3161 5197 et
3217 5142 3392 5196 urbes
3427 5140 3671 5195 Occidui

2020 5236 2266 5296 tractus,
2304 5248 2552 5302 quarum
2595 5248 2895 5302 nunquam
2921 5231 3231 5296 hactenus,
3265 5231 3482 5301 quippe
3510 5245 3668 5282 sem-

2020 5337 2120 5393 per
2152 5324 2413 5375 moratus
2445 5319 2501 5373 in
2549 5319 2805 5387 Oriente,
2865 5337 3058 5375 coram
3111 5324 3168 5374 et
3219 5336 3327 5374 usu
3394 5314 3668 5388 praesenti

2019 5410 2561 5481 eognoscendarum
2589 5409 2754 5480 copia
2777 5409 2887 5482 ipsi
2915 5409 3411 5481 contigisset.Non
3437 5402 3669 5458 distulit

2019 5499 2215 5556 sultan
2265 5515 2546 5554 concessa
2599 5500 2744 5554 23]
2812 5499 2894 5554 uti
2944 5497 3241 5564 facultate,
3294 5494 3393 5548 sed
3444 5491 3668 5554 statim,

2022 5588 2286 5661 pecuniae
2309 5605 2526 5660 magna
2557 5589 2610 5642 vi
2654 5604 2951 5659 opumque
2981 5590 3344 5649 ceterarum,
3393 5578 3674 5636 uxoribus
