3920 6196
407 275 517 332 675

1648 290 1651 297 ·
1712 267 2013 328 GEORGII
2051 268 2242 327 PACH
2248 272 2515 329 YME‘RB
3623 281 3710 337 676

402 400 490 456 καὶ
522 398 679 455 τέκνα
706 395 795 451 καὶ
847 393 1088 471 ἀδελφὴν
1138 394 1230 449 καὶ
1282 392 1511 469 μητέρα,
1557 392 1622 447 τὸ
1673 392 1767 466 μὲν
1813 391 2053 448 ἐπιλύων
2085 399 2140 467 Α
2172 395 2337 451 Ταῦτ’
2390 392 2490 468 ἄρα
2538 396 2628 450 καὶ
2677 395 2790 469 ἅμα
2823 396 2918 470 μὲν
2966 397 2994 451 ὁ
3045 394 3282 473 βασιλεὺς
3321 397 3442 474 πρὸς
3479 402 3560 472 τὴν
3587 403 3713 461 πόλιν

401 490 501 559 τὴν
533 484 791 559 ὑποψίαν,
838 485 900 539 τὸ
943 480 1001 540 δὲ
1047 484 1139 539 καὶ
1170 481 1236 537 τὰ
1282 479 1539 555 ἐμποδὼν
1596 483 1887 555 ὑποτεμεῖν
1939 480 2059 558 ἄρι-

404 599 526 637 στον
574 573 757 651 γνοὺς,
816 569 974 646 ἔξεισι
1004 571 1096 627 σὺν
1138 577 1256 633 τοῖς
1289 571 1509 634 οἰκείοις
1538 578 1637 641 τῆς
1684 570 1921 639 πόλεως,
1967 571 2059 626 καὶ

399 659 725 722 καταλαϐεῖν
776 665 867 719 τὸν
925 660 1151 738 βασιλέα
1198 661 1477 735 ἠπείγετο.
1536 666 1591 713 Ὁ
1636 658 1694 714 δὲ
1751 681 1815 735 γε
1875 659 2062 735 ῥηθεὶς

400 758 545 817 Οεῖος
591 753 801 809 ἐκείνου
830 752 977 825 παρὰ
1003 752 1094 806 τὸν
1149 749 1374 827 βασιλέα
1406 747 1737 824 Βουλγάρων
1773 753 2058 817 Κωνστανο

394 850 543 900 τῖνον
594 843 858 920 γεγονὼς,
915 842 950 911 ἢ
1014 839 1226 915 μᾶλλον
1280 841 1381 908 τὴν
1436 839 1647 895 ἐκείνου
1679 840 1931 914 σύζυγον,
1962 839 2055 904 τὰς

396 934 535 989 κατὰ
611 930 882 1007 βασιλέως
972 930 1248 1000 ὑποθήκας
1331 927 1633 1004 προτείνων
1713 928 1803 984 καὶ
1879 926 2052 983 πάλαι

394 1020 933 1096 παρακεκινημένους
985 1016 1161 1073 ἔπειθε
1195 1062 1206 1074 .
1260 1018 1359 1073 Καὶ
1409 1015 1476 1086 δὴ
1536 1017 1758 1092 πέμψας
1822 1038 2052 1091 μετακα-

398 1115 574 1169 λεῖται
622 1108 841 1179 πλῆθος
883 1107 1151 1183 Τοχάρων
1200 1107 1278 1169 ὡς
1318 1104 1712 1181 κερδανοῦντας
1750 1105 1962 1177 αὐτίκα,
2006 1106 2050 1161 εἰ

400 1201 656 1271 ἐπεξίοιεν
708 1199 802 1272 ἅμ’
854 1197 1002 1269 αὐτῷ
1030 1196 1122 1251 καὶ
1152 1196 1507 1271 Βουλγάροις.
1556 1197 1623 1254 Ol.
1654 1193 1711 1250 δὲ
1739 1195 1829 1250 καὶ
1861 1194 2050 1258 ἄλλως

396 1292 613 1359 πλῆθος
657 1283 806 1349 ὄντες
855 1286 1162 1359 αὐτόνομον
1215 1281 1291 1340 ἔτι
1344 1282 1521 1359 (οὔπω
1569 1286 1671 1360 γὰρ
1721 1285 1924 1348 τελέως
1970 1290 2049 1357 τῷ

395 1381 549 1453 Νογᾷ
589 1379 709 1441 καθ’
760 1375 1037 1447 ὑπηκόους
1071 1374 1462 1452 ὑποτετάχατο·
1498 1376 1526 1429 ὁ
1579 1376 1682 1451 γὰρ
1721 1376 1903 1450 Νογᾶς
1926 1375 2049 1430 τότε

394 1467 630 1541 πρώτως
674 1465 996 1521 ἀποστατεῖν
1042 1469 1149 1520 τῶν
1202 1462 1477 1520 δεσποτῶν
1524 1461 1731 1540 ἤρχετο
1772 1465 1861 1519 καὶ
1890 1463 2050 1541 φίλος

394 1557 462 1625 ἦν
493 1556 607 1609 κατ’
666 1553 860 1616 αὐτοὺς
920 1552 971 1608 ἐν
1026 1551 1134 1627 ’ίσῳ
1191 1551 1415 1630 διᾶγων,
1468 1552 1550 1608 ὅτι
1599 1554 1687 1608 καὶ
1721 1555 1837 1625 μετ’
1868 1554 2047 1609 αὐτῶν

394 1643 730 1707 ἀποσταλεὶς
784 1645 909 1717 παρ’
969 1642 1186 1698 ἐκείνων
1246 1643 1312 1697 ού
1368 1646 1447 1715 τῷ
1509 1643 1676 1717 Κάνῃ,
1737 1643 1812 1705 ὡς
1885 1643 2039 1697 αὐτοὶ

396 1738 572 1811 φαῖεν,
625 1733 721 1795 τὰς
777 1732 966 1807 χώρας
1012 1730 1223 1800 ἐκτᾶτο,
1274 1727 1400 1786 ἀλλ’
1450 1730 1721 1806 ἆρετώσας
1750 1727 1881 1784 ἲδὼν
1920 1729 2041 1785 ἐαυ-
2078 1770 2124 1836 Β

430 1828 457 1836 ε
554 1822 565 1836 ι
688 1821 702 1836 .
782 1821 791 1836 .
979 1819 994 1836 .
1206 1821 1253 1836 ι..
1350 1825 1361 1836 .
1438 1818 1462 1835 ,ι
1516 1821 1528 1836 .
1596 1820 1608 1836 ς
1699 1818 1712 1836 ,
1971 1819 1985 1836 ι

390 1828 471 1896 τῷ
521 1822 611 1878 σὺν
684 1821 908 1883 ἐκείνοις
975 1819 1365 1898 ἐσφετερίζετο)
1432 1818 1528 1893 ἅμ’
1584 1818 1871 1883 ἀκούοντες
1924 1819 2047 1875 τότε

392 1907 673 1980 ἔσπευδον,
724 1908 878 1982 δίκην
913 1914 1088 1965 κυνῶν
1136 1910 1340 1985 ἀγαθὰς
1391 1911 1577 1986 χώρας
1622 1908 2043 1985 κατατρωξείονο

389 2022 501 2065 τες.
549 2003 669 2058 Ἔτι
721 1997 777 2055 δὲ
820 1999 908 2055 καὶ
957 1999 1020 2054 τὸ
1067 1996 1237 2068 κῆδος
1284 1999 1346 2054 τὸ
1396 1999 1529 2073 πρὸς
1569 2003 1743 2073 Νογᾶν
1778 1994 1930 2052 ούπω
1973 1999 2042 2068 ἧν

392 2091 655 2150 συνεστὼς
685 2132 698 2159 ,
757 2087 889 2163 ὅπερ
948 2086 1081 2161 μετᾶ
1125 2092 1293 2143 ταῦτα
1357 2085 1444 2142 ἐπὶ
1514 2086 1661 2160 νόθῳ
1707 2086 1928 2163 θυγατρὶ
1971 2091 2039 2162 τῇ

389 2178 708 2260 Εὑφροσύνῃ
755 2179 783 2233 ὁ
837 2182 1047 2253 κρατῶν
1098 2178 1236 2253 πρὸς
1286 2176 1489 2232 ἐκεῖνον
1531 2174 1733 2250 ἔμελλε
1766 2181 2037 2248 συνιστᾷν.

399 2400 677 2470 ρι’ωιοιιεει
706 2393 1028 2468 liberisque
1058 2411 1193 2451 cum
1225 2410 1424 2451 sorore
1455 2412 1520 2452 ac
1551 2399 1738 2452 matre
1766 2398 2051 2452 Constan-

398 2483 644 2556 tinopoli
677 2482 923 2550 relictis,
957 2483 1153 2539 itineri
1185 2500 1247 2540 se
1278 2484 1460 2539 dedit.
1485 2485 1811 2540 Tantorum
1844 2485 2050 2557 pigno-

392 2590 526 2629 rum
554 2572 637 2627 ibi
676 2573 1169 2628 dimittendorum
1200 2589 1381 2629 causa
1408 2572 1497 2627 illi
1519 2573 1632 2629 fuit
1661 2575 1875 2645 partim
1908 2590 2051 2629 cura

393 2662 624 2718 celandi
655 2677 781 2734 quae
813 2663 1099 2734 coquebat
1128 2660 1346 2730 animo,
1364 2667 1421 2718 et
1449 2679 1683 2718 omnem
1715 2680 1748 2718 a
1769 2681 1831 2719 se
1850 2662 2044 2735 suspi-

398 2752 628 2807 cionem
663 2749 1002 2819 amoliendi,
1035 2750 1252 2823 partim
1286 2752 1546 2823 prudens
1586 2756 1779 2807 metus
1811 2769 1882 2807 ne
1926 2769 2042 2807 non

397 2840 542 2897 satis
574 2840 882 2910 expeditus
930 2845 1087 2896 esset
1144 2840 1215 2896 ad
1248 2856 1317 2895 ea
1367 2857 1493 2914 quae
1528 2840 1943 2912 meditabatur,
1998 2841 2046 2897 si

396 2929 581 2987 tantis
612 2929 926 2986 charorum
949 2930 1208 3002 capitum
1228 2929 1538 2987 aﬂ‘ectibus
1566 2935 1625 2986 et
1653 2931 2044 3003 pretiosarum

400 3020 770 3077 sarcinarum
833 3019 1273 3093 impedimentis
1330 3020 1759 3093 implicaretur.
1814 3021 1901 3075 Ita
1949 3018 2045 3076 ille

393 3126 528 3185 eum
560 3108 838 3165 familiari
860 3109 1142 3165 comitatu
1171 3126 1444 3183 egressus
1468 3111 1611 3166 urbe
1633 3111 1703 3166 ad
1723 3109 2042 3183 imperato-

390 3215 515 3255 rem
541 3197 1133 3255 festinabat.lnterim
1167 3205 1359 3255 autem
1386 3199 1516 3271 ejus
1547 3205 1791 3272 patruus
1822 3200 2045 3272 profec-

388 3292 487 3343 tus
519 3287 591 3342 ad
627 3287 1075 3343 Constantinum
1120 3286 1504 3360 Bulgarorum
1537 3305 1755 3361 regem,
1801 3306 1932 3344 cum
1966 3289 2040 3357 ei,

387 3381 513 3431 tum
547 3376 925 3447 potissimum
950 3377 1079 3446 ejus
1095 3377 1331 3449 eonjugi
1357 3376 1600 3432 consilia
1622 3378 1735 3433 sibi
1768 3383 2044 3449 suggesta

398 3463 775 3535 imperatoris
823 3462 1136 3519 invadendi
1197 3466 1692 3535 communicavit;
1734 3471 1790 3521 et
1849 3466 2041 3532 facile,

394 3550 823 3608 olimvidelicet
843 3568 908 3606 eo
923 3554 1496 3626 propendentes,quo
1514 3553 1743 3610 volebat
1762 3554 2037 3627 perpulit.

393 3641 525 3713 Ipse
558 3640 760 3696 statim
794 3640 967 3696 certis
999 3640 1341 3698 hominibus
1395 3643 1711 3699 submissis
1760 3660 2039 3717 magnum

399 3730 470 3785 ad
494 3745 557 3785 se
577 3728 905 3786 Tocharum
945 3746 1258 3787 numerum
1309 3732 1585 3788 evocavit.
1631 3737 1747 3789 Nec
1805 3733 2041 3789 difﬁcile

408 3817 521 3875 fuit
548 3819 822 3893 pellicere
866 3836 969 3892 spe
1012 3822 1364 3877 ostentanda
1420 3821 1679 3894 ingentis
1726 3840 1791 3878 ac
1853 3822 2038 3893 parati

389 3907 615 3978 lueri,si
653 3909 952 3981 conjuncti
982 3908 1251 3983 Bulgaris
1285 3911 1605 3983 praedatum
1658 3913 1716 3967 in
1749 3912 2038 3968 Romano-

393 4014 526 4053 rum
571 4001 762 4053 terras
814 3998 1060 4054 exirent.
1115 3999 1447 4055 'l'ocharum
1507 4017 1824 4057 numerosa
1896 4017 2039 4074 gens

389 4091 531 4143 tunc
552 4086 744 4142 adhuc
778 4087 869 4143 sui
915 4087 1074 4160 juris
1105 4093 1267 4144 erat:
1302 4090 1560 4145 nondum
1595 4090 1751 4145 enim
1776 4106 1902 4146 eam
1926 4090 2039 4145 sibi

394 4174 563 4248 plene
590 4176 753 4247 Nega
799 4177 1269 4248 subjecerat.Hic
1287 4178 1555 4235 videlicet
1579 4179 1739 4250 Noga
1761 4177 2041 4235 rebellare

378 4268 518 4320 tunc
546 4263 805 4336 primum
835 4270 893 4321 et
943 4266 1317 4323 dominorum
1345 4269 1559 4340 jugum
1592 4273 1862 4325 excutere
1890 4267 2038 4323 inci-

393 4352 613 4425 piebat,
656 4354 828 4410 amici
888 4355 1291 4413 familiaritate
1359 4374 1493 4413 eum
1566 4357 1857 4413 militibus
1918 4357 2041 4413 suis

390 4442 673 4499 Tocharis
726 4448 784 4500 et
837 4444 1172 4517 aequalitate
1203 4446 1359 4502 civili
1417 4447 1639 4514 vivens,
1674 4448 1869 4503 socios
1897 4452 2039 4503 tunc

2170 482 2237 537 τὰ
2263 484 2400 538 κατᾶ
2430 481 2581 539 δύσιν
2628 484 2929 560 περιελθὼν
2971 483 3186 542 ἐνέτεινε
3225 486 3316 550 τὰς
3358 486 3514 561 ὁδοὺς,
3556 492 3647 564 ἅμα
3683 492 3717 548 δ’

2170 571 2365 627 ἐκεῖνοι
2442 571 2696 652 ἐξαίφνης
2769 571 3203 650 καταδραμόντες
3268 574 3350 630 σὺν
3402 580 3715 654 Κωνσταντίνῳ

2170 662 2263 723 τὰς
2320 659 2635 738 δυσχωρίας
2687 666 2784 717 τοῦ
2839 661 3018 736 Α’ίμου
3068 660 3409 727 διεκπαίοντες
3458 667 3717 740 παμπληθεί

2168 755 2412 828 φανερῶς
2470 749 2989 827 ἐστρατοπεδεύοντο
3024 795 3038 809 .
3099 753 3211 810 Οὐκ
3261 754 3322 823 ἦν
3378 752 3429 809 δὲ
3477 755 3715 829 τούτοιςὴ

2166 840 2408 912 σύνταξις
2455 840 2552 915 μία
2581 841 2670 896 καὶ
2722 839 2804 919 ἐφ’
2834 840 2910 895 ἐνὶ
2966 842 3117 915 τόπῳ
3166 846 3403 919 κυροῦσα,
3431 842 3538 899 ἀλλ’
3565 845 3719 922 ἀγελη-

2164 928 2255 985 δὸν
2315 932 2431 985 κατ’
2484 929 2757 1004 εὖλαμοῦς
2816 928 3217 999 ἐσκεδάννυντο,
3270 932 3352 986 καὶ
3398 932 3518 987 κατὰ
3561 934 3719 1010 λόχους

2162 1022 2275 1093 ἅμα
2303 1025 2421 1084 τοῖς
2447 1018 2641 1083 ἄλλοις
2673 1015 3076 1094 προσέϐαλλον,
3108 1022 3192 1075 καὶ
3222 1018 3359 1076 δεινᾶ
3398 1019 3607 1092 ἐποίουν,
3631 1046 3724 1079 exuo

2161 1106 2429 1177 λεύοντες,
2482 1108 2837 1186 σφάττοντες,
2885 1108 3264 1184 ἀπαγόμενοι,
3312 1107 3455 1165 οὐδὲν
3505 1112 3530 1166 ’ὁ
3577 1132 3618 1165 τι
3665 1114 3719 1183 μὴ

2159 1198 2487 1271 πράττοντες
2538 1202 2649 1253 τῶν
2706 1202 2907 1253 κακῶν*
2958 1200 3020 1256 Ὀ
3081 1198 3261 1271 μέντοι
3314 1219 3370 1275 γε
3416 1198 3632 1275 βασιλεὺς
3674 1203 3723 1255 τὰ

2157 1288 2272 1341 κατ’
2316 1286 2514 1350 αὐτοὺς
2547 1288 2622 1350 ὡς
2666 1286 2811 1352 εἰκὸς
2858 1287 3091 1350 ἀκούσας
3145 1284 3287 1359 (οὐδὲ
3333 1289 3429 1363 γὰρ
3476 1287 3623 1364 λάθρα
3659 1290 3723 1343 καὶ

2154 1374 2585 1453 πεφυλαγμένως
2638 1378 2738 1441 τὰς
2796 1372 3051 1441 sie-601d:
3097 1375 3394 1444 ἐποιοῦντο,
3434 1375 3561 1432 ἀλλὰ
3607 1376 3722 1444 δίκην

2154 1466 2323 1541 πυρὸς
2370 1466 2563 1540 ἀγρίου
2613 1462 2702 1521 διὰ
2748 1464 2960 1542 ταχέων
2990 1466 3082 1521 τὸν
3114 1470 3295 1541 χῶρον
3336 1467 3522 1521 ἅπαντα
3548 1463 3724 1538 διελάμ.

2155 1549 2384 1627 ϐανον),
2442 1554 2537 1616 τὰς
2594 1552 2787 1633 φρένας
2868 1555 3237 1617 κατασεισθεὶς
3293 1555 3477 1631 ἀθρόον
3528 1554 3725 1609 ἐπεισπε-

2152 1641 2354 1711 σούσης
2399 1649 2501 1712 τῆς
2557 1645 2773 1717 φήμης,
2834 1642 2886 1699 ἐν
2939 1644 3230 1719 ἀμηχανίᾳ
3282 1643 3494 1699 παντοία
3541 1647 3619 1698 τοῦ
3657 1648 3731 1698 ποῖ

2151 1730 2414 1807 τράποιτο
2470 1731 2561 1800 ἦν.
2619 1728 2757 1789 Οὔτε
2807 1732 2907 1806 γὰρ
2969 1731 3035 1800 ἦν
3091 1732 3355 1807 μάχεσθαι
3386 1731 3728 1802 συνταξάμενον·

2156 1821 2210 1875 αἱ
2256 1821 2357 1895 γὰρ
2389 1817 2643 1893 δυνάμεις
2692 1817 3135 1895 προδιελύθησαν
3191 1821 3264 1882 εἷς
3290 1820 3354 1877 τὰ
3400 1819 3518 1889 ἴδια,
3544 1820 3620 1875 καὶ
3648 1816 3731 1890 μετ’

2156 1908 2359 1985 ὀλίγων
2394 1908 2596 1971 ἐκεῖνος
2626 1910 2715 1964 καὶ
2745 1914 2854 1965 τῶν
2904 1916 3007 1979 τῆς
3037 1908 3269 1972 αὐλαίας
3312 1910 3465 1966 αὐτοῦ
3508 1907 3731 1977 ἐπανιζεύ-

2151 2021 2266 2074 γνυ,
2292 1998 2382 2053 καὶ
2414 1996 2602 2061 ἄλλως
2636 1997 2694 2053 δὲ
2741 1997 3007 2075 ἁμάχητα
3057 2000 3198 2073 πρὸς
3244 2000 3525 2073 Ῥωμαίους
3554 1998 3612 2052 τὰ
3650 2001 3732 2051 τῶν

2150 2088 2422 2163 Τοχάρων
2455 2132 2468 2145 .
2528 2084 2667 2144 Οὔτε
2728 2089 2835 2161 μὴν
2894 2088 3106 2165 φεύγειν
3164 2086 3350 2144 εὐώδει
3381 2106 3394 2122 ’
3453 2088 3616 2159 κύκλῳ
3659 2086 3733 2159 γὰρ

2151 2180 2232 2251 [Ρ.
2266 2179 2388 2251 155]
2421 2174 2766 2255 διειληφότες
2819 2178 2909 2233 καὶ
2956 2178 3313 2255 περισχόντες
3352 2180 3416 2233 τα
3457 2177 3733 2257 ὀχυρώματα

2160 2392 2525 2465 compositis.
2559 2393 2670 2449 iter
2698 2394 3052 2467 capessivit;
3078 2399 3138 2452 et
3167 2395 3254 2452 illi
3286 2396 3355 2452 de
3382 2394 3579 2469 quibus
3621 2390 3735 2448 dixi-

2161 2501 2316 2553 mus,
2340 2482 2562 2556 junctis
2587 2499 2722 2539 cum
2754 2485 3145 2542 Constantino
3178 2485 3385 2559 copiis,
3422 2487 3627 2556 repente
3660 2498 3735 2554 per

2157 2572 2346 2629 invias
2378 2590 2735 2645 asperasque
2766 2573 2949 2629 Haemi
2980 2574 3248 2631 saltuum
3267 2592 3331 2631 ac
3358 2573 3585 2630 faucium
3601 2586 3735 2641 angu-

2157 2662 2303 2718 stias
2334 2661 2559 2734 ingenti
2593 2660 2971 2717 multitudine
2985 2662 3388 2735 pepulabundi
3404 2662 3736 2731 erumpentes,

2157 2751 2348 2823 palam
2406 2769 2468 2808 se
2514 2752 2711 2807 hostes
2761 2751 3160 2823 declararunt,
3217 2751 3503 2809 castrisin
3533 2754 3737 2805 Romana

2155 2847 2311 2897 terra
2346 2842 2572 2914 positis.
2608 2842 2734 2899 Non
2774 2848 2899 2898 erat
2922 2847 3119 2899 autem
3156 2862 3273 2900 una
3305 2859 3499 2900 eorum
3549 2854 3734 2899 manus.

2158 2947 2347 3002 neque
2404 2930 2502 2985 uni
2548 2930 2763 3003 puriter
2813 2948 3019 2987 omnes
3067 2932 3455 2988 imminebant
3499 2929 3622 2985 loco.
3662 2924 3736 2980 sed

2155 3019 2442 3091 gregatim
2477 3036 2577 3089 per
2608 3018 2876 3074 cohortes
2908 3025 3008 3074 aut
3029 3019 3365 3091 manipulos
3387 3014 3738 3089 dispergeban-

2157 3112 2275 3175 tur,
2306 3114 2363 3163 et
2393 3107 2629 3163 insidiis
2645 3107 2848 3164 multis
2880 3107 3227 3165 simullocis
3264 3109 3421 3164 varie
3462 3104 3735 3180 positisuno

2155 3197 2353 3253 omnia
2384 3203 2645 3269 tempore
2673 3196 3054 3266 infestabant,
3084 3198 3431 3270 spoliantes,
3458 3196 3738 3255 mactantea,

2153 3287 2511 3343 abducentes
2543 3287 2765 3353 obvios,
2800 3287 3030 3343 nullum
3049 3305 3167 3344 non
3194 3287 3417 3360 passim
3440 3286 3653 3341 barbare
3672 3296 3737 3333 ra.

2152 3376 2419 3447 pacitatis
2452 3394 2517 3433 ae
2550 3375 2915 3433 crudelitatis
2964 3377 3209 3434 edentes
3268 3374 3605 3448 exemplum.
3647 3368 3738 3424 Non

2152 3466 2344 3536 potuit
2372 3482 2485 3521 non
2531 3464 2730 3521 statim
2764 3464 2884 3520 haec
2939 3466 3144 3521 audire
3210 3468 3543 3537 imperator,
3586 3458 3740 3527 utique

2151 3571 2283 3610 eum
2306 3554 2405 3610 isti
2430 3571 2541 3610 non
2567 3553 3010 3610 dissimulanter
3029 3558 3132 3610 aut
3149 3553 3485 3611 clanculum
3522 3551 3608 3606 bas
3626 3560 3743 3621 gras-

2150 3644 2408 3699 sationes
2458 3648 2820 3709 exercerent,
2874 3643 2975 3699 sed
3037 3643 3225 3700 libere
3286 3661 3353 3699 ac
3412 3640 3589 3715 palam
3626 3648 3744 3692 more

2151 3732 2304 3803 ignis
2336 3732 2670 3789 luculenter
2700 3732 3014 3789 emicantis
3048 3737 3104 3788 et
3127 3733 3364 3788 eunetis
3395 3747 3519 3804 quae
3564 3727 3609 3783 vi
3636 3736 3745 3780 sata

2156 3819 2669 3892 comprehenderit
2701 3819 2921 3875 arentis
2953 3818 3111 3875 silva
3147 3820 3420 3892 partibus
3449 3826 3746 3886 exsuperan-

2153 3914 2267 3965 tem
2303 3909 2418 3963 alte
2479 3910 2779 3965 ﬂammam
2839 3910 3195 3965 ostentantis
3254 3907 3479 3982 procul.
3527 3898 3744 3961 Ardentis

2149 4000 2331 4071 igitur
2360 3998 2677 4072 improviso
2718 3998 2829 4054 isto
2854 3998 3125 4054 incendio
3154 3999 3449 4055 universa:
3478 3996 3582 4052 late
3605 3989 3749 4062 regio-

2150 4090 2242 4144 nis
2274 4087 2487 4160 raptim
2521 4088 2590 4143 ad
2625 4088 3039 4160 imperatorem
3071 4086 3315 4144 evolans
3350 4088 3504 4142 fama
3555 4075 3750 4156 perculit

2148 4177 2523 4232 vehementer
2552 4178 2681 4247 ejus
2713 4176 3001 4245 animum,
3026 4175 3162 4231 etin
3197 4192 3453 4249 magnos
3484 4188 3605 4229 eum
3629 4164 3750 4237 cogi-

2152 4267 2437 4322 tationum
2490 4270 2636 4322 cestu
2702 4266 3127 4338 angustiasque
3176 4265 3455 4337 conjeeit.
3496 4255 3750 4318 Nesciebat

2149 4355 2251 4427 qui
2306 4355 2534 4411 consilii
2591 4360 2824 4427 caperet
2873 4371 3060 4426 quove
3092 4371 3154 4411 se
3208 4357 3484 4410 verteret.
3515 4350 3625 4407 Non
3651 4344 3748 4401 erat

2150 4445 2472 4502 instructus
2494 4446 2564 4500 ad
2597 4444 2916 4517 gerendum
2952 4443 3168 4501 bellum
3196 4463 3210 4512 ;
3243 4444 3435 4516 copiis
3464 4441 3606 4497 enim
3642 4445 3751 4507 pace

390 4532 523 4589 illos
548 4533 893 4591 defectionis
925 4534 1140 4592 habere
1171 4541 1482 4593 contentus
1511 4553 1524 4592 :
1562 4554 1695 4593 nam
1721 4554 1855 4593 cum
1890 4537 2036 4610 ipsis
2064 4520 2112 4584 D
2144 4536 2408 4592 confecta
2456 4534 2629 4607 paulo
2661 4539 2799 4590 ante
2855 4538 3224 4590 sacramento
3281 4531 3520 4601 solutis,
3548 4527 3749 4583 domum

388 4623 630 4692 missus,
664 4640 841 4696 opera
866 4625 1102 4681 illorum
1131 4626 1407 4682 subactas
1438 4625 1591 4682 bello
1620 4628 1882 4700 regiones
1917 4644 2032 4683 non

386 4713 529 4769 Cani
588 4714 938 4786 (principem
988 4715 1110 4771 illic
1163 4716 1247 4772 sie
1277 4717 1891 4789 voeant)acquirebat,
1928 4718 2031 4775 sed

383 4803 595 4859 uberes
630 4806 807 4874 atque
831 4802 1086 4875 optimas
1116 4802 1248 4860 illas
1279 4820 1409 4861 esse
1440 4809 1627 4861 terras
1660 4805 2034 4862 animadver-

376 4895 509 4946 tens
540 4906 647 4946 suo
675 4892 910 4962 proprio
943 4896 1117 4963 atque
1146 4892 1386 4949 illorum
1418 4893 1723 4949 obtinebat
1773 4895 2030 4952 nomine.

376 4978 446 5034 Hi
476 4985 614 5033 tunc
645 4978 871 5046 audita,
905 4997 1081 5052 quam
1109 4981 1391 5051 diximus,
1424 4982 1767 5038 invitatione
1787 4982 1856 5038 ad
1893 5000 2029 5055 prae-

381 5066 518 5121 dam
575 5073 958 5123 aceurrerunt
1007 5066 1168 5141 quali
1227 5086 1400 5126 canes
1448 5070 1519 5125 ad
1553 5070 1817 5141 saginam
1851 5076 2033 5127 ruunt

384 5154 631 5227 impetu,
665 5154 886 5211 fertiles
917 5161 975 5212 et
1005 5155 1317 5228 opulentas
1365 5158 1697 5215 devoraturi
1738 5160 2026 5231 regiones.

379 5243 654 5301 Nondum
672 5244 862 5300 fcedus
892 5246 1198 5303 afﬁnitatis
1228 5248 1461 5304 vinculo
1476 5248 1778 5304 astrictum
1806 5249 2028 5321 Nogam

377 5333 715 5407 imperatori
753 5336 1156 5408 conjunxerat,
1201 5338 1356 5409 quod
1390 5337 1485 5394 ille
1532 5338 1651 5394 tilia
1700 5338 1882 5393 notha
1910 5328 2034 5395 Eu?

378 5424 641 5498 phosyne
671 5423 845 5498 Negas
867 5425 927 5481 in
970 5441 1212 5481 uxorem
1244 5428 1435 5482 danda
1468 5425 1678 5483 deinde
1721 5427 2025 5483 contraxit.

380 5517 548 5572 Tunc
580 5531 755 5589 porro
786 5515 995 5572 eodem
1051 5531 1298 5587 prorsus
1355 5515 1608 5573 articulo
1656 5516 1941 5589 temporis
1972 5521 2032 5574 et

382 5606 537 5665 282
569 5605 891 5680 imperator
922 5604 1126 5664 urbem
1157 5622 1387 5677 versus,
1412 5606 1588 5663 rebus
1626 5605 1687 5662 in
1717 5606 2029 5665 Occidente

2149 4625 2403 4681 militum
2438 4640 2732 4696 quemque
2763 4623 3120 4691 demiserat;
3160 4626 3217 4679 et
3248 4639 3387 4679 eum
3422 4617 3611 4693 paucis
3636 4615 3751 4685 ipse.

2143 4715 2461 4771 domestico
2492 4714 2776 4769 duntaxat
2808 4715 3109 4781 comitatu,
3144 4712 3369 4785 quippe
3398 4727 3499 4784 per
3535 4705 3752 4780 pacatas.

2144 4805 2229 4860 uti
2261 4804 2612 4869 crediderat,
2647 4802 2999 4874 provincias,
3021 4802 3081 4858 in
3119 4802 3330 4858 urbem
3382 4796 3752 4855 revertebatur.

2142 4894 2211 4949 Et
2241 4909 2347 4948 nec
2397 4893 2445 4947 si
2480 4892 2722 4948 haberet
2770 4892 3092 4947 exercitum
3151 4890 3402 4946 auderet
3430 4881 3753 4943 committere

2141 4998 2274 5037 cum
2333 4980 2640 5052 Tocharis,
2703 4979 2952 5036 terribili
3031 4987 3167 5035 tunc
3236 4976 3528 5034 Romanis
3595 4973 3752 5044 gentes

2143 5088 2249 5127 nee
2308 5069 2769 5127 belloanostris
2826 5067 3145 5141 superabili
3205 5067 3459 5123 credita.
3515 5056 3755 5119 Restabat

2144 5160 2293 5232 fugae
2352 5158 2663 5215 consilium
2700 5176 2712 5214 :
2750 5159 2851 5215 sed
2906 5174 3035 5213 eam
3082 5154 3560 5212 intereludebant
3587 5144 3755 5205 validm

2140 5248 2400 5304 hostium
2473 5265 2703 5316 manus,
2772 5263 3035 5319 quorum.
3087 5245 3385 5318 praesidiis
3445 5242 3566 5298 loca
3631 5233 3754 5289 edila

2140 5337 2415 5393 universa
2483 5337 2822 5409 faucesque.
2896 5336 3149 5408 denique
3226 5334 3432 5389 aditus
3489 5328 3755 5396 exitusque

2138 5443 2341 5483 omnes
2374 5428 2747 5483 tenebantur.
2781 5426 3227 5497 Probabantque
3254 5423 3484 5494 ubique
3521 5436 3581 5507 se
3618 5414 3754 5507 ades-

2139 5532 2201 5571 se
2231 5532 2493 5587 unquam
2538 5533 2650 5572 non
2708 5516 3007 5589 stragibus
3063 5513 3335 5581 edendis,
3396 5515 3457 5568 et
3495 5503 3755 5565 solutissi-

2139 5622 2233 5663 ma
2290 5612 2450 5663 melu
2503 5606 2664 5663 omni
2724 5620 3201 5678 quoquoversum
3231 5595 3580 5659 ineursandi
3608 5594 3755 5649 licen-
