4018 6198
212 237 320 294 677

1291 237 1389 292 na
1424 193 1798 293 meanti:
1834 233 2276 291 “meomeo
2316 236 2429 290 LIB
2492 239 2593 291 in.

3539 235 3646 292 678

211 361 309 416 σὺν
340 357 523 417 οὐδενὶ
559 353 714 436 φόϐῳ
745 355 954 424 διέθεον
985 361 1291 434 πανταχοῦ,
1325 356 1417 419 οὓς
1471 359 1567 431 μὶν
1602 355 1869 436 σφάττον-
1902 361 1956 426 Α
1986 354 2143 410 σιλέα
2198 357 2320 428 περὶ
2353 358 2544 411 ἑαυτοῦ
2594 357 2896 434 φροντίζειν
2932 356 3081 420 ὅπως
3116 357 3335 429 σωθείη.
3386 357 3640 429 Σπουδὴν

209 472 300 511 τες
349 447 703 522 παμπληθεὶ,
758 446 848 511 οὓς
898 445 956 502 δέ
1007 447 1305 520 ἀπάγοντες
1349 445 1558 501 ἐλεεινὰ
1592 452 1708 508 τοῖς
1740 447 1876 522 βαρ-

213 538 406 615 ϐάροις
437 536 632 607 σκῦλα,
666 539 740 601 ὡς
777 537 946 612 μηδὲν
976 538 1108 592 εἶναι
1140 536 1277 591 ὅπου
1309 533 1552 612 προσϐάς
1583 559 1663 599 τις
1709 533 1877 605 ἤθελε

215 629 483 698 σώζεσθαι
535 627 788 688 ἐπιεικῶς
842 625 1142 702 ἐλεύθερον.
1195 626 1298 680 Καὶ
1351 624 1416 694 δὴ
1476 625 1664 698 κύκλῳ
1721 644 1874 698 περι-

214 718 435 778 στάντες
497 715 621 770 ὅσον
678 712 832 769 οὔπω
871 713 1189 788 προσμίξειν
1243 719 1321 786 τῷ
1367 719 1676 792 κρατοῦντι.
1738 711 1880 770 Οὐδέ

213 808 322 883 γᾶρ
355 806 482 861 ὅσον
511 807 600 860 καὶ
634 805 889 877 ἡμισείας
920 804 1132 876 ἡμέρας
1165 801 1571 874 ἱππηλατοῦντι
1605 801 1878 874 διαστημα

212 899 280 964 ἦν
337 903 439 965 τῆς
473 893 625 960 ὁδοῦ,
677 893 758 970 ἐφ’
785 895 911 948 ὅσον
943 896 1066 968 παρ’
1103 892 1326 968 ἑκάτερα
1352 895 1404 948 οἱ
1436 891 1698 967 πολέμιοι
1724 891 1876 964 διηγ-

210 985 484 1061 γέλλοντο
544 985 609 1038 τα
660 982 801 1038 δεινᾶ
859 981 1151 1058 πράττειν,
1217 983 1290 1043 ὡς
1348 981 1581 1043 ἐκείνους
1655 980 1879 1056 ἑσπέρας

211 1079 578 1144 κατασκηνεῖν
634 1071 753 1136 ὅθεν
815 1070 1028 1146 πρωίας
1088 1070 1306 1146 ἐξώρμα
1361 1072 1390 1126 ὁ
1443 1068 1729 1145 βασιλεὺς,
1792 1069 1881 1124 καὶ

215 1161 431 1224 ἄλλους
484 1163 685 1224 ἐκεῖθεν
744 1159 976 1235 ἐξορμᾷν
1036 1163 1277 1234 τήμερον
1331 1161 1470 1214 ὅπου
1516 1161 1646 1235 χθὲς
1677 1157 1881 1220 ἐκεῖνος

213 1250 530 1324 κατέμεινε.
581 1249 726 1320 Τόση
787 1269 868 1310 τις
915 1250 982 1318 ἦν
1028 1249 1294 1324 σύγχυσις
1349 1253 1457 1303 τῶν
1517 1247 1777 1302 ἐπιόντων
1811 1247 1884 1309 ὡς

219 1338 362 1414 μηδ’
419 1338 615 1401 αὐτοὺς
647 1340 781 1393 κατᾶ
807 1336 1088 1415 φάλαγγας
1149 1338 1352 1410 μένειν,
1401 1335 1548 1391 ἀλλὰ
1601 1341 1883 1412 πανταχοῦ

216 1428 426 1493 ἐκοέειν
459 1427 774 1500 λημμάτων
802 1422 988 1480 ἐλπίδι
1025 1426 1156 1501 ὑπὲρ
1207 1425 1326 1487 δέος
1357 1428 1454 1479 τοῦ
1481 1430 1671 1488 παθεῖν
1723 1425 1880 1479 ἅπαν.

214 1521 324 1576 ..Ην
389 1515 438 1572 δι
479 1516 581 1571 ἀνά
629 1513 793 1592 μέρος
846 1515 936 1570 καὶ
989 1515 1017 1568 6
1066 1518 1478 1575 Κωνσταντῖηος
1537 1513 1618 1591 ἐφ’
1674 1515 1885 1587 ἀμάξης

215 1607 524 1684 φερόμενος
574 1605 656 1680 (τὸ
704 1605 804 1679 γὰρ
856 1601 1050 1666 σκέλος
1097 1603 1376 1678 κατεαγὼς
1433 1624 1564 1658 ποτε
1624 1603 1722 1658 οὐκ
1771 1604 1886 1678 εἶχε

1983 445 2084 520 γὰρ
2109 441 2334 508 ἕκαστος
2364 444 2601 500 ἐποιεῖτο
2631 451 2727 500 τοῦ
2757 446 2919 520 μόνον
2973 449 3234 513 σωθῆναι,
3282 448 3371 501 καὶ
3414 447 3638 520 ἀμελεῖν

1984 533 2382 604 παρεσκεύαζον
2410 538 2507 588 τοῦ
2539 532 2777 605 πλησίον
2811 534 2904 596 οὓς
2958 537 3054 610 μὶν
3110 537 3161 589 οἱ
3204 537 3509 610 προμηθεῖς
3541 537 3639 613 φό-

1986 617 2074 676 ϐοι
2103 621 2195 683 οὓς
2223 620 2280 676 δὲ
2310 623 2397 677 καὶ
2433 621 2630 678 δειλίαι
2661 623 2897 699 ἄκαιροι,
2937 623 3065 686 τοὺς
3113 626 3205 698 μὲν
3242 626 3315 686 ὡς
3366 624 3417 695 ἐξ
3467 626 3636 700 ἀνάγ-

1984 733 2108 781 κης,
2169 711 2213 766 εἰ
2273 715 2347 784 μή
2409 709 2786 782 σπουδάσαιεν,
2839 712 3140 778 ἁλώσεσθαι
3198 713 3638 788 προσδοκῶντας,

1986 801 2112 862 τοὺς
2147 799 2203 855 δέ
2249 798 2376 874 μηδ’
2438 799 2646 863 εἶδότας
2697 805 2751 857 οἵ
2777 806 2949 856 κακοῦ
2999 803 3272 878 γεγόνασι,
3303 807 3382 875 τῷ
3418 801 3634 877 βλέπειν

1989 888 2193 954 ἄλλους
2243 890 2318 952 εἷς
2371 886 2576 946 ἔννοιαν
2630 890 2965 968 ἐρχομένους
2996 891 3085 947 καὶ
3113 891 3202 946 διὰ
3230 894 3376 948 ταῦτ’
3407 894 3638 968 ἀποχω-

1992 985 2214 1057 ροῦντας
2283 981 2390 1052 ὅπη
2467 1004 2550 1044 τις
2609 979 2811 1052 ἤλπιζε
2879 985 3236 1054 σωθήσεσθαι.
3294 984 3371 1040 Οὐ
3419 985 3519 1060 γὰρ
3573 983 3634 1050 ἦν

1991 1067 2387 1138 συνησπικότας
2490 1071 2622 1126 κατὰ
2706 1072 2977 1142 συντάξεις
3052 1071 3300 1135 ἐπιόντας
3385 1071 3637 1148 δέχεσθαι

1991 1159 2116 1222 τοὺς
2148 1159 2400 1235 ἐχθρούς·
2453 1162 2480 1215 6
2527 1160 2628 1236 γὰρ
2680 1159 2826 1234 ἄγων
2872 1159 3109 1222 ἐκείνους
3138 1162 3225 1215 καὶ
3259 1160 3418 1222 αὐτὸς
3452 1183 3636 1216 συντε-

1989 1248 2223 1324 τάρακτό
2269 1270 2326 1303 τε
2370 1254 2450 1321 τῷ
2503 1246 2773 1325 αἰφνιδίῳ,
2817 1249 2907 1302 καὶ
2959 1250 3066 1318 ὅπη
3122 1250 3282 1324 φύγοι
3333 1249 3636 1304 ἐσκέπτετο.

1991 1336 2249 1412 Ὀλίγους
2278 1342 2402 1412 γοῦν
2436 1337 2558 1413 περὶ
2608 1337 2765 1393 αὐτὸν
2796 1335 2964 1413 ἔχων,
3008 1337 3098 1392 καὶ
3135 1338 3368 1410 μάλιστα
3397 1338 3526 1400 τοὺς
3557 1339 3640 1392 οἷ-

1992 1426 2305 1488 κειοτάτους
2354 1427 2444 1482 καὶ
2493 1427 2573 1489 οἷς
2627 1427 2866 1482 ἐπίστευε
2897 1427 3084 1498 πλέον,
3133 1427 3224 1482 σὺν
3277 1427 3505 1492 ἐκείνοις
3531 1425 3642 1500 ἅμα

1999 1516 2093 1589 μὲν
2134 1518 2229 1578 τὰς
2285 1518 2670 1592 ὑποχωρήσεις
2699 1521 2806 1571 τῶν
2838 1512 3082 1594 φοϐερῶν
3140 1515 3377 1573 ἐποιεῖτο
3426 1516 3514 1572 καὶ
3546 1518 3642 1591 ἅμ’

1995 1605 2199 1682 ἑτέροις
2255 1601 2515 1683 φοϐεροῖς
2559 1607 2942 1680 προσέκρουεν,
2996 1607 3069 1669 ὡς
3121 1605 3246 1670 τοὺς
3297 1608 3390 1680 μὲν
3447 1604 3643 1662 ἀποδι-

213 1696 362 1752 κατᾶ
408 1695 614 1765 τρόπον
673 1699 789 1755 τοῖς
847 1693 1005 1747 ποσὶν
1057 1693 1132 1754 εἰς
1191 1689 1313 1746 ὁδὸν
1343 1691 1467 1746 τότε
1493 1694 1730 1767 χρῆσθαι
1765 1689 1887 1746 οὕτε
1919 1737 1964 1802 Β
1997 1691 2242 1768 δράσκειν
2299 1697 2446 1756 θεοῖς’
2478 1692 2522 1748 δ’
2581 1693 2891 1766 ἐμπίπτειν,
2948 1693 3037 1748 καὶ
3084 1699 3190 1749 τῶν
3251 1696 3527 1768 προτέρων
3565 1697 3640 1769 μὴ

297 1789 361 1802 ...ο
485 1784 498 1801 ν
609 1783 639 1802 ιτ
807 1780 851 1802 tu
974 1783 986 1800 η
1119 1783 1162 1802 ..ν
1211 1778 1237 1802 τι
1407 1786 1423 1802 \
1546 1781 1558 1798 \
1639 1785 1676 1802 ιι
1751 1779 1771 1802 \
1843 1783 1854 1798 ι
2043 1782 2096 1802 -I
2292 1782 2302 1797 ν
2380 1789 2402 1798 ε-
2442 1794 2460 1802 -
2653 1778 2715 1802 ορ.
2920 1783 2932 1801 \
2995 1780 3018 1802 δ
3123 1782 3134 1802 r
3333 1783 3346 1801 ν
3396 1782 3442 1800 nr
3560 1786 3583 1802 Α

216 1789 392 1858 πεζῇ,
444 1784 551 1859 οὐχ
605 1783 767 1852 ἧττον
803 1780 860 1836 δὲ
903 1783 990 1837 καὶ
1044 1783 1162 1855 μεθ’
1211 1778 1446 1852 ἵππων),
1477 1781 1604 1844 τοὺς
1639 1779 1887 1855 Βουλγά-

219 1895 358 1949 ρους
421 1875 554 1950 ἀμφ’
598 1871 758 1927 αὐτὸν
791 1869 959 1946 ἔχων,
990 1870 1080 1925 καὶ
1116 1870 1224 1924 αἱέν
1273 1868 1382 1938 ὅπη
1416 1869 1644 1940 σκηνοίη
1676 1869 1888 1946 ἐπέχων

223 1965 306 2026 ὡς
358 1961 819 2035 καταληψόμενος
871 1960 1203 2034 μονωθέντα.
1251 1960 1317 2016 Οἱ
1365 1960 1464 2034 γὰρ
1496 1959 1620 2035 περὶ
1650 1959 1740 2014 τὸν
1799 1960 1889 2035 βα-

220 2050 388 2107 σιλέα
440 2052 654 2122 πάντες,
716 2051 839 2103 ὅσον
898 2051 964 2117 ἦν
1023 2050 1406 2124 θεραπευτικὸν
1463 2048 1554 2102 καὶ
1613 2046 1885 2120 οἰκίδιον,

222 2143 364 2218 ἀμφ’
421 2140 610 2202 αὐτοῖς
670 2135 894 2200 ἕκαστος
947 2135 1255 2206 δείσαντες,
1315 2135 1489 2200 ἄλλος
1547 2135 1751 2193 ἄλλοσέ
1809 2159 1885 2208 πη

222 2233 375 2305 ὁρμῇ
437 2227 583 2304 πάσῃ
634 2227 917 2306 φεύγοντες
961 2225 1316 2303 παρεδύοντο,
1378 2226 1596 2305 ἀφέντες
1653 2225 1742 2282 καί
1791 2229 1888 2302 βα-

221 2437 329 2508 tia,
394 2435 629 2493 cunctis
686 2435 907 2508 pariter
962 2434 1109 2491 locis
1183 2434 1395 2506 partim
1466 2435 1896 2491 trucidatorum

227 2525 555 2584 acervatim
615 2524 884 2580 cumulos
941 2527 1262 2595 struentes,
1322 2523 1536 2594 partim
1594 2528 1898 2596 reptantes

229 2617 392 2673 238
425 2614 613 2671 libera
639 2630 884 2687 corpora
915 2614 1108 2670 omnis
1140 2613 1326 2669 astatis
1355 2613 1412 2668 in
1445 2613 1790 2669 cervitutem
1823 2615 1897 2670 ad

234 2706 530 2761 barbaros
561 2702 982 2774 miserabilem,
1014 2703 1096 2758 ita
1128 2708 1192 2758 ut
1248 2703 1487 2758 omnino
1546 2720 1899 2775 quocunque

233 2795 370 2866 quis
403 2793 648 2865 prodire
682 2791 1222 2865 cogitaret,nullam
1246 2793 1396 2847 viam
1427 2809 1460 2848 a
1481 2795 1749 2864 praesenti
1777 2794 1896 2848 exi-

233 2886 312 2941 tio
347 2901 470 2940 non
494 2884 624 2939 dico
654 2882 826 2955 plane
858 2888 1070 2952 tutam,
1095 2884 1194 2939 sed
1222 2900 1292 2937 ne
1323 2882 1498 2938 talem
1534 2883 1771 2955 quidem
1806 2884 1898 2939 cui

234 2973 646 3031 verisimiliter
673 2972 1046 3045 aliquatenus
1078 2978 1276 3044 posset
1309 2973 1484 3028 ﬁdere
1512 2978 1567 3028 et
1599 2978 1774 3044 caput
1803 2991 1898 3029 sa-

233 3064 555 3132 lutemque
586 3078 754 3118 suam
788 3077 920 3116 cum
955 3061 1239 3117 nonnulla
1269 3061 1355 3116 vel
1389 3062 1568 3117 dubia
1607 3080 1710 3134 spe
1741 3079 1899 3118 com-

238 3151 498 3217 mittere,
534 3149 719 3205 ullam
751 3166 1001 3221 usquam
1052 3151 1351 3221 reperiret.
1382 3151 1664 3206 Caeterum
1700 3151 1738 3206 ii
1771 3169 1898 3208 om-

237 3240 337 3294 nia
372 3256 479 3312 per
538 3238 847 3293 circuitum
906 3239 967 3294 in
1028 3238 1206 3306 hunc,
1242 3255 1414 3310 quem
1475 3239 1615 3308 dixi,
1654 3240 1897 3295 modum

232 3329 396 3385 velut
428 3328 710 3400 indagine
744 3327 1026 3400 amplexi,
1062 3328 1142 3382 ita
1190 3345 1257 3384 ex
1307 3327 1466 3382 omni
1501 3331 1660 3398 parte
1693 3345 1900 3400 prope-

236 3419 475 3485 rabant,
513 3423 580 3472 ut
610 3421 839 3472 tantum
873 3434 990 3472 non
1022 3415 1282 3488 contigui
1317 3417 1448 3471 telis
1507 3434 1573 3472 ac
1634 3418 1904 3475 mrnibus

236 3508 296 3562 in
331 3511 637 3562 momenta
662 3505 897 3578 singula
928 3505 1502 3574 cominus,adorituri
1531 3506 1900 3575 timerentur,

231 3595 331 3650 vix
361 3601 526 3650 tanto
559 3596 632 3650 ab
664 3593 782 3649 illis
816 3611 966 3666 pone
1000 3594 1359 3650 instantibus
1394 3594 1583 3665 spatio
1617 3604 1902 3665 quantum

234 3684 453 3739 itinere
485 3682 742 3738 dimidia:
773 3683 889 3738 diei
921 3681 1088 3738 facile
1137 3687 1380 3753 possent
1438 3683 1685 3750 emetiri,
1719 3683 1906 3755 impe-

236 3777 437 3829 ratore
469 3789 602 3826 cum
637 3771 1032 3827 familiaribus
1065 3771 1269 3839 paucis
1321 3771 1621 3843 equitante
1670 3774 1907 3828 eodem-

241 3879 360 3933 que
385 3861 628 3916 assidue
647 3861 880 3916 turbato
904 3861 1348 3917 accurrentibus
1367 3861 1438 3916 ab
1454 3865 1705 3932 utroque
1727 3861 1906 3917 latere

247 3950 500 4021 trepidis
563 3948 789 4005 nuntiis
849 3949 1248 4021 direptionum
1326 3966 1392 4005 ac
1448 3949 1718 4017 caedium,
1779 3968 1907 4022 quae

251 4053 554 4108 nusquam
579 4053 694 4092 non
729 4037 1240 4092 circumstantium
1275 4038 1532 4093 locorum
1558 4039 1908 4095 exerceban-

244 4133 363 4184 tur.
401 4128 880 4200 Admovebatque
923 4133 1144 4183 metum
1174 4130 1328 4200 quod
1366 4130 1482 4184 fere
1513 4130 1908 4203 contingebat,

247 4219 411 4272 unde
445 4233 618 4271 mane
651 4217 1022 4273 discessisset
1073 4218 1412 4290 imperator,
1447 4218 1524 4273 ibi
1587 4219 1786 4276 hostes
1818 4227 1908 4278 ta-

247 4305 577 4363 bernacula
600 4322 842 4376 vespere
872 4309 1071 4378 ﬁgere,
1104 4312 1160 4364 et
1189 4307 1247 4362 in
1283 4324 1398 4378 quo
1431 4325 1578 4380 pago
1613 4314 1713 4364 aut
1744 4313 1912 4382 oppi-

247 4397 322 4452 do
355 4397 488 4467 ipse
514 4394 639 4450 heri
673 4401 1089 4466 pernoctasset,
1124 4413 1192 4450 ex
1229 4413 1294 4452 eo
1330 4399 1561 4467 prodire
1619 4398 1792 4455 hodie
1822 4401 1912 4456 in-

243 4487 432 4540 festas
461 4483 544 4539 ita
599 4483 842 4540 licenter
882 4503 947 4540 ac
1009 4503 1212 4541 secure
1271 4486 1750 4544 latrocinantium
1783 4507 1912 4544 ma-

1998 1782 2214 1861 φθάνειν
2286 1782 2523 1847 ἀνεῖσθαι
2599 1778 2771 1860 φόϐον
2846 1783 2935 1837 καὶ
2991 1780 3270 1857 δευτέρους
3330 1782 3646 1858 ἐκδέχεσθαι

2001 1873 2240 1946 μείζους.
2298 1872 2400 1929 Καὶ
2458 1874 2561 1948 γὰρ
2609 1873 2695 1927 καὶ
2752 1872 2887 1926 αὖτᾶ
2939 1873 3006 1926 τὰ
3063 1877 3171 1926 τῶν
3231 1874 3368 1946 ὁρῶν
3421 1873 3646 1944 ἀναστή-

2002 1982 2143 2034 ματα
2189 1961 2477 2036 φαντασίαν
2535 1967 2802 2038 παρεῖχον
2860 1959 3167 2034 πολεμίων,
3224 1959 3646 2030 ἐπεισπεσούσης

2000 2047 2207 2112 δειλίας
2257 2049 2484 2127 ἆφάτου.
2540 2051 2734 2122 ’Ὀμως
2777 2047 2833 2104 δὲ
2881 2051 2967 2104 καὶ
3015 2047 3203 2113 ἄλλως
3232 2047 3529 2123 ἠγγέλλετο
3582 2050 3646 2104 τὸ

2000 2136 2196 2194 δεινόν·
2231 2139 2293 2193 οὐ
2340 2141 2442 2214 γὰρ
2499 2142 2564 2208 ἦν
2615 2141 2758 2202 ὅστις
2807 2139 2896 2193 καὶ
2942 2137 3186 2214 προσιὼν
3234 2141 3268 2210 ἢ
3328 2139 3417 2193 καὶ
3467 2139 3649 2216 φανεῗς

1999 2226 2050 2300 ἐξ
2082 2228 2306 2302 ἑτοίμου
2336 2230 2402 2284 οὐ
2451 2224 2618 2303 φόϐον
2649 2226 2913 2304 ἤγγελλε.
2967 2227 3069 2283 Κᾶν
3103 2249 3208 2284 που
3238 2227 3327 2283 καὶ
3358 2247 3653 2304 παρεσκευ-

2010 2436 2201 2492 festim
2226 2437 2486 2492 irruendi
2510 2436 2898 2508 capiendique
2922 2437 3116 2508 ipsum
3147 2453 3292 2510 pene
3308 2437 3434 2508 jam
3467 2435 3660 2492 solum

2007 2525 2298 2580 relictum.
2331 2525 2476 2580 Nam
2511 2542 2639 2596 quae
2669 2527 2846 2580 turba
2879 2525 3044 2580 illum
3097 2525 3334 2582 familiae
3366 2542 3430 2580 ac
3487 2525 3670 2580 mini-

2009 2615 2170 2670 sterii
2203 2615 2511 2671 domestici
2543 2615 2809 2670 comitari
2841 2619 3095 2687 cmperat
3143 2615 3252 2671 hoc
3306 2616 3416 2670 iter
3472 2615 3669 2687 ingre-

2009 2705 2286 2774 dientem,
2321 2704 2626 2759 difﬂuebat
2657 2707 2715 2758 in
2751 2704 2947 2774 horas,
2981 2710 3139 2760 metu
3185 2705 3361 2760 ﬁdem
3394 2720 3461 2760 ac
3493 2721 3664 2761 reve-

2011 2794 2256 2848 rentiam
2287 2794 2572 2861 vincente,
2609 2810 2956 2866 unoquoque
2989 2812 3091 2866 pro
3138 2809 3199 2849 se
3231 2793 3503 2858 sollicito,
3539 2810 3667 2848 mo-

2012 2884 2084 2937 do
2115 2899 2282 2937 suam
2325 2883 2515 2954 ipsius
2548 2883 2729 2938 veloci
2761 2885 2899 2954 fuga
2931 2892 2984 2938 et
3044 2882 3363 2954 penetratis
3395 2881 3660 2936 latibulis

2011 2973 2228 3044 ignotis
2273 2972 2426 3028 hosti
2459 2972 2708 3028 salutem
2769 2974 2826 3027 in
2883 2977 3008 3027 tuto
3068 2971 3401 3044 possuisset
3456 2987 3665 3042 parum

2011 3062 2177 3134 pensi
2211 3063 2366 3118 234
2397 3062 2645 3117 habente
2703 3062 2843 3133 quid
2889 3061 3084 3131 sociis,
3119 3061 3258 3132 quid
3291 3060 3405 3132 ipsi
3434 3058 3667 3114 contin-

2015 3156 2173 3222 geret
2207 3151 2475 3223 principi.
2507 3152 2568 3206 In
2604 3168 2719 3222 quo
2751 3154 2874 3205 erat
2908 3151 3054 3206 mira
3078 3155 3134 3206 et
3167 3150 3382 3205 misera
3413 3149 3666 3203 varietas

2013 3240 2310 3296 incondite
2345 3257 2817 3312 quoquoversum
2853 3240 3172 3306 ruentium,
3198 3255 3332 3294 cum
3365 3239 3511 3294 alios
3534 3254 3669 3307 pru-

2013 3331 2157 3385 dens
2183 3330 2380 3396 timor,
2416 3329 2564 3386 alios
2595 3329 2804 3401 panica
2819 3328 3236 3397 consternatio,
3268 3327 3413 3384 alios
3461 3343 3663 3382 rumor

2016 3417 2224 3488 falsus,
2258 3419 2571 3490 quosdam,
2605 3419 2838 3490 ignaros
2894 3418 3113 3489 alioqui
3175 3417 3315 3488 quid
3375 3420 3669 3489 ageretur,

2017 3509 2140 3580 ipse
2171 3507 2462 3564 tumultus
2493 3510 2661 3564 anxie
2690 3506 3318 3579 circumspectantium
3346 3511 3402 3561 et
3433 3523 3676 3561 cursan-

2014 3597 2161 3652 tium
2197 3597 2544 3669 contagione
2596 3597 3026 3670 inquietudinis
3081 3597 3332 3668 quadam
3387 3595 3680 3667 abriperet
3723 3593 3731 3616 '

2018 3704 2132 3758 quo
2165 3687 2388 3742 salvum
2443 3704 2505 3743 se
2565 3689 2816 3759 quisque
2877 3686 3151 3758 sperabat
3210 3687 3351 3751 fore,
3385 3686 3496 3740 hoc
3553 3687 3676 3757 jam

2019 3777 2262 3832 elfusius
2299 3782 2355 3831 et
2387 3778 2736 3833 verecundia
2771 3777 3009 3839 minori,
3047 3777 3198 3846 quod
3265 3791 3367 3829 nec
3429 3775 3476 3829 si
3533 3776 3677 3845 quid

2021 3864 2296 3935 cuiquam
2330 3866 2634 3936 praesentis
2660 3867 2729 3919 ad
2755 3865 3149 3919 resistendum
3179 3871 3334 3918 esset
3363 3863 3564 3933 animi,
3587 3865 3676 3918 fa-

2021 3954 2208 4009 cultas
2241 3955 2369 4024 ejus
2402 3955 2480 4008 rei
2516 3956 2751 4010 adesset
2774 3953 2911 4020 ulln,
2938 3954 3141 4023 utique
3164 3952 3291 4023 ipso
3325 3953 3562 4007 ductore
3583 3969 3678 4008 no-

2019 4045 2194 4098 vitate
2227 4043 2366 4098 mali
2398 4044 2575 4099 subiti
2611 4042 2900 4115 perculso,
2925 4058 3086 4112 spem
3114 4039 3304 4110 palam
3341 4056 3677 4112 repugnan-

2021 4133 2078 4187 di
2111 4133 2428 4187 damnante
2461 4149 2717 4201 omncm,
2743 4137 2796 4188 et
2822 4131 2960 4186 nihil
2987 4130 3144 4186 aliud
3175 4146 3350 4200 quam
3387 4131 3584 4201 fugam
3619 4133 3677 4184 et

2020 4222 2275 4277 latebras
2308 4226 2620 4290 quaerente.
2649 4221 2749 4276 Hic
2775 4237 2905 4288 ergo
2940 4237 3072 4276 cum
3099 4219 3302 4291 paucis
3327 4235 3474 4289 quos
3495 4218 3676 4272 habe-

2021 4311 2122 4366 bat
2147 4327 2342 4366 secum
2379 4311 2631 4381 reliquos
2663 4326 2730 4365 ex
2765 4309 3012 4364 maxime
3055 4307 3280 4364 intimis
3334 4325 3400 4362 ac
3457 4306 3675 4361 ﬁdissi-

2024 4400 2158 4466 mis,
2195 4416 2466 4470 prorsum
2504 4404 2844 4465 retrorsum,
2879 4398 3020 4453 laava
3075 4399 3300 4462 dextra,
3332 4396 3390 4450 in
3448 4401 3674 4467 partem

2023 4505 2255 4543 omnem
2294 4505 2355 4543 se
2387 4488 2824 4561 circumagebat
2854 4488 3210 4543 vitabundus
3259 4489 3317 4541 et
3349 4487 3676 4553 incurrens,

245 4590 383 4642 nus,
419 4577 487 4628 ut
516 4571 930 4644 manipulatim
969 4572 1164 4643 palare
1197 4573 1448 4644 dispersi
1479 4579 1535 4630 et
1571 4593 1914 4650 quocunque
1947 4577 1991 4639 D
2024 4578 2159 4632 hinc
2184 4576 2453 4647 repulsus
2477 4586 2693 4632 terrore
2718 4578 3013 4649 conspecti
3037 4575 3384 4649 mali,pejus
3407 4574 3528 4628 illic
3550 4592 3678 4646 quis

247 4661 515 4717 alliceret
546 4663 743 4734 praeda
799 4662 1112 4718 inordinati
1174 4680 1475 4720 accurrere
1534 4682 1645 4720 non
1682 4667 1913 4724 dubita-

246 4755 410 4807 rent:
433 4767 500 4806 eo
527 4751 754 4806 ﬁduciae
778 4768 843 4808 ac
865 4757 1236 4824 contemptus
1257 4758 1593 4809 nostrorum
1613 4773 1912 4813 armorum

252 4843 500 4911 impune
534 4839 817 4896 hactenus
843 4857 1123 4897 ausorum
1155 4843 1516 4913 experientia
1542 4845 1915 4903 devenerant.

249 4929 550 4984 Ductabat
581 4928 640 4983 in
668 4929 995 5002 propinquo
1028 4932 1362 5002 sejunctum
1397 4949 1430 4986 a
1461 4933 1742 4990 Tocharis
1778 4953 1918 4992 suo-

249 5034 379 5072 rum
415 5033 628 5090 agmen
649 5018 1067 5074 Constantinus
1093 5037 1266 5074 curru
1291 5020 1527 5077 vehens:
1557 5022 1737 5078 fracto
1759 5025 1917 5080 enim

253 5107 554 5177 quondam
587 5120 757 5161 crure
788 5107 867 5162 ita
903 5124 1057 5162 nunc
1087 5107 1281 5164 adhuc
1315 5109 1589 5165 utebatur
1619 5112 1820 5184 debili,
1855 5119 1918 5170 ut

255 5212 357 5251 nec
393 5195 575 5268 pedes
607 5195 876 5252 incedere
928 5214 1033 5252 nec
1090 5197 1355 5270 equitare
1388 5199 1542 5269 potis
1601 5210 1774 5257 esset.
1807 5207 1914 5260 Te-

255 5286 435 5339 nebat
475 5285 630 5340 circa
686 5301 747 5341 se
805 5285 1088 5358 Bulgaros
1152 5287 1438 5358 plurimos
1500 5291 1801 5359 expeditos
1858 5293 1915 5348 in

257 5373 446 5446 equis,
482 5375 717 5445 evagari
752 5391 848 5429 eos
885 5380 948 5430 ut
975 5375 1268 5431 Tocharos
1301 5393 1413 5430 non
1447 5377 1672 5445 sinens,
1694 5383 1794 5436 sed
1830 5381 1918 5437 in-

260 5467 422 5518 tenta
452 5479 593 5518 cura
625 5479 858 5534 semper
884 5464 1189 5535 inquirens
1223 5465 1467 5521 ubinam
1525 5466 1922 5527 diversaretur

265 5550 609 5624 imperator,
630 5552 928 5624 proposito
979 5553 1201 5610 scilicet
1231 5571 1297 5611 ac
1327 5554 1648 5627 cupiditate
1681 5575 1747 5616 eo
1779 5578 1918 5619 con-

2027 4667 2322 4739 refugerat
2354 4668 2671 4738 reperiens,
2709 4672 2829 4722 tum
2865 4685 2893 4720 ιι
2928 4666 3173 4738 quaesito
3224 4664 3363 4720 alibi
3415 4665 3680 4736 perfugio

2027 4757 2218 4830 specie
2249 4755 2508 4812 tetrioris
2540 4756 2674 4812 inde
2705 4773 2767 4812 se
2798 4755 3146 4812 ostentantis
3195 4755 3352 4811 exitii
3385 4753 3686 4819 exclusus,

2024 4846 2233 4902 anxius
2264 4862 2498 4918 semper
2527 4851 2583 4901 et
2609 4847 3263 4917 :estuans,perturbata3,
3292 4848 3356 4901 ut
3388 4845 3471 4914 ﬁt,
3499 4843 3682 4900 menti

2028 4951 2223 4990 errore
2286 4935 2622 4991 occulorum
2678 4935 3052 4990 formidinem
3105 4935 3379 5002 addente,
3419 4950 3484 4989 ac
3542 4933 3684 5004 iuga

2031 5024 2320 5080 montium
2359 5023 2586 5094 aliaque
2618 5023 2808 5079 obiter
2829 5025 3166 5095 apparentia
3184 5023 3240 5078 in
3266 5023 3466 5078 hostes
3491 5038 3686 5077 arma-

2033 5119 2122 5169 tos
2155 5115 2564 5185 irruentesque
2597 5114 2982 5169 deformante.
3010 5112 3408 5183 lmaginabant
3431 5111 3683 5166 subinde

2034 5202 2329 5258 miseriam
2363 5203 2725 5274 desperantis
2748 5203 2872 5274 jam
2909 5200 3192 5272 principis
3223 5199 3528 5253 obviorum
3567 5213 3676 5249 an-

2031 5293 2337 5362 decunque
2370 5295 2594 5348 atroces
2636 5291 2850 5361 nuntii,
2874 5308 3030 5357 vera,
3066 5287 3263 5355 dubia,
3293 5289 3444 5352 ﬁcta,
3469 5285 3682 5341 tristis-

2031 5383 2184 5439 sima
2213 5384 2412 5438 omnia
2443 5383 2850 5454 horrendaque
2884 5379 3358 5438 referentium.ld
3395 5391 3545 5446 saepe
3578 5391 3677 5429 co-

2033 5473 2202 5529 mites
2235 5475 2451 5546 experti
2485 5475 2914 5531 submovebant
2954 5472 3163 5528 deinde
3219 5467 3543 5534 venientes,
3576 5479 3681 5518 nec

2034 5562 2198 5620 affari
2221 5563 2546 5638 principem
2569 5563 2861 5634 sinebant,
2889 5562 3041 5619 unde
3065 5561 3235 5618 etiam
3262 5554 3495 5613 utilium
3535 5552 3683 5609 indi-
