4018 6198
420 273 528 328 679
1728 256 2028 314 GBORGII
2067 259 2529 315 PACHYMERE
3649 277 3734 336 580

424 399 579 466 ἀζετο
627 386 962 466 συγχατιέναι
1011 386 1090 458 [Ρ.
1145 384 1269 456 156]
1322 381 1460 455 πρὸς
1509 377 1639 440 τοὺς
1689 375 1923 452 ἐχθροὺς
1983 377 2070 432 ἰπὶ
2103 384 2152 450 Α
2185 385 2374 457 χεῖρας
2427 381 2490 436 τὸ
2519 387 2618 452 τῆς
2652 381 2820 439 Αἴνου
2850 383 3109 462 φρούριον
3160 386 3476 454 ὑπεισδύντες
3512 397 3602 448 τῶν
3651 395 3737 453 διι-

419 491 496 558 τῷ
544 485 729 557 μαθεῖν
783 477 974 534 ὁπόσοι
1031 475 1122 530 καὶ
1179 473 1328 533 ὅπως
1381 470 1544 540 ⁹ιοιεν,
1604 470 1656 522 οἱ
1710 467 1834 541 περὶ
1866 466 2066 522 ἐκεῖνον
2178 472 2282 522 νῶν
2341 468 2708 524 ἀναπνέουσιν·
2763 471 2840 529 Οὐ
2903 474 3010 544 μὴν
3061 472 3117 528 δὲ
3163 476 3247 529 καὶ
3301 476 3373 541 εἷς
3422 477 3546 533 πολὺ
3601 486 3740 541 σοὶσιν

1791 557 1799 558 ,
1856 555 1864 558 _
1963 555 1970 558 .
3640 541 3647 558 .

435 541 478 558 ν.
544 541 553 557 ι
2904 541 2913 544 -

417 573 506 628 διὰ
556 572 617 626 τὸ
670 570 893 643 μέγεθος
923 570 1019 621 τοῦ
1050 560 1298 618 κινδύνου
1347 565 1626 634 κατεῖχονν
1661 558 1734 619 ὡς
1786 555 1872 611 ἐπὶ
1905 555 2064 629 μόνον
2177 558 2244 626 ἦν
2304 560 2338 626 ἡ
2400 563 2507 612 τῶν
2566 558 2744 614 πόνων
2809 559 3009 631 ἄνεσις,
3065 560 3191 618 ἀλλ’
3247 563 3428 620 ἐκεῖνοι
3459 541 3672 640 μαθόντές
3693 577 3741 631 τὰ

412 663 541 737 ὀρᾷν
585 660 647 713 τὸ
704 658 986 726 σώζεσθαι.
1047 652 1223 714 Μόλις
1279 654 1409 724 γοῦν
1467 647 1579 718 νυξὶ
1635 646 1726 701 καὶ
1779 643 2068 719 παροδίαις
2175 648 2299 724 περὶ
2355 651 2446 703 τὸν
2492 649 2749 723 σουλτὰν,
2798 653 2888 706 καὶ
2921 653 3005 706 ὅτι
3053 656 3121 726 τῇ
3156 652 3298 727 Αἴνῳ
3344 658 3618 732 ’προσμένει⁷
3659 665 3743 736 ἀμ,

447 717 455 737 ⁸
493 717 502 731 Ι
799 717 814 726 ⁵
888 717 899 720 ν
1293 717 1303 724 '
1546 717 1551 718 7
1859 717 1865 719 -
2248 717 2257 724 ’
2736 717 2746 723 ’
3099 717 3106 726 -
3273 717 3282 727 .
3387 717 3395 732 ,
3480 717 3488 730 ,
3611 717 3618 731 ,
3711 717 3740 720 τ

415 747 790 826 βοηθούμενος
847 739 1159 820 προσϐαίνει
1215 745 1296 813 τῷ
1359 735 1532 810 Γᾶνῳ,
1592 734 1879 791 ἀπολιπὼν
1939 733 2066 799 τοὺς
2177 734 2234 792 δὲ
2279 737 2525 813 καὶπερὶ
2573 744 2680 793 τῶν
2733 739 2943 809 ἄλλων,
2978 741 3146 796 ἐκεῖσε
3191 741 3448 817 πανδημεὶ
3478 717 3740 821 σῦναμαέαὶ

411 838 639 900 λοιποὺς
673 841 851 906 ζητεῖν
885 834 993 904 ὅπη
1028 833 1313 900 σώζοιντο.
1362 831 1484 884 Τῶν
1530 826 1632 901 γὰρ
1687 824 1911 878 κατόπιν
1950 821 2064 877 ἷόν-
2171 831 2250 898 τῷ
2308 830 2696 901 Κωνσταντίνῳ
2754 832 3224 904 συναθροισθέντες
3279 835 3372 902 τὴν
3413 833 3557 890 πόλιν
3602 860 3743 911 περιε.

406 951 513 986 των
564 927 654 983 καὶ
708 923 837 999 μάλ’
887 920 1252 998 ἀπεγίνωσκεν
1303 919 1379 980 ὡς
1425 915 1793 987 ἀλωσομένων
1824 956 1836 969 .
1890 915 2062 969 Ἦσαν
2170 916 2406 987 κάθηντο
2464 917 2552 972 καὶ
2587 916 2734 972 δεινὰ
2765 918 3002 990 ἐποίουν,
3037 917 3199 989 δῆλοι
3245 918 3387 986 ὄντες
3415 924 3481 986 ὡς
3507 924 3742 983 ἀνάστατον

409 1019 453 1074 δ’
513 1019 664 1073 οὗτοι
696 1016 747 1070 οἳ
782 1012 849 1083 δὴ
878 1013 940 1067 τὸ
993 1008 1274 1086 βασιλικὸν
1305 1011 1552 1080 ταμιεῖον
1605 1001 1940 1075 διεκόμιζον,
1969 1000 2060 1055 καὶ
2169 1007 2512 1076 ποιήσοντες.
2560 1003 3019 1084 Ἢκροϐολίζοντο
3067 1013 3191 1085 γοῦν
3245 1011 3354 1064 καθ’
3399 1009 3584 1088 ἡμέραν
3625 1038 3742 1092 περι.

405 1110 456 1164 οἳ
516 1106 652 1184 ἀμφῖ
718 1105 808 1160 τὸν
869 1101 1100 1156 σουλτὰν
1148 1097 1436 1167 Ἀζατίνην
1519 1096 1756 1154 Ἐκεῖνος
1808 1091 1902 1164 μὲν
1967 1089 2060 1144 οὖν
2169 1093 2494 1160 κυκλοῦντες
2547 1097 2609 1150 τὸ
2659 1096 2939 1174 φρούριον,
2988 1097 3079 1152 καί
3117 1097 3374 1168 ἠπείλουν
3403 1107 3508 1164 τοῖς
3545 1089 3742 1172 ἐντὸςεί

405 1193 610 1257 ὑποδὺς
665 1194 729 1248 τὸ
789 1188 934 1268 ὅρος,
995 1185 1380 1263 ταχυδρόμους
1440 1181 1696 1256 πέμπων,
1757 1179 1900 1234 ἔνθεν
1963 1180 2056 1253 μὲν
2174 1185 2249 1256 μή
2281 1181 2555 1259 προδοῖεν,
2585 1187 2650 1239 τὰ
2683 1187 2953 1263 χείριστα,
3004 1188 3070 1244 Οἱ
3105 1186 3161 1242 δὲ
3212 1189 3429 1264 ὁρῶντες
3475 1191 3557 1263 μὲν
3599 1194 3745 1249 καὶτὰ

404 1287 687 1342 ἐσκέπτετο
744 1281 871 1342 τοὺς
930 1277 1162 1354 ἐχθροὺς
1221 1275 1472 1335 ἐπιόντας
1530 1269 1806 1326 λανθάνων
1866 1269 2057 1346 ἐκφεύ-
2169 1270 2319 1326 δεινᾶ
2351 1273 2401 1327 ἐν
2431 1275 2555 1348 χρῷ
2587 1274 2763 1352 σφίσιν
2818 1277 2967 1347 ὅντα,
3017 1277 3107 1332 καὶ
3160 1278 3232 1338 ὡς
3284 1278 3342 1332 οὐ
3381 1280 3538 1356 φυχτά
3562 1281 3618 1334 τὰ
3641 1285 3746 1337 κατὰ

400 1397 535 1450 γειν,
589 1368 734 1428 ἔνθεν
796 1369 852 1425 δὲ
909 1368 998 1423 καὶ
1051 1367 1488 1440 ταχυναυτοῦσαν
1539 1363 1738 1434 τριήρη
1790 1363 2054 1433 προσχεῖν
2167 1368 2326 1439 σφᾶς,
2370 1363 2414 1416 εἰ
2473 1358 2806 1438 ἐπιϐρίσειαν
2839 1363 3054 1434 πλῆθος
3100 1361 3248 1428 ὄντες
3297 1364 3407 1421 οὐδ’
3460 1367 3535 1422 ἐπὶ
3592 1371 3742 1440 μικρὸν

403 1463 492 1519 διὰ
520 1463 735 1538 ταχέων
787 1464 902 1522 τοῖς
937 1452 1083 1533 ὄρεσι
1133 1451 1515 1529 παρεσκεύαζε.
1568 1449 1669 1506 Καὶ
1701 1447 1767 1516 δὴ
1798 1447 1926 1508 τοὺς
1959 1448 2053 1520 μὲν
2166 1450 2540 1524 λογιζόμενοι,
2570 1454 2802 1528 ὁρῶντες
2829 1452 2887 1508 δὲ
2915 1455 3005 1508 καὶ
3053 1455 3114 1509 τὸ
3165 1454 3416 1532 φρούριον
3448 1457 3516 1518 ὡς
3557 1479 3745 1528 κατερη-

400 1554 459 1610 έκ
514 1552 686 1607 τόπου
741 1549 906 1604 τόπον
986 1539 1228 1617 ἀμείϐων
1299 1544 1532 1600 συνετῶς
1587 1538 1838 1615 ἐμφανεῖς
1899 1538 2055 1597 δντας
2167 1538 2430 1615 ριμμένον
2492 1541 2581 1595 καί
2626 1538 2859 1596 ἐνδῶσον
2900 1542 3090 1597 αὐτίκα
3140 1542 3184 1597 εἰ
3239 1546 3577 1619 μηχανήμασι
3613 1565 3747 1618 προσ-

400 1643 536 1698 κατὰ
588 1641 651 1695 τὸ
684 1637 918 1706 λεληθὸς
952 1631 1314 1706 διεδίδρασκε”
1373 1631 1474 1698 τὴν
1524 1626 1580 1682 δὲ
1645 1627 1828 1700 μαθὼν
1872 1627 2054 1701 εὐτρε-
2163 1631 2432 1702 κρουσθῇ,
2466 1628 2517 1683 ἐν
2577 1626 2774 1692 δεινοῖς
2821 1633 2981 1700 ἦσαν.
3036 1631 3190 1700 Πλὴν
3222 1629 3334 1686 οὐδ’
3381 1631 3429 1686 οἳ
3459 1655 3516 1707 γε
3537 1633 3748 1710 κατερέᾳ·

401 1736 677 1795 πισθεῖσαν
739 1732 1034 1803 παρεῖναι,
1114 1714 1455 1797 συγκαταϐὰς
1507 1722 1624 1780 τοῖς
1686 1715 1903 1777 λοιποῖς
1956 1720 2053 1770 τοῦ
2085 1755 2130 1819 Β
2165 1716 2370 1788 θύμουν
2435 1718 2509 1790 μή
2561 1717 2650 1772 καὶ
2716 1725 2968 1792 προνοεῖν
3020 1721 3234 1782 ἑαυτοῖς
3277 1721 3344 1775 τὰ
3395 1721 3464 1782 εἷς
3504 1721 3747 1795 σωτηρίαν·

686 1812 848 1819 Α-.
1060 1810 1270 1819 ..μ
1621 1801 3283 1819 ,κκ....,........
3521 1809 3709 1819 _..

399 1820 558 1896 ὅρους
607 1812 856 1872 ἐπέϐαινέ
884 1835 942 1868 τε
989 1812 1076 1866 καὶ
1131 1810 1182 1871 ἐς
1232 1803 1804 1862 Κωνσταντινοόπολιν
1858 1801 2050 1859 διεσώ-
2085 1801 2130 1819 ⁸³
2164 1806 2248 1860 Ἐν
2314 1806 2464 1881 μέρει
2513 1804 2570 1860 δὲ
2612 1807 2702 1861 καὶ
2754 1808 2806 1861 οἱ
2853 1807 2978 1882 περὶ
3030 1810 3091 1863 τὸ
3140 1809 3322 1863 κοινὸν
3370 1815 3593 1882 ταμιεῖον
3631 1811 3673 1864 ἐν
3696 1809 3752 1864 ἐν.

399 1891 537 1978 ζετο.
595 1908 658 1959 Οἱ
713 1903 760 1958 δ’
820 1901 986 1957 ἄλλοι
1057 1895 1563 1967 διασκεδαννύμενοι
1620 1891 1902 1968 πανταχοῖ)
1953 1900 2053 1962 τῆς
2159 1894 2334 1958 νοίαις
2387 1895 2632 1966 μείζοσιν
2693 1896 2727 1966 ἢ
2786 1897 2963 1974 φέρειν
3018 1898 3175 1969 ἦσαν,
3235 1903 3350 1959 πῶς
3406 1897 3462 1952 ἂν
3509 1896 3748 1968 διασωθείη

399 1997 611 2071 Θρᾴκης
641 1995 693 2049 οὶ
747 1993 842 2065 μὶν
889 1989 1207 2060 ἡλίσκοντο,
1261 1987 1312 2040 οἱ
1362 1983 1418 2039 δὲ
1449 1985 1508 2038 ἐκ
1553 1988 1649 2038 τοῦ
1697 1983 1839 2057 παρᾶ
1894 1980 2048 2071 δόξαν
2159 1981 2318 2071 τόσος
2369 1983 2543 2071 σωρὸς
2576 1983 2905 2058 χρημάτων,
2936 1984 3060 2046 ὅσος
3114 1985 3164 2040 ἐν
3205 1985 3498 2059 νομίσμασι
3537 1987 3614 2040 καὶ
3655 1987 3752 2047 ὅσος

395 2085 486 2140 καὶ
519 2082 865 2152 διεσώζοντο.
899 2080 961 2132 Οἱ
997 2072 1180 2150 μέντοι
1229 2095 1288 2150 γε
1330 2077 1437 2127 τῶν
1487 2071 1725 2142 οἰκείων,
1776 2073 1857 2132 οἷς
1901 2091 1959 2125 τε
1987 2070 2051 2124 τὸ
2161 2069 2211 2124 ἐν
2273 2067 2555 2148 διαφόροις
2612 2071 2985 2148 θειυροῦμεννς
3044 2072 3208 2128 εἶ’δεσι
3236 2118 3247 2128 .
3303 2075 3396 2128 Καί
3447 2095 3504 2147 γε
3539 2073 3617 2128 καὶ
3654 2075 3750 2148 περὶ

397 2175 574 2230 κοινὸν
606 2176 854 2245 ταμιεῖον
905 2167 1288 2242 ἐπετέτραπτο,
1350 2161 1440 2217 σύν
1499 2159 1713 2222 τούτοις
1766 2157 1822 2214 δὲ
1863 2159 1952 2214 καὶ
1997 2159 2049 2214 οἳ
2159 2157 2416 2222 πλείονος
2463 2167 2563 2230 τῆς
2596 2165 2743 2239 σφῶν
2791 2161 3063 2238 σωτηρίας
3106 2159 3593 2232 ποιοῦντες,δεινὸν
3618 2162 3752 2238 ἡγού-

397 2263 537 2340 ἆμφὶ
567 2262 657 2318 τὸν
689 2258 943 2328 σουλτᾶν,
992 2257 1086 2318 τὰς
1131 2258 1239 2309 τῶν
1273 2251 1482 2328 ἐχθρῶν
1533 2248 1695 2324 μόλις
1740 2246 2048 2322 διαδράντες
2163 2269 2315 2322 μενοι
2345 2250 2434 2303 καὶ
2486 2251 2760 2305 πεσόντων
2823 2250 3039 2306 ἐκείνων
3073 2250 3122 2305 εἷ’
3161 2253 3336 2307 τόσων
3386 2251 3444 2307 τὸ
3484 2253 3642 2306 κοινὸν
3668 2272 3754 2306 cz:-

397 2499 495 2538 ces
526 2480 624 2553 qui
650 2481 720 2535 de
747 2477 1020 2535 hostibus
1043 2490 1159 2546 quo
1182 2471 1308 2528 loco
1330 2473 1528 2527 essent
1549 2472 1608 2524 et
1631 2466 1768 2539 quid
1793 2470 2053 2538 agerent,
2163 2467 2955 2540 obsederunt,oppugnantes
2969 2485 3142 2540 quam
3155 2469 3754 2541 polerantferocissime,

394 2568 725 2626 necessaria
756 2568 905 2621 scitu
965 2561 1297 2634 suggesturi
1356 2557 1721 2620 advolarant,
1752 2555 2051 2610 inauditos
2162 2574 2229 2612 ac
2261 2557 2432 2628 plane
2465 2575 2578 2629 prae
2612 2575 2673 2612 se
2704 2559 2957 2613 ferentes
2989 2559 3398 2615 destructuros
3435 2576 3494 2614 se
3521 2560 3754 2631 oppidum

394 2655 595 2729 repelli
629 2653 1027 2725 contingebat,
1061 2646 1458 2720 imprudentia
1488 2647 1614 2700 sine
1647 2644 1824 2698 dubio
1852 2643 2048 2698 exclu-
2161 2662 2293 2700 cum
2328 2662 2480 2702 arce.
2511 2646 2738 2702 Corona
2767 2647 2949 2718 igitur
2975 2647 3233 2704 cinctam
3297 2649 3652 2703 munitionem
3679 2664 3755 2701 sa-

393 2746 657 2802 dentium
693 2759 944 2815 magna:
978 2739 1080 2794 sed
1114 2755 1218 2793 sua
1248 2753 1345 2792 eos
1375 2737 1759 2790 excecaverat
1787 2737 2047 2788 conster-
2157 2734 2322 2805 gittis
2353 2735 2614 2808 undique
2646 2737 2798 2792 236
2826 2753 2891 2791 ac
2919 2736 3130 2806 jaculis
3187 2755 3288 2810 per
3343 2739 3491 2793 diem
3530 2736 3756 2794 continue

394 2835 575 2902 natio,
600 2832 805 2898 nimio,
839 2834 905 2885 ut
961 2829 1025 2883 ﬁt
1055 2828 1206 2884 ‘235
1250 2825 1409 2880 exitii
1471 2827 1628 2878 metu
1686 2822 1744 2876 in
1803 2821 2043 2878 exitium
2158 2825 2450 2894 petebant,
2476 2829 2533 2880 et
2562 2825 2929 2880 atrocissima
2961 2842 3214 2898 quaeque
3243 2826 3618 2897 praesidiariis,
3641 2826 3686 2880 ni
3709 2841 3756 2878 se

401 2929 655 2980 ruentes.
690 2920 948 2976 Tandem
985 2912 1643 2989 asgerrime,faventibus
1675 2911 1931 2965 noctium
1962 2915 2047 2966 te-
2155 2914 2423 2968 dederint
2452 2915 2847 2970 minabantur.
2878 2915 2985 2980 Qui
3015 2920 3215 2971 autem
3251 2917 3408 2971 intus
3439 2915 3655 2972 erantin
3682 2931 3752 2968 ar-

391 3014 611 3080 nebris,
639 3012 875 3082 juvanle
908 3007 975 3062 ad
1001 3005 1303 3061 latendum
1339 3001 1652 3057 solitudine
1683 2999 1918 3054 callium
1954 2998 2044 3053 in—
2152 3006 2210 3056 to
2240 3019 2301 3057 se
2327 3003 2742 3076 deprehensos,
2775 3004 3012 3058 admota
3051 3006 3328 3060 cominus
3359 3010 3414 3060 et
3458 3006 3571 3076 jam
3597 3008 3751 3058 cutem

386 3104 636 3168 viorum,
689 3100 915 3156 Ganum
978 3099 1239 3150 montem
1301 3091 1641 3148 conscendit
1697 3090 2033 3160 imperator,
2070 3092 2113 3159 C
2149 3106 2353 3144 exorsa
2387 3107 2554 3146 urere
2586 3090 2978 3146 ineluctabilis
3008 3091 3064 3145 vi
3123 3093 3291 3160 mali,
3328 3094 3641 3160 sentientes,
3668 3106 3754 3144 res-

387 3191 603 3247 relictis
619 3187 1032 3252 comitibus,et
1052 3183 1157 3239 sibi
1186 3179 1616 3252 proutquisque
1640 3178 2039 3248 possetjussis
2146 3179 2393 3234 tuabant
2423 3179 2576 3234 anxii
2609 3183 2664 3235 et
2692 3184 2923 3235 tantum
2957 3197 3072 3236 non
3105 3180 3755 3253 despondebantanimos

387 3278 709 3335 consulere.
731 3276 877 3330 Nam
899 3290 996 3329 eos
1019 3287 1260 3326 suorum
1288 3270 1386 3339 qui
1421 3284 1569 3339 pone
1597 3265 2042 3322 assectahantur
2147 3267 2609 3339 haudquaquam
2673 3285 2801 3324 sese
2834 3286 3001 3341 pares
3061 3270 3417 3341 repellendis
3473 3269 3751 3325 assultibus

389 3368 578 3439 magis
613 3367 919 3434 magisque
950 3359 1297 3431 desperabat
1327 3358 1579 3427 eﬂ‘ugere
1612 3371 1781 3426 posse
1827 3371 2038 3408 manus
2145 3356 2427 3424 hostium,
2461 3358 2532 3424 si,
2582 3358 2736 3430 quod
2773 3374 2908 3412 mox
2966 3359 3230 3414 futurum
3288 3359 3594 3430 apparebat
3643 3356 3753 3411 totis

385 3456 669 3511 hostium.
703 3453 882 3506 Erant
911 3453 1100 3503 autem
1135 3447 1197 3501 hi
1230 3446 1331 3517 qui
1375 3460 1591 3514 penum
1625 3447 1681 3496 et
1732 3441 2038 3510 Pecuniam
2144 3446 2366 3501 viribus
2399 3447 2708 3513 irruerent,
2744 3446 2962 3518 quippe
2987 3448 3086 3518 qui
3110 3463 3173 3502 se
3197 3452 3358 3503 tanto
3381 3447 3521 3518 ipsis
3558 3444 3752 3500 inferio-

384 3539 821 3616 imperatoriam
852 3538 1184 3608 portabant,
1216 3539 1273 3589 et
1316 3533 1514 3588 BUltan
1561 3531 1843 3587 Azatinus
1901 3546 2034 3584 cum
2145 3551 2495 3590 resnumero
2514 3535 2798 3605 viderent,
2817 3536 2888 3590 ad
2915 3536 3036 3590 haec
3055 3535 3754 3592 arceinclusosseinﬁrma

383 3634 529 3690 suis.
563 3637 741 3686 Porro
773 3629 1093 3698 imperator
1126 3623 1223 3678 ubi
1267 3630 1524 3677 montem
1584 3619 1786 3685 subiit,
1820 3619 2035 3674 celeres
2145 3630 2202 3680 et
2232 3625 2600 3689 semidiruta,
2635 3625 2805 3695 cujus
2837 3641 2967 3695 quas
3008 3627 3316 3681 restabant
3371 3628 3583 3697 integra
3626 3621 3750 3677 haud

381 3723 440 3778 in
475 3722 704 3776 diversa
737 3717 999 3783 mittens,
1032 3713 1125 3768 hic
1159 3713 1396 3784 quidem
1454 3713 1841 3767 adventantes
1899 3725 2035 3779 spe-
2142 3714 2457 3770 essentiam
2481 3713 3630 3786 solidioperisutposssentmacbinarum
3648 3727 3754 3768 mox

380 3811 708 3874 culabatur,
742 3805 1062 3861 attentione
1101 3818 1335 3857 summa
1359 3805 1630 3870 satagens
1663 3798 1842 3853 latere
1873 3798 2033 3869 ipsos
2142 3803 2913 3874 undiqueadmovendarum
2939 3803 3237 3860 sustinere
3259 3803 3751 3876 impetum.Tamen

386 3906 442 3958 et
472 3901 761 3971 effugere;
796 3897 854 3950 in
889 3895 1064 3949 aliam
1095 3907 1228 3948 vero
1290 3895 1512 3962 partem
1570 3891 1783 3943 missos
1831 3904 2036 3942 curare
2142 3895 2201 3948 in
2229 3893 2409 3948 tantis
2447 3893 2620 3948 malis
2651 3909 2938 3947 memores
2969 3894 3208 3949 virtutis
3234 3893 3454 3949 nullam
3482 3891 3752 3964 diligentia:

381 3983 901 4063 diligenterjussit
925 3980 1264 4037 uttriremis
1292 3995 1466 4048 quam
1489 3977 1742 4048 primum
1767 3991 2034 4032 occurre-
2141 3982 2641 4054 providentiaeque
2685 3986 2908 4054 partem
2959 3983 3339 4050 omittebant,
3372 3983 3522 4038 omni
3571 3982 3752 4036 ratione

382 4085 490 4148 ret,
515 4077 696 4134 ῐῐιοηῐί
723 4092 838 4146 qua
871 4087 1031 4127 mare
1063 4069 1254 4142 tangit
1273 4067 1578 4123 εοηῖθεῑίίη
1610 4083 1671 4121 se
1695 4068 1760 4121 ad
1773 4082 2030 4132 ωονθοες
2141 4077 2471 4145 satagentcs
2493 4077 2549 4127 et
2584 4089 2643 4127 se
2663 4073 2821 4143 ipsos
2837 4077 2892 4128 et
2918 4073 3424 4130 sibicommissam
3449 4087 3658 4130 servare
3683 4085 3754 4125 ar-

381 4175 438 4223 et
467 4167 669 4222 hostes
700 4164 938 4235 quidem
973 4177 1108 4214 mox
1151 4163 1498 4230 apparentes
1555 4156 1750 4211 locum
1808 4171 1876 4209 εκ
1905 4154 2031 4209 Ῑοοο
2138 4179 2284 4217 cem.
2323 4160 2636 4216 Peculiaris
2682 4160 2839 4216 inter
2869 4160 2992 4214 haec
3023 4161 3362 4217 sollicitudo
3420 4166 3539 4217 erat
3589 4165 3752 4214 custo-

381 4261 621 4312 mutans
653 4252 899 4308 solerter
929 4249 1125 4312 elusit,
1160 4263 1465 4317 nunquam
1498 4245 1571 4300 iis
1603 4244 1710 4299 etsi
1752 4244 2031 4298 acerrime
2137 4251 2277 4305 dum
2303 4251 2691 4322 imperatoriae
2709 4251 3132 4322 suppellectilis
3153 4267 3222 4306 ac
3255 4246 3751 4324 pecuniaepublica,

378 4343 799 4414 indagantibus
821 4343 1190 4409 εοηερὲοῐιιεο
1209 4336 1530 4391 Τι’ίῐοῐῐιϐῐη
1562 4339 1757 4390 autem
1783 4349 1914 4388 011m
1932 4349 2030 4388 00·-
2137 4357 2254 4412 quo
2279 4341 2565 4395 ferrentet
2587 4340 2684 4394 ubi
2708 4339 2935 4394 salvum
2957 4340 3013 4394 ir.
3039 4344 3166 4395 tuto
3181 4342 3539 4412 deponerent
3559 4341 3751 4392 tantum

376 4433 672 4506 ἓηονίεεθί
702 4431 1053 4484 ίηδίτυοῖθω
1090 4430 1297 4497 Ρνεεδῖο
1337 4440 1466 4479 esse
1523 4424 1593 4478 ad
1655 4423 2024 4492 ἀθεὶεηαιυω
2061 4461 2103 4524 D
2136 4445 2407 4485 acervum
2424 4445 2619 4484 rerum
2640 4428 3595 4500 pretiosissimarum,quantumin
3617 4421 3751 4480 cistis

374 4521 562 4587 littus,
597 4535 662 4573 eo
694 4533 827 4572 cum
862 4515 1090 4587 exiguis
1131 4513 1446 4569 comitatus
1496 4509 1708 4581 dilapsi
1760 4507 1961 4579 reliqui

2169 4519 2437 4574 onditum
2472 4535 2784 4573 numerum
2819 4519 3084 4574 ferebant
3115 4521 3339 4590 partim
3371 4535 3550 4574 aurea?
3577 4528 3750 4584 argen-

376 4609 738 4666 descendens
768 4623 798 4661 e
830 4611 1025 4661 monte
1055 4603 1395 4659 conscendit
1415 4601 1473 4655 in
1511 4605 1769 4672 paratam
1804 4600 2022 4669 navim,
2135 4611 2644 4676 temquemonetm,
2666 4606 2878 4677 parum
2908 4622 3175 4661 vasorum
3204 4623 3273 4662 ac
3295 4606 3538 4662 vestium
3561 4598 3754 4671 conspi.

375 4708 434 4756 et
464 4699 549 4754 sic
580 4694 1146 4766 Constantinopolim
1180 4693 1378 4748 salvus
1403 4692 1608 4746 tenuit.
1641 4689 1752 4744 Alii
1800 4689 2018 4761 passim
2132 4712 2251 4750 cum
2284 4695 2428 4749 artis
2459 4711 2525 4748 ac
2568 4694 2780 4766 pretiii.
2812 4695 3072 4750 Tandem
3126 4695 3212 4750 rei
3256 4700 3548 4750 momento
3599 4697 3651 4745 et
3677 4686 3752 4744 sui

374 4785 626 4860 dispersi
659 4801 762 4857 per
790 4784 1098 4840 Thraciam
1162 4783 1373 4852 partim
1407 4780 1558 4851 capti
1615 4784 1772 4845 sunt,
1807 4777 2021 4849 partim
2131 4783 2390 4854 ipsorum
2425 4783 2600 4838 ofﬁcii
2636 4783 2831 4838 debito
2873 4800 3184 4855 perpenso,
3219 4800 3465 4839 suarum
3497 4797 3615 4837 esse
3644 4793 3750 4849 par-

373 4882 582 4951 praater
611 4874 944 4946 Opinionem
979 4871 1304 4928 incolumes
1333 4874 1666 4926 evaserunt.
1696 4870 1768 4923 At
1799 4867 1883 4922 illi
1917 4869 2021 4924 do-
2131 4873 2278 4927 tium
2295 4873 2817 4927 statueruntvitam
2841 4873 3036 4944 potius
3057 4873 3752 4944 profunderequamtanto

372 4964 752 5022 mesticomm
787 4962 1006 5034 quibus
1038 4965 1162 5015 erat
1186 4959 1576 5030 ἱωρθτδιονίεε
1597 4955 2020 5028 suppellectilis
2130 4962 2407 5017 thesauro
2441 4962 2496 5015 in
2535 4977 2746 5015 manus
2777 4961 3034 5015 hostium
3095 4963 3391 5017 tradendo
3427 4951 3749 5030 irreparabili

370 5061 427 5111 ε’ίι
457 5054 716 5127 Pecunia
749 5051 1073 5107 deferenda?
1103 5066 1244 5105 cura
1274 5048 1611 5114 commissa,
1636 5046 2021 5116 (ἰυίὺυεουῐην
2129 5053 2342 5107 damno
2373 5049 2794 5121 rempublicam
2855 5050 3130 5123 afﬂigere.
3167 5051 3324 5107 Certi
3380 5067 3513 5123 ergo
3567 5046 3747 5103 conatu

369 5151 432 5201 ιιι
461 5149 552 5200 est
581 5145 824 5209 dictum,
851 5141 1047 5196 80mm
1081 5141 1223 5208 ibat,
1256 5154 1406 5210 aegre
1438 5137 1714 5192 manibus
1760 5136 2016 5190 hostium
2129 5140 2288 5196 omni
2324 5145 2501 5210 atque
2528 5139 2825 5194 industria
2866 5141 3221 5196 contendere
3283 5141 3341 5196 in
3402 5131 3745 5195 custodiendo

367 5232 686 5306 εἰειρείΕηὶ
712 5247 904 5288 arcem
927 5231 1245 5286 subeuntes
1260 5226 1568 5298 paululum
1599 5243 1631 5279 a
1653 5223 2016 5295 gravissimis
2129 5228 2272 5283 tanti
2305 5226 2477 5298 pretii
2529 5228 2793 5298 deposito
2843 5228 3097 5299 primum
3159 5227 3585 5300 pretiosissima
3611 5235 3742 5293 gem-

364 5324 642 5380 aerumnis
677 5321 1064 5392 respirarunt.
1087 5318 1201 5374 Sed
1235 5333 1346 5371 non
1375 5316 1548 5384 longa
1578 5313 1700 5367 illis
1731 5312 2019 5384 contingit
2129 5333 2254 5371 mas
2273 5322 2330 5370 et
2352 5315 2698 5386 margaritas
2729 5316 2872 5371 velis
2893 5317 3107 5388 quibus
3130 5321 3304 5371 erant
3333 5316 3558 5370 intextae
3579 5312 3738 5366 detra-

364 5412 633 5470 remissio
664 5410 956 5465 laborum.
988 5407 1134 5462 Nam
1194 5405 1394 5460 hostes
1426 5401 1658 5475 cognita
1687 5401 1759 5455 de
1785 5399 2016 5456 sultane
2125 5406 2350 5473 bentes,
2385 5421 2504 5458 una
2550 5421 2683 5460 cum
2745 5405 3106 5460 ornamentis
3164 5402 3558 5477 imperatoriis
3613 5403 3661 5453 et
3686 5408 3738 5449 eo

363 5501 464 5558 ubi
495 5504 672 5566 esset,
705 5503 764 5554 et
789 5513 924 5554 eum
957 5513 1092 5552 cum
1126 5494 1260 5550 aliis
1291 5493 1349 5547 in
1399 5492 1529 5546 [Eni
1589 5505 1719 5544 arce
1768 5491 2012 5557 versari,
2123 5493 2275 5564 quod
2307 5493 2364 5546 in
2396 5497 2517 5547 tota
2546 5509 2700 5564 penu
2725 5500 2850 5550 erat
2892 5493 3298 5565 exquisitioris
3330 5492 3518 5565 pretii,
3540 5490 3742 5543 abstru.

361 5590 562 5646 statim
588 5585 927 5666 congregati
955 5599 1093 5640 cum
1116 5581 1503 5639 Constantino
1528 5577 1786 5636 universi
1812 5578 2015 5635 urbem
2123 5581 2378 5640 sissimis
2397 5581 2753 5640 infodientes
2775 5585 2885 5640 sub
2917 5589 3072 5640 terra
3107 5582 3595 5639 commendarunt
3622 5575 3738 5630 late-
