  <div class='ocr_page' id='page_1' title='image "/cluster/home/n/w/nwhite01/storage/ocr_20150623/143/hvd.32044073502585/346.png"; bbox 0 0 4018 6198; ppageno 0'>
   <div class='ocr_carea' id='block_1_1' title="bbox 240 256 336 314">
    <p class='ocr_par' dir='ltr' id='par_1_1' title="bbox 240 256 336 314">
     <span class='ocr_line' id='line_1_1' title="bbox 240 256 336 314; baseline -0.01 0"><span class='ocrx_word' id='word_1_1' title='bbox 240 256 336 314; x_wconf 85' lang='grc'>681</span> 
     </span>
    </p>
   </div>
   <div class='ocr_carea' id='block_1_2' title="bbox 1298 251 2602 309">
    <p class='ocr_par' dir='ltr' id='par_1_2' title="bbox 1298 251 2602 309">
     <span class='ocr_line' id='line_1_2' title="bbox 1298 251 2602 309; baseline 0.002 -4"><span class='ocrx_word' id='word_1_2' title='bbox 1298 254 1393 305; x_wconf 82' lang='grc' dir='ltr'>ΒΕ</span> <span class='ocrx_word' id='word_1_3' title='bbox 1436 252 1805 309; x_wconf 77' lang='lat' dir='ltr'>MICHAELE</span> <span class='ocrx_word' id='word_1_4' title='bbox 1844 251 2289 309; x_wconf 67' lang='lat' dir='ltr'>PALEOLOGO</span> <span class='ocrx_word' id='word_1_5' title='bbox 2326 253 2460 308; x_wconf 88' lang='lat' dir='ltr'>LIB.</span> <span class='ocrx_word' id='word_1_6' title='bbox 2503 256 2602 308; x_wconf 86' lang='lat' dir='ltr'>III.</span> 
     </span>
    </p>
   </div>
   <div class='ocr_carea' id='block_1_3' title="bbox 3547 257 3655 313">
    <p class='ocr_par' dir='ltr' id='par_1_3' title="bbox 3547 257 3655 313">
     <span class='ocr_line' id='line_1_3' title="bbox 3547 257 3655 313; baseline 0.028 -3"><span class='ocrx_word' id='word_1_7' title='bbox 3547 257 3655 313; x_wconf 80' lang='lat'>682</span> 
     </span>
    </p>
   </div>
   <div class='ocr_carea' id='block_1_4' title="bbox 242 373 3657 459">
    <p class='ocr_par' dir='ltr' id='par_1_4' title="bbox 242 373 3657 459">
     <span class='ocr_line' id='line_1_4' title="bbox 242 373 3657 459; baseline -0 -22"><span class='ocrx_word' id='word_1_8' title='bbox 242 387 402 459; x_wconf 82' lang='grc' dir='ltr'>ροῖτο,</span> <span class='ocrx_word' id='word_1_9' title='bbox 428 378 691 452; x_wconf 80' lang='grc' dir='ltr'>πρόνοιαν</span> <span class='ocrx_word' id='word_1_10' title='bbox 730 375 979 452; x_wconf 77' lang='grc' dir='ltr'>φυλακῆς</span> <span class='ocrx_word' id='word_1_11' title='bbox 1012 376 1254 431; x_wconf 83' lang='grc' dir='ltr'>ἐποίουν.</span> <span class='ocrx_word' id='word_1_12' title='bbox 1305 376 1409 432; x_wconf 76' lang='grc' dir='ltr'>Καὶ</span> <span class='ocrx_word' id='word_1_13' title='bbox 1443 373 1510 444; x_wconf 80' lang='grc' dir='ltr'>δὴ</span> <span class='ocrx_word' id='word_1_14' title='bbox 1557 375 1746 439; x_wconf 80' lang='grc' dir='ltr'>λίθους</span> <span class='ocrx_word' id='word_1_15' title='bbox 1797 376 1890 448; x_wconf 77' lang='grc' dir='ltr'>μὶν</span> <span class='ocrx_word' id='word_1_16' title='bbox 1920 379 1973 447; x_wconf 74' lang='grc' dir='ltr'><strong>Α</strong></span> <span class='ocrx_word' id='word_1_17' title='bbox 2003 375 2092 429; x_wconf 85' lang='grc' dir='ltr'>καὶ</span> <span class='ocrx_word' id='word_1_18' title='bbox 2144 377 2439 449; x_wconf 77' lang='grc' dir='ltr'>χρήμασι,</span> <span class='ocrx_word' id='word_1_19' title='bbox 2489 378 2579 430; x_wconf 85' lang='grc' dir='ltr'>καὶ</span> <span class='ocrx_word' id='word_1_20' title='bbox 2626 376 2936 445; x_wconf 73' lang='grc' dir='ltr'>τούντεῦθεν</span> <span class='ocrx_word' id='word_1_21' title='bbox 2983 385 3456 456; x_wconf 83' lang='grc' dir='ltr'>καθυπισχνοῦντο</span> <span class='ocrx_word' id='word_1_22' title='bbox 3510 381 3657 457; x_wconf 78' lang='grc' dir='ltr'>σφίσι</span> 
     </span>
    </p>
   </div>
   <div class='ocr_carea' id='block_1_5' title="bbox 244 463 1894 541">
    <p class='ocr_par' dir='ltr' id='par_1_5' title="bbox 244 463 1894 541">
     <span class='ocr_line' id='line_1_5' title="bbox 244 463 1894 541; baseline -0.005 -14"><span class='ocrx_word' id='word_1_23' title='bbox 244 470 467 531; x_wconf 74' lang='grc' dir='ltr'>ἐκείνους</span> <span class='ocrx_word' id='word_1_24' title='bbox 524 468 614 523; x_wconf 84' lang='grc' dir='ltr'>καὶ</span> <span class='ocrx_word' id='word_1_25' title='bbox 678 464 995 541; x_wconf 81' lang='grc' dir='ltr'>μαργάρους</span> <span class='ocrx_word' id='word_1_26' title='bbox 1047 469 1154 521; x_wconf 84' lang='grc' dir='ltr'>τῶν</span> <span class='ocrx_word' id='word_1_27' title='bbox 1211 463 1439 522; x_wconf 79' lang='grc' dir='ltr'>πὲπλων</span> <span class='ocrx_word' id='word_1_28' title='bbox 1489 465 1747 522; x_wconf 85' lang='grc' dir='ltr'>ἀπὲσπων</span> <span class='ocrx_word' id='word_1_29' title='bbox 1804 465 1894 519; x_wconf 84' lang='grc' dir='ltr'>καὶ</span> 
     </span>
    </p>
   </div>
   <div class='ocr_carea' id='block_1_6' title="bbox 242 553 1894 636">
    <p class='ocr_par' dir='ltr' id='par_1_6' title="bbox 242 553 1894 636">
     <span class='ocr_line' id='line_1_6' title="bbox 242 553 1894 636; baseline -0.005 -21"><span class='ocrx_word' id='word_1_30' title='bbox 242 561 289 616; x_wconf 84' lang='grc' dir='ltr'>ἐν</span> <span class='ocrx_word' id='word_1_31' title='bbox 331 560 517 636; x_wconf 61' lang='grc' dir='ltr'>ἀφανεῖ</span> <span class='ocrx_word' id='word_1_32' title='bbox 560 555 929 630; x_wconf 67' lang='grc' dir='ltr'>κατέκρυπτον</span> <span class='ocrx_word' id='word_1_33' title='bbox 990 556 1103 627; x_wconf 82' lang='grc' dir='ltr'>ἅμα</span> <span class='ocrx_word' id='word_1_34' title='bbox 1156 553 1391 616; x_wconf 80' lang='grc' dir='ltr'>καὶτοῖς</span> <span class='ocrx_word' id='word_1_35' title='bbox 1447 553 1744 629; x_wconf 75' lang='grc' dir='ltr'>βασιλείοις</span> <span class='ocrx_word' id='word_1_36' title='bbox 1792 575 1894 630; x_wconf 76' lang='grc' dir='ltr'>φο-</span> 
     </span>
    </p>
   </div>
   <div class='ocr_carea' id='block_1_7' title="bbox 245 642 1894 727">
    <p class='ocr_par' dir='ltr' id='par_1_7' title="bbox 245 642 1894 727">
     <span class='ocr_line' id='line_1_7' title="bbox 245 642 1894 727; baseline -0.005 -22"><span class='ocrx_word' id='word_1_37' title='bbox 245 650 451 727; x_wconf 75' lang='grc' dir='ltr'>ρὲμασι,</span> <span class='ocrx_word' id='word_1_38' title='bbox 485 653 567 718; x_wconf 84' lang='grc' dir='ltr'>[Ρ.</span> <span class='ocrx_word' id='word_1_39' title='bbox 610 649 735 718; x_wconf 73' lang='grc'>457]</span> <span class='ocrx_word' id='word_1_40' title='bbox 781 646 869 701; x_wconf 82' lang='grc' dir='ltr'>καὶ</span> <span class='ocrx_word' id='word_1_41' title='bbox 928 650 1030 701; x_wconf 80' lang='grc' dir='ltr'>πᾶν</span> <span class='ocrx_word' id='word_1_42' title='bbox 1066 642 1119 698; x_wconf 79' lang='grc' dir='ltr'>εἶ’</span> <span class='ocrx_word' id='word_1_43' title='bbox 1158 665 1210 700; x_wconf 92' lang='grc' dir='ltr'>τι</span> <span class='ocrx_word' id='word_1_44' title='bbox 1262 642 1515 719; x_wconf 85' lang='grc' dir='ltr'>λαμπρὸν</span> <span class='ocrx_word' id='word_1_45' title='bbox 1571 645 1661 700; x_wconf 84' lang='grc' dir='ltr'>καὶ</span> <span class='ocrx_word' id='word_1_46' title='bbox 1710 643 1894 715; x_wconf 83' lang='grc' dir='ltr'>τίμιον</span> 
     </span>
    </p>
   </div>
   <div class='ocr_carea' id='block_1_8' title="bbox 243 732 1894 812">
    <p class='ocr_par' dir='ltr' id='par_1_8' title="bbox 243 732 1894 812">
     <span class='ocr_line' id='line_1_8' title="bbox 243 732 1894 812; baseline -0.003 -17"><span class='ocrx_word' id='word_1_47' title='bbox 243 734 642 812; x_wconf 77' lang='grc' dir='ltr'>παραϐυοῦντες</span> <span class='ocrx_word' id='word_1_48' title='bbox 693 732 931 809; x_wconf 82' lang='grc' dir='ltr'>ἐτέρουν,</span> <span class='ocrx_word' id='word_1_49' title='bbox 980 732 1137 791; x_wconf 79' lang='grc' dir='ltr'>αὐτοὶ</span> <span class='ocrx_word' id='word_1_50' title='bbox 1197 734 1249 789; x_wconf 72' lang='grc' dir='ltr'>εὶ</span> <span class='ocrx_word' id='word_1_51' title='bbox 1301 735 1436 808; x_wconf 88' lang='grc' dir='ltr'>πρὸς</span> <span class='ocrx_word' id='word_1_52' title='bbox 1494 738 1574 789; x_wconf 82' lang='grc' dir='ltr'>τῶ</span> <span class='ocrx_word' id='word_1_53' title='bbox 1630 733 1894 806; x_wconf 75' lang='grc' dir='ltr'>πολεμεῖν</span> 
     </span>
    </p>
   </div>
   <div class='ocr_carea' id='block_1_9' title="bbox 244 818 1897 899">
    <p class='ocr_par' dir='ltr' id='par_1_9' title="bbox 244 818 1897 899">
     <span class='ocr_line' id='line_1_9' title="bbox 244 818 1897 899; baseline -0.002 -17"><span class='ocrx_word' id='word_1_54' title='bbox 244 830 373 898; x_wconf 77' lang='grc' dir='ltr'>ἦσαν</span> <span class='ocrx_word' id='word_1_55' title='bbox 406 826 499 880; x_wconf 67' lang='grc' dir='ltr'>σὺν</span> <span class='ocrx_word' id='word_1_56' title='bbox 545 829 661 886; x_wconf 85' lang='grc' dir='ltr'>τοῖς</span> <span class='ocrx_word' id='word_1_57' title='bbox 718 821 964 892; x_wconf 81' lang='grc' dir='ltr'>λοιποῖς,</span> <span class='ocrx_word' id='word_1_58' title='bbox 1014 823 1104 878; x_wconf 81' lang='grc' dir='ltr'>καὶ</span> <span class='ocrx_word' id='word_1_59' title='bbox 1162 822 1243 899; x_wconf 79' lang='grc' dir='ltr'>ἐφ’</span> <span class='ocrx_word' id='word_1_60' title='bbox 1300 821 1425 877; x_wconf 79' lang='grc' dir='ltr'>ὅσον</span> <span class='ocrx_word' id='word_1_61' title='bbox 1482 818 1675 897; x_wconf 73' lang='grc' dir='ltr'>ἴσχυον</span> <span class='ocrx_word' id='word_1_62' title='bbox 1733 843 1897 896; x_wconf 80' lang='grc' dir='ltr'>παρε-</span> 
     </span>
    </p>
   </div>
   <div class='ocr_carea' id='block_1_10' title="bbox 242 910 1898 987">
    <p class='ocr_par' dir='ltr' id='par_1_10' title="bbox 242 910 1898 987">
     <span class='ocr_line' id='line_1_10' title="bbox 242 910 1898 987; baseline -0.006 -13"><span class='ocrx_word' id='word_1_63' title='bbox 242 918 588 985; x_wconf 78' lang='grc' dir='ltr'>σκευάζοντο,</span> <span class='ocrx_word' id='word_1_64' title='bbox 646 910 859 976; x_wconf 79' lang='grc' dir='ltr'>ἔνδόθεν</span> <span class='ocrx_word' id='word_1_65' title='bbox 922 910 1217 987; x_wconf 75' lang='grc' dir='ltr'>βάλλοντες</span> <span class='ocrx_word' id='word_1_66' title='bbox 1270 910 1450 983; x_wconf 82' lang='grc' dir='ltr'>τόξοις</span> <span class='ocrx_word' id='word_1_67' title='bbox 1501 932 1558 966; x_wconf 88' lang='grc' dir='ltr'>τε</span> <span class='ocrx_word' id='word_1_68' title='bbox 1603 912 1691 966; x_wconf 84' lang='grc' dir='ltr'>καὶ</span> <span class='ocrx_word' id='word_1_69' title='bbox 1739 931 1898 987; x_wconf 77' lang='grc' dir='ltr'>σφεν-</span> 
     </span>
    </p>
   </div>
   <div class='ocr_carea' id='block_1_11' title="bbox 243 997 1898 1075">
    <p class='ocr_par' dir='ltr' id='par_1_11' title="bbox 243 997 1898 1075">
     <span class='ocr_line' id='line_1_11' title="bbox 243 997 1898 1075; baseline -0.006 -13"><span class='ocrx_word' id='word_1_70' title='bbox 243 1006 446 1067; x_wconf 85' lang='grc' dir='ltr'>δόναις.</span> <span class='ocrx_word' id='word_1_71' title='bbox 472 1003 629 1061; x_wconf 68' lang='grc' dir='ltr'>Ἀλλ’</span> <span class='ocrx_word' id='word_1_72' title='bbox 661 1002 762 1057; x_wconf 82' lang='grc' dir='ltr'>οὐκ</span> <span class='ocrx_word' id='word_1_73' title='bbox 790 1000 985 1069; x_wconf 78' lang='grc' dir='ltr'>ἤνυτον</span> <span class='ocrx_word' id='word_1_74' title='bbox 1026 1001 1089 1055; x_wconf 85' lang='grc' dir='ltr'>τὸ</span> <span class='ocrx_word' id='word_1_75' title='bbox 1119 997 1394 1075; x_wconf 71' lang='grc' dir='ltr'>παράπαν·</span> <span class='ocrx_word' id='word_1_76' title='bbox 1444 1004 1529 1072; x_wconf 77' lang='grc' dir='ltr'>τῷ</span> <span class='ocrx_word' id='word_1_77' title='bbox 1560 1001 1665 1075; x_wconf 71' lang='grc' dir='ltr'>γὰρ</span> <span class='ocrx_word' id='word_1_78' title='bbox 1696 999 1898 1069; x_wconf 81' lang='grc' dir='ltr'>πλήθει</span> 
     </span>
    </p>
   </div>
   <div class='ocr_carea' id='block_1_12' title="bbox 243 1088 1902 1170">
    <p class='ocr_par' dir='ltr' id='par_1_12' title="bbox 243 1088 1902 1170">
     <span class='ocr_line' id='line_1_12' title="bbox 243 1088 1902 1170; baseline -0.013 -7"><span class='ocrx_word' id='word_1_79' title='bbox 243 1097 292 1151; x_wconf 71' lang='grc' dir='ltr'>οἳ</span> <span class='ocrx_word' id='word_1_80' title='bbox 348 1092 544 1170; x_wconf 72' lang='grc' dir='ltr'>ἐχθροὶ</span> <span class='ocrx_word' id='word_1_81' title='bbox 602 1097 866 1166; x_wconf 71' lang='grc' dir='ltr'>περιῆσαν</span> <span class='ocrx_word' id='word_1_82' title='bbox 901 1132 917 1161; x_wconf 87' lang='grc'>,</span> <span class='ocrx_word' id='word_1_83' title='bbox 978 1090 1070 1145; x_wconf 83' lang='grc' dir='ltr'>καὶ</span> <span class='ocrx_word' id='word_1_84' title='bbox 1142 1088 1419 1160; x_wconf 85' lang='grc' dir='ltr'>κλίμακας</span> <span class='ocrx_word' id='word_1_85' title='bbox 1492 1090 1902 1163; x_wconf 81' lang='grc' dir='ltr'>εὐτρεπίσαντες</span> 
     </span>
    </p>
   </div>
   <div class='ocr_carea' id='block_1_13' title="bbox 242 1178 1901 1254">
    <p class='ocr_par' dir='ltr' id='par_1_13' title="bbox 242 1178 1901 1254">
     <span class='ocr_line' id='line_1_13' title="bbox 242 1178 1901 1254; baseline -0.005 -13"><span class='ocrx_word' id='word_1_86' title='bbox 242 1184 510 1241; x_wconf 72' lang='grc' dir='ltr'>ἐπιθεῖναι</span> <span class='ocrx_word' id='word_1_87' title='bbox 566 1186 683 1242; x_wconf 84' lang='grc' dir='ltr'>τοῖς</span> <span class='ocrx_word' id='word_1_88' title='bbox 736 1179 975 1253; x_wconf 82' lang='grc' dir='ltr'>τείχεσιν</span> <span class='ocrx_word' id='word_1_89' title='bbox 1036 1178 1370 1251; x_wconf 79' lang='grc' dir='ltr'>ἐπειρῶντο·</span> <span class='ocrx_word' id='word_1_90' title='bbox 1423 1181 1742 1253; x_wconf 80' lang='grc' dir='ltr'>παρώτρυνε</span> <span class='ocrx_word' id='word_1_91' title='bbox 1797 1179 1901 1254; x_wconf 79' lang='grc' dir='ltr'>γὰρ</span> 
     </span>
    </p>
   </div>
   <div class='ocr_carea' id='block_1_14' title="bbox 242 1265 1901 1341">
    <p class='ocr_par' dir='ltr' id='par_1_14' title="bbox 242 1265 1901 1341">
     <span class='ocr_line' id='line_1_14' title="bbox 242 1265 1901 1341; baseline -0.005 -12"><span class='ocrx_word' id='word_1_92' title='bbox 242 1272 484 1333; x_wconf 81' lang='grc' dir='ltr'>ἐκείνους</span> <span class='ocrx_word' id='word_1_93' title='bbox 534 1268 705 1326; x_wconf 69' lang='grc' dir='ltr'>πλέον</span> <span class='ocrx_word' id='word_1_94' title='bbox 746 1268 836 1323; x_wconf 82' lang='grc' dir='ltr'>καὶ</span> <span class='ocrx_word' id='word_1_95' title='bbox 867 1269 902 1337; x_wconf 76' lang='grc' dir='ltr'>ἡ</span> <span class='ocrx_word' id='word_1_96' title='bbox 932 1273 1038 1324; x_wconf 82' lang='grc' dir='ltr'>τῶν</span> <span class='ocrx_word' id='word_1_97' title='bbox 1098 1267 1407 1341; x_wconf 75' lang='grc' dir='ltr'>χρημάτων</span> <span class='ocrx_word' id='word_1_98' title='bbox 1449 1265 1524 1331; x_wconf 87' lang='grc' dir='ltr'>εἷς</span> <span class='ocrx_word' id='word_1_99' title='bbox 1552 1271 1743 1340; x_wconf 82' lang='grc' dir='ltr'>χεῖρας</span> <span class='ocrx_word' id='word_1_100' title='bbox 1777 1265 1901 1321; x_wconf 81' lang='grc' dir='ltr'>ὅσον</span> 
     </span>
    </p>
   </div>
   <div class='ocr_carea' id='block_1_15' title="bbox 246 1350 1903 1434">
    <p class='ocr_par' dir='ltr' id='par_1_15' title="bbox 246 1350 1903 1434">
     <span class='ocr_line' id='line_1_15' title="bbox 246 1350 1903 1434; baseline -0.004 -18"><span class='ocrx_word' id='word_1_101' title='bbox 246 1360 402 1416; x_wconf 77' lang='grc' dir='ltr'>οὕπω</span> <span class='ocrx_word' id='word_1_102' title='bbox 452 1358 835 1434; x_wconf 64' lang='grc' dir='ltr'>γενησομένων</span> <span class='ocrx_word' id='word_1_103' title='bbox 883 1355 1077 1424; x_wconf 80' lang='grc' dir='ltr'>ἐλπὶς,</span> <span class='ocrx_word' id='word_1_104' title='bbox 1131 1355 1223 1411; x_wconf 85' lang='grc' dir='ltr'>καὶ</span> <span class='ocrx_word' id='word_1_105' title='bbox 1272 1350 1557 1429; x_wconf 69' lang='grc' dir='ltr'>ἐπέϐριοον</span> <span class='ocrx_word' id='word_1_106' title='bbox 1604 1356 1679 1418; x_wconf 84' lang='grc' dir='ltr'>ὡς</span> <span class='ocrx_word' id='word_1_107' title='bbox 1725 1354 1903 1432; x_wconf 75' lang='grc' dir='ltr'>λαφύ-</span> 
     </span>
    </p>
   </div>
   <div class='ocr_carea' id='block_1_16' title="bbox 244 1443 1903 1521">
    <p class='ocr_par' dir='ltr' id='par_1_16' title="bbox 244 1443 1903 1521">
     <span class='ocr_line' id='line_1_16' title="bbox 244 1443 1903 1521; baseline -0.004 -15"><span class='ocrx_word' id='word_1_108' title='bbox 244 1453 449 1521; x_wconf 78' lang='grc' dir='ltr'>ξοντες.</span> <span class='ocrx_word' id='word_1_109' title='bbox 487 1448 664 1506; x_wconf 79' lang='grc' dir='ltr'>Ἀλλὰ</span> <span class='ocrx_word' id='word_1_110' title='bbox 692 1452 859 1502; x_wconf 72' lang='grc' dir='ltr'>ταῦτα</span> <span class='ocrx_word' id='word_1_111' title='bbox 905 1447 1001 1518; x_wconf 78' lang='grc' dir='ltr'>μὶν</span> <span class='ocrx_word' id='word_1_112' title='bbox 1026 1445 1089 1499; x_wconf 87' lang='grc' dir='ltr'>τὸ</span> <span class='ocrx_word' id='word_1_113' title='bbox 1120 1444 1265 1501; x_wconf 78' lang='grc' dir='ltr'>πολὺ</span> <span class='ocrx_word' id='word_1_114' title='bbox 1313 1443 1548 1513; x_wconf 80' lang='grc' dir='ltr'>πλῆθος,</span> <span class='ocrx_word' id='word_1_115' title='bbox 1594 1446 1675 1506; x_wconf 78' lang='grc' dir='ltr'>οἷς</span> <span class='ocrx_word' id='word_1_116' title='bbox 1708 1444 1807 1501; x_wconf 75' lang='grc' dir='ltr'>οὐκ</span> <span class='ocrx_word' id='word_1_117' title='bbox 1836 1444 1903 1513; x_wconf 79' lang='grc' dir='ltr'>ἦν</span> 
     </span>
    </p>
   </div>
   <div class='ocr_carea' id='block_1_17' title="bbox 252 1530 1906 1611">
    <p class='ocr_par' dir='ltr' id='par_1_17' title="bbox 252 1530 1906 1611">
     <span class='ocr_line' id='line_1_17' title="bbox 252 1530 1906 1611; baseline -0.004 -16"><span class='ocrx_word' id='word_1_118' title='bbox 252 1540 398 1595; x_wconf 80' lang='grc' dir='ltr'>ἄλλο</span> <span class='ocrx_word' id='word_1_119' title='bbox 449 1540 484 1611; x_wconf 67' lang='grc' dir='ltr'><strong>ἢ</strong></span> <span class='ocrx_word' id='word_1_120' title='bbox 543 1539 605 1594; x_wconf 85' lang='grc' dir='ltr'>τὸ</span> <span class='ocrx_word' id='word_1_121' title='bbox 655 1534 955 1611; x_wconf 75' lang='grc' dir='ltr'>κερδαίνειν</span> <span class='ocrx_word' id='word_1_122' title='bbox 1015 1530 1296 1609; x_wconf 72' lang='grc' dir='ltr'>προῦργου</span> <span class='ocrx_word' id='word_1_123' title='bbox 1348 1533 1569 1601; x_wconf 84' lang='grc' dir='ltr'>παντός·</span> <span class='ocrx_word' id='word_1_124' title='bbox 1629 1534 1681 1591; x_wconf 80' lang='grc' dir='ltr'>οἷ</span> <span class='ocrx_word' id='word_1_125' title='bbox 1741 1532 1798 1589; x_wconf 67' lang='grc' dir='ltr'>δὲ</span> <span class='ocrx_word' id='word_1_126' title='bbox 1847 1554 1906 1608; x_wconf 86' lang='grc' dir='ltr'>γε</span> 
     </span>
    </p>
   </div>
   <div class='ocr_carea' id='block_1_18' title="bbox 248 1621 1905 1705">
    <p class='ocr_par' dir='ltr' id='par_1_18' title="bbox 248 1621 1905 1705">
     <span class='ocr_line' id='line_1_18' title="bbox 248 1621 1905 1705; baseline -0.006 -21"><span class='ocrx_word' id='word_1_127' title='bbox 248 1632 592 1705; x_wconf 79' lang='grc' dir='ltr'>προεστῶτες</span> <span class='ocrx_word' id='word_1_128' title='bbox 625 1626 713 1682; x_wconf 79' lang='grc' dir='ltr'>καὶ</span> <span class='ocrx_word' id='word_1_129' title='bbox 763 1626 840 1686; x_wconf 78' lang='grc' dir='ltr'>οἷς</span> <span class='ocrx_word' id='word_1_130' title='bbox 885 1626 952 1694; x_wconf 83' lang='grc' dir='ltr'>ἧν</span> <span class='ocrx_word' id='word_1_131' title='bbox 1001 1626 1035 1693; x_wconf 84' lang='grc' dir='ltr'>ἡ</span> <span class='ocrx_word' id='word_1_132' title='bbox 1086 1625 1291 1697; x_wconf 68' lang='grc' dir='ltr'>σκέψις,</span> <span class='ocrx_word' id='word_1_133' title='bbox 1334 1624 1397 1679; x_wconf 86' lang='grc' dir='ltr'>τὸ</span> <span class='ocrx_word' id='word_1_134' title='bbox 1450 1624 1543 1695; x_wconf 73' lang='grc' dir='ltr'>μὲν</span> <span class='ocrx_word' id='word_1_135' title='bbox 1606 1621 1905 1693; x_wconf 76' lang='grc' dir='ltr'>κερδαίνειν</span> 
     </span>
    </p>
   </div>
   <div class='ocr_carea' id='block_1_19' title="bbox 1999 461 3657 549">
    <p class='ocr_par' dir='ltr' id='par_1_19' title="bbox 1999 461 3657 549">
     <span class='ocr_line' id='line_1_19' title="bbox 1999 461 3657 549; baseline 0.004 -31"><span class='ocrx_word' id='word_1_136' title='bbox 1999 465 2100 532; x_wconf 78' lang='grc' dir='ltr'>τὴν</span> <span class='ocrx_word' id='word_1_137' title='bbox 2140 461 2340 521; x_wconf 79' lang='grc' dir='ltr'>ἄδειαν.</span> <span class='ocrx_word' id='word_1_138' title='bbox 2372 469 2494 529; x_wconf 82' lang='grc' dir='ltr'>Τοῖς</span> <span class='ocrx_word' id='word_1_139' title='bbox 2529 463 2574 519; x_wconf 85' lang='grc' dir='ltr'>δ’</span> <span class='ocrx_word' id='word_1_140' title='bbox 2607 467 2892 525; x_wconf 80' lang='grc' dir='ltr'>ἀκούσασιν</span> <span class='ocrx_word' id='word_1_141' title='bbox 2944 472 2979 540; x_wconf 77' lang='grc' dir='ltr'>ἡ</span> <span class='ocrx_word' id='word_1_142' title='bbox 3035 471 3210 545; x_wconf 84' lang='grc' dir='ltr'>βουλή</span> <span class='ocrx_word' id='word_1_143' title='bbox 3264 468 3518 549; x_wconf 81' lang='grc' dir='ltr'>διάνδιχα</span> <span class='ocrx_word' id='word_1_144' title='bbox 3565 472 3657 541; x_wconf 78' lang='grc' dir='ltr'>ἦν’</span> 
     </span>
    </p>
   </div>
   <div class='ocr_carea' id='block_1_20' title="bbox 2000 552 3659 634">
    <p class='ocr_par' dir='ltr' id='par_1_20' title="bbox 2000 552 3659 634">
     <span class='ocr_line' id='line_1_20' title="bbox 2000 552 3659 634; baseline 0.004 -25"><span class='ocrx_word' id='word_1_145' title='bbox 2000 559 2117 616; x_wconf 81' lang='grc' dir='ltr'>τοῖς</span> <span class='ocrx_word' id='word_1_146' title='bbox 2163 555 2257 626; x_wconf 73' lang='grc' dir='ltr'>μὲν</span> <span class='ocrx_word' id='word_1_147' title='bbox 2304 555 2406 628; x_wconf 81' lang='grc' dir='ltr'>γὰρ</span> <span class='ocrx_word' id='word_1_148' title='bbox 2457 552 2633 611; x_wconf 81' lang='grc' dir='ltr'>ἐδόκει</span> <span class='ocrx_word' id='word_1_149' title='bbox 2683 555 2914 632; x_wconf 76' lang='grc' dir='ltr'>διδόναι,</span> <span class='ocrx_word' id='word_1_150' title='bbox 2965 561 3041 622; x_wconf 84' lang='grc' dir='ltr'>ὡς</span> <span class='ocrx_word' id='word_1_151' title='bbox 3089 565 3332 634; x_wconf 83' lang='grc' dir='ltr'>κρεῖττον</span> <span class='ocrx_word' id='word_1_152' title='bbox 3394 558 3450 614; x_wconf 80' lang='grc' dir='ltr'>ὅν</span> <span class='ocrx_word' id='word_1_153' title='bbox 3500 561 3659 617; x_wconf 80' lang='grc' dir='ltr'>αὐτὸν</span> 
     </span>
    </p>
   </div>
   <div class='ocr_carea' id='block_1_21' title="bbox 2003 642 3662 724">
    <p class='ocr_par' dir='ltr' id='par_1_21' title="bbox 2003 642 3662 724">
     <span class='ocr_line' id='line_1_21' title="bbox 2003 642 3662 724; baseline 0.005 -26"><span class='ocrx_word' id='word_1_154' title='bbox 2003 642 2263 707; x_wconf 77' lang='grc' dir='ltr'>ὲκονυίως</span> <span class='ocrx_word' id='word_1_155' title='bbox 2318 642 2573 709; x_wconf 84' lang='grc' dir='ltr'>ἐκδόντας</span> <span class='ocrx_word' id='word_1_156' title='bbox 2628 646 2808 703; x_wconf 72' lang='grc' dir='ltr'>τᾶλλα</span> <span class='ocrx_word' id='word_1_157' title='bbox 2863 654 3166 724; x_wconf 81' lang='grc' dir='ltr'>περιποιεῖν</span> <span class='ocrx_word' id='word_1_158' title='bbox 3199 649 3233 718; x_wconf 72' lang='grc' dir='ltr'>ἢ</span> <span class='ocrx_word' id='word_1_159' title='bbox 3270 652 3346 722; x_wconf 73' lang='grc' dir='ltr'>μὴ</span> <span class='ocrx_word' id='word_1_160' title='bbox 3376 651 3662 717; x_wconf 66' lang='grc' dir='ltr'>θέλοντνας</span> 
     </span>
    </p>
   </div>
   <div class='ocr_carea' id='block_1_22' title="bbox 1970 730 3661 809">
    <p class='ocr_par' dir='ltr' id='par_1_22' title="bbox 1970 730 3661 809">
     <span class='ocr_line' id='line_1_22' title="bbox 1970 730 3661 809; baseline 0.004 -20"><span class='ocrx_word' id='word_1_161' title='bbox 1970 734 2138 808; x_wconf 38' lang='grc' dir='ltr'>,πρὸς</span> <span class='ocrx_word' id='word_1_162' title='bbox 2196 738 2277 805; x_wconf 76' lang='grc' dir='ltr'>τῷ</span> <span class='ocrx_word' id='word_1_163' title='bbox 2336 730 2733 793; x_wconf 74' lang='grc' dir='ltr'>συναποϐαλεῖν</span> <span class='ocrx_word' id='word_1_164' title='bbox 2792 738 2939 809; x_wconf 76' lang='grc' dir='ltr'>αὐτῷ</span> <span class='ocrx_word' id='word_1_165' title='bbox 2993 738 3060 794; x_wconf 75' lang='grc' dir='ltr'>τὰ</span> <span class='ocrx_word' id='word_1_166' title='bbox 3115 738 3285 793; x_wconf 81' lang='grc' dir='ltr'>πάντα</span> <span class='ocrx_word' id='word_1_167' title='bbox 3335 739 3425 795; x_wconf 89' lang='grc' dir='ltr'>καὶ</span> <span class='ocrx_word' id='word_1_168' title='bbox 3466 740 3661 805; x_wconf 81' lang='grc' dir='ltr'>αὐτοὺς</span> 
     </span>
    </p>
   </div>
   <div class='ocr_carea' id='block_1_23' title="bbox 2004 820 3659 903">
    <p class='ocr_par' dir='ltr' id='par_1_23' title="bbox 2004 820 3659 903">
     <span class='ocr_line' id='line_1_23' title="bbox 2004 820 3659 903; baseline 0.005 -26"><span class='ocrx_word' id='word_1_169' title='bbox 2004 820 2328 879; x_wconf 68' lang='grc' dir='ltr'>κινδυνεύειν</span> <span class='ocrx_word' id='word_1_170' title='bbox 2360 866 2374 892; x_wconf 83' lang='lat'>,</span> <span class='ocrx_word' id='word_1_171' title='bbox 2433 826 2484 880; x_wconf 73' lang='grc' dir='ltr'>οἱ</span> <span class='ocrx_word' id='word_1_172' title='bbox 2537 822 2595 879; x_wconf 74' lang='grc' dir='ltr'>δὲ</span> <span class='ocrx_word' id='word_1_173' title='bbox 2640 828 2730 883; x_wconf 87' lang='grc' dir='ltr'>τὸν</span> <span class='ocrx_word' id='word_1_174' title='bbox 2768 826 2825 884; x_wconf 75' lang='grc' dir='ltr'>ἐκ</span> <span class='ocrx_word' id='word_1_175' title='bbox 2874 832 2970 884; x_wconf 77' lang='grc' dir='ltr'>τοῦ</span> <span class='ocrx_word' id='word_1_176' title='bbox 3032 826 3298 903; x_wconf 71' lang='grc' dir='ltr'>βασιλέως</span> <span class='ocrx_word' id='word_1_177' title='bbox 3355 828 3659 886; x_wconf 81' lang='grc' dir='ltr'>ἀντετίθουν</span> 
     </span>
    </p>
   </div>
   <div class='ocr_carea' id='block_1_24' title="bbox 2006 906 3659 994">
    <p class='ocr_par' dir='ltr' id='par_1_24' title="bbox 2006 906 3659 994">
     <span class='ocr_line' id='line_1_24' title="bbox 2006 906 3659 994; baseline 0.005 -28"><span class='ocrx_word' id='word_1_178' title='bbox 2006 906 2198 989; x_wconf 75' lang='grc' dir='ltr'>φόϐον,</span> <span class='ocrx_word' id='word_1_179' title='bbox 2252 914 2342 969; x_wconf 79' lang='grc' dir='ltr'>καὶ</span> <span class='ocrx_word' id='word_1_180' title='bbox 2393 915 2471 971; x_wconf 82' lang='grc' dir='ltr'>ὼσ</span> <span class='ocrx_word' id='word_1_181' title='bbox 2528 915 2905 988; x_wconf 83' lang='grc' dir='ltr'>ὑπομονητὲον</span> <span class='ocrx_word' id='word_1_182' title='bbox 2966 913 3183 991; x_wconf 73' lang='grc' dir='ltr'>ἔλεγονο</span> <span class='ocrx_word' id='word_1_183' title='bbox 3241 917 3385 994; x_wconf 78' lang='grc' dir='ltr'>τάχα</span> <span class='ocrx_word' id='word_1_184' title='bbox 3427 920 3528 994; x_wconf 76' lang='grc' dir='ltr'>γὰρ</span> <span class='ocrx_word' id='word_1_185' title='bbox 3562 920 3659 974; x_wconf 79' lang='grc' dir='ltr'>κά-</span> 
     </span>
    </p>
   </div>
   <div class='ocr_carea' id='block_1_25' title="bbox 2005 1003 3656 1081">
    <p class='ocr_par' dir='ltr' id='par_1_25' title="bbox 2005 1003 3656 1081">
     <span class='ocr_line' id='line_1_25' title="bbox 2005 1003 3656 1081; baseline 0.003 -23"><span class='ocrx_word' id='word_1_186' title='bbox 2005 1004 2177 1059; x_wconf 86' lang='grc' dir='ltr'>κεῖθεν</span> <span class='ocrx_word' id='word_1_187' title='bbox 2227 1003 2665 1076; x_wconf 82' lang='grc' dir='ltr'>προσαποστελεῖ</span> <span class='ocrx_word' id='word_1_188' title='bbox 2707 1004 2937 1079; x_wconf 80' lang='grc' dir='ltr'>δύναμιν</span> <span class='ocrx_word' id='word_1_189' title='bbox 2995 1005 3161 1079; x_wconf 74' lang='grc' dir='ltr'>(μηδὲ</span> <span class='ocrx_word' id='word_1_190' title='bbox 3216 1008 3317 1081; x_wconf 74' lang='grc' dir='ltr'>γὰρ</span> <span class='ocrx_word' id='word_1_191' title='bbox 3357 1008 3656 1081; x_wconf 72' lang='grc' dir='ltr'>ἀμελήσειν</span> 
     </span>
    </p>
   </div>
   <div class='ocr_carea' id='block_1_26' title="bbox 2004 1090 3663 1171">
    <p class='ocr_par' dir='ltr' id='par_1_26' title="bbox 2004 1090 3663 1171">
     <span class='ocr_line' id='line_1_26' title="bbox 2004 1090 3663 1171; baseline 0.003 -26"><span class='ocrx_word' id='word_1_192' title='bbox 2004 1090 2177 1146; x_wconf 85' lang='grc' dir='ltr'>τόσων</span> <span class='ocrx_word' id='word_1_193' title='bbox 2236 1094 2567 1166; x_wconf 79' lang='grc' dir='ltr'>χρημάτων)</span> <span class='ocrx_word' id='word_1_194' title='bbox 2634 1093 2722 1149; x_wconf 80' lang='grc' dir='ltr'>καὶ</span> <span class='ocrx_word' id='word_1_195' title='bbox 2772 1090 3183 1171; x_wconf 73' lang='grc' dir='ltr'>προσϐοηθήσει</span> <span class='ocrx_word' id='word_1_196' title='bbox 3246 1092 3337 1150; x_wconf 75' lang='grc' dir='ltr'>διὰ</span> <span class='ocrx_word' id='word_1_197' title='bbox 3390 1096 3663 1167; x_wconf 73' lang='grc' dir='ltr'>θαλάσσης</span> 
     </span>
    </p>
   </div>
   <div class='ocr_carea' id='block_1_27' title="bbox 2006 1180 3660 1255">
    <p class='ocr_par' dir='ltr' id='par_1_27' title="bbox 2006 1180 3660 1255">
     <span class='ocr_line' id='line_1_27' title="bbox 2006 1180 3660 1255; baseline 0.004 -20"><span class='ocrx_word' id='word_1_198' title='bbox 2006 1180 2096 1237; x_wconf 83' lang='grc' dir='ltr'>καὶ</span> <span class='ocrx_word' id='word_1_199' title='bbox 2128 1183 2264 1253; x_wconf 69' lang='grc' dir='ltr'>ἡμῖν</span> <span class='ocrx_word' id='word_1_200' title='bbox 2294 1181 2557 1255; x_wconf 79' lang='grc' dir='ltr'>ἑπαμυνεῖ</span> <span class='ocrx_word' id='word_1_201' title='bbox 2590 1182 2682 1236; x_wconf 86' lang='grc' dir='ltr'>τὸν</span> <span class='ocrx_word' id='word_1_202' title='bbox 2732 1181 3002 1239; x_wconf 86' lang='grc' dir='ltr'>κίνδυνον.</span> <span class='ocrx_word' id='word_1_203' title='bbox 3034 1184 3097 1240; x_wconf 82' lang='grc' dir='ltr'>Εἰ</span> <span class='ocrx_word' id='word_1_204' title='bbox 3131 1182 3177 1237; x_wconf 82' lang='grc' dir='ltr'>δ’</span> <span class='ocrx_word' id='word_1_205' title='bbox 3210 1185 3326 1253; x_wconf 77' lang='grc' dir='ltr'>οὖν,</span> <span class='ocrx_word' id='word_1_206' title='bbox 3375 1183 3524 1241; x_wconf 72' lang='grc' dir='ltr'>ἀλλὰ</span> <span class='ocrx_word' id='word_1_207' title='bbox 3560 1188 3660 1255; x_wconf 77' lang='grc' dir='ltr'>τὴν</span> 
     </span>
    </p>
   </div>
   <div class='ocr_carea' id='block_1_28' title="bbox 2011 1267 3666 1347">
    <p class='ocr_par' dir='ltr' id='par_1_28' title="bbox 2011 1267 3666 1347">
     <span class='ocr_line' id='line_1_28' title="bbox 2011 1267 3666 1347; baseline 0.002 -23"><span class='ocrx_word' id='word_1_208' title='bbox 2011 1273 2111 1325; x_wconf 74' lang='grc' dir='ltr'>τοῦ</span> <span class='ocrx_word' id='word_1_209' title='bbox 2161 1269 2394 1327; x_wconf 82' lang='grc' dir='ltr'>σουλτὰν</span> <span class='ocrx_word' id='word_1_210' title='bbox 2422 1272 2668 1347; x_wconf 74' lang='grc' dir='ltr'>κεφαλὴν</span> <span class='ocrx_word' id='word_1_211' title='bbox 2725 1272 3099 1346; x_wconf 79' lang='grc' dir='ltr'>ἀποτεμόντας</span> <span class='ocrx_word' id='word_1_212' title='bbox 3148 1267 3249 1341; x_wconf 77' lang='grc' dir='ltr'>ἔξω</span> <span class='ocrx_word' id='word_1_213' title='bbox 3296 1277 3391 1328; x_wconf 75' lang='grc' dir='ltr'>τοῦ</span> <span class='ocrx_word' id='word_1_214' title='bbox 3440 1274 3666 1347; x_wconf 83' lang='grc' dir='ltr'>τείχους</span> 
     </span>
    </p>
   </div>
   <div class='ocr_carea' id='block_1_29' title="bbox 2008 1358 3665 1437">
    <p class='ocr_par' dir='ltr' id='par_1_29' title="bbox 2008 1358 3665 1437">
     <span class='ocr_line' id='line_1_29' title="bbox 2008 1358 3665 1437; baseline 0.001 -24"><span class='ocrx_word' id='word_1_215' title='bbox 2008 1363 2124 1419; x_wconf 86' lang='grc' dir='ltr'>τοῖς</span> <span class='ocrx_word' id='word_1_216' title='bbox 2156 1358 2380 1434; x_wconf 78' lang='grc' dir='ltr'>ἐχθροῖς</span> <span class='ocrx_word' id='word_1_217' title='bbox 2420 1358 2652 1435; x_wconf 82' lang='grc' dir='ltr'>ῥιπτεῖν,</span> <span class='ocrx_word' id='word_1_218' title='bbox 2686 1362 2760 1425; x_wconf 83' lang='grc' dir='ltr'>ὡς</span> <span class='ocrx_word' id='word_1_219' title='bbox 2786 1362 2820 1429; x_wconf 72' lang='grc' dir='ltr'>ἢ</span> <span class='ocrx_word' id='word_1_220' title='bbox 2849 1358 3286 1437; x_wconf 79' lang='grc' dir='ltr'>καραδόκήσασιν</span> <span class='ocrx_word' id='word_1_221' title='bbox 3323 1362 3665 1436; x_wconf 83' lang='grc' dir='ltr'>ἀποχωρεῖν,</span> 
     </span>
    </p>
   </div>
   <div class='ocr_carea' id='block_1_30' title="bbox 2010 1447 3672 1525">
    <p class='ocr_par' dir='ltr' id='par_1_30' title="bbox 2010 1447 3672 1525">
     <span class='ocr_line' id='line_1_30' title="bbox 2010 1447 3672 1525; baseline 0.003 -24"><span class='ocrx_word' id='word_1_222' title='bbox 2010 1449 2045 1517; x_wconf 72' lang='grc' dir='ltr'><strong>ἢ</strong></span> <span class='ocrx_word' id='word_1_223' title='bbox 2100 1447 2448 1520; x_wconf 76' lang='grc' dir='ltr'>όρμηθὲντων</span> <span class='ocrx_word' id='word_1_224' title='bbox 2495 1449 2790 1522; x_wconf 77' lang='grc' dir='ltr'>ἀμύνεσθαι</span> <span class='ocrx_word' id='word_1_225' title='bbox 2840 1454 2991 1522; x_wconf 80' lang='grc' dir='ltr'>ἡμᾶς</span> <span class='ocrx_word' id='word_1_226' title='bbox 3045 1452 3289 1525; x_wconf 67' lang='grc' dir='ltr'>ἀντέχειν</span> <span class='ocrx_word' id='word_1_227' title='bbox 3340 1447 3445 1513; x_wconf 68' lang='grc' dir='ltr'>ἕως</span> <span class='ocrx_word' id='word_1_228' title='bbox 3501 1453 3672 1514; x_wconf 79' lang='grc' dir='ltr'>θανά-</span> 
     </span>
    </p>
   </div>
   <div class='ocr_carea' id='block_1_31' title="bbox 2010 1536 3671 1615">
    <p class='ocr_par' dir='ltr' id='par_1_31' title="bbox 2010 1536 3671 1615">
     <span class='ocr_line' id='line_1_31' title="bbox 2010 1536 3671 1615; baseline 0.002 -23"><span class='ocrx_word' id='word_1_229' title='bbox 2010 1558 2129 1607; x_wconf 86' lang='grc' dir='ltr'>του,</span> <span class='ocrx_word' id='word_1_230' title='bbox 2161 1538 2249 1593; x_wconf 84' lang='grc' dir='ltr'>καὶ</span> <span class='ocrx_word' id='word_1_231' title='bbox 2293 1536 2330 1606; x_wconf 74' lang='grc' dir='ltr'>ἢ</span> <span class='ocrx_word' id='word_1_232' title='bbox 2362 1542 2497 1593; x_wconf 78' lang='grc' dir='ltr'>Θεοῦ</span> <span class='ocrx_word' id='word_1_233' title='bbox 2538 1560 2644 1593; x_wconf 84' lang='grc' dir='ltr'>που</span> <span class='ocrx_word' id='word_1_234' title='bbox 2690 1538 2945 1613; x_wconf 75' lang='grc' dir='ltr'>συνεργίᾳ</span> <span class='ocrx_word' id='word_1_235' title='bbox 2984 1541 3361 1615; x_wconf 71' lang='grc' dir='ltr'>περιγενέσθαι</span> <span class='ocrx_word' id='word_1_236' title='bbox 3391 1541 3425 1610; x_wconf 76' lang='grc' dir='ltr'><strong>ἢ</strong></span> <span class='ocrx_word' id='word_1_237' title='bbox 3456 1540 3671 1597; x_wconf 88' lang='grc' dir='ltr'>πίπτειν</span> 
     </span>
    </p>
   </div>
   <div class='ocr_carea' id='block_1_32' title="bbox 2015 1626 3671 1704">
    <p class='ocr_par' dir='ltr' id='par_1_32' title="bbox 2015 1626 3671 1704">
     <span class='ocr_line' id='line_1_32' title="bbox 2015 1626 3671 1704; baseline 0.002 -22"><span class='ocrx_word' id='word_1_238' title='bbox 2015 1628 2147 1703; x_wconf 63' lang='grc' dir='ltr'>ὑπὲρ</span> <span class='ocrx_word' id='word_1_239' title='bbox 2176 1634 2275 1696; x_wconf 83' lang='grc' dir='ltr'>τῆς</span> <span class='ocrx_word' id='word_1_240' title='bbox 2322 1626 2399 1691; x_wconf 80' lang='grc' dir='ltr'>εἷς</span> <span class='ocrx_word' id='word_1_241' title='bbox 2449 1626 2675 1702; x_wconf 76' lang='grc' dir='ltr'>βασιλέα</span> <span class='ocrx_word' id='word_1_242' title='bbox 2723 1629 2977 1691; x_wconf 86' lang='grc' dir='ltr'>πίστεως.</span> <span class='ocrx_word' id='word_1_243' title='bbox 3027 1634 3203 1687; x_wconf 77' lang='grc' dir='ltr'>Ταῦτα</span> <span class='ocrx_word' id='word_1_244' title='bbox 3256 1629 3671 1704; x_wconf 78' lang='grc' dir='ltr'>βουλευομένων</span> 
     </span>
    </p>
   </div>
   <div class='ocr_carea' id='block_1_33' title="bbox 250 1710 3673 1813">
    <p class='ocr_par' dir='ltr' id='par_1_33' title="bbox 250 1710 3673 1813">
     <span class='ocr_line' id='line_1_33' title="bbox 250 1710 3673 1813; baseline -0.001 -33"><span class='ocrx_word' id='word_1_245' title='bbox 250 1718 384 1780; x_wconf 69' lang='grc' dir='ltr'>τοὺς</span> <span class='ocrx_word' id='word_1_246' title='bbox 418 1716 639 1772; x_wconf 68' lang='grc' dir='ltr'>ἐκείνων</span> <span class='ocrx_word' id='word_1_247' title='bbox 669 1716 761 1771; x_wconf 76' lang='grc' dir='ltr'>καὶ</span> <span class='ocrx_word' id='word_1_248' title='bbox 793 1714 984 1787; x_wconf 74' lang='grc' dir='ltr'>ἔξωθεν</span> <span class='ocrx_word' id='word_1_249' title='bbox 1017 1712 1077 1768; x_wconf 76' lang='grc' dir='ltr'>ἐκ</span> <span class='ocrx_word' id='word_1_250' title='bbox 1104 1720 1204 1782; x_wconf 79' lang='grc' dir='ltr'>τῆς</span> <span class='ocrx_word' id='word_1_251' title='bbox 1249 1711 1439 1788; x_wconf 80' lang='grc' dir='ltr'>χώρας</span> <span class='ocrx_word' id='word_1_252' title='bbox 1492 1713 1640 1786; x_wconf 78' lang='grc' dir='ltr'>εἶχον</span> <span class='ocrx_word' id='word_1_253' title='bbox 1682 1710 1905 1785; x_wconf 71' lang='grc' dir='ltr'>ἕτοιμον</span> <span class='ocrx_word' id='word_1_254' title='bbox 1940 1747 1987 1813; x_wconf 71' lang='grc' dir='ltr'><strong>Β</strong></span> <span class='ocrx_word' id='word_1_255' title='bbox 2016 1716 2225 1791; x_wconf 76' lang='grc' dir='ltr'>ἂκράτει</span> <span class='ocrx_word' id='word_1_256' title='bbox 2261 1717 2355 1789; x_wconf 72' lang='grc' dir='ltr'>μὲν</span> <span class='ocrx_word' id='word_1_257' title='bbox 2384 1719 2418 1786; x_wconf 86' lang='grc' dir='ltr'>ἠ</span> <span class='ocrx_word' id='word_1_258' title='bbox 2443 1714 2666 1791; x_wconf 69' lang='grc' dir='ltr'>δευτέρα</span> <span class='ocrx_word' id='word_1_259' title='bbox 2717 1718 2913 1792; x_wconf 83' lang='grc' dir='ltr'>βουκὴ,</span> <span class='ocrx_word' id='word_1_260' title='bbox 2973 1724 3250 1794; x_wconf 82' lang='grc' dir='ltr'>καρτερεῖν</span> <span class='ocrx_word' id='word_1_261' title='bbox 3302 1720 3392 1774; x_wconf 83' lang='grc' dir='ltr'>καὶ</span> <span class='ocrx_word' id='word_1_262' title='bbox 3451 1716 3528 1775; x_wconf 83' lang='grc' dir='ltr'>ἔτι</span> <span class='ocrx_word' id='word_1_263' title='bbox 3582 1720 3673 1779; x_wconf 79' lang='grc' dir='ltr'>ἐκ·</span> 
     </span>
    </p>
   </div>
   <div class='ocr_carea' id='block_1_34' title="bbox 249 1800 1911 1879">
    <p class='ocr_par' dir='ltr' id='par_1_34' title="bbox 249 1800 1911 1879">
     <span class='ocr_line' id='line_1_34' title="bbox 249 1800 1911 1879; baseline -0.004 -17"><span class='ocrx_word' id='word_1_264' title='bbox 249 1805 303 1862; x_wconf 79' lang='grc' dir='ltr'>ὄν</span> <span class='ocrx_word' id='word_1_265' title='bbox 338 1808 433 1861; x_wconf 80' lang='grc' dir='ltr'>καὶ</span> <span class='ocrx_word' id='word_1_266' title='bbox 485 1806 652 1862; x_wconf 71' lang='grc' dir='ltr'>πλέον</span> <span class='ocrx_word' id='word_1_267' title='bbox 777 1805 875 1872; x_wconf 76' lang='grc' dir='ltr'>τὴν</span> <span class='ocrx_word' id='word_1_268' title='bbox 927 1807 1073 1879; x_wconf 72' lang='grc' dir='ltr'>σφῶν</span> <span class='ocrx_word' id='word_1_269' title='bbox 1132 1800 1413 1875; x_wconf 79' lang='grc' dir='ltr'>ἐμπιπλᾷν</span> <span class='ocrx_word' id='word_1_270' title='bbox 1470 1800 1782 1873; x_wconf 68' lang='grc' dir='ltr'>ἐπιθυμίαν,</span> <span class='ocrx_word' id='word_1_271' title='bbox 1815 1801 1911 1857; x_wconf 82' lang='grc' dir='ltr'>αὐ-</span> 
     </span>
    </p>
   </div>
   <div class='ocr_carea' id='block_1_35' title="bbox 248 1891 1910 1970">
    <p class='ocr_par' dir='ltr' id='par_1_35' title="bbox 248 1891 1910 1970">
     <span class='ocr_line' id='line_1_35' title="bbox 248 1891 1910 1970; baseline -0.002 -19"><span class='ocrx_word' id='word_1_272' title='bbox 248 1896 377 1959; x_wconf 77' lang='grc' dir='ltr'>τοὺς</span> <span class='ocrx_word' id='word_1_273' title='bbox 410 1894 455 1951; x_wconf 80' lang='grc' dir='ltr'>δ’</span> <span class='ocrx_word' id='word_1_274' title='bbox 505 1895 552 1951; x_wconf 79' lang='grc' dir='ltr'>εί</span> <span class='ocrx_word' id='word_1_275' title='bbox 582 1895 871 1970; x_wconf 80' lang='grc' dir='ltr'>ἀστοχοῖεν</span> <span class='ocrx_word' id='word_1_276' title='bbox 915 1897 1022 1948; x_wconf 78' lang='grc' dir='ltr'>τῶν</span> <span class='ocrx_word' id='word_1_277' title='bbox 1071 1891 1121 1963; x_wconf 78' lang='grc' dir='ltr'><strong>ἐξ</strong></span> <span class='ocrx_word' id='word_1_278' title='bbox 1172 1893 1353 1967; x_wconf 74' lang='grc' dir='ltr'>ἀρχῆς</span> <span class='ocrx_word' id='word_1_279' title='bbox 1406 1892 1782 1966; x_wconf 69' lang='grc' dir='ltr'>προκειμένων</span> <span class='ocrx_word' id='word_1_280' title='bbox 1822 1892 1910 1967; x_wconf 76' lang='grc' dir='ltr'>γὲο</span> 
     </span>
    </p>
   </div>
   <div class='ocr_carea' id='block_1_36' title="bbox 252 1979 1915 2061">
    <p class='ocr_par' dir='ltr' id='par_1_36' title="bbox 252 1979 1915 2061">
     <span class='ocr_line' id='line_1_36' title="bbox 252 1979 1915 2061; baseline -0.003 -20"><span class='ocrx_word' id='word_1_281' title='bbox 252 1985 410 2042; x_wconf 84' lang='grc' dir='ltr'>λωτα</span> <span class='ocrx_word' id='word_1_282' title='bbox 463 1981 651 2061; x_wconf 75' lang='grc' dir='ltr'>ὄφλειν</span> <span class='ocrx_word' id='word_1_283' title='bbox 710 1982 958 2056; x_wconf 67' lang='grc' dir='ltr'>ἐνόμιζον</span> <span class='ocrx_word' id='word_1_284' title='bbox 987 2024 1001 2039; x_wconf 92' lang='grc'><strong>.</strong></span> <span class='ocrx_word' id='word_1_285' title='bbox 1062 1981 1216 2038; x_wconf 84' lang='grc' dir='ltr'>Ὅθεν</span> <span class='ocrx_word' id='word_1_286' title='bbox 1266 1979 1357 2036; x_wconf 85' lang='grc' dir='ltr'>καὶ</span> <span class='ocrx_word' id='word_1_287' title='bbox 1415 1981 1726 2054; x_wconf 73' lang='grc' dir='ltr'>πέμψαντες</span> <span class='ocrx_word' id='word_1_288' title='bbox 1781 1982 1915 2053; x_wconf 82' lang='grc' dir='ltr'>μετά</span> 
     </span>
    </p>
   </div>
   <div class='ocr_carea' id='block_1_37' title="bbox 250 2067 1914 2149">
    <p class='ocr_par' dir='ltr' id='par_1_37' title="bbox 250 2067 1914 2149">
     <span class='ocr_line' id='line_1_37' title="bbox 250 2067 1914 2149; baseline -0.004 -20"><span class='ocrx_word' id='word_1_289' title='bbox 250 2077 352 2144; x_wconf 80' lang='grc' dir='ltr'>τήν</span> <span class='ocrx_word' id='word_1_290' title='bbox 408 2075 738 2149; x_wconf 79' lang='grc' dir='ltr'>παράστασιν</span> <span class='ocrx_word' id='word_1_291' title='bbox 784 2077 890 2127; x_wconf 82' lang='grc' dir='ltr'>τῶν</span> <span class='ocrx_word' id='word_1_292' title='bbox 934 2069 1123 2127; x_wconf 81' lang='grc' dir='ltr'>δεινῶν</span> <span class='ocrx_word' id='word_1_293' title='bbox 1168 2069 1259 2127; x_wconf 82' lang='grc' dir='ltr'>καὶ</span> <span class='ocrx_word' id='word_1_294' title='bbox 1298 2069 1361 2127; x_wconf 87' lang='grc' dir='ltr'>τὸ</span> <span class='ocrx_word' id='word_1_295' title='bbox 1405 2067 1574 2140; x_wconf 78' lang='grc' dir='ltr'>δεῖξαι</span> <span class='ocrx_word' id='word_1_296' title='bbox 1624 2070 1697 2131; x_wconf 84' lang='grc' dir='ltr'>ὡς</span> <span class='ocrx_word' id='word_1_297' title='bbox 1739 2070 1914 2125; x_wconf 75' lang='grc' dir='ltr'>ἱκανοί</span> 
     </span>
    </p>
   </div>
   <div class='ocr_carea' id='block_1_38' title="bbox 253 2154 1913 2237">
    <p class='ocr_par' dir='ltr' id='par_1_38' title="bbox 253 2154 1913 2237">
     <span class='ocr_line' id='line_1_38' title="bbox 253 2154 1913 2237; baseline -0.002 -19"><span class='ocrx_word' id='word_1_298' title='bbox 253 2163 354 2218; x_wconf 80' lang='grc' dir='ltr'>εἰσι</span> <span class='ocrx_word' id='word_1_299' title='bbox 390 2162 768 2237; x_wconf 69' lang='grc' dir='ltr'>περιγενέσθαι</span> <span class='ocrx_word' id='word_1_300' title='bbox 809 2162 897 2215; x_wconf 79' lang='grc' dir='ltr'>καὶ</span> <span class='ocrx_word' id='word_1_301' title='bbox 949 2156 1100 2215; x_wconf 62' lang='grc' dir='ltr'>πέντ’</span> <span class='ocrx_word' id='word_1_302' title='bbox 1143 2154 1313 2233; x_wconf 79' lang='grc' dir='ltr'>ἔχειν,</span> <span class='ocrx_word' id='word_1_303' title='bbox 1370 2158 1452 2233; x_wconf 73' lang='grc' dir='ltr'>ἐφ’</span> <span class='ocrx_word' id='word_1_304' title='bbox 1503 2157 1578 2213; x_wconf 69' lang='grc' dir='ltr'>ἐνὶ</span> <span class='ocrx_word' id='word_1_305' title='bbox 1624 2163 1702 2229; x_wconf 84' lang='grc' dir='ltr'>τῷ</span> <span class='ocrx_word' id='word_1_306' title='bbox 1750 2158 1913 2214; x_wconf 81' lang='grc' dir='ltr'>σουλ-</span> 
     </span>
    </p>
   </div>
   <div class='ocr_carea' id='block_1_39' title="bbox 252 2246 1916 2322">
    <p class='ocr_par' dir='ltr' id='par_1_39' title="bbox 252 2246 1916 2322">
     <span class='ocr_line' id='line_1_39' title="bbox 252 2246 1916 2322; baseline -0.001 -17"><span class='ocrx_word' id='word_1_307' title='bbox 252 2253 344 2307; x_wconf 71' lang='grc' dir='ltr'>τὰν</span> <span class='ocrx_word' id='word_1_308' title='bbox 378 2252 442 2307; x_wconf 83' lang='grc' dir='ltr'>τὸ</span> <span class='ocrx_word' id='word_1_309' title='bbox 475 2256 580 2307; x_wconf 81' lang='grc' dir='ltr'>πᾶν</span> <span class='ocrx_word' id='word_1_310' title='bbox 620 2250 854 2322; x_wconf 74' lang='grc' dir='ltr'>ἐτίθουν,</span> <span class='ocrx_word' id='word_1_311' title='bbox 882 2249 971 2304; x_wconf 85' lang='grc' dir='ltr'>καὶ</span> <span class='ocrx_word' id='word_1_312' title='bbox 1020 2247 1262 2321; x_wconf 78' lang='grc' dir='ltr'>ἀπῄτουν</span> <span class='ocrx_word' id='word_1_313' title='bbox 1313 2246 1516 2302; x_wconf 78' lang='grc' dir='ltr'>ἐκεῖνον</span> <span class='ocrx_word' id='word_1_314' title='bbox 1571 2248 1683 2320; x_wconf 77' lang='grc' dir='ltr'>ἅμα</span> <span class='ocrx_word' id='word_1_315' title='bbox 1714 2246 1831 2319; x_wconf 86' lang='grc' dir='ltr'>λαῷ</span> <span class='ocrx_word' id='word_1_316' title='bbox 1858 2269 1916 2304; x_wconf 88' lang='grc' dir='ltr'>τε</span> 
     </span>
    </p>
   </div>
   <div class='ocr_carea' id='block_1_40' title="bbox 259 2444 1914 2522">
    <p class='ocr_par' dir='ltr' id='par_1_40' title="bbox 259 2444 1914 2522">
     <span class='ocr_line' id='line_1_40' title="bbox 259 2444 1914 2522; baseline -0.005 -14"><span class='ocrx_word' id='word_1_317' title='bbox 259 2452 414 2509; x_wconf 87' lang='lat' dir='ltr'>bris.</span> <span class='ocrx_word' id='word_1_318' title='bbox 448 2449 565 2522; x_wconf 85' lang='lat' dir='ltr'><strong>Ipsi</strong></span> <span class='ocrx_word' id='word_1_319' title='bbox 597 2449 682 2503; x_wconf 91' lang='lat' dir='ltr'>sic</span> <span class='ocrx_word' id='word_1_320' title='bbox 704 2445 956 2519; x_wconf 76' lang='lat' dir='ltr'>expediti</span> <span class='ocrx_word' id='word_1_321' title='bbox 989 2445 1367 2501; x_wconf 85' lang='lat' dir='ltr'>aceinxerunt</span> <span class='ocrx_word' id='word_1_322' title='bbox 1398 2461 1459 2499; x_wconf 90' lang='lat' dir='ltr'>se</span> <span class='ocrx_word' id='word_1_323' title='bbox 1506 2460 1639 2499; x_wconf 90' lang='lat' dir='ltr'>cum</span> <span class='ocrx_word' id='word_1_324' title='bbox 1689 2444 1914 2500; x_wconf 62' lang='lat' dir='ltr'>ceteris</span> 
     </span>
    </p>
   </div>
   <div class='ocr_carea' id='block_1_41' title="bbox 256 2535 1915 2614">
    <p class='ocr_par' dir='ltr' id='par_1_41' title="bbox 256 2535 1915 2614">
     <span class='ocr_line' id='line_1_41' title="bbox 256 2535 1915 2614; baseline -0.005 -14"><span class='ocrx_word' id='word_1_325' title='bbox 256 2545 325 2601; x_wconf 87' lang='lat' dir='ltr'>ad</span> <span class='ocrx_word' id='word_1_326' title='bbox 353 2558 538 2614; x_wconf 81' lang='lat' dir='ltr'>quam</span> <span class='ocrx_word' id='word_1_327' title='bbox 571 2539 889 2596; x_wconf 82' lang='lat' dir='ltr'>fortissime</span> <span class='ocrx_word' id='word_1_328' title='bbox 920 2538 1328 2610; x_wconf 87' lang='lat' dir='ltr'>pugnandum,</span> <span class='ocrx_word' id='word_1_329' title='bbox 1359 2535 1688 2608; x_wconf 75' lang='lat' dir='ltr'>iaculantes</span> <span class='ocrx_word' id='word_1_330' title='bbox 1736 2536 1915 2592; x_wconf 86' lang='lat' dir='ltr'>simul</span> 
     </span>
    </p>
   </div>
   <div class='ocr_carea' id='block_1_42' title="bbox 254 2625 1912 2698">
    <p class='ocr_par' dir='ltr' id='par_1_42' title="bbox 254 2625 1912 2698">
     <span class='ocr_line' id='line_1_42' title="bbox 254 2625 1912 2698; baseline -0.005 -9"><span class='ocrx_word' id='word_1_331' title='bbox 254 2648 470 2689; x_wconf 89' lang='lat' dir='ltr'>omnes</span> <span class='ocrx_word' id='word_1_332' title='bbox 501 2645 530 2684; x_wconf 91' lang='lat' dir='ltr'>e</span> <span class='ocrx_word' id='word_1_333' title='bbox 560 2629 751 2684; x_wconf 86' lang='lat' dir='ltr'>muris</span> <span class='ocrx_word' id='word_1_334' title='bbox 782 2629 840 2682; x_wconf 92' lang='lat' dir='ltr'>in</span> <span class='ocrx_word' id='word_1_335' title='bbox 864 2629 1302 2698; x_wconf 77' lang='lat' dir='ltr'>oppugnatores</span> <span class='ocrx_word' id='word_1_336' title='bbox 1321 2625 1578 2681; x_wconf 80' lang='lat' dir='ltr'>arcubus</span> <span class='ocrx_word' id='word_1_337' title='bbox 1603 2630 1660 2680; x_wconf 86' lang='lat' dir='ltr'>et</span> <span class='ocrx_word' id='word_1_338' title='bbox 1680 2625 1912 2694; x_wconf 81' lang='lat' dir='ltr'>fundis;</span> 
     </span>
    </p>
   </div>
   <div class='ocr_carea' id='block_1_43' title="bbox 256 2714 1915 2793">
    <p class='ocr_par' dir='ltr' id='par_1_43' title="bbox 256 2714 1915 2793">
     <span class='ocr_line' id='line_1_43' title="bbox 256 2714 1915 2793; baseline -0.005 -16"><span class='ocrx_word' id='word_1_339' title='bbox 256 2735 605 2793; x_wconf 82' lang='lat' dir='ltr'>quanquam</span> <span class='ocrx_word' id='word_1_340' title='bbox 637 2718 695 2771; x_wconf 90' lang='lat' dir='ltr'>in</span> <span class='ocrx_word' id='word_1_341' title='bbox 730 2718 838 2772; x_wconf 90' lang='lat' dir='ltr'>hoc</span> <span class='ocrx_word' id='word_1_342' title='bbox 866 2716 1101 2787; x_wconf 83' lang='lat' dir='ltr'>quidem</span> <span class='ocrx_word' id='word_1_343' title='bbox 1146 2714 1530 2786; x_wconf 83' lang='lat' dir='ltr'>proﬁciebant</span> <span class='ocrx_word' id='word_1_344' title='bbox 1561 2731 1789 2785; x_wconf 86' lang='lat' dir='ltr'>parum,</span> <span class='ocrx_word' id='word_1_345' title='bbox 1815 2716 1915 2770; x_wconf 93' lang='lat' dir='ltr'>ob-</span> 
     </span>
    </p>
   </div>
   <div class='ocr_carea' id='block_1_44' title="bbox 255 2803 1917 2874">
    <p class='ocr_par' dir='ltr' id='par_1_44' title="bbox 255 2803 1917 2874">
     <span class='ocr_line' id='line_1_44' title="bbox 255 2803 1917 2874; baseline -0.006 -8"><span class='ocrx_word' id='word_1_346' title='bbox 255 2814 470 2866; x_wconf 83' lang='lat' dir='ltr'>ruente</span> <span class='ocrx_word' id='word_1_347' title='bbox 506 2806 889 2862; x_wconf 84' lang='lat' dir='ltr'>multitudine</span> <span class='ocrx_word' id='word_1_348' title='bbox 922 2805 1071 2861; x_wconf 65' lang='lat'><strong>237</strong></span> <span class='ocrx_word' id='word_1_349' title='bbox 1108 2803 1392 2872; x_wconf 88' lang='lat' dir='ltr'>hostium,</span> <span class='ocrx_word' id='word_1_350' title='bbox 1426 2803 1526 2873; x_wconf 90' lang='lat' dir='ltr'>qui</span> <span class='ocrx_word' id='word_1_351' title='bbox 1557 2803 1733 2859; x_wconf 84' lang='lat' dir='ltr'>etiam</span> <span class='ocrx_word' id='word_1_352' title='bbox 1768 2820 1917 2874; x_wconf 68' lang='lat' dir='ltr'>prae-</span> 
     </span>
    </p>
   </div>
   <div class='ocr_carea' id='block_1_45' title="bbox 257 2891 1920 2971">
    <p class='ocr_par' dir='ltr' id='par_1_45' title="bbox 257 2891 1920 2971">
     <span class='ocr_line' id='line_1_45' title="bbox 257 2891 1920 2971; baseline -0.004 -18"><span class='ocrx_word' id='word_1_353' title='bbox 257 2896 490 2971; x_wconf 85' lang='lat' dir='ltr'>paratis</span> <span class='ocrx_word' id='word_1_354' title='bbox 505 2894 681 2951; x_wconf 84' lang='lat' dir='ltr'>scalis</span> <span class='ocrx_word' id='word_1_355' title='bbox 698 2894 756 2949; x_wconf 88' lang='lat' dir='ltr'>in</span> <span class='ocrx_word' id='word_1_356' title='bbox 774 2909 975 2949; x_wconf 87' lang='lat' dir='ltr'>muros</span> <span class='ocrx_word' id='word_1_357' title='bbox 988 2891 1217 2948; x_wconf 89' lang='lat' dir='ltr'>insilire</span> <span class='ocrx_word' id='word_1_358' title='bbox 1233 2892 1623 2948; x_wconf 86' lang='lat' dir='ltr'>conabantur.</span> <span class='ocrx_word' id='word_1_359' title='bbox 1652 2892 1920 2947; x_wconf 81' lang='lat' dir='ltr'>Addebat</span> 
     </span>
    </p>
   </div>
   <div class='ocr_carea' id='block_1_46' title="bbox 257 2980 1917 3043">
    <p class='ocr_par' dir='ltr' id='par_1_46' title="bbox 257 2980 1917 3043">
     <span class='ocr_line' id='line_1_46' title="bbox 257 2980 1917 3043; baseline -0.004 0"><span class='ocrx_word' id='word_1_360' title='bbox 257 2987 420 3043; x_wconf 88' lang='lat' dir='ltr'>enim</span> <span class='ocrx_word' id='word_1_361' title='bbox 454 2984 767 3041; x_wconf 89' lang='lat' dir='ltr'>ruentibus</span> <span class='ocrx_word' id='word_1_362' title='bbox 801 2981 990 3038; x_wconf 85' lang='lat' dir='ltr'>calcar</span> <span class='ocrx_word' id='word_1_363' title='bbox 1020 2982 1164 3037; x_wconf 90' lang='lat' dir='ltr'>odor</span> <span class='ocrx_word' id='word_1_364' title='bbox 1200 2981 1599 3037; x_wconf 88' lang='lat' dir='ltr'>subemanans</span> <span class='ocrx_word' id='word_1_365' title='bbox 1640 2985 1813 3036; x_wconf 81' lang='lat' dir='ltr'>tantas</span> <span class='ocrx_word' id='word_1_366' title='bbox 1856 2980 1917 3037; x_wconf 90' lang='lat' dir='ltr'>in</span> 
     </span>
    </p>
   </div>
   <div class='ocr_carea' id='block_1_47' title="bbox 2022 1803 3673 1883">
    <p class='ocr_par' dir='ltr' id='par_1_47' title="bbox 2022 1803 3673 1883">
     <span class='ocr_line' id='line_1_47' title="bbox 2022 1803 3673 1883; baseline 0.002 -22"><span class='ocrx_word' id='word_1_367' title='bbox 2022 1803 2357 1880; x_wconf 69' lang='grc' dir='ltr'>δεχομένους</span> <span class='ocrx_word' id='word_1_368' title='bbox 2395 1807 2671 1881; x_wconf 73' lang='grc' dir='ltr'>βοήθειαν,</span> <span class='ocrx_word' id='word_1_369' title='bbox 2719 1806 2808 1863; x_wconf 82' lang='grc' dir='ltr'>καὶ</span> <span class='ocrx_word' id='word_1_370' title='bbox 2856 1812 2973 1870; x_wconf 80' lang='grc' dir='ltr'>τοῖς</span> <span class='ocrx_word' id='word_1_371' title='bbox 3019 1808 3113 1880; x_wconf 73' lang='grc' dir='ltr'>μὲν</span> <span class='ocrx_word' id='word_1_372' title='bbox 3166 1806 3266 1879; x_wconf 77' lang='grc' dir='ltr'>ἔξω</span> <span class='ocrx_word' id='word_1_373' title='bbox 3316 1809 3541 1883; x_wconf 84' lang='grc' dir='ltr'>ἀναρτᾷν</span> <span class='ocrx_word' id='word_1_374' title='bbox 3573 1807 3673 1864; x_wconf 79' lang='grc' dir='ltr'>ἐλ-</span> 
     </span>
    </p>
   </div>
   <div class='ocr_carea' id='block_1_48' title="bbox 2021 1891 3673 1968">
    <p class='ocr_par' dir='ltr' id='par_1_48' title="bbox 2021 1891 3673 1968">
     <span class='ocr_line' id='line_1_48' title="bbox 2021 1891 3673 1968; baseline 0.002 -19"><span class='ocrx_word' id='word_1_375' title='bbox 2021 1891 2180 1955; x_wconf 86' lang='grc' dir='ltr'>πίδας</span> <span class='ocrx_word' id='word_1_376' title='bbox 2238 1895 2313 1957; x_wconf 84' lang='grc' dir='ltr'>ὡς</span> <span class='ocrx_word' id='word_1_377' title='bbox 2364 1891 2775 1965; x_wconf 73' lang='grc' dir='ltr'>ἆκδωσείοντας,</span> <span class='ocrx_word' id='word_1_378' title='bbox 2828 1893 3026 1953; x_wconf 74' lang='grc' dir='ltr'>αὐτοὺς</span> <span class='ocrx_word' id='word_1_379' title='bbox 3081 1892 3138 1949; x_wconf 74' lang='grc' dir='ltr'>δὲ</span> <span class='ocrx_word' id='word_1_380' title='bbox 3189 1896 3443 1968; x_wconf 73' lang='grc' dir='ltr'>μένοντας</span> <span class='ocrx_word' id='word_1_381' title='bbox 3502 1898 3557 1951; x_wconf 83' lang='grc' dir='ltr'>εὖ</span> <span class='ocrx_word' id='word_1_382' title='bbox 3604 1897 3673 1952; x_wconf 81' lang='grc' dir='ltr'>τὰ</span> 
     </span>
    </p>
   </div>
   <div class='ocr_carea' id='block_1_49' title="bbox 2021 1984 3670 2059">
    <p class='ocr_par' dir='ltr' id='par_1_49' title="bbox 2021 1984 3670 2059">
     <span class='ocr_line' id='line_1_49' title="bbox 2021 1984 3670 2059; baseline 0.001 -21"><span class='ocrx_word' id='word_1_383' title='bbox 2021 1984 2159 2038; x_wconf 74' lang='grc' dir='ltr'>κατὰ</span> <span class='ocrx_word' id='word_1_384' title='bbox 2212 1988 2345 2059; x_wconf 75' lang='grc' dir='ltr'>σφᾶς</span> <span class='ocrx_word' id='word_1_385' title='bbox 2401 1984 2473 2045; x_wconf 82' lang='grc' dir='ltr'>ὡς</span> <span class='ocrx_word' id='word_1_386' title='bbox 2530 1984 2648 2039; x_wconf 85' lang='grc' dir='ltr'>οἷόν</span> <span class='ocrx_word' id='word_1_387' title='bbox 2698 2004 2759 2038; x_wconf 84' lang='grc' dir='ltr'>τε</span> <span class='ocrx_word' id='word_1_388' title='bbox 2813 1984 3096 2052; x_wconf 82' lang='grc' dir='ltr'>τίθεσθαι,</span> <span class='ocrx_word' id='word_1_389' title='bbox 3154 1985 3253 2045; x_wconf 83' lang='grc' dir='ltr'>ὡς</span> <span class='ocrx_word' id='word_1_390' title='bbox 3284 1984 3670 2058; x_wconf 75' lang='grc' dir='ltr'>ἀνθεξομὲνους</span> 
     </span>
    </p>
   </div>
   <div class='ocr_carea' id='block_1_50' title="bbox 2024 2071 3675 2151">
    <p class='ocr_par' dir='ltr' id='par_1_50' title="bbox 2024 2071 3675 2151">
     <span class='ocr_line' id='line_1_50' title="bbox 2024 2071 3675 2151; baseline 0.001 -24"><span class='ocrx_word' id='word_1_391' title='bbox 2024 2071 2105 2137; x_wconf 75' lang='grc' dir='ltr'>ἐφ’</span> <span class='ocrx_word' id='word_1_392' title='bbox 2131 2072 2254 2127; x_wconf 79' lang='grc' dir='ltr'>ὅσον</span> <span class='ocrx_word' id='word_1_393' title='bbox 2297 2072 2542 2148; x_wconf 85' lang='grc' dir='ltr'>παρείκει</span> <span class='ocrx_word' id='word_1_394' title='bbox 2598 2073 2687 2129; x_wconf 83' lang='grc' dir='ltr'>καὶ</span> <span class='ocrx_word' id='word_1_395' title='bbox 2746 2076 2822 2146; x_wconf 83' lang='grc' dir='ltr'>μή</span> <span class='ocrx_word' id='word_1_396' title='bbox 2882 2072 3133 2148; x_wconf 84' lang='grc' dir='ltr'>βοηθείας</span> <span class='ocrx_word' id='word_1_397' title='bbox 3190 2074 3468 2151; x_wconf 78' lang='grc' dir='ltr'>φανείσής.</span> <span class='ocrx_word' id='word_1_398' title='bbox 3521 2074 3584 2129; x_wconf 85' lang='lat' dir='ltr'>El</span> <span class='ocrx_word' id='word_1_399' title='bbox 3617 2071 3675 2135; x_wconf 67' lang='grc' dir='ltr'>δὲ</span> 
     </span>
    </p>
   </div>
   <div class='ocr_carea' id='block_1_51' title="bbox 2024 2158 3672 2238">
    <p class='ocr_par' dir='ltr' id='par_1_51' title="bbox 2024 2158 3672 2238">
     <span class='ocr_line' id='line_1_51' title="bbox 2024 2158 3672 2238; baseline 0.001 -21"><span class='ocrx_word' id='word_1_400' title='bbox 2024 2159 2382 2217; x_wconf 80' lang='grc' dir='ltr'>κινδυνεύοιεν</span> <span class='ocrx_word' id='word_1_401' title='bbox 2450 2160 2698 2219; x_wconf 87' lang='grc' dir='ltr'>πλεόνων</span> <span class='ocrx_word' id='word_1_402' title='bbox 2776 2158 3167 2237; x_wconf 74' lang='grc' dir='ltr'>ἐπιϐρισάντων</span> <span class='ocrx_word' id='word_1_403' title='bbox 3236 2166 3343 2218; x_wconf 81' lang='grc' dir='ltr'>τῶν</span> <span class='ocrx_word' id='word_1_404' title='bbox 3409 2163 3672 2238; x_wconf 80' lang='grc' dir='ltr'>χαλεπῶν</span> 
     </span>
    </p>
   </div>
   <div class='ocr_carea' id='block_1_52' title="bbox 2024 2249 3677 2328">
    <p class='ocr_par' dir='ltr' id='par_1_52' title="bbox 2024 2249 3677 2328">
     <span class='ocr_line' id='line_1_52' title="bbox 2024 2249 3677 2328; baseline 0.001 -22"><span class='ocrx_word' id='word_1_405' title='bbox 2024 2250 2267 2325; x_wconf 74' lang='grc' dir='ltr'>κεφαλὴν</span> <span class='ocrx_word' id='word_1_406' title='bbox 2305 2251 2400 2323; x_wconf 72' lang='grc' dir='ltr'>μὲν</span> <span class='ocrx_word' id='word_1_407' title='bbox 2427 2254 2525 2306; x_wconf 76' lang='grc' dir='ltr'>τοῦ</span> <span class='ocrx_word' id='word_1_408' title='bbox 2576 2249 2808 2307; x_wconf 75' lang='grc' dir='ltr'>σουλτᾶιν</span> <span class='ocrx_word' id='word_1_409' title='bbox 2867 2253 2993 2323; x_wconf 76' lang='grc' dir='ltr'>μήτ’</span> <span class='ocrx_word' id='word_1_410' title='bbox 3053 2250 3332 2311; x_wconf 72' lang='grc' dir='ltr'>ἐκκόπτειν</span> <span class='ocrx_word' id='word_1_411' title='bbox 3394 2255 3535 2324; x_wconf 77' lang='grc' dir='ltr'>μήτε</span> <span class='ocrx_word' id='word_1_412' title='bbox 3596 2252 3677 2328; x_wconf 78' lang='grc' dir='ltr'>ῥι-</span> 
     </span>
    </p>
   </div>
   <div class='ocr_carea' id='block_1_53' title="bbox 2026 2447 3677 2519">
    <p class='ocr_par' dir='ltr' id='par_1_53' title="bbox 2026 2447 3677 2519">
     <span class='ocr_line' id='line_1_53' title="bbox 2026 2447 3677 2519; baseline 0.001 -19"><span class='ocrx_word' id='word_1_413' title='bbox 2026 2463 2157 2501; x_wconf 89' lang='lat' dir='ltr'>nem</span> <span class='ocrx_word' id='word_1_414' title='bbox 2212 2463 2345 2501; x_wconf 86' lang='lat' dir='ltr'>cum</span> <span class='ocrx_word' id='word_1_415' title='bbox 2397 2448 2611 2519; x_wconf 90' lang='lat' dir='ltr'>populo</span> <span class='ocrx_word' id='word_1_416' title='bbox 2651 2450 2708 2502; x_wconf 90' lang='lat' dir='ltr'>et</span> <span class='ocrx_word' id='word_1_417' title='bbox 2751 2447 2999 2519; x_wconf 83' lang='lat' dir='ltr'>pecunia</span> <span class='ocrx_word' id='word_1_418' title='bbox 3032 2448 3335 2515; x_wconf 77' lang='lat' dir='ltr'>dederent,</span> <span class='ocrx_word' id='word_1_419' title='bbox 3374 2448 3487 2519; x_wconf 87' lang='lat' dir='ltr'>ipsi</span> <span class='ocrx_word' id='word_1_420' title='bbox 3530 2448 3677 2503; x_wconf 88' lang='lat' dir='ltr'>salvi</span> 
     </span>
    </p>
   </div>
   <div class='ocr_carea' id='block_1_54' title="bbox 2025 2535 3677 2607">
    <p class='ocr_par' dir='ltr' id='par_1_54' title="bbox 2025 2535 3677 2607">
     <span class='ocr_line' id='line_1_54' title="bbox 2025 2535 3677 2607; baseline 0.002 -18"><span class='ocrx_word' id='word_1_421' title='bbox 2025 2535 2256 2591; x_wconf 83' lang='lat' dir='ltr'>abirent</span> <span class='ocrx_word' id='word_1_422' title='bbox 2286 2552 2402 2607; x_wconf 90' lang='lat' dir='ltr'>quo</span> <span class='ocrx_word' id='word_1_423' title='bbox 2434 2536 2663 2603; x_wconf 88' lang='lat' dir='ltr'>liberet,</span> <span class='ocrx_word' id='word_1_424' title='bbox 2696 2536 2889 2591; x_wconf 86' lang='lat' dir='ltr'>omnis</span> <span class='ocrx_word' id='word_1_425' title='bbox 2921 2537 2992 2593; x_wconf 91' lang='lat' dir='ltr'>ab</span> <span class='ocrx_word' id='word_1_426' title='bbox 3026 2553 3088 2597; x_wconf 86' lang='lat' dir='ltr'>se</span> <span class='ocrx_word' id='word_1_427' title='bbox 3129 2535 3412 2592; x_wconf 76' lang='lat' dir='ltr'>molestias</span> <span class='ocrx_word' id='word_1_428' title='bbox 3460 2537 3677 2593; x_wconf 87' lang='lat' dir='ltr'>securi.</span> 
     </span>
    </p>
   </div>
   <div class='ocr_carea' id='block_1_55' title="bbox 2029 2624 3682 2683">
    <p class='ocr_par' dir='ltr' id='par_1_55' title="bbox 2029 2624 3682 2683">
     <span class='ocr_line' id='line_1_55' title="bbox 2029 2624 3682 2683; baseline 0.002 -4"><span class='ocrx_word' id='word_1_429' title='bbox 2029 2624 2126 2679; x_wconf 82' lang='lat' dir='ltr'>llis</span> <span class='ocrx_word' id='word_1_430' title='bbox 2160 2624 2406 2680; x_wconf 81' lang='lat' dir='ltr'>Romani</span> <span class='ocrx_word' id='word_1_431' title='bbox 2438 2626 2656 2682; x_wconf 81' lang='lat' dir='ltr'>auditis</span> <span class='ocrx_word' id='word_1_432' title='bbox 2672 2625 2731 2679; x_wconf 89' lang='lat' dir='ltr'>in</span> <span class='ocrx_word' id='word_1_433' title='bbox 2749 2625 2900 2681; x_wconf 87' lang='lat' dir='ltr'>duas</span> <span class='ocrx_word' id='word_1_434' title='bbox 2918 2642 2980 2682; x_wconf 89' lang='lat' dir='ltr'>se</span> <span class='ocrx_word' id='word_1_435' title='bbox 3010 2627 3341 2682; x_wconf 77' lang='lat' dir='ltr'>contrarias</span> <span class='ocrx_word' id='word_1_436' title='bbox 3359 2627 3682 2683; x_wconf 87' lang='lat' dir='ltr'>sententias</span> 
     </span>
    </p>
   </div>
   <div class='ocr_carea' id='block_1_56' title="bbox 2028 2712 3680 2787">
    <p class='ocr_par' dir='ltr' id='par_1_56' title="bbox 2028 2712 3680 2787">
     <span class='ocr_line' id='line_1_56' title="bbox 2028 2712 3680 2787; baseline 0.002 -20"><span class='ocrx_word' id='word_1_437' title='bbox 2028 2712 2348 2768; x_wconf 85' lang='lat' dir='ltr'>sciderunt.</span> <span class='ocrx_word' id='word_1_438' title='bbox 2383 2713 2746 2781; x_wconf 83' lang='lat' dir='ltr'>Quibusdam</span> <span class='ocrx_word' id='word_1_439' title='bbox 2786 2715 3097 2770; x_wconf 87' lang='lat' dir='ltr'>videbatur</span> <span class='ocrx_word' id='word_1_440' title='bbox 3127 2715 3520 2787; x_wconf 68' lang='lat' dir='ltr'>praestabilius</span> <span class='ocrx_word' id='word_1_441' title='bbox 3553 2717 3680 2771; x_wconf 84' lang='lat' dir='ltr'>dari</span> 
     </span>
    </p>
   </div>
   <div class='ocr_carea' id='block_1_57' title="bbox 2029 2801 3683 2876">
    <p class='ocr_par' dir='ltr' id='par_1_57' title="bbox 2029 2801 3683 2876">
     <span class='ocr_line' id='line_1_57' title="bbox 2029 2801 3683 2876; baseline 0.002 -17"><span class='ocrx_word' id='word_1_442' title='bbox 2029 2801 2180 2859; x_wconf 90' lang='lat' dir='ltr'>ultro</span> <span class='ocrx_word' id='word_1_443' title='bbox 2212 2807 2441 2859; x_wconf 87' lang='lat' dir='ltr'>mature</span> <span class='ocrx_word' id='word_1_444' title='bbox 2474 2804 2630 2873; x_wconf 88' lang='lat' dir='ltr'>quod</span> <span class='ocrx_word' id='word_1_445' title='bbox 2665 2819 2796 2860; x_wconf 81' lang='lat' dir='ltr'>mox</span> <span class='ocrx_word' id='word_1_446' title='bbox 2826 2805 3295 2876; x_wconf 79' lang='lat' dir='ltr'>extorquendum</span> <span class='ocrx_word' id='word_1_447' title='bbox 3343 2805 3397 2861; x_wconf 87' lang='lat' dir='ltr'>vi</span> <span class='ocrx_word' id='word_1_448' title='bbox 3447 2810 3590 2871; x_wconf 84' lang='lat' dir='ltr'>erat,</span> <span class='ocrx_word' id='word_1_449' title='bbox 3624 2811 3683 2862; x_wconf 89' lang='lat' dir='ltr'>et</span> 
     </span>
    </p>
   </div>
   <div class='ocr_carea' id='block_1_58' title="bbox 2028 2892 3684 2965">
    <p class='ocr_par' dir='ltr' id='par_1_58' title="bbox 2028 2892 3684 2965">
     <span class='ocr_line' id='line_1_58' title="bbox 2028 2892 3684 2965; baseline 0.002 -19"><span class='ocrx_word' id='word_1_450' title='bbox 2028 2892 2311 2948; x_wconf 81' lang='lat' dir='ltr'>beneﬁcio</span> <span class='ocrx_word' id='word_1_451' title='bbox 2341 2892 2583 2949; x_wconf 83' lang='lat' dir='ltr'>exitium</span> <span class='ocrx_word' id='word_1_452' title='bbox 2614 2893 2898 2950; x_wconf 80' lang='lat' dir='ltr'>redimere</span> <span class='ocrx_word' id='word_1_453' title='bbox 2926 2909 3058 2949; x_wconf 87' lang='lat' dir='ltr'>cum</span> <span class='ocrx_word' id='word_1_454' title='bbox 3083 2893 3341 2949; x_wconf 88' lang='lat' dir='ltr'>sibitum</span> <span class='ocrx_word' id='word_1_455' title='bbox 3371 2893 3445 2950; x_wconf 90' lang='lat' dir='ltr'>iis</span> <span class='ocrx_word' id='word_1_456' title='bbox 3463 2894 3684 2965; x_wconf 89' lang='lat' dir='ltr'>pariter</span> 
     </span>
    </p>
   </div>
   <div class='ocr_carea' id='block_1_59' title="bbox 2030 2981 3683 3053">
    <p class='ocr_par' dir='ltr' id='par_1_59' title="bbox 2030 2981 3683 3053">
     <span class='ocr_line' id='line_1_59' title="bbox 2030 2981 3683 3053; baseline 0.002 -18"><span class='ocrx_word' id='word_1_457' title='bbox 2030 2981 2401 3052; x_wconf 80' lang='lat' dir='ltr'>impendens,</span> <span class='ocrx_word' id='word_1_458' title='bbox 2452 2998 2579 3052; x_wconf 80' lang='lat' dir='ltr'>quas</span> <span class='ocrx_word' id='word_1_459' title='bbox 2629 2982 2814 3039; x_wconf 89' lang='lat' dir='ltr'>stulta</span> <span class='ocrx_word' id='word_1_460' title='bbox 2862 2999 3041 3053; x_wconf 88' lang='lat' dir='ltr'>supra</span> <span class='ocrx_word' id='word_1_461' title='bbox 3086 2982 3241 3038; x_wconf 84' lang='lat' dir='ltr'>vires</span> <span class='ocrx_word' id='word_1_462' title='bbox 3291 2982 3683 3039; x_wconf 79' lang='lat' dir='ltr'>obstinatione</span> 
     </span>
    </p>
   </div>
   <div class='ocr_carea' id='block_1_60' title="bbox 260 3068 3683 3165">
    <p class='ocr_par' dir='ltr' id='par_1_60' title="bbox 260 3068 3683 3165">
     <span class='ocr_line' id='line_1_60' title="bbox 260 3068 3683 3165; baseline -0.001 -34"><span class='ocrx_word' id='word_1_463' title='bbox 260 3073 602 3148; x_wconf 88' lang='lat' dir='ltr'>propinquo</span> <span class='ocrx_word' id='word_1_464' title='bbox 632 3087 699 3127; x_wconf 87' lang='lat' dir='ltr'>ac</span> <span class='ocrx_word' id='word_1_465' title='bbox 733 3070 903 3143; x_wconf 90' lang='lat' dir='ltr'>quasi</span> <span class='ocrx_word' id='word_1_466' title='bbox 935 3069 1047 3125; x_wconf 88' lang='lat' dir='ltr'>sub</span> <span class='ocrx_word' id='word_1_467' title='bbox 1078 3085 1321 3125; x_wconf 88' lang='lat' dir='ltr'>manum</span> <span class='ocrx_word' id='word_1_468' title='bbox 1356 3068 1614 3141; x_wconf 66' lang='lat' dir='ltr'>pecuniis</span> <span class='ocrx_word' id='word_1_469' title='bbox 1639 3069 1920 3139; x_wconf 82' lang='lat' dir='ltr'>jacentis,</span> <span class='ocrx_word' id='word_1_470' title='bbox 1951 3098 1995 3165; x_wconf 70' lang='lat' dir='ltr'><strong>G</strong></span> <span class='ocrx_word' id='word_1_471' title='bbox 2034 3070 2186 3125; x_wconf 92' lang='lat' dir='ltr'>tueri</span> <span class='ocrx_word' id='word_1_472' title='bbox 2217 3070 2656 3127; x_wconf 88' lang='lat' dir='ltr'>contenderent.</span> <span class='ocrx_word' id='word_1_473' title='bbox 2690 3070 2779 3127; x_wconf 81' lang='lat' dir='ltr'>Ab</span> <span class='ocrx_word' id='word_1_474' title='bbox 2811 3070 2905 3128; x_wconf 87' lang='lat' dir='ltr'>his</span> <span class='ocrx_word' id='word_1_475' title='bbox 2933 3070 3033 3126; x_wconf 83' lang='lat' dir='ltr'>alii</span> <span class='ocrx_word' id='word_1_476' title='bbox 3063 3071 3511 3139; x_wconf 79' lang='lat' dir='ltr'>dissentiebant,</span> <span class='ocrx_word' id='word_1_477' title='bbox 3546 3088 3683 3128; x_wconf 86' lang='lat' dir='ltr'>con-</span> 
     </span>
    </p>
   </div>
   <div class='ocr_carea' id='block_1_61' title="bbox 259 3158 1920 3235">
    <p class='ocr_par' dir='ltr' id='par_1_61' title="bbox 259 3158 1920 3235">
     <span class='ocr_line' id='line_1_61' title="bbox 259 3158 1920 3235; baseline -0.004 -15"><span class='ocrx_word' id='word_1_478' title='bbox 259 3165 436 3235; x_wconf 88' lang='lat' dir='ltr'>cujus</span> <span class='ocrx_word' id='word_1_479' title='bbox 484 3161 693 3233; x_wconf 65' lang='lat' dir='ltr'>opimae</span> <span class='ocrx_word' id='word_1_480' title='bbox 749 3161 989 3231; x_wconf 61' lang='lat' dir='ltr'>objectis</span> <span class='ocrx_word' id='word_1_481' title='bbox 1037 3159 1306 3213; x_wconf 80' lang='lat' dir='ltr'>faucibus</span> <span class='ocrx_word' id='word_1_482' title='bbox 1351 3175 1418 3214; x_wconf 88' lang='lat' dir='ltr'>ac</span> <span class='ocrx_word' id='word_1_483' title='bbox 1480 3159 1648 3230; x_wconf 84' lang='lat' dir='ltr'>quasi</span> <span class='ocrx_word' id='word_1_484' title='bbox 1704 3158 1920 3213; x_wconf 90' lang='lat' dir='ltr'>famem</span> 
     </span>
    </p>
   </div>
   <div class='ocr_carea' id='block_1_62' title="bbox 259 3246 1924 3319">
    <p class='ocr_par' dir='ltr' id='par_1_62' title="bbox 259 3246 1924 3319">
     <span class='ocr_line' id='line_1_62' title="bbox 259 3246 1924 3319; baseline -0.005 -10"><span class='ocrx_word' id='word_1_485' title='bbox 259 3254 468 3310; x_wconf 85' lang='lat' dir='ltr'>afﬂato</span> <span class='ocrx_word' id='word_1_486' title='bbox 494 3268 564 3306; x_wconf 84' lang='lat' dir='ltr'>ex</span> <span class='ocrx_word' id='word_1_487' title='bbox 594 3249 781 3305; x_wconf 85' lang='lat' dir='ltr'>vicina</span> <span class='ocrx_word' id='word_1_488' title='bbox 813 3248 1016 3303; x_wconf 87' lang='lat' dir='ltr'>nidore</span> <span class='ocrx_word' id='word_1_489' title='bbox 1050 3246 1388 3319; x_wconf 87' lang='lat' dir='ltr'>proritsntis</span> <span class='ocrx_word' id='word_1_490' title='bbox 1429 3247 1734 3303; x_wconf 82' lang='lat' dir='ltr'>confestim</span> <span class='ocrx_word' id='word_1_491' title='bbox 1773 3246 1924 3302; x_wconf 86' lang='lat' dir='ltr'>abli-</span> 
     </span>
    </p>
   </div>
   <div class='ocr_carea' id='block_1_63' title="bbox 258 3337 1923 3416">
    <p class='ocr_par' dir='ltr' id='par_1_63' title="bbox 258 3337 1923 3416">
     <span class='ocr_line' id='line_1_63' title="bbox 258 3337 1923 3416; baseline -0.004 -18"><span class='ocrx_word' id='word_1_492' title='bbox 258 3341 565 3416; x_wconf 65' lang='lat' dir='ltr'>guriende</span> <span class='ocrx_word' id='word_1_493' title='bbox 598 3340 836 3395; x_wconf 88' lang='lat' dir='ltr'>admota</span> <span class='ocrx_word' id='word_1_494' title='bbox 885 3338 1093 3409; x_wconf 68' lang='lat' dir='ltr'>praedas</span> <span class='ocrx_word' id='word_1_495' title='bbox 1143 3353 1277 3408; x_wconf 88' lang='lat' dir='ltr'>spes</span> <span class='ocrx_word' id='word_1_496' title='bbox 1325 3337 1584 3392; x_wconf 88' lang='lat' dir='ltr'>immane</span> <span class='ocrx_word' id='word_1_497' title='bbox 1634 3342 1923 3409; x_wconf 90' lang='lat' dir='ltr'>quantum</span> 
     </span>
    </p>
   </div>
   <div class='ocr_carea' id='block_1_64' title="bbox 264 3425 1928 3503">
    <p class='ocr_par' dir='ltr' id='par_1_64' title="bbox 264 3425 1928 3503">
     <span class='ocr_line' id='line_1_64' title="bbox 264 3425 1928 3503; baseline -0.004 -16"><span class='ocrx_word' id='word_1_498' title='bbox 264 3429 669 3503; x_wconf 67' lang='lat' dir='ltr'>rapacissimae</span> <span class='ocrx_word' id='word_1_499' title='bbox 701 3427 917 3499; x_wconf 89' lang='lat' dir='ltr'>gentis,</span> <span class='ocrx_word' id='word_1_500' title='bbox 949 3430 1071 3482; x_wconf 92' lang='lat' dir='ltr'>toto</span> <span class='ocrx_word' id='word_1_501' title='bbox 1104 3426 1329 3481; x_wconf 91' lang='lat' dir='ltr'>dudum</span> <span class='ocrx_word' id='word_1_502' title='bbox 1360 3426 1493 3481; x_wconf 89' lang='lat' dir='ltr'>nisu</span> <span class='ocrx_word' id='word_1_503' title='bbox 1528 3425 1928 3481; x_wconf 81' lang='lat' dir='ltr'>incumbentis</span> 
     </span>
    </p>
   </div>
   <div class='ocr_carea' id='block_1_65' title="bbox 265 3513 1928 3591">
    <p class='ocr_par' dir='ltr' id='par_1_65' title="bbox 265 3513 1928 3591">
     <span class='ocr_line' id='line_1_65' title="bbox 265 3513 1928 3591; baseline -0.004 -16"><span class='ocrx_word' id='word_1_504' title='bbox 265 3521 335 3576; x_wconf 90' lang='lat' dir='ltr'>ad</span> <span class='ocrx_word' id='word_1_505' title='bbox 369 3517 878 3591; x_wconf 87' lang='lat' dir='ltr'>perrumpendum</span> <span class='ocrx_word' id='word_1_506' title='bbox 937 3514 1167 3587; x_wconf 86' lang='lat' dir='ltr'>quidvis</span> <span class='ocrx_word' id='word_1_507' title='bbox 1195 3515 1459 3585; x_wconf 83' lang='lat' dir='ltr'>obstans,</span> <span class='ocrx_word' id='word_1_508' title='bbox 1490 3514 1655 3570; x_wconf 90' lang='lat' dir='ltr'>novis</span> <span class='ocrx_word' id='word_1_509' title='bbox 1675 3513 1928 3571; x_wconf 90' lang='lat' dir='ltr'>cumulis</span> 
     </span>
    </p>
   </div>
   <div class='ocr_carea' id='block_1_66' title="bbox 266 3603 1926 3676">
    <p class='ocr_par' dir='ltr' id='par_1_66' title="bbox 266 3603 1926 3676">
     <span class='ocr_line' id='line_1_66' title="bbox 266 3603 1926 3676; baseline -0.004 -12"><span class='ocrx_word' id='word_1_510' title='bbox 266 3609 489 3664; x_wconf 89' lang='lat' dir='ltr'>furoris</span> <span class='ocrx_word' id='word_1_511' title='bbox 508 3606 918 3663; x_wconf 88' lang='lat' dir='ltr'>inﬂammabat</span> <span class='ocrx_word' id='word_1_512' title='bbox 932 3604 1207 3674; x_wconf 88' lang='lat' dir='ltr'>impetus.</span> <span class='ocrx_word' id='word_1_513' title='bbox 1225 3605 1313 3659; x_wconf 73' lang='lat' dir='ltr'>Eas</span> <span class='ocrx_word' id='word_1_514' title='bbox 1330 3609 1526 3661; x_wconf 86' lang='lat' dir='ltr'>tamen</span> <span class='ocrx_word' id='word_1_515' title='bbox 1544 3603 1926 3676; x_wconf 88' lang='lat' dir='ltr'>cogitationes</span> 
     </span>
    </p>
   </div>
   <div class='ocr_carea' id='block_1_67' title="bbox 265 3692 1926 3768">
    <p class='ocr_par' dir='ltr' id='par_1_67' title="bbox 265 3692 1926 3768">
     <span class='ocr_line' id='line_1_67' title="bbox 265 3692 1926 3768; baseline -0.003 -14"><span class='ocrx_word' id='word_1_516' title='bbox 265 3705 439 3754; x_wconf 86' lang='lat' dir='ltr'>erant</span> <span class='ocrx_word' id='word_1_517' title='bbox 478 3696 639 3768; x_wconf 86' lang='lat' dir='ltr'>vulgi</span> <span class='ocrx_word' id='word_1_518' title='bbox 689 3696 973 3750; x_wconf 84' lang='lat' dir='ltr'>duntaxat</span> <span class='ocrx_word' id='word_1_519' title='bbox 1024 3693 1271 3749; x_wconf 89' lang='lat' dir='ltr'>minoris</span> <span class='ocrx_word' id='word_1_520' title='bbox 1321 3710 1386 3749; x_wconf 88' lang='lat' dir='ltr'>ac</span> <span class='ocrx_word' id='word_1_521' title='bbox 1428 3693 1700 3749; x_wconf 88' lang='lat' dir='ltr'>militaris</span> <span class='ocrx_word' id='word_1_522' title='bbox 1747 3692 1926 3759; x_wconf 67' lang='lat' dir='ltr'>fascis,</span> 
     </span>
    </p>
   </div>
   <div class='ocr_carea' id='block_1_68' title="bbox 265 3782 1931 3853">
    <p class='ocr_par' dir='ltr' id='par_1_68' title="bbox 265 3782 1931 3853">
     <span class='ocr_line' id='line_1_68' title="bbox 265 3782 1931 3853; baseline -0.004 -10"><span class='ocrx_word' id='word_1_523' title='bbox 265 3788 508 3843; x_wconf 90' lang='lat' dir='ltr'>lucrum</span> <span class='ocrx_word' id='word_1_524' title='bbox 541 3784 826 3840; x_wconf 86' lang='lat' dir='ltr'>intuentis</span> <span class='ocrx_word' id='word_1_525' title='bbox 850 3799 1060 3851; x_wconf 88' lang='lat' dir='ltr'>unum,</span> <span class='ocrx_word' id='word_1_526' title='bbox 1092 3798 1158 3839; x_wconf 88' lang='lat' dir='ltr'>eo</span> <span class='ocrx_word' id='word_1_527' title='bbox 1177 3787 1389 3838; x_wconf 88' lang='lat' dir='ltr'>cuncta</span> <span class='ocrx_word' id='word_1_528' title='bbox 1421 3782 1748 3853; x_wconf 85' lang='lat' dir='ltr'>referentis,</span> <span class='ocrx_word' id='word_1_529' title='bbox 1769 3788 1931 3838; x_wconf 87' lang='lat' dir='ltr'>extra</span> 
     </span>
    </p>
   </div>
   <div class='ocr_carea' id='block_1_69' title="bbox 264 3871 1927 3947">
    <p class='ocr_par' dir='ltr' id='par_1_69' title="bbox 264 3871 1927 3947">
     <span class='ocr_line' id='line_1_69' title="bbox 264 3871 1927 3947; baseline -0.003 -16"><span class='ocrx_word' id='word_1_530' title='bbox 264 3877 323 3931; x_wconf 90' lang='lat' dir='ltr'>id</span> <span class='ocrx_word' id='word_1_531' title='bbox 360 3874 515 3931; x_wconf 88' lang='lat' dir='ltr'>nihil</span> <span class='ocrx_word' id='word_1_532' title='bbox 547 3888 901 3947; x_wconf 87' lang='lat' dir='ltr'>magnopere</span> <span class='ocrx_word' id='word_1_533' title='bbox 932 3871 1211 3928; x_wconf 88' lang='lat' dir='ltr'>curantis.</span> <span class='ocrx_word' id='word_1_534' title='bbox 1246 3871 1375 3927; x_wconf 84' lang='lat' dir='ltr'>Alia</span> <span class='ocrx_word' id='word_1_535' title='bbox 1404 3872 1737 3928; x_wconf 87' lang='lat' dir='ltr'>sentiebant</span> <span class='ocrx_word' id='word_1_536' title='bbox 1779 3871 1927 3943; x_wconf 86' lang='lat' dir='ltr'>opti-</span> 
     </span>
    </p>
   </div>
   <div class='ocr_carea' id='block_1_70' title="bbox 270 3960 1931 4033">
    <p class='ocr_par' dir='ltr' id='par_1_70' title="bbox 270 3960 1931 4033">
     <span class='ocr_line' id='line_1_70' title="bbox 270 3960 1931 4033; baseline -0.002 -12"><span class='ocrx_word' id='word_1_537' title='bbox 270 3971 470 4021; x_wconf 87' lang='lat' dir='ltr'>mates</span> <span class='ocrx_word' id='word_1_538' title='bbox 510 3982 576 4019; x_wconf 91' lang='lat' dir='ltr'>ac</span> <span class='ocrx_word' id='word_1_539' title='bbox 621 3965 821 4028; x_wconf 89' lang='lat' dir='ltr'>duces,</span> <span class='ocrx_word' id='word_1_540' title='bbox 875 3978 1127 4033; x_wconf 90' lang='lat' dir='ltr'>quorum</span> <span class='ocrx_word' id='word_1_541' title='bbox 1200 3960 1439 4017; x_wconf 90' lang='lat' dir='ltr'>arbitrio</span> <span class='ocrx_word' id='word_1_542' title='bbox 1482 3960 1931 4017; x_wconf 88' lang='lat' dir='ltr'>deliberationes</span> 
     </span>
    </p>
   </div>
   <div class='ocr_carea' id='block_1_71' title="bbox 268 4049 1928 4123">
    <p class='ocr_par' dir='ltr' id='par_1_71' title="bbox 268 4049 1928 4123">
     <span class='ocr_line' id='line_1_71' title="bbox 268 4049 1928 4123; baseline -0.003 -12"><span class='ocrx_word' id='word_1_543' title='bbox 268 4053 783 4111; x_wconf 83' lang='lat' dir='ltr'>concludebantur</span> <span class='ocrx_word' id='word_1_544' title='bbox 811 4058 868 4106; x_wconf 85' lang='lat' dir='ltr'>et</span> <span class='ocrx_word' id='word_1_545' title='bbox 898 4051 1159 4123; x_wconf 86' lang='lat' dir='ltr'>regimen</span> <span class='ocrx_word' id='word_1_546' title='bbox 1191 4050 1525 4105; x_wconf 86' lang='lat' dir='ltr'>vertebatur</span> <span class='ocrx_word' id='word_1_547' title='bbox 1566 4049 1928 4106; x_wconf 89' lang='lat' dir='ltr'>universum.</span> 
     </span>
    </p>
   </div>
   <div class='ocr_carea' id='block_1_72' title="bbox 268 4138 1934 4214">
    <p class='ocr_par' dir='ltr' id='par_1_72' title="bbox 268 4138 1934 4214">
     <span class='ocr_line' id='line_1_72' title="bbox 268 4138 1934 4214; baseline -0.004 -13"><span class='ocrx_word' id='word_1_548' title='bbox 268 4145 400 4201; x_wconf 86' lang='lat' dir='ltr'>llos</span> <span class='ocrx_word' id='word_1_549' title='bbox 430 4141 721 4214; x_wconf 86' lang='lat' dir='ltr'>cupiditas</span> <span class='ocrx_word' id='word_1_550' title='bbox 748 4140 986 4196; x_wconf 85' lang='lat' dir='ltr'>inhians</span> <span class='ocrx_word' id='word_1_551' title='bbox 1018 4144 1075 4195; x_wconf 82' lang='lat' dir='ltr'>et</span> <span class='ocrx_word' id='word_1_552' title='bbox 1102 4156 1287 4195; x_wconf 79' lang='lat' dir='ltr'>avarcs</span> <span class='ocrx_word' id='word_1_553' title='bbox 1318 4156 1451 4207; x_wconf 88' lang='lat' dir='ltr'>spes</span> <span class='ocrx_word' id='word_1_554' title='bbox 1481 4138 1540 4194; x_wconf 90' lang='lat' dir='ltr'>in</span> <span class='ocrx_word' id='word_1_555' title='bbox 1572 4139 1751 4211; x_wconf 88' lang='lat' dir='ltr'>hujus</span> <span class='ocrx_word' id='word_1_556' title='bbox 1782 4142 1934 4195; x_wconf 87' lang='lat' dir='ltr'>arcis</span> 
     </span>
    </p>
   </div>
   <div class='ocr_carea' id='block_1_73' title="bbox 270 4228 1935 4305">
    <p class='ocr_par' dir='ltr' id='par_1_73' title="bbox 270 4228 1935 4305">
     <span class='ocr_line' id='line_1_73' title="bbox 270 4228 1935 4305; baseline -0.003 -15"><span class='ocrx_word' id='word_1_557' title='bbox 270 4230 723 4305; x_wconf 82' lang='lat' dir='ltr'>oppugnatione</span> <span class='ocrx_word' id='word_1_558' title='bbox 756 4247 872 4285; x_wconf 90' lang='lat' dir='ltr'>non</span> <span class='ocrx_word' id='word_1_559' title='bbox 903 4229 1201 4296; x_wconf 86' lang='lat' dir='ltr'>tenebant,</span> <span class='ocrx_word' id='word_1_560' title='bbox 1238 4228 1404 4284; x_wconf 88' lang='lat' dir='ltr'>facile</span> <span class='ocrx_word' id='word_1_561' title='bbox 1435 4229 1642 4301; x_wconf 91' lang='lat' dir='ltr'>utique</span> <span class='ocrx_word' id='word_1_562' title='bbox 1674 4230 1935 4285; x_wconf 86' lang='lat' dir='ltr'>videntes</span> 
     </span>
    </p>
   </div>
   <div class='ocr_carea' id='block_1_74' title="bbox 270 4318 1935 4390">
    <p class='ocr_par' dir='ltr' id='par_1_74' title="bbox 270 4318 1935 4390">
     <span class='ocr_line' id='line_1_74' title="bbox 270 4318 1935 4390; baseline -0.002 -12"><span class='ocrx_word' id='word_1_563' title='bbox 270 4322 503 4379; x_wconf 74' lang='lat' dir='ltr'>affatim</span> <span class='ocrx_word' id='word_1_564' title='bbox 557 4324 718 4375; x_wconf 82' lang='lat' dir='ltr'>extra</span> <span class='ocrx_word' id='word_1_565' title='bbox 760 4323 1023 4390; x_wconf 86' lang='lat' dir='ltr'>prostare</span> <span class='ocrx_word' id='word_1_566' title='bbox 1079 4335 1182 4389; x_wconf 92' lang='lat' dir='ltr'>per</span> <span class='ocrx_word' id='word_1_567' title='bbox 1246 4318 1544 4390; x_wconf 86' lang='lat' dir='ltr'>regionem</span> <span class='ocrx_word' id='word_1_568' title='bbox 1601 4320 1935 4374; x_wconf 88' lang='lat' dir='ltr'>universam</span> 
     </span>
    </p>
   </div>
   <div class='ocr_carea' id='block_1_75' title="bbox 274 4407 1936 4481">
    <p class='ocr_par' dir='ltr' id='par_1_75' title="bbox 274 4407 1936 4481">
     <span class='ocr_line' id='line_1_75' title="bbox 274 4407 1936 4481; baseline -0.003 -15"><span class='ocrx_word' id='word_1_569' title='bbox 274 4408 613 4481; x_wconf 91' lang='lat' dir='ltr'>spoliorum</span> <span class='ocrx_word' id='word_1_570' title='bbox 646 4424 713 4463; x_wconf 87' lang='lat' dir='ltr'>ac</span> <span class='ocrx_word' id='word_1_571' title='bbox 744 4408 971 4479; x_wconf 68' lang='lat' dir='ltr'>praedas,</span> <span class='ocrx_word' id='word_1_572' title='bbox 1003 4423 1131 4478; x_wconf 69' lang='lat' dir='ltr'>quas</span> <span class='ocrx_word' id='word_1_573' title='bbox 1163 4412 1331 4477; x_wconf 89' lang='lat' dir='ltr'>raptu</span> <span class='ocrx_word' id='word_1_574' title='bbox 1365 4412 1769 4479; x_wconf 89' lang='lat' dir='ltr'>congestuque</span> <span class='ocrx_word' id='word_1_575' title='bbox 1797 4407 1936 4464; x_wconf 83' lang='lat' dir='ltr'>faci-</span> 
     </span>
    </p>
   </div>
   <div class='ocr_carea' id='block_1_76' title="bbox 273 4480 2010 4567">
    <p class='ocr_par' dir='ltr' id='par_1_76' title="bbox 273 4480 2010 4567">
     <span class='ocr_line' id='line_1_76' title="bbox 273 4480 2010 4567; baseline -0.002 -13"><span class='ocrx_word' id='word_1_576' title='bbox 273 4480 400 4556; x_wconf 75' lang='lat' dir='ltr'>lior</span> <span class='ocrx_word' id='word_1_577' title='bbox 429 4498 501 4553; x_wconf 90' lang='lat' dir='ltr'>ad</span> <span class='ocrx_word' id='word_1_578' title='bbox 533 4496 984 4553; x_wconf 86' lang='lat' dir='ltr'>exsaturandam</span> <span class='ocrx_word' id='word_1_579' title='bbox 1016 4495 1395 4567; x_wconf 86' lang='lat' dir='ltr'>quantamvis</span> <span class='ocrx_word' id='word_1_580' title='bbox 1424 4497 1758 4552; x_wconf 85' lang='lat' dir='ltr'>aviditatem</span> <span class='ocrx_word' id='word_1_581' title='bbox 1792 4497 1936 4552; x_wconf 89' lang='lat' dir='ltr'>satis</span> <span class='ocrx_word' id='word_1_582' title='bbox 1969 4480 2010 4542; x_wconf 84' lang='lat' dir='ltr'><strong>D</strong></span> 
     </span>
    </p>
   </div>
   <div class='ocr_carea' id='block_1_77' title="bbox 278 4585 1941 4657">
    <p class='ocr_par' dir='ltr' id='par_1_77' title="bbox 278 4585 1941 4657">
     <span class='ocr_line' id='line_1_77' title="bbox 278 4585 1941 4657; baseline -0.002 -13"><span class='ocrx_word' id='word_1_583' title='bbox 278 4592 468 4645; x_wconf 88' lang='lat' dir='ltr'>esset.</span> <span class='ocrx_word' id='word_1_584' title='bbox 519 4586 632 4642; x_wconf 89' lang='lat' dir='ltr'>Sed</span> <span class='ocrx_word' id='word_1_585' title='bbox 680 4602 747 4642; x_wconf 91' lang='lat' dir='ltr'>eo</span> <span class='ocrx_word' id='word_1_586' title='bbox 796 4585 1186 4641; x_wconf 88' lang='lat' dir='ltr'>movebantur</span> <span class='ocrx_word' id='word_1_587' title='bbox 1233 4585 1390 4655; x_wconf 90' lang='lat' dir='ltr'>quod</span> <span class='ocrx_word' id='word_1_588' title='bbox 1441 4586 1825 4657; x_wconf 87' lang='lat' dir='ltr'>providebant</span> <span class='ocrx_word' id='word_1_589' title='bbox 1854 4602 1941 4651; x_wconf 90' lang='lat' dir='ltr'>se,</span> 
     </span>
    </p>
   </div>
   <div class='ocr_carea' id='block_1_78' title="bbox 284 4674 1941 4748">
    <p class='ocr_par' dir='ltr' id='par_1_78' title="bbox 284 4674 1941 4748">
     <span class='ocr_line' id='line_1_78' title="bbox 284 4674 1941 4748; baseline -0.001 -17"><span class='ocrx_word' id='word_1_590' title='bbox 284 4676 409 4732; x_wconf 89' lang='lat' dir='ltr'>nisi</span> <span class='ocrx_word' id='word_1_591' title='bbox 441 4676 736 4733; x_wconf 88' lang='lat' dir='ltr'>destinata</span> <span class='ocrx_word' id='word_1_592' title='bbox 754 4676 1119 4748; x_wconf 85' lang='lat' dir='ltr'>perficerent,</span> <span class='ocrx_word' id='word_1_593' title='bbox 1147 4674 1333 4730; x_wconf 89' lang='lat' dir='ltr'>risum</span> <span class='ocrx_word' id='word_1_594' title='bbox 1352 4674 1654 4731; x_wconf 90' lang='lat' dir='ltr'>debituros</span> <span class='ocrx_word' id='word_1_595' title='bbox 1671 4675 1941 4747; x_wconf 88' lang='lat' dir='ltr'>impune-</span> 
     </span>
    </p>
   </div>
   <div class='ocr_carea' id='block_1_79' title="bbox 286 4763 1940 4837">
    <p class='ocr_par' dir='ltr' id='par_1_79' title="bbox 286 4763 1940 4837">
     <span class='ocr_line' id='line_1_79' title="bbox 286 4763 1940 4837; baseline -0.001 -17"><span class='ocrx_word' id='word_1_596' title='bbox 286 4781 414 4837; x_wconf 91' lang='lat' dir='ltr'>que</span> <span class='ocrx_word' id='word_1_597' title='bbox 437 4765 559 4821; x_wconf 84' lang='lat' dir='ltr'>fore</span> <span class='ocrx_word' id='word_1_598' title='bbox 588 4763 864 4821; x_wconf 88' lang='lat' dir='ltr'>ludibrio.</span> <span class='ocrx_word' id='word_1_599' title='bbox 898 4766 1086 4831; x_wconf 88' lang='lat' dir='ltr'>Quare</span> <span class='ocrx_word' id='word_1_600' title='bbox 1112 4765 1184 4820; x_wconf 87' lang='lat' dir='ltr'>ad</span> <span class='ocrx_word' id='word_1_601' title='bbox 1210 4763 1387 4819; x_wconf 86' lang='lat' dir='ltr'>ﬁnem</span> <span class='ocrx_word' id='word_1_602' title='bbox 1419 4765 1787 4836; x_wconf 87' lang='lat' dir='ltr'>propositum</span> <span class='ocrx_word' id='word_1_603' title='bbox 1820 4780 1940 4819; x_wconf 88' lang='lat' dir='ltr'>rec-</span> 
     </span>
    </p>
   </div>
   <div class='ocr_carea' id='block_1_80' title="bbox 285 4852 1946 4924">
    <p class='ocr_par' dir='ltr' id='par_1_80' title="bbox 285 4852 1946 4924">
     <span class='ocr_line' id='line_1_80' title="bbox 285 4852 1946 4924; baseline -0.001 -15"><span class='ocrx_word' id='word_1_604' title='bbox 285 4859 416 4909; x_wconf 86' lang='lat' dir='ltr'>tam</span> <span class='ocrx_word' id='word_1_605' title='bbox 468 4854 620 4909; x_wconf 89' lang='lat' dir='ltr'>banc</span> <span class='ocrx_word' id='word_1_606' title='bbox 668 4870 797 4909; x_wconf 89' lang='lat' dir='ltr'>esse</span> <span class='ocrx_word' id='word_1_607' title='bbox 836 4854 991 4909; x_wconf 88' lang='lat' dir='ltr'>viam</span> <span class='ocrx_word' id='word_1_608' title='bbox 1061 4853 1195 4918; x_wconf 84' lang='lat' dir='ltr'>rati,</span> <span class='ocrx_word' id='word_1_609' title='bbox 1262 4852 1519 4919; x_wconf 86' lang='lat' dir='ltr'>territos,</span> <span class='ocrx_word' id='word_1_610' title='bbox 1569 4857 1777 4924; x_wconf 89' lang='lat' dir='ltr'>utpar</span> <span class='ocrx_word' id='word_1_611' title='bbox 1821 4855 1946 4909; x_wconf 90' lang='lat' dir='ltr'>erat</span> 
     </span>
    </p>
   </div>
   <div class='ocr_carea' id='block_1_81' title="bbox 284 4941 1945 5015">
    <p class='ocr_par' dir='ltr' id='par_1_81' title="bbox 284 4941 1945 5015">
     <span class='ocr_line' id='line_1_81' title="bbox 284 4941 1945 5015; baseline -0.001 -16"><span class='ocrx_word' id='word_1_612' title='bbox 284 4943 553 5012; x_wconf 89' lang='lat' dir='ltr'>credere,</span> <span class='ocrx_word' id='word_1_613' title='bbox 575 4946 860 5015; x_wconf 88' lang='lat' dir='ltr'>apparatu</span> <span class='ocrx_word' id='word_1_614' title='bbox 881 4947 1059 5014; x_wconf 86' lang='lat' dir='ltr'>atque</span> <span class='ocrx_word' id='word_1_615' title='bbox 1080 4941 1401 4999; x_wconf 88' lang='lat' dir='ltr'>insultibus</span> <span class='ocrx_word' id='word_1_616' title='bbox 1424 4941 1631 5015; x_wconf 91' lang='lat' dir='ltr'>primis</span> <span class='ocrx_word' id='word_1_617' title='bbox 1650 4942 1945 4999; x_wconf 86' lang='lat' dir='ltr'>Romanos</span> 
     </span>
    </p>
   </div>
   <div class='ocr_carea' id='block_1_82' title="bbox 287 5031 1947 5103">
    <p class='ocr_par' dir='ltr' id='par_1_82' title="bbox 287 5031 1947 5103">
     <span class='ocr_line' id='line_1_82' title="bbox 287 5031 1947 5103; baseline -0.002 -13"><span class='ocrx_word' id='word_1_618' title='bbox 287 5032 575 5090; x_wconf 86' lang='lat' dir='ltr'>custodes</span> <span class='ocrx_word' id='word_1_619' title='bbox 592 5031 745 5088; x_wconf 89' lang='lat' dir='ltr'>arcis</span> <span class='ocrx_word' id='word_1_620' title='bbox 774 5047 877 5103; x_wconf 86' lang='lat' dir='ltr'>per</span> <span class='ocrx_word' id='word_1_621' title='bbox 897 5037 1086 5087; x_wconf 90' lang='lat' dir='ltr'>certos</span> <span class='ocrx_word' id='word_1_622' title='bbox 1112 5031 1384 5088; x_wconf 84' lang='lat' dir='ltr'>homines</span> <span class='ocrx_word' id='word_1_623' title='bbox 1401 5035 1723 5101; x_wconf 78' lang='lat' dir='ltr'>tentarunt,</span> <span class='ocrx_word' id='word_1_624' title='bbox 1744 5032 1947 5087; x_wconf 87' lang='lat' dir='ltr'>admo-</span> 
     </span>
    </p>
   </div>
   <div class='ocr_carea' id='block_1_83' title="bbox 290 5121 1951 5195">
    <p class='ocr_par' dir='ltr' id='par_1_83' title="bbox 290 5121 1951 5195">
     <span class='ocr_line' id='line_1_83' title="bbox 290 5121 1951 5195; baseline 0 -17"><span class='ocrx_word' id='word_1_625' title='bbox 290 5126 508 5178; x_wconf 87' lang='lat' dir='ltr'>nentes</span> <span class='ocrx_word' id='word_1_626' title='bbox 533 5122 693 5178; x_wconf 89' lang='lat' dir='ltr'>haud</span> <span class='ocrx_word' id='word_1_627' title='bbox 723 5138 853 5180; x_wconf 87' lang='lat' dir='ltr'>esse</span> <span class='ocrx_word' id='word_1_628' title='bbox 879 5122 1039 5195; x_wconf 91' lang='lat' dir='ltr'>ipsos</span> <span class='ocrx_word' id='word_1_629' title='bbox 1071 5123 1420 5189; x_wconf 88' lang='lat' dir='ltr'>resistendo,</span> <span class='ocrx_word' id='word_1_630' title='bbox 1453 5126 1509 5179; x_wconf 90' lang='lat' dir='ltr'>et</span> <span class='ocrx_word' id='word_1_631' title='bbox 1540 5121 1681 5178; x_wconf 85' lang='lat' dir='ltr'>satis</span> <span class='ocrx_word' id='word_1_632' title='bbox 1704 5138 1809 5194; x_wconf 90' lang='lat' dir='ltr'>pro</span> <span class='ocrx_word' id='word_1_633' title='bbox 1842 5138 1951 5178; x_wconf 87' lang='lat' dir='ltr'>sua</span> 
     </span>
    </p>
   </div>
   <div class='ocr_carea' id='block_1_84' title="bbox 291 5211 1950 5284">
    <p class='ocr_par' dir='ltr' id='par_1_84' title="bbox 291 5211 1950 5284">
     <span class='ocr_line' id='line_1_84' title="bbox 291 5211 1950 5284; baseline 0.001 -18"><span class='ocrx_word' id='word_1_634' title='bbox 291 5212 621 5283; x_wconf 87' lang='lat' dir='ltr'>prudentia</span> <span class='ocrx_word' id='word_1_635' title='bbox 646 5212 843 5268; x_wconf 90' lang='lat' dir='ltr'>videre</span> <span class='ocrx_word' id='word_1_636' title='bbox 868 5228 1040 5284; x_wconf 84' lang='lat' dir='ltr'>posse</span> <span class='ocrx_word' id='word_1_637' title='bbox 1069 5213 1523 5269; x_wconf 88' lang='lat' dir='ltr'>Constantinum</span> <span class='ocrx_word' id='word_1_638' title='bbox 1555 5216 1611 5267; x_wconf 92' lang='lat' dir='ltr'>et</span> <span class='ocrx_word' id='word_1_639' title='bbox 1654 5211 1950 5267; x_wconf 89' lang='lat' dir='ltr'>Tocharos</span> 
     </span>
    </p>
   </div>
   <div class='ocr_carea' id='block_1_85' title="bbox 296 5300 1949 5374">
    <p class='ocr_par' dir='ltr' id='par_1_85' title="bbox 296 5300 1949 5374">
     <span class='ocr_line' id='line_1_85' title="bbox 296 5300 1949 5374; baseline 0.001 -18"><span class='ocrx_word' id='word_1_640' title='bbox 296 5300 472 5357; x_wconf 88' lang='lat' dir='ltr'>facile</span> <span class='ocrx_word' id='word_1_641' title='bbox 502 5302 781 5374; x_wconf 84' lang='lat' dir='ltr'>perficere</span> <span class='ocrx_word' id='word_1_642' title='bbox 797 5302 952 5373; x_wconf 90' lang='lat' dir='ltr'>quod</span> <span class='ocrx_word' id='word_1_643' title='bbox 981 5306 1150 5357; x_wconf 87' lang='lat' dir='ltr'>erant</span> <span class='ocrx_word' id='word_1_644' title='bbox 1170 5302 1454 5373; x_wconf 84' lang='lat' dir='ltr'>aggressi,</span> <span class='ocrx_word' id='word_1_645' title='bbox 1486 5305 1543 5357; x_wconf 88' lang='lat' dir='ltr'>et</span> <span class='ocrx_word' id='word_1_646' title='bbox 1562 5316 1753 5357; x_wconf 89' lang='lat' dir='ltr'>arcem</span> <span class='ocrx_word' id='word_1_647' title='bbox 1771 5318 1949 5357; x_wconf 89' lang='lat' dir='ltr'>unam</span> 
     </span>
    </p>
   </div>
   <div class='ocr_carea' id='block_1_86' title="bbox 296 5389 1955 5461">
    <p class='ocr_par' dir='ltr' id='par_1_86' title="bbox 296 5389 1955 5461">
     <span class='ocr_line' id='line_1_86' title="bbox 296 5389 1955 5461; baseline 0.001 -17"><span class='ocrx_word' id='word_1_648' title='bbox 296 5391 477 5446; x_wconf 87' lang='lat' dir='ltr'>istam</span> <span class='ocrx_word' id='word_1_649' title='bbox 509 5406 545 5446; x_wconf 90' lang='lat' dir='ltr'>a</span> <span class='ocrx_word' id='word_1_650' title='bbox 572 5390 753 5447; x_wconf 80' lang='lat' dir='ltr'>fundo</span> <span class='ocrx_word' id='word_1_651' title='bbox 783 5392 1038 5447; x_wconf 88' lang='lat' dir='ltr'>diruere.</span> <span class='ocrx_word' id='word_1_652' title='bbox 1083 5389 1463 5447; x_wconf 86' lang='lat' dir='ltr'>Consulerent</span> <span class='ocrx_word' id='word_1_653' title='bbox 1509 5389 1691 5461; x_wconf 85' lang='lat' dir='ltr'>igitur</span> <span class='ocrx_word' id='word_1_654' title='bbox 1738 5390 1848 5445; x_wconf 88' lang='lat' dir='ltr'>sibi</span> <span class='ocrx_word' id='word_1_655' title='bbox 1898 5393 1955 5446; x_wconf 88' lang='lat' dir='ltr'>et</span> 
     </span>
    </p>
   </div>
   <div class='ocr_carea' id='block_1_87' title="bbox 296 5478 1955 5550">
    <p class='ocr_par' dir='ltr' id='par_1_87' title="bbox 296 5478 1955 5550">
     <span class='ocr_line' id='line_1_87' title="bbox 296 5478 1955 5550; baseline 0.001 -16"><span class='ocrx_word' id='word_1_656' title='bbox 296 5480 528 5537; x_wconf 83' lang='lat' dir='ltr'>cladem</span> <span class='ocrx_word' id='word_1_657' title='bbox 575 5479 849 5537; x_wconf 84' lang='lat' dir='ltr'>ultimam</span> <span class='ocrx_word' id='word_1_658' title='bbox 901 5484 1132 5536; x_wconf 86' lang='lat' dir='ltr'>matura</span> <span class='ocrx_word' id='word_1_659' title='bbox 1198 5496 1304 5536; x_wconf 91' lang='lat' dir='ltr'>nec</span> <span class='ocrx_word' id='word_1_660' title='bbox 1362 5480 1640 5535; x_wconf 88' lang='lat' dir='ltr'>indecora</span> <span class='ocrx_word' id='word_1_661' title='bbox 1688 5478 1955 5550; x_wconf 88' lang='lat' dir='ltr'>pactione</span> 
     </span>
    </p>
   </div>
   <div class='ocr_carea' id='block_1_88' title="bbox 299 5568 1955 5642">
    <p class='ocr_par' dir='ltr' id='par_1_88' title="bbox 299 5568 1955 5642">
     <span class='ocr_line' id='line_1_88' title="bbox 299 5568 1955 5642; baseline 0.002 -18"><span class='ocrx_word' id='word_1_662' title='bbox 299 5573 741 5640; x_wconf 58' lang='lat' dir='ltr'>praeverterent.</span> <span class='ocrx_word' id='word_1_663' title='bbox 774 5572 891 5626; x_wconf 84' lang='lat' dir='ltr'>Has</span> <span class='ocrx_word' id='word_1_664' title='bbox 922 5568 1082 5642; x_wconf 86' lang='lat' dir='ltr'>leges</span> <span class='ocrx_word' id='word_1_665' title='bbox 1112 5568 1557 5642; x_wconf 88' lang='lat' dir='ltr'>compositionis</span> <span class='ocrx_word' id='word_1_666' title='bbox 1577 5568 1699 5625; x_wconf 87' lang='lat' dir='ltr'>fore</span> <span class='ocrx_word' id='word_1_667' title='bbox 1722 5584 1736 5624; x_wconf 89' lang='lat'><strong>:</strong></span> <span class='ocrx_word' id='word_1_668' title='bbox 1763 5568 1955 5627; x_wconf 79' lang='lat' dir='ltr'>Balta-</span> 
     </span>
    </p>
   </div>
   <div class='ocr_carea' id='block_1_89' title="bbox 629 5684 1350 5748">
    <p class='ocr_par' dir='ltr' id='par_1_89' title="bbox 629 5684 1350 5748">
     <span class='ocr_line' id='line_1_89' title="bbox 629 5684 1350 5748; baseline -0.003 -2"><span class='ocrx_word' id='word_1_669' title='bbox 629 5687 891 5748; x_wconf 70' lang='lat' dir='ltr'>Parnos.</span> <span class='ocrx_word' id='word_1_670' title='bbox 939 5684 1047 5745; x_wconf 88' lang='lat' dir='ltr'>Ga.</span> <span class='ocrx_word' id='word_1_671' title='bbox 1095 5684 1350 5746; x_wconf 82' lang='lat' dir='ltr'>CXLIII.</span> 
     </span>
    </p>
   </div>
   <div class='ocr_carea' id='block_1_90' title="bbox 2031 3158 3686 3230">
    <p class='ocr_par' dir='ltr' id='par_1_90' title="bbox 2031 3158 3686 3230">
     <span class='ocr_line' id='line_1_90' title="bbox 2031 3158 3686 3230; baseline 0.002 -16"><span class='ocrx_word' id='word_1_672' title='bbox 2031 3162 2123 3214; x_wconf 86' lang='lat' dir='ltr'>tra</span> <span class='ocrx_word' id='word_1_673' title='bbox 2154 3158 2511 3215; x_wconf 78' lang='lat' dir='ltr'>disserentes</span> <span class='ocrx_word' id='word_1_674' title='bbox 2539 3158 2655 3215; x_wconf 84' lang='lat' dir='ltr'>ista</span> <span class='ocrx_word' id='word_1_675' title='bbox 2678 3176 2807 3230; x_wconf 74' lang='lat' dir='ltr'>quas</span> <span class='ocrx_word' id='word_1_676' title='bbox 2843 3162 2914 3216; x_wconf 88' lang='lat' dir='ltr'>ab</span> <span class='ocrx_word' id='word_1_677' title='bbox 2946 3158 3216 3216; x_wconf 84' lang='lat' dir='ltr'>hostibus</span> <span class='ocrx_word' id='word_1_678' title='bbox 3247 3159 3425 3216; x_wconf 87' lang='lat' dir='ltr'>exitia</span> <span class='ocrx_word' id='word_1_679' title='bbox 3456 3164 3686 3217; x_wconf 84' lang='lat' dir='ltr'>metue-</span> 
     </span>
    </p>
   </div>
   <div class='ocr_carea' id='block_1_91' title="bbox 2028 3247 3686 3319">
    <p class='ocr_par' dir='ltr' id='par_1_91' title="bbox 2028 3247 3686 3319">
     <span class='ocr_line' id='line_1_91' title="bbox 2028 3247 3686 3319; baseline 0.002 -17"><span class='ocrx_word' id='word_1_680' title='bbox 2028 3254 2249 3316; x_wconf 87' lang='lat' dir='ltr'>rentur,</span> <span class='ocrx_word' id='word_1_681' title='bbox 2278 3247 2504 3318; x_wconf 88' lang='lat' dir='ltr'>justius</span> <span class='ocrx_word' id='word_1_682' title='bbox 2537 3249 2608 3304; x_wconf 90' lang='lat' dir='ltr'>ab</span> <span class='ocrx_word' id='word_1_683' title='bbox 2632 3248 2982 3319; x_wconf 89' lang='lat' dir='ltr'>imperatore</span> <span class='ocrx_word' id='word_1_684' title='bbox 3007 3248 3379 3305; x_wconf 88' lang='lat' dir='ltr'>formidanda</span> <span class='ocrx_word' id='word_1_685' title='bbox 3404 3274 3418 3315; x_wconf 87' lang='lat'><strong>;</strong></span> <span class='ocrx_word' id='word_1_686' title='bbox 3442 3250 3539 3318; x_wconf 87' lang='lat' dir='ltr'>qui</span> <span class='ocrx_word' id='word_1_687' title='bbox 3564 3250 3686 3306; x_wconf 90' lang='lat' dir='ltr'>uti-</span> 
     </span>
    </p>
   </div>
   <div class='ocr_carea' id='block_1_92' title="bbox 2030 3337 3687 3410">
    <p class='ocr_par' dir='ltr' id='par_1_92' title="bbox 2030 3337 3687 3410">
     <span class='ocr_line' id='line_1_92' title="bbox 2030 3337 3687 3410; baseline 0.001 -17"><span class='ocrx_word' id='word_1_688' title='bbox 2030 3352 2143 3408; x_wconf 87' lang='lat' dir='ltr'>que</span> <span class='ocrx_word' id='word_1_689' title='bbox 2176 3338 2358 3410; x_wconf 81' lang='lat' dir='ltr'>ipsos,</span> <span class='ocrx_word' id='word_1_690' title='bbox 2400 3337 2448 3392; x_wconf 89' lang='lat' dir='ltr'>si</span> <span class='ocrx_word' id='word_1_691' title='bbox 2474 3337 2734 3408; x_wconf 87' lang='lat' dir='ltr'>juratam</span> <span class='ocrx_word' id='word_1_692' title='bbox 2762 3337 2936 3394; x_wconf 84' lang='lat' dir='ltr'>ﬁdem</span> <span class='ocrx_word' id='word_1_693' title='bbox 2960 3341 3182 3394; x_wconf 88' lang='lat' dir='ltr'>terrore</span> <span class='ocrx_word' id='word_1_694' title='bbox 3211 3338 3549 3407; x_wconf 90' lang='lat' dir='ltr'>abjecerint,</span> <span class='ocrx_word' id='word_1_695' title='bbox 3571 3356 3687 3395; x_wconf 89' lang='lat' dir='ltr'>me-</span> 
     </span>
    </p>
   </div>
   <div class='ocr_carea' id='block_1_93' title="bbox 2032 3425 3681 3497">
    <p class='ocr_par' dir='ltr' id='par_1_93' title="bbox 2032 3425 3681 3497">
     <span class='ocr_line' id='line_1_93' title="bbox 2032 3425 3681 3497; baseline 0.001 -16"><span class='ocrx_word' id='word_1_696' title='bbox 2032 3426 2162 3481; x_wconf 88' lang='lat' dir='ltr'>ritis</span> <span class='ocrx_word' id='word_1_697' title='bbox 2189 3425 2385 3497; x_wconf 83' lang='lat' dir='ltr'>legum</span> <span class='ocrx_word' id='word_1_698' title='bbox 2419 3425 2725 3497; x_wconf 88' lang='lat' dir='ltr'>suppliciis</span> <span class='ocrx_word' id='word_1_699' title='bbox 2754 3430 3122 3483; x_wconf 88' lang='lat' dir='ltr'>mactaturus</span> <span class='ocrx_word' id='word_1_700' title='bbox 3153 3426 3305 3482; x_wconf 73' lang='lat'>288</span> <span class='ocrx_word' id='word_1_701' title='bbox 3348 3426 3446 3483; x_wconf 88' lang='lat' dir='ltr'>sit.</span> <span class='ocrx_word' id='word_1_702' title='bbox 3491 3429 3681 3492; x_wconf 86' lang='lat' dir='ltr'>Quare</span> 
     </span>
    </p>
   </div>
   <div class='ocr_carea' id='block_1_94' title="bbox 2033 3514 3684 3573">
    <p class='ocr_par' dir='ltr' id='par_1_94' title="bbox 2033 3514 3684 3573">
     <span class='ocr_line' id='line_1_94' title="bbox 2033 3514 3684 3573; baseline 0.001 -3"><span class='ocrx_word' id='word_1_703' title='bbox 2033 3515 2711 3571; x_wconf 79' lang='lat' dir='ltr'>aiebantobﬁrmandum</span> <span class='ocrx_word' id='word_1_704' title='bbox 2725 3515 2987 3573; x_wconf 89' lang='lat' dir='ltr'>animum</span> <span class='ocrx_word' id='word_1_705' title='bbox 3002 3514 3060 3571; x_wconf 92' lang='lat' dir='ltr'>in</span> <span class='ocrx_word' id='word_1_706' title='bbox 3077 3514 3387 3571; x_wconf 87' lang='lat' dir='ltr'>resistendi</span> <span class='ocrx_word' id='word_1_707' title='bbox 3410 3522 3684 3573; x_wconf 84' lang='lat' dir='ltr'>constan-</span> 
     </span>
    </p>
   </div>
   <div class='ocr_carea' id='block_1_95' title="bbox 2032 3604 3683 3677">
    <p class='ocr_par' dir='ltr' id='par_1_95' title="bbox 2032 3604 3683 3677">
     <span class='ocr_line' id='line_1_95' title="bbox 2032 3604 3683 3677; baseline 0.001 -18"><span class='ocrx_word' id='word_1_708' title='bbox 2032 3605 2136 3670; x_wconf 86' lang='lat' dir='ltr'>tia,</span> <span class='ocrx_word' id='word_1_709' title='bbox 2169 3609 2226 3660; x_wconf 90' lang='lat' dir='ltr'>et</span> <span class='ocrx_word' id='word_1_710' title='bbox 2265 3604 2552 3676; x_wconf 88' lang='lat' dir='ltr'>patienter</span> <span class='ocrx_word' id='word_1_711' title='bbox 2600 3605 3024 3676; x_wconf 85' lang='lat' dir='ltr'>exspectandas</span> <span class='ocrx_word' id='word_1_712' title='bbox 3067 3604 3267 3677; x_wconf 76' lang='lat' dir='ltr'>cepias</span> <span class='ocrx_word' id='word_1_713' title='bbox 3314 3604 3683 3676; x_wconf 88' lang='lat' dir='ltr'>imperatoris</span> 
     </span>
    </p>
   </div>
   <div class='ocr_carea' id='block_1_96' title="bbox 2034 3693 3677 3766">
    <p class='ocr_par' dir='ltr' id='par_1_96' title="bbox 2034 3693 3677 3766">
     <span class='ocr_line' id='line_1_96' title="bbox 2034 3693 3677 3766; baseline 0.002 -18"><span class='ocrx_word' id='word_1_714' title='bbox 2034 3693 2178 3766; x_wconf 89' lang='lat' dir='ltr'>ipsis</span> <span class='ocrx_word' id='word_1_715' title='bbox 2197 3694 2325 3749; x_wconf 89' lang='lat' dir='ltr'>sine</span> <span class='ocrx_word' id='word_1_716' title='bbox 2341 3695 2522 3751; x_wconf 91' lang='lat' dir='ltr'>dubio</span> <span class='ocrx_word' id='word_1_717' title='bbox 2542 3711 2655 3750; x_wconf 89' lang='lat' dir='ltr'>non</span> <span class='ocrx_word' id='word_1_718' title='bbox 2676 3695 2757 3750; x_wconf 88' lang='lat' dir='ltr'>ita</span> <span class='ocrx_word' id='word_1_719' title='bbox 2774 3694 2958 3750; x_wconf 88' lang='lat' dir='ltr'>multo</span> <span class='ocrx_word' id='word_1_720' title='bbox 2981 3698 3116 3765; x_wconf 89' lang='lat' dir='ltr'>post</span> <span class='ocrx_word' id='word_1_721' title='bbox 3134 3693 3349 3750; x_wconf 81' lang='lat' dir='ltr'>auxilio</span> <span class='ocrx_word' id='word_1_722' title='bbox 3365 3700 3677 3763; x_wconf 87' lang='lat' dir='ltr'>venturas;</span> 
     </span>
    </p>
   </div>
   <div class='ocr_carea' id='block_1_97' title="bbox 2036 3782 3686 3855">
    <p class='ocr_par' dir='ltr' id='par_1_97' title="bbox 2036 3782 3686 3855">
     <span class='ocr_line' id='line_1_97' title="bbox 2036 3782 3686 3855; baseline 0 -16"><span class='ocrx_word' id='word_1_723' title='bbox 2036 3801 2151 3839; x_wconf 92' lang='lat' dir='ltr'>non</span> <span class='ocrx_word' id='word_1_724' title='bbox 2183 3782 2339 3839; x_wconf 92' lang='lat' dir='ltr'>enim</span> <span class='ocrx_word' id='word_1_725' title='bbox 2374 3782 2775 3855; x_wconf 86' lang='lat' dir='ltr'>neglecturum</span> <span class='ocrx_word' id='word_1_726' title='bbox 2804 3783 3149 3854; x_wconf 87' lang='lat' dir='ltr'>prudentem</span> <span class='ocrx_word' id='word_1_727' title='bbox 3184 3782 3505 3854; x_wconf 87' lang='lat' dir='ltr'>principem</span> <span class='ocrx_word' id='word_1_728' title='bbox 3550 3788 3686 3839; x_wconf 85' lang='lat' dir='ltr'>tan-</span> 
     </span>
    </p>
   </div>
   <div class='ocr_carea' id='block_1_98' title="bbox 2035 3871 3685 3944">
    <p class='ocr_par' dir='ltr' id='par_1_98' title="bbox 2035 3871 3685 3944">
     <span class='ocr_line' id='line_1_98' title="bbox 2035 3871 3685 3944; baseline -0.001 -15"><span class='ocrx_word' id='word_1_729' title='bbox 2035 3878 2154 3929; x_wconf 89' lang='lat' dir='ltr'>tam</span> <span class='ocrx_word' id='word_1_730' title='bbox 2187 3889 2354 3928; x_wconf 87' lang='lat' dir='ltr'>suam</span> <span class='ocrx_word' id='word_1_731' title='bbox 2389 3872 2697 3944; x_wconf 89' lang='lat' dir='ltr'>pecuniam</span> <span class='ocrx_word' id='word_1_732' title='bbox 2728 3887 2979 3935; x_wconf 87' lang='lat' dir='ltr'>servare,</span> <span class='ocrx_word' id='word_1_733' title='bbox 3012 3871 3197 3926; x_wconf 89' lang='lat' dir='ltr'>missa</span> <span class='ocrx_word' id='word_1_734' title='bbox 3226 3876 3466 3927; x_wconf 88' lang='lat' dir='ltr'>strenue</span> <span class='ocrx_word' id='word_1_735' title='bbox 3497 3872 3685 3928; x_wconf 82' lang='lat' dir='ltr'>classe</span> 
     </span>
    </p>
   </div>
   <div class='ocr_carea' id='block_1_99' title="bbox 2037 3959 3681 4033">
    <p class='ocr_par' dir='ltr' id='par_1_99' title="bbox 2037 3959 3681 4033">
     <span class='ocr_line' id='line_1_99' title="bbox 2037 3959 3681 4033; baseline -0.001 -16"><span class='ocrx_word' id='word_1_736' title='bbox 2037 3979 2165 4033; x_wconf 62' lang='lat' dir='ltr'>quas</span> <span class='ocrx_word' id='word_1_737' title='bbox 2194 3964 2425 4033; x_wconf 85' lang='lat' dir='ltr'>patente</span> <span class='ocrx_word' id='word_1_738' title='bbox 2458 3960 2604 4017; x_wconf 89' lang='lat' dir='ltr'>mari</span> <span class='ocrx_word' id='word_1_739' title='bbox 2637 3959 2852 4015; x_wconf 87' lang='lat' dir='ltr'>auxilia</span> <span class='ocrx_word' id='word_1_740' title='bbox 2875 3959 3681 4029; x_wconf 85' lang='lat' dir='ltr'>portaretobsidionisolven-</span> 
     </span>
    </p>
   </div>
   <div class='ocr_carea' id='block_1_100' title="bbox 2037 4046 3685 4112">
    <p class='ocr_par' dir='ltr' id='par_1_100' title="bbox 2037 4046 3685 4112">
     <span class='ocr_line' id='line_1_100' title="bbox 2037 4046 3685 4112; baseline 0 -6"><span class='ocrx_word' id='word_1_741' title='bbox 2037 4052 2123 4106; x_wconf 67' lang='lat' dir='ltr'>das</span> <span class='ocrx_word' id='word_1_742' title='bbox 2155 4050 2508 4106; x_wconf 71' lang='lat' dir='ltr'>suffectura:</span> <span class='ocrx_word' id='word_1_743' title='bbox 2542 4048 2599 4103; x_wconf 90' lang='lat' dir='ltr'>id</span> <span class='ocrx_word' id='word_1_744' title='bbox 2634 4046 2720 4103; x_wconf 91' lang='lat' dir='ltr'>vel</span> <span class='ocrx_word' id='word_1_745' title='bbox 2752 4049 2802 4105; x_wconf 89' lang='lat' dir='ltr'>si</span> <span class='ocrx_word' id='word_1_746' title='bbox 2856 4048 3100 4112; x_wconf 86' lang='lat' dir='ltr'>deferet,</span> <span class='ocrx_word' id='word_1_747' title='bbox 3151 4064 3386 4103; x_wconf 90' lang='lat' dir='ltr'>censere</span> <span class='ocrx_word' id='word_1_748' title='bbox 3417 4065 3547 4105; x_wconf 88' lang='lat' dir='ltr'>sese</span> <span class='ocrx_word' id='word_1_749' title='bbox 3579 4054 3685 4106; x_wconf 86' lang='lat' dir='ltr'>ab-</span> 
     </span>
    </p>
   </div>
   <div class='ocr_carea' id='block_1_101' title="bbox 2040 4136 3693 4210">
    <p class='ocr_par' dir='ltr' id='par_1_101' title="bbox 2040 4136 3693 4210">
     <span class='ocr_line' id='line_1_101' title="bbox 2040 4136 3693 4210; baseline -0.001 -14"><span class='ocrx_word' id='word_1_750' title='bbox 2040 4140 2292 4197; x_wconf 90' lang='lat' dir='ltr'>scissum</span> <span class='ocrx_word' id='word_1_751' title='bbox 2324 4137 2577 4194; x_wconf 87' lang='lat' dir='ltr'>sultanis</span> <span class='ocrx_word' id='word_1_752' title='bbox 2608 4140 2782 4207; x_wconf 89' lang='lat' dir='ltr'>caput</span> <span class='ocrx_word' id='word_1_753' title='bbox 2811 4136 2882 4191; x_wconf 88' lang='lat' dir='ltr'>ad</span> <span class='ocrx_word' id='word_1_754' title='bbox 2916 4136 3114 4192; x_wconf 90' lang='lat' dir='ltr'>hostes</span> <span class='ocrx_word' id='word_1_755' title='bbox 3157 4153 3188 4191; x_wconf 92' lang='lat' dir='ltr'>e</span> <span class='ocrx_word' id='word_1_756' title='bbox 3221 4153 3390 4191; x_wconf 89' lang='lat' dir='ltr'>muro</span> <span class='ocrx_word' id='word_1_757' title='bbox 3438 4154 3693 4210; x_wconf 90' lang='lat' dir='ltr'>superne</span> 
     </span>
    </p>
   </div>
   <div class='ocr_carea' id='block_1_102' title="bbox 2034 4224 3693 4302">
    <p class='ocr_par' dir='ltr' id='par_1_102' title="bbox 2034 4224 3693 4302">
     <span class='ocr_line' id='line_1_102' title="bbox 2034 4224 3693 4302; baseline -0.001 -17"><span class='ocrx_word' id='word_1_758' title='bbox 2034 4228 2378 4302; x_wconf 84' lang='lat' dir='ltr'>jactandum</span> <span class='ocrx_word' id='word_1_759' title='bbox 2406 4244 2418 4283; x_wconf 91' lang='lat'><strong>:</strong></span> <span class='ocrx_word' id='word_1_760' title='bbox 2448 4231 2549 4283; x_wconf 87' lang='lat' dir='ltr'>aut</span> <span class='ocrx_word' id='word_1_761' title='bbox 2577 4226 2733 4282; x_wconf 91' lang='lat' dir='ltr'>enim</span> <span class='ocrx_word' id='word_1_762' title='bbox 2765 4242 2914 4297; x_wconf 89' lang='lat' dir='ltr'>quos</span> <span class='ocrx_word' id='word_1_763' title='bbox 2946 4224 3025 4280; x_wconf 89' lang='lat' dir='ltr'>ibi</span> <span class='ocrx_word' id='word_1_764' title='bbox 3056 4225 3411 4281; x_wconf 89' lang='lat' dir='ltr'>detinuisset</span> <span class='ocrx_word' id='word_1_765' title='bbox 3452 4236 3693 4283; x_wconf 88' lang='lat' dir='ltr'>eatenus</span> 
     </span>
    </p>
   </div>
   <div class='ocr_carea' id='block_1_103' title="bbox 2044 4313 3694 4391">
    <p class='ocr_par' dir='ltr' id='par_1_103' title="bbox 2044 4313 3694 4391">
     <span class='ocr_line' id='line_1_103' title="bbox 2044 4313 3694 4391; baseline -0.001 -17"><span class='ocrx_word' id='word_1_766' title='bbox 2044 4318 2258 4391; x_wconf 89' lang='lat' dir='ltr'>cupida</span> <span class='ocrx_word' id='word_1_767' title='bbox 2304 4315 2657 4386; x_wconf 84' lang='lat' dir='ltr'>exspectatio</span> <span class='ocrx_word' id='word_1_768' title='bbox 2708 4313 3025 4385; x_wconf 89' lang='lat' dir='ltr'>recipiendi</span> <span class='ocrx_word' id='word_1_769' title='bbox 3060 4313 3336 4377; x_wconf 86' lang='lat' dir='ltr'>sultanis,</span> <span class='ocrx_word' id='word_1_770' title='bbox 3387 4316 3694 4387; x_wconf 79' lang='lat' dir='ltr'>desperato</span> 
     </span>
    </p>
   </div>
   <div class='ocr_carea' id='block_1_104' title="bbox 2040 4404 3693 4480">
    <p class='ocr_par' dir='ltr' id='par_1_104' title="bbox 2040 4404 3693 4480">
     <span class='ocr_line' id='line_1_104' title="bbox 2040 4404 3693 4480; baseline -0.001 -16"><span class='ocrx_word' id='word_1_771' title='bbox 2040 4411 2162 4480; x_wconf 89' lang='lat' dir='ltr'>jam</span> <span class='ocrx_word' id='word_1_772' title='bbox 2193 4408 2320 4477; x_wconf 78' lang='lat' dir='ltr'>ejus</span> <span class='ocrx_word' id='word_1_773' title='bbox 2350 4405 2465 4460; x_wconf 88' lang='lat' dir='ltr'>voti</span> <span class='ocrx_word' id='word_1_774' title='bbox 2495 4404 2701 4461; x_wconf 73' lang='lat' dir='ltr'>effectu</span> <span class='ocrx_word' id='word_1_775' title='bbox 2735 4404 3021 4460; x_wconf 90' lang='lat' dir='ltr'>recessuri</span> <span class='ocrx_word' id='word_1_776' title='bbox 3043 4404 3351 4459; x_wconf 87' lang='lat' dir='ltr'>confestim</span> <span class='ocrx_word' id='word_1_777' title='bbox 3379 4411 3565 4472; x_wconf 86' lang='lat' dir='ltr'>erant,</span> <span class='ocrx_word' id='word_1_778' title='bbox 3592 4413 3693 4463; x_wconf 88' lang='lat' dir='ltr'>aut</span> 
     </span>
    </p>
   </div>
   <div class='ocr_carea' id='block_1_105' title="bbox 2044 4491 3691 4568">
    <p class='ocr_par' dir='ltr' id='par_1_105' title="bbox 2044 4491 3691 4568">
     <span class='ocr_line' id='line_1_105' title="bbox 2044 4491 3691 4568; baseline -0.001 -17"><span class='ocrx_word' id='word_1_779' title='bbox 2044 4495 2185 4568; x_wconf 87' lang='lat' dir='ltr'>ipsis</span> <span class='ocrx_word' id='word_1_780' title='bbox 2212 4494 2457 4550; x_wconf 88' lang='lat' dir='ltr'>irritatis</span> <span class='ocrx_word' id='word_1_781' title='bbox 2489 4491 2663 4548; x_wconf 86' lang='lat' dir='ltr'>amici</span> <span class='ocrx_word' id='word_1_782' title='bbox 2691 4493 2847 4549; x_wconf 67' lang='lat' dir='ltr'>caede</span> <span class='ocrx_word' id='word_1_783' title='bbox 2874 4497 2931 4548; x_wconf 90' lang='lat' dir='ltr'>et</span> <span class='ocrx_word' id='word_1_784' title='bbox 2960 4492 3168 4548; x_wconf 62' lang='lat' dir='ltr'>saevius</span> <span class='ocrx_word' id='word_1_785' title='bbox 3200 4494 3258 4549; x_wconf 90' lang='lat' dir='ltr'>in</span> <span class='ocrx_word' id='word_1_786' title='bbox 3290 4509 3396 4549; x_wconf 92' lang='lat' dir='ltr'>nos</span> <span class='ocrx_word' id='word_1_787' title='bbox 3428 4494 3498 4549; x_wconf 89' lang='lat' dir='ltr'>ad</span> <span class='ocrx_word' id='word_1_788' title='bbox 3520 4495 3691 4551; x_wconf 84' lang='lat' dir='ltr'>ultio-</span> 
     </span>
    </p>
   </div>
   <div class='ocr_carea' id='block_1_106' title="bbox 2049 4582 3696 4656">
    <p class='ocr_par' dir='ltr' id='par_1_106' title="bbox 2049 4582 3696 4656">
     <span class='ocr_line' id='line_1_106' title="bbox 2049 4582 3696 4656; baseline -0.001 -15"><span class='ocrx_word' id='word_1_789' title='bbox 2049 4602 2178 4641; x_wconf 88' lang='lat' dir='ltr'>nem</span> <span class='ocrx_word' id='word_1_790' title='bbox 2211 4583 2592 4656; x_wconf 80' lang='lat' dir='ltr'>expetendam</span> <span class='ocrx_word' id='word_1_791' title='bbox 2627 4583 2956 4651; x_wconf 90' lang='lat' dir='ltr'>ruentibus,</span> <span class='ocrx_word' id='word_1_792' title='bbox 2989 4582 3304 4652; x_wconf 89' lang='lat' dir='ltr'>optabilem</span> <span class='ocrx_word' id='word_1_793' title='bbox 3336 4584 3505 4640; x_wconf 90' lang='lat' dir='ltr'>nobis</span> <span class='ocrx_word' id='word_1_794' title='bbox 3527 4601 3696 4640; x_wconf 88' lang='lat' dir='ltr'>occa-</span> 
     </span>
    </p>
   </div>
   <div class='ocr_carea' id='block_1_107' title="bbox 2049 4670 3697 4743">
    <p class='ocr_par' dir='ltr' id='par_1_107' title="bbox 2049 4670 3697 4743">
     <span class='ocr_line' id='line_1_107' title="bbox 2049 4670 3697 4743; baseline -0.001 -13"><span class='ocrx_word' id='word_1_795' title='bbox 2049 4675 2276 4731; x_wconf 90' lang='lat' dir='ltr'>sionem</span> <span class='ocrx_word' id='word_1_796' title='bbox 2307 4673 2511 4728; x_wconf 89' lang='lat' dir='ltr'>datum</span> <span class='ocrx_word' id='word_1_797' title='bbox 2536 4672 2606 4728; x_wconf 88' lang='lat' dir='ltr'>iri</span> <span class='ocrx_word' id='word_1_798' title='bbox 2623 4670 2860 4727; x_wconf 86' lang='lat' dir='ltr'>velﬁdei</span> <span class='ocrx_word' id='word_1_799' title='bbox 2890 4670 3462 4743; x_wconf 87' lang='lat' dir='ltr'>ergaimperatorem</span> <span class='ocrx_word' id='word_1_800' title='bbox 3487 4679 3697 4729; x_wconf 64' lang='lat' dir='ltr'>nostra:</span> 
     </span>
    </p>
   </div>
   <div class='ocr_carea' id='block_1_108' title="bbox 2050 4761 3701 4835">
    <p class='ocr_par' dir='ltr' id='par_1_108' title="bbox 2050 4761 3701 4835">
     <span class='ocr_line' id='line_1_108' title="bbox 2050 4761 3701 4835; baseline 0 -15"><span class='ocrx_word' id='word_1_801' title='bbox 2050 4764 2209 4820; x_wconf 90' lang='lat' dir='ltr'>obita</span> <span class='ocrx_word' id='word_1_802' title='bbox 2258 4780 2361 4835; x_wconf 93' lang='lat' dir='ltr'>pro</span> <span class='ocrx_word' id='word_1_803' title='bbox 2410 4780 2476 4819; x_wconf 91' lang='lat' dir='ltr'>eo</span> <span class='ocrx_word' id='word_1_804' title='bbox 2526 4762 2844 4833; x_wconf 87' lang='lat' dir='ltr'>pugnando</span> <span class='ocrx_word' id='word_1_805' title='bbox 2905 4765 3091 4817; x_wconf 90' lang='lat' dir='ltr'>morte</span> <span class='ocrx_word' id='word_1_806' title='bbox 3154 4761 3552 4833; x_wconf 67' lang='lat' dir='ltr'>obsignandze,</span> <span class='ocrx_word' id='word_1_807' title='bbox 3614 4764 3701 4820; x_wconf 87' lang='lat' dir='ltr'>vel</span> 
     </span>
    </p>
   </div>
   <div class='ocr_carea' id='block_1_109' title="bbox 2052 4850 3705 4927">
    <p class='ocr_par' dir='ltr' id='par_1_109' title="bbox 2052 4850 3705 4927">
     <span class='ocr_line' id='line_1_109' title="bbox 2052 4850 3705 4927; baseline -0.001 -18"><span class='ocrx_word' id='word_1_808' title='bbox 2052 4854 2343 4927; x_wconf 79' lang='lat' dir='ltr'>gloriosas,</span> <span class='ocrx_word' id='word_1_809' title='bbox 2378 4851 2425 4908; x_wconf 90' lang='lat' dir='ltr'>si</span> <span class='ocrx_word' id='word_1_810' title='bbox 2454 4856 2608 4907; x_wconf 89' lang='lat' dir='ltr'>Deus</span> <span class='ocrx_word' id='word_1_811' title='bbox 2640 4850 2951 4922; x_wconf 89' lang='lat' dir='ltr'>adjuverit,</span> <span class='ocrx_word' id='word_1_812' title='bbox 2979 4850 3254 4907; x_wconf 73' lang='lat' dir='ltr'>victorias.</span> <span class='ocrx_word' id='word_1_813' title='bbox 3289 4851 3451 4908; x_wconf 89' lang='lat' dir='ltr'>Talia</span> <span class='ocrx_word' id='word_1_814' title='bbox 3481 4854 3580 4907; x_wconf 90' lang='lat' dir='ltr'>ubi</span> <span class='ocrx_word' id='word_1_815' title='bbox 3617 4855 3705 4909; x_wconf 90' lang='lat' dir='ltr'>al—</span> 
     </span>
    </p>
   </div>
   <div class='ocr_carea' id='block_1_110' title="bbox 2055 4938 3703 5011">
    <p class='ocr_par' dir='ltr' id='par_1_110' title="bbox 2055 4938 3703 5011">
     <span class='ocr_line' id='line_1_110' title="bbox 2055 4938 3703 5011; baseline -0.001 -12"><span class='ocrx_word' id='word_1_816' title='bbox 2055 4946 2348 4999; x_wconf 87' lang='lat' dir='ltr'>tercantes</span> <span class='ocrx_word' id='word_1_817' title='bbox 2397 4940 2670 5010; x_wconf 87' lang='lat' dir='ltr'>utrinque</span> <span class='ocrx_word' id='word_1_818' title='bbox 2717 4938 3064 5011; x_wconf 86' lang='lat' dir='ltr'>aliquandiu</span> <span class='ocrx_word' id='word_1_819' title='bbox 3124 4940 3449 5011; x_wconf 87' lang='lat' dir='ltr'>jactarunt,</span> <span class='ocrx_word' id='word_1_820' title='bbox 3510 4944 3703 4999; x_wconf 89' lang='lat' dir='ltr'>media</span> 
     </span>
    </p>
   </div>
   <div class='ocr_carea' id='block_1_111' title="bbox 2054 5027 3707 5101">
    <p class='ocr_par' dir='ltr' id='par_1_111' title="bbox 2054 5027 3707 5101">
     <span class='ocr_line' id='line_1_111' title="bbox 2054 5027 3707 5101; baseline 0 -14"><span class='ocrx_word' id='word_1_821' title='bbox 2054 5031 2293 5088; x_wconf 88' lang='lat' dir='ltr'>tandem</span> <span class='ocrx_word' id='word_1_822' title='bbox 2320 5028 2613 5086; x_wconf 87' lang='lat' dir='ltr'>sententia</span> <span class='ocrx_word' id='word_1_823' title='bbox 2642 5027 2965 5098; x_wconf 63' lang='lat' dir='ltr'>praevaluit,</span> <span class='ocrx_word' id='word_1_824' title='bbox 2989 5029 3311 5085; x_wconf 81' lang='lat' dir='ltr'>decernens</span> <span class='ocrx_word' id='word_1_825' title='bbox 3334 5047 3707 5101; x_wconf 88' lang='lat' dir='ltr'>perseveran-</span> 
     </span>
    </p>
   </div>
   <div class='ocr_carea' id='block_1_112' title="bbox 2057 5116 3704 5191">
    <p class='ocr_par' dir='ltr' id='par_1_112' title="bbox 2057 5116 3704 5191">
     <span class='ocr_line' id='line_1_112' title="bbox 2057 5116 3704 5191; baseline 0 -15"><span class='ocrx_word' id='word_1_826' title='bbox 2057 5122 2201 5176; x_wconf 93' lang='lat' dir='ltr'>dum</span> <span class='ocrx_word' id='word_1_827' title='bbox 2227 5118 2420 5175; x_wconf 89' lang='lat' dir='ltr'>adhuc</span> <span class='ocrx_word' id='word_1_828' title='bbox 2445 5121 2503 5173; x_wconf 90' lang='lat' dir='ltr'>et</span> <span class='ocrx_word' id='word_1_829' title='bbox 2526 5120 2983 5189; x_wconf 86' lang='lat' dir='ltr'>exspectandum</span> <span class='ocrx_word' id='word_1_830' title='bbox 3004 5116 3289 5174; x_wconf 82' lang='lat' dir='ltr'>auxilium</span> <span class='ocrx_word' id='word_1_831' title='bbox 3312 5119 3704 5191; x_wconf 88' lang='lat' dir='ltr'>imperatoris,</span> 
     </span>
    </p>
   </div>
   <div class='ocr_carea' id='block_1_113' title="bbox 2060 5207 3705 5280">
    <p class='ocr_par' dir='ltr' id='par_1_113' title="bbox 2060 5207 3705 5280">
     <span class='ocr_line' id='line_1_113' title="bbox 2060 5207 3705 5280; baseline -0.002 -14"><span class='ocrx_word' id='word_1_832' title='bbox 2060 5226 2165 5266; x_wconf 90' lang='lat' dir='ltr'>nec</span> <span class='ocrx_word' id='word_1_833' title='bbox 2177 5213 2373 5265; x_wconf 88' lang='lat' dir='ltr'>tamen</span> <span class='ocrx_word' id='word_1_834' title='bbox 2390 5207 2559 5280; x_wconf 90' lang='lat' dir='ltr'>plane</span> <span class='ocrx_word' id='word_1_835' title='bbox 2572 5207 2998 5279; x_wconf 65' lang='lat' dir='ltr'>precidendam</span> <span class='ocrx_word' id='word_1_836' title='bbox 3014 5208 3167 5263; x_wconf 90' lang='lat' dir='ltr'>hosti</span> <span class='ocrx_word' id='word_1_837' title='bbox 3183 5208 3499 5264; x_wconf 87' lang='lat' dir='ltr'>deditionis</span> <span class='ocrx_word' id='word_1_838' title='bbox 3517 5226 3679 5279; x_wconf 88' lang='lat' dir='ltr'>spem</span> <span class='ocrx_word' id='word_1_839' title='bbox 3692 5250 3705 5273; x_wconf 93' lang='lat'>,</span> 
     </span>
    </p>
   </div>
   <div class='ocr_carea' id='block_1_114' title="bbox 2063 5295 3708 5373">
    <p class='ocr_par' dir='ltr' id='par_1_114' title="bbox 2063 5295 3708 5373">
     <span class='ocr_line' id='line_1_114' title="bbox 2063 5295 3708 5373; baseline -0.002 -18"><span class='ocrx_word' id='word_1_840' title='bbox 2063 5300 2205 5373; x_wconf 90' lang='lat' dir='ltr'>quin</span> <span class='ocrx_word' id='word_1_841' title='bbox 2238 5315 2367 5354; x_wconf 88' lang='lat' dir='ltr'>eam</span> <span class='ocrx_word' id='word_1_842' title='bbox 2402 5297 2597 5369; x_wconf 90' lang='lat' dir='ltr'>potius</span> <span class='ocrx_word' id='word_1_843' title='bbox 2628 5295 2899 5352; x_wconf 86' lang='lat' dir='ltr'>alendam</span> <span class='ocrx_word' id='word_1_844' title='bbox 2921 5297 3213 5353; x_wconf 88' lang='lat' dir='ltr'>industria</span> <span class='ocrx_word' id='word_1_845' title='bbox 3237 5302 3295 5352; x_wconf 90' lang='lat' dir='ltr'>et</span> <span class='ocrx_word' id='word_1_846' title='bbox 3310 5297 3708 5366; x_wconf 87' lang='lat' dir='ltr'>simulatione,</span> 
     </span>
    </p>
   </div>
   <div class='ocr_carea' id='block_1_115' title="bbox 2063 5384 3711 5461">
    <p class='ocr_par' dir='ltr' id='par_1_115' title="bbox 2063 5384 3711 5461">
     <span class='ocr_line' id='line_1_115' title="bbox 2063 5384 3711 5461; baseline -0.004 -16"><span class='ocrx_word' id='word_1_847' title='bbox 2063 5406 2180 5461; x_wconf 90' lang='lat' dir='ltr'>quo</span> <span class='ocrx_word' id='word_1_848' title='bbox 2211 5388 2322 5460; x_wconf 88' lang='lat' dir='ltr'>ipsi</span> <span class='ocrx_word' id='word_1_849' title='bbox 2357 5385 2795 5457; x_wconf 88' lang='lat' dir='ltr'>suspendantur</span> <span class='ocrx_word' id='word_1_850' title='bbox 2824 5385 3062 5453; x_wconf 88' lang='lat' dir='ltr'>animis,</span> <span class='ocrx_word' id='word_1_851' title='bbox 3101 5391 3159 5441; x_wconf 90' lang='lat' dir='ltr'>et</span> <span class='ocrx_word' id='word_1_852' title='bbox 3183 5384 3458 5441; x_wconf 83' lang='lat' dir='ltr'>extreniis</span> <span class='ocrx_word' id='word_1_853' title='bbox 3487 5390 3711 5454; x_wconf 84' lang='lat' dir='ltr'>tempe-</span> 
     </span>
    </p>
   </div>
   <div class='ocr_carea' id='block_1_116' title="bbox 2064 5472 3717 5547">
    <p class='ocr_par' dir='ltr' id='par_1_116' title="bbox 2064 5472 3717 5547">
     <span class='ocr_line' id='line_1_116' title="bbox 2064 5472 3717 5547; baseline -0.003 -13"><span class='ocrx_word' id='word_1_854' title='bbox 2064 5482 2262 5534; x_wconf 89' lang='lat' dir='ltr'>rantes</span> <span class='ocrx_word' id='word_1_855' title='bbox 2293 5475 2603 5532; x_wconf 86' lang='lat' dir='ltr'>conatibus</span> <span class='ocrx_word' id='word_1_856' title='bbox 2625 5490 2687 5530; x_wconf 88' lang='lat' dir='ltr'>re</span> <span class='ocrx_word' id='word_1_857' title='bbox 2713 5473 2773 5529; x_wconf 92' lang='lat' dir='ltr'>in</span> <span class='ocrx_word' id='word_1_858' title='bbox 2796 5474 3038 5547; x_wconf 87' lang='lat' dir='ltr'>longum</span> <span class='ocrx_word' id='word_1_859' title='bbox 3060 5478 3250 5530; x_wconf 89' lang='lat' dir='ltr'>tracta</span> <span class='ocrx_word' id='word_1_860' title='bbox 3271 5472 3456 5529; x_wconf 89' lang='lat' dir='ltr'>otium</span> <span class='ocrx_word' id='word_1_861' title='bbox 3480 5472 3717 5529; x_wconf 86' lang='lat' dir='ltr'>auxiliis</span> 
     </span>
    </p>
   </div>
   <div class='ocr_carea' id='block_1_117' title="bbox 2068 5558 3720 5634">
    <p class='ocr_par' dir='ltr' id='par_1_117' title="bbox 2068 5558 3720 5634">
     <span class='ocr_line' id='line_1_117' title="bbox 2068 5558 3720 5634; baseline -0.004 -9"><span class='ocrx_word' id='word_1_862' title='bbox 2068 5571 2407 5625; x_wconf 87' lang='lat' dir='ltr'>nostrorum</span> <span class='ocrx_word' id='word_1_863' title='bbox 2426 5563 2541 5619; x_wconf 89' lang='lat' dir='ltr'>huc</span> <span class='ocrx_word' id='word_1_864' title='bbox 2559 5578 2622 5619; x_wconf 86' lang='lat' dir='ltr'>se</span> <span class='ocrx_word' id='word_1_865' title='bbox 2647 5562 2994 5619; x_wconf 88' lang='lat' dir='ltr'>admovendi</span> <span class='ocrx_word' id='word_1_866' title='bbox 3009 5562 3309 5634; x_wconf 69' lang='lat' dir='ltr'>prabeant</span> <span class='ocrx_word' id='word_1_867' title='bbox 3330 5577 3345 5617; x_wconf 91' lang='lat'><strong>:</strong></span> <span class='ocrx_word' id='word_1_868' title='bbox 3367 5561 3542 5618; x_wconf 88' lang='lat' dir='ltr'>rebus</span> <span class='ocrx_word' id='word_1_869' title='bbox 3563 5558 3720 5619; x_wconf 87' lang='lat' dir='ltr'>inte-</span> 
     </span>
    </p>
   </div>
   <div class='ocr_carea' id='block_1_118' title="bbox 3321 5679 3400 5737">
    <p class='ocr_par' dir='ltr' id='par_1_118' title="bbox 3321 5679 3400 5737">
     <span class='ocr_line' id='line_1_118' title="bbox 3321 5679 3400 5737; baseline -0.013 0"><span class='ocrx_word' id='word_1_870' title='bbox 3321 5679 3400 5737; x_wconf 75' lang='grc'><strong>22</strong></span> 
     </span>
    </p>
   </div>
  </div>
