4018 6198
365 267 475 321 683

1673 253 1973 310 GEORGII
2011 248 2472 304 PACHYMERE

3562 259 3714 314 η684

368 391 542 446 πτεῖν·
603 381 930 463 παραϐόλων
981 385 1084 458 γὰρ
1144 380 1353 456 ἀνδρῶν
1413 379 1503 435 καὶ
1564 378 1915 443 θανατώντων
1955 372 2017 429 τὰ
2048 382 2100 444 Α
2133 367 2520 463 ἐπι-γενομένης
2792 369 2881 425 καὶ
2940 369 3190 463 δευτέρας
3245 375 3372 445 μετά
3421 376 3510 445 τήν
3562 385 3717 454 πρᾶξιν

367 479 637 552 τόλμημα
669 478 826 546 εἶναι,
856 474 918 528 τὸ
951 471 995 528 δ’
1028 472 1079 527 ἐν
1114 469 1374 532 σπονδαῖς
1418 466 1741 524 ἀποδιδόναι
1785 470 1886 520 τοῦ
1918 465 2022 518 σώ-

373 575 552 637 ζεσθαι
607 566 674 619 τὰ
733 564 901 617 Λοιπὰ
950 557 1218 616 εὐϐούλου
1266 557 1426 635 ἐγγὺς
1469 556 1747 634 προνοίας.
1798 555 2024 614 Τούτοις

366 652 823 730 συγκροτηθέντες
865 657 984 716 τοῖς
1039 649 1227 725 λόγοις
1275 650 1552 721 πέμπουσι
1609 649 1709 716 τήν
1754 645 2019 720 ταχίστην

361 744 450 798 καὶ
487 744 877 817 ὑπισχνοῦνται
934 739 1405 816 βουλευσαμένους
1439 739 1501 810 [Ρ
1535 737 1657 807 158]
1708 733 1789 812 ἐφ’
1836 732 2050 792 ῗκανὸνγ

362 829 594 900 έξανύειν
626 827 656 882 ὅ
703 849 754 882 τι
790 832 1020 896 ζητοῖεν.
1075 825 1174 880 Καὶ
1225 824 1291 893 ἦν
1340 824 1432 897 μὲν
1477 819 1790 895 αὐθημερὸν
1822 821 1857 888 ἡ
1889 819 2020 873 ἀνα-

349 921 546 994 κωχή,
577 917 638 972 οὖ
674 919 781 990 μὴν
806 915 864 971 δὲ
885 917 972 970 καὶ
997 913 1053 977 ἐς
1071 913 1238 969 πλέον
1260 911 1479 989 ἡφίουν,
1504 907 1631 964 ἀλλ’
1661 907 2021 983 ἐπολιόρκουν

362 1007 687 1067 κυκλοῦντες
743 1006 831 1060 καὶ
885 1006 1070 1078 μάχην
1127 1021 1389 1077 καρτεραν
1441 999 1729 1065 συνίστων,
1787 998 1923 1071 πρὸς
1955 994 2021 1066 ἤν

362 1099 412 1151 οἱ
473 1096 623 1157 ἐντὸς
669 1094 916 1169 ἀντέχειν
968 1089 1461 1166 κατηναγκάζοντο.
1518 1087 1618 1143 Καὶ
1669 1085 1843 1146 πολὺς
1893 1086 2015 1154 ἦνὴ

359 1185 410 1256 ἐξ
455 1185 778 1257 ἀμφοτέρων
836 1177 966 1255 ἔρις.
1026 1187 1112 1242 Ὡς
1172 1177 1218 1233 δ’
1283 1180 1333 1233 οἱ
1387 1177 1538 1238 ἐντὸς
1594 1173 1704 1246 ἤδη
1755 1177 2015 1244 ἠσθένουν

357 1274 446 1328 καὶ
480 1276 508 1327 ὁ
539 1271 784 1334 κίνδυνος
830 1274 898 1341 ἦν
949 1273 1086 1326 κατά
1125 1267 1394 1344 κεφαλῆς,
1443 1262 1830 1342 πρεσϐεύονται
1889 1283 2017 1338 παρ’

355 1362 590 1423 ἐκείνους
621 1362 656 1431 ἧ
695 1363 801 1434 μὴν
831 1358 1125 1429 ἐκδιδόναι,
1153 1358 1301 1426 πλὴν
1337 1357 1424 1432 ὐφ’
1478 1358 1666 1431 ὅρκοις
1714 1359 1831 1415 τοῖς
1880 1355 2018 1408 κατά

356 1455 490 1505 Θεοῦ
519 1451 606 1504 xei
633 1451 790 1504 θείων
823 1451 935 1522 (καὶ
985 1449 1085 1524 γὰρ
1136 1447 1271 1522 πρὸς
1316 1448 1410 1501 τὸν
1460 1449 1863 1501 Κωνσταντῖνον
1906 1440 2017 1496 διε-

359 1539 654 1612 μηνύοντο)
715 1537 973 1611 ἀσφαλῶς
1047 1536 1372 1612 γενομένοις.
1434 1533 1591 1604 Οὕτω
1663 1527 2014 1605 διαπρεσϐευ-

354 1628 602 1700 σάμενοι,
654 1626 1093 1682 κατανευσάντων
1151 1624 1434 1691 κακείνων,
1493 1621 1580 1676 ἐπὶ
1641 1627 1769 1675 πᾶσι
1829 1624 2012 1694 χρῶν-

354 1723 550 1788 ταιτῷ
590 1717 760 1771 ἐκεῖσε
810 1719 1079 1790 ἀρχιερεῖ,
1122 1716 1188 1771 Ὀ
1221 1711 1277 1767 δὲ
1322 1714 1421 1781 τήν
1482 1712 1758 1780 ἱερατικὴν
1809 1709 2011 1777 στολὴν
2044 1729 2091 1795 Β

356 1803 529 1872 ἐνδὸς,
562 1799 745 1859 λαϐὼν
790 1804 884 1866 τὰς
937 1803 1078 1866 θείας
1118 1801 1350 1869 εἰκόνας,
1401 1799 1492 1854 σὺν
1541 1798 1700 1853 παντὶ
1749 1819 1807 1852 τε
1853 1795 2014 1868 ἔξεισι

353 1892 548 1968 κλήρῳ
596 1893 687 1948 καὶ
735 1892 882 1967 παρᾶ
925 1893 1016 1946 τὸν
1070 1896 1466 1946 Κωνσταντῖνον
1509 1889 1734 1964 γίνεται.
1796 1888 1894 1944 Καὶ
1943 1884 2010 1955 δὴ

348 1982 710 2038 τελεσθέντων
766 1986 874 2036 τῶν
935 1980 1112 2055 ὅρκων
1168 1981 1271 2034 ὑπὸ
1323 1983 1440 2050 Θεῷ
1495 1977 1583 2033 καὶ
1635 1981 1714 2048 τῷ
1773 1974 2008 2051 ῖεράρχῃ

349 2069 536 2126 εἷ’σεισι
590 2071 681 2144 μὲν
716 2072 744 2125 ὁ
775 2070 1084 2146 ἀρχιερεὺς,
1144 2068 1338 2124 ἐκεῖνοι
1371 2065 1414 2121 δ’
1448 2065 1604 2130 εὐθὺς
1649 2065 1738 2119 καὶ
1779 2063 2009 2119 σουλτάν

345 2161 433 2213 καὶ
464 2160 638 2214 πάντα
678 2161 745 2214 τά
775 2158 982 2214 ἐκείνου
1013 2158 1104 2212 σὺν
1150 2163 1268 2219 τοῖς
1318 2156 1455 2232 ἀμφ’
1503 2155 1662 2210 αὐτὸν
1711 2150 2006 2223 ἐκδιδοῦσι,

346 2249 436 2302 καὶ
472 2248 658 2304 αὐτίκα
694 2247 1010 2323 ἀνεχώρουν
1063 2241 1342 2314 λαϐόντες,
1398 2242 1560 2317 μηδὲν
1625 2241 1789 2314 ἄλλο,
1838 2263 2006 2316 προσο

346 2337 634 2401 ἐπιθέντες·
663 2338 798 2405 ἦσαν
830 2337 931 2412 γὰρ
976 2337 1043 2390 τά
1089 2340 1195 2389 τῶν
1249 2335 1423 2410 ὅρκων
1530 2334 1638 2406 μὴν
1686 2332 1777 2385 τὸν
1840 2330 2003 2385 σουλ-

341 2427 441 2480 τᾶιν
488 2422 751 2487 λαϐόντας
808 2427 1152 2499 ἀρκεσθῆναι,
1217 2421 1386 2497 μηδὲν
1444 2422 1739 2497 πράξοντας
1798 2418 1992 2474 πλέον.

345 2511 505 2568 Ἀλλ’
554 2515 628 2575 ὡς
669 2512 831 2581 ἔοικε,
859 2513 920 2567 τὸ
973 2509 1248 2588 μοιρίδιον
1298 2511 1546 2586 ἰσχυρὰν,
1597 2506 1692 2563 κᾶν
1726 2508 1756 2562 ὅ
1784 2530 1836 2563 τι
1873 2509 2000 2583 βου-

345 2601 598 2656 λεύσαιτό
672 2623 753 2663 τις
829 2603 1203 2675 ἀντιπεριστᾷν
1260 2601 1323 2655 τὸ
1385 2598 1678 2674 μόρσιμον.
1735 2603 1843 2666 Τῆς
1897 2597 1998 2672 γὰρ

343 2799 453 2854 rim
489 2797 706 2854 nostris
733 2814 910 2869 quam
930 2798 1052 2852 ﬁeri
1073 2795 1284 2869 poterit
1305 2795 1522 2868 optime
1541 2793 1989 2866 providendum,

339 2895 404 2944 ut
436 2905 612 2960 quam
639 2887 972 2942 diutissime
1002 2887 1365 2956 resistemus,
1383 2885 1650 2940 tardante
1677 2886 1991 2954 quantum-

337 2978 479 3033 libet
509 2976 764 3044 auxilio;
811 2993 878 3032 ac
927 2975 977 3032 si
1027 2974 1115 3031 vis
1168 2975 1394 3030 interea
1443 2975 1632 3044 major
1679 2972 1986 3045 ingruerit,

339 3082 646 3138 nunquam
680 3082 745 3121 eo
773 3070 967 3121 tamen
1002 3063 1432 3120 deveniendum
1465 3066 1530 3118 ut
1559 3061 1987 3118 autabscinda-

339 3171 472 3211 mus
489 3158 592 3211 aut
607 3154 988 3226 prajiciamus
1013 3152 1266 3210 sultanis
1283 3157 1462 3224 caput
1483 3169 1496 3207 :
1520 3167 1655 3206 nam
1677 3152 1733 3206 id
1755 3151 1984 3206 facinus

335 3248 489 3298 esset
519 3248 732 3299 temere
751 3244 1068 3298 furentium
1086 3243 1368 3298 etinsana
1395 3239 1800 3312 desperatione
1823 3256 1983 3295 mor-

335 3335 449 3384 tem
484 3331 596 3385 sibi
646 3330 1091 3401 vituperabilem
1151 3330 1599 3386 accersentium.
1642 3332 1776 3396 Quae
1809 3346 1982 3400 porro

334 3421 524 3488 quoad
551 3419 702 3474 vires
724 3418 1112 3489 suppetierint
1138 3419 1470 3474 defenderis
1506 3419 1755 3488 fortiter,
1783 3434 1869 3484 ea,
1893 3417 1981 3474 vel

334 3507 532 3579 potius
564 3507 840 3578 reliquias
871 3523 1072 3562 eorum
1093 3508 1758 3579 semiconsumptorum,
1778 3508 1980 3562 defen~

332 3595 496 3652 sione
544 3596 672 3667 ipsa
720 3596 1145 3666 extremosjam
1196 3595 1536 3652 discrimine
1584 3600 1827 3669 urgente
1877 3612 1979 3667 pro

334 3684 522 3740 salute
553 3701 620 3740 ac
638 3685 826 3756 capite
848 3685 1089 3757 pacisci,
1104 3684 1388 3756 sapientis
1406 3685 1580 3740 affine
1601 3685 1977 3757 providentiae

329 3779 617 3830 censetur.
655 3773 717 3828 In
745 3774 866 3830 haec
893 3779 1124 3830 decreta
1150 3775 1248 3830 ubi
1281 3791 1482 3831 omnes
1515 3776 1976 3845 consensissent,

327 3863 571 3917 mittunt
601 3861 802 3917 statim
838 3863 937 3934 qui
964 3863 1234 3919 hostibus
1266 3864 1616 3935 promittant
1638 3863 1892 3920 facturos
1915 3881 1977 3920 se

322 3953 476 4022 quod
512 3952 663 4007 239
678 3953 978 4023 juberent,
1004 3955 1317 4024 postquam
1342 3952 1622 4024 aliquam,
1651 3954 1976 4009 cessatione

320 4041 722 4112 oppugnandi,
738 4040 983 4096 liberam
999 4041 1143 4112 ipsis
1156 4041 1252 4096 ind
1264 4041 1627 4097 ulsissentad
1643 4041 1974 4098 consultan-

318 4130 458 4183 dum
493 4145 740 4184 moram.
772 4129 1072 4185 Concessa:
1105 4131 1162 4185 in
1193 4146 1375 4184 unum
1403 4128 1570 4186 illum
1605 4130 1760 4186 diem
1794 4130 1970 4185 indu-

316 4217 440 4283 ciae,
471 4234 620 4288 quas
661 4233 796 4272 cum
848 4217 1089 4288 produci
1140 4217 1567 4289 postulassent,
1617 4217 1763 4274 nihil
1817 4217 1972 4274 ultra

315 4306 632 4377 impetrare
646 4305 959 4361 valuerunt
975 4306 1135 4378 :quin
1152 4308 1347 4378 potius
1365 4308 1458 4362 die
1471 4307 1671 4363 statim
1686 4311 1969 4378 sequente

315 4395 469 4450 omni
487 4411 555 4450 ex
578 4399 739 4465 parte
768 4394 1282 4452 vehementissime
1305 4396 1628 4469 oppugnati
1655 4413 1890 4452 summa
1911 4397 1962 4451 vi

2131 460 2406 538 φαίνονται
2463 459 2601 514 κατά
2655 456 2926 515 Θάλασσαν
2973 461 3063 515 καὶ
3095 463 3147 515 αί
3201 466 3293 516 τοῦ
3344 464 3589 538 βασιλέως
3623 491 3724 544 τρι-

2129 551 2303 624 ήρεις.
2337 549 2441 606 Καὶ
2501 549 2553 602 αἱ
2589 549 2683 621 μὲν
2739 547 2863 604 ὅσον
2920 546 3073 604 οὔπω
3131 550 3400 625 ένώρμουν
3453 555 3578 629 πρὸς
3625 565 3722 622 τοῖς

2129 636 2338 711 λιμέσι,
2374 641 2490 699 τοῖς
2543 635 2600 691 δὲ
2651 636 2918 711 μετέμελε
2959 643 3069 693 τῶν
3123 635 3454 711 συμϐάντων.
3483 642 3622 700 Ἀλλ’
3644 647 3723 702 οὐκ

2128 725 2276 801 εἶχόν
2307 747 2360 781 τι
2389 725 2642 800 πράττειν
2694 725 2838 781 οὕτω
2884 726 3206 803 γενομένων.
3251 730 3311 782 τὸ
3363 730 3460 804 γὰρ
3509 731 3718 806 ἐπιμηθῆ

2131 814 2455 888 μεταμέλειν
2496 816 2584 886 ἦν,
2637 813 2764 870 ἀλλ’
2823 815 2924 870 οὐκ
2983 815 3191 886 ἐξανύοι
3219 817 3279 871 τὸ
3311 817 3547 875 σύνολον.
3596 824 3723 878 ’Ὀθεν

2125 905 2212 958 καὶ
2250 905 2363 959 ἐπεὶ
2416 903 2516 958 οὐκ
2565 903 2718 978 εἶχον
2750 903 3191 978 μεταμελόμενοι
3220 907 3280 960 τὸ
3310 909 3525 981 γεγονὸς
3559 911 3728 981 ἀποίη-

2125 1013 2215 1046 τον
2274 999 2467 1065 θεῖναι,
2518 993 2607 1047 ἐπὶ
2658 997 2777 1055 τοῖς
2835 994 3086 1067 χρήμασι
3129 995 3224 1049 τοῦ
3280 995 3540 1072 ἀσφαλοῦς
3583 1001 3727 1074 πρού-

2125 1082 2306 1154 νόουν,
2341 1083 2418 1155 μή
2450 1082 2539 1136 καὶ
2597 1081 2685 1137 ἐπὶ
2727 1081 2962 1145 τούτοις
3017 1083 3286 1160 σφαλεῖεν.
3336 1086 3726 1165 Ἐπεπλήμμυρε

2122 1171 2223 1247 γὰρ
2272 1171 2361 1226 καὶ
2419 1169 2506 1226 ἔπι
2555 1172 2582 1224 ὁ
2611 1169 2781 1233 τόπος
2839 1169 3049 1247 ἐχθρῶν
3111 1171 3604 1249 διασκεγαννυμένου
3645 1183 3724 1233 τοῦ

2122 1259 2390 1330 πλήθους.
2440 1264 2529 1332 Τῷ
2584 1280 2670 1315 τοι
2726 1259 3052 1337 καταντικρὺ
3111 1263 3205 1333 μὲν
3257 1269 3356 1332 τῆς
3405 1265 3602 1328 πόλεως
3651 1268 3728 1331 τὰς

2119 1351 2365 1423 τριήρεις
2414 1348 2642 1419 ἔστησαν
2703 1350 2986 1426 φέροντες,
3047 1356 3236 1428 στῖφος
3292 1349 3338 1405 δ’
3396 1353 3615 1408 ὁπλιτῶν
3665 1356 3728 1417 ὡς

2119 1444 2306 1512 τεῖχος
2365 1437 2447 1514 ἐφ’
2503 1437 2729 1513 ἑκάτερα
2776 1440 3066 1508 στήσαντες
3114 1439 3288 1504 οὕτως
3341 1440 3519 1517 ἐξῆγον
3545 1443 3604 1497 τὰ
3642 1449 3730 1498 τῶν

2124 1526 2418 1602 βασιλείων
2473 1527 2800 1600 χρημάτων,
2860 1527 2951 1581 καὶ
3009 1529 3262 1604 φέροντες
3318 1535 3433 1592 ταῖς
3486 1533 3726 1606 τριήρεσιν

2120 1615 2481 1680 ἐναπετίθουν.
2563 1614 2734 1678 Τέλος
2793 1613 2850 1670 δὲ
2907 1616 2998 1671 καὶ
3080 1615 3236 1672 αὐτοὶ
3321 1614 3568 1690 ἐμϐάντες
3618 1621 3724 1676 ἀπέ-

2119 1702 2318 1760 πλεον.
2376 1704 2524 1760 Ἐπεὶ
2575 1702 2632 1758 δὲ
2690 1700 2992 1759 κατέλαϐον
3045 1707 3144 1773 τήν
3201 1708 3725 1765 Κωνσταντινοόπολιν

2121 1794 2212 1848 καὶ
2263 1798 2342 1865 τῷ
2401 1793 2618 1869 βασιλεῖ
2672 1791 3011 1869 ἠγγέλλοντο
3066 1795 3134 1849 τὰ
3199 1808 3523 1871 πραχθέντα,
3577 1799 3730 1853 αὐτίκ’

2122 1881 2326 1944 έκεὶνος
2383 1881 2522 1957 πρὸς
2573 1883 2672 1950 τήν
2721 1880 2986 1956 ἀγγελίαν
3034 1884 3387 1957 παροξυνθεὶς
3426 1883 3635 1961 ἄσχετος
3675 1887 3730 1954 ἦν

2117 1976 2196 2043 τῷ
2226 1970 2383 2045 θυμῷ
2412 1971 2505 2026 καὶ
2545 1968 2692 2026 δεινὰ
2735 1969 2931 2028 ἐποίει.
2982 1971 3083 2028 Καὶ
3115 1970 3184 2041 δὴ
3217 1974 3310 2028 τὸν
3364 1976 3453 2048 μὲν
3502 1977 3727 2051 ἀρχιερέα

2118 2059 2193 2122 εἷς
2248 2061 2347 2128 τήν
2405 2061 2553 2134 παρᾶ
2607 2067 2708 2129 τῆς
2761 2058 3094 2130 Ἐκκλησίας
3150 2061 3326 2130 κρίσιν
3382 2063 3611 2134 καθίστα,
3654 2064 3728 2119 καί

2117 2148 2377 2223 ἐκρίνετο,
2434 2147 2524 2202 καὶ
2583 2148 2741 2223 ἐγγὺς
2796 2147 2934 2216 ἦλθε
2990 2153 3087 2203 τοῦ
3142 2147 3468 2206 κινδυνεύειν
3524 2152 3592 2214 εἰς
3640 2154 3722 2222 τήν

2116 2236 2252 2292 ἰδίαν
2309 2238 2584 2309 ἐπιτιμίαν
2664 2237 2738 2299 ὡς
2795 2243 2914 2299 τοῖς
2991 2245 3290 2314 πραχθεῖσι
3378 2237 3724 2313 μεσολαϐήσας

2112 2325 2336 2389 ἐκεῖνος’
2394 2325 2520 2388 τοὺς
2587 2327 2769 2399 μέντοι
2819 2328 2871 2401 γ’
2931 2327 3166 2390 οἰκείους
3201 2330 3230 2383 ὁ
3267 2329 3512 2405 βασιλεὺς
3566 2331 3729 2404 μαστί-

2111 2419 2202 2490 ξας
2263 2419 2351 2471 καὶ
2413 2416 2486 2478 ὡς
2539 2415 2607 2484 ἦν
2655 2436 2984 2490 γυναικειαις
3041 2417 3324 2490 ἀτιμώσας
3379 2418 3588 2481 στολαῖς
3636 2420 3725 2473 ἀπὸ

2109 2506 2410 2580 προσώπου
2460 2508 2519 2578 [Ρ
2571 2507 2694 2577 159]
2744 2503 2934 2560 ἐποίει·
2972 2504 3070 2560 Καὶ
3126 2507 3350 2581 πέμψας
3394 2510 3484 2571 τὰς
3534 2509 3618 2581 μὲν
3647 2512 3726 2562 τοῦ

2109 2593 2341 2649 σουλτάν
2392 2593 2466 2656 είς
2512 2599 2741 2668 γυναῖκα
2797 2593 2886 2648 καὶ
2931 2595 3222 2670 θυγατέρα,
3277 2592 3355 2652 ἔτι
3415 2597 3470 2652 δὲ
3515 2599 3592 2652 καὶ
3627 2620 3722 2671 μη-

2103 2791 2313 2845 tinum.
2345 2790 2576 2845 Nullam
2622 2790 2714 2845 die
2743 2807 2964 2847 moram
2998 2793 3135 2848 fecit
3181 2796 3592 2865 promissorum
3618 2811 3646 2849 a
3672 2811 3720 2848 se

2099 2880 2273 2935 ﬁdem
2305 2880 2419 2935 Dea
2451 2884 2601 2935 teste
2631 2880 2934 2936 sanciendi
2956 2884 3261 2954 conceptis
3281 2885 3390 2940 rite
3407 2884 3716 2951 verbis,sub

2099 2968 2444 3024 auctoritate
2476 2985 2542 3024 ac
2565 2973 2711 3024 nutu
2742 2971 2998 3042 episcopi
3032 2973 3364 3043 praesentis.
3395 2974 3637 3038 Quicum
3657 2973 3716 3026 ad

2099 3074 2240 3113 suos
2273 3057 2565 3128 rediisset,
2588 3057 2784 3113 statim
2811 3059 2912 3131 qui
2937 3076 3130 3115 arcem
3152 3063 3438 3118 tenebant
3459 3061 3717 3118 sultanem

2098 3147 2452 3202 dimiserunt
2513 3163 2645 3202 cum
2696 3147 2821 3202 suis
2868 3149 3043 3203 rebus
3098 3152 3332 3206 cunctis
3365 3151 3721 3220 universaque

2088 3235 2280 3306 ipsius
2311 3235 2615 3292 comitatu.
2649 3235 2728 3291 Eo
2752 3243 2978 3308 recepto
3006 3239 3317 3295 confestim
3342 3240 3535 3296 hostes
3560 3254 3725 3294 reces-

2087 3328 2312 3393 serunt,
2338 3323 2484 3380 nihil
2508 3323 2765 3395 amplius
2789 3325 3142 3383 facessentes
3165 3328 3452 3385 molestis:
3475 3347 3488 3385 :
3513 3331 3716 3384 cautum

2086 3413 2243 3469 enim
2276 3413 2626 3472 sacramenti
2658 3414 2913 3469 formula
2945 3415 3160 3471 diserte
3195 3417 3389 3474 fuerat
3420 3422 3483 3473 ut
3511 3417 3712 3473 sultane

2084 3502 2230 3574 ipsis
2261 3504 2477 3560 tradito
2526 3503 2785 3559 contenti
2819 3502 2964 3558 nihil
2998 3504 3153 3560 ultra
3203 3508 3585 3578 requirerent.
3614 3505 3715 3561 Hoc

2085 3598 2294 3649 eventu
2311 3593 2585 3666 apparuit
2601 3592 3000 3649 ineluctabilis
3018 3593 3201 3649 divini
3223 3597 3439 3652 decreti
3459 3596 3714 3668 potentia,

2085 3683 2176 3738 cui
2204 3684 2427 3738 frustra
2457 3683 2741 3738 obsistere
2754 3687 3000 3738 conetur
3015 3683 3104 3739 vis
3127 3700 3194 3740 ac
3215 3685 3523 3756 prudentia
3553 3700 3716 3756 quan-

2082 3772 2255 3828 tavis.
2293 3771 2388 3828 Die
2437 3771 2727 3843 sequenti,
2780 3773 3040 3828 secunda
3089 3773 3161 3828 ab
3213 3791 3282 3830 ea
3334 3791 3449 3846 qua
3503 3773 3710 3829 deditus

2082 3859 2280 3914 sultan
2310 3863 2422 3927 est,
2457 3863 2743 3931 apparent
2769 3860 2828 3914 in
2862 3860 3008 3914 mari
3032 3861 3309 3918 triremes
3333 3861 3706 3935 imperatoris;

2080 3965 2329 4020 quarum
2349 3947 2600 4020 appulsu
2617 3948 2807 4004 vicina
2826 3952 3054 4004 tantum
3079 3952 3331 4022 nonjam
3353 3951 3704 4007 subeuntium

2080 4043 2313 4109 portum
2347 4039 2502 4094 240
2543 4054 2673 4092 sera
2706 4037 2986 4093 festinata:
3028 4038 3348 4096 deditionis
3390 4038 3706 4112 paenitentia

2077 4127 2486 4198 imperatorias
2517 4126 2752 4182 invasit.
2805 4127 2917 4182 Sed
2950 4143 3078 4198 quae
3119 4128 3277 4184 facta
3326 4135 3492 4186 erant
3521 4129 3709 4184 infecta

2074 4216 2198 4270 ﬁeri
2232 4216 2573 4288 nequibant.
2616 4220 2762 4271 Cum
2808 4232 2941 4286 ergo
2973 4215 3133 4272 aliud
3195 4234 3312 4274 non
3346 4223 3598 4290 possent,
3643 4231 3704 4270 ne

2071 4305 2494 4377 supellectilem
2525 4310 2583 4360 et
2614 4305 2922 4377 pecuniam
2955 4306 3330 4378 imperatoris
3353 4325 3384 4364 e
3410 4308 3584 4364 tantis
3600 4311 3702 4362 tam

2069 4411 2219 4466 agre
2251 4395 2534 4450 hactenus
2566 4394 2842 4466 periculis
2885 4400 3144 4451 servatas
3176 4396 3238 4451 in
3285 4397 3484 4468 aliqua
3530 4396 3704 4452 adhuc

308 4485 634 4540 resistendo
667 4485 1019 4540 contendere
1049 4489 1188 4541 sunt
1219 4488 1426 4542 coacti.
1451 4489 1748 4542 Certatum
1767 4487 1955 4542 utrin-
1987 4471 2034 4535 D
2067 4483 2408 4540 discrimine
2427 4483 2848 4556 relinquerent,
2883 4485 3087 4555 utique
3111 4487 3168 4540 in
3190 4486 3432 4558 regione
3450 4485 3699 4542 hostibus

306 4590 421 4645 que
452 4574 592 4629 totis
623 4573 872 4643 viribus,
906 4575 1097 4645 quoad
1142 4575 1270 4645 jam
1320 4576 1662 4631 fatiscentes
1713 4576 1962 4642 obsessi,

306 4668 363 4717 et
395 4664 660 4717 futurum
693 4661 848 4718 clare
882 4668 1188 4720 cernentes
1223 4669 1286 4720 ut
1315 4681 1449 4720 mox
1490 4665 1963 4736 opprimerentur

307 4751 658 4823 praevalente
691 4752 1094 4820 multitudine,
1129 4753 1363 4809 mittunt
1402 4755 1637 4810 tandem
1673 4754 1773 4826 qui
1794 4755 1961 4810 dedi-

305 4841 523 4895 tionem
553 4841 984 4912 pollicerentur,
1017 4858 1084 4897 ea
1110 4847 1306 4898 tamen
1334 4843 1689 4914 conditione,
1722 4845 1769 4900 si
1795 4845 1958 4916 prius

300 4930 358 4984 in
393 4935 562 5000 pacta
594 4934 878 4986 conventa
899 4931 1324 5002 jusjurandum
1358 4932 1617 4988 solemne
1641 4950 1742 5004 per
1771 4933 1954 4990 Deum

296 5024 350 5074 et
382 5018 578 5074 divina
608 5018 716 5074 rite
748 5019 819 5074 ab
852 5021 1336 5091 oppugnantibus
1367 5021 1621 5076 daretur.
1647 5023 1724 5077 Ea
1745 5021 1956 5094 legatio

300 5107 520 5162 directa
550 5109 620 5163 ad
653 5108 1100 5164 Constantinum
1135 5114 1246 5178 est,
1287 5110 1524 5181 quicum
1549 5112 1816 5166 securius
1839 5115 1958 5168 tra-

296 5195 444 5250 ctari
494 5213 665 5268 posse
712 5196 1058 5264 videbatur;
1128 5204 1275 5270 quo
1311 5198 1670 5255 assentiente
1720 5198 1954 5266 ablatis,

297 5285 472 5341 etiam
525 5287 597 5342 de
646 5286 872 5342 consilii
924 5291 982 5342 et
1029 5287 1247 5344 ducum
1308 5289 1594 5344 exercitus
1643 5287 1952 5357 sententia,

296 5375 596 5432 adhibitus
629 5377 699 5432 ad
741 5377 1068 5446 juramenti
1112 5376 1518 5432 caeremoniam
1565 5376 1676 5433 loci
1707 5376 1954 5432 antistes

293 5464 690 5534 pontificalem
715 5465 964 5520 indutus
988 5464 1223 5532 stolam,
1245 5481 1442 5520 sacras
1459 5465 1749 5538 imagines
1772 5482 1949 5521 manu

295 5557 555 5623 gestans,
590 5569 724 5607 cum
746 5569 850 5608 suo
870 5553 1142 5608 universo
1165 5554 1317 5610 clero
1337 5553 1552 5626 prodiit
1575 5555 1646 5610 ad
1671 5555 1950 5611 Constan-

2074 4573 2266 4644 iisque
2297 4573 2698 4645 rapacissimis
2729 4575 3114 4639 redundante,
3136 4577 3424 4633 ordinatis
3455 4575 3705 4644 utrinque

2074 4663 2130 4716 in
2166 4662 2362 4718 binam
2398 4662 2610 4718 seriem
2641 4664 2715 4718 ab
2741 4680 2870 4719 arce
2892 4663 2950 4718 in
2975 4669 3208 4735 portum
3235 4666 3524 4721 militibus
3540 4678 3709 4720 arma-

2070 4752 2146 4806 tis
2189 4751 2380 4822 regias
2429 4750 2562 4806 illas
2612 4767 2778 4824 gazas
2824 4753 3156 4809 eduxerunt
3194 4754 3703 4827 imposueruntque

2076 4841 2452 4909 triremibus;
2485 4844 2611 4896 tum
2640 4858 2816 4913 super
2844 4841 3025 4913 etipsi
3046 4846 3508 4900 conscendentes
3527 4840 3701 4898 solve-

2068 4939 2222 4986 runt.
2251 4931 2392 4986 Inde
2424 4929 2525 4986 ubi
2548 4929 2901 5002 appulerunt
2915 4932 3507 5004 Constantinopolim,
3522 4928 3700 5001 cogni-

2067 5021 2143 5076 tis
2185 5021 2506 5093 imperator
2545 5036 2672 5091 que
2725 5018 3097 5091 contigerant
3142 5022 3403 5077 immane
3435 5025 3701 5093 quantum

2067 5109 2402 5165 excanduit.
2432 5109 2512 5163 Ac
2541 5106 2862 5163 antistitem
2898 5108 3136 5178 quidem
3169 5109 3237 5164 ad
3265 5109 3523 5164 tribunal
3543 5104 3705 5163 eccle-

2066 5197 2373 5254 siasticum
2423 5213 2590 5253 reum
2642 5195 2815 5267 fecit;
2866 5214 3195 5269 parumque
3241 5198 3435 5254 abfuit
3486 5197 3622 5269 quin
3661 5193 3702 5247 is

2066 5289 2274 5344 acerbo
2326 5289 2616 5361 supplicio
2667 5287 2856 5344 lueret
2886 5289 3243 5346 functionem
3278 5288 3492 5360 recepti
3515 5286 3700 5359 jusju-

2065 5377 2252 5433 randi.
2291 5379 2650 5434 Domesticos
2676 5378 2913 5450 quidem
2949 5395 3090 5435 suos
3122 5380 3194 5434 ab
3225 5378 3354 5434 Eni
3386 5392 3515 5434 arce
3537 5374 3695 5432 redu-

2063 5483 2183 5533 ces,
2216 5466 2380 5538 prius
2411 5466 2760 5539 ﬂagellatos,
2807 5467 2946 5524 inde
2990 5467 3382 5524 muliebribus
3411 5467 3479 5522 ad
3511 5479 3697 5536 expro-

2064 5556 2390 5612 brationem
2419 5555 2661 5628 ignavis;
2683 5557 3104 5613 dehonestatos
3126 5555 3316 5624 stolis,
3343 5573 3377 5612 a
3398 5556 3694 5626 conspectu
