3920 6196
235 306 325 361 685
1286 309 1385 363 ΒΕ
1423 309 1783 364 MICHAELE

1286 309 1385 363 DE
1423 309 1794 364 MICHAELE
1833 306 2278 368 PALBOLOGO
2313 316 2448 370 LIB.
2489 323 2587 373 ΙῙῙ.

3519 333 3631 388 686

240 430 341 503 τὲρα
367 428 452 484 καὶ
484 427 728 507 ἀδελφὴν
778 429 1130 504 ταττομένας,
1161 430 1250 486 καὶ
1294 430 1424 494 τοὺς
1479 432 1687 488 ἐκείνου
1735 438 1862 487 παῖ·
1893 431 1950 498 Α
1980 436 2248 514 ἁπέλεγον
2314 444 2388 514 μὴ
2453 447 2631 513 ζητεῖν
2663 463 2676 514 ;
2708 447 2796 499 καὶ
2854 447 2906 502 τί
2952 470 3010 523 γε
3049 446 3191 504 ἄλλο
3223 451 3257 520 ἢ
3289 454 3346 508 σὲ
3396 457 3487 509 καὶ
3541 457 3634 518 τὰς

239 517 315 580 δας
340 519 428 573 σὺν
457 524 576 581 τοῖς
607 521 731 595 περὶ
761 519 998 585 ἐκείνευς
1036 519 1230 576 ἅπασιν
1284 522 1520 597 εἶρκταῖς
1573 523 1867 602 ἀσφαλέσιν

237 605 410 665 ἐδίδου,
462 612 623 663 Ὅσον
686 607 734 663 δ’
792 611 857 678 ἦν
913 610 1097 684 ἐκείνῳ
1158 611 1374 682 πλῆθος
1423 616 1753 688 χρημάτων
1815 613 1866 669 ἐν

236 699 436 774 ἀργύρῳ
493 720 553 754 τε
607 700 696 754 καὶ
752 705 944 776 χρυσῷ
999 701 1088 756 καὶ
1137 701 1369 764 πέπλοις
1399 702 1670 776 ἐξάλλοις,
1703 703 1780 759 ἔτι
1813 701 1872 760 δὲ

234 789 306 843 καὶ
357 787 586 851 στολαῖς
644 789 734 844 καὶ
796 791 1017 859 ζώναις,
1068 789 1216 846 ἀλλὰ
1269 791 1360 845 καὶ
1422 795 1723 868 μαργάροις
1779 793 1868 848 καὶ

234 877 409 950 λίθοις,
443 877 714 952 πάμπολυ
757 879 838 950 ὃν,
873 879 947 940 ὡς
983 879 1132 957 φασὶ,
1164 881 1254 934 καὶ
1305 881 1486 935 ἱκανὸν
1535 882 1614 944 εἶς
1657 885 1865 958 τρυφὴν

236 969 510 1040 Περσικὴν,
542 972 622 1040 τῷ
649 972 822 1040 κοινῷ
849 967 1084 1041 ταμιείῳ
1112 970 1566 1044 προσανατίθησι.

227 1078 310 1139 κζ’.
355 1076 568 1152 "Quae;
616 1072 908 1152 ὑπεδέξατο
1048 1079 1396 1152 πατριάρχης
1441 1077 1702 1152 Δἐλθ-όντα
1776 1079 1870 1135 τὸν

375 1147 634 1220 βασιλέα,
662 1147 752 1201 καὶ
789 1146 910 1220 μεθ’
941 1146 1070 1201 ὅσου
1099 1146 1456 1225 ἐλέγχξοῦκαὶ
1493 1150 1686 1220 ζήλου.

284 1238 339 1309 [Ρ
373 1239 499 1308 160]
557 1237 700 1298 Τέως
757 1233 835 1304 δὲ,
896 1235 1160 1312 πρότερον
1220 1237 1255 1306 ἢ
1303 1242 1472 1293 ταῦτα
1523 1239 1866 1314 γεγενῆσθαι,

232 1324 329 1379 ἐπεὶ
383 1325 620 1387 πολὺςὸ
672 1327 1024 1401 πατριάρχης
1077 1325 1311 1381 κωλύων
1360 1329 1427 1396 ἦν
1489 1329 1580 1384 τὸν
1643 1328 1870 1404 βασιλέα

230 1414 345 1468 κατὰ
397 1414 745 1487 Χριστιανῶν
800 1412 1168 1488 ἐκστρατεύειν
1230 1414 1305 1476 ὡς
1365 1414 1465 1470 οὐκ
1541 1413 1870 1486 εὐοδήσοντα

229 1503 428 1564 πάντως
465 1501 767 1580 ἐμφυλίους
796 1507 1051 1558 κινοῦντα
1099 1503 1407 1577 πολέμους,
1439 1504 1563 1559 τότε
1616 1506 1691 1578 μή
1735 1509 1871 1562 κατὰ

228 1588 410 1666 τρόπον
490 1592 775 1668 βασιλικὸν
838 1596 906 1666 τῇ
957 1594 1370 1650 Κωνσταντίνου
1437 1593 1867 1669 ἐπιδημήσαντι,

226 1685 294 1752 τῷ
346 1680 579 1755 μεγάλῳ
634 1686 738 1753 νεῷ
791 1681 1066 1736 ἐπιστάντι
1125 1681 1206 1759 ἐφ’
1245 1684 1290 1754 ᾧ
1347 1691 1719 1758 προσκυνῆσαι
1777 1685 1866 1739 καὶ

1979 526 2074 588 σάς
2107 524 2362 602 δυνάμεις
2423 531 2498 593 εἰς
2555 533 2742 607 μάχην
2801 540 2880 606 τῷ
2939 534 3176 610 δεσπότᾳ
3226 541 3464 616 Μιχαὴλ
3498 544 3631 599 ἰέναι

1975 616 2068 670 καὶ
2096 624 2214 680 τοῖς
2248 619 2454 674 ἐκείνου
2496 624 2930 695 στρατεύμασινς
2966 625 3072 702 οὐχ
3121 630 3235 700 ἅμα
3285 630 3348 682 σὺ
3411 631 3504 702 μὲν
3553 638 3633 704 τῷ

1978 711 2218 780 Χριστοῦ
2301 708 2673 782 ἐνεσημάνθης
2757 711 2986 786 ὀνόματι
3080 717 3330 782 κάκεῖνος
3418 719 3630 796 λάτρης

1977 797 2424 871 Χριστοῦςτίσιν
2476 802 2721 871 εὐκτέον,
2757 800 2942 880 ἔλεγον
2989 806 3132 877 τότε,
3186 813 3478 872 ποιοῦντας
3530 815 3628 877 τὰς

1977 885 2052 947 εἷς
2101 889 2228 942 Θεὸν
2279 889 2500 958 ἱκεσίας,
2529 891 2619 945 καὶ
2671 893 2806 946 κατὰ
2848 897 3009 948 τίνων
3046 895 3344 969 ὁμιλητέον
3373 905 3488 973 Θεῷ
3547 902 3623 963 ὡς

1976 973 2284 1067 ἐκσπόνδων
2334 978 2544 1053 ἐχθρῶν
2581 1001 2595 1050 ;
2629 983 2682 1034 αἱ
2731 982 2860 1058 ὑπὲρ
2919 983 3079 1056 ἡμῶν
3135 986 3294 1060 εὐχαὶ
3337 990 3426 1043 καὶ
3489 991 3620 1067 ὑπὲρ

1975 1062 2193 1119 ἐκείνων
2254 1069 2494 1140 πάντως,
2529 1067 2822 1146 ἐπειδήπερ
2876 1073 2964 1126 καὶ
3020 1081 3144 1145 μιᾶς
3208 1075 3448 1152 μάνδρας
3505 1062 3622 1133 ἐστέ

1974 1158 2070 1208 τοῦ
2123 1157 2380 1230 Χριστοῦ.
2415 1162 2518 1211 Νῦν
2567 1155 2644 1228 δὲ,
2679 1157 2806 1214 ἀλλ’
2852 1160 3152 1236 εὐλογητὸς
3214 1165 3407 1240 Κύριος
3449 1169 3477 1221 6
3528 1169 3623 1243 ῥυ-

1977 1243 2206 1315 σάμενός
2271 1267 2326 1299 σε
2377 1245 2426 1316 ἐξ
2479 1246 2693 1321 ἐχθρῶν
2766 1248 2998 1321 ἀνόμων.
3053 1253 3328 1309 Ἐπέσεισε
3377 1257 3480 1330 γάρ
3540 1280 3624 1313 σοι

1977 1335 2136 1408 σφέας
2168 1333 2244 1409 ἐφ’
2279 1335 2428 1409 ᾧπερ
2483 1337 2546 1408 [Ρ
2579 1339 2702 1409 161]
2758 1337 3059 1410 ἀναμνῆσαι
3122 1343 3194 1402 ὡς
3244 1341 3336 1407 οὓς
3397 1345 3491 1416 μὲν
3552 1347 3628 1408 ὡς

1977 1420 2208 1497 ἐχθροὺς
2260 1423 2490 1493 ἐζήτεις,
2543 1427 2645 1480 οὐκ
2701 1427 3018 1502 ἑχθραντέοι
3078 1429 3292 1493 πάντως
3379 1431 3627 1497 δικαίως.

1974 1513 2108 1586 Ὅρα
2140 1510 2197 1566 δὲ
2246 1512 2374 1574 τοὺς
2421 1512 2678 1589 ἐχθροὺς,
2713 1515 2762 1569 εἷ’
2815 1516 3028 1591 βούλει,
3066 1521 3146 1581 οἷς
3208 1522 3306 1575 οὐκ
3363 1520 3423 1576 ἂν
3457 1525 3627 1595 ὁμόσε

1978 1602 2276 1673 χωρήσεις,
2307 1603 2372 1670 ἣν
2412 1603 2487 1672 μὴ
2521 1601 2624 1676 ἐγὼ
2658 1602 2898 1676 θέλοιμι.
2933 1603 3140 1676 ’Ἑδειξε
3158 1610 3341 1663 τοίνυν
3374 1611 3463 1664 καὶ
3501 1611 3630 1676 τοὺς

1976 1688 2226 1764 ἐχθροὺς,
2277 1689 2368 1743 καὶ
2429 1685 2674 1764 φοϐήσας
2736 1691 2900 1763 μόνον
2959 1692 3280 1766 μεταϐαλὼν
3340 1698 3621 1773 ἐρρύσατο.

229 1766 511 1824 ἀποδοῦναι
569 1770 637 1824 τὰ
687 1777 788 1839 τῆς
865 1770 1219 1846 εὐχαριστίας
1289 1771 1469 1848 ῥύσια,
1513 1772 1790 1828 κατελθὼν
1841 1775 1868 1828 6
1898 1796 1946 1860 Β
1977 1777 2168 1842 Οὕτως
2200 1777 2309 1833 οἶδε
2339 1779 2541 1853 Κύριος
2569 1779 2807 1855 κρίματα
2857 1786 3051 1840 ποιῶν.
3088 1809 3115 1835 ››
3156 1788 3334 1841 Ταῦτα
3368 1766 3472 1841 ’τὀὖ
3521 1810 3627 1842 πα-

227 1859 566 1934 πατριάρχης
639 1857 883 1929 ὠνείδιζέ
949 1881 1007 1914 τε
1081 1859 1268 1931 αὐθὺς,
1325 1862 1728 1937 προσεπιτιθεῖς
1776 1864 1863 1918 καὶ

228 1948 309 2011 τὰς
358 1948 438 2010 εἷς
499 1949 627 2003 Θεὸν
701 1955 803 2018 τῆς
883 1949 1156 2023 σωτηρίας
1237 1950 1446 2006 ἐκείνου
1504 1952 1868 2027 εὐχαριστίας,

232 2037 326 2105 καὶ,
354 2061 375 2092 ι
408 2043 505 2110 Τῷ
560 2043 678 2111 Θεῷ
735 2040 922 2115 χάρις,
966 2063 994 2091 »
1040 2036 1216 2116 ἔλεγε,
1251 2065 1280 2093 ‹‹
1339 2041 1423 2096 ὅτι
1481 2041 1733 2112 σὲσωσαι,
1781 2042 1869 2097 καὶ

229 2129 396 2201 χερσὶν
435 2128 502 2184 οὐ
529 2127 890 2203 παραδέδοσαι
922 2134 1031 2184 τῶν
1057 2131 1155 2199 τήν
1189 2131 1288 2199 σὴν
1329 2133 1515 2206 ψυχὴν
1565 2132 1874 2203 ζητούντων

237 2216 466 2291 ἐχθρῶν.
501 2218 570 2274 Τί
622 2215 706 2273 δαὶ
757 2219 824 2272 τά
871 2218 1158 2292 παρ’ἐμοῦ
1207 2240 1289 2273 σοι
1337 2221 1460 2275 τότε
1506 2221 1803 2297 λεγόμενα;
1836 2222 1870 2291 ἢ

230 2305 281 2358 οὐ
337 2309 618 2380 μεμνησαι
671 2308 744 2369 ὡς
795 2309 892 2376 τήν
953 2307 1298 2382 ἐκστρατείαν
1383 2308 1624 2365 ἐκώλυον
1681 2311 1756 2373 ὡς
1807 2313 1871 2366 οὐ

228 2396 567 2452 συνοίσουσαν
619 2393 906 2469 ἄντικρυς
938 2395 999 2451 οὐ
1057 2397 1183 2458 τούς
1226 2395 1532 2475 ἐμφυλίους
1589 2399 1871 2473 πολέμους

230 2595 544 2668 imperator
586 2597 832 2653 removit
875 2613 1007 2664 suo,
1041 2597 1320 2669 palatinis
1346 2597 1556 2654 ofticiis
1588 2599 1864 2671 privatos.

225 2683 360 2740 Tum
377 2685 568 2740 missa
590 2684 841 2740 militum
864 2701 1042 2740 manu
1063 2683 1314 2740 sultanis
1335 2700 1569 2741 uxorem
1591 2690 1646 2740 et
1663 2686 1866 2757 tiliam,

227 2778 469 2829 matrem
505 2781 779 2844 praeterea
796 2777 854 2828 et
870 2790 1132 2829 sororem
1151 2773 1419 2845 filiosque
1433 2774 1698 2845 ejusdem
1727 2791 1862 2829 cum

227 2860 563 2918 domesticis
595 2866 650 2918 et
668 2868 880 2917 cuncto.
899 2862 1122 2917 familia
1142 2861 1409 2917 omnium
1425 2879 1628 2918 eorum
1646 2879 1864 2918 securae

230 2952 507 3006 custodiae
541 2951 860 3008 mandavit.
894 2952 1188 3015 Quantum
1224 2967 1395 3022 porro
1427 2950 1613 3007 eidem
1643 2951 1864 3008 sultani

225 3039 563 3097 divitiarum
607 3039 689 3096 ibi
724 3040 837 3096 fuit
863 3039 923 3095 in
955 3056 1095 3096 auro
1126 3045 1485 3112 argentoque
1507 3040 1736 3113 signato
1768 3046 1874 3097 aut

224 3128 360 3185 facto
390 3129 662 3200 velisque
684 3129 1038 3201 insignibus,
1062 3128 1230 3186 stolis
1262 3145 1328 3185 ac
1358 3129 1871 3201 zonis,unionibus

1975 1867 2244 1943 τριάρχου
2293 1867 2546 1942 λὲγοντος
2598 1868 2836 1941 εὐμενῶς
2895 1871 2922 1924 6
2980 1879 3191 1946 κρατῶν
3257 1873 3477 1950 ἐδέχετο
3532 1877 3626 1939 τὰς

1981 1956 2213 2032 ἐλέγξεις
2244 1957 2332 2012 καὶ
2365 1959 2694 2032 προσεπῂνει
2729 1977 2741 1988 ⁸
2771 1957 3067 2036 ἀντιλέγειν
3113 1965 3214 2038 γὰρ
3270 1965 3344 2024 ὡς
3395 1963 3625 2028 δικαίοις

1983 2044 2082 2100 οὐκ
2112 2045 2421 2121 εἶχεν,ἆλλ’
2453 2047 2650 2123 ἐπῆγεν
2710 2052 2783 2113 ὡς
2827 2049 2987 2119 δῆθεν
3041 2050 3492 2127 ἀπολογούμενος
3553 2056 3628 2116 ὡς

1983 2135 2072 2188 καὶ
2120 2133 2341 2210 εἰρήνην
2399 2135 2615 2209 μᾶλλον
2676 2140 2740 2193 τὰ
2785 2148 2886 2210 τῆς
2918 2142 3047 2195 ὁδοῦ
3104 2144 3508 2212 κατηντήκεσαν
3541 2143 3630 2198 καὶ

1983 2223 2056 2284 ὡς
2123 2223 2291 2293 κῆδος
2351 2223 2732 2298 μεσολαῧῆσαν
2791 2231 2886 2294 τὰς
2938 2229 3174 2293 εἰσαῦθις
3231 2229 3463 2295 σπονδάς
3510 2228 3634 2287 ἐϐε-

1983 2306 2235 2368 ϐαίωσεν.
2269 2315 2329 2370 Ὁ
2361 2316 2455 2385 μὲν
2488 2314 2577 2370 οὖν
2639 2318 2892 2393 βασιλεὺς
2945 2317 3116 2380 οὕτως
3167 2319 3333 2375 εἰπὼν
3390 2321 3469 2392 (οὐ
3527 2324 3630 2396 γὰρ

1983 2402 2011 2454 6
2068 2403 2258 2477 καιρὸς
2314 2401 2495 2459 ἐδίδου
2552 2408 2642 2461 καὶ
2699 2406 2932 2462 πλείονα
2993 2406 3188 2484 λέγειν)
3257 2411 3633 2488 ἀποπεμφθεὶς

1977 2599 2095 2655 dixi
2127 2605 2183 2657 et
2229 2603 2381 2658 serio
2415 2605 2752 2661 denuntiavi
2781 2606 2889 2661 tibi
2934 2623 3006 2662 ne
3054 2607 3207 2663 bella
3252 2608 3446 2663 civilia
3490 2627 3627 2664 sus-

1978 2690 2254 2762 ciperes?
2301 2691 2416 2747 Cur
2463 2711 2600 2766 ergo
2664 2701 2720 2750 te
2787 2700 3038 2767 tuasque
3095 2697 3293 2768 copias
3356 2698 3627 2753 Michaeli

1979 2779 2236 2852 despotaa
2267 2781 2661 2854 exercituique
2694 2785 2822 2854 ejus
2855 2784 2914 2839 in
2939 2785 3122 2840 aciem
3153 2802 3502 2857 progressus
3533 2787 3628 2841 ob-

1970 2868 2168 2938 jecisti
2189 2869 2216 2923 ‘I
2261 2888 2454 2927 nonne
2485 2876 2542 2927 et
2572 2878 2630 2927 tu
2665 2873 2901 2928 nomine
2931 2873 3144 2928 Christi
3179 2875 3447 2945 signatus
3477 2891 3539 2930 es
3569 2881 3628 2929 et

1979 2956 2078 3012 ille
2104 2957 2400 3015 Christum
2433 2961 2717 3032 agnoscit.
2753 2961 3103 3017 Dominum?
3133 2963 3294 3016 Inter
3324 2961 3488 3028 tales,
3509 2961 3628 3017 aie-

1981 3044 2141 3115 bam,
2167 3046 2363 3117 praelia
2395 3048 2708 3104 commisso
2741 3066 2845 3121 pro
2877 3050 3092 3120 quibus
3117 3050 3450 3106 arabimus?
3470 3050 3630 3106 Utris

1981 3134 2310 3206 victoriam,
2370 3137 2522 3192 utris
2577 3136 2802 3192 cladem
2861 3137 3178 3209 impetrare
3222 3139 3630 3196 conabimura

224 3218 363 3314 quin
387 3218 574 3275 etiam
595 3218 814 3314 etvarii
833 3219 1068 3314 generis
1089 3217 1369 3314 eaquisiti
1396 3220 1568 3314 pretii
1590 3221 1864 3314 gemmis,
1902 3246 1946 3314 α
1987 3225 2138 3314 Deo,
2198 3224 2338 3280 dum
2393 3225 2576 3281 sacris
2634 3225 3005 3298 operemur?
3055 3226 3305 3282 Neutros
3363 3226 3623 3282 hostium

226 3309 365 3376 quod
418 3325 499 3364 ex
548 3324 660 3363 usu
712 3307 956 3363 luxuriae
990 3308 1232 3364 Persicae
1266 3307 1591 3380 plurimum
1623 3308 1864 3366 omnino

223 3395 389 3452 fuisse
441 3397 638 3465 aiunt,
682 3400 871 3453 totum
921 3396 1167 3452 corrasit
1215 3402 1273 3453 et
1303 3395 1362 3452 in
1394 3397 1628 3468 publico
1659 3399 1864 3455 aerario

223 3483 518 3557 deposuit.

216 3649 299 3704 26.
327 3651 386 3706 Ut
410 3649 701 3719 exceperit
739 3647 1061 3722 patriarcha
1091 3647 1410 3704 redeuntem
1458 3651 1862 3722 imperatorem,

537 3737 708 3792 quam
735 3722 858 3776 acri
883 3721 1280 3792 reprhensione
1309 3737 1374 3776 ac
1403 3722 1540 3778 zelo.

282 3850 428 3906 241
491 3847 782 3904 Caeterum
833 3849 1182 3921 priusquam
1227 3849 1350 3904 hac
1393 3849 1620 3918 fierent,
1655 3866 1862 3921 oppor-

217 3941 349 3993 tune
371 3939 750 3995 occasionem
775 3937 1104 4010 arripuerat
1123 3938 1494 4010 imperatoris
1513 3938 1864 4010 objurgandi

213 4026 808 4097 patriarcha.Multus
838 4027 890 4083 is
921 4027 1145 4082 dudum
1183 4028 1374 4082 fuerat
1407 4028 1465 4082 in
1499 4027 1866 4083 dehortando

217 4115 582 4188 imperatore
614 4116 688 4171 ab
719 4116 1191 4188 expeditionibus
1211 4117 1488 4172 adversus
1507 4116 1868 4172 Christianos

214 4205 639 4278 suscipiendis,
674 4222 789 4260 non
812 4222 1193 4261 successuras
1225 4204 1472 4260 feliciter
1500 4222 1599 4261 eas
1631 4205 1741 4276 ipsi
1775 4205 1870 4261 de-

216 4295 546 4351 nuntians:
600 4310 792 4366 neque
821 4294 979 4349 enim
1012 4293 1170 4349 civili
1203 4299 1405 4350 contra
1437 4295 1704 4364 ejusdem
1735 4293 1868 4350 reli-

211 4383 403 4453 gionis
462 4384 829 4455 professores
892 4383 1044 4438 bello
1105 4387 1285 4438 Deum
1346 4383 1674 4454 adjutorem
1727 4383 1866 4438 fore.

213 4471 385 4527 Talia
418 4473 647 4528 frustra
677 4488 832 4543 saepe
863 4488 896 4526 a
927 4488 990 4526 se
1019 4472 1308 4527 monitum
1334 4471 1720 4541 videnstunc;
1754 4489 1869 4527 non

215 4563 278 4614 ut
328 4561 695 4633 imperatore
749 4560 990 4631 dignum
1036 4561 1248 4631 fuerat,
1293 4562 1393 4616 sed
1427 4561 1702 4616 indecora
1734 4563 1870 4631 fuga

1984 3313 2197 3369 habere
2248 3329 2493 3369 numero
2536 3329 2877 3386 possumus,
2910 3314 3179 3386 utrisque
3208 3315 3434 3370 astricti
3463 3331 3628 3371 com-

1977 3402 2144 3459 muni
2175 3403 2387 3458 fmdere
2417 3402 2744 3474 religionis.
2777 3404 2935 3469 Quas
2967 3421 3068 3476 pro
3097 3404 3265 3459 vobis
3298 3419 3501 3475 preces
3531 3404 3624 3460 of-

1975 3493 2242 3560 ferimus,
2276 3492 2493 3548 eacdem
2528 3509 2630 3562 pro
2656 3491 2776 3547 illis
2801 3493 3017 3562 valent,
3043 3493 3522 3570 quandoquidem
3548 3495 3620 3548 ad

1976 3599 2161 3637 unum
2194 3598 2357 3654 aeque
2389 3581 2562 3636 ambo
2595 3581 2903 3652 pertinetis
2926 3582 3075 3638 ovile
3105 3582 3360 3653 pastoris
3381 3582 3616 3637 Christi.

1977 3671 2142 3730 Nunc
2173 3680 2368 3727 autem
2418 3670 2764 3726 benedictus
2800 3670 3099 3736 Dominus,
3133 3671 3228 3740 qui
3263 3669 3529 3726 liberavit
3558 3677 3614 3726 te

1973 3760 2046 3815 ab
2078 3759 2349 3814 hostibus
2376 3777 2410 3814 a
2440 3759 2566 3831 lege
2598 3759 2810 3815 Christi
2839 3759 3068 3826 alienis,
3102 3775 3248 3828 quos
3275 3759 3522 3814 immisit
3552 3760 3610 3814 in

1975 3851 2032 3904 te
2065 3853 2128 3903 ut
2149 3849 2300 3904 242
2334 3849 2674 3903 admoneret
2705 3865 2819 3902 non
2844 3849 3004 3917 juste
3034 3864 3065 3900 a
3097 3856 3150 3901 te
3198 3846 3329 3901 illos
3381 3847 3615 3902 hostili-

1975 3941 2066 3992 ter
2096 3937 2295 4007 impeti
2330 3954 2470 4007 quos
2503 3937 2701 3992 hostes
2730 3937 2836 3991 tibi
2870 3935 3149 4006 quaesisti,
3181 3935 3479 3991 exhiberet
3508 3953 3617 3991 au-

1975 4028 2094 4082 t'em
2155 4032 2212 4080 et
2263 4025 2383 4080 tuis
2442 4026 2720 4096 objiceret
2780 4025 2966 4080 oculis
3000 4041 3165 4079 veros
3198 4025 3415 4091 hostes,
3447 4025 3617 4096 quasi

1976 4115 2229 4170 diceret:
2282 4115 2361 4168 En
2409 4114 2467 4168 in
2515 4131 2661 4185 quos
2706 4114 2792 4169 fas
2835 4114 3116 4185 piumque
3147 4114 3242 4180 sit,
3278 4113 3326 4170 si
3359 4129 3620 4186 pugnare

1978 4203 2383 4269 libet,omnem
2409 4201 2542 4256 belli
2577 4203 2695 4258 vim
2729 4203 3050 4272 effundere;
3073 4219 3221 4274 quos
3245 4204 3405 4274 ipsos
3425 4208 3621 4258 tamen

1978 4294 2196 4347 frustra
2243 4285 2534 4346 dbbellare
2589 4290 2785 4361 proelio
2831 4291 3070 4345 adortus
3121 4292 3448 4361 conaberis,
3504 4291 3622 4346 nisi

1977 4398 2084 4453 ego
2141 4380 2345 4436 volens
2398 4384 2454 4435 et
2481 4378 2770 4450 propitius
2826 4379 3085 4435 adiuero.
3142 4380 3414 4435 Ostendit
3445 4380 3623 4453 igitur

1977 4470 2084 4524 tibi
2119 4469 2338 4537 hostes,
2373 4473 2430 4523 et
2460 4467 2739 4523 terruisse
2772 4471 3082 4522 contentus
3113 4485 3312 4523 eorum
3348 4487 3380 4524 a
3408 4473 3463 4524 te
3506 4470 3620 4523 vim

1979 4558 2227 4625 arcuit,e
2261 4556 2538 4628 periculis
2571 4555 2920 4611 insidiarum
2955 4557 3014 4610 in
3040 4560 3232 4611 tutum
3263 4558 3617 4614 incolumem

223 4610 275 4614 ν-
330 4610 692 4633 ,ητμνην
755 4610 990 4631 _-o__-_
1038 4610 1248 4631 __-__-,
1293 4610 1393 4616 η-
1427 4610 1702 4616 ______-_
1734 4610 1870 4631 ην
2263 4610 2348 4628 τ--
2521 4610 2533 4612 ι
2647 4610 2653 4611 ,
2703 4610 2706 4611 ν

217 4649 309 4704 vix
339 4650 578 4706 salvum
605 4665 736 4706 sese
768 4649 1145 4721 recipientem
1170 4648 1867 4720 Constantinopolim,ubi
1898 4610 1948 4674 υ
1978 4646 2643 4717 transferens.Sicagere
2657 4645 3627 4715 novitDominusiudicial‘aciens.»

210 4739 480 4807 primum
512 4739 564 4794 is
595 4758 628 4794 a
652 4737 842 4794 reditu
869 4754 1149 4811 magnum
1185 4737 1241 4792 in
1271 4737 1556 4809 templum
1582 4755 1642 4793 se
1664 4743 1870 4794 contu-

207 4825 275 4882 lit
324 4827 432 4884 Dei
480 4827 768 4883 adorandi
796 4831 854 4882 et
887 4843 989 4898 pro
1020 4827 1230 4882 evitato
1263 4843 1498 4882 summo
1531 4826 1872 4882 discrimine

208 4916 436 4986 gratias
471 4916 682 4988 agendi
715 4932 916 4983 causa,
948 4915 1218 4971 cominus
1247 4915 1531 4971 accedens
1552 4915 1876 4987 increpavit

208 5004 408 5076 palam
439 5004 635 5061 verbis
671 5005 827 5060 haud
862 5004 1169 5074 mollibus,
1204 5004 1262 5060 id
1299 5009 1529 5060 tantum
1568 5003 1874 5060 intermis-

207 5108 350 5149 cens
372 5093 774 5163 delinimenti,
796 5097 860 5148 ut
888 5093 1172 5166 gratulari
1195 5111 1257 5149 se
1279 5093 1459 5149 simul
1482 5094 1591 5165 ipsi
1620 5093 1871 5149 salutem

205 5180 523 5254 insperato
556 5186 876 5252 servatam,
908 5183 1229 5240 reddendis
1261 5187 1370 5238 Deo
1397 5199 1500 5254 pro
1548 5199 1618 5238 ea
1646 5181 1874 5254 gratiis,

204 5271 624 5342 significaret:
689 5294 717 5321 ι(
752 5275 869 5328 Deo
923 5271 1167 5344 gratias,
1200 5293 1230 5320 ››
1289 5271 1586 5342 inquiens,
1648 5293 1675 5320 «
1712 5271 1874 5341 quod

203 5361 414 5417 salvus
480 5361 735 5426 evasisti,
799 5364 857 5416 et
896 5375 1012 5416 non
1046 5376 1106 5416 es
1136 5360 1395 5416 traditus
1444 5359 1722 5416 manibus
1770 5360 1874 5414 ho-

200 5452 392 5506 stium
440 5450 839 5522 quaerentium
867 5449 1125 5506 animam
1156 5455 1346 5506 tuam.
1401 5449 1624 5520 Ecquid
1674 5453 1871 5504 autem

197 5554 416 5596 eorum
457 5538 780 5595 meministi
813 5556 942 5612 quas
971 5555 1124 5612 saepe
1155 5539 1310 5612 apud
1342 5543 1398 5592 te
1433 5538 1875 5609 egi,expeditio-

197 5645 307 5686 nes
338 5627 702 5686 istiusmodi
733 5627 1090 5685 dissuadens
1122 5633 1186 5684 ut
1216 5643 1461 5700 prorsus
1493 5627 1729 5683 noxias?
1751 5627 1876 5682 Non

1981 4737 2111 4792 Haec
2141 4736 2476 4807 loquentem
2509 4733 2902 4806 patriarcham
2935 4734 3163 4806 placide
3193 4736 3416 4791 audivit
3446 4737 3631 4808 impe-

1981 4830 2159 4890 rator,
2221 4823 2782 4896 reprehensionique
2830 4824 3126 4896 acquievit
3157 4826 3427 4894 obnoxie,
3474 4825 3628 4882 ultro

1984 4914 2376 4985 comprobans
2433 4917 2492 4969 et
2548 4915 2836 4970 meruisse
2899 4914 3228 4969 confitens:
3290 4915 3430 4987 quid
3471 4915 3626 4970 enim

1988 5007 2192 5058 contra
2217 5007 2536 5074 opponeret
2562 5002 2716 5058 veris
2744 5008 2801 5058 et
2833 5003 3026 5076 palam
3056 5003 3261 5073 justis,
3297 5021 3412 5060 non
3442 5003 3630 5058 habe—

1984 5090 2259 5147 bat.lllud
2295 5095 2527 5146 tantum
2560 5093 2629 5147 ad
2667 5094 2984 5162 quamdam
3018 5094 3453 5148 excusationem
3488 5093 3629 5146 sub-

1979 5181 2144 5252 jecit:
2179 5203 2206 5230 «
2240 5179 2417 5251 Atqui
2450 5181 2521 5235 ad
2555 5197 2780 5251 pacem,
2813 5201 2838 5232 η
2869 5181 3168 5254 inquiens,
3213 5204 3242 5233 tt
3275 5198 3408 5237 cum
3464 5180 3629 5234 Chri-

1987 5269 2200 5326 stianis
2268 5269 2648 5325 sanciendam
2722 5271 2836 5326 ista
2909 5288 3024 5342 qua
3091 5288 3218 5326 sum
3274 5269 3631 5341 periclitatus

1987 5359 2083 5413 via
2139 5357 2573 5430 properabam:
2635 5358 2752 5414 huc
2810 5360 2967 5416 enim
3037 5360 3264 5415 ferebar
3320 5362 3384 5412 ut
3442 5355 3631 5409 fmdus

1979 5448 2105 5518 jam
2163 5447 2343 5502 ictum
2405 5464 2537 5502 cum
2593 5447 2745 5514 illis,
2806 5465 2952 5519 quos
3005 5465 3099 5504 me
3157 5448 3367 5502 habere
3427 5445 3626 5498 hostes

1985 5540 2166 5604 vetas,
2202 5537 2377 5592 ctiam
2413 5536 2716 5591 affinitatis
2751 5537 3179 5592 necessitudine
3212 5534 3630 5603 astringerem,

1988 5627 2268 5682 ﬁrmitate
2317 5627 2375 5679 in
2419 5631 2718 5696 posterum
2747 5626 2996 5680 certiori.
3028 5647 3055 5673 ››
3086 5625 3339 5680 Tantum
3372 5625 3627 5692 impera-
