3920 6196
341 317 448 372 687

1636 309 1938 364 GEORGII
1977 308 2439 365 PACHYMERE

3578 315 3662 372 688

344 443 467 499 ταῖς
500 434 689 510 εὐχαῖς
717 431 919 505 ἐχώρει
951 430 1085 503 πρὸς
1107 428 1170 484 τὸ
1200 425 1487 497 παλάτιον,
1517 430 1585 482 τά
1613 425 1670 482 δὲ
1717 429 1841 500 περὶ
1896 431 1994 482 τοῦ
2024 437 2075 506 Α
2110 431 2335 504 χήρωτο
2392 432 2644 505 γυναικὸς
2699 434 2756 504 (ἡ
2805 434 2905 507 γὰρ
2992 431 3221 509 θυγάτηρ
3300 439 3387 489 τοῦ
3448 436 3670 511 βασιλέως

343 528 549 598 κήδους
581 526 752 586 οὕτως
779 523 931 590 ἦσαν.

345 741 440 809 κζ’.
474 735 656 808 Κῆδος
707 736 795 792 ἐπί
845 759 904 792 τε
950 741 1020 811 τῇ
1079 736 1303 862 θυγατρὶ
1351 742 1454 804 τῆς
1514 733 1783 810 Εὐλογίας
1828 739 1994 807 ’Ἂννῃ

414 812 502 862 καὶ
566 809 865 862 Νικηωόοω
924 807 1157 862 δεσπότῃ
1213 813 1318 862 υῶ
1375 811 1476 862 τοῦ
1562 805 1826 862 δεσπότου
1885 808 1991 862 Μι-

414 805 865 937 καὶΙᾲΝικηφόρῳ
924 805 1169 884 δεσπότη
1213 805 1318 880 υίῷ
1375 811 1476 864 τοῦ
1562 805 1826 862 δεσπότου
1885 805 1991 862 Mt-

415 903 528 959 χαη
579 927 592 940 .

517 925 592 954 δ...

419 1060 646 1130 Ἐπειδὴ
694 1063 791 1137 γὰρ
843 1057 1116 1120 πολλάκις
1171 1055 1494 1118 ἀποστείλας
1529 1057 1555 1110 6
1600 1053 1857 1132 βασιλεὺς
1905 1057 1992 1111 καὶ

344 1151 439 1214 τὰς
471 1149 726 1223 δυνάμεις
758 1144 1087 1223 προσϐαλὼν
1119 1146 1448 1221 ἀπεκρούετο
1476 1145 1705 1222 (ἐχρῆτο
1758 1145 1858 1221 γὰρ
1908 1143 1996 1198 καὶ

349 1238 635 1314 ὸΜιχαὴλ
691 1242 768 1306 τῷ
804 1235 1058 1308 ’ίταλικῴ
1117 1235 1194 1298 εἷς
1257 1236 1531 1310 βοήθειαν,
1578 1234 1667 1288 καὶ
1723 1238 1998 1308 καρτερῶς

346 1330 749 1402 κρατυνάμενος
817 1327 912 1386 τὰς
995 1322 1251 1399 δυνάμεις
1312 1324 1550 1398 ἀντεῖχε,
1607 1321 1696 1377 καὶ
1755 1319 1908 1377 οὐδὲν
1969 1323 1996 1376 ὁ

350 1417 514 1471 ἐπιὼν
574 1414 757 1486 ἤνυεν,
813 1413 1027 1487 μᾶλλον
1091 1414 1182 1486 μὲν
1245 1413 1336 1467 οὗν
1410 1414 1500 1466 καὶ
1557 1415 1999 1487 προσεξημιοῦτο

348 1511 467 1566 ταῖς
529 1503 580 1558 ἐν
640 1509 817 1567 κενοῖς
858 1501 1193 1578 ἀσχολίαις),
1229 1501 1391 1574 μόλις
1431 1500 1565 1556 κατά
1621 1502 1717 1570 τὴν
1780 1499 1996 1568 πολλὴν

349 1599 565 1667 πεῖραν,
623 1594 991 1654 ἱκετεύσαντος
1062 1595 1158 1645 τοῦ
1220 1588 1485 1645 δεσπότου
1541 1589 1631 1644 καὶ
1686 1585 1999 1663 πρεσϐείαις

351 1687 577 1757 συχναῖς
638 1679 1089 1754 ἐκμειλιξαμένου
1146 1681 1236 1735 τὸν
1287 1677 1680 1752 αὐτοκράτορα,
1731 1678 1869 1754 πρὸς
1925 1677 2000 1732 εἴ-

355 1775 521 1846 ρήνην
553 1771 644 1824 καὶ
677 1771 832 1832 οὗτος
860 1768 1136 1826 ἀπέκλινε.
1171 1769 1268 1823 Καὶ
1321 1767 1436 1824 ἐπεὶ
1493 1765 1682 1828 παῖδες
1730 1768 1865 1836 ἦσαν
1923 1771 2002 1839 τῷ

355 1859 585 1935 Μιχαὴλ
638 1864 782 1935 τρεῖς
842 1860 936 1932 μὶν
994 1859 1329 1935 γνήσιοι,ὧν
1391 1859 1419 1912 6
1471 1858 1566 1931 μὶν
1593 1855 1848 1926 Ἰωάννης
1905 1855 2001 1910 ἀνά

352 1958 543 2026 χεῖρας
585 1949 650 2018 ἦν
705 1949 800 2002 τοῦ
845 1952 1196 2024 κρατοῦντος,
1226 1947 1493 2024 πεμφθεὶς
1559 1947 1653 2019 μὲν
1706 1946 1840 2020 πρὸς
1896 1967 2001 1999 πα-

353 2040 501 2115 τρὸς,
538 2036 714 2101 δοθεὶς
745 2034 801 2091 δὲ
831 2038 920 2091 καὶ
960 2038 1106 2113 παρά
1155 2037 1362 2112 μητρὸς
1415 2035 1662 2106 ἡκούσης
1724 2033 1800 2096 εἷς
1861 2033 2004 2106 δμη-

355 2149 468 2203 ρον,
511 2129 569 2181 ὃν
624 2127 712 2181 καὶ
762 2122 1010 2203 γαμϐρὸν
1060 2131 1158 2181 τοῦ
1209 2121 1670 2201 σεϐαστοράτορος
1715 2123 2005 2197 Τορνικίου

354 2220 382 2272 6
415 2216 581 2291 λόγος
609 2213 1025 2291 προϋπεδείκνυ,
1068 2213 1164 2270 δύο
1197 2213 1252 2270 δὲ
1296 2215 1442 2290 παρά
1485 2218 1562 2286 τῷ
1611 2215 1798 2287 πατρὶ,
1833 2220 2004 2284 Νικη-

352 2307 518 2384 φόρος
576 2325 634 2358 τε
693 2303 785 2358 καὶ
860 2306 1205 2380 Δημήτριος,
1252 2301 1438 2380 ἕτερος
1494 2300 1541 2356 δ’
1601 2302 1660 2357 ἐκ
1711 2301 1918 2362 νοθείας
1977 2301 2005 2356 ὁ

352 2396 624 2465 Ἰωάννης,
658 2391 749 2447 καί
795 2394 822 2447 6
859 2394 952 2466 μὲν
987 2397 1304 2470 Δημήτριος
1352 2393 1601 2456 ἀντίπαις
1656 2393 1722 2461 ἦν
1777 2388 1854 2446 ἔτι
1915 2390 2004 2446 καὶ

359 2485 410 2540 ἐν
442 2481 831 2559 ἀπραγμοσύνῃ
869 2486 971 2550 ζῶν
1006 2481 1260 2552 διετέλει,
1291 2484 1318 2538 6
1351 2480 1408 2538 δέ
1437 2503 1501 2550 γε
1552 2479 1870 2556 Νικηφόρος
1911 2501 2005 2534 κε-

353 2698 446 2750 tor
475 2691 708 2748 locutus
741 2693 883 2759 (non
913 2685 1071 2743 enim
1103 2689 1336 2756 tempus
1368 2683 1425 2737 id
1459 2685 1582 2738 erat
1613 2681 1785 2753 plura
1815 2680 2002 2736 disse-

356 2781 550 2853 rendi)
601 2777 846 2836 recessit
901 2776 960 2832 in
996 2773 1308 2849 palatium,
1341 2773 1488 2827 bene
1520 2774 1791 2843 precante
1820 2768 1880 2824 in
1912 2767 2004 2824 di—

356 2887 562 2945 gressu
598 2863 1233 2943 patriarcha.Afﬁnitas
1259 2878 1430 2936 porro
1462 2861 1633 2931 cujus
1649 2859 1820 2916 modo
1855 2859 2007 2915 facta

360 2971 448 3019 est
480 2959 723 3032 mentio,
759 2959 843 3015 sic
875 2972 937 3014 se
967 2954 1197 3010 habuit.

361 3187 453 3243 27.
487 3185 748 3258 Afﬁnitas
777 3185 921 3238 inter
950 3182 1337 3258 imperatorem
1369 3177 1733 3258 ct‘despotant
1776 3172 2014 3258 Michael:

437 3246 567 3314 lem"
589 3263 888 3320 contracta,
937 3246 1096 3308 Anim
1128 3249 1381 3318 Eulogiae
1404 3246 1753 3317 ﬁlia'sorori:
1783 3246 2019 3320 Augusti

436 3331 736 3400 Nicephcro
775 3319 1009 3396 despolae
1063 3320 1344 3378 Michaelis
1372 3321 1490 3390 ﬁlio
1523 3321 1582 3375 in
1603 3334 1834 3375 uxorem
1859 3319 2011 3372 data.

439 3501 587 3552 Cum
632 3510 782 3565 saepe
839 3492 1159 3563 imperator
1215 3489 1300 3545 vel
1361 3487 1612 3544 aliorum
1661 3487 1746 3542 vel
1783 3485 2018 3559 proprio

379 3589 559 3641 ductu
593 3581 880 3638 immissis
913 3581 972 3635 in
1004 3583 1257 3634 tractum
1286 3576 1610 3632 Occiduum
1642 3574 1849 3647 copiis,
1870 3573 2018 3630 illic-

377 3692 494 3748 que
543 3689 678 3729 cum
725 3670 997 3726 hostibus
1057 3683 1433 3738 congressus,
1467 3681 1696 3736 semper
1752 3664 2022 3736 repulsus

381 3768 558 3828 esset,
602 3765 912 3835 propterea
943 3757 1099 3830 quod
1126 3757 1207 3812 ibi
1240 3755 1553 3812 dominans
1582 3752 1826 3809 Michael
1858 3752 2020 3809 auxi-

378 3854 476 3910 liis
525 3851 744 3909 Italicis
795 3850 1072 3906 utebatur
1101 3850 1154 3902 et
1186 3845 1395 3902 horum
1426 3843 1482 3899 vi
1517 3843 1896 3900 conﬁrmatus
1927 3859 2020 3898 re-

374 3944 623 4001 sistebat
653 3938 1195 4005 validissime,adeo
1223 3953 1336 3991 non
1361 3933 1800 4006 proﬁcientibus
1821 3937 2023 3988 contra

371 4033 696 4106 quidquam
725 4028 1004 4086 Romanis
1039 4025 1294 4082 utetiam
1314 4023 1464 4080 male
1484 4021 1716 4079 multati
1751 4022 2010 4094 plerum-

372 4141 486 4196 que
536 4121 813 4186 redirent,
862 4117 1037 4189 longa
1067 4114 1429 4188 experientia
1465 4111 1686 4168 militia:
1721 4112 2021 4167 damnosa:

370 4214 611 4268 tandem
647 4223 968 4281 persuasus
999 4205 1182 4260 otium
1215 4203 1296 4260 ibi
1328 4208 1384 4260 et
1416 4218 1652 4275 operam
1708 4201 1767 4256 in
1801 4199 2022 4257 nullius

371 4299 580 4371 frugis,
619 4296 842 4353 nullius
878 4293 1001 4366 spei
1035 4293 1267 4366 negotio
1293 4291 1447 4348 male
1473 4290 1769 4360 consumi,
1792 4288 2026 4345 induxit

376 4390 437 4444 in
457 4387 717 4442 animum
740 4401 856 4440 non
881 4383 1007 4454 jam
1029 4382 1331 4454 aspernari
1357 4379 1614 4452 amplius
1637 4380 1873 4434 crebras
1893 4379 2023 4434 des-

377 4482 522 4550 potaa
575 4490 796 4546 preces,
849 4489 954 4528 nec
1006 4488 1090 4541 se,
1145 4474 1211 4526 ut
1258 4469 1566 4538 hactenus,
1601 4465 2024 4523 inexorabilem

374 4567 630 4640 prmbere
644 4559 1044 4619 delinimentis
1057 4560 1325 4632 ejusdem
1341 4564 1397 4616 et
1413 4556 2024 4630 supplicibusofﬁciis,

377 4658 477 4714 sed
511 4655 582 4711 ad
620 4667 825 4724 pacem
857 4667 992 4706 cum
1023 4650 1153 4722 ipso
1180 4647 1485 4706 inclinare.
1515 4645 1802 4714 Quoniam
1825 4650 2021 4701 autem

374 4746 528 4803 243
575 4739 874 4798 Michaelis
932 4743 1100 4797 erant
1157 4739 1415 4811 despotaa
1466 4736 1571 4792 lilii
1603 4740 1720 4792 tres
1751 4734 2020 4808 legitimi,

379 4849 630 4908 quorum
669 4835 928 4886 Joannes
975 4826 1213 4900 quidem
1246 4827 1308 4884 in
1331 4827 1606 4883 manibus
1637 4843 1704 4882 ac
1735 4828 2020 4898 potestate

379 4919 754 4996 imperatoris
808 4922 954 4985 erat,
984 4916 1205 4973 missus
1231 4917 1465 4988 quidem
1500 4932 1533 4972 a
1553 4918 1736 4986 patre,
1768 4913 2020 4969 traditus

378 5019 573 5071 autem
607 5010 664 5064 in
693 5006 956 5065 obsidem
987 5023 1021 5062 a
1051 5010 1238 5062 matre
1269 5009 1572 5078 praesente,
1598 5006 1668 5059 ad
1703 5003 2020 5060 concilian-

383 5107 518 5160 dam
569 5097 1013 5156 conventionem
1061 5094 1214 5151 ultro
1261 5093 1829 5165 Constantinopolim
1888 5108 2020 5163 prc-

375 5195 548 5262 fecta,
607 5204 778 5262 quem
829 5190 886 5241 et
913 5200 1196 5257 generum
1258 5184 1478 5240 factum
1538 5180 2021 5238 sebastocratoris

374 5279 630 5341 Tornicii
671 5275 946 5348 superius
997 5273 1330 5340 docuimus;
1365 5273 1480 5327 duo
1503 5275 1699 5327 autem
1731 5269 2023 5340 degebant

379 5373 533 5448 apud
568 5373 820 5444 patrem,
848 5362 1213 5435 Nicephorus
1239 5366 1296 5417 et
1316 5359 1667 5428 Demetrius,
1697 5376 1828 5414 cum
1853 5358 2022 5414 tertio
2065 5370 2070 5376 ‘

376 5447 446 5521 ea
501 5459 708 5535 pellice
767 5454 960 5528 genito
1019 5451 1284 5522 Joanne;
1333 5468 1398 5508 ac
1422 5449 1752 5507 Demetrius
1783 5447 2021 5520 quidem

382 5553 641 5624 primum
676 5551 818 5603 tunc
849 5542 1176 5618 pubescens
1207 5540 1564 5597 immaturus
1596 5537 1844 5609 negotiis
1876 5535 2022 5592 nihil

380 5642 497 5699 nisi
529 5635 857 5712 puerilibus
883 5630 1332 5690 remissionibus
1353 5629 1618 5687 vacabat.
1659 5625 2023 5701 Nicephorus

2032 1825 2080 1889 B

2097 521 2163 591 [Ρ
2216 521 2338 591 162]
2389 521 2627 594 Αάσκαρι
2688 519 3008 593 ἐτεθνήκει),
3066 521 3237 594 τούτῳ
3291 521 3555 598 ἐγνώκεσαν
3602 527 3676 580 καὶ

2100 607 2434 686 ἀμφότεροις
2465 611 2565 678 τὴν
2598 609 2788 685 τρίτην
2818 614 2924 664 τῶν
2957 617 3057 680 τῆς
3114 610 3371 684 Εὖλογίας
3427 615 3679 688 θυγατέρων

2098 698 2294 754 ’Ἄνναν
2354 694 2636 767 ἐκδοθῆναι
2686 698 2822 774 πρὸς
2876 698 3076 773 γάμον,
3109 697 3332 774 δεσπότῃ
3390 722 3450 776 γε
3493 697 3683 772 ὅντι,ἐκ

2099 790 2196 840 τοῦ
2253 788 2521 861 προτέρου
2579 785 2781 858 κήδους
2845 790 2992 862 παρά
3045 792 3140 844 τοῦ
3185 785 3681 864 προϐεϐασιλευκότος

2103 875 2356 930 Ἰωάννου
2389 875 2572 951 ἔχοντι
2602 877 2666 932 τὸ
2696 876 2928 950 ἀξίωμα.
2963 878 3064 934 Καὶ
3097 875 3164 947 δὴ
3197 879 3324 950 peri
3368 877 3564 949 πολλῆς
3612 879 3685 936 δο-

2103 965 2372 1042 ρυφορίας
2403 965 2729 1029 ἀποστείλας
2761 968 2860 1037 τήν
2893 968 3089 1024 Ἀνναν
3122 968 3248 1031 τοὺς
3278 968 3478 1044 γάμους
3527 969 3686 1036 ἐτέλει,

2105 1054 2217 1108 εἶτα
2267 1055 2357 1108 καὶ
2409 1057 2503 1110 τὸν
2554 1057 2868 1132 Νικηφόρον
2907 1056 2981 1118 εἲς
3019 1057 3203 1112 ἑαυτὸν
3235 1057 3540 1132 συγκαλέσας
3583 1058 3690 1114 κειτά

2103 1145 2200 1213 τὴν
2232 1145 2640 1200 Κωνσταντίνου
2697 1145 2949 1214 κρατύνει
3015 1148 3109 1219 μὶν
3153 1147 3214 1200 τὸ
3247 1147 3466 1219 ἀξίωμα,
3493 1149 3570 1202 καὶ
3618 1167 3688 1200 τι-

2109 1238 2234 1304 μαῖς
2271 1231 2578 1308 μεγαλύνας
2623 1234 2712 1290 καὶ
2767 1231 2968 1308 δώροις
3023 1233 3229 1310 ἀγήλας
3269 1236 3400 1312 πρὸς
3447 1237 3506 1290 τὰ
3553 1235 3691 1290 οἰκεῖα

2107 1321 2392 1394 ἐκπέμπει.
2423 1321 2524 1378 Καὶ
2581 1321 2728 1380 οὕτω
2783 1322 2851 1377 τά
2905 1322 3041 1380 κατὰ
3100 1319 3247 1379 δύσιν
3290 1327 3597 1395 καταστήσας
3640 1326 3693 1380 τὰ

2105 1418 2205 1480 τῆς
2265 1410 2537 1480 ἀνατολῆς
2596 1416 2867 1467 πονοῦντα
2923 1420 3350 1486 προσανεκτᾶτο,
3396 1413 3477 1468 καὶ
3530 1411 3694 1474 ἄλλους

2111 1500 2204 1574 μεν
2264 1498 2557 1562 πλείστους
2613 1499 3141 1577 προσαποστέλλων,
3202 1501 3469 1578 ἐξαιρέτως
3533 1499 3581 1558 δὲ
3624 1503 3693 1556 τὸν

2108 1587 2371 1660 δεσπότην
2434 1590 2712 1662 Ἰωάννην,
2772 1594 2816 1665 ᾧ
2876 1587 2942 1660 δὴ
3005 1589 3286 1667 ἐπεθάρρει
3358 1591 3572 1664 αὐτάρκη
3618 1591 3696 1658 τήν

2106 1681 2213 1732 τῶν
2270 1678 2622 1750 κακουμένων
2680 1677 2991 1753 ἐπικουρίαν
3031 1698 3044 1710 ’
3098 1684 3220 1740 ταῖς
3303 1681 3399 1756 γὰρ
3462 1677 3699 1749 ἀληθείαις

2108 1765 2532 1840 ἀσχολουμένου
2561 1771 2656 1822 τοῦ
2691 1767 2960 1842 βασιλέως
2991 1773 3110 1830 τοῖς
3169 1766 3401 1832 δυτικοῖς
3457 1771 3524 1830 ὡς
3570 1766 3700 1836 δῆθεν

2110 1854 2553 1928 ἀνακαλουμένου
2607 1859 2676 1930 τῇ
2739 1855 2991 1934 βασιλείᾳ
3039 1856 3102 1911 τὸ
3153 1856 3363 1926 λεῖπον,
3419 1858 3605 1927 ἠσθένει
3650 1854 3704 1909 τὰ

2109 1946 2226 1999 καθ’
2256 1941 2330 1999 ’ἐω
2391 1942 2635 2019 διχόθεν,
2666 1950 2745 2019 τῷ
2801 1967 2861 2001 τε
2903 1947 3000 2008 τὰς
3040 1945 3153 2002 ἐκεῖ
3185 1944 3430 2020 δυνάμεις
3457 1947 3577 2021 πρὸς
3621 1946 3701 2012 τὴν

2115 2030 2261 2088 δύσιν
2295 2033 2659 2108 ἐκπέμπεσθαι
2708 2036 2798 2090 καὶ
2852 2040 2932 2107 τῷ
2989 2037 3409 2109 καταμελεῖσθαι
3465 2035 3704 2110 μακρόθεν.

2115 2121 2294 2178 Ἀλλά
2340 2128 2510 2180 ταῦτα
2569 2125 2688 2197 μὲν,
2720 2129 2828 2180 τῶν
2891 2122 3120 2180 δυτικῶν
3179 2127 3570 2201 ἡσυχαζόντων,
3594 2124 3706 2195 πέμ-

2114 2234 2230 2268 πων
2291 2214 2318 2267 ὁ
2381 2213 2638 2287 βασιλεὺς
2714 2215 2830 2270 καθ’
2887 2215 3010 2269 ὅσον
3089 2215 3205 2270 οἷόν
3259 2237 3318 2271 τε
3362 2216 3592 2270 ἀνεκτᾶτο
3636 2212 3704 2266 καὶ

2115 2301 2252 2377 πρὸς
2282 2303 2345 2356 τὸ
2369 2303 2634 2380 πρότερον
2669 2301 2951 2380 ἐπανῆγεν.
2983 2303 3060 2362 Οὐ
3116 2307 3222 2381 γὰρ
3274 2305 3362 2374 ἦν,
3392 2305 3483 2360 οὐκ
3532 2305 3589 2373 ἦν
3636 2305 3708 2355 τοῦ

2117 2387 2381 2447 δεσπότου
2441 2393 2698 2468 φανέντος
2755 2392 2928 2448 ἐκεῖσε
2980 2392 3106 2455 τοὺς
3166 2395 3372 2470 Πέρσας
3408 2394 3478 2467 μὴ
3505 2395 3708 2466 ἠρεμεῖν,

2117 2480 2152 2549 ἢ
2191 2479 2403 2553 μᾶλλον
2435 2481 2523 2535 καί
2550 2483 2625 2555 μὴ
2650 2481 2740 2536 σὺν
2775 2477 2930 2559 φόϐῳ
2960 2481 3179 2538 πλείονι
3210 2481 3617 2539 ἀναστέλλεσθαι.

2112 2697 2245 2736 vero
2299 2681 2512 2738 viduus
2563 2687 2688 2740 erat
2736 2699 2922 2754 nuper
2980 2688 3215 2741 mortua
3246 2685 3432 2757 ipsius
3477 2685 3702 2754 conjuge,

2117 2769 2236 2826 filia
2251 2769 2518 2827 Lascaris
2535 2771 2943 2844 Augusti,huic
2965 2773 3353 2831 decreverunt
3376 2773 3710 2832 communiter

2114 2859 2350 2916 tertiam
2390 2859 2647 2932 Eulogiaa
2683 2865 2954 2917 natarum
2987 2862 3711 2935 Annamcopularenuptiis,

2115 2947 2356 3004 titulum
2388 2965 2455 3004 ac
2485 2949 2836 3022 dignitatem
2871 2951 3124 3023 despotae
3153 2953 3282 3025 jam
3314 2970 3382 3009 ex
3428 2952 3596 3024 priore
3631 2950 3709 3004 ha-

2120 3037 2279 3096 benti
2309 3053 2344 3092 a
2372 3053 2572 3094 socero
2603 3037 2957 3112 imperatore
2985 3040 3217 3099 Joanne
3246 3047 3582 3114 accccptam.
3624 3040 3713 3094 Ita-

2123 3142 2235 3198 que
2263 3142 2397 3182 cum
2439 3127 2625 3184 multo
2674 3126 2955 3184 satellitio
3007 3128 3438 3202 splendideque
3483 3128 3712 3185 comitatu

2047 3219 2089 3287 α
2121 3216 2290 3271 Anna
2319 3216 2505 3273 missa
2534 3217 2772 3290 nuptias
2805 3217 3127 3290 imperator
3157 3219 3308 3276 istas
3353 3219 3589 3292 peregit;
3617 3221 3714 3272 tum

2123 3309 2328 3361 vocato
2359 3306 2430 3362 ad
2456 3322 2518 3362 se
2547 3305 3119 3380 Constantinopolim
3149 3309 3496 3382 Nicephoro,
3525 3310 3714 3378 prater-

2127 3409 2304 3465 quam
2337 3393 2387 3448 ei
2419 3393 2762 3466 dignitatern
2793 3396 3188 3464 conﬁrmavit,
3234 3398 3544 3455 honoribus
3579 3395 3717 3451 etiam

2125 3483 2294 3538 illum
2312 3490 2553 3539 auctum
2600 3485 2922 3556 majoribus
2965 3486 3259 3558 donisque
3287 3488 3619 3560 dignitatum
3643 3484 3720 3538 dco

2127 3589 2290 3627 mum
2312 3573 2776 3645 remisit.Sicque
2793 3575 3131 3631 constitutis
3158 3579 3218 3632 in
3243 3577 3543 3634 Occidente
3564 3575 3718 3636 rebus,

2126 3661 2346 3718 Orienti
2369 3663 2729 3733 jamdudum
2760 3662 3052 3720 laboranti
3083 3669 3483 3740 recuperando
3497 3663 3716 3720 attonde-

2128 3751 2385 3821 bat,cum
2401 3751 2532 3807 aliis
2547 3768 2611 3807 eo
2628 3753 2828 3808 missis
2843 3752 3111 3825 plurimis
3131 3759 3253 3810 tum
3271 3753 3716 3828 prasertichanu

2130 3855 2200 3894 ne
2231 3841 2617 3912 despota,quo
2650 3842 2904 3898 maxime
2945 3843 3566 3912 innitebatur,abunde
3589 3841 3719 3898 illum

2127 3930 3554 4006 idoneumconﬁdensemendandissarciendisque
3586 3943 3722 3986 cunc-

2131 4019 2202 4074 tis
2226 4036 2328 4092 per
2353 4018 2521 4074 illum
2553 4024 2805 4077 tractum
2834 4021 3208 4080 detrimentis
3227 4024 3622 4095 reipublicae,et
3637 4017 3726 4074 illis

2129 4107 2598 4180 periclitantibus
2630 4110 2889 4182 populis,
2919 4116 3141 4181 quanto
3174 4119 3333 4170 esset
3363 4130 3506 4184 opus
3533 4110 3595 4165 ad
3619 4106 3723 4162 illos

2128 4196 2375 4269 imperio
2406 4199 2751 4266 servandos,
2784 4199 3001 4255 auxilio
3041 4201 3327 4270 juvandis
3371 4198 3726 4273 tegendisque.

2131 4287 2349 4342 Revera
2393 4287 2549 4343 enim
2579 4287 2803 4344 intento
2854 4290 3207 4362 imperatore
3259 4289 3526 4347 Occiduis
3570 4287 3724 4346 rebus,

2128 4382 2184 4432 et
2213 4377 2373 4431 omni
2405 4393 2546 4432 cura
2575 4378 3000 4450 satagenteilla
3017 4378 3247 4435 divulsa
3268 4371 3728 4448 membraimperii

2131 4466 2354 4537 corpori
2387 4467 2744 4538 conjungere
2777 4466 2991 4522 iterum
3024 4485 3090 4524 ac
3124 4469 3452 4536 restituere,
3487 4460 3723 4524 inﬁrmari

2130 4570 2197 4611 ac
2228 4553 2518 4610 debilitari
2550 4555 2794 4627 contigit
2835 4555 3162 4626 provincias
3186 4560 3346 4616 244
3395 4561 3468 4614 ad
3507 4556 3728 4613 Orienta-

2055 4680 2102 4742 Β
2134 4641 2248 4697 lem
2282 4642 2702 4742 limitemsitas
2733 4641 2953 4714 duplici
2983 4661 3053 4699 ex
3077 4661 3282 4716 causa,
3323 4647 3571 4719 primum
3607 4635 3727 4712 quod

2133 4748 2264 4803 quae
2295 4731 2428 4786 illas
2465 4729 2624 4804 prius
2657 4731 3049 4788 defendebant
3099 4736 3286 4807 copiae
3307 4736 3438 4791 inde
3485 4735 3540 4790 in
3574 4727 3720 4786 Οιιοί-

2132 4820 2368 4877 dentem
2402 4819 2907 4891 abstraherentur,
2939 4822 3151 4879 deinde
3183 4826 3342 4896 quod
3375 4825 3432 4880 in
3465 4819 3731 4879 necessita-

2132 4909 2290 4966 tibus
2319 4911 2655 4982 urgentium
2711 4915 2770 4966 et
2827 4913 3084 4968 remedio
3144 4915 3418 4984 praesenti
3477 4907 3728 4984 egentium

2130 5015 2376 5054 casuum
2409 5003 2644 5072 propter
2673 4998 3166 5073 longinquitatem
3191 4995 3730 5076 negligerentur.Ce-

2131 5093 2322 5144 terum
2373 5089 2496 5156 ubi,
2547 5093 2612 5144 ut
2651 5088 2794 5159 dixi,
2828 5094 3071 5160 pacatus
3103 5091 3212 5147 fuit
3241 5092 3541 5158 Occidens,
3569 5083 3729 5142 missis

2133 5178 2205 5233 ad
2252 5177 2386 5234 illas
2446 5182 2641 5251 partes
2683 5177 3005 5250 imperator
3056 5181 3241 5252 copiis
3287 5187 3556 5253 quantam
3580 5172 3731 5250 potuit

2135 5268 2451 5323 maximam
2485 5267 2558 5323 iis
2591 5269 3008 5339 recuperandis
3048 5287 3251 5328 curam
3283 5269 3578 5342 impendit,
3607 5265 3728 5318 fere-

2134 5373 2244 5428 que
2290 5358 2348 5412 in
2400 5361 2621 5412 statum
2673 5357 2992 5428 pristinum
3044 5359 3294 5415 reduxit.
3344 5359 3487 5414 Nam
3517 5355 3726 5425 dt-spolze

2130 5446 2375 5503 Joannis
2433 5463 2501 5502 ea
2547 5445 2757 5518 virtus,
2807 5463 2874 5503 ea
2908 5450 3062 5506 fama
3091 5453 3233 5515 erat,
3265 5453 3331 5504 ut
3358 5465 3424 5504 eo
3455 5445 3725 5519 appar-eote

2132 5537 2255 5594 fieri
2315 5553 2430 5593 non
2490 5543 2686 5609 posset
2713 5538 2858 5610 quin
2892 5543 3075 5594 Persae
3124 5541 3505 5610 quiescerent,
3536 5538 3623 5592 aut
3647 5543 3726 5604 ρο·

2131 5627 2252 5684 tius
2287 5643 2420 5682 cum
2453 5631 2610 5681 metu
2637 5631 2696 5682 et
2725 5631 2944 5686 terrore
2974 5628 3182 5700 majori
3213 5628 3660 5700 reprimerentur.
