  <div class='ocr_page' id='page_1' title='image "/cluster/home/n/w/nwhite01/storage/ocr_20150623/143/hvd.32044073502585/350.png"; bbox 0 0 4018 6198; ppageno 0'>
   <div class='ocr_carea' id='block_1_1' title="bbox 336 326 446 383">
    <p class='ocr_par' dir='ltr' id='par_1_1' title="bbox 336 326 446 383">
     <span class='ocr_line' id='line_1_1' title="bbox 336 326 446 383; baseline -0.018 0"><span class='ocrx_word' id='word_1_1' title='bbox 336 326 446 383; x_wconf 84' lang='lat'>689</span> 
     </span>
    </p>
   </div>
   <div class='ocr_carea' id='block_1_2' title="bbox 1401 334 2697 393">
    <p class='ocr_par' dir='ltr' id='par_1_2' title="bbox 1401 334 2697 393">
     <span class='ocr_line' id='line_1_2' title="bbox 1401 334 2697 393; baseline 0.002 -7"><span class='ocrx_word' id='word_1_2' title='bbox 1401 336 1493 388; x_wconf 81' lang='lat' dir='ltr'><strong>DE</strong></span> <span class='ocrx_word' id='word_1_3' title='bbox 1533 334 1906 390; x_wconf 79' lang='lat' dir='ltr'>MICHABLB</span> <span class='ocrx_word' id='word_1_4' title='bbox 1947 334 2391 391; x_wconf 70' lang='lat' dir='ltr'>PALBOLOGO</span> <span class='ocrx_word' id='word_1_5' title='bbox 2429 340 2559 392; x_wconf 82' lang='lat' dir='ltr'>LIB.</span> <span class='ocrx_word' id='word_1_6' title='bbox 2602 343 2697 393; x_wconf 86' lang='lat' dir='ltr'><strong>III.</strong></span> 
     </span>
    </p>
   </div>
   <div class='ocr_carea' id='block_1_3' title="bbox 3650 343 3756 396">
    <p class='ocr_par' dir='ltr' id='par_1_3' title="bbox 3650 343 3756 396">
     <span class='ocr_line' id='line_1_3' title="bbox 3650 343 3756 396; baseline 0 0"><span class='ocrx_word' id='word_1_7' title='bbox 3650 343 3756 396; x_wconf 85' lang='lat'>690</span> 
     </span>
    </p>
   </div>
   <div class='ocr_carea' id='block_1_4' title="bbox 337 452 3755 544">
    <p class='ocr_par' dir='ltr' id='par_1_4' title="bbox 337 452 3755 544">
     <span class='ocr_line' id='line_1_4' title="bbox 337 452 3755 544; baseline 0.004 -36"><span class='ocrx_word' id='word_1_8' title='bbox 337 455 442 523; x_wconf 89' lang='grc' dir='ltr'>κη’.</span> <span class='ocrx_word' id='word_1_9' title='bbox 506 452 635 527; x_wconf 84' lang='grc' dir='ltr'>Περῖ</span> <span class='ocrx_word' id='word_1_10' title='bbox 694 457 803 542; x_wconf 39' lang='grc' dir='ltr'>τοῦ,</span> <span class='ocrx_word' id='word_1_11' title='bbox 838 456 1204 544; x_wconf 70' lang='grc' dir='ltr'>φημισθέντος</span> <span class='ocrx_word' id='word_1_12' title='bbox 1239 455 1507 544; x_wconf 25' lang='grc' dir='ltr'>κψεύδους</span> <span class='ocrx_word' id='word_1_13' title='bbox 1576 456 1667 513; x_wconf 72' lang='grc' dir='ltr'>διὰ</span> <span class='ocrx_word' id='word_1_14' title='bbox 1720 456 1989 533; x_wconf 83' lang='grc' dir='ltr'>Τοχοὶρων</span> <span class='ocrx_word' id='word_1_15' title='bbox 2020 463 2074 528; x_wconf 80' lang='grc' dir='ltr'><strong>Α</strong></span> <span class='ocrx_word' id='word_1_16' title='bbox 2106 479 2221 528; x_wconf 89' lang='grc' dir='ltr'>σαν,</span> <span class='ocrx_word' id='word_1_17' title='bbox 2282 460 2549 536; x_wconf 81' lang='grc' dir='ltr'>Τοχάρων</span> <span class='ocrx_word' id='word_1_18' title='bbox 2599 459 2750 524; x_wconf 82' lang='grc' dir='ltr'>ἔθνος</span> <span class='ocrx_word' id='word_1_19' title='bbox 2797 468 2876 533; x_wconf 76' lang='grc' dir='ltr'>τῷ</span> <span class='ocrx_word' id='word_1_20' title='bbox 2925 462 3124 533; x_wconf 78' lang='grc' dir='ltr'>πλήθει</span> <span class='ocrx_word' id='word_1_21' title='bbox 3173 471 3465 539; x_wconf 82' lang='grc' dir='ltr'>θαρσῆσαν,</span> <span class='ocrx_word' id='word_1_22' title='bbox 3495 468 3622 529; x_wconf 71' lang='grc' dir='ltr'>τοὺς</span> <span class='ocrx_word' id='word_1_23' title='bbox 3650 472 3755 523; x_wconf 77' lang='grc' dir='ltr'>τῶν</span> 
     </span>
    </p>
   </div>
   <div class='ocr_carea' id='block_1_5' title="bbox 786 530 1543 602">
    <p class='ocr_par' dir='ltr' id='par_1_5' title="bbox 786 530 1543 602">
     <span class='ocr_line' id='line_1_5' title="bbox 786 530 1543 602; baseline 0.007 -22"><span class='ocrx_word' id='word_1_24' title='bbox 786 530 1092 602; x_wconf 74' lang='grc' dir='ltr'>ἐπιδρομὴν</span> <span class='ocrx_word' id='word_1_25' title='bbox 1123 530 1261 583; x_wconf 79' lang='grc' dir='ltr'>κατὰ</span> <span class='ocrx_word' id='word_1_26' title='bbox 1292 530 1543 585; x_wconf 84' lang='grc' dir='ltr'>Νίκαιαν.</span> 
     </span>
    </p>
   </div>
   <div class='ocr_carea' id='block_1_6' title="bbox 406 630 622 685">
    <p class='ocr_par' dir='ltr' id='par_1_6' title="bbox 406 630 622 685">
     <span class='ocr_line' id='line_1_6' title="bbox 406 630 622 685; baseline 0.005 -1"><span class='ocrx_word' id='word_1_27' title='bbox 406 635 513 685; x_wconf 79' lang='grc' dir='ltr'>Τοῦ</span> <span class='ocrx_word' id='word_1_28' title='bbox 573 630 622 685; x_wconf 83' lang='grc' dir='ltr'>δ’</span> 
     </span>
    </p>
   </div>
   <div class='ocr_carea' id='block_1_7' title="bbox 335 724 1997 803">
    <p class='ocr_par' dir='ltr' id='par_1_7' title="bbox 335 724 1997 803">
     <span class='ocr_line' id='line_1_7' title="bbox 335 724 1997 803; baseline 0.004 -26"><span class='ocrx_word' id='word_1_29' title='bbox 335 725 563 797; x_wconf 77' lang='grc' dir='ltr'>ἡμερῶν</span> <span class='ocrx_word' id='word_1_30' title='bbox 591 731 693 793; x_wconf 80' lang='grc' dir='ltr'>τῆς</span> <span class='ocrx_word' id='word_1_31' title='bbox 740 726 992 793; x_wconf 80' lang='grc' dir='ltr'>νηστείας</span> <span class='ocrx_word' id='word_1_32' title='bbox 1037 724 1399 799; x_wconf 70' lang='grc' dir='ltr'>τελουμένης,</span> <span class='ocrx_word' id='word_1_33' title='bbox 1447 727 1630 803; x_wconf 83' lang='grc' dir='ltr'>ἡμέρᾳ</span> <span class='ocrx_word' id='word_1_34' title='bbox 1668 734 1767 797; x_wconf 81' lang='grc' dir='ltr'>τῆς</span> <span class='ocrx_word' id='word_1_35' title='bbox 1819 725 1997 783; x_wconf 73' lang='grc' dir='ltr'>δευτέο</span> 
     </span>
    </p>
   </div>
   <div class='ocr_carea' id='block_1_8' title="bbox 337 810 1995 891">
    <p class='ocr_par' dir='ltr' id='par_1_8' title="bbox 337 810 1995 891">
     <span class='ocr_line' id='line_1_8' title="bbox 337 810 1995 891; baseline 0.003 -25"><span class='ocrx_word' id='word_1_36' title='bbox 337 832 433 885; x_wconf 84' lang='grc' dir='ltr'>ρας</span> <span class='ocrx_word' id='word_1_37' title='bbox 484 810 791 885; x_wconf 75' lang='grc' dir='ltr'>ἑϐδομάδος</span> <span class='ocrx_word' id='word_1_38' title='bbox 840 811 1061 889; x_wconf 82' lang='grc' dir='ltr'>δευτέρᾳ</span> <span class='ocrx_word' id='word_1_39' title='bbox 1112 811 1303 886; x_wconf 75' lang='grc' dir='ltr'>συνέϐη</span> <span class='ocrx_word' id='word_1_40' title='bbox 1354 819 1421 890; x_wconf 79' lang='grc' dir='ltr'>τῇ</span> <span class='ocrx_word' id='word_1_41' title='bbox 1467 817 1667 887; x_wconf 83' lang='grc' dir='ltr'>Νικαίᾳ</span> <span class='ocrx_word' id='word_1_42' title='bbox 1715 816 1773 871; x_wconf 75' lang='grc' dir='ltr'>ἐκ</span> <span class='ocrx_word' id='word_1_43' title='bbox 1819 838 1995 891; x_wconf 85' lang='grc' dir='ltr'>παρα-</span> 
     </span>
    </p>
   </div>
   <div class='ocr_carea' id='block_1_9' title="bbox 335 899 1993 982">
    <p class='ocr_par' dir='ltr' id='par_1_9' title="bbox 335 899 1993 982">
     <span class='ocr_line' id='line_1_9' title="bbox 335 899 1993 982; baseline 0.004 -27"><span class='ocrx_word' id='word_1_44' title='bbox 335 899 498 974; x_wconf 80' lang='grc' dir='ltr'>δόξου</span> <span class='ocrx_word' id='word_1_45' title='bbox 526 922 587 955; x_wconf 86' lang='grc' dir='ltr'>τε</span> <span class='ocrx_word' id='word_1_46' title='bbox 630 904 721 956; x_wconf 83' lang='grc' dir='ltr'>καὶ</span> <span class='ocrx_word' id='word_1_47' title='bbox 770 902 1023 976; x_wconf 79' lang='grc' dir='ltr'>ἐξαίφνης</span> <span class='ocrx_word' id='word_1_48' title='bbox 1071 909 1297 979; x_wconf 76' lang='grc' dir='ltr'>πρᾶγμα</span> <span class='ocrx_word' id='word_1_49' title='bbox 1336 907 1578 979; x_wconf 75' lang='grc' dir='ltr'>πραχθὲν</span> <span class='ocrx_word' id='word_1_50' title='bbox 1616 907 1708 977; x_wconf 76' lang='grc' dir='ltr'>μὲν</span> <span class='ocrx_word' id='word_1_51' title='bbox 1762 902 1993 982; x_wconf 73' lang='grc' dir='ltr'>φοϐερὸν</span> 
     </span>
    </p>
   </div>
   <div class='ocr_carea' id='block_1_10' title="bbox 331 988 1991 1071">
    <p class='ocr_par' dir='ltr' id='par_1_10' title="bbox 331 988 1991 1071">
     <span class='ocr_line' id='line_1_10' title="bbox 331 988 1991 1071; baseline 0.003 -27"><span class='ocrx_word' id='word_1_52' title='bbox 331 992 425 1045; x_wconf 81' lang='grc' dir='ltr'>καὶ</span> <span class='ocrx_word' id='word_1_53' title='bbox 478 988 674 1062; x_wconf 81' lang='grc' dir='ltr'>μηδενί</span> <span class='ocrx_word' id='word_1_54' title='bbox 718 990 879 1064; x_wconf 69' lang='grc' dir='ltr'>ἄλλῳ</span> <span class='ocrx_word' id='word_1_55' title='bbox 937 992 1013 1055; x_wconf 82' lang='grc' dir='ltr'>εἷς</span> <span class='ocrx_word' id='word_1_56' title='bbox 1064 993 1230 1068; x_wconf 87' lang='grc' dir='ltr'>λόγον</span> <span class='ocrx_word' id='word_1_57' title='bbox 1283 991 1595 1069; x_wconf 73' lang='grc' dir='ltr'>ὕπερϐολῆς</span> <span class='ocrx_word' id='word_1_58' title='bbox 1624 1000 1991 1071; x_wconf 77' lang='grc' dir='ltr'>παραχωροῦν</span> 
     </span>
    </p>
   </div>
   <div class='ocr_carea' id='block_1_11' title="bbox 328 1080 1992 1159">
    <p class='ocr_par' dir='ltr' id='par_1_11' title="bbox 328 1080 1992 1159">
     <span class='ocr_line' id='line_1_11' title="bbox 328 1080 1992 1159; baseline 0.003 -26"><span class='ocrx_word' id='word_1_59' title='bbox 328 1085 441 1134; x_wconf 75' lang='grc' dir='ltr'>τῶν</span> <span class='ocrx_word' id='word_1_60' title='bbox 476 1081 784 1154; x_wconf 84' lang='grc' dir='ltr'>πρωτείων,</span> <span class='ocrx_word' id='word_1_61' title='bbox 832 1082 929 1135; x_wconf 69' lang='grc' dir='ltr'>κᾶν</span> <span class='ocrx_word' id='word_1_62' title='bbox 980 1080 1008 1135; x_wconf 76' lang='grc' dir='ltr'>ὃ</span> <span class='ocrx_word' id='word_1_63' title='bbox 1038 1104 1091 1137; x_wconf 89' lang='grc' dir='ltr'>τι</span> <span class='ocrx_word' id='word_1_64' title='bbox 1121 1082 1211 1137; x_wconf 81' lang='grc' dir='ltr'>καὶ</span> <span class='ocrx_word' id='word_1_65' title='bbox 1244 1082 1393 1145; x_wconf 81' lang='grc' dir='ltr'>ὅπως</span> <span class='ocrx_word' id='word_1_66' title='bbox 1427 1080 1693 1158; x_wconf 76' lang='grc' dir='ltr'>συμϐαίη,</span> <span class='ocrx_word' id='word_1_67' title='bbox 1751 1084 1874 1138; x_wconf 78' lang='grc' dir='ltr'>ὅσον</span> <span class='ocrx_word' id='word_1_68' title='bbox 1924 1087 1992 1159; x_wconf 81' lang='grc' dir='ltr'>τῇ</span> 
     </span>
    </p>
   </div>
   <div class='ocr_carea' id='block_1_12' title="bbox 327 1165 1992 1247">
    <p class='ocr_par' dir='ltr' id='par_1_12' title="bbox 327 1165 1992 1247">
     <span class='ocr_line' id='line_1_12' title="bbox 327 1165 1992 1247; baseline 0.002 -23"><span class='ocrx_word' id='word_1_69' title='bbox 327 1165 625 1243; x_wconf 75' lang='grc' dir='ltr'>προσϐολῆ</span> <span class='ocrx_word' id='word_1_70' title='bbox 657 1171 748 1224; x_wconf 73' lang='grc' dir='ltr'>καὶ</span> <span class='ocrx_word' id='word_1_71' title='bbox 785 1175 925 1245; x_wconf 80' lang='grc' dir='ltr'>μονῇ</span> <span class='ocrx_word' id='word_1_72' title='bbox 959 1173 1045 1226; x_wconf 83' lang='grc' dir='ltr'>καὶ</span> <span class='ocrx_word' id='word_1_73' title='bbox 1078 1174 1148 1243; x_wconf 78' lang='grc' dir='ltr'>τῇ</span> <span class='ocrx_word' id='word_1_74' title='bbox 1177 1176 1282 1227; x_wconf 80' lang='grc' dir='ltr'>τῶν</span> <span class='ocrx_word' id='word_1_75' title='bbox 1324 1171 1512 1227; x_wconf 80' lang='grc' dir='ltr'>δεινῶν</span> <span class='ocrx_word' id='word_1_76' title='bbox 1561 1171 1884 1247; x_wconf 73' lang='grc' dir='ltr'>προσδοκίᾳ,</span> <span class='ocrx_word' id='word_1_77' title='bbox 1918 1175 1992 1236; x_wconf 80' lang='grc' dir='ltr'>ὡς</span> 
     </span>
    </p>
   </div>
   <div class='ocr_carea' id='block_1_13' title="bbox 325 1256 1990 1336">
    <p class='ocr_par' dir='ltr' id='par_1_13' title="bbox 325 1256 1990 1336">
     <span class='ocr_line' id='line_1_13' title="bbox 325 1256 1990 1336; baseline 0.004 -24"><span class='ocrx_word' id='word_1_78' title='bbox 325 1256 442 1328; x_wconf 67' lang='grc' dir='ltr'>ἤδη</span> <span class='ocrx_word' id='word_1_79' title='bbox 483 1260 759 1334; x_wconf 75' lang='grc' dir='ltr'>μεγίστοις</span> <span class='ocrx_word' id='word_1_80' title='bbox 810 1266 1004 1324; x_wconf 84' lang='grc' dir='ltr'>κακοῖς</span> <span class='ocrx_word' id='word_1_81' title='bbox 1027 1256 1462 1336; x_wconf 74' lang='grc' dir='ltr'>περιϐεϐλῆσθαι</span> <span class='ocrx_word' id='word_1_82' title='bbox 1511 1262 1801 1336; x_wconf 84' lang='grc' dir='ltr'>ἀναγκαῖον</span> <span class='ocrx_word' id='word_1_83' title='bbox 1856 1264 1990 1318; x_wconf 71' lang='grc' dir='ltr'>εἶναι</span> 
     </span>
    </p>
   </div>
   <div class='ocr_carea' id='block_1_14' title="bbox 323 1345 1987 1426">
    <p class='ocr_par' dir='ltr' id='par_1_14' title="bbox 323 1345 1987 1426">
     <span class='ocr_line' id='line_1_14' title="bbox 323 1345 1987 1426; baseline 0.002 -23"><span class='ocrx_word' id='word_1_84' title='bbox 323 1355 449 1409; x_wconf 79' lang='grc' dir='ltr'>τοῖς</span> <span class='ocrx_word' id='word_1_85' title='bbox 486 1345 809 1422; x_wconf 67' lang='grc' dir='ltr'>δεχομένοις</span> <span class='ocrx_word' id='word_1_86' title='bbox 840 1349 929 1403; x_wconf 83' lang='grc' dir='ltr'>καὶ</span> <span class='ocrx_word' id='word_1_87' title='bbox 962 1348 1133 1423; x_wconf 73' lang='grc' dir='ltr'>μηδὲν</span> <span class='ocrx_word' id='word_1_88' title='bbox 1176 1353 1257 1424; x_wconf 86' lang='grc' dir='ltr'>[Ρ.</span> <span class='ocrx_word' id='word_1_89' title='bbox 1292 1353 1415 1425; x_wconf 86' lang='grc'>163]</span> <span class='ocrx_word' id='word_1_90' title='bbox 1446 1355 1551 1405; x_wconf 83' lang='grc' dir='ltr'>τῶν</span> <span class='ocrx_word' id='word_1_91' title='bbox 1606 1351 1682 1414; x_wconf 70' lang='grc' dir='ltr'>εἷς</span> <span class='ocrx_word' id='word_1_92' title='bbox 1718 1352 1987 1426; x_wconf 77' lang='grc' dir='ltr'>σωτηρίαν</span> 
     </span>
    </p>
   </div>
   <div class='ocr_carea' id='block_1_15' title="bbox 323 1433 1991 1518">
    <p class='ocr_par' dir='ltr' id='par_1_15' title="bbox 323 1433 1991 1518">
     <span class='ocr_line' id='line_1_15' title="bbox 323 1433 1991 1518; baseline 0.003 -27"><span class='ocrx_word' id='word_1_93' title='bbox 323 1436 602 1506; x_wconf 76' lang='grc' dir='ltr'>ἐλπίζειν,</span> <span class='ocrx_word' id='word_1_94' title='bbox 659 1433 958 1512; x_wconf 86' lang='grc' dir='ltr'>λεγόμενον</span> <span class='ocrx_word' id='word_1_95' title='bbox 1021 1436 1078 1493; x_wconf 78' lang='grc' dir='ltr'>δὲ</span> <span class='ocrx_word' id='word_1_96' title='bbox 1142 1441 1217 1511; x_wconf 79' lang='grc' dir='ltr'>μὴ</span> <span class='ocrx_word' id='word_1_97' title='bbox 1273 1440 1432 1494; x_wconf 84' lang='grc' dir='ltr'>τόσον</span> <span class='ocrx_word' id='word_1_98' title='bbox 1494 1439 1623 1515; x_wconf 76' lang='grc' dir='ltr'>ἕχον</span> <span class='ocrx_word' id='word_1_99' title='bbox 1688 1440 1766 1504; x_wconf 84' lang='grc' dir='ltr'>εἷς</span> <span class='ocrx_word' id='word_1_100' title='bbox 1824 1437 1991 1518; x_wconf 72' lang='grc' dir='ltr'>φόϐον</span> 
     </span>
    </p>
   </div>
   <div class='ocr_carea' id='block_1_16' title="bbox 320 1522 1988 1603">
    <p class='ocr_par' dir='ltr' id='par_1_16' title="bbox 320 1522 1988 1603">
     <span class='ocr_line' id='line_1_16' title="bbox 320 1522 1988 1603; baseline 0.002 -24"><span class='ocrx_word' id='word_1_101' title='bbox 320 1524 421 1579; x_wconf 77' lang='grc' dir='ltr'>καί</span> <span class='ocrx_word' id='word_1_102' title='bbox 480 1522 752 1594; x_wconf 74' lang='grc' dir='ltr'>συστολήν</span> <span class='ocrx_word' id='word_1_103' title='bbox 789 1568 801 1582; x_wconf 92' lang='grc'><strong>.</strong></span> <span class='ocrx_word' id='word_1_104' title='bbox 860 1523 1037 1589; x_wconf 68' lang='grc' dir='ltr'>Εῗωθε</span> <span class='ocrx_word' id='word_1_105' title='bbox 1091 1526 1192 1601; x_wconf 75' lang='grc' dir='ltr'>γὰρ</span> <span class='ocrx_word' id='word_1_106' title='bbox 1251 1528 1279 1581; x_wconf 98' lang='lat'>6</span> <span class='ocrx_word' id='word_1_107' title='bbox 1337 1524 1508 1601; x_wconf 84' lang='grc' dir='ltr'>λόγος</span> <span class='ocrx_word' id='word_1_108' title='bbox 1565 1532 1682 1590; x_wconf 85' lang='grc' dir='ltr'>τοῖς</span> <span class='ocrx_word' id='word_1_109' title='bbox 1746 1528 1988 1603; x_wconf 75' lang='grc' dir='ltr'>μετρίοις</span> 
     </span>
    </p>
   </div>
   <div class='ocr_carea' id='block_1_17' title="bbox 328 1614 1985 1691">
    <p class='ocr_par' dir='ltr' id='par_1_17' title="bbox 328 1614 1985 1691">
     <span class='ocr_line' id='line_1_17' title="bbox 328 1614 1985 1691; baseline 0.001 -22"><span class='ocrx_word' id='word_1_110' title='bbox 328 1616 563 1689; x_wconf 84' lang='grc' dir='ltr'>μέγεθος</span> <span class='ocrx_word' id='word_1_111' title='bbox 616 1614 891 1691; x_wconf 73' lang='grc' dir='ltr'>ἐπιφέρειν</span> <span class='ocrx_word' id='word_1_112' title='bbox 964 1616 1038 1677; x_wconf 84' lang='grc' dir='ltr'>ὡς</span> <span class='ocrx_word' id='word_1_113' title='bbox 1100 1615 1216 1677; x_wconf 80' lang='grc' dir='ltr'>οἷός</span> <span class='ocrx_word' id='word_1_114' title='bbox 1266 1617 1313 1670; x_wconf 85' lang='grc' dir='ltr'>τ’</span> <span class='ocrx_word' id='word_1_115' title='bbox 1378 1615 1595 1670; x_wconf 70' lang='grc' dir='ltr'>ἐκείνων</span> <span class='ocrx_word' id='word_1_116' title='bbox 1672 1623 1985 1691; x_wconf 82' lang='grc' dir='ltr'>περιεῖναι,</span> 
     </span>
    </p>
   </div>
   <div class='ocr_carea' id='block_1_18' title="bbox 320 1701 1986 1785">
    <p class='ocr_par' dir='ltr' id='par_1_18' title="bbox 320 1701 1986 1785">
     <span class='ocr_line' id='line_1_18' title="bbox 320 1701 1986 1785; baseline 0.001 -26"><span class='ocrx_word' id='word_1_117' title='bbox 320 1709 447 1765; x_wconf 80' lang='grc' dir='ltr'>τοῖς</span> <span class='ocrx_word' id='word_1_118' title='bbox 526 1701 583 1757; x_wconf 78' lang='grc' dir='ltr'>δὲ</span> <span class='ocrx_word' id='word_1_119' title='bbox 660 1702 934 1776; x_wconf 80' lang='grc' dir='ltr'>μεγίστοις</span> <span class='ocrx_word' id='word_1_120' title='bbox 1010 1703 1273 1777; x_wconf 81' lang='grc' dir='ltr'>ἐξατονῶν</span> <span class='ocrx_word' id='word_1_121' title='bbox 1326 1702 1544 1780; x_wconf 74' lang='grc' dir='ltr'>ὕστερος</span> <span class='ocrx_word' id='word_1_122' title='bbox 1601 1711 1747 1785; x_wconf 76' lang='grc' dir='ltr'>σφῶν</span> <span class='ocrx_word' id='word_1_123' title='bbox 1804 1708 1986 1781; x_wconf 71' lang='grc' dir='ltr'>φαίνε-</span> 
     </span>
    </p>
   </div>
   <div class='ocr_carea' id='block_1_19' title="bbox 680 632 1994 709">
    <p class='ocr_par' dir='ltr' id='par_1_19' title="bbox 680 632 1994 709">
     <span class='ocr_line' id='line_1_19' title="bbox 680 632 1994 709; baseline 0.005 -23"><span class='ocrx_word' id='word_1_124' title='bbox 680 632 843 687; x_wconf 74' lang='grc' dir='ltr'>αύτοῦ</span> <span class='ocrx_word' id='word_1_125' title='bbox 903 632 1075 703; x_wconf 78' lang='grc' dir='ltr'>ἔτους,</span> <span class='ocrx_word' id='word_1_126' title='bbox 1139 637 1309 707; x_wconf 87' lang='grc' dir='ltr'>μηνὸς</span> <span class='ocrx_word' id='word_1_127' title='bbox 1367 637 1620 709; x_wconf 75' lang='grc' dir='ltr'>Κρονίου,</span> <span class='ocrx_word' id='word_1_128' title='bbox 1673 642 1780 691; x_wconf 83' lang='grc' dir='ltr'>τῶν</span> <span class='ocrx_word' id='word_1_129' title='bbox 1838 637 1994 700; x_wconf 82' lang='grc' dir='ltr'>θείων</span> 
     </span>
    </p>
   </div>
   <div class='ocr_carea' id='block_1_20' title="bbox 2106 546 3754 629">
    <p class='ocr_par' dir='ltr' id='par_1_20' title="bbox 2106 546 3754 629">
     <span class='ocr_line' id='line_1_20' title="bbox 2106 546 3754 629; baseline 0.006 -28"><span class='ocrx_word' id='word_1_130' title='bbox 2106 546 2295 603; x_wconf 79' lang='grc' dir='ltr'>πυλὼν</span> <span class='ocrx_word' id='word_1_131' title='bbox 2355 557 2725 625; x_wconf 81' lang='grc' dir='ltr'>κρεουργῆσαν</span> <span class='ocrx_word' id='word_1_132' title='bbox 2786 551 3059 629; x_wconf 76' lang='grc' dir='ltr'>φύλαξας,</span> <span class='ocrx_word' id='word_1_133' title='bbox 3121 554 3381 617; x_wconf 56' lang='grc' dir='ltr'>είλσελθεῖν</span> <span class='ocrx_word' id='word_1_134' title='bbox 3434 557 3534 623; x_wconf 79' lang='grc' dir='ltr'>τήν</span> <span class='ocrx_word' id='word_1_135' title='bbox 3593 556 3754 611; x_wconf 85' lang='grc' dir='ltr'>πόλιν</span> 
     </span>
    </p>
   </div>
   <div class='ocr_carea' id='block_1_21' title="bbox 2112 636 3753 716">
    <p class='ocr_par' dir='ltr' id='par_1_21' title="bbox 2112 636 3753 716">
     <span class='ocr_line' id='line_1_21' title="bbox 2112 636 3753 716; baseline 0.005 -26"><span class='ocrx_word' id='word_1_136' title='bbox 2112 639 2229 709; x_wconf 84' lang='grc' dir='ltr'>μεθ’</span> <span class='ocrx_word' id='word_1_137' title='bbox 2285 636 2368 691; x_wconf 80' lang='grc' dir='ltr'>ὅτι</span> <span class='ocrx_word' id='word_1_138' title='bbox 2428 638 2697 693; x_wconf 87' lang='grc' dir='ltr'>πλείστων</span> <span class='ocrx_word' id='word_1_139' title='bbox 2756 640 2844 695; x_wconf 82' lang='grc' dir='ltr'>καὶ</span> <span class='ocrx_word' id='word_1_140' title='bbox 2900 638 3088 695; x_wconf 81' lang='grc' dir='ltr'>δεινῶν</span> <span class='ocrx_word' id='word_1_141' title='bbox 3145 642 3509 716; x_wconf 77' lang='grc' dir='ltr'>ὁρμημάτων,</span> <span class='ocrx_word' id='word_1_142' title='bbox 3543 643 3669 699; x_wconf 81' lang='grc' dir='ltr'>ὥστ’</span> <span class='ocrx_word' id='word_1_143' title='bbox 3700 646 3753 699; x_wconf 86' lang='grc' dir='ltr'>έν</span> 
     </span>
    </p>
   </div>
   <div class='ocr_carea' id='block_1_22' title="bbox 2106 725 3757 807">
    <p class='ocr_par' dir='ltr' id='par_1_22' title="bbox 2106 725 3757 807">
     <span class='ocr_line' id='line_1_22' title="bbox 2106 725 3757 807; baseline 0.004 -27"><span class='ocrx_word' id='word_1_144' title='bbox 2106 726 2295 800; x_wconf 80' lang='grc' dir='ltr'>ἀκαρεῖ</span> <span class='ocrx_word' id='word_1_145' title='bbox 2323 725 2450 789; x_wconf 69' lang='grc' dir='ltr'>τοὺς</span> <span class='ocrx_word' id='word_1_146' title='bbox 2501 727 2868 800; x_wconf 83' lang='grc' dir='ltr'>ἐμπίπτοντας</span> <span class='ocrx_word' id='word_1_147' title='bbox 2920 736 3097 807; x_wconf 69' lang='grc' dir='ltr'>σφίσιν</span> <span class='ocrx_word' id='word_1_148' title='bbox 3142 729 3567 805; x_wconf 69' lang='grc' dir='ltr'>ἀπροσδοκήτως</span> <span class='ocrx_word' id='word_1_149' title='bbox 3614 735 3757 804; x_wconf 83' lang='grc' dir='ltr'>ἀπη-</span> 
     </span>
    </p>
   </div>
   <div class='ocr_carea' id='block_1_23' title="bbox 2106 817 3757 896">
    <p class='ocr_par' dir='ltr' id='par_1_23' title="bbox 2106 817 3757 896">
     <span class='ocr_line' id='line_1_23' title="bbox 2106 817 3757 896; baseline 0.004 -27"><span class='ocrx_word' id='word_1_150' title='bbox 2106 819 2211 876; x_wconf 79' lang='grc' dir='ltr'>νῶς</span> <span class='ocrx_word' id='word_1_151' title='bbox 2240 817 2647 894; x_wconf 74' lang='grc' dir='ltr'>κατασφάττειν,</span> <span class='ocrx_word' id='word_1_152' title='bbox 2702 818 2797 872; x_wconf 83' lang='grc' dir='ltr'>Καὶ</span> <span class='ocrx_word' id='word_1_153' title='bbox 2847 819 2874 872; x_wconf 87' lang='grc' dir='ltr'>ὁ</span> <span class='ocrx_word' id='word_1_154' title='bbox 2921 821 3087 895; x_wconf 78' lang='grc' dir='ltr'>Λόγος</span> <span class='ocrx_word' id='word_1_155' title='bbox 3118 821 3228 892; x_wconf 81' lang='grc' dir='ltr'>ἅμα</span> <span class='ocrx_word' id='word_1_156' title='bbox 3258 822 3350 893; x_wconf 74' lang='grc' dir='ltr'>μὲν</span> <span class='ocrx_word' id='word_1_157' title='bbox 3382 818 3609 896; x_wconf 75' lang='grc' dir='ltr'>έῤῥήθη,</span> <span class='ocrx_word' id='word_1_158' title='bbox 3643 825 3757 895; x_wconf 75' lang='grc' dir='ltr'>ἅμα</span> 
     </span>
    </p>
   </div>
   <div class='ocr_carea' id='block_1_24' title="bbox 2107 902 3752 982">
    <p class='ocr_par' dir='ltr' id='par_1_24' title="bbox 2107 902 3752 982">
     <span class='ocr_line' id='line_1_24' title="bbox 2107 902 3752 982; baseline 0.004 -23"><span class='ocrx_word' id='word_1_159' title='bbox 2107 902 2163 959; x_wconf 74' lang='grc' dir='ltr'>δὲ</span> <span class='ocrx_word' id='word_1_160' title='bbox 2242 906 2330 960; x_wconf 78' lang='grc' dir='ltr'>καὶ</span> <span class='ocrx_word' id='word_1_161' title='bbox 2405 906 2503 975; x_wconf 78' lang='grc' dir='ltr'>τήν</span> <span class='ocrx_word' id='word_1_162' title='bbox 2572 906 2733 962; x_wconf 85' lang='grc' dir='ltr'>πόλιν</span> <span class='ocrx_word' id='word_1_163' title='bbox 2802 905 3257 982; x_wconf 72' lang='grc' dir='ltr'>περιελάμϐανεν.</span> <span class='ocrx_word' id='word_1_164' title='bbox 3320 909 3752 981; x_wconf 66' lang='grc' dir='ltr'>Ἐκπηδῆσαντες</span> 
     </span>
    </p>
   </div>
   <div class='ocr_carea' id='block_1_25' title="bbox 2105 995 3753 1075">
    <p class='ocr_par' dir='ltr' id='par_1_25' title="bbox 2105 995 3753 1075">
     <span class='ocr_line' id='line_1_25' title="bbox 2105 995 3753 1075; baseline 0.004 -27"><span class='ocrx_word' id='word_1_165' title='bbox 2105 1000 2388 1071; x_wconf 77' lang='grc' dir='ltr'>τοιγαροῦν</span> <span class='ocrx_word' id='word_1_166' title='bbox 2441 1001 2548 1049; x_wconf 81' lang='grc' dir='ltr'>τῶν</span> <span class='ocrx_word' id='word_1_167' title='bbox 2607 995 2815 1069; x_wconf 63' lang='grc' dir='ltr'>οῗκιῶν,</span> <span class='ocrx_word' id='word_1_168' title='bbox 2866 1000 3044 1060; x_wconf 88' lang='grc' dir='ltr'>καθὼς</span> <span class='ocrx_word' id='word_1_169' title='bbox 3090 996 3314 1063; x_wconf 73' lang='grc' dir='ltr'>ἕκαστος</span> <span class='ocrx_word' id='word_1_170' title='bbox 3343 996 3489 1074; x_wconf 77' lang='grc' dir='ltr'>ἔχων</span> <span class='ocrx_word' id='word_1_171' title='bbox 3537 998 3753 1075; x_wconf 77' lang='grc' dir='ltr'>εὒρέθη,</span> 
     </span>
    </p>
   </div>
   <div class='ocr_carea' id='block_1_26' title="bbox 2104 1083 3756 1165">
    <p class='ocr_par' dir='ltr' id='par_1_26' title="bbox 2104 1083 3756 1165">
     <span class='ocr_line' id='line_1_26' title="bbox 2104 1083 3756 1165; baseline 0.004 -28"><span class='ocrx_word' id='word_1_172' title='bbox 2104 1083 2307 1156; x_wconf 78' lang='grc' dir='ltr'>ἐξέθεον</span> <span class='ocrx_word' id='word_1_173' title='bbox 2359 1085 2701 1147; x_wconf 76' lang='grc' dir='ltr'>ἀσυντάκτως</span> <span class='ocrx_word' id='word_1_174' title='bbox 2744 1088 2879 1141; x_wconf 71' lang='grc' dir='ltr'>κατὰ</span> <span class='ocrx_word' id='word_1_175' title='bbox 2928 1087 3024 1148; x_wconf 76' lang='grc' dir='ltr'>τὰς</span> <span class='ocrx_word' id='word_1_176' title='bbox 3081 1085 3380 1165; x_wconf 75' lang='grc' dir='ltr'>ἀμφόδους,</span> <span class='ocrx_word' id='word_1_177' title='bbox 3434 1088 3523 1142; x_wconf 75' lang='grc' dir='ltr'>καὶ</span> <span class='ocrx_word' id='word_1_178' title='bbox 3556 1092 3607 1143; x_wconf 72' lang='lat' dir='ltr'>oi</span> <span class='ocrx_word' id='word_1_179' title='bbox 3663 1092 3756 1162; x_wconf 76' lang='grc' dir='ltr'>μὲν</span> 
     </span>
    </p>
   </div>
   <div class='ocr_carea' id='block_1_27' title="bbox 2103 1170 3757 1252">
    <p class='ocr_par' dir='ltr' id='par_1_27' title="bbox 2103 1170 3757 1252">
     <span class='ocr_line' id='line_1_27' title="bbox 2103 1170 3757 1252; baseline 0.005 -26"><span class='ocrx_word' id='word_1_180' title='bbox 2103 1170 2267 1239; x_wconf 77' lang='grc' dir='ltr'>ἔνθεν,</span> <span class='ocrx_word' id='word_1_181' title='bbox 2302 1174 2357 1226; x_wconf 74' lang='grc' dir='ltr'>οἱ</span> <span class='ocrx_word' id='word_1_182' title='bbox 2390 1171 2435 1227; x_wconf 81' lang='grc' dir='ltr'>δ’</span> <span class='ocrx_word' id='word_1_183' title='bbox 2463 1172 2661 1238; x_wconf 77' lang='grc' dir='ltr'>ἐκεῖθεν</span> <span class='ocrx_word' id='word_1_184' title='bbox 2714 1175 3007 1249; x_wconf 81' lang='grc' dir='ltr'>φερόμενοι</span> <span class='ocrx_word' id='word_1_185' title='bbox 3037 1175 3313 1247; x_wconf 78' lang='grc' dir='ltr'>ἀλλήλοις</span> <span class='ocrx_word' id='word_1_186' title='bbox 3360 1177 3757 1252; x_wconf 85' lang='grc' dir='ltr'>προσέπιπτον.</span> 
     </span>
    </p>
   </div>
   <div class='ocr_carea' id='block_1_28' title="bbox 2102 1260 3756 1329">
    <p class='ocr_par' dir='ltr' id='par_1_28' title="bbox 2102 1260 3756 1329">
     <span class='ocr_line' id='line_1_28' title="bbox 2102 1260 3756 1329; baseline 0.003 -12"><span class='ocrx_word' id='word_1_187' title='bbox 2102 1263 2198 1317; x_wconf 82' lang='grc' dir='ltr'>Ἠν</span> <span class='ocrx_word' id='word_1_188' title='bbox 2235 1260 2291 1315; x_wconf 72' lang='grc' dir='ltr'>δὲ</span> <span class='ocrx_word' id='word_1_189' title='bbox 2338 1263 2426 1315; x_wconf 75' lang='grc' dir='ltr'>καὶ</span> <span class='ocrx_word' id='word_1_190' title='bbox 2471 1262 2687 1326; x_wconf 77' lang='grc' dir='ltr'>τούτοις</span> <span class='ocrx_word' id='word_1_191' title='bbox 2724 1264 2990 1326; x_wconf 71' lang='grc' dir='ltr'>κάκείνοις</span> <span class='ocrx_word' id='word_1_192' title='bbox 3022 1267 3098 1325; x_wconf 79' lang='grc' dir='ltr'>εἷς</span> <span class='ocrx_word' id='word_1_193' title='bbox 3144 1266 3236 1319; x_wconf 85' lang='grc' dir='ltr'>καὶ</span> <span class='ocrx_word' id='word_1_194' title='bbox 3269 1266 3296 1319; x_wconf 86' lang='lat'>6</span> <span class='ocrx_word' id='word_1_195' title='bbox 3348 1267 3507 1327; x_wconf 80' lang='grc' dir='ltr'>αὐτὸς</span> <span class='ocrx_word' id='word_1_196' title='bbox 3562 1268 3756 1329; x_wconf 86' lang='grc' dir='ltr'>πόνος.</span> 
     </span>
    </p>
   </div>
   <div class='ocr_carea' id='block_1_29' title="bbox 2103 1349 3759 1431">
    <p class='ocr_par' dir='ltr' id='par_1_29' title="bbox 2103 1349 3759 1431">
     <span class='ocr_line' id='line_1_29' title="bbox 2103 1349 3759 1431; baseline 0.003 -27"><span class='ocrx_word' id='word_1_197' title='bbox 2103 1351 2199 1404; x_wconf 78' lang='grc' dir='ltr'>Καὶ</span> <span class='ocrx_word' id='word_1_198' title='bbox 2261 1353 2439 1425; x_wconf 85' lang='grc' dir='ltr'>ὥσπερ</span> <span class='ocrx_word' id='word_1_199' title='bbox 2496 1352 2630 1406; x_wconf 74' lang='grc' dir='ltr'>κατὰ</span> <span class='ocrx_word' id='word_1_200' title='bbox 2679 1349 2856 1406; x_wconf 85' lang='grc' dir='ltr'>νώτου</span> <span class='ocrx_word' id='word_1_201' title='bbox 2906 1353 2993 1406; x_wconf 78' lang='grc' dir='ltr'>καὶ</span> <span class='ocrx_word' id='word_1_202' title='bbox 3052 1354 3384 1431; x_wconf 68' lang='grc' dir='ltr'>ἀμφοτέροις</span> <span class='ocrx_word' id='word_1_203' title='bbox 3447 1354 3759 1427; x_wconf 83' lang='grc' dir='ltr'>ἐπείγοντος</span> 
     </span>
    </p>
   </div>
   <div class='ocr_carea' id='block_1_30' title="bbox 2098 1439 3756 1517">
    <p class='ocr_par' dir='ltr' id='par_1_30' title="bbox 2098 1439 3756 1517">
     <span class='ocr_line' id='line_1_30' title="bbox 2098 1439 3756 1517; baseline 0.002 -24"><span class='ocrx_word' id='word_1_204' title='bbox 2098 1442 2195 1493; x_wconf 79' lang='grc' dir='ltr'>τοῦ</span> <span class='ocrx_word' id='word_1_205' title='bbox 2224 1443 2392 1493; x_wconf 73' lang='grc' dir='ltr'>κακοῦ</span> <span class='ocrx_word' id='word_1_206' title='bbox 2425 1439 2820 1515; x_wconf 83' lang='grc' dir='ltr'>συγκρούοντες</span> <span class='ocrx_word' id='word_1_207' title='bbox 2878 1440 3172 1511; x_wconf 72' lang='grc' dir='ltr'>ἀλλήλοις,</span> <span class='ocrx_word' id='word_1_208' title='bbox 3225 1442 3404 1517; x_wconf 80' lang='grc' dir='ltr'>ἅτεροι</span> <span class='ocrx_word' id='word_1_209' title='bbox 3460 1443 3511 1511; x_wconf 77' lang='grc' dir='ltr'>ἐξ</span> <span class='ocrx_word' id='word_1_210' title='bbox 3560 1444 3756 1515; x_wconf 74' lang='grc' dir='ltr'>ἑτέρων</span> 
     </span>
    </p>
   </div>
   <div class='ocr_carea' id='block_1_31' title="bbox 2103 1528 3753 1607">
    <p class='ocr_par' dir='ltr' id='par_1_31' title="bbox 2103 1528 3753 1607">
     <span class='ocr_line' id='line_1_31' title="bbox 2103 1528 3753 1607; baseline 0.002 -26"><span class='ocrx_word' id='word_1_211' title='bbox 2103 1530 2387 1600; x_wconf 78' lang='grc' dir='ltr'>μανθάνειν</span> <span class='ocrx_word' id='word_1_212' title='bbox 2420 1528 2619 1597; x_wconf 68' lang='grc' dir='ltr'>ἤθελον</span> <span class='ocrx_word' id='word_1_213' title='bbox 2650 1531 2735 1590; x_wconf 91' lang='grc' dir='ltr'>τίς</span> <span class='ocrx_word' id='word_1_214' title='bbox 2770 1532 2802 1599; x_wconf 81' lang='grc' dir='ltr'>ἡ</span> <span class='ocrx_word' id='word_1_215' title='bbox 2837 1532 3021 1607; x_wconf 72' lang='grc' dir='ltr'>φήμη,</span> <span class='ocrx_word' id='word_1_216' title='bbox 3070 1530 3159 1584; x_wconf 80' lang='grc' dir='ltr'>καὶ</span> <span class='ocrx_word' id='word_1_217' title='bbox 3191 1529 3235 1585; x_wconf 78' lang='grc' dir='ltr'>εί</span> <span class='ocrx_word' id='word_1_218' title='bbox 3281 1528 3463 1601; x_wconf 78' lang='grc' dir='ltr'>ἀληθῆ</span> <span class='ocrx_word' id='word_1_219' title='bbox 3495 1531 3562 1585; x_wconf 76' lang='grc' dir='ltr'>τὰ</span> <span class='ocrx_word' id='word_1_220' title='bbox 3592 1533 3753 1607; x_wconf 84' lang='grc' dir='ltr'>Λεγό-</span> 
     </span>
    </p>
   </div>
   <div class='ocr_carea' id='block_1_32' title="bbox 2103 1612 3749 1698">
    <p class='ocr_par' dir='ltr' id='par_1_32' title="bbox 2103 1612 3749 1698">
     <span class='ocr_line' id='line_1_32' title="bbox 2336 1612 3716 1640; baseline 0.002 -6"><span class='ocrx_word' id='word_1_221' title='bbox 2336 1612 2363 1634; x_wconf 60' lang='grc' dir='ltr'><em>Ἰ</em></span> <span class='ocrx_word' id='word_1_222' title='bbox 2494 1620 2505 1639; x_wconf 67' lang='grc' dir='ltr'>ν</span> <span class='ocrx_word' id='word_1_223' title='bbox 2576 1618 2596 1636; x_wconf 64' lang='grc' dir='ltr'><strong>Ρ</strong></span> <span class='ocrx_word' id='word_1_224' title='bbox 2759 1616 2783 1634; x_wconf 63' lang='grc' dir='ltr'><em>Ἰ</em></span> <span class='ocrx_word' id='word_1_225' title='bbox 2823 1618 2835 1640; x_wconf 67' lang='grc' dir='ltr'><strong>Ι</strong></span> <span class='ocrx_word' id='word_1_226' title='bbox 2964 1623 2986 1634; x_wconf 70' lang='grc' dir='ltr'>ν</span> <span class='ocrx_word' id='word_1_227' title='bbox 3115 1618 3127 1635; x_wconf 61' lang='grc' dir='ltr'>θ</span> <span class='ocrx_word' id='word_1_228' title='bbox 3291 1624 3317 1634; x_wconf 71' lang='grc' dir='ltr'>ε-</span> <span class='ocrx_word' id='word_1_229' title='bbox 3434 1622 3457 1640; x_wconf 73' lang='grc' dir='ltr'>τ-</span> <span class='ocrx_word' id='word_1_230' title='bbox 3706 1619 3716 1637; x_wconf 80' lang='grc' dir='ltr'><strong><em>Ι</em></strong></span> 
     </span>
     <span class='ocr_line' id='line_1_33' title="bbox 2103 1614 3749 1698; baseline 0.002 -28"><span class='ocrx_word' id='word_1_231' title='bbox 2103 1636 2253 1688; x_wconf 85' lang='grc' dir='ltr'>μενα.</span> <span class='ocrx_word' id='word_1_232' title='bbox 2285 1614 2482 1673; x_wconf 82' lang='grc' dir='ltr'>Ουτεδ</span> <span class='ocrx_word' id='word_1_233' title='bbox 2534 1637 2686 1671; x_wconf 91' lang='grc' dir='ltr'>ουτοι</span> <span class='ocrx_word' id='word_1_234' title='bbox 2718 1638 2817 1672; x_wconf 91' lang='grc' dir='ltr'>ουτ</span> <span class='ocrx_word' id='word_1_235' title='bbox 2876 1618 3069 1673; x_wconf 81' lang='grc' dir='ltr'>ἐκεινοι</span> <span class='ocrx_word' id='word_1_236' title='bbox 3103 1617 3359 1694; x_wconf 75' lang='grc' dir='ltr'>ασφαλως</span> <span class='ocrx_word' id='word_1_237' title='bbox 3408 1639 3565 1694; x_wconf 84' lang='grc' dir='ltr'>ειχον</span> <span class='ocrx_word' id='word_1_238' title='bbox 3616 1640 3749 1698; x_wconf 68' lang='grc' dir='ltr'>φρα-</span> 
     </span>
    </p>
   </div>
   <div class='ocr_carea' id='block_1_33' title="bbox 2101 1703 3749 1785">
    <p class='ocr_par' dir='ltr' id='par_1_33' title="bbox 2101 1703 3749 1785">
     <span class='ocr_line' id='line_1_34' title="bbox 2101 1703 3749 1785; baseline 0.002 -26"><span class='ocrx_word' id='word_1_239' title='bbox 2101 1710 2230 1775; x_wconf 86' lang='grc' dir='ltr'>ζειν,</span> <span class='ocrx_word' id='word_1_240' title='bbox 2263 1703 2411 1775; x_wconf 74' lang='grc' dir='ltr'>πλὴν</span> <span class='ocrx_word' id='word_1_241' title='bbox 2458 1710 2556 1761; x_wconf 79' lang='grc' dir='ltr'>τοῦ</span> <span class='ocrx_word' id='word_1_242' title='bbox 2588 1705 2769 1778; x_wconf 66' lang='grc' dir='ltr'>ἀληθῆ</span> <span class='ocrx_word' id='word_1_243' title='bbox 2822 1708 2952 1760; x_wconf 74' lang='grc' dir='ltr'>εἶναι</span> <span class='ocrx_word' id='word_1_244' title='bbox 3010 1712 3176 1762; x_wconf 75' lang='grc' dir='ltr'>ταῦτα</span> <span class='ocrx_word' id='word_1_245' title='bbox 3221 1708 3529 1785; x_wconf 72' lang='grc' dir='ltr'>συμφὼνως</span> <span class='ocrx_word' id='word_1_246' title='bbox 3576 1709 3749 1763; x_wconf 83' lang='grc' dir='ltr'>ἀπάν-</span> 
     </span>
    </p>
   </div>
   <div class='ocr_carea' id='block_1_34' title="bbox 322 1792 3743 1903">
    <p class='ocr_par' dir='ltr' id='par_1_34' title="bbox 322 1792 3743 1903">
     <span class='ocr_line' id='line_1_35' title="bbox 322 1792 3743 1903; baseline 0.001 -55"><span class='ocrx_word' id='word_1_247' title='bbox 322 1806 475 1858; x_wconf 82' lang='grc' dir='ltr'>σθαι.</span> <span class='ocrx_word' id='word_1_248' title='bbox 528 1793 684 1861; x_wconf 82' lang='grc' dir='ltr'>ΙΙλήν</span> <span class='ocrx_word' id='word_1_249' title='bbox 733 1794 901 1848; x_wconf 74' lang='grc' dir='ltr'>καλὸν</span> <span class='ocrx_word' id='word_1_250' title='bbox 952 1792 1003 1847; x_wconf 86' lang='grc' dir='ltr'>ἐν</span> <span class='ocrx_word' id='word_1_251' title='bbox 1052 1799 1172 1857; x_wconf 86' lang='grc' dir='ltr'>τοῖς</span> <span class='ocrx_word' id='word_1_252' title='bbox 1214 1795 1486 1857; x_wconf 78' lang='grc' dir='ltr'>τοιούτοις</span> <span class='ocrx_word' id='word_1_253' title='bbox 1538 1797 1613 1869; x_wconf 80' lang='grc' dir='ltr'>μή</span> <span class='ocrx_word' id='word_1_254' title='bbox 1664 1800 1780 1857; x_wconf 84' lang='grc' dir='ltr'>τοῖς</span> <span class='ocrx_word' id='word_1_255' title='bbox 1830 1802 1985 1872; x_wconf 78' lang='grc' dir='ltr'>λεγο-</span> <span class='ocrx_word' id='word_1_256' title='bbox 2015 1835 2062 1903; x_wconf 81' lang='grc' dir='ltr'><strong>Β</strong></span> <span class='ocrx_word' id='word_1_257' title='bbox 2096 1815 2202 1849; x_wconf 87' lang='grc' dir='ltr'>των</span> <span class='ocrx_word' id='word_1_258' title='bbox 2285 1796 2717 1871; x_wconf 76' lang='grc' dir='ltr'>ἰσχυριζομένων</span> <span class='ocrx_word' id='word_1_259' title='bbox 2792 1794 2867 1858; x_wconf 81' lang='grc' dir='ltr'>εἰς</span> <span class='ocrx_word' id='word_1_260' title='bbox 2927 1800 3088 1851; x_wconf 81' lang='grc' dir='ltr'>τοῦτο</span> <span class='ocrx_word' id='word_1_261' title='bbox 3120 1840 3132 1852; x_wconf 94' lang='grc'><strong><em>.</em></strong></span> <span class='ocrx_word' id='word_1_262' title='bbox 3195 1796 3293 1853; x_wconf 84' lang='grc' dir='ltr'>Καὶ</span> <span class='ocrx_word' id='word_1_263' title='bbox 3349 1794 3572 1860; x_wconf 75' lang='grc' dir='ltr'>ἕκαστος</span> <span class='ocrx_word' id='word_1_264' title='bbox 3622 1799 3743 1869; x_wconf 77' lang='grc' dir='ltr'>περὶ</span> 
     </span>
     <span class='ocr_line' id='line_1_36' title="bbox 380 1880 3655 1903; baseline 0.001 -2"><span class='ocrx_word' id='word_1_265' title='bbox 380 1884 391 1901; x_wconf 83' lang='grc' dir='ltr'><strong><em>Ι</em></strong></span> <span class='ocrx_word' id='word_1_266' title='bbox 598 1882 612 1898; x_wconf 65' lang='grc'><strong>9</strong></span> <span class='ocrx_word' id='word_1_267' title='bbox 721 1883 730 1902; x_wconf 76' lang='grc'><strong><em>1</em></strong></span> <span class='ocrx_word' id='word_1_268' title='bbox 990 1887 1012 1899; x_wconf 63' lang='grc' dir='ltr'><strong>ν</strong></span> <span class='ocrx_word' id='word_1_269' title='bbox 1109 1880 1129 1903; x_wconf 55' lang='grc' dir='ltr'><strong>Ἴ</strong></span> <span class='ocrx_word' id='word_1_270' title='bbox 1163 1884 1173 1903; x_wconf 72' lang='grc' dir='ltr'><strong><em>Ι</em></strong></span> <span class='ocrx_word' id='word_1_271' title='bbox 1524 1886 1534 1903; x_wconf 72' lang='grc'><strong><em>1</em></strong></span> <span class='ocrx_word' id='word_1_272' title='bbox 1850 1884 1933 1903; x_wconf 64' lang='lat'>9“</span> <span class='ocrx_word' id='word_1_273' title='bbox 1961 1885 1974 1903; x_wconf 62' lang='grc' dir='ltr'><strong>ς</strong></span> <span class='ocrx_word' id='word_1_274' title='bbox 2094 1886 2106 1903; x_wconf 63' lang='grc' dir='ltr'><strong>Ω</strong></span> <span class='ocrx_word' id='word_1_275' title='bbox 2228 1890 2255 1901; x_wconf 74' lang='lat'><strong><em>~</em></strong></span> <span class='ocrx_word' id='word_1_276' title='bbox 2327 1886 2341 1903; x_wconf 72' lang='grc' dir='ltr'><strong>*Ι</strong></span> <span class='ocrx_word' id='word_1_277' title='bbox 2465 1881 2494 1903; x_wconf 71' lang='grc' dir='ltr'>ρ</span> <span class='ocrx_word' id='word_1_278' title='bbox 2514 1887 2555 1903; x_wconf 54' lang='grc' dir='ltr'>ΙἏ</span> <span class='ocrx_word' id='word_1_279' title='bbox 2697 1883 2719 1903; x_wconf 66' lang='grc' dir='ltr'>,Ι</span> <span class='ocrx_word' id='word_1_280' title='bbox 2936 1886 2949 1902; x_wconf 81' lang='lat'><strong><em>\</em></strong></span> <span class='ocrx_word' id='word_1_281' title='bbox 3066 1888 3078 1903; x_wconf 81' lang='grc'><strong><em>1</em></strong></span> <span class='ocrx_word' id='word_1_282' title='bbox 3098 1890 3123 1903; x_wconf 72' lang='grc' dir='ltr'>ιο</span> <span class='ocrx_word' id='word_1_283' title='bbox 3194 1898 3209 1903; x_wconf 81' lang='grc'>-</span> <span class='ocrx_word' id='word_1_284' title='bbox 3368 1888 3380 1903; x_wconf 69' lang='lat'><strong>9</strong></span> <span class='ocrx_word' id='word_1_285' title='bbox 3567 1882 3596 1903; x_wconf 79' lang='grc' dir='ltr'><strong>ρ</strong></span> <span class='ocrx_word' id='word_1_286' title='bbox 3616 1885 3655 1903; x_wconf 56' lang='grc' dir='ltr'><strong>ΙΝ</strong></span> 
     </span>
    </p>
   </div>
   <div class='ocr_carea' id='block_1_35' title="bbox 324 1880 1984 1961">
    <p class='ocr_par' dir='ltr' id='par_1_35' title="bbox 324 1880 1984 1961">
     <span class='ocr_line' id='line_1_37' title="bbox 324 1880 1984 1961; baseline 0.003 -25"><span class='ocrx_word' id='word_1_287' title='bbox 324 1884 519 1955; x_wconf 85' lang='grc' dir='ltr'>μένοις</span> <span class='ocrx_word' id='word_1_288' title='bbox 595 1882 846 1954; x_wconf 83' lang='grc' dir='ltr'>ἐμμένειν</span> <span class='ocrx_word' id='word_1_289' title='bbox 923 1887 1039 1944; x_wconf 82' lang='grc' dir='ltr'>τοῖς</span> <span class='ocrx_word' id='word_1_290' title='bbox 1109 1880 1300 1959; x_wconf 88' lang='grc' dir='ltr'>λόγοις</span> <span class='ocrx_word' id='word_1_291' title='bbox 1373 1886 1778 1961; x_wconf 68' lang='grc' dir='ltr'>προσέχοντας,</span> <span class='ocrx_word' id='word_1_292' title='bbox 1840 1884 1984 1941; x_wconf 83' lang='grc' dir='ltr'>ἀλλά</span> 
     </span>
    </p>
   </div>
   <div class='ocr_carea' id='block_1_36' title="bbox 315 1970 1983 2047">
    <p class='ocr_par' dir='ltr' id='par_1_36' title="bbox 315 1970 1983 2047">
     <span class='ocr_line' id='line_1_38' title="bbox 315 1970 1983 2047; baseline 0.001 -20"><span class='ocrx_word' id='word_1_293' title='bbox 315 1972 417 2027; x_wconf 77' lang='grc' dir='ltr'>καὶ</span> <span class='ocrx_word' id='word_1_294' title='bbox 468 1971 521 2033; x_wconf 78' lang='grc' dir='ltr'>ἐς</span> <span class='ocrx_word' id='word_1_295' title='bbox 577 1971 726 2043; x_wconf 78' lang='grc' dir='ltr'>μάλα</span> <span class='ocrx_word' id='word_1_296' title='bbox 775 1973 865 2026; x_wconf 88' lang='grc' dir='ltr'>τὸν</span> <span class='ocrx_word' id='word_1_297' title='bbox 915 1976 1038 2027; x_wconf 76' lang='grc' dir='ltr'>νοῦν</span> <span class='ocrx_word' id='word_1_298' title='bbox 1088 1970 1369 2047; x_wconf 81' lang='grc' dir='ltr'>ἐπανάγειν</span> <span class='ocrx_word' id='word_1_299' title='bbox 1419 1973 1507 2029; x_wconf 81' lang='grc' dir='ltr'>καὶ</span> <span class='ocrx_word' id='word_1_300' title='bbox 1556 1974 1631 2038; x_wconf 84' lang='grc' dir='ltr'>ὡς</span> <span class='ocrx_word' id='word_1_301' title='bbox 1678 1974 1761 2029; x_wconf 75' lang='grc' dir='ltr'>ἐπ’</span> <span class='ocrx_word' id='word_1_302' title='bbox 1808 1974 1983 2030; x_wconf 82' lang='grc' dir='ltr'>αὐτῶν</span> 
     </span>
    </p>
   </div>
   <div class='ocr_carea' id='block_1_37' title="bbox 320 2057 1982 2139">
    <p class='ocr_par' dir='ltr' id='par_1_37' title="bbox 320 2057 1982 2139">
     <span class='ocr_line' id='line_1_39' title="bbox 320 2057 1982 2139; baseline 0.001 -23"><span class='ocrx_word' id='word_1_303' title='bbox 320 2057 487 2123; x_wconf 71' lang='grc' dir='ltr'>ὄντας</span> <span class='ocrx_word' id='word_1_304' title='bbox 518 2065 624 2114; x_wconf 80' lang='grc' dir='ltr'>τῶν</span> <span class='ocrx_word' id='word_1_305' title='bbox 658 2060 992 2136; x_wconf 76' lang='grc' dir='ltr'>πραγμάτων</span> <span class='ocrx_word' id='word_1_306' title='bbox 1023 2060 1315 2117; x_wconf 80' lang='grc' dir='ltr'>ἀναπολεῖν</span> <span class='ocrx_word' id='word_1_307' title='bbox 1345 2063 1413 2117; x_wconf 80' lang='grc' dir='ltr'>τὰ</span> <span class='ocrx_word' id='word_1_308' title='bbox 1456 2061 1749 2137; x_wconf 82' lang='grc' dir='ltr'>λεγόμενα.</span> <span class='ocrx_word' id='word_1_309' title='bbox 1784 2064 1982 2139; x_wconf 80' lang='grc' dir='ltr'>Πρώτῃ</span> 
     </span>
    </p>
   </div>
   <div class='ocr_carea' id='block_1_38' title="bbox 313 2148 1980 2227">
    <p class='ocr_par' dir='ltr' id='par_1_38' title="bbox 313 2148 1980 2227">
     <span class='ocr_line' id='line_1_40' title="bbox 313 2148 1980 2227; baseline 0.001 -21"><span class='ocrx_word' id='word_1_310' title='bbox 313 2150 508 2206; x_wconf 84' lang='grc' dir='ltr'>τοίνυν</span> <span class='ocrx_word' id='word_1_311' title='bbox 558 2148 777 2226; x_wconf 76' lang='grc' dir='ltr'>φυλακῇ</span> <span class='ocrx_word' id='word_1_312' title='bbox 826 2158 928 2219; x_wconf 79' lang='grc' dir='ltr'>τῆς</span> <span class='ocrx_word' id='word_1_313' title='bbox 975 2151 1188 2227; x_wconf 75' lang='grc' dir='ltr'>ἡμέρας</span> <span class='ocrx_word' id='word_1_314' title='bbox 1222 2150 1450 2223; x_wconf 77' lang='grc' dir='ltr'>ἐκείνης,</span> <span class='ocrx_word' id='word_1_315' title='bbox 1507 2149 1980 2225; x_wconf 76' lang='grc' dir='ltr'>ὑπεραναϐεϐηκό-</span> 
     </span>
    </p>
   </div>
   <div class='ocr_carea' id='block_1_39' title="bbox 310 2237 1976 2315">
    <p class='ocr_par' dir='ltr' id='par_1_39' title="bbox 310 2237 1976 2315">
     <span class='ocr_line' id='line_1_41' title="bbox 310 2237 1976 2315; baseline 0.001 -20"><span class='ocrx_word' id='word_1_316' title='bbox 310 2260 415 2301; x_wconf 85' lang='grc' dir='ltr'>τος</span> <span class='ocrx_word' id='word_1_317' title='bbox 465 2239 556 2292; x_wconf 88' lang='grc' dir='ltr'>τὸν</span> <span class='ocrx_word' id='word_1_318' title='bbox 611 2238 861 2311; x_wconf 82' lang='grc' dir='ltr'>ὁρίζοντα</span> <span class='ocrx_word' id='word_1_319' title='bbox 891 2243 988 2293; x_wconf 77' lang='grc' dir='ltr'>τοῦ</span> <span class='ocrx_word' id='word_1_320' title='bbox 1032 2237 1202 2308; x_wconf 80' lang='grc' dir='ltr'>ἡλίου</span> <span class='ocrx_word' id='word_1_321' title='bbox 1234 2238 1357 2294; x_wconf 80' lang='grc' dir='ltr'>ὅσον</span> <span class='ocrx_word' id='word_1_322' title='bbox 1406 2240 1495 2294; x_wconf 89' lang='grc' dir='ltr'>καὶ</span> <span class='ocrx_word' id='word_1_323' title='bbox 1528 2239 1612 2295; x_wconf 80' lang='grc' dir='ltr'>ἐπὶ</span> <span class='ocrx_word' id='word_1_324' title='bbox 1651 2242 1842 2315; x_wconf 80' lang='grc' dir='ltr'>μοίρας</span> <span class='ocrx_word' id='word_1_325' title='bbox 1876 2248 1976 2310; x_wconf 85' lang='grc' dir='ltr'>ζω-</span> 
     </span>
    </p>
   </div>
   <div class='ocr_carea' id='block_1_40' title="bbox 315 2325 1977 2406">
    <p class='ocr_par' dir='ltr' id='par_1_40' title="bbox 315 2325 1977 2406">
     <span class='ocr_line' id='line_1_42' title="bbox 315 2325 1977 2406; baseline 0.001 -22"><span class='ocrx_word' id='word_1_326' title='bbox 315 2327 441 2384; x_wconf 76' lang='grc' dir='ltr'>δίου</span> <span class='ocrx_word' id='word_1_327' title='bbox 473 2330 782 2404; x_wconf 75' lang='grc' dir='ltr'>τριάκοντα,</span> <span class='ocrx_word' id='word_1_328' title='bbox 838 2329 919 2382; x_wconf 84' lang='grc' dir='ltr'>ἐπ’</span> <span class='ocrx_word' id='word_1_329' title='bbox 968 2325 1149 2405; x_wconf 77' lang='grc' dir='ltr'>ἔργοις</span> <span class='ocrx_word' id='word_1_330' title='bbox 1181 2326 1349 2384; x_wconf 76' lang='grc' dir='ltr'>ὄντων</span> <span class='ocrx_word' id='word_1_331' title='bbox 1372 2334 1477 2384; x_wconf 79' lang='grc' dir='ltr'>τῶν</span> <span class='ocrx_word' id='word_1_332' title='bbox 1513 2328 1813 2406; x_wconf 83' lang='grc' dir='ltr'>ἀνθρώπων</span> <span class='ocrx_word' id='word_1_333' title='bbox 1866 2336 1977 2385; x_wconf 80' lang='grc' dir='ltr'>τῶν</span> 
     </span>
    </p>
   </div>
   <div class='ocr_carea' id='block_1_41' title="bbox 316 2415 1977 2498">
    <p class='ocr_par' dir='ltr' id='par_1_41' title="bbox 316 2415 1977 2498">
     <span class='ocr_line' id='line_1_43' title="bbox 316 2415 1977 2498; baseline 0.001 -26"><span class='ocrx_word' id='word_1_334' title='bbox 316 2420 419 2491; x_wconf 74' lang='grc' dir='ltr'>μὲν</span> <span class='ocrx_word' id='word_1_335' title='bbox 478 2423 868 2490; x_wconf 79' lang='grc' dir='ltr'>πνευματικοῖς</span> <span class='ocrx_word' id='word_1_336' title='bbox 916 2422 1024 2471; x_wconf 84' lang='grc' dir='ltr'>τῶν</span> <span class='ocrx_word' id='word_1_337' title='bbox 1077 2415 1135 2473; x_wconf 74' lang='grc' dir='ltr'>δὲ</span> <span class='ocrx_word' id='word_1_338' title='bbox 1177 2418 1265 2472; x_wconf 77' lang='grc' dir='ltr'>καὶ</span> <span class='ocrx_word' id='word_1_339' title='bbox 1316 2425 1674 2492; x_wconf 81' lang='grc' dir='ltr'>σωματικοῖς,</span> <span class='ocrx_word' id='word_1_340' title='bbox 1727 2419 1977 2498; x_wconf 66' lang='grc' dir='ltr'>ἐξαίφνης</span> 
     </span>
    </p>
   </div>
   <div class='ocr_carea' id='block_1_42' title="bbox 312 2505 1975 2585">
    <p class='ocr_par' dir='ltr' id='par_1_42' title="bbox 312 2505 1975 2585">
     <span class='ocr_line' id='line_1_44' title="bbox 312 2505 1975 2585; baseline 0.002 -23"><span class='ocrx_word' id='word_1_341' title='bbox 312 2505 621 2585; x_wconf 74' lang='grc' dir='ltr'>φημίζεται</span> <span class='ocrx_word' id='word_1_342' title='bbox 671 2505 841 2581; x_wconf 85' lang='grc' dir='ltr'>λόγος</span> <span class='ocrx_word' id='word_1_343' title='bbox 869 2507 969 2562; x_wconf 82' lang='grc' dir='ltr'>οὐκ</span> <span class='ocrx_word' id='word_1_344' title='bbox 1018 2508 1068 2562; x_wconf 79' lang='grc' dir='ltr'>ἐν</span> <span class='ocrx_word' id='word_1_345' title='bbox 1100 2505 1243 2580; x_wconf 76' lang='grc' dir='ltr'>τῷδε</span> <span class='ocrx_word' id='word_1_346' title='bbox 1296 2509 1387 2581; x_wconf 74' lang='grc' dir='ltr'>μὲν</span> <span class='ocrx_word' id='word_1_347' title='bbox 1418 2514 1497 2581; x_wconf 81' lang='grc' dir='ltr'>τῷ</span> <span class='ocrx_word' id='word_1_348' title='bbox 1532 2510 1680 2585; x_wconf 78' lang='grc' dir='ltr'>μέρει</span> <span class='ocrx_word' id='word_1_349' title='bbox 1724 2516 1825 2579; x_wconf 78' lang='grc' dir='ltr'>τῆς</span> <span class='ocrx_word' id='word_1_350' title='bbox 1873 2510 1975 2565; x_wconf 89' lang='grc' dir='ltr'>πό-</span> 
     </span>
    </p>
   </div>
   <div class='ocr_carea' id='block_1_43' title="bbox 313 2592 1976 2672">
    <p class='ocr_par' dir='ltr' id='par_1_43' title="bbox 313 2592 1976 2672">
     <span class='ocr_line' id='line_1_45' title="bbox 313 2592 1976 2672; baseline 0.002 -22"><span class='ocrx_word' id='word_1_351' title='bbox 313 2596 465 2661; x_wconf 87' lang='grc' dir='ltr'>λεως</span> <span class='ocrx_word' id='word_1_352' title='bbox 494 2597 545 2651; x_wconf 80' lang='grc' dir='ltr'>ἐν</span> <span class='ocrx_word' id='word_1_353' title='bbox 572 2594 715 2668; x_wconf 80' lang='grc' dir='ltr'>τῷδε</span> <span class='ocrx_word' id='word_1_354' title='bbox 746 2594 791 2649; x_wconf 82' lang='grc' dir='ltr'>δ’</span> <span class='ocrx_word' id='word_1_355' title='bbox 825 2592 908 2665; x_wconf 66' lang='grc' dir='ltr'>οὗ,</span> <span class='ocrx_word' id='word_1_356' title='bbox 942 2595 1087 2652; x_wconf 85' lang='grc' dir='ltr'>ἀλλᾶ</span> <span class='ocrx_word' id='word_1_357' title='bbox 1132 2596 1318 2671; x_wconf 80' lang='grc' dir='ltr'>κύκλῳ</span> <span class='ocrx_word' id='word_1_358' title='bbox 1366 2600 1490 2672; x_wconf 81' lang='grc' dir='ltr'>περὶ</span> <span class='ocrx_word' id='word_1_359' title='bbox 1519 2600 1618 2667; x_wconf 65' lang='grc' dir='ltr'>τὴν</span> <span class='ocrx_word' id='word_1_360' title='bbox 1650 2597 1812 2653; x_wconf 86' lang='grc' dir='ltr'>πόλιν</span> <span class='ocrx_word' id='word_1_361' title='bbox 1845 2602 1976 2655; x_wconf 79' lang='grc' dir='ltr'>ἅπα-</span> 
     </span>
    </p>
   </div>
   <div class='ocr_carea' id='block_1_44' title="bbox 306 2796 1974 2868">
    <p class='ocr_par' dir='ltr' id='par_1_44' title="bbox 306 2796 1974 2868">
     <span class='ocr_line' id='line_1_46' title="bbox 306 2796 1974 2868; baseline 0.002 -16"><span class='ocrx_word' id='word_1_362' title='bbox 306 2798 404 2852; x_wconf 84' lang='grc'>28.</span> <span class='ocrx_word' id='word_1_363' title='bbox 451 2798 525 2853; x_wconf 82' lang='lat' dir='ltr'>De</span> <span class='ocrx_word' id='word_1_364' title='bbox 590 2798 834 2868; x_wconf 78' lang='lat' dir='ltr'>Vulgata</span> <span class='ocrx_word' id='word_1_365' title='bbox 885 2796 1092 2854; x_wconf 62' lang='lat' dir='ltr'>Nicaeae</span> <span class='ocrx_word' id='word_1_366' title='bbox 1144 2798 1284 2866; x_wconf 77' lang='lat' dir='ltr'>falso</span> <span class='ocrx_word' id='word_1_367' title='bbox 1339 2800 1538 2855; x_wconf 76' lang='lat' dir='ltr'>nuntio</span> <span class='ocrx_word' id='word_1_368' title='bbox 1591 2799 1974 2856; x_wconf 75' lang='lat' dir='ltr'>tnvadentium</span> 
     </span>
    </p>
   </div>
   <div class='ocr_carea' id='block_1_45' title="bbox 752 2869 1541 2929">
    <p class='ocr_par' dir='ltr' id='par_1_45' title="bbox 752 2869 1541 2929">
     <span class='ocr_line' id='line_1_47' title="bbox 752 2869 1541 2929; baseline 0.005 -5"><span class='ocrx_word' id='word_1_369' title='bbox 752 2885 873 2925; x_wconf 86' lang='lat' dir='ltr'>eam</span> <span class='ocrx_word' id='word_1_370' title='bbox 920 2872 1111 2925; x_wconf 81' lang='lat' dir='ltr'>urbem</span> <span class='ocrx_word' id='word_1_371' title='bbox 1150 2869 1541 2929; x_wconf 84' lang='lat' dir='ltr'>Tocharorum.</span> 
     </span>
    </p>
   </div>
   <div class='ocr_carea' id='block_1_46' title="bbox 388 2975 1970 3048">
    <p class='ocr_par' dir='ltr' id='par_1_46' title="bbox 388 2975 1970 3048">
     <span class='ocr_line' id='line_1_48' title="bbox 388 2975 1970 3048; baseline 0.002 -17"><span class='ocrx_word' id='word_1_372' title='bbox 388 2977 670 3048; x_wconf 82' lang='lat' dir='ltr'>Ejusdem</span> <span class='ocrx_word' id='word_1_373' title='bbox 704 2980 900 3031; x_wconf 91' lang='lat' dir='ltr'>autem</span> <span class='ocrx_word' id='word_1_374' title='bbox 948 2975 1087 3031; x_wconf 90' lang='lat' dir='ltr'>anni</span> <span class='ocrx_word' id='word_1_375' title='bbox 1133 2993 1336 3033; x_wconf 84' lang='lat' dir='ltr'><strong>mense</strong></span> <span class='ocrx_word' id='word_1_376' title='bbox 1388 2976 1617 3047; x_wconf 83' lang='lat' dir='ltr'>Martio,</span> <span class='ocrx_word' id='word_1_377' title='bbox 1654 2995 1787 3035; x_wconf 90' lang='lat' dir='ltr'>cum</span> <span class='ocrx_word' id='word_1_378' title='bbox 1820 2979 1970 3034; x_wconf 85' lang='lat' dir='ltr'>sacri</span> 
     </span>
    </p>
   </div>
   <div class='ocr_carea' id='block_1_47' title="bbox 305 3064 1967 3137">
    <p class='ocr_par' dir='ltr' id='par_1_47' title="bbox 305 3064 1967 3137">
     <span class='ocr_line' id='line_1_49' title="bbox 305 3064 1967 3137; baseline 0.001 -16"><span class='ocrx_word' id='word_1_379' title='bbox 305 3066 439 3122; x_wconf 88' lang='lat' dir='ltr'>dies</span> <span class='ocrx_word' id='word_1_380' title='bbox 464 3065 683 3137; x_wconf 87' lang='lat' dir='ltr'>jejunii</span> <span class='ocrx_word' id='word_1_381' title='bbox 713 3064 1275 3134; x_wconf 72' lang='lat' dir='ltr'>celebrarentUr,die</span> <span class='ocrx_word' id='word_1_382' title='bbox 1296 3066 1558 3122; x_wconf 90' lang='lat' dir='ltr'>secunda</span> <span class='ocrx_word' id='word_1_383' title='bbox 1579 3065 1967 3124; x_wconf 79' lang='lat' dir='ltr'>hebdomadis</span> 
     </span>
    </p>
   </div>
   <div class='ocr_carea' id='block_1_48' title="bbox 308 3152 1965 3228">
    <p class='ocr_par' dir='ltr' id='par_1_48' title="bbox 308 3152 1965 3228">
     <span class='ocr_line' id='line_1_50' title="bbox 308 3152 1965 3228; baseline 0.001 -17"><span class='ocrx_word' id='word_1_384' title='bbox 308 3155 613 3221; x_wconf 71' lang='lat' dir='ltr'>secundae,</span> <span class='ocrx_word' id='word_1_385' title='bbox 646 3153 891 3226; x_wconf 89' lang='lat' dir='ltr'>contigit</span> <span class='ocrx_word' id='word_1_386' title='bbox 942 3152 1144 3210; x_wconf 65' lang='lat' dir='ltr'>Nicaea:</span> <span class='ocrx_word' id='word_1_387' title='bbox 1200 3170 1269 3210; x_wconf 87' lang='lat' dir='ltr'>ex</span> <span class='ocrx_word' id='word_1_388' title='bbox 1314 3154 1618 3228; x_wconf 90' lang='lat' dir='ltr'>inopinato</span> <span class='ocrx_word' id='word_1_389' title='bbox 1672 3161 1729 3211; x_wconf 92' lang='lat' dir='ltr'>et</span> <span class='ocrx_word' id='word_1_390' title='bbox 1771 3157 1965 3213; x_wconf 85' lang='lat' dir='ltr'>subito</span> 
     </span>
    </p>
   </div>
   <div class='ocr_carea' id='block_1_49' title="bbox 304 3242 1964 3315">
    <p class='ocr_par' dir='ltr' id='par_1_49' title="bbox 304 3242 1964 3315">
     <span class='ocr_line' id='line_1_51' title="bbox 304 3242 1964 3315; baseline 0.002 -17"><span class='ocrx_word' id='word_1_391' title='bbox 304 3244 598 3315; x_wconf 80' lang='lat' dir='ltr'>quiddam</span> <span class='ocrx_word' id='word_1_392' title='bbox 630 3244 776 3299; x_wconf 91' lang='lat' dir='ltr'>adeo</span> <span class='ocrx_word' id='word_1_393' title='bbox 806 3242 1153 3315; x_wconf 85' lang='lat' dir='ltr'>terriﬁcum,</span> <span class='ocrx_word' id='word_1_394' title='bbox 1187 3248 1253 3299; x_wconf 93' lang='lat' dir='ltr'>ut</span> <span class='ocrx_word' id='word_1_395' title='bbox 1277 3244 1326 3299; x_wconf 89' lang='lat' dir='ltr'>si</span> <span class='ocrx_word' id='word_1_396' title='bbox 1360 3260 1490 3300; x_wconf 88' lang='lat' dir='ltr'>cum</span> <span class='ocrx_word' id='word_1_397' title='bbox 1541 3246 1793 3301; x_wconf 80' lang='lat' dir='ltr'>maxime</span> <span class='ocrx_word' id='word_1_398' title='bbox 1841 3250 1964 3301; x_wconf 89' lang='lat' dir='ltr'>tur-</span> 
     </span>
    </p>
   </div>
   <div class='ocr_carea' id='block_1_50' title="bbox 305 3331 1964 3405">
    <p class='ocr_par' dir='ltr' id='par_1_50' title="bbox 305 3331 1964 3405">
     <span class='ocr_line' id='line_1_52' title="bbox 305 3331 1964 3405; baseline 0.001 -16"><span class='ocrx_word' id='word_1_399' title='bbox 305 3334 577 3389; x_wconf 89' lang='lat' dir='ltr'>bulentis</span> <span class='ocrx_word' id='word_1_400' title='bbox 608 3337 665 3388; x_wconf 90' lang='lat' dir='ltr'>et</span> <span class='ocrx_word' id='word_1_401' title='bbox 695 3332 1083 3388; x_wconf 81' lang='lat' dir='ltr'>tumultuosis</span> <span class='ocrx_word' id='word_1_402' title='bbox 1128 3331 1460 3402; x_wconf 78' lang='lat' dir='ltr'>eventibus,</span> <span class='ocrx_word' id='word_1_403' title='bbox 1494 3334 1596 3405; x_wconf 91' lang='lat' dir='ltr'>qui</span> <span class='ocrx_word' id='word_1_404' title='bbox 1648 3336 1964 3391; x_wconf 82' lang='lat' dir='ltr'>maximam</span> 
     </span>
    </p>
   </div>
   <div class='ocr_carea' id='block_1_51' title="bbox 311 3421 1963 3489">
    <p class='ocr_par' dir='ltr' id='par_1_51' title="bbox 311 3421 1963 3489">
     <span class='ocr_line' id='line_1_53' title="bbox 311 3421 1963 3489; baseline 0.001 -11"><span class='ocrx_word' id='word_1_405' title='bbox 311 3424 527 3479; x_wconf 73' lang='lat' dir='ltr'>afferre</span> <span class='ocrx_word' id='word_1_406' title='bbox 577 3422 1111 3478; x_wconf 78' lang='lat' dir='ltr'>consternationem</span> <span class='ocrx_word' id='word_1_407' title='bbox 1166 3421 1377 3488; x_wconf 88' lang='lat' dir='ltr'>solent,</span> <span class='ocrx_word' id='word_1_408' title='bbox 1430 3425 1783 3489; x_wconf 87' lang='lat' dir='ltr'>conferatur,</span> <span class='ocrx_word' id='word_1_409' title='bbox 1818 3424 1963 3479; x_wconf 89' lang='lat' dir='ltr'>nulli</span> 
     </span>
    </p>
   </div>
   <div class='ocr_carea' id='block_1_52' title="bbox 311 3512 1960 3585">
    <p class='ocr_par' dir='ltr' id='par_1_52' title="bbox 311 3512 1960 3585">
     <span class='ocr_line' id='line_1_54' title="bbox 311 3512 1960 3585; baseline 0 -18"><span class='ocrx_word' id='word_1_410' title='bbox 311 3514 585 3567; x_wconf 89' lang='lat' dir='ltr'>omnium</span> <span class='ocrx_word' id='word_1_411' title='bbox 619 3512 855 3566; x_wconf 79' lang='lat' dir='ltr'>diritate</span> <span class='ocrx_word' id='word_1_412' title='bbox 886 3512 1298 3568; x_wconf 88' lang='lat' dir='ltr'>commotionis</span> <span class='ocrx_word' id='word_1_413' title='bbox 1330 3528 1394 3567; x_wconf 90' lang='lat' dir='ltr'>ac</span> <span class='ocrx_word' id='word_1_414' title='bbox 1426 3512 1726 3585; x_wconf 89' lang='lat' dir='ltr'>popularis</span> <span class='ocrx_word' id='word_1_415' title='bbox 1761 3513 1960 3567; x_wconf 86' lang='lat' dir='ltr'>formi-</span> 
     </span>
    </p>
   </div>
   <div class='ocr_carea' id='block_1_53' title="bbox 305 3600 1959 3673">
    <p class='ocr_par' dir='ltr' id='par_1_53' title="bbox 305 3600 1959 3673">
     <span class='ocr_line' id='line_1_55' title="bbox 305 3600 1959 3673; baseline 0 -17"><span class='ocrx_word' id='word_1_416' title='bbox 305 3602 473 3656; x_wconf 90' lang='lat' dir='ltr'>dinis</span> <span class='ocrx_word' id='word_1_417' title='bbox 503 3600 716 3656; x_wconf 88' lang='lat' dir='ltr'>insana</span> <span class='ocrx_word' id='word_1_418' title='bbox 746 3600 1129 3655; x_wconf 88' lang='lat' dir='ltr'>concitatione</span> <span class='ocrx_word' id='word_1_419' title='bbox 1161 3600 1458 3655; x_wconf 88' lang='lat' dir='ltr'>concedat.</span> <span class='ocrx_word' id='word_1_420' title='bbox 1506 3600 1669 3669; x_wconf 88' lang='lat' dir='ltr'>Unde</span> <span class='ocrx_word' id='word_1_421' title='bbox 1702 3618 1766 3657; x_wconf 90' lang='lat' dir='ltr'>ac</span> <span class='ocrx_word' id='word_1_422' title='bbox 1815 3618 1959 3673; x_wconf 89' lang='lat' dir='ltr'>quo-</span> 
     </span>
    </p>
   </div>
   <div class='ocr_carea' id='block_1_54' title="bbox 306 3688 1960 3761">
    <p class='ocr_par' dir='ltr' id='par_1_54' title="bbox 306 3688 1960 3761">
     <span class='ocr_line' id='line_1_56' title="bbox 306 3688 1960 3761; baseline 0.001 -17"><span class='ocrx_word' id='word_1_423' title='bbox 306 3691 491 3745; x_wconf 89' lang='lat' dir='ltr'>modo</span> <span class='ocrx_word' id='word_1_424' title='bbox 543 3689 822 3745; x_wconf 90' lang='lat' dir='ltr'>acciderit</span> <span class='ocrx_word' id='word_1_425' title='bbox 877 3692 999 3743; x_wconf 89' lang='lat' dir='ltr'>tam</span> <span class='ocrx_word' id='word_1_426' title='bbox 1048 3688 1430 3744; x_wconf 81' lang='lat' dir='ltr'>vehementer</span> <span class='ocrx_word' id='word_1_427' title='bbox 1474 3690 1779 3761; x_wconf 84' lang='lat' dir='ltr'>ingruens,</span> <span class='ocrx_word' id='word_1_428' title='bbox 1841 3696 1960 3745; x_wconf 87' lang='lat' dir='ltr'>tam</span> 
     </span>
    </p>
   </div>
   <div class='ocr_carea' id='block_1_55' title="bbox 299 3777 1957 3850">
    <p class='ocr_par' dir='ltr' id='par_1_55' title="bbox 299 3777 1957 3850">
     <span class='ocr_line' id='line_1_57' title="bbox 299 3777 1957 3850; baseline 0.001 -17"><span class='ocrx_word' id='word_1_429' title='bbox 299 3780 551 3849; x_wconf 85' lang='lat' dir='ltr'>longum</span> <span class='ocrx_word' id='word_1_430' title='bbox 580 3781 825 3844; x_wconf 87' lang='lat' dir='ltr'>durans,</span> <span class='ocrx_word' id='word_1_431' title='bbox 857 3780 979 3833; x_wconf 90' lang='lat' dir='ltr'>tam</span> <span class='ocrx_word' id='word_1_432' title='bbox 1010 3778 1183 3833; x_wconf 85' lang='lat' dir='ltr'>anxia</span> <span class='ocrx_word' id='word_1_433' title='bbox 1204 3780 1638 3850; x_wconf 87' lang='lat' dir='ltr'>exspectatione</span> <span class='ocrx_word' id='word_1_434' title='bbox 1672 3777 1803 3834; x_wconf 89' lang='lat' dir='ltr'>mali</span> <span class='ocrx_word' id='word_1_435' title='bbox 1826 3796 1957 3850; x_wconf 86' lang='lat' dir='ltr'>gra-</span> 
     </span>
    </p>
   </div>
   <div class='ocr_carea' id='block_1_56' title="bbox 292 3865 1955 3932">
    <p class='ocr_par' dir='ltr' id='par_1_56' title="bbox 292 3865 1955 3932">
     <span class='ocr_line' id='line_1_58' title="bbox 292 3865 1955 3932; baseline 0 -9"><span class='ocrx_word' id='word_1_436' title='bbox 292 3868 533 3923; x_wconf 84' lang='lat' dir='ltr'>vissimi</span> <span class='ocrx_word' id='word_1_437' title='bbox 567 3868 838 3923; x_wconf 87' lang='lat' dir='ltr'>crucians</span> <span class='ocrx_word' id='word_1_438' title='bbox 859 3872 1069 3932; x_wconf 88' lang='lat' dir='ltr'>terror,</span> <span class='ocrx_word' id='word_1_439' title='bbox 1110 3872 1226 3922; x_wconf 87' lang='lat' dir='ltr'>tam</span> <span class='ocrx_word' id='word_1_440' title='bbox 1259 3865 1674 3923; x_wconf 88' lang='lat' dir='ltr'>inevitabiliter</span> <span class='ocrx_word' id='word_1_441' title='bbox 1702 3869 1762 3923; x_wconf 88' lang='lat' dir='ltr'>in</span> <span class='ocrx_word' id='word_1_442' title='bbox 1795 3886 1955 3923; x_wconf 84' lang='lat' dir='ltr'>sum-</span> 
     </span>
    </p>
   </div>
   <div class='ocr_carea' id='block_1_57' title="bbox 298 3956 1956 4029">
    <p class='ocr_par' dir='ltr' id='par_1_57' title="bbox 298 3956 1956 4029">
     <span class='ocr_line' id='line_1_59' title="bbox 298 3956 1956 4029; baseline 0 -16"><span class='ocrx_word' id='word_1_443' title='bbox 298 3975 417 4013; x_wconf 67' lang='lat' dir='ltr'>mae</span> <span class='ocrx_word' id='word_1_444' title='bbox 455 3956 808 4013; x_wconf 84' lang='lat' dir='ltr'>calamitatis</span> <span class='ocrx_word' id='word_1_445' title='bbox 836 3973 1077 4012; x_wconf 89' lang='lat' dir='ltr'>sensum</span> <span class='ocrx_word' id='word_1_446' title='bbox 1111 3957 1280 4029; x_wconf 89' lang='lat' dir='ltr'>quasi</span> <span class='ocrx_word' id='word_1_447' title='bbox 1312 3961 1657 4027; x_wconf 62' lang='lat' dir='ltr'>praesentem</span> <span class='ocrx_word' id='word_1_448' title='bbox 1693 3974 1825 4013; x_wconf 90' lang='lat' dir='ltr'>cum</span> <span class='ocrx_word' id='word_1_449' title='bbox 1859 3974 1956 4013; x_wconf 85' lang='lat' dir='ltr'>ex-</span> 
     </span>
    </p>
   </div>
   <div class='ocr_carea' id='block_1_58' title="bbox 304 4046 1959 4119">
    <p class='ocr_par' dir='ltr' id='par_1_58' title="bbox 304 4046 1959 4119">
     <span class='ocr_line' id='line_1_60' title="bbox 304 4046 1959 4119; baseline -0.001 -16"><span class='ocrx_word' id='word_1_450' title='bbox 304 4053 511 4103; x_wconf 89' lang='lat' dir='ltr'>trema</span> <span class='ocrx_word' id='word_1_451' title='bbox 557 4048 965 4118; x_wconf 79' lang='lat' dir='ltr'>desperatione</span> <span class='ocrx_word' id='word_1_452' title='bbox 1012 4046 1223 4101; x_wconf 88' lang='lat' dir='ltr'>salutis</span> <span class='ocrx_word' id='word_1_453' title='bbox 1248 4064 1397 4118; x_wconf 91' lang='lat' dir='ltr'>quos</span> <span class='ocrx_word' id='word_1_454' title='bbox 1428 4046 1959 4119; x_wconf 87' lang='lat' dir='ltr'>comprehendebat</span> 
     </span>
    </p>
   </div>
   <div class='ocr_carea' id='block_1_59' title="bbox 298 4135 1957 4208">
    <p class='ocr_par' dir='ltr' id='par_1_59' title="bbox 298 4135 1957 4208">
     <span class='ocr_line' id='line_1_61' title="bbox 298 4135 1957 4208; baseline 0 -17"><span class='ocrx_word' id='word_1_455' title='bbox 298 4137 558 4191; x_wconf 85' lang='lat' dir='ltr'>miseros</span> <span class='ocrx_word' id='word_1_456' title='bbox 590 4136 935 4206; x_wconf 89' lang='lat' dir='ltr'>conjiciens,</span> <span class='ocrx_word' id='word_1_457' title='bbox 956 4136 1290 4191; x_wconf 83' lang='lat' dir='ltr'>conandum</span> <span class='ocrx_word' id='word_1_458' title='bbox 1324 4135 1957 4208; x_wconf 88' lang='lat' dir='ltr'>estdicere,utcunque</span> 
     </span>
    </p>
   </div>
   <div class='ocr_carea' id='block_1_60' title="bbox 295 4224 1952 4296">
    <p class='ocr_par' dir='ltr' id='par_1_60' title="bbox 295 4224 1952 4296">
     <span class='ocr_line' id='line_1_62' title="bbox 295 4224 1952 4296; baseline -0.001 -15"><span class='ocrx_word' id='word_1_459' title='bbox 295 4227 383 4282; x_wconf 89' lang='lat' dir='ltr'>sit</span> <span class='ocrx_word' id='word_1_460' title='bbox 410 4224 650 4280; x_wconf 81' lang='lat' dir='ltr'>difﬁcile</span> <span class='ocrx_word' id='word_1_461' title='bbox 674 4226 1011 4280; x_wconf 87' lang='lat' dir='ltr'>narratione</span> <span class='ocrx_word' id='word_1_462' title='bbox 1034 4242 1153 4280; x_wconf 91' lang='lat' dir='ltr'>rem</span> <span class='ocrx_word' id='word_1_463' title='bbox 1186 4226 1509 4296; x_wconf 85' lang='lat' dir='ltr'>exprimere</span> <span class='ocrx_word' id='word_1_464' title='bbox 1532 4224 1617 4280; x_wconf 87' lang='lat' dir='ltr'>uti</span> <span class='ocrx_word' id='word_1_465' title='bbox 1641 4240 1702 4281; x_wconf 88' lang='lat' dir='ltr'>se</span> <span class='ocrx_word' id='word_1_466' title='bbox 1726 4225 1952 4292; x_wconf 86' lang='lat' dir='ltr'>habuit,</span> 
     </span>
    </p>
   </div>
   <div class='ocr_carea' id='block_1_61' title="bbox 299 4315 1957 4388">
    <p class='ocr_par' dir='ltr' id='par_1_61' title="bbox 299 4315 1957 4388">
     <span class='ocr_line' id='line_1_63' title="bbox 299 4315 1957 4388; baseline 0.002 -19"><span class='ocrx_word' id='word_1_467' title='bbox 299 4315 529 4388; x_wconf 89' lang='lat' dir='ltr'>quippe</span> <span class='ocrx_word' id='word_1_468' title='bbox 552 4331 681 4385; x_wconf 65' lang='lat' dir='ltr'>quae</span> <span class='ocrx_word' id='word_1_469' title='bbox 716 4315 789 4369; x_wconf 85' lang='lat' dir='ltr'>sit</span> <span class='ocrx_word' id='word_1_470' title='bbox 818 4315 1150 4370; x_wconf 89' lang='lat' dir='ltr'>necessario</span> <span class='ocrx_word' id='word_1_471' title='bbox 1200 4316 1399 4369; x_wconf 90' lang='lat' dir='ltr'>minus</span> <span class='ocrx_word' id='word_1_472' title='bbox 1430 4320 1593 4370; x_wconf 83' lang='lat' dir='ltr'>atrox</span> <span class='ocrx_word' id='word_1_473' title='bbox 1615 4316 1957 4387; x_wconf 89' lang='lat' dir='ltr'>apparitura</span> 
     </span>
    </p>
   </div>
   <div class='ocr_carea' id='block_1_62' title="bbox 292 4403 1955 4477">
    <p class='ocr_par' dir='ltr' id='par_1_62' title="bbox 292 4403 1955 4477">
     <span class='ocr_line' id='line_1_64' title="bbox 292 4403 1955 4477; baseline 0.001 -17"><span class='ocrx_word' id='word_1_474' title='bbox 292 4404 637 4476; x_wconf 84' lang='lat' dir='ltr'>legentibus</span> <span class='ocrx_word' id='word_1_475' title='bbox 669 4420 849 4475; x_wconf 90' lang='lat' dir='ltr'>quam</span> <span class='ocrx_word' id='word_1_476' title='bbox 881 4420 1006 4459; x_wconf 90' lang='lat' dir='ltr'>eam</span> <span class='ocrx_word' id='word_1_477' title='bbox 1032 4403 1256 4475; x_wconf 85' lang='lat' dir='ltr'>experti</span> <span class='ocrx_word' id='word_1_478' title='bbox 1278 4409 1613 4459; x_wconf 90' lang='lat' dir='ltr'>senserunt.</span> <span class='ocrx_word' id='word_1_479' title='bbox 1646 4404 1792 4459; x_wconf 90' lang='lat' dir='ltr'>Nam</span> <span class='ocrx_word' id='word_1_480' title='bbox 1826 4422 1955 4477; x_wconf 66' lang='lat' dir='ltr'>quae</span> 
     </span>
    </p>
   </div>
   <div class='ocr_carea' id='block_1_63' title="bbox 2094 1881 3747 1965">
    <p class='ocr_par' dir='ltr' id='par_1_63' title="bbox 2094 1881 3747 1965">
     <span class='ocr_line' id='line_1_65' title="bbox 2094 1881 3747 1965; baseline 0 -26"><span class='ocrx_word' id='word_1_481' title='bbox 2094 1886 2269 1958; x_wconf 72' lang='grc' dir='ltr'>ἑαυτῷ</span> <span class='ocrx_word' id='word_1_482' title='bbox 2318 1881 2648 1961; x_wconf 64' lang='grc' dir='ltr'>ἀμφιϐόλως</span> <span class='ocrx_word' id='word_1_483' title='bbox 2695 1883 2837 1961; x_wconf 80' lang='grc' dir='ltr'>ἔχων</span> <span class='ocrx_word' id='word_1_484' title='bbox 2896 1886 2958 1939; x_wconf 89' lang='grc' dir='ltr'>τὸ</span> <span class='ocrx_word' id='word_1_485' title='bbox 3011 1888 3296 1955; x_wconf 83' lang='grc' dir='ltr'>σώζεσθαι,</span> <span class='ocrx_word' id='word_1_486' title='bbox 3356 1882 3747 1965; x_wconf 69' lang='grc' dir='ltr'>ἀναμφιϐόλως</span> 
     </span>
    </p>
   </div>
   <div class='ocr_carea' id='block_1_64' title="bbox 2094 1972 3745 2053">
    <p class='ocr_par' dir='ltr' id='par_1_64' title="bbox 2094 1972 3745 2053">
     <span class='ocr_line' id='line_1_66' title="bbox 2094 1972 3745 2053; baseline -0.001 -24"><span class='ocrx_word' id='word_1_487' title='bbox 2094 1976 2209 2049; x_wconf 75' lang='grc' dir='ltr'>εἶχε</span> <span class='ocrx_word' id='word_1_488' title='bbox 2241 1975 2361 2051; x_wconf 82' lang='grc' dir='ltr'>περὶ</span> <span class='ocrx_word' id='word_1_489' title='bbox 2388 1975 2487 2043; x_wconf 73' lang='grc' dir='ltr'>τὴν</span> <span class='ocrx_word' id='word_1_490' title='bbox 2522 1977 2736 2053; x_wconf 79' lang='grc' dir='ltr'>φήμην.</span> <span class='ocrx_word' id='word_1_491' title='bbox 2770 1975 2861 2032; x_wconf 85' lang='grc' dir='ltr'>Ἐν</span> <span class='ocrx_word' id='word_1_492' title='bbox 2913 1974 3025 2048; x_wconf 77' lang='grc' dir='ltr'>ὅσῳ</span> <span class='ocrx_word' id='word_1_493' title='bbox 3067 1972 3124 2029; x_wconf 72' lang='grc' dir='ltr'>δὲ</span> <span class='ocrx_word' id='word_1_494' title='bbox 3152 1974 3301 2030; x_wconf 71' lang='grc' dir='ltr'>ταῦτ’</span> <span class='ocrx_word' id='word_1_495' title='bbox 3330 1974 3558 2038; x_wconf 84' lang='grc' dir='ltr'>ἐκείνοις</span> <span class='ocrx_word' id='word_1_496' title='bbox 3586 1975 3745 2043; x_wconf 80' lang='grc' dir='ltr'>ἦσαν,</span> 
     </span>
    </p>
   </div>
   <div class='ocr_carea' id='block_1_65' title="bbox 2090 2061 3745 2141">
    <p class='ocr_par' dir='ltr' id='par_1_65' title="bbox 2090 2061 3745 2141">
     <span class='ocr_line' id='line_1_67' title="bbox 2090 2061 3745 2141; baseline -0.001 -22"><span class='ocrx_word' id='word_1_497' title='bbox 2090 2066 2319 2119; x_wconf 79' lang='grc' dir='ltr'>κατόπιν</span> <span class='ocrx_word' id='word_1_498' title='bbox 2365 2061 2533 2119; x_wconf 78' lang='grc' dir='ltr'>ἄλλοι</span> <span class='ocrx_word' id='word_1_499' title='bbox 2584 2063 2932 2140; x_wconf 79' lang='grc' dir='ltr'>ἐκτρέχοντες</span> <span class='ocrx_word' id='word_1_500' title='bbox 2980 2062 3320 2139; x_wconf 74' lang='grc' dir='ltr'>ἐτραγῴδουν</span> <span class='ocrx_word' id='word_1_501' title='bbox 3379 2064 3473 2125; x_wconf 75' lang='grc' dir='ltr'>τὰς</span> <span class='ocrx_word' id='word_1_502' title='bbox 3529 2084 3745 2141; x_wconf 70' lang='grc' dir='ltr'>συμφο-</span> 
     </span>
    </p>
   </div>
   <div class='ocr_carea' id='block_1_66' title="bbox 2092 2153 3741 2231">
    <p class='ocr_par' dir='ltr' id='par_1_66' title="bbox 2092 2153 3741 2231">
     <span class='ocr_line' id='line_1_68' title="bbox 2092 2153 3741 2231; baseline 0 -22"><span class='ocrx_word' id='word_1_503' title='bbox 2092 2156 2207 2230; x_wconf 69' lang='grc' dir='ltr'>ρὰς,</span> <span class='ocrx_word' id='word_1_504' title='bbox 2257 2155 2347 2209; x_wconf 83' lang='grc' dir='ltr'>καὶ</span> <span class='ocrx_word' id='word_1_505' title='bbox 2398 2155 2621 2219; x_wconf 81' lang='grc' dir='ltr'>οἰκείοις</span> <span class='ocrx_word' id='word_1_506' title='bbox 2669 2153 2856 2231; x_wconf 82' lang='grc' dir='ltr'>ἔλεγον</span> <span class='ocrx_word' id='word_1_507' title='bbox 2909 2153 3218 2230; x_wconf 80' lang='grc' dir='ltr'>ὀφθαλμοῖς</span> <span class='ocrx_word' id='word_1_508' title='bbox 3276 2158 3552 2220; x_wconf 77' lang='grc' dir='ltr'>τεθεᾶσθαι</span> <span class='ocrx_word' id='word_1_509' title='bbox 3611 2154 3741 2218; x_wconf 79' lang='grc' dir='ltr'>τοὺς</span> 
     </span>
    </p>
   </div>
   <div class='ocr_carea' id='block_1_67' title="bbox 2089 2242 3738 2323">
    <p class='ocr_par' dir='ltr' id='par_1_67' title="bbox 2089 2242 3738 2323">
     <span class='ocr_line' id='line_1_69' title="bbox 2089 2242 3738 2323; baseline 0.001 -25"><span class='ocrx_word' id='word_1_510' title='bbox 2089 2243 2340 2307; x_wconf 78' lang='grc' dir='ltr'>ἐπιόντας</span> <span class='ocrx_word' id='word_1_511' title='bbox 2386 2246 2475 2300; x_wconf 88' lang='grc' dir='ltr'>τὸν</span> <span class='ocrx_word' id='word_1_512' title='bbox 2519 2245 2914 2320; x_wconf 80' lang='grc' dir='ltr'>ἐντυγχάνοντα</span> <span class='ocrx_word' id='word_1_513' title='bbox 2944 2246 3091 2323; x_wconf 73' lang='grc' dir='ltr'>σφίσι</span> <span class='ocrx_word' id='word_1_514' title='bbox 3140 2242 3382 2318; x_wconf 81' lang='grc' dir='ltr'>μεληδὸν</span> <span class='ocrx_word' id='word_1_515' title='bbox 3434 2244 3738 2323; x_wconf 79' lang='grc' dir='ltr'>κατασφάτ-</span> 
     </span>
    </p>
   </div>
   <div class='ocr_carea' id='block_1_68' title="bbox 2087 2332 3734 2407">
    <p class='ocr_par' dir='ltr' id='par_1_68' title="bbox 2087 2332 3734 2407">
     <span class='ocr_line' id='line_1_70' title="bbox 2087 2332 3734 2407; baseline -0.001 -19"><span class='ocrx_word' id='word_1_516' title='bbox 2087 2354 2292 2401; x_wconf 89' lang='grc' dir='ltr'>τοντας,</span> <span class='ocrx_word' id='word_1_517' title='bbox 2326 2336 2401 2397; x_wconf 84' lang='grc' dir='ltr'>ὡς</span> <span class='ocrx_word' id='word_1_518' title='bbox 2452 2336 2579 2389; x_wconf 73' lang='grc' dir='ltr'>εἶναι</span> <span class='ocrx_word' id='word_1_519' title='bbox 2626 2336 2728 2403; x_wconf 77' lang='grc' dir='ltr'>τὴν</span> <span class='ocrx_word' id='word_1_520' title='bbox 2773 2332 2988 2389; x_wconf 80' lang='grc' dir='ltr'>ἐκείνων</span> <span class='ocrx_word' id='word_1_521' title='bbox 3039 2336 3159 2398; x_wconf 85' lang='grc' dir='ltr'>θέαν</span> <span class='ocrx_word' id='word_1_522' title='bbox 3212 2335 3325 2407; x_wconf 77' lang='grc' dir='ltr'>ἅμα</span> <span class='ocrx_word' id='word_1_523' title='bbox 3376 2336 3465 2389; x_wconf 83' lang='grc' dir='ltr'>καὶ</span> <span class='ocrx_word' id='word_1_524' title='bbox 3511 2335 3734 2398; x_wconf 75' lang='grc' dir='ltr'>θάνατον</span> 
     </span>
    </p>
   </div>
   <div class='ocr_carea' id='block_1_69' title="bbox 2090 2419 3739 2500">
    <p class='ocr_par' dir='ltr' id='par_1_69' title="bbox 2090 2419 3739 2500">
     <span class='ocr_line' id='line_1_71' title="bbox 2090 2419 3739 2500; baseline -0.001 -22"><span class='ocrx_word' id='word_1_525' title='bbox 2090 2421 2382 2495; x_wconf 51' lang='grc' dir='ltr'>οἶίκτιστον,</span> <span class='ocrx_word' id='word_1_526' title='bbox 2440 2429 2546 2478; x_wconf 77' lang='grc' dir='ltr'>τῶν</span> <span class='ocrx_word' id='word_1_527' title='bbox 2608 2419 2813 2500; x_wconf 74' lang='grc' dir='ltr'>φόϐων,</span> <span class='ocrx_word' id='word_1_528' title='bbox 2874 2427 3054 2497; x_wconf 81' lang='grc' dir='ltr'>οἶμαι,</span> <span class='ocrx_word' id='word_1_529' title='bbox 3107 2421 3616 2479; x_wconf 80' lang='grc' dir='ltr'>είδωλοποιούντων</span> <span class='ocrx_word' id='word_1_530' title='bbox 3672 2424 3739 2477; x_wconf 68' lang='grc' dir='ltr'>τὰ</span> 
     </span>
    </p>
   </div>
   <div class='ocr_carea' id='block_1_70' title="bbox 2087 2510 3735 2587">
    <p class='ocr_par' dir='ltr' id='par_1_70' title="bbox 2087 2510 3735 2587">
     <span class='ocr_line' id='line_1_72' title="bbox 2087 2510 3735 2587; baseline 0 -20"><span class='ocrx_word' id='word_1_531' title='bbox 2087 2513 2231 2584; x_wconf 72' lang='grc' dir='ltr'>πάθη</span> <span class='ocrx_word' id='word_1_532' title='bbox 2290 2514 2375 2567; x_wconf 82' lang='grc' dir='ltr'>καὶ</span> <span class='ocrx_word' id='word_1_533' title='bbox 2435 2518 2766 2587; x_wconf 73' lang='grc' dir='ltr'>γρηγοροῦσι</span> <span class='ocrx_word' id='word_1_534' title='bbox 2811 2514 2898 2567; x_wconf 77' lang='grc' dir='ltr'>καὶ</span> <span class='ocrx_word' id='word_1_535' title='bbox 2952 2516 3021 2567; x_wconf 80' lang='grc' dir='ltr'>τα</span> <span class='ocrx_word' id='word_1_536' title='bbox 3080 2514 3154 2586; x_wconf 78' lang='grc' dir='ltr'>μὴ</span> <span class='ocrx_word' id='word_1_537' title='bbox 3213 2510 3340 2568; x_wconf 80' lang='grc' dir='ltr'>ὅντα</span> <span class='ocrx_word' id='word_1_538' title='bbox 3386 2512 3735 2568; x_wconf 86' lang='grc' dir='ltr'>πλαττόντων</span> 
     </span>
    </p>
   </div>
   <div class='ocr_carea' id='block_1_71' title="bbox 2088 2600 3739 2675">
    <p class='ocr_par' dir='ltr' id='par_1_71' title="bbox 2088 2600 3739 2675">
     <span class='ocr_line' id='line_1_73' title="bbox 2088 2600 3739 2675; baseline 0.001 -19"><span class='ocrx_word' id='word_1_539' title='bbox 2088 2601 2398 2675; x_wconf 75' lang='grc' dir='ltr'>ὀφθαλμοῖς</span> <span class='ocrx_word' id='word_1_540' title='bbox 2429 2603 2491 2657; x_wconf 81' lang='grc' dir='ltr'>τὸ</span> <span class='ocrx_word' id='word_1_541' title='bbox 2539 2602 2759 2657; x_wconf 86' lang='grc' dir='ltr'>ὀπτικὸν</span> <span class='ocrx_word' id='word_1_542' title='bbox 2789 2600 3169 2675; x_wconf 89' lang='grc' dir='ltr'>πλανωμένοις</span> <span class='ocrx_word' id='word_1_543' title='bbox 3218 2601 3435 2671; x_wconf 78' lang='grc' dir='ltr'>καὶτῆς</span> <span class='ocrx_word' id='word_1_544' title='bbox 3481 2603 3739 2673; x_wconf 79' lang='grc' dir='ltr'>ἀληθείας</span> 
     </span>
    </p>
   </div>
   <div class='ocr_carea' id='block_1_72' title="bbox 2089 2800 3735 2873">
    <p class='ocr_par' dir='ltr' id='par_1_72' title="bbox 2089 2800 3735 2873">
     <span class='ocr_line' id='line_1_74' title="bbox 2089 2800 3735 2873; baseline 0.001 -17"><span class='ocrx_word' id='word_1_545' title='bbox 2089 2801 2197 2857; x_wconf 89' lang='lat' dir='ltr'>hac</span> <span class='ocrx_word' id='word_1_546' title='bbox 2229 2802 2468 2873; x_wconf 87' lang='lat' dir='ltr'>quidem</span> <span class='ocrx_word' id='word_1_547' title='bbox 2498 2801 2661 2856; x_wconf 89' lang='lat' dir='ltr'>urbis</span> <span class='ocrx_word' id='word_1_548' title='bbox 2694 2804 2877 2873; x_wconf 89' lang='lat' dir='ltr'>parte,</span> <span class='ocrx_word' id='word_1_549' title='bbox 2910 2801 2968 2856; x_wconf 91' lang='lat' dir='ltr'>in</span> <span class='ocrx_word' id='word_1_550' title='bbox 3001 2800 3102 2857; x_wconf 87' lang='lat' dir='ltr'>illa</span> <span class='ocrx_word' id='word_1_551' title='bbox 3132 2818 3263 2857; x_wconf 90' lang='lat' dir='ltr'>vero</span> <span class='ocrx_word' id='word_1_552' title='bbox 3296 2818 3434 2865; x_wconf 81' lang='lat' dir='ltr'>non.</span> <span class='ocrx_word' id='word_1_553' title='bbox 3468 2803 3570 2857; x_wconf 82' lang='lat' dir='ltr'>sed</span> <span class='ocrx_word' id='word_1_554' title='bbox 3618 2802 3735 2857; x_wconf 85' lang='lat' dir='ltr'>late</span> 
     </span>
    </p>
   </div>
   <div class='ocr_carea' id='block_1_73' title="bbox 2084 2891 3728 2964">
    <p class='ocr_par' dir='ltr' id='par_1_73' title="bbox 2084 2891 3728 2964">
     <span class='ocr_line' id='line_1_75' title="bbox 2084 2891 3728 2964; baseline 0.001 -18"><span class='ocrx_word' id='word_1_555' title='bbox 2084 2908 2187 2964; x_wconf 89' lang='lat' dir='ltr'>per</span> <span class='ocrx_word' id='word_1_556' title='bbox 2245 2891 2451 2945; x_wconf 86' lang='lat' dir='ltr'>urbem</span> <span class='ocrx_word' id='word_1_557' title='bbox 2508 2895 2689 2946; x_wconf 85' lang='lat' dir='ltr'>totam</span> <span class='ocrx_word' id='word_1_558' title='bbox 2749 2908 2865 2946; x_wconf 92' lang='lat' dir='ltr'>uno</span> <span class='ocrx_word' id='word_1_559' title='bbox 2924 2891 3148 2946; x_wconf 87' lang='lat' dir='ltr'>circum</span> <span class='ocrx_word' id='word_1_560' title='bbox 3197 2891 3458 2960; x_wconf 87' lang='lat' dir='ltr'>undique</span> <span class='ocrx_word' id='word_1_561' title='bbox 3506 2894 3728 2961; x_wconf 90' lang='lat' dir='ltr'>tenore,</span> 
     </span>
    </p>
   </div>
   <div class='ocr_carea' id='block_1_74' title="bbox 2081 2978 3731 3052">
    <p class='ocr_par' dir='ltr' id='par_1_74' title="bbox 2081 2978 3731 3052">
     <span class='ocr_line' id='line_1_76' title="bbox 2081 2978 3731 3052; baseline -0.001 -16"><span class='ocrx_word' id='word_1_562' title='bbox 2081 2985 2312 3052; x_wconf 84' lang='lat' dir='ltr'>gentem</span> <span class='ocrx_word' id='word_1_563' title='bbox 2345 2979 2739 3034; x_wconf 89' lang='lat' dir='ltr'>Tocharorum</span> <span class='ocrx_word' id='word_1_564' title='bbox 2767 2978 3149 3034; x_wconf 88' lang='lat' dir='ltr'>multitudine</span> <span class='ocrx_word' id='word_1_565' title='bbox 3180 2979 3387 3033; x_wconf 82' lang='lat' dir='ltr'>fretam</span> <span class='ocrx_word' id='word_1_566' title='bbox 3419 2979 3731 3035; x_wconf 84' lang='lat' dir='ltr'>trucidatis</span> 
     </span>
    </p>
   </div>
   <div class='ocr_carea' id='block_1_75' title="bbox 2080 3067 3728 3141">
    <p class='ocr_par' dir='ltr' id='par_1_75' title="bbox 2080 3067 3728 3141">
     <span class='ocr_line' id='line_1_77' title="bbox 2080 3067 3728 3141; baseline -0.001 -17"><span class='ocrx_word' id='word_1_567' title='bbox 2080 3074 2260 3141; x_wconf 75' lang='lat' dir='ltr'>portae</span> <span class='ocrx_word' id='word_1_568' title='bbox 2290 3067 2634 3123; x_wconf 87' lang='lat' dir='ltr'>custodibus</span> <span class='ocrx_word' id='word_1_569' title='bbox 2654 3068 2711 3121; x_wconf 93' lang='lat' dir='ltr'>in</span> <span class='ocrx_word' id='word_1_570' title='bbox 2727 3068 3020 3122; x_wconf 89' lang='lat' dir='ltr'>civitatem</span> <span class='ocrx_word' id='word_1_571' title='bbox 3045 3067 3329 3135; x_wconf 87' lang='lat' dir='ltr'>irrupisse</span> <span class='ocrx_word' id='word_1_572' title='bbox 3351 3067 3728 3138; x_wconf 89' lang='lat' dir='ltr'>rapidissimo</span> 
     </span>
    </p>
   </div>
   <div class='ocr_carea' id='block_1_76' title="bbox 1997 3129 3723 3229">
    <p class='ocr_par' dir='ltr' id='par_1_76' title="bbox 1997 3129 3723 3229">
     <span class='ocr_line' id='line_1_78' title="bbox 1997 3129 3723 3229; baseline -0.001 -16"><span class='ocrx_word' id='word_1_573' title='bbox 1997 3129 2039 3196; x_wconf 65' lang='grc' dir='ltr'>Ο</span> <span class='ocrx_word' id='word_1_574' title='bbox 2079 3129 2135 3213; x_wconf 77' lang='lat' dir='ltr'>et</span> <span class='ocrx_word' id='word_1_575' title='bbox 2166 3157 2483 3213; x_wconf 68' lang='lat' dir='ltr'>saevissimo</span> <span class='ocrx_word' id='word_1_576' title='bbox 2533 3155 2713 3211; x_wconf 87' lang='lat' dir='ltr'>simul</span> <span class='ocrx_word' id='word_1_577' title='bbox 2770 3156 3021 3226; x_wconf 84' lang='lat' dir='ltr'>impetu,</span> <span class='ocrx_word' id='word_1_578' title='bbox 3084 3129 3262 3211; x_wconf 79' lang='lat' dir='ltr'>itaut</span> <span class='ocrx_word' id='word_1_579' title='bbox 3294 3129 3518 3227; x_wconf 74' lang='lat' dir='ltr'>passim</span> <span class='ocrx_word' id='word_1_580' title='bbox 3574 3157 3723 3229; x_wconf 91' lang='lat' dir='ltr'>ipsis</span> 
     </span>
    </p>
   </div>
   <div class='ocr_carea' id='block_1_77' title="bbox 2076 3245 3729 3319">
    <p class='ocr_par' dir='ltr' id='par_1_77' title="bbox 2076 3245 3729 3319">
     <span class='ocr_line' id='line_1_79' title="bbox 2076 3245 3729 3319; baseline 0.001 -18"><span class='ocrx_word' id='word_1_581' title='bbox 2076 3247 2377 3319; x_wconf 90' lang='lat' dir='ltr'>inopinato</span> <span class='ocrx_word' id='word_1_582' title='bbox 2400 3246 2591 3301; x_wconf 87' lang='lat' dir='ltr'>ubivis</span> <span class='ocrx_word' id='word_1_583' title='bbox 2612 3249 2981 3301; x_wconf 88' lang='lat' dir='ltr'>occurrentes</span> <span class='ocrx_word' id='word_1_584' title='bbox 3004 3251 3301 3301; x_wconf 89' lang='lat' dir='ltr'>momento</span> <span class='ocrx_word' id='word_1_585' title='bbox 3322 3246 3394 3301; x_wconf 88' lang='lat' dir='ltr'>ab</span> <span class='ocrx_word' id='word_1_586' title='bbox 3417 3245 3493 3301; x_wconf 90' lang='lat' dir='ltr'>iis</span> <span class='ocrx_word' id='word_1_587' title='bbox 3514 3246 3729 3302; x_wconf 90' lang='lat' dir='ltr'>imma-</span> 
     </span>
    </p>
   </div>
   <div class='ocr_carea' id='block_1_78' title="bbox 2078 3334 3723 3393">
    <p class='ocr_par' dir='ltr' id='par_1_78' title="bbox 2078 3334 3723 3393">
     <span class='ocr_line' id='line_1_80' title="bbox 2078 3334 3723 3393; baseline -0.001 -2"><span class='ocrx_word' id='word_1_588' title='bbox 2078 3336 2322 3391; x_wconf 91' lang='lat' dir='ltr'>nissime</span> <span class='ocrx_word' id='word_1_589' title='bbox 2353 3352 2559 3391; x_wconf 88' lang='lat' dir='ltr'>omnes</span> <span class='ocrx_word' id='word_1_590' title='bbox 2590 3335 3053 3391; x_wconf 85' lang='lat' dir='ltr'>conciderentur.</span> <span class='ocrx_word' id='word_1_591' title='bbox 3089 3336 3159 3390; x_wconf 88' lang='lat' dir='ltr'>Et</span> <span class='ocrx_word' id='word_1_592' title='bbox 3191 3350 3394 3390; x_wconf 90' lang='lat' dir='ltr'>rumor</span> <span class='ocrx_word' id='word_1_593' title='bbox 3423 3334 3518 3391; x_wconf 91' lang='lat' dir='ltr'>hic</span> <span class='ocrx_word' id='word_1_594' title='bbox 3550 3336 3723 3393; x_wconf 90' lang='lat' dir='ltr'>simul</span> 
     </span>
    </p>
   </div>
   <div class='ocr_carea' id='block_1_79' title="bbox 2076 3424 3726 3499">
    <p class='ocr_par' dir='ltr' id='par_1_79' title="bbox 2076 3424 3726 3499">
     <span class='ocr_line' id='line_1_81' title="bbox 2076 3424 3726 3499; baseline 0 -18"><span class='ocrx_word' id='word_1_595' title='bbox 2076 3425 2365 3499; x_wconf 90' lang='lat' dir='ltr'>prolatus,</span> <span class='ocrx_word' id='word_1_596' title='bbox 2400 3424 2580 3482; x_wconf 91' lang='lat' dir='ltr'>simul</span> <span class='ocrx_word' id='word_1_597' title='bbox 2614 3425 2947 3481; x_wconf 85' lang='lat' dir='ltr'>universam</span> <span class='ocrx_word' id='word_1_598' title='bbox 2982 3425 3200 3497; x_wconf 89' lang='lat' dir='ltr'>pariter</span> <span class='ocrx_word' id='word_1_599' title='bbox 3229 3425 3537 3496; x_wconf 90' lang='lat' dir='ltr'>complevit</span> <span class='ocrx_word' id='word_1_600' title='bbox 3568 3442 3726 3481; x_wconf 92' lang='lat' dir='ltr'>com-</span> 
     </span>
    </p>
   </div>
   <div class='ocr_carea' id='block_1_80' title="bbox 2077 3513 3726 3587">
    <p class='ocr_par' dir='ltr' id='par_1_80' title="bbox 2077 3513 3726 3587">
     <span class='ocr_line' id='line_1_82' title="bbox 2077 3513 3726 3587; baseline -0.001 -18"><span class='ocrx_word' id='word_1_601' title='bbox 2077 3514 2511 3587; x_wconf 89' lang='lat' dir='ltr'>prehenditque</span> <span class='ocrx_word' id='word_1_602' title='bbox 2581 3513 2900 3570; x_wconf 88' lang='lat' dir='ltr'>civitatem.</span> <span class='ocrx_word' id='word_1_603' title='bbox 2951 3513 3268 3569; x_wconf 86' lang='lat' dir='ltr'>Exilientes</span> <span class='ocrx_word' id='word_1_604' title='bbox 3329 3513 3511 3584; x_wconf 87' lang='lat' dir='ltr'>igitur</span> <span class='ocrx_word' id='word_1_605' title='bbox 3568 3521 3726 3568; x_wconf 87' lang='lat' dir='ltr'>extra</span> 
     </span>
    </p>
   </div>
   <div class='ocr_carea' id='block_1_81' title="bbox 2075 3601 3721 3677">
    <p class='ocr_par' dir='ltr' id='par_1_81' title="bbox 2075 3601 3721 3677">
     <span class='ocr_line' id='line_1_83' title="bbox 2075 3601 3721 3677; baseline -0.001 -18"><span class='ocrx_word' id='word_1_606' title='bbox 2075 3606 2280 3660; x_wconf 90' lang='lat' dir='ltr'>domos</span> <span class='ocrx_word' id='word_1_607' title='bbox 2311 3621 2376 3659; x_wconf 93' lang='lat' dir='ltr'>eo</span> <span class='ocrx_word' id='word_1_608' title='bbox 2406 3603 2656 3677; x_wconf 85' lang='lat' dir='ltr'>quisque</span> <span class='ocrx_word' id='word_1_609' title='bbox 2684 3602 2885 3659; x_wconf 89' lang='lat' dir='ltr'>habitu</span> <span class='ocrx_word' id='word_1_610' title='bbox 2934 3618 3048 3674; x_wconf 91' lang='lat' dir='ltr'>quo</span> <span class='ocrx_word' id='word_1_611' title='bbox 3095 3602 3195 3657; x_wconf 91' lang='lat' dir='ltr'>illo</span> <span class='ocrx_word' id='word_1_612' title='bbox 3246 3618 3442 3657; x_wconf 90' lang='lat' dir='ltr'>rerum</span> <span class='ocrx_word' id='word_1_613' title='bbox 3474 3601 3721 3657; x_wconf 88' lang='lat' dir='ltr'>articulo</span> 
     </span>
    </p>
   </div>
   <div class='ocr_carea' id='block_1_82' title="bbox 2073 3691 3721 3765">
    <p class='ocr_par' dir='ltr' id='par_1_82' title="bbox 2073 3691 3721 3765">
     <span class='ocr_line' id='line_1_84' title="bbox 2073 3691 3721 3765; baseline -0.002 -17"><span class='ocrx_word' id='word_1_614' title='bbox 2073 3697 2339 3765; x_wconf 88' lang='lat' dir='ltr'>repertus</span> <span class='ocrx_word' id='word_1_615' title='bbox 2370 3699 2478 3761; x_wconf 89' lang='lat' dir='ltr'>est,</span> <span class='ocrx_word' id='word_1_616' title='bbox 2510 3692 2926 3747; x_wconf 89' lang='lat' dir='ltr'>discurrebant</span> <span class='ocrx_word' id='word_1_617' title='bbox 2948 3691 3364 3747; x_wconf 85' lang='lat' dir='ltr'>confusissime</span> <span class='ocrx_word' id='word_1_618' title='bbox 3386 3707 3489 3763; x_wconf 89' lang='lat' dir='ltr'>per</span> <span class='ocrx_word' id='word_1_619' title='bbox 3518 3692 3641 3746; x_wconf 86' lang='lat' dir='ltr'>vias</span> <span class='ocrx_word' id='word_1_620' title='bbox 3663 3696 3721 3745; x_wconf 89' lang='lat' dir='ltr'>et</span> 
     </span>
    </p>
   </div>
   <div class='ocr_carea' id='block_1_83' title="bbox 2073 3779 3721 3855">
    <p class='ocr_par' dir='ltr' id='par_1_83' title="bbox 2073 3779 3721 3855">
     <span class='ocr_line' id='line_1_85' title="bbox 2073 3779 3721 3855; baseline -0.002 -17"><span class='ocrx_word' id='word_1_621' title='bbox 2073 3783 2440 3855; x_wconf 88' lang='lat' dir='ltr'>angiportus,</span> <span class='ocrx_word' id='word_1_622' title='bbox 2466 3786 2706 3837; x_wconf 89' lang='lat' dir='ltr'>ruentes</span> <span class='ocrx_word' id='word_1_623' title='bbox 2726 3780 2826 3835; x_wconf 79' lang='lat' dir='ltr'>ille</span> <span class='ocrx_word' id='word_1_624' title='bbox 2850 3781 2983 3849; x_wconf 88' lang='lat' dir='ltr'>huc,</span> <span class='ocrx_word' id='word_1_625' title='bbox 3009 3779 3103 3835; x_wconf 90' lang='lat' dir='ltr'>hic</span> <span class='ocrx_word' id='word_1_626' title='bbox 3127 3780 3287 3847; x_wconf 91' lang='lat' dir='ltr'>illuc,</span> <span class='ocrx_word' id='word_1_627' title='bbox 3316 3779 3462 3835; x_wconf 88' lang='lat' dir='ltr'>alter</span> <span class='ocrx_word' id='word_1_628' title='bbox 3492 3780 3551 3834; x_wconf 91' lang='lat' dir='ltr'>in</span> <span class='ocrx_word' id='word_1_629' title='bbox 3573 3780 3721 3835; x_wconf 89' lang='lat' dir='ltr'>alte-</span> 
     </span>
    </p>
   </div>
   <div class='ocr_carea' id='block_1_84' title="bbox 2073 3867 3723 3939">
    <p class='ocr_par' dir='ltr' id='par_1_84' title="bbox 2073 3867 3723 3939">
     <span class='ocr_line' id='line_1_86' title="bbox 2073 3867 3723 3939; baseline -0.002 -13"><span class='ocrx_word' id='word_1_630' title='bbox 2073 3888 2197 3927; x_wconf 90' lang='lat' dir='ltr'>rum</span> <span class='ocrx_word' id='word_1_631' title='bbox 2232 3871 2560 3927; x_wconf 87' lang='lat' dir='ltr'>accidentes</span> <span class='ocrx_word' id='word_1_632' title='bbox 2588 3874 2794 3925; x_wconf 91' lang='lat' dir='ltr'>mutuo</span> <span class='ocrx_word' id='word_1_633' title='bbox 2816 3867 3049 3934; x_wconf 89' lang='lat' dir='ltr'>collisu,</span> <span class='ocrx_word' id='word_1_634' title='bbox 3072 3869 3268 3925; x_wconf 88' lang='lat' dir='ltr'>labore</span> <span class='ocrx_word' id='word_1_635' title='bbox 3292 3870 3566 3939; x_wconf 88' lang='lat' dir='ltr'>utrinque</span> <span class='ocrx_word' id='word_1_636' title='bbox 3589 3885 3723 3925; x_wconf 88' lang='lat' dir='ltr'>con-</span> 
     </span>
    </p>
   </div>
   <div class='ocr_carea' id='block_1_85' title="bbox 2071 3957 3717 4032">
    <p class='ocr_par' dir='ltr' id='par_1_85' title="bbox 2071 3957 3717 4032">
     <span class='ocr_line' id='line_1_87' title="bbox 2071 3957 3717 4032; baseline -0.001 -17"><span class='ocrx_word' id='word_1_637' title='bbox 2071 3961 2267 4029; x_wconf 87' lang='lat' dir='ltr'>trario,</span> <span class='ocrx_word' id='word_1_638' title='bbox 2302 3961 2403 4015; x_wconf 85' lang='lat' dir='ltr'>sed</span> <span class='ocrx_word' id='word_1_639' title='bbox 2440 3960 2603 4032; x_wconf 90' lang='lat' dir='ltr'>pari;</span> <span class='ocrx_word' id='word_1_640' title='bbox 2653 3959 2711 4013; x_wconf 91' lang='lat' dir='ltr'>in</span> <span class='ocrx_word' id='word_1_641' title='bbox 2764 3974 2939 4030; x_wconf 88' lang='lat' dir='ltr'>quem</span> <span class='ocrx_word' id='word_1_642' title='bbox 2998 3958 3129 4013; x_wconf 90' lang='lat' dir='ltr'>illos</span> <span class='ocrx_word' id='word_1_643' title='bbox 3185 3957 3462 4013; x_wconf 91' lang='lat' dir='ltr'>trudebat</span> <span class='ocrx_word' id='word_1_644' title='bbox 3518 3958 3717 4027; x_wconf 89' lang='lat' dir='ltr'>opinio</span> 
     </span>
    </p>
   </div>
   <div class='ocr_carea' id='block_1_86' title="bbox 2070 4045 3718 4120">
    <p class='ocr_par' dir='ltr' id='par_1_86' title="bbox 2070 4045 3718 4120">
     <span class='ocr_line' id='line_1_88' title="bbox 2070 4045 3718 4120; baseline -0.001 -16"><span class='ocrx_word' id='word_1_645' title='bbox 2070 4050 2283 4120; x_wconf 88' lang='lat' dir='ltr'>cuique</span> <span class='ocrx_word' id='word_1_646' title='bbox 2318 4048 2597 4104; x_wconf 88' lang='lat' dir='ltr'>instantis</span> <span class='ocrx_word' id='word_1_647' title='bbox 2629 4065 2662 4102; x_wconf 91' lang='lat' dir='ltr'>a</span> <span class='ocrx_word' id='word_1_648' title='bbox 2694 4051 2855 4118; x_wconf 84' lang='lat' dir='ltr'>tergo</span> <span class='ocrx_word' id='word_1_649' title='bbox 2887 4045 3048 4103; x_wconf 91' lang='lat' dir='ltr'>mali.</span> <span class='ocrx_word' id='word_1_650' title='bbox 3098 4052 3178 4103; x_wconf 84' lang='lat' dir='ltr'>Ac</span> <span class='ocrx_word' id='word_1_651' title='bbox 3232 4062 3359 4101; x_wconf 91' lang='lat' dir='ltr'>sese</span> <span class='ocrx_word' id='word_1_652' title='bbox 3413 4046 3718 4118; x_wconf 83' lang='lat' dir='ltr'>pulsantes</span> 
     </span>
    </p>
   </div>
   <div class='ocr_carea' id='block_1_87' title="bbox 2069 4132 3715 4211">
    <p class='ocr_par' dir='ltr' id='par_1_87' title="bbox 2069 4132 3715 4211">
     <span class='ocr_line' id='line_1_89' title="bbox 2069 4132 3715 4211; baseline -0.002 -18"><span class='ocrx_word' id='word_1_653' title='bbox 2069 4138 2707 4211; x_wconf 65' lang='lat' dir='ltr'>percontabanturquaa</span> <span class='ocrx_word' id='word_1_654' title='bbox 2731 4132 2853 4189; x_wconf 72' lang='grc' dir='ltr'>Ι]ωο</span> <span class='ocrx_word' id='word_1_655' title='bbox 2882 4139 3037 4190; x_wconf 86' lang='lat' dir='ltr'>esset</span> <span class='ocrx_word' id='word_1_656' title='bbox 3065 4136 3242 4205; x_wconf 82' lang='lat' dir='ltr'>fama,</span> <span class='ocrx_word' id='word_1_657' title='bbox 3266 4140 3324 4190; x_wconf 91' lang='lat' dir='ltr'>et</span> <span class='ocrx_word' id='word_1_658' title='bbox 3346 4134 3554 4206; x_wconf 90' lang='lat' dir='ltr'>ecquid</span> <span class='ocrx_word' id='word_1_659' title='bbox 3579 4151 3715 4190; x_wconf 87' lang='lat' dir='ltr'>vera</span> 
     </span>
    </p>
   </div>
   <div class='ocr_carea' id='block_1_88' title="bbox 2069 4220 3710 4296">
    <p class='ocr_par' dir='ltr' id='par_1_88' title="bbox 2069 4220 3710 4296">
     <span class='ocr_line' id='line_1_90' title="bbox 2069 4220 3710 4296; baseline -0.003 -14"><span class='ocrx_word' id='word_1_660' title='bbox 2069 4233 2467 4282; x_wconf 82' lang='lat' dir='ltr'>narrarentur.</span> <span class='ocrx_word' id='word_1_661' title='bbox 2520 4225 2695 4281; x_wconf 90' lang='lat' dir='ltr'>Porro</span> <span class='ocrx_word' id='word_1_662' title='bbox 2753 4240 2939 4296; x_wconf 86' lang='lat' dir='ltr'>neque</span> <span class='ocrx_word' id='word_1_663' title='bbox 2997 4225 3055 4279; x_wconf 90' lang='lat' dir='ltr'>hi</span> <span class='ocrx_word' id='word_1_664' title='bbox 3113 4239 3305 4295; x_wconf 91' lang='lat' dir='ltr'>neque</span> <span class='ocrx_word' id='word_1_665' title='bbox 3350 4220 3435 4278; x_wconf 90' lang='lat' dir='ltr'>illi</span> <span class='ocrx_word' id='word_1_666' title='bbox 3485 4226 3710 4278; x_wconf 90' lang='lat' dir='ltr'>certum</span> 
     </span>
    </p>
   </div>
   <div class='ocr_carea' id='block_1_89' title="bbox 2069 4314 3710 4389">
    <p class='ocr_par' dir='ltr' id='par_1_89' title="bbox 2069 4314 3710 4389">
     <span class='ocr_line' id='line_1_91' title="bbox 2069 4314 3710 4389; baseline -0.002 -18"><span class='ocrx_word' id='word_1_667' title='bbox 2069 4316 2394 4389; x_wconf 91' lang='lat' dir='ltr'>quidquam</span> <span class='ocrx_word' id='word_1_668' title='bbox 2426 4314 2696 4386; x_wconf 85' lang='lat' dir='ltr'>expedire</span> <span class='ocrx_word' id='word_1_669' title='bbox 2719 4316 3011 4385; x_wconf 89' lang='lat' dir='ltr'>poterant.</span> <span class='ocrx_word' id='word_1_670' title='bbox 3038 4315 3322 4369; x_wconf 64' lang='lat' dir='ltr'>Caeterum</span> <span class='ocrx_word' id='word_1_671' title='bbox 3346 4329 3551 4368; x_wconf 90' lang='lat' dir='ltr'>omnes</span> <span class='ocrx_word' id='word_1_672' title='bbox 3573 4329 3710 4368; x_wconf 87' lang='lat' dir='ltr'>voce</span> 
     </span>
    </p>
   </div>
   <div class='ocr_carea' id='block_1_90' title="bbox 2067 4402 3710 4474">
    <p class='ocr_par' dir='ltr' id='par_1_90' title="bbox 2067 4402 3710 4474">
     <span class='ocr_line' id='line_1_92' title="bbox 2067 4402 3710 4474; baseline -0.002 -14"><span class='ocrx_word' id='word_1_673' title='bbox 2067 4422 2324 4461; x_wconf 90' lang='lat' dir='ltr'>consona</span> <span class='ocrx_word' id='word_1_674' title='bbox 2347 4404 2657 4460; x_wconf 90' lang='lat' dir='ltr'>verissima</span> <span class='ocrx_word' id='word_1_675' title='bbox 2704 4403 2818 4458; x_wconf 91' lang='lat' dir='ltr'>dici</span> <span class='ocrx_word' id='word_1_676' title='bbox 2866 4402 3279 4473; x_wconf 78' lang='lat' dir='ltr'>afﬁrmabant;</span> <span class='ocrx_word' id='word_1_677' title='bbox 3339 4419 3476 4458; x_wconf 89' lang='lat' dir='ltr'>nam</span> <span class='ocrx_word' id='word_1_678' title='bbox 3531 4419 3710 4474; x_wconf 90' lang='lat' dir='ltr'>quam</span> 
     </span>
    </p>
   </div>
   <div class='ocr_carea' id='block_1_91' title="bbox 300 4491 3712 4567">
    <p class='ocr_par' dir='ltr' id='par_1_91' title="bbox 300 4491 3712 4567">
     <span class='ocr_line' id='line_1_93' title="bbox 300 4491 3712 4567; baseline 0 -20"><span class='ocrx_word' id='word_1_679' title='bbox 300 4493 706 4548; x_wconf 87' lang='lat' dir='ltr'>mediocribus</span> <span class='ocrx_word' id='word_1_680' title='bbox 754 4492 991 4564; x_wconf 89' lang='lat' dir='ltr'>quidem</span> <span class='ocrx_word' id='word_1_681' title='bbox 1043 4492 1322 4564; x_wconf 79' lang='lat' dir='ltr'>efﬁngere</span> <span class='ocrx_word' id='word_1_682' title='bbox 1362 4493 1826 4565; x_wconf 88' lang='lat' dir='ltr'>magnitudinem</span> <span class='ocrx_word' id='word_1_683' title='bbox 1861 4512 1956 4551; x_wconf 89' lang='lat' dir='ltr'>ars</span> <span class='ocrx_word' id='word_1_684' title='bbox 1990 4499 2034 4561; x_wconf 87' lang='lat' dir='ltr'><strong>D</strong></span> <span class='ocrx_word' id='word_1_685' title='bbox 2070 4497 2319 4567; x_wconf 89' lang='lat' dir='ltr'>quisque</span> <span class='ocrx_word' id='word_1_686' title='bbox 2359 4495 2619 4549; x_wconf 84' lang='lat' dir='ltr'>incertus</span> <span class='ocrx_word' id='word_1_687' title='bbox 2678 4496 2803 4548; x_wconf 90' lang='lat' dir='ltr'>erat</span> <span class='ocrx_word' id='word_1_688' title='bbox 2859 4491 3089 4548; x_wconf 86' lang='lat' dir='ltr'>consilii</span> <span class='ocrx_word' id='word_1_689' title='bbox 3146 4492 3215 4549; x_wconf 91' lang='lat' dir='ltr'>de</span> <span class='ocrx_word' id='word_1_690' title='bbox 3272 4492 3364 4548; x_wconf 83' lang='lat' dir='ltr'>via</span> <span class='ocrx_word' id='word_1_691' title='bbox 3420 4493 3712 4562; x_wconf 81' lang='lat' dir='ltr'>modoque</span> 
     </span>
    </p>
   </div>
   <div class='ocr_carea' id='block_1_92' title="bbox 302 4583 1958 4656">
    <p class='ocr_par' dir='ltr' id='par_1_92' title="bbox 302 4583 1958 4656">
     <span class='ocr_line' id='line_1_94' title="bbox 302 4583 1958 4656; baseline 0.001 -17"><span class='ocrx_word' id='word_1_692' title='bbox 302 4589 488 4656; x_wconf 90' lang='lat' dir='ltr'>atque</span> <span class='ocrx_word' id='word_1_693' title='bbox 506 4583 883 4654; x_wconf 88' lang='lat' dir='ltr'>ampliﬁcatio</span> <span class='ocrx_word' id='word_1_694' title='bbox 907 4584 1198 4639; x_wconf 88' lang='lat' dir='ltr'>sermonis</span> <span class='ocrx_word' id='word_1_695' title='bbox 1219 4584 1639 4654; x_wconf 88' lang='lat' dir='ltr'>potest,eadem</span> <span class='ocrx_word' id='word_1_696' title='bbox 1666 4584 1817 4641; x_wconf 87' lang='lat' dir='ltr'>infra</span> <span class='ocrx_word' id='word_1_697' title='bbox 1842 4602 1958 4641; x_wconf 85' lang='lat' dir='ltr'>ma-</span> 
     </span>
    </p>
   </div>
   <div class='ocr_carea' id='block_1_93' title="bbox 294 4671 1957 4745">
    <p class='ocr_par' dir='ltr' id='par_1_93' title="bbox 294 4671 1957 4745">
     <span class='ocr_line' id='line_1_95' title="bbox 294 4671 1957 4745; baseline 0.002 -18"><span class='ocrx_word' id='word_1_698' title='bbox 294 4673 597 4728; x_wconf 84' lang='lat' dir='ltr'>ximarum</span> <span class='ocrx_word' id='word_1_699' title='bbox 632 4689 735 4744; x_wconf 88' lang='lat' dir='ltr'>per</span> <span class='ocrx_word' id='word_1_700' title='bbox 763 4689 825 4727; x_wconf 93' lang='lat' dir='ltr'>se</span> <span class='ocrx_word' id='word_1_701' title='bbox 856 4686 1052 4728; x_wconf 89' lang='lat' dir='ltr'>rerum</span> <span class='ocrx_word' id='word_1_702' title='bbox 1091 4671 1397 4729; x_wconf 88' lang='lat' dir='ltr'>subsidere</span> <span class='ocrx_word' id='word_1_703' title='bbox 1434 4672 1734 4745; x_wconf 82' lang='lat' dir='ltr'>fastigium</span> <span class='ocrx_word' id='word_1_704' title='bbox 1766 4674 1957 4745; x_wconf 88' lang='lat' dir='ltr'>impar</span> 
     </span>
    </p>
   </div>
   <div class='ocr_carea' id='block_1_94' title="bbox 299 4759 1953 4833">
    <p class='ocr_par' dir='ltr' id='par_1_94' title="bbox 299 4759 1953 4833">
     <span class='ocr_line' id='line_1_96' title="bbox 299 4759 1953 4833; baseline 0.001 -16"><span class='ocrx_word' id='word_1_705' title='bbox 299 4763 679 4833; x_wconf 80' lang='lat' dir='ltr'>assequendo</span> <span class='ocrx_word' id='word_1_706' title='bbox 713 4759 878 4818; x_wconf 88' lang='lat' dir='ltr'>solet.</span> <span class='ocrx_word' id='word_1_707' title='bbox 903 4762 1091 4825; x_wconf 90' lang='lat' dir='ltr'>Quare</span> <span class='ocrx_word' id='word_1_708' title='bbox 1132 4761 1413 4833; x_wconf 80' lang='lat' dir='ltr'>sapientis</span> <span class='ocrx_word' id='word_1_709' title='bbox 1438 4760 1672 4817; x_wconf 87' lang='lat' dir='ltr'>lectoris</span> <span class='ocrx_word' id='word_1_710' title='bbox 1702 4768 1791 4818; x_wconf 83' lang='lat' dir='ltr'>est</span> <span class='ocrx_word' id='word_1_711' title='bbox 1815 4764 1953 4819; x_wconf 90' lang='lat' dir='ltr'>sub-</span> 
     </span>
    </p>
   </div>
   <div class='ocr_carea' id='block_1_95' title="bbox 300 4848 1954 4924">
    <p class='ocr_par' dir='ltr' id='par_1_95' title="bbox 300 4848 1954 4924">
     <span class='ocr_line' id='line_1_97' title="bbox 300 4848 1954 4924; baseline 0.001 -18"><span class='ocrx_word' id='word_1_712' title='bbox 300 4852 499 4907; x_wconf 87' lang='lat' dir='ltr'>levare</span> <span class='ocrx_word' id='word_1_713' title='bbox 545 4851 767 4921; x_wconf 86' lang='lat' dir='ltr'>judicio</span> <span class='ocrx_word' id='word_1_714' title='bbox 798 4851 855 4905; x_wconf 89' lang='lat' dir='ltr'>in</span> <span class='ocrx_word' id='word_1_715' title='bbox 890 4848 1108 4906; x_wconf 88' lang='lat' dir='ltr'>talibus</span> <span class='ocrx_word' id='word_1_716' title='bbox 1154 4850 1562 4906; x_wconf 82' lang='lat' dir='ltr'>inﬁrmitatem</span> <span class='ocrx_word' id='word_1_717' title='bbox 1614 4851 1954 4924; x_wconf 90' lang='lat' dir='ltr'>scriptionis</span> 
     </span>
    </p>
   </div>
   <div class='ocr_carea' id='block_1_96' title="bbox 298 4940 1952 5011">
    <p class='ocr_par' dir='ltr' id='par_1_96' title="bbox 298 4940 1952 5011">
     <span class='ocr_line' id='line_1_98' title="bbox 298 4940 1952 5011; baseline 0 -16"><span class='ocrx_word' id='word_1_718' title='bbox 298 4940 397 4995; x_wconf 91' lang='lat' dir='ltr'>cui</span> <span class='ocrx_word' id='word_1_719' title='bbox 435 4941 858 5011; x_wconf 65' lang='lat' dir='ltr'>cognoscendae</span> <span class='ocrx_word' id='word_1_720' title='bbox 910 4940 1008 4995; x_wconf 87' lang='lat' dir='ltr'>dat</span> <span class='ocrx_word' id='word_1_721' title='bbox 1066 4956 1326 5011; x_wconf 90' lang='lat' dir='ltr'>operam,</span> <span class='ocrx_word' id='word_1_722' title='bbox 1377 4944 1433 4995; x_wconf 91' lang='lat' dir='ltr'>et</span> <span class='ocrx_word' id='word_1_723' title='bbox 1476 4940 1645 5011; x_wconf 90' lang='lat' dir='ltr'>quasi</span> <span class='ocrx_word' id='word_1_724' title='bbox 1679 4940 1952 5011; x_wconf 89' lang='lat' dir='ltr'>supplere</span> 
     </span>
    </p>
   </div>
   <div class='ocr_carea' id='block_1_97' title="bbox 295 5028 1949 5101">
    <p class='ocr_par' dir='ltr' id='par_1_97' title="bbox 295 5028 1949 5101">
     <span class='ocr_line' id='line_1_99' title="bbox 295 5028 1949 5101; baseline 0.001 -17"><span class='ocrx_word' id='word_1_725' title='bbox 295 5030 684 5101; x_wconf 85' lang='lat' dir='ltr'>imaginando</span> <span class='ocrx_word' id='word_1_726' title='bbox 718 5031 873 5100; x_wconf 89' lang='lat' dir='ltr'>quod</span> <span class='ocrx_word' id='word_1_727' title='bbox 910 5028 1086 5084; x_wconf 90' lang='lat' dir='ltr'>dictio</span> <span class='ocrx_word' id='word_1_728' title='bbox 1118 5030 1315 5084; x_wconf 90' lang='lat' dir='ltr'>minus</span> <span class='ocrx_word' id='word_1_729' title='bbox 1356 5028 1654 5101; x_wconf 69' lang='lat' dir='ltr'>exprimit,</span> <span class='ocrx_word' id='word_1_730' title='bbox 1688 5028 1949 5086; x_wconf 87' lang='lat' dir='ltr'>evolante</span> 
     </span>
    </p>
   </div>
   <div class='ocr_carea' id='block_1_98' title="bbox 296 5117 1949 5191">
    <p class='ocr_par' dir='ltr' id='par_1_98' title="bbox 296 5117 1949 5191">
     <span class='ocr_line' id='line_1_100' title="bbox 296 5117 1949 5191; baseline 0.001 -18"><span class='ocrx_word' id='word_1_731' title='bbox 296 5118 501 5173; x_wconf 86' lang='lat' dir='ltr'>animo</span> <span class='ocrx_word' id='word_1_732' title='bbox 535 5118 591 5172; x_wconf 89' lang='lat' dir='ltr'>in</span> <span class='ocrx_word' id='word_1_733' title='bbox 639 5117 827 5188; x_wconf 88' lang='lat' dir='ltr'>ipsam</span> <span class='ocrx_word' id='word_1_734' title='bbox 881 5118 1250 5190; x_wconf 77' lang='lat' dir='ltr'>przesentiam</span> <span class='ocrx_word' id='word_1_735' title='bbox 1303 5118 1568 5190; x_wconf 89' lang='lat' dir='ltr'>periculi,</span> <span class='ocrx_word' id='word_1_736' title='bbox 1619 5133 1949 5191; x_wconf 88' lang='lat' dir='ltr'>sensusque</span> 
     </span>
    </p>
   </div>
   <div class='ocr_carea' id='block_1_99' title="bbox 294 5206 1943 5278">
    <p class='ocr_par' dir='ltr' id='par_1_99' title="bbox 294 5206 1943 5278">
     <span class='ocr_line' id='line_1_101' title="bbox 294 5206 1943 5278; baseline 0.002 -17"><span class='ocrx_word' id='word_1_737' title='bbox 294 5208 582 5263; x_wconf 88' lang='lat' dir='ltr'>induente</span> <span class='ocrx_word' id='word_1_738' title='bbox 614 5206 821 5278; x_wconf 86' lang='lat' dir='ltr'>quales</span> <span class='ocrx_word' id='word_1_739' title='bbox 874 5208 1058 5262; x_wconf 84' lang='lat' dir='ltr'>fuisse</span> <span class='ocrx_word' id='word_1_740' title='bbox 1117 5212 1577 5263; x_wconf 88' lang='lat' dir='ltr'>consentaneum</span> <span class='ocrx_word' id='word_1_741' title='bbox 1622 5208 1699 5262; x_wconf 84' lang='lat' dir='ltr'>sit</span> <span class='ocrx_word' id='word_1_742' title='bbox 1745 5225 1943 5264; x_wconf 90' lang='lat' dir='ltr'>eorum</span> 
     </span>
    </p>
   </div>
   <div class='ocr_carea' id='block_1_100' title="bbox 298 5295 1949 5367">
    <p class='ocr_par' dir='ltr' id='par_1_100' title="bbox 298 5295 1949 5367">
     <span class='ocr_line' id='line_1_102' title="bbox 298 5295 1949 5367; baseline 0.002 -18"><span class='ocrx_word' id='word_1_743' title='bbox 298 5297 518 5367; x_wconf 88' lang='lat' dir='ltr'>quibus</span> <span class='ocrx_word' id='word_1_744' title='bbox 550 5296 797 5367; x_wconf 86' lang='lat' dir='ltr'>contigit</span> <span class='ocrx_word' id='word_1_745' title='bbox 845 5295 903 5350; x_wconf 90' lang='lat' dir='ltr'>in</span> <span class='ocrx_word' id='word_1_746' title='bbox 956 5296 1105 5353; x_wconf 72' lang='lat'>245</span> <span class='ocrx_word' id='word_1_747' title='bbox 1160 5313 1241 5365; x_wconf 90' lang='lat' dir='ltr'>re,</span> <span class='ocrx_word' id='word_1_748' title='bbox 1303 5296 1444 5351; x_wconf 91' lang='lat' dir='ltr'>dum</span> <span class='ocrx_word' id='word_1_749' title='bbox 1495 5300 1791 5365; x_wconf 79' lang='lat' dir='ltr'>gereretur</span> <span class='ocrx_word' id='word_1_750' title='bbox 1822 5298 1949 5366; x_wconf 87' lang='lat' dir='ltr'>ipsa</span> 
     </span>
    </p>
   </div>
   <div class='ocr_carea' id='block_1_101' title="bbox 292 5385 1946 5457">
    <p class='ocr_par' dir='ltr' id='par_1_101' title="bbox 292 5385 1946 5457">
     <span class='ocr_line' id='line_1_103' title="bbox 292 5385 1946 5457; baseline 0.002 -19"><span class='ocrx_word' id='word_1_751' title='bbox 292 5386 543 5441; x_wconf 82' lang='lat' dir='ltr'>versari.</span> <span class='ocrx_word' id='word_1_752' title='bbox 576 5385 772 5440; x_wconf 85' lang='lat' dir='ltr'>Primo</span> <span class='ocrx_word' id='word_1_753' title='bbox 796 5386 979 5457; x_wconf 89' lang='lat' dir='ltr'>igitur</span> <span class='ocrx_word' id='word_1_754' title='bbox 1020 5386 1267 5441; x_wconf 89' lang='lat' dir='ltr'>trihorio</span> <span class='ocrx_word' id='word_1_755' title='bbox 1300 5386 1412 5440; x_wconf 87' lang='lat' dir='ltr'>diei</span> <span class='ocrx_word' id='word_1_756' title='bbox 1442 5386 1624 5456; x_wconf 88' lang='lat' dir='ltr'>illius,</span> <span class='ocrx_word' id='word_1_757' title='bbox 1658 5387 1946 5442; x_wconf 87' lang='lat' dir='ltr'>eminente</span> 
     </span>
    </p>
   </div>
   <div class='ocr_carea' id='block_1_102' title="bbox 296 5475 1944 5547">
    <p class='ocr_par' dir='ltr' id='par_1_102' title="bbox 296 5475 1944 5547">
     <span class='ocr_line' id='line_1_104' title="bbox 296 5475 1944 5547; baseline 0.002 -18"><span class='ocrx_word' id='word_1_758' title='bbox 296 5492 482 5547; x_wconf 88' lang='lat' dir='ltr'>supra</span> <span class='ocrx_word' id='word_1_759' title='bbox 499 5475 860 5530; x_wconf 84' lang='lat' dir='ltr'>horizontem</span> <span class='ocrx_word' id='word_1_760' title='bbox 886 5475 1008 5530; x_wconf 90' lang='lat' dir='ltr'>sole</span> <span class='ocrx_word' id='word_1_761' title='bbox 1030 5475 1199 5547; x_wconf 88' lang='lat' dir='ltr'>quasi</span> <span class='ocrx_word' id='word_1_762' title='bbox 1218 5477 1485 5547; x_wconf 86' lang='lat' dir='ltr'>partibus</span> <span class='ocrx_word' id='word_1_763' title='bbox 1509 5476 1661 5547; x_wconf 87' lang='lat' dir='ltr'>signi</span> <span class='ocrx_word' id='word_1_764' title='bbox 1682 5476 1944 5547; x_wconf 86' lang='lat' dir='ltr'>triginta,</span> 
     </span>
    </p>
   </div>
   <div class='ocr_carea' id='block_1_103' title="bbox 297 5563 1940 5636">
    <p class='ocr_par' dir='ltr' id='par_1_103' title="bbox 297 5563 1940 5636">
     <span class='ocr_line' id='line_1_105' title="bbox 297 5563 1940 5636; baseline 0.001 -18"><span class='ocrx_word' id='word_1_765' title='bbox 297 5580 434 5618; x_wconf 89' lang='lat' dir='ltr'>cum</span> <span class='ocrx_word' id='word_1_766' title='bbox 468 5565 748 5635; x_wconf 88' lang='lat' dir='ltr'>operibus</span> <span class='ocrx_word' id='word_1_767' title='bbox 779 5563 1049 5619; x_wconf 90' lang='lat' dir='ltr'>homines</span> <span class='ocrx_word' id='word_1_768' title='bbox 1080 5570 1351 5619; x_wconf 85' lang='lat' dir='ltr'>vacarent</span> <span class='ocrx_word' id='word_1_769' title='bbox 1381 5563 1477 5618; x_wconf 87' lang='lat' dir='ltr'>alii</span> <span class='ocrx_word' id='word_1_770' title='bbox 1510 5564 1940 5636; x_wconf 85' lang='lat' dir='ltr'>spiritualibus,</span> 
     </span>
    </p>
   </div>
   <div class='ocr_carea' id='block_1_104' title="bbox 294 5652 1942 5726">
    <p class='ocr_par' dir='ltr' id='par_1_104' title="bbox 294 5652 1942 5726">
     <span class='ocr_line' id='line_1_106' title="bbox 294 5652 1942 5726; baseline 0.002 -18"><span class='ocrx_word' id='word_1_771' title='bbox 294 5653 595 5724; x_wconf 91' lang='lat' dir='ltr'>corporeis</span> <span class='ocrx_word' id='word_1_772' title='bbox 652 5652 772 5721; x_wconf 90' lang='lat' dir='ltr'>alii,</span> <span class='ocrx_word' id='word_1_773' title='bbox 806 5654 1112 5710; x_wconf 80' lang='lat' dir='ltr'>confestim</span> <span class='ocrx_word' id='word_1_774' title='bbox 1147 5655 1303 5710; x_wconf 85' lang='lat' dir='ltr'>fama</span> <span class='ocrx_word' id='word_1_775' title='bbox 1333 5652 1672 5726; x_wconf 83' lang='lat' dir='ltr'>dissipatur,</span> <span class='ocrx_word' id='word_1_776' title='bbox 1715 5672 1829 5711; x_wconf 92' lang='lat' dir='ltr'>non</span> <span class='ocrx_word' id='word_1_777' title='bbox 1885 5655 1942 5711; x_wconf 91' lang='lat' dir='ltr'>in</span> 
     </span>
    </p>
   </div>
   <div class='ocr_carea' id='block_1_105' title="bbox 2070 4580 3711 4655">
    <p class='ocr_par' dir='ltr' id='par_1_105' title="bbox 2070 4580 3711 4655">
     <span class='ocr_line' id='line_1_107' title="bbox 2070 4580 3711 4655; baseline -0.001 -17"><span class='ocrx_word' id='word_1_778' title='bbox 2070 4584 2314 4655; x_wconf 73' lang='lat' dir='ltr'>propriaa</span> <span class='ocrx_word' id='word_1_779' title='bbox 2343 4582 2552 4639; x_wconf 89' lang='lat' dir='ltr'>salutis</span> <span class='ocrx_word' id='word_1_780' title='bbox 2585 4582 2645 4636; x_wconf 88' lang='lat' dir='ltr'>in</span> <span class='ocrx_word' id='word_1_781' title='bbox 2678 4586 2803 4637; x_wconf 90' lang='lat' dir='ltr'>tuto</span> <span class='ocrx_word' id='word_1_782' title='bbox 2835 4580 3204 4650; x_wconf 85' lang='lat' dir='ltr'>collocandae,</span> <span class='ocrx_word' id='word_1_783' title='bbox 3238 4586 3361 4637; x_wconf 85' lang='lat' dir='ltr'>tam</span> <span class='ocrx_word' id='word_1_784' title='bbox 3393 4586 3617 4638; x_wconf 90' lang='lat' dir='ltr'>certum</span> <span class='ocrx_word' id='word_1_785' title='bbox 3650 4598 3711 4637; x_wconf 89' lang='lat' dir='ltr'>se</span> 
     </span>
    </p>
   </div>
   <div class='ocr_carea' id='block_1_106' title="bbox 2068 4671 3711 4743">
    <p class='ocr_par' dir='ltr' id='par_1_106' title="bbox 2068 4671 3711 4743">
     <span class='ocr_line' id='line_1_108' title="bbox 2068 4671 3711 4743; baseline 0 -16"><span class='ocrx_word' id='word_1_786' title='bbox 2068 4674 2288 4729; x_wconf 82' lang='lat' dir='ltr'>terebat</span> <span class='ocrx_word' id='word_1_787' title='bbox 2318 4671 2387 4727; x_wconf 90' lang='lat' dir='ltr'>de</span> <span class='ocrx_word' id='word_1_788' title='bbox 2418 4672 2655 4728; x_wconf 85' lang='lat' dir='ltr'>veritate</span> <span class='ocrx_word' id='word_1_789' title='bbox 2686 4671 2986 4743; x_wconf 89' lang='lat' dir='ltr'>gliscentis</span> <span class='ocrx_word' id='word_1_790' title='bbox 3031 4671 3289 4727; x_wconf 66' lang='lat' dir='ltr'>famann</span> <span class='ocrx_word' id='word_1_791' title='bbox 3316 4672 3407 4728; x_wconf 90' lang='lat' dir='ltr'>his</span> <span class='ocrx_word' id='word_1_792' title='bbox 3440 4672 3578 4727; x_wconf 90' lang='lat' dir='ltr'>dum</span> <span class='ocrx_word' id='word_1_793' title='bbox 3613 4672 3711 4727; x_wconf 89' lang='lat' dir='ltr'>isti</span> 
     </span>
    </p>
   </div>
   <div class='ocr_carea' id='block_1_107' title="bbox 2064 4760 3709 4833">
    <p class='ocr_par' dir='ltr' id='par_1_107' title="bbox 2064 4760 3709 4833">
     <span class='ocr_line' id='line_1_109' title="bbox 2064 4760 3709 4833; baseline 0.001 -16"><span class='ocrx_word' id='word_1_794' title='bbox 2064 4767 2252 4832; x_wconf 88' lang='lat' dir='ltr'>erant,</span> <span class='ocrx_word' id='word_1_795' title='bbox 2287 4778 2420 4817; x_wconf 88' lang='lat' dir='ltr'>ecce</span> <span class='ocrx_word' id='word_1_796' title='bbox 2453 4779 2486 4817; x_wconf 90' lang='lat' dir='ltr'>a</span> <span class='ocrx_word' id='word_1_797' title='bbox 2508 4766 2669 4833; x_wconf 89' lang='lat' dir='ltr'>tergo</span> <span class='ocrx_word' id='word_1_798' title='bbox 2691 4760 2790 4817; x_wconf 89' lang='lat' dir='ltr'>alii</span> <span class='ocrx_word' id='word_1_799' title='bbox 2832 4766 3135 4817; x_wconf 89' lang='lat' dir='ltr'>currentes</span> <span class='ocrx_word' id='word_1_800' title='bbox 3169 4761 3581 4817; x_wconf 89' lang='lat' dir='ltr'>miserabiliter</span> <span class='ocrx_word' id='word_1_801' title='bbox 3610 4764 3709 4818; x_wconf 84' lang='lat' dir='ltr'>de-</span> 
     </span>
    </p>
   </div>
   <div class='ocr_carea' id='block_1_108' title="bbox 2064 4850 3706 4924">
    <p class='ocr_par' dir='ltr' id='par_1_108' title="bbox 2064 4850 3706 4924">
     <span class='ocr_line' id='line_1_110' title="bbox 2064 4850 3706 4924; baseline 0.001 -17"><span class='ocrx_word' id='word_1_802' title='bbox 2064 4853 2372 4924; x_wconf 87' lang='lat' dir='ltr'>plorabant</span> <span class='ocrx_word' id='word_1_803' title='bbox 2402 4851 2704 4906; x_wconf 72' lang='lat' dir='ltr'>infandam</span> <span class='ocrx_word' id='word_1_804' title='bbox 2756 4850 3004 4916; x_wconf 90' lang='lat' dir='ltr'>cladem,</span> <span class='ocrx_word' id='word_1_805' title='bbox 3040 4852 3290 4923; x_wconf 90' lang='lat' dir='ltr'>pr0priis</span> <span class='ocrx_word' id='word_1_806' title='bbox 3324 4854 3494 4907; x_wconf 92' lang='lat' dir='ltr'>modo</span> <span class='ocrx_word' id='word_1_807' title='bbox 3527 4870 3588 4908; x_wconf 91' lang='lat' dir='ltr'>se</span> <span class='ocrx_word' id='word_1_808' title='bbox 3619 4854 3706 4908; x_wconf 85' lang='lat' dir='ltr'>vi-</span> 
     </span>
    </p>
   </div>
   <div class='ocr_carea' id='block_1_109' title="bbox 2063 4940 3704 5014">
    <p class='ocr_par' dir='ltr' id='par_1_109' title="bbox 2063 4940 3704 5014">
     <span class='ocr_line' id='line_1_111' title="bbox 2063 4940 3704 5014; baseline 0.001 -18"><span class='ocrx_word' id='word_1_809' title='bbox 2063 4941 2218 4996; x_wconf 88' lang='lat' dir='ltr'>disse</span> <span class='ocrx_word' id='word_1_810' title='bbox 2248 4940 2431 4996; x_wconf 90' lang='lat' dir='ltr'>oculis</span> <span class='ocrx_word' id='word_1_811' title='bbox 2464 4945 2875 5003; x_wconf 88' lang='lat' dir='ltr'>memorantes,</span> <span class='ocrx_word' id='word_1_812' title='bbox 2909 4941 3063 4997; x_wconf 75' lang='lat'>246</span> <span class='ocrx_word' id='word_1_813' title='bbox 3095 4941 3235 4995; x_wconf 89' lang='lat' dir='ltr'>dum</span> <span class='ocrx_word' id='word_1_814' title='bbox 3269 4940 3467 4997; x_wconf 86' lang='lat' dir='ltr'>hostes</span> <span class='ocrx_word' id='word_1_815' title='bbox 3500 4958 3704 5014; x_wconf 89' lang='lat' dir='ltr'>quem-</span> 
     </span>
    </p>
   </div>
   <div class='ocr_carea' id='block_1_110' title="bbox 2062 5029 3706 5103">
    <p class='ocr_par' dir='ltr' id='par_1_110' title="bbox 2062 5029 3706 5103">
     <span class='ocr_line' id='line_1_112' title="bbox 2062 5029 3706 5103; baseline 0.002 -19"><span class='ocrx_word' id='word_1_816' title='bbox 2062 5031 2217 5101; x_wconf 85' lang='lat' dir='ltr'>piam</span> <span class='ocrx_word' id='word_1_817' title='bbox 2250 5030 2362 5085; x_wconf 90' lang='lat' dir='ltr'>sibi</span> <span class='ocrx_word' id='word_1_818' title='bbox 2394 5030 2628 5086; x_wconf 90' lang='lat' dir='ltr'>obvium</span> <span class='ocrx_word' id='word_1_819' title='bbox 2678 5029 3047 5085; x_wconf 88' lang='lat' dir='ltr'>membratim</span> <span class='ocrx_word' id='word_1_820' title='bbox 3092 5032 3552 5103; x_wconf 88' lang='lat' dir='ltr'>concerpserint,</span> <span class='ocrx_word' id='word_1_821' title='bbox 3595 5034 3706 5088; x_wconf 82' lang='lat' dir='ltr'>dif-</span> 
     </span>
    </p>
   </div>
   <div class='ocr_carea' id='block_1_111' title="bbox 2062 5118 3705 5188">
    <p class='ocr_par' dir='ltr' id='par_1_111' title="bbox 2062 5118 3705 5188">
     <span class='ocr_line' id='line_1_113' title="bbox 2062 5118 3705 5188; baseline 0.002 -15"><span class='ocrx_word' id='word_1_822' title='bbox 2062 5119 2193 5173; x_wconf 87' lang='lat' dir='ltr'>ﬁcili</span> <span class='ocrx_word' id='word_1_823' title='bbox 2225 5119 2407 5188; x_wconf 89' lang='lat' dir='ltr'>judici</span> <span class='ocrx_word' id='word_1_824' title='bbox 2459 5119 2851 5174; x_wconf 90' lang='lat' dir='ltr'>immaniorne</span> <span class='ocrx_word' id='word_1_825' title='bbox 2890 5118 2991 5173; x_wconf 90' lang='lat' dir='ltr'>illa</span> <span class='ocrx_word' id='word_1_826' title='bbox 3040 5119 3355 5175; x_wconf 86' lang='lat' dir='ltr'>crudelitas</span> <span class='ocrx_word' id='word_1_827' title='bbox 3409 5123 3584 5178; x_wconf 63' lang='lat' dir='ltr'>cedis</span> <span class='ocrx_word' id='word_1_828' title='bbox 3633 5140 3705 5178; x_wconf 90' lang='lat' dir='ltr'>an</span> 
     </span>
    </p>
   </div>
   <div class='ocr_carea' id='block_1_112' title="bbox 2059 5207 3707 5278">
    <p class='ocr_par' dir='ltr' id='par_1_112' title="bbox 2059 5207 3707 5278">
     <span class='ocr_line' id='line_1_114' title="bbox 2059 5207 3707 5278; baseline 0.002 -16"><span class='ocrx_word' id='word_1_829' title='bbox 2059 5208 2288 5263; x_wconf 88' lang='lat' dir='ltr'>tristius</span> <span class='ocrx_word' id='word_1_830' title='bbox 2308 5212 2362 5263; x_wconf 91' lang='lat' dir='ltr'>et</span> <span class='ocrx_word' id='word_1_831' title='bbox 2388 5207 2783 5264; x_wconf 89' lang='lat' dir='ltr'>miserabilius</span> <span class='ocrx_word' id='word_1_832' title='bbox 2805 5208 3206 5278; x_wconf 86' lang='lat' dir='ltr'>spectaculum</span> <span class='ocrx_word' id='word_1_833' title='bbox 3233 5209 3424 5264; x_wconf 85' lang='lat' dir='ltr'>fuerit.</span> <span class='ocrx_word' id='word_1_834' title='bbox 3444 5212 3707 5265; x_wconf 88' lang='lat' dir='ltr'>Credide-</span> 
     </span>
    </p>
   </div>
   <div class='ocr_carea' id='block_1_113' title="bbox 2059 5298 3703 5369">
    <p class='ocr_par' dir='ltr' id='par_1_113' title="bbox 2059 5298 3703 5369">
     <span class='ocr_line' id='line_1_115' title="bbox 2059 5298 3703 5369; baseline 0.002 -18"><span class='ocrx_word' id='word_1_835' title='bbox 2059 5315 2168 5352; x_wconf 71' lang='grc' dir='ltr'>μω</span> <span class='ocrx_word' id='word_1_836' title='bbox 2197 5301 2502 5364; x_wconf 90' lang='lat' dir='ltr'>terrorem,</span> <span class='ocrx_word' id='word_1_837' title='bbox 2526 5301 2723 5369; x_wconf 89' lang='lat' dir='ltr'>partes</span> <span class='ocrx_word' id='word_1_838' title='bbox 2745 5298 3119 5353; x_wconf 87' lang='lat' dir='ltr'>invadentem</span> <span class='ocrx_word' id='word_1_839' title='bbox 3146 5298 3421 5369; x_wconf 83' lang='lat' dir='ltr'>Morphei,</span> <span class='ocrx_word' id='word_1_840' title='bbox 3474 5301 3703 5355; x_wconf 89' lang='lat' dir='ltr'>somnia</span> 
     </span>
    </p>
   </div>
   <div class='ocr_carea' id='block_1_114' title="bbox 2056 5386 3703 5459">
    <p class='ocr_par' dir='ltr' id='par_1_114' title="bbox 2056 5386 3703 5459">
     <span class='ocr_line' id='line_1_116' title="bbox 2056 5386 3703 5459; baseline 0.001 -19"><span class='ocrx_word' id='word_1_841' title='bbox 2056 5387 2438 5459; x_wconf 81' lang='lat' dir='ltr'>vigilantibus</span> <span class='ocrx_word' id='word_1_842' title='bbox 2490 5391 2641 5442; x_wconf 88' lang='lat' dir='ltr'>tetra</span> <span class='ocrx_word' id='word_1_843' title='bbox 2691 5387 2959 5457; x_wconf 63' lang='lat' dir='ltr'>quaedam</span> <span class='ocrx_word' id='word_1_844' title='bbox 3015 5386 3362 5456; x_wconf 85' lang='lat' dir='ltr'>objcctassc,</span> <span class='ocrx_word' id='word_1_845' title='bbox 3414 5392 3589 5457; x_wconf 89' lang='lat' dir='ltr'>atque</span> <span class='ocrx_word' id='word_1_846' title='bbox 3640 5393 3703 5441; x_wconf 83' lang='lat' dir='ltr'>ut</span> 
     </span>
    </p>
   </div>
   <div class='ocr_carea' id='block_1_115' title="bbox 2058 5475 3698 5549">
    <p class='ocr_par' dir='ltr' id='par_1_115' title="bbox 2058 5475 3698 5549">
     <span class='ocr_line' id='line_1_117' title="bbox 2058 5475 3698 5549; baseline -0.002 -17"><span class='ocrx_word' id='word_1_847' title='bbox 2058 5496 2159 5549; x_wconf 90' lang='lat' dir='ltr'>per</span> <span class='ocrx_word' id='word_1_848' title='bbox 2192 5484 2419 5533; x_wconf 89' lang='lat' dir='ltr'>noctem</span> <span class='ocrx_word' id='word_1_849' title='bbox 2464 5476 2872 5547; x_wconf 86' lang='lat' dir='ltr'>imaginationi</span> <span class='ocrx_word' id='word_1_850' title='bbox 2924 5475 3072 5531; x_wconf 87' lang='lat' dir='ltr'>solet</span> <span class='ocrx_word' id='word_1_851' title='bbox 3129 5494 3321 5547; x_wconf 90' lang='lat' dir='ltr'>sopor,</span> <span class='ocrx_word' id='word_1_852' title='bbox 3382 5478 3459 5531; x_wconf 83' lang='lat' dir='ltr'>ita</span> <span class='ocrx_word' id='word_1_853' title='bbox 3512 5476 3698 5531; x_wconf 89' lang='lat' dir='ltr'>oculis</span> 
     </span>
    </p>
   </div>
   <div class='ocr_carea' id='block_1_116' title="bbox 2055 5565 3699 5637">
    <p class='ocr_par' dir='ltr' id='par_1_116' title="bbox 2055 5565 3699 5637">
     <span class='ocr_line' id='line_1_118' title="bbox 2055 5565 3699 5637; baseline 0 -16"><span class='ocrx_word' id='word_1_854' title='bbox 2055 5568 2181 5622; x_wconf 90' lang='lat' dir='ltr'>luce</span> <span class='ocrx_word' id='word_1_855' title='bbox 2236 5567 2429 5637; x_wconf 88' lang='lat' dir='ltr'>palam</span> <span class='ocrx_word' id='word_1_856' title='bbox 2474 5566 2756 5633; x_wconf 90' lang='lat' dir='ltr'>illusisse,</span> <span class='ocrx_word' id='word_1_857' title='bbox 2807 5567 2931 5620; x_wconf 87' lang='lat' dir='ltr'>visa</span> <span class='ocrx_word' id='word_1_858' title='bbox 2978 5566 3326 5620; x_wconf 84' lang='lat' dir='ltr'>ostentando</span> <span class='ocrx_word' id='word_1_859' title='bbox 3377 5565 3542 5620; x_wconf 86' lang='lat' dir='ltr'>falsa.</span> <span class='ocrx_word' id='word_1_860' title='bbox 3596 5565 3699 5621; x_wconf 89' lang='lat' dir='ltr'>Vis</span> 
     </span>
    </p>
   </div>
   <div class='ocr_carea' id='block_1_117' title="bbox 2056 5653 3695 5727">
    <p class='ocr_par' dir='ltr' id='par_1_117' title="bbox 2056 5653 3695 5727">
     <span class='ocr_line' id='line_1_119' title="bbox 2056 5653 3695 5727; baseline -0.001 -16"><span class='ocrx_word' id='word_1_861' title='bbox 2056 5672 2267 5727; x_wconf 90' lang='lat' dir='ltr'>nempe</span> <span class='ocrx_word' id='word_1_862' title='bbox 2323 5655 2421 5711; x_wconf 88' lang='lat' dir='ltr'>illa</span> <span class='ocrx_word' id='word_1_863' title='bbox 2476 5662 2564 5712; x_wconf 88' lang='lat' dir='ltr'>est</span> <span class='ocrx_word' id='word_1_864' title='bbox 2626 5654 2845 5711; x_wconf 67' lang='lat' dir='ltr'>insanae</span> <span class='ocrx_word' id='word_1_865' title='bbox 2903 5654 3254 5720; x_wconf 83' lang='lat' dir='ltr'>formidinis,</span> <span class='ocrx_word' id='word_1_866' title='bbox 3290 5653 3387 5708; x_wconf 90' lang='lat' dir='ltr'>ubi</span> <span class='ocrx_word' id='word_1_867' title='bbox 3442 5659 3695 5710; x_wconf 87' lang='lat' dir='ltr'>mentem</span> 
     </span>
    </p>
   </div>
  </div>
