4018 6198
299 297 398 352 691

1603 255 1909 354 GEORGlI
1951 298 2417 352 PACHYMERB

3583 306 3675 362 692

302 422 767 496 ἀποτυγχάνουσι.
794 421 869 474 Τὸ
918 420 1020 493 γὰρ
1070 421 1205 474 κατά
1246 425 1372 475 νοῦν
1406 416 1636 498 φοϐερὸν
1671 418 1952 494 λαμϐάνον
1985 428 2038 493 Α
2071 419 2159 474 οἷά
2200 441 2342 482 τινες
2376 419 2680 491 διᾴττοντες
2711 427 2978 495 συνεχεῖς,
3026 422 3114 476 καὶ
3169 423 3220 475 οἱ
3253 424 3345 494 μὶν
3378 423 3533 495 ἔνθεν,
3561 429 3609 482 οἱ
3636 417 3686 485 δὲ

301 514 364 564 τὸ
395 511 639 576 ὀπτικὸν,
674 509 746 568 ὡς
779 513 894 568 τοῖς
924 507 1023 579 ἔξω
1056 511 1344 573 σκοτασθέν
1379 508 1467 565 διά
1511 513 1571 564 τὸ
1619 513 1804 585 περιὸν
1855 517 1955 579 τῆς

307 597 536 667 δειλίας,
567 597 654 649 καὶ
687 597 824 650 κατά
851 596 1052 669 τρόπον
1099 597 1324 674 βλέπον,
1371 606 1663 676 προσεῖχεν
1712 602 1784 662 ὡς
1817 599 1958 669 ἀλη-

307 686 388 736 θεῖ
419 680 1020 757 εἰδωλοπλαστουμένῳ
1067 689 1135 758 τῇ
1195 688 1477 758 φαντασίᾳ,
1526 687 1614 741 καὶ
1660 688 1688 741 ὃ
1749 685 1960 741 ὑπενόει

307 770 473 843 μόνον
507 771 582 832 ὡς
614 771 672 826 ’ὸν
707 773 1026 842 ὑπετόπαζε.
1081 774 1140 828 Τί
1198 778 1299 850 γὰρ
1358 775 1586 837 ἐκείνοις
1620 778 1699 847 [Ρ.
1740 777 1861 847 163]
1892 777 1958 844 ἡ-

308 858 542 934 βοόλετο
589 861 652 914 τὸ
700 863 768 915 τὰ
816 862 1124 938 ἀνύπαρκτα
1177 865 1251 927 ὡς
1297 864 1347 919 ἐν
1393 865 1682 919 ὑποστάσει
1714 861 1841 918 ὄντα
1870 886 1962 917 πι-

306 953 587 1018 στοῦσθαι,
641 951 694 1004 οἱ
744 948 790 1005 δ’
837 952 1125 1015 ἀκούοντες
1167 958 1272 1008 τῶν
1305 954 1533 1027 πρόσθεν
1589 958 1681 1028 μὲν
1717 953 1962 1027 ἐξεκρού-

309 1060 451 1108 οντο,
485 1036 989 1116 παλινδρομοῦντες
1023 1039 1068 1095 δ’
1111 1041 1162 1104 ἐς
1214 1041 1398 1106 οἷ’κους
1453 1045 1503 1098 οἱ
1553 1045 1647 1116 μὶν
1703 1049 1822 1106 ταῖς
1853 1065 1963 1117 γω-

306 1130 442 1192 νίαις
476 1129 698 1201 ἐζήτουν
751 1129 1115 1208 παραδύεσθαι
1147 1135 1282 1188 κατά
1326 1134 1389 1190 τὸ
1443 1136 1622 1212 σιρίσιν
1653 1136 1836 1196 αὗτοῖς
1889 1133 1963 1195 εἷς

308 1221 582 1297 σωτηρίαν
647 1222 827 1276 ἱκανὸν
889 1225 1291 1297 νομιζόμενον,
1351 1225 1440 1278 καὶ
1502 1226 1553 1278 οἱ
1616 1226 1710 1297 μὲν
1763 1226 1968 1302 τάφους

309 1310 481 1366 πάλαι
539 1315 983 1376 κατατεθνεώτων
1038 1315 1381 1390 ἀνοιγνόντες
1441 1315 1720 1384 εἶσὲδυον,
1807 1317 1858 1369 o't
1920 1314 1967 1369 δ’

313 1399 575 1479 ἀσφαλέσι
633 1403 827 1465 τόποις
887 1404 1109 1467 ἑαυτοὺς
1168 1404 1530 1459 ἐνεπίστευον·
1582 1403 1746 1460 ἄλλοι
1798 1401 1855 1458 δὲ
1884 1405 1970 1459 ἀν-

321 1491 522 1568 δρῶδές
555 1515 606 1547 τι
633 1494 723 1548 καὶ
753 1494 1052 1571 θαῤῥαλέον
1102 1496 1398 1571 ἡγούμενοι
1438 1499 1690 1572 πράττειν
1717 1495 1863 1551 ὅπλα
1913 1518 1972 1551 τε

320 1581 658 1654 περιετιοουν
717 1581 804 1635 καὶ
865 1581 1101 1656 λόγγαις
1157 1582 1248 1636 σὺν
1306 1583 1522 1638 ἀσπίσιν
1581 1582 1826 1658 ἐχρῶντο
1881 1581 1970 1637 καὶ

320 1669 413 1722 τὸν
471 1668 814 1742 ἡγησόμενον
875 1670 1181 1741 ἐξεζήτουν.
1242 1674 1410 1725 Ἦσαν
1475 1669 1531 1726 δὲ
1559 1671 1681 1726 τότε
1713 1673 1741 1726 ὁ
1775 1673 1868 1744 μὲν
1899 1671 1973 1732 εἷς

2071 509 2268 564 ἐκεῖθεν
2332 512 2448 583 μεθ’
2512 512 2692 586 ὁρμῆς
2739 508 3098 583 ἐξαλλόμενοι
3158 509 3308 566 οὐδὲν
3367 513 3542 588 ἐώρων
3593 524 3686 573 τῶν

2053 601 2406 675 λεγομὲνων,
2479 601 2659 673 μόνων
2735 598 2792 654 δὲ
2873 599 3125 674 ὀδυρμῶν
3197 602 3284 656 καὶ
3343 609 3687 680 στεναγμάτων

2070 688 2270 757 ἤκουον
2331 691 2406 751 ὡς
2463 687 2692 750 ἁλόντος
2751 694 2848 744 τοῦ
2907 690 3091 752 ἄστεος
3144 691 3233 745 καὶ
3283 693 3357 753 ὡς
3401 699 3493 748 τοῦ
3536 693 3689 751 δεινοῦ

2073 779 2248 852 σφίσιν
2295 778 2347 832 ἐν
2398 783 2522 853 χρῷ
2578 778 2885 854 γεγονότος,
2943 780 3034 834 καὶ
3094 787 3287 855 σχῆμα
3341 783 3405 850 ἦν
3464 782 3688 861 ἄντικρυς

2073 866 2313 937 ἀλούσης
2371 869 2588 930 πόλεως
2647 867 2713 922 τά
2769 867 3136 941 πραττόμενα,
3191 869 3336 940 πλην
3395 871 3490 926 οὐκ
3520 872 3689 930 ἐκτῶν

2077 953 2329 1031 δρώντων
2365 955 2777 1028 εἰκονιζομένων
2837 961 2945 1010 τῶν
3000 955 3284 1032 χαλεπῶν,
3346 959 3469 1016 ἀλλ’
3523 960 3691 1018 ἐκτῶν

2074 1044 2401 1119 πασχόντων
2458 1045 2526 1100 τὰ
2566 1052 2666 1114 τῆς
2717 1043 2994 1108 ἁλώσεως.
3057 1045 3135 1104 Οὐ
3191 1048 3291 1122 γὰρ
3348 1050 3491 1112 κενὸς
3537 1050 3694 1108 ἐκάλει

2075 1135 2224 1189 κενὸν
2285 1134 2360 1195 ὡς
2420 1133 2736 1207 Αηψόμενος
2788 1136 2879 1188 τὸν
2937 1135 3101 1210 ἀργὸν
3160 1137 3298 1211 πρὸς
3342 1139 3402 1192 τὸ
3434 1137 3694 1212 λήψεσθαι,

2079 1219 2203 1276 οὐδὲ
2230 1221 2454 1296 πλήρης
2489 1223 2562 1277 ὥν
2596 1219 2765 1285 ἄλλος
2818 1225 3162 1298 παρώτρυνεν
3211 1221 3419 1301 ἕτερον,
3452 1226 3569 1282 ἀλλ’
3597 1231 3693 1284 οἷον

2079 1310 2463 1375 ἐκσπασθὲντες
2517 1316 2594 1382 τῷ
2667 1307 3015 1389 φοὸόληπτοι
3089 1315 3410 1388 γεγονεναι,
3467 1316 3550 1370 καὶ
3598 1324 3698 1380 τοῖς

2080 1399 2306 1462 οἰκείοις
2337 1399 2412 1462 ὠς
2442 1399 2758 1474 ἀλλοτρίοις
2789 1401 3236 1475 προσπταίοντες,
3299 1405 3600 1460 ὑπώπτευον
3624 1408 3700 1462 καὶ

2079 1488 2206 1544 τοὺς
2281 1490 2532 1560 συνήθεις
2607 1490 2683 1552 ὡς
2746 1489 3072 1564 πολεμίους,
3147 1493 3297 1568 παρά
3351 1497 3597 1548 τοσοῦτον
3647 1497 3700 1550 οὗ

2085 1580 2409 1655 σφάττοντες
2463 1580 2590 1651 παρ’
2641 1578 2766 1634 ὅσον
2819 1580 2908 1634 καὶ
2963 1581 3026 1635 τὸ
3084 1582 3221 1654 πρὸς
3281 1579 3492 1636 ἐκείνων
3537 1585 3700 1638 παθεῖν

2087 1665 2474 1736 ἐφυλάττοντο,
2508 1664 2776 1744 δόσμοροι
2804 1675 2904 1737 τῆς
2932 1670 3248 1744 ὁμαιχμίας
3302 1671 3390 1725 καὶ
3422 1670 3595 1726 ἄθλιοι
3618 1679 3704 1741 τῆς

320 1757 650 1832 προστασίαν
724 1766 827 1828 τῆς
887 1757 1106 1821 πόλεως
1162 1761 1488 1834 τεταγμένος
1550 1761 1652 1814 οὐκ
1709 1759 1765 1814 εὗ
1816 1757 1974 1821 εἰδὼς
2006 1783 2053 1847 Β
2084 1757 2218 1811 κατά
2276 1761 2409 1832 σφᾶς
2451 1756 2759 1830 προθυμίας
2805 1753 3052 1820 ἕκαστος.
3110 1759 3252 1816 Τότε
3303 1759 3393 1814 καὶ
3449 1761 3497 1815 οἱ
3534 1759 3582 1814 ἐν
3612 1762 3707 1836 εἱρ-

319 1845 606 1920 πολέμων,
655 1845 801 1902 ἀλλά
848 1845 1158 1921 λημμάτων
1193 1850 1218 1903 ὁ
1251 1846 1644 1918 Μανουηλίτης
1679 1847 1972 1919 Νικόλαος,

317 1938 484 2008 τιμήν
549 1934 695 2011 ἔχων
752 1937 814 1991 τὸ
868 1939 1244 2013 προκαθῆσθαι
1296 1945 1396 2007 τῆς
1455 1937 1687 2006 πόλεως,
1723 1937 1885 1992 ἄλλοι
1918 1935 1974 1992 δὲ

318 2025 572 2080 πλεῖστοι
628 2024 967 2098 πολεμικαῖς
1025 2025 1332 2099 ἐμπειρίαις
1377 2025 1831 2102 ἐντεθραμμένοι,
1891 2029 1975 2088 οἷς

321 2113 547 2187 οὐδεμία
576 2136 658 2177 τις
712 2114 834 2184 ἐνῆν
883 2117 945 2170 τὸ
1002 2115 1260 2185 τηνικάδε
1319 2113 1497 2170 ἔννοια
1551 2120 1647 2170 τοῦ
1705 2113 1976 2176 πολλάκις

319 2203 410 2259 καὶ
469 2201 664 2276 ψεῦδος
717 2205 846 2258 εἶναι
905 2206 968 2258 τὸ
1000 2205 1399 2282 φημιζόμενον,
1454 2203 1600 2259 ἀλλά
1641 2209 1771 2259 πᾶσι
1795 2206 1978 2268 κοινὸς

323 2291 718 2367 προσπεπαίκει
778 2288 968 2367 φόϐος.
1029 2294 1125 2348 Καὶ
1185 2295 1260 2366 μή
1317 2295 1482 2366 μόνον
1533 2295 1594 2349 τὸ
1651 2294 1786 2348 κατὰ
1843 2297 1975 2370 σφᾶς

324 2380 544 2450 ἤθελον,
596 2381 742 2436 ἀλλά
784 2381 874 2436 καὶ
899 2383 962 2437 τὸ
991 2383 1126 2437 κατά
1157 2387 1328 2437 πᾶσαν
1355 2384 1454 2452 τὴν
1481 2381 1643 2438 πόλιν
1694 2384 1975 2452 σώζεσθαι.

326 2469 706 2532 Ὀπλισθὲντες
776 2492 1060 2547 τοιγαρουν
1141 2469 1343 2526 διὲθεον
1405 2478 1578 2527 πᾶσαν
1628 2473 1727 2541 τήν
1788 2469 1974 2540 πόλιν,

329 2670 809 2735 consternaverit,
843 2672 1096 2726 furorem
1142 2672 1278 2727 inde
1325 2671 1513 2727 oculis
1542 2672 1866 2737 oil'undere,
1915 2676 1980 2726 ut

329 2761 443 2816 sibi
477 2776 668 2815 coram
704 2775 940 2815 cernere
973 2766 1182 2815 moesta
1213 2765 1479 2832 tetraque
1531 2760 1851 2815 simulacra
1898 2761 1982 2814 vi-

336 2851 607 2914 deantur,
642 2865 769 2920 qua:
815 2865 1110 2919 nusquam
1145 2849 1264 2903 sint
1293 2849 1432 2903 alibi
1467 2865 1644 2921 quam
1697 2848 1757 2905 in
1787 2865 1985 2904 errore

337 2938 643 2993 delirantis
667 2938 1033 3002 animi,unici
1057 2938 1300 2994 artiticis
1322 2937 1578 3008 illorum,
1603 2938 1985 3010 persuasione

336 3045 369 3100 q
383 3026 607 3082 uamvis
623 3044 771 3082 vana
785 3026 1082 3098 stultaque
1101 3027 1156 3082 in
1175 3033 1329 3083 certo
1351 3027 1781 3082 affirmandin
1794 3028 1982 3083 uciam

335 3116 863 3172 abundantc.Talia
879 3117 1026 3188 quia
1041 3121 1244 3172 contra
1260 3117 1631 3172 venientibus
1654 3117 1982 3182 audierant,

337 3207 691 3262 referebamt
730 3211 882 3260 retro
903 3207 1106 3277 pedem
1127 3207 1333 3262 domos
1355 3223 1722 3278 versus;pars
1737 3205 1985 3277 angulos

2088 1843 2241 1906 κταῖς
2273 1843 2520 1920 σιδήροις
2547 1843 2877 1918 πεδοόμενοι
2911 1846 3140 1918 (πολλοὶ
3179 1849 3289 1922 γάρ
3318 1853 3422 1903 τῶν
3453 1847 3708 1922 πολεμίων

2082 1935 2439 2008 κρατηθέντες
2493 1934 2570 1997 ὡς
2623 1935 2841 2008 εἱρκτήν
2874 1932 3057 2006 λήθης
3099 1937 3200 2005 τήν
3258 1937 3310 1992 ἐν
3338 1939 3532 2008 Νικαίᾳ
3559 1936 3708 2010 φυλα-

2083 2025 2184 2092 κήν
2243 2024 2663 2099 κατεκρίνοντο,
2734 2025 2811 2088 ὡς
2865 2023 2925 2079 οὐ
3005 2023 3208 2101 ῥᾳδίως
3273 2025 3332 2080 ἃν
3389 2023 3710 2102 ἀποδράντες)

2086 2112 2280 2168 ἐκεῖνοι
2339 2111 2519 2167 τοίνυν
2573 2114 2674 2181 τὴν
2745 2115 2931 2183 κοινὴν
2988 2117 3260 2187 θεώμενοι
3316 2118 3554 2192 ταραχὴν
3607 2115 3710 2171 ἐπί-

2087 2223 2270 2257 στευον
2329 2201 2458 2264 τοὺς
2515 2201 2746 2277 ἐχθροὺς
2779 2203 2996 2258 εἰσιέναι
3025 2205 3113 2258 καὶ
3144 2213 3416 2279 κρατῆσαι
3471 2206 3530 2261 τὸ
3580 2203 3712 2271 ἄστυ,

2088 2291 2187 2345 οὐκ
2215 2289 2266 2361 ἐξ
2314 2289 2387 2344 ὧν
2416 2291 2651 2353 ἐκείνους
2683 2287 2936 2363 ἔϐλεπον,
2971 2290 3098 2348 ἀλλ’
3128 2293 3179 2364 ἐξ
3231 2295 3307 2348 ὧν
3339 2296 3429 2350 τὸν
3457 2299 3555 2348 τῶν
3585 2293 3713 2348 ἐποί-

2085 2385 2197 2435 κῶν
2252 2375 2481 2452 θόρυϐον
2536 2379 2786 2444 ἐθεῶντο.
2841 2381 2939 2435 Καὶ
2966 2379 3034 2450 δὴ
3081 2387 3190 2437 τῶν
3218 2381 3404 2438 πεδῶν
3433 2382 3711 2444 ἐκλυθέντες

2087 2468 2314 2545 οὐραγοί
2396 2490 2538 2532 τινες
2621 2469 2753 2536 ἦσαν
2832 2471 3240 2546 προεκθεοόσης
3295 2471 3390 2538 τῆς
3442 2471 3714 2550 φάλαγγος,

2094 2671 2295 2741 hilque
2325 2671 2524 2726 deerat
2555 2671 2626 2725 ad
2658 2687 2894 2726 scenam
2946 2671 3226 2743 tragicam
3282 2677 3543 2729 extrema:
3580 2673 3715 2729 cala-

2097 2760 2344 2829 mitatis,
2377 2759 2570 2831 qualis
2607 2760 2664 2814 in
2697 2760 3025 2832 direptione
3057 2761 3223 2816 urbis
3264 2769 3593 2835 expugnatis
3620 2779 3720 2818 cer-

2097 2849 2282 2915 nitur,
2337 2849 2454 2904 nisi
2502 2849 2656 2919 quod
2707 2848 2842 2904 solas
2898 2866 3025 2921 quae
3062 2849 3446 2921 patiebantur
3488 2868 3717 2923 persons

2095 2941 2290 3009 partes
2308 2935 2450 3003 illic,
2484 2940 2542 2990 et
2566 2936 2804 3007 quidem
2839 2937 3292 3008 perfectissime,
3322 2940 3718 3010 agebantsuas,

2097 3025 2211 3079 vim
2245 3023 2562 3080 inferentes
2611 3026 3032 3096 comparebant
3062 3043 3385 3099 nusquam.
3418 3028 3534 3084 Non
3557 3028 3714 3096 enim,

2099 3118 2164 3169 ut
2192 3114 2255 3168 fit
2286 3114 2345 3167 in
2377 3113 2912 3185 depriedationibus
2945 3120 3252 3188 captarum
3294 3118 3607 3183 civitatum,
3636 3133 3714 3171 va-

2102 3220 2249 3258 cuus
2279 3218 2527 3258 vacuum
2559 3202 2976 3259 exhortabatur
3001 3205 3073 3260 ad
3123 3222 3329 3263 secum
3381 3208 3716 3279 rapiendum,

343 3296 788 3358 scrutabantur,
810 3296 1214 3350 sicubicavum
1247 3296 1576 3350 invenirent
1597 3313 1712 3366 quo
1734 3313 1795 3350 se
1825 3313 1988 3351 com-
2023 3321 2065 3384 C
2104 3296 2161 3347 et
2189 3291 2248 3345 in
2280 3290 2388 3346 hoc
2419 3307 2655 3362 segnem
2705 3291 3064 3364 increpabat.
3113 3294 3242 3350 Non
3293 3313 3495 3351 rursus
3537 3295 3717 3368 plenus

347 3385 657 3457 pingerent
690 3400 702 3437 :
733 3383 828 3438 alii
863 3383 1021 3438 aliud
1056 3383 1264 3438 salutis
1296 3401 1459 3454 spem
1493 3385 1740 3439 offerens
1785 3384 1994 3439 latibu-

348 3474 474 3528 lum
508 3471 858 3541 captabant;
895 3488 998 3526 nec
1029 3472 1268 3526 deerant
1294 3472 1395 3542 qui
1438 3471 1723 3542 sepulcris
1775 3473 1999 3528 dudum

362 3566 728 3617 mortuorum
761 3577 890 3617 sese
920 3562 1292 3618 insinuantes
1340 3562 1419 3617 ibi
1452 3567 1828 3630 mussarent;
1859 3563 2004 3619 locis

361 3651 600 3724 quidam
655 3650 900 3705 munitis
931 3655 988 3706 et
1019 3651 1173 3706 ﬁrmi
1233 3651 1424 3723 operis
1477 3656 1654 3723 caput
1709 3652 2006 3725 vitamque

361 3740 873 3796 commendabant.
905 3741 990 3796 Ab
1023 3740 1116 3795 his
1150 3740 1362 3795 diversi
1405 3739 1674 3796 nonnulli
1723 3741 1897 3812 digno
1922 3741 2007 3796 vi-

362 3830 464 3899 ris,
495 3835 553 3885 ct
592 3834 658 3884 ut
687 3828 834 3900 ipsis
865 3829 1192 3899 videbatur,
1215 3847 1497 3901 generoso
1529 3831 1795 3900 consilio,
1827 3832 2010 3887 armis

362 3917 606 3986 indutis,
641 3924 874 3990 arrepta
903 3919 1108 3974 lancea
1137 3924 1444 3991 scutoque,
1479 3920 1580 3991 qui
1621 3921 1858 3976 duceret
1909 3922 2008 3976 ad-

366 4024 569 4063 versus
601 4007 828 4064 hostem
863 4009 1223 4080 quaerebant.
1260 4008 1444 4063 Homo
1475 4013 1599 4064 erat
1630 4009 1756 4064 urbi
1792 4027 2011 4081 praepo-

367 4100 520 4153 situs
551 4097 878 4169 praedarum
912 4113 1089 4168 quam
1123 4096 1456 4169 praeliorum
1503 4098 1801 4164 scicntior,
1849 4099 2009 4154 Man-

369 4186 580 4241 nelites
612 4185 907 4242 Nicolaus.
938 4187 1039 4242 Hic
1080 4186 1267 4243 honor
1324 4186 1612 4260 obtigerat
1667 4187 2015 4258 praesidendi

368 4280 508 4328 tunc
555 4274 780 4330 Nicaeae.
837 4273 1020 4329 Erant
1069 4279 1127 4331 et
1182 4273 1284 4330 alii
1335 4274 1598 4348 plurimi,
1650 4275 1871 4332 militias
1905 4293 2013 4332 usu

371 4361 676 4429 nonnullo,
711 4361 1035 4418 multorum
1087 4380 1379 4419 annorum
1431 4364 1745 4435 stipendiis
1783 4364 2018 4421 imbuti.

373 4457 590 4507 Horum
624 4449 768 4506 nulli
802 4456 930 4506 tum
960 4452 1120 4507 venit
1146 4451 1205 4506 in
1238 4457 1493 4509 mentem
1544 4453 1800 4526 cogitare
1839 4471 2022 4510 vanos

372 4541 721 4613 plerumque
765 4539 902 4596 ferri
939 4541 1232 4610 ejusmodi
1273 4559 1561 4606 rumores,
1593 4543 1842 4616 ideoque
1871 4544 2021 4602 serio

381 4632 530 4687 247
566 4629 894 4702 disquerire
925 4629 1064 4702 quid
1096 4630 1154 4684 in
1185 4647 1244 4686 re
1275 4635 1466 4700 esset;
1501 4633 1601 4688 sed
1643 4633 1862 4704 pariter
1890 4651 2018 4690 om-

377 4737 482 4775 nes
513 4735 630 4774 una
661 4719 960 4773 communi
1014 4718 1270 4791 perculsi
1310 4719 1642 4792 formidine,
1675 4724 2021 4793 satagebant

379 4825 495 4863 non
529 4823 590 4864 se
620 4805 798 4876 solos,
828 4823 1021 4862 verum
1049 4812 1108 4862 et
1137 4808 1291 4866 cives
1331 4814 1604 4882 tectaque
1633 4826 1882 4868 servare.
1911 4817 2018 4868 Ar-

383 4899 523 4954 mati
557 4913 694 4970 ergo
745 4897 1150 4953 discurrebant
1182 4914 1285 4969 per
1314 4902 1494 4955 totam
1525 4899 1840 4966 civitatem,
1863 4901 2023 4957 velut

382 4986 624 5058 quidam
661 4985 812 5041 ultro
843 4984 1101 5055 citroque
1130 4987 1405 5043 continue
1445 4989 1896 5045 commeabundi
1929 5006 2020 5046 ce-

383 5076 531 5132 leres
565 5075 778 5130 nuntii.
813 5080 894 5129 Ac
947 5075 1088 5130 dum
1148 5075 1206 5130 hi
1254 5075 1426 5143 hanc,
1460 5077 1558 5133 alii
1591 5078 1765 5134 aliam
1796 5079 1855 5134 in
1889 5097 2019 5152 par-

381 5173 499 5222 tem
535 5165 751 5237 impetu
780 5164 1066 5235 feruntur,
1092 5164 1236 5220 nihil
1270 5165 1506 5237 quidem
1539 5183 1738 5223 eorum
1775 5185 1904 5240 qua:
1935 5169 2020 5224 di-

381 5256 665 5312 cebantur
697 5253 975 5309 videbant
1008 5271 1020 5310 :
1056 5253 1248 5310 solum
1280 5255 1537 5326 ejulatus
1567 5257 1828 5328 undique
1859 5258 2020 5327 plan-

383 5353 634 5416 ctusque
670 5343 1009 5410 audiebant,
1041 5343 1202 5399 velut
1229 5349 1400 5416 capta
1430 5345 1662 5402 civitate
1695 5345 2021 5402 lamentan-

387 5438 530 5491 tium
557 5455 570 5505 ;
602 5440 886 5506 erantque
913 5451 1086 5490 voces
1109 5452 1175 5490 ac
1189 5435 1473 5492 clamores
1490 5435 1660 5507 plane
1683 5436 1890 5508 quales
1921 5437 2024 5492 ho-

386 5527 636 5594 minum,
671 5542 818 5596 quos
850 5541 984 5579 cum
1015 5526 1270 5581 maxime
1300 5543 1558 5597 praesens
1589 5527 1796 5600 pungit
1827 5545 1894 5584 ac
1921 5545 2022 5600 pe-

389 5618 548 5670 nitus
580 5613 844 5669 vulnerat
872 5613 1087 5670 atrocis
1117 5615 1450 5686 ingruentis
1479 5616 1620 5674 mali
1650 5634 1900 5689 sensus;
1936 5619 2024 5675 ni-

2109 3381 2314 3453 praadze
2345 3379 2496 3435 alius
2547 3383 2876 3437 ostentabat
2923 3383 3080 3437 socio
3111 3385 3308 3455 spolia
3350 3387 3616 3457 exposita,
3645 3385 3717 3438 in-

2108 3471 2300 3525 citans
2333 3474 2396 3524 ut
2419 3475 2656 3525 strenue
2687 3471 2962 3527 auferret.
3019 3472 3201 3540 Nihil,
3259 3475 3518 3546 inquam,
3572 3489 3718 3545 spec-

2113 3562 2344 3615 labatur
2373 3557 2508 3624 tale,
2533 3559 2634 3614 sed
2685 3565 2916 3616 tantum
2959 3562 3131 3618 turba
3180 3563 3546 3619 tumultuans
3591 3562 3732 3619 avul-

2120 3666 2318 3706 sorum
2402 3649 2681 3705 domibus
2773 3653 2830 3704 et
2886 3653 3106 3706 temere
3174 3653 3536 3708 cursantium
3603 3656 3735 3707 metu

2122 3737 2559 3812 lymphatorum
2612 3755 2625 3794 :
2677 3739 2778 3810 qui
2821 3740 2919 3794 ubi
2974 3741 3034 3795 in
3085 3743 3442 3799 domesticos
3486 3757 3734 3816 procursu

2121 3829 2506 3894 otfenderant,
2535 3827 2994 3885 cohorescebant
3037 3835 3325 3902 tanquam
3361 3833 3418 3887 in
3460 3832 3641 3888 hostes
3668 3831 3734 3884 in-

2123 3918 2426 3987 cidissent,
2457 3922 2679 3974 terrore
2709 3919 2941 3990 panico,
2970 3936 3086 3990 quo
3116 3927 3290 3976 erant
3319 3919 3739 3991 fascinati,fami-

2124 4007 2301 4064 liares
2332 4008 2695 4064 deformante
2735 4007 2791 4062 in
2842 4009 3141 4076 barbaros,
3197 4027 3349 4082 quos
3403 4028 3470 4065 ne
3516 4011 3742 4066 occidere

2127 4104 2481 4154 conarentur
2509 4097 2637 4155 sola
2666 4099 2867 4154 tuendi
2903 4117 2966 4155 se
2996 4103 3157 4172 ipsos
3193 4105 3266 4157 ab
3311 4119 3507 4158 eorum
3549 4101 3743 4158 scilicet

2127 4188 2342 4244 infesta
2368 4186 2424 4242 vi
2455 4191 2514 4244 et
2543 4187 2728 4244 armis
2758 4203 2896 4244 cura
2929 4190 3284 4246 retardabat.
3338 4191 3593 4248 Infelices
3637 4190 3740 4243 dira

2126 4277 2408 4344 cmcitate,
2468 4276 2570 4348 qui
2636 4293 2754 4332 non
2813 4277 3215 4334 discernerent
3265 4280 3419 4336 cives
3475 4285 3529 4335 et
3581 4277 3740 4334 socios

2127 4366 2200 4420 ab
2233 4365 2542 4433 hostibus;
2578 4380 2684 4420 nec
2717 4364 2915 4421 minus
2945 4367 3146 4422 miseri
3182 4369 3521 4424 fortitudine
3557 4368 3740 4422 intem-

2129 4454 2370 4526 pestiva,
2404 4471 2520 4526 qua
2552 4453 2611 4508 in
2653 4454 2874 4510 amicos
2904 4460 3080 4526 atque
3106 4457 3252 4512 adeo
3285 4458 3344 4513 in
3373 4473 3433 4512 se
3462 4457 3610 4529 ipsos
3637 4470 3743 4509 mu-

2130 4559 2317 4599 croem
2369 4543 2776 4614 impetumque
2825 4545 3240 4616 unusquisque
3287 4547 3558 4602 vertebat.
3601 4545 3742 4599 Tunc

2133 4633 2188 4687 hi
2223 4648 2456 4703 quoque
2487 4648 2636 4704 quos
2693 4632 2968 4688 custodite
3019 4635 3169 4689 ferro
3228 4635 3455 4690 vinctos
3499 4633 3744 4689 tenebant

2129 4720 2323 4790 (multi
2356 4721 2512 4777 enim
2545 4720 2696 4777 bello
2748 4721 2902 4793 capti
2933 4729 3214 4794 perpetuo
3275 4739 3522 4779 carcere.
3571 4721 3742 4776 Nicaea:

2131 4810 2428 4867 detinendi
2455 4810 2715 4866 damnati
2748 4814 2934 4879 erant,
2964 4811 3034 4866 ad
3069 4811 3125 4866 id
3151 4811 3269 4868 ista
3286 4812 3503 4868 delecta
3522 4809 3740 4868 civitate,

2132 4901 2457 4972 quodJinde
2488 4899 2792 4955 difficilius
2835 4899 2959 4955 vias
3000 4900 3260 4972 fugiendi
3313 4901 3555 4972 reperire
3598 4910 3743 4970 posse

2132 4990 2515 5058 viderentur),
2551 4989 2671 5060 isti,
2704 4989 2971 5060 inquam,
3017 4990 3320 5046 communi
3371 4988 3741 5046 animadversa

2133 5079 2593 5150 perturbatione,
2650 5079 2916 5150 persuasi
2971 5095 3172 5135 revera
3230 5079 3522 5152 ingressos
3573 5076 3740 5130 hostes

2134 5169 2285 5225 248
2321 5174 2377 5223 et
2409 5167 2462 5221 in
2499 5168 2642 5223 urbe
2673 5167 3005 5238 praevalere,
3040 5185 3156 5224 non
3195 5169 3354 5238 quod
3405 5168 3555 5239 ipsos
3601 5163 3738 5216 vide-

2134 5261 2284 5327 rent,
2317 5257 2416 5312 sed
2451 5273 2520 5312 ex
2567 5254 2960 5327 trepidatione
3007 5273 3186 5328 quam
3218 5255 3529 5312 cernebant
3557 5250 3738 5308 civium

2133 5347 2681 5417 ductaconjectura,
2707 5346 2881 5403 soluti
2910 5347 3159 5403 vinculis
3185 5363 3247 5402 se
3271 5347 3508 5403 comites
3531 5341 3736 5400 addidec

2134 5442 2273 5492 runt
2313 5437 2386 5492 iis
2422 5438 2494 5492 de
2533 5436 2750 5509 quibus
2799 5436 2918 5491 dixi
2969 5437 3234 5504 armatis,
3259 5441 3317 5492 et
3338 5440 3580 5491 extremo
3609 5427 3739 5486 velut

2134 5528 2368 5600 agmine
2385 5527 2682 5583 cohortem
2701 5531 2992 5582 auxerunt
3015 5526 3352 5594 obeuntem,
3377 5529 3732 5580 utestmemo-

2135 5623 2354 5684 ratum,
2384 5617 2507 5673 vias
2538 5615 2724 5684 urbis,
2773 5620 2830 5673 et
2887 5619 3309 5688 praecurrentes
3355 5612 3728 5686 sequebantur,
