4018 6198
347 297 457 352 693

1405 298 1503 350 DE
1538 296 1908 350 MICHAELE
1946 295 2393 353 PALEOLOGO
2429 301 2561 354 LIB.
2605 304 2704 357 ΙΙΙ.

3669 313 3775 368 694

351 421 498 489 πλῆν
531 420 596 473 οὐ
643 420 761 473 κατ’
813 416 1040 491 ἄμυναν,
1091 416 1238 472 ἀλλά
1265 418 1402 472 κατά
1428 416 1738 490 προθυμίαν
1768 439 1866 472 του
1897 438 1995 496 φο·
2029 420 2162 486 Aci
2219 417 2267 473 δ’
2318 419 2516 476 ἐκείθεν
2577 423 2806 500 φῖοντες,
2869 430 2981 502 ἅμα
3034 434 3152 496 καθ’
3211 434 3433 505 ἡμίσεις
3488 440 3607 496 ταῖς
3656 430 3776 489 καθ’

349 509 663 565 λάσσεσθαι.
724 505 909 564 Ἦνδὲ
957 507 1019 560 τὸ
1076 513 1175 575 τῆς
1231 504 1506 580 ἐκδρομῆς
1559 507 1718 568 τέλος
1774 507 1862 561 ἐπὶ
1917 507 2009 568 τὰς

345 597 526 660 πύλας
573 597 707 652 ἴέναι
736 604 836 666 τῆς
869 594 1110 656 πόλεως.
1154 596 1255 652 Καὶ
1291 596 1318 649 ὁ
1370 593 1501 658 λαὸς
1551 598 1636 669 [Ρ.
1669 598 1792 668 465]
1826 596 2007 650 εἷ’πετο

345 686 570 762 χύδην,
631 686 721 741 καὶ
794 685 845 740 ἐν
901 684 1182 759 ἀλογίστῳ
1244 689 1313 758 τῇ
1372 691 1492 748 καθ’
1543 685 1706 740 αὐτὸν
1764 685 2008 757 ἀσθενείᾳ

343 774 642 852 ὠρῥώδουν
687 772 933 844 ἕκαστος,
985 774 1062 836 ὡς
1110 775 1145 844 ἢ
1177 773 1566 846 τεθνηξόμενος
1613 778 1720 828 τῶν
1770 775 2003 845 πρώτων

339 865 620 921 πεσόντων
655 907 669 932 ,
730 865 775 920 εἰ
834 865 886 917 οἱ
938 861 1202 935 πολέμιοι
1275 859 1467 932 ἔξωθεν
1528 860 1857 916 διεκπαίοιεν
1895 905 1908 930 ,
1965 864 2000 932 ἢ

336 956 552 1011 τούτων
610 955 966 1009 ἀνωθούντων
1021 951 1150 1014 τοὺς
1205 947 1591 1027 είσχεομένους
1622 952 1711 1006 καὶ
1743 952 2001 1007 ἀναστελ-

337 1044 552 1100 λόντων
612 1039 824 1098 ἔνδοθεν
881 1041 1042 1104 αὐτὸς
1116 1040 1366 1116 οὐραγῶν
1430 1040 1887 1111 συνελευσόμενός
1943 1062 2001 1096 τε

333 1135 430 1188 καὶ
490 1132 879 1208 ἐκφευξόμενος
911 1172 926 1187 .
981 1131 1052 1184 Τὸ
1111 1127 1167 1184 δὲ
1217 1130 1284 1197 ἧν
1344 1131 1447 1203 ἄρα
1503 1125 1711 1191 ὄνειδος
1761 1131 1948 1192 αὐτοῖς
1982 1174 1995 1186 ο

335 1222 751 1304 Προσπεσῶφτες
811 1221 914 1294 γὰρ
967 1224 1088 1280 ταῖς
1143 1217 1347 1280 πύλαις
1405 1217 1466 1272 οὐ
1511 1219 1645 1292 μετά
1699 1221 1800 1283 τῆς
1829 1217 1996 1288 αὐτῆς

331 1312 428 1364 καὶ
489 1316 619 1382 μιᾶς
676 1307 986 1385 προθέσεως
1041 1306 1353 1381 έπήρχοντό
1400 1328 1459 1362 τε
1514 1307 1603 1362 καὶ
1661 1306 1994 1382 ἀνεχώρουν,

332 1399 466 1454 ἀλλ’
515 1397 568 1453 ἐν
616 1402 834 1473 ταραχῇ
882 1397 972 1451 καὶ
1026 1395 1120 1451 σὺν
1167 1393 1346 1451 οὐδενὶ
1393 1397 1586 1470 κόσμῳ
1633 1396 1993 1469 ἐμπίπτοντες

334 1490 458 1562 μεθ’
513 1487 751 1562 ἡσυχίας
807 1487 898 1542 καὶ
975 1485 1068 1540 σὺν
1135 1484 1457 1540 καταστάσει
1510 1489 1579 1559 τῇ
1638 1487 1991 1561 προσηκούσῃ

331 1577 689 1653 ἇνεζεύγνυον
726 1621 739 1635 .
802 1573 1070 1648 Εὗρισκον
1124 1577 1226 1650 γὰρ
1282 1576 1402 1638 καθ’
1457 1573 1694 1650 ἡσυχίαν
1752 1577 1996 1648 καθημέ-

327 1688 461 1728 νους
507 1665 635 1728 τοὺς
665 1665 909 1743 φύλακας
959 1667 1045 1720 καὶ
1085 1662 1254 1738 μηδὲν
1288 1663 1574 1726 ἐπαΐουτας
1621 1668 1730 1717 τῶν
1767 1665 1866 1718 ἀνὰ
1891 1665 1991 1732 τήν

329 1753 502 1809 πόλιν
552 1756 883 1830 γενομένων.
931 1756 1086 1818 *Οθεν
1139 1754 1231 1808 καὶ
1291 1751 1505 1839 μᾶλλον
1563 1751 1773 1827 ἤλγουν
1805 1753 1881 1817 ὡς
1909 1753 1992 1808 τό·
2026 1778 2070 1839 Β

331 1865 427 1898 σον
478 1842 846 1916 ἠπατημένοι,
879 1842 914 1912 ἢ
973 1839 1267 1919 ὠρρώδουν
1324 1840 1374 1895 έν
1429 1838 1626 1901 ἄλλαις
1671 1839 1872 1905 πύλαις
1901 1839 1991 1896 έλ-

326 1932 632 2004 πιζόμενον
707 1934 770 1986 τὸ
838 1930 1048 1986 κακόν.
1100 1932 1169 1987 "0
1228 1927 1294 1998 δὴ
1352 1927 1442 1983 καὶ
1500 1926 1677 1982 πλείω
1727 1936 1987 2004 παρεῖχεν

326 2019 560 2082 ἐκείνοις
586 2021 686 2089 τήν
715 2021 988 2095 ταραχὴν,
1017 2020 1063 2074 εἶ
1095 2017 1236 2074 οὕτω
1286 2015 1659 2094 βραδυνάντων
1702 2024 1802 2088 τῆς
1848 2021 1985 2095 πρὸς
2013 2087 2016 2090 _

319 2109 424 2170 τάς
458 2107 665 2183 μηδένα
708 2105 885 2183 φόϐον
918 2108 1153 2184 ἐχούσας
1194 2107 1373 2171 πύλας
1419 2107 1736 2180 ἁπτομένων
1787 2109 1839 2162 οἱ
1887 2109 1981 2184 ἐχ-

317 2198 444 2272 θροὶ
495 2200 615 2252 καθ’
663 2199 847 2273 ἑτέρας
896 2197 1074 2260 πύλας
1123 2198 1239 2271 μετ’
1281 2197 1562 2273 εὐχερείας
1613 2197 1793 2268 πάσης
1844 2197 1979 2253 εἷ’σε-

317 2287 491 2359 λῷεν.
525 2288 623 2342 Καὶ
657 2285 723 2358 δή
782 2287 980 2342 ἐκεῖθεν
1033 2284 1494 2360 ὃιασκιδνάμενοι,
1549 2287 1600 2340 οἱ
1661 2287 1753 2360 μὲν
1814 2285 1978 2357 ἔνθεν,

309 2504 436 2543 non
468 2486 554 2542 illi
588 2487 829 2560 quidem
860 2486 1061 2543 animo
1085 2491 1188 2543 aut
1220 2487 1441 2559 impetu
1465 2487 1770 2559 pugnandi
1803 2488 1976 2545 ultio-

308 2575 482 2632 nisve
503 2577 576 2632 ab
603 2576 772 2633 hoste
804 2577 1126 2644 sumendae,
1145 2577 1249 2632 sed
1279 2575 1452 2632 taedio
1473 2576 1723 2633 carceris
1745 2579 1974 2635 occasio

307 2681 475 2730 nem,
509 2670 575 2720 ut
606 2665 670 2720 ﬁt
700 2667 1228 2737 quomodocumque
1250 2665 1504 2720 oblatam
1520 2667 1872 2736 usurpandae
1904 2667 1973 2722 li-

307 2753 562 2809 bertatis
611 2754 866 2810 libenter
914 2754 1190 2826 amplexi.
1245 2755 1362 2808 Ista
1399 2770 1572 2825 porro
1625 2760 1969 2810 cunctorum

307 2844 400 2899 sic
449 2843 718 2899 euntium
753 2844 1054 2914 procursio
1086 2844 1156 2898 ad
1206 2847 1404 2914 portas
1433 2843 1689 2899 civitatis
1741 2844 1970 2900 fereba-

307 2938 431 2987 tur.
465 2933 837 3005 Sequebatur
868 2939 1066 2989 autem
1099 2932 1420 2988 multitudo
1452 2933 1699 2988 confusa
1729 2935 1963 3006 populi,

305 3021 759 3078 exhorrescente
775 3040 878 3094 pro
894 3040 956 3078 se
982 3039 1361 3095 unoquoque,
1378 3023 1520 3077 dum
1539 3026 1772 3094 reputat
1786 3040 1966 3095 quam

304 3111 597 3166 infirmus
630 3127 733 3182 per
781 3128 843 3167 se
874 3112 951 3168 sit
980 3113 1051 3168 ad
1099 3111 1569 3185 propulsandum
1618 3111 1839 3168 malum
1875 3112 1965 3168 in-

302 3215 551 3272 gruens,
583 3206 638 3255 et
666 3200 746 3255 ita
777 3217 839 3256 se
871 3199 1143 3273 pluribus
1165 3200 1521 3273 applicante,
1554 3200 1638 3256 sic
1666 3202 1784 3256 fere
1816 3202 1956 3257 sub-

304 3290 486 3344 ducta
519 3289 840 3345 errantium
877 3291 1300 3362 cogitationum
1333 3305 1590 3360 summa,
1622 3295 1724 3344 aut
1752 3306 1814 3346 se
1839 3295 1958 3346 sta-

300 3377 415 3431 tim
449 3377 787 3446 morituros,
823 3378 872 3433 si
899 3378 1163 3434 hostium
1196 3379 1346 3434 ferro
1378 3394 1480 3449 per
1504 3382 1730 3449 portam
1759 3384 1958 3450 paten-

301 3471 424 3521 tem
457 3467 1174 3524 extrinsecusirruentium
1199 3468 1374 3540 primi
1402 3471 1786 3535 armatorum,
1811 3486 1959 3540 quos

299 3556 727 3628 sequebantur,
761 3557 1106 3612 cecidissent
1132 3577 1145 3624 ;
1171 3561 1271 3611 aut
1293 3557 1342 3612 si
1376 3556 1434 3610 bi
1467 3558 1704 3612 fortuna
1721 3557 1813 3612 usi
1839 3575 1958 3612 me-

299 3643 438 3699 liori
484 3644 834 3717 repellerent
874 3646 1268 3718 ingredientes
1316 3646 1601 3701 barbaros
1631 3651 1689 3701 et
1737 3647 1959 3717 majore

297 3733 529 3806 impetu
594 3735 991 3792 incumbendo
1049 3736 1437 3808 reprimerent
1491 3735 1608 3790 vim
1665 3735 1954 3808 ipsorum,

299 3840 421 3879 non
455 3824 846 3896 desperabant
881 3825 1099 3896 singuli
1130 3841 1352 3889 eorum,
1387 3843 1536 3897 quos
1563 3825 1821 3881 diximus
1852 3843 1955 3881 cu-

298 3913 515 3967 stodiis
543 3913 801 3984 elapsos,
840 3912 1100 3968 invenire
1130 3913 1189 3968 in
1223 3903 1520 3968 communi
1567 3912 1956 3984 trepidatione

295 4000 456 4055 viam
503 4002 614 4056 sibi
683 4002 958 4074 privatim
1023 4001 1388 4070 consulendi,
1443 4003 1804 4072 erumpendo
1853 4019 1956 4073 per

296 4095 507 4161 aperta
537 4091 692 4146 ostia
747 4091 925 4147 simul
957 4107 1093 4146 cum
1118 4091 1506 4147 referentibus
1535 4093 1735 4162 pedem
1769 4091 1954 4146 hosti-

299 4181 437 4245 bus,
465 4186 525 4234 et
545 4179 626 4235 ita
651 4180 933 4252 etl‘ugium
958 4179 1176 4236 alicubi
1201 4181 1494 4251 captandi.
1525 4183 1589 4236 In
1622 4181 1737 4236 fine
1755 4185 1951 4236 autem

298 4270 484 4338 hujus
507 4268 633 4324 vitae
659 4269 982 4325 ludibrium
997 4269 1091 4325 sui
1107 4269 1413 4341 risumque
1435 4273 1951 4341 repererunt.Cum

294 4357 460 4414 enim
493 4359 563 4413 ad
614 4364 866 4430 portam,
903 4375 1019 4431 quo
1050 4359 1159 4417 iter
1208 4359 1602 4426 intenderant,
1654 4358 1952 4430 pervenis—

297 4452 450 4514 sent,
484 4464 602 4503 non
628 4449 832 4504 eodem
862 4453 1005 4504 aestu
1032 4451 1088 4503 et
1117 4448 1408 4503 anxietate
1427 4447 1610 4503 animi
1634 4464 1750 4519 qua
1777 4463 1949 4504 vene-

299 4542 440 4592 rant
470 4537 788 4603 redierunt,
825 4539 924 4592 sed
980 4536 1344 4592 tumultuose
1390 4536 1834 4609 inordinateque
1881 4553 1946 4592 eo

2117 507 2367 582 ἑκάτερον
2418 511 2618 574 πύλαις
2674 514 2977 592 ἐφίσταντο.
3023 522 3352 595 ἀπογνόντες
3399 523 3474 583 ὡς
3534 525 3608 594 μὴ
3670 546 3771 578 πο-

2115 597 2317 669 νούσης
2366 604 2465 664 τῆς
2515 604 2636 656 καθ’
2665 601 2760 660 ἕω.
2813 608 2902 670 Ὠς
2961 607 3018 663 δὲ
3073 611 3140 665 τά
3189 610 3282 665 ’ίσα
3338 612 3428 666 καὶ
3456 611 3508 664 ἐν
3540 611 3766 676 ἐκείναις

2116 687 2266 762 εὗρον
2299 689 2418 760 (τήν
2469 691 2573 764 γὰρ
2624 694 2758 768 πρὸς
2807 695 3052 770 αἰγιαλὸν
3099 697 3276 762 οὐδεὶς
3337 701 3409 762 ὡς
3444 699 3764 775 προδώσου-

2113 798 2207 831 σαν
2267 781 2734 856 καθυπώπτευεν),
2788 784 2866 848 εἷς
2926 785 2979 841 ἓν
3035 791 3389 863 συναχθέντες
3447 791 3764 846 καθίσταντό

2110 886 2166 920 τε
2215 867 2309 928 τὰς
2355 869 2534 943 ψυχὰς
2565 871 2654 924 καὶ
2699 871 2748 925 ἐν
2795 873 3086 949 ἀμηχανίᾳ
3109 882 3205 931 τοῦ
3233 880 3283 932 τί
3317 880 3572 953 πράττειν
3603 880 3760 948 ἦσαν·

2114 955 2189 1026 μή
2241 956 2344 1031 γὰρ
2381 956 2439 1010 ἂν
2487 961 2604 1012 κατ’
2632 959 2790 1034 ἀέρος
2822 969 3002 1017 πεσεῖν
3047 965 3173 1026 τοὺς
3226 966 3458 1040 ἐχθροὺς
3496 967 3762 1044 πτέρυγας

2109 1045 2460 1117 περιθέντας.
2521 1049 2606 1108 Ὠς
2663 1047 2720 1103 δὲ
2778 1051 2867 1104 καὶ
2918 1054 3016 1121 τήν
3077 1054 3129 1115 ἐς
3185 1055 3434 1129 αἰγιαλὸν
3497 1055 3759 1132 φέρουσαν

2108 1133 2420 1196 ἐπιστάντες
2480 1133 2763 1213 ἐλευθέραν
2814 1141 2903 1194 καὶ
2959 1143 3158 1212 ταύτην
3218 1141 3370 1205 δέους
3428 1145 3581 1217 εὗρον
3623 1167 3758 1199 παν-

2103 1224 2220 1290 τὸς,
2278 1228 2383 1278 τῶν
2444 1224 2700 1302 φυλάκων
2747 1227 2836 1281 καὶ
2886 1229 2962 1291 εἷς
3015 1229 3224 1305 χλεύην
3280 1231 3577 1305 τιθεμένων
3612 1235 3756 1308 σφίσι

2102 1314 2201 1381 τήν
2251 1313 2478 1386 ἀπάτην,
2529 1314 2850 1370 ἀνέπνευσαν
2881 1339 2940 1372 τε
2971 1318 3166 1383 εὐθέως
3193 1325 3288 1375 τοῦ
3320 1319 3474 1384 δέους
3519 1323 3609 1375 καὶ
3657 1325 3754 1391 τὴν

2105 1402 2280 1456 αῗτίαν
2310 1409 2411 1472 τῆς
2469 1406 2660 1481 φήμης
2697 1405 2965 1481 ἠρεύνων
3033 1409 3217 1483 μήγάρ
3279 1407 3340 1463 ἂν
3400 1409 3616 1464 αὐτόθεν
3651 1417 3754 1483 γῆς

2106 1489 2494 1564 μυκησαμένης
2561 1492 2952 1568 ἐξενεχθῆναι,
3008 1497 3050 1550 εἰ
3113 1500 3188 1568 μή
3246 1520 3329 1561 τις
3384 1503 3602 1573 πρῶτος
3661 1501 3752 1554 τὸν

2103 1575 2269 1655 φόϐον
2332 1578 2782 1656 έψευδολόγησεν.
2840 1585 2962 1640 Ἐπὶ
2997 1585 3212 1647 πολλὰς
3241 1591 3371 1660 γοῦν
3416 1587 3752 1662 τραπόμενοι

2099 1669 2194 1730 τὰς
2245 1666 2428 1738 ὁδοὺς,
2475 1667 2613 1740 μηδὲ
2641 1671 2703 1725 τὸ
2733 1673 2900 1746 τυχὲν
2933 1672 3274 1746 παριδόντες,
3300 1673 3368 1744 ἤν
3392 1698 3474 1736 τις
3505 1672 3752 1748 προϐάλ-

2103 1757 2280 1827 λοιτο,
2316 1756 2470 1813 οὐδὲν
2503 1757 2670 1814 πλέον
2704 1762 2851 1836 εἶγον
2883 1762 3128 1835 εὑρέσθαι
3159 1768 3256 1818 τοῦ
3288 1765 3339 1833 ἐξ
3372 1765 3606 1842 ἀφανοῦς
3640 1767 3752 1837 ἅμα

2103 1868 2165 1922 γε
2191 1855 2510 1922 γεννηθῆναι
2555 1849 2643 1903 καὶ
2695 1851 2808 1904 ἅωα
2849 1850 3117 1927 τραφέντα
3166 1851 3603 1927 συνδιειληφέναι
3658 1857 3752 1914 τὰς

2095 1940 2202 1990 τῶν
2235 1934 2464 1991 πολλῶν
2497 1939 2681 2000 ἀκοάς.
2713 1939 2790 1995 Τὸ
2813 1937 2858 1993 δ’
2890 1940 2949 1995 ἐκ
2970 1941 3273 2016 προχείρου
3304 1943 3393 1996 καὶ
3415 1943 3638 2005 πιθανὸν
3673 1943 3749 2004 εἷς

2097 2024 2268 2079 αἰτίαν
2297 2027 2360 2080 τὸ
2387 2033 2487 2096 τῆς
2521 2026 2728 2088 εἰκόνος
2775 2034 2875 2098 τῆς
2909 2032 3246 2105 θεομήτορος
3274 2032 3390 2094 καθ’
3421 2031 3625 2085 ἱκεσίαν
3660 2031 3750 2086 ἐκ-

2093 2113 2400 2190 φερομένης
2445 2113 2660 2185 πλῆθος
2683 2114 2904 2181 ἕπεσθαι
2934 2124 3224 2193 γυναικῶν,
3258 2117 3318 2181 ἃς
3347 2117 3413 2188 δὴ
3446 2121 3535 2174 καὶ
3567 2119 3750 2197 ἐκφω-

2090 2208 2198 2257 νεῖν
2247 2203 2536 2278 ἀναγκαῖον
2587 2205 2686 2273 τήν
2721 2201 2904 2275 δέησιν
2947 2207 3174 2261 κατόπιν
3223 2208 3484 2278 ἡκούσας.
3519 2209 3742 2264 Τούτων

2090 2289 2181 2346 οὖν
2213 2291 2593 2370 ὀλοφυρτικῶς
2615 2294 2754 2348 κατά
2773 2299 2992 2369 Περσῶν
3010 2295 3098 2350 καὶ
3123 2295 3393 2371 Τοχάρων
3414 2298 3741 2352 θεοκλυτουο

2086 2493 2275 2556 Quare
2305 2509 2508 2548 rursus
2539 2493 2697 2549 anxii
2728 2495 3064 2566 partiuntur
3095 2514 3219 2553 sese
3241 2497 3550 2567 bifariam;
3585 2502 3642 2555 et
3664 2500 3734 2554 ad

2084 2581 2233 2637 duas
2282 2597 2408 2652 quae
2464 2584 2767 2639 restabant
2811 2585 3043 2656 (praeter
3096 2586 3451 2642 Orientalem
3488 2629 3502 2654 ,
3561 2605 3733 2659 quam

2082 2685 2286 2725 vacare
2325 2670 2698 2728 incommodo
2747 2674 3044 2742 videbant,
3077 2680 3133 2730 et
3181 2677 3568 2746 maritimam,
3619 2694 3735 2749 qua

2083 2775 2250 2815 nemo
2300 2761 2714 2832 suapieabatur
2755 2763 2952 2820 venire
2983 2764 3180 2821 hostes
3226 2766 3510 2838 potuisse)
3561 2767 3731 2832 duas,

2081 2849 2345 2919 inquam,
2379 2851 2583 2906 eodem
2615 2855 2879 2924 tempore
2909 2852 3163 2923 reliquas
3192 2858 3393 2926 portas
3422 2856 3729 2925 adierunt;

2079 2941 2144 2992 ut
2173 2942 2370 2993 autem
2405 2955 2475 2994 ne
2508 2939 2567 2994 in
2610 2940 2702 2994 bis
2735 2940 2971 3012 quidem
3011 2947 3355 3013 repererunt
3398 2944 3598 2999 damni
3629 2950 3730 2999 aut

2077 3027 2431 3098 suspicionis
2463 3028 2813 3099 quidquam,
2859 3030 3227 3101 respirarunt
3256 3031 3528 3087 videlicet
3558 3049 3722 3088 men-

2076 3119 2282 3186 tesque
2331 3133 2364 3169 a
2393 3119 2556 3187 gravi
2604 3118 3042 3188 perturbatione
3091 3124 3468 3190 receperunt.
3501 3121 3722 3176 Tamen

2075 3203 2268 3261 adhuc
2301 3205 2511 3260 incerti
2561 3222 2676 3278 quo
2707 3223 2770 3261 se
2804 3211 3110 3274 verterent,
3147 3207 3246 3262 ubi
3290 3207 3719 3274 delitescerent,

2075 3294 2250 3358 unde,
2272 3293 2950 3364 quairruissenthostes,
2968 3297 3166 3352 omnia
3179 3296 3720 3369 circumspectando

2071 3383 2428 3454 quaerebant,
2462 3384 2608 3450 Quid
2640 3384 2840 3440 enim?
2872 3384 3246 3442 dictitantes:
3278 3403 3352 3442 au
3385 3385 3517 3442 illos
3549 3392 3717 3458 puta-

2071 3472 2267 3527 bimus
2299 3471 2406 3527 alis
2430 3489 2532 3544 per
2551 3489 2744 3529 aerem
2768 3473 3027 3529 invectos
3051 3491 3304 3546 superne
3332 3475 3486 3530 intra
3512 3476 3714 3531 urbem

2071 3559 2409 3616 involasse?
2435 3561 2578 3617 Cum
2609 3567 2806 3617 autem
2841 3567 3136 3634 postremo
3168 3563 3325 3618 illam
3364 3563 3556 3636 ipsam
3591 3582 3716 3635 quae

2071 3649 2239 3705 littus
2272 3650 2452 3706 maris
2483 3651 2807 3722 spectabat,
2843 3657 3068 3723 portam
3102 3651 3423 3708 lustrantes
3446 3653 3720 3709 similiter

2071 3739 2315 3794 liberam
2349 3741 2506 3795 omni
2542 3747 2700 3795 metu
2730 3741 3284 3812 deprehendissent,
3317 3746 3374 3796 et
3403 3743 3714 3797 custodum

2070 3827 2152 3881 ibi
2202 3844 2434 3900 quoque
2467 3845 2724 3883 errorem
2788 3829 2934 3899 ipsis
2965 3833 3022 3883 et
3060 3829 3464 3884 credulitatem
3511 3846 3714 3900 expro-

2069 3917 2372 3970 brantium
2422 3915 2684 3971 ludibrio
2752 3916 2908 3971 irrisi
2960 3921 3179 3985 essent,
3232 3918 3601 3987 respirarunt
3647 3921 3715 3971 ab

2069 4004 2226 4061 omni
2262 4005 2575 4059 formidine
2619 4008 2757 4058 tunc
2789 4003 2982 4075 plane,
3015 4009 3072 4058 et
3102 4004 3312 4059 solutis
3347 4006 3466 4074 jam
3500 4005 3716 4060 animis

2067 4093 2498 4163 investigabant
2546 4109 2673 4163 quae
2725 4092 2887 4165 origo
2944 4092 3105 4148 falsae
3156 4092 3450 4164 opinionis
3512 4094 3713 4164 quisve

2070 4186 2273 4238 auctor
2303 4181 2603 4237 mendacis
2651 4181 2851 4236 indicii
2889 4181 3132 4237 fuisset:
3167 4199 3281 4237 non
3314 4182 3471 4237 enim
3510 4182 3714 4238 videli-

2068 4276 2157 4326 cet
2204 4275 2368 4326 terrae
2427 4270 2681 4342 quodam
2733 4270 2965 4343 mugitu
3025 4271 3291 4327 extitisse
3338 4288 3537 4327 vocem
3588 4290 3712 4344 qua:

2067 4363 2366 4431 ingressos
2387 4359 2795 4415 denuntiasset
2818 4359 3042 4426 hostes,
3065 4360 3165 4416 sed
3190 4360 3430 4416 omnino
3452 4361 3707 4432 primum

2068 4449 2326 4520 aliquem
2379 4449 2560 4504 fuisse
2606 4448 2741 4504 vani
2801 4449 3076 4504 nuntium
3130 4453 3340 4504 metus.
3391 4454 3706 4521 Postquam

2067 4557 2200 4596 vero
2231 4539 2330 4594 diu
2363 4543 2420 4594 et
2443 4538 2756 4610 diligenter
2784 4538 2842 4592 in
2875 4538 2988 4593 ista
3016 4543 3152 4593 sunt
3180 4538 3561 4610 inquisitione
3589 4556 3710 4594 ver-

299 4626 601 4698 progressi
624 4624 928 4696 tranquilli
954 4624 1262 4696 securique
1289 4625 1658 4693 recedebant,
1682 4626 1954 4680 custodes
1991 4618 2031 4681 D
2063 4628 2196 4696 sati,
2229 4626 2597 4698 explorantes
2619 4626 2842 4683 circum
2874 4627 3074 4682 omnia
3107 4626 3252 4682 nihil
3273 4627 3430 4683 aliud
3456 4629 3707 4700 reperire

299 4715 598 4786 siquidem
633 4717 814 4785 portae
847 4714 1041 4785 quiete
1083 4713 1419 4769 desidentes
1455 4713 1580 4769 sine
1612 4713 1730 4769 ullo
1763 4714 1955 4770 adhuc

299 4821 500 4860 rerum
535 4821 662 4874 quae
688 4819 790 4875 per
815 4805 1015 4859 urbem
1037 4803 1388 4875 gerebantur
1417 4819 1595 4858 sensu
1624 4803 1950 4859 inveniunt.

299 4893 470 4949 Unde
504 4910 619 4947 una
641 4909 700 4948 re
732 4891 1031 4959 dolebant,
1062 4909 1178 4964 quo
1214 4890 1456 4947 illusum
1490 4891 1602 4947 sibi
1629 4897 1804 4957 esset,
1837 4909 1950 4948 non

301 4988 503 5038 tamen
529 4981 896 5037 omniadbuc
928 4980 1324 5037 sollicitudine
1349 4983 1656 5047 vacabant,
1681 4986 1954 5053 reputan-

299 5077 389 5128 tes
413 5071 677 5143 potuisse
700 5071 823 5126 fieri
860 5074 923 5125 ut
943 5087 1047 5142 per
1069 5070 1216 5126 alias
1243 5075 1440 5142 portas
1454 5071 1722 5127 hostesin
1748 5071 1950 5126 urbem

300 5165 732 5231 penetrassent.
768 5159 887 5216 lmo
921 5176 1054 5217 cum
1089 5161 1372 5216 attentius
1403 5160 1822 5232 cogitaverant,
1855 5159 1955 5216 illa

297 5251 455 5322 ipsa,
490 5266 668 5320 quam
700 5249 997 5318 videbant,
1033 5251 1186 5305 249
1223 5249 1406 5305 nimia
1435 5249 1724 5305 securitas
1755 5254 1951 5305 custo-

303 5342 447 5394 dum
480 5355 684 5394 curam
715 5338 862 5410 ipsis
895 5339 1239 5394 admovebat
1261 5340 1651 5412 augebatque,
1677 5344 1951 5411 reputan-

305 5429 467 5484 tibus
497 5427 618 5500 pari
653 5428 801 5483 forte
831 5428 1192 5502 negligentia
1217 5428 1441 5485 solutos
1481 5427 1728 5484 aliarum
1758 5433 1950 5500 porta-

304 5535 441 5574 rum
483 5518 901 5589 praesidiarios,
936 5517 1104 5574 facile
1133 5535 1445 5590 oppressos
1486 5518 1680 5573 subito
1711 5518 1951 5574 incursu

303 5607 591 5676 hostium,
641 5607 866 5663 aditum
915 5607 1196 5664 Tocharis
1241 5608 1301 5662 in
1355 5608 1558 5663 urbem
1608 5607 1948 5678 praebuisse.

2066 4721 2384 4789 potuerunt
2428 4715 2539 4772 nisi
2589 4717 2932 4772 mendacem
2982 4717 3200 4772 famam
3250 4716 3454 4773 multis
3501 4719 3702 4773 eodem

2065 4811 2362 4862 momento
2375 4805 2516 4860 locis
2531 4805 2709 4860 simul
2723 4810 2944 4875 natam,
2961 4805 3136 4860 simul
3153 4806 3677 4862 increbrescentem
3690 4851 3702 4871 ,

2065 4893 2243 4950 simul
2282 4895 2438 4966 vulgi
2468 4893 2795 4966 complesse
2831 4910 3022 4965 aures,
3058 4894 3236 4950 simul
3276 4895 3505 4951 animos
3544 4897 3702 4952 inani

2064 4989 2285 5040 terrore
2314 4983 2660 5054 perfudisse.
2697 4984 2817 5039 Una
2851 4988 3082 5038 tantum
3117 5001 3244 5053 quae
3275 4985 3474 5056 aliqua
3503 4985 3703 5040 verisi-

2065 5073 2395 5129 militudine
2425 5073 2708 5128 niteretur
2730 5071 2950 5143 publici
2985 5073 3198 5128 erroris
3222 5090 3401 5128 causa
3423 5090 3706 5129 memora-

2064 5164 2256 5226 batur,
2307 5161 2658 5234 supplicatio
2704 5167 2846 5216 tunc
2896 5163 3040 5217 forte
3089 5179 3190 5233 per
3234 5163 3441 5216 urbem
3496 5165 3703 5226 ducta,

2063 5252 2426 5308 circumdata
2457 5252 2526 5306 de
2551 5267 2710 5306 more
2729 5250 2788 5305 in
2810 5250 3024 5306 thensa
3046 5267 3146 5321 per
3175 5250 3496 5305 solemnem
3525 5267 3590 5305 ea
3615 5252 3704 5312 die

2063 5358 2336 5413 pompam
2354 5339 2604 5410 imagine
2617 5339 2896 5411 Deiparee,
2914 5345 2972 5394 tu
2985 5340 3085 5394 rba
3099 5338 3408 5394 mulierum
3423 5344 3705 5409 sequente

2061 5431 2215 5503 quod
2249 5429 2398 5485 solet
2428 5429 2485 5484 in
2536 5428 3066 5500 supplicationibus
3098 5426 3404 5482 acclamari
3443 5428 3514 5481 ab
3549 5427 3704 5481 mala

2061 5519 2515 5592 deprecantibus
2543 5533 2776 5573 carmen
2800 5534 2951 5589 pone
2981 5515 3475 5586 frequentantium
3507 5530 3519 5568 :
3549 5514 3702 5571 250

2061 5625 2127 5666 ac
2156 5608 2424 5664 videlicet
2459 5623 2586 5678 qua;
2620 5617 2755 5661 tunc
2788 5605 3040 5661 maxime
3073 5603 3372 5664 timebant,
3426 5601 3701 5658 distincte
