4018 6198
351 344 463 398 695

1657 317 1959 375 GEORGII
1995 312 2458 371 PACEYMERB

3631 315 3725 373 696

355 469 486 531 σῶν,
518 460 656 516 εῗκὸς
683 453 749 508 τὰ
793 456 893 518 τῆς
932 451 1114 524 φωνῆς
1157 441 1412 509 διελθεῖν,
1462 441 1550 496 καὶ
1603 436 1876 514 συμϐῆναι
1901 437 1998 499 τάς
2029 439 2085 506 Α
2114 434 2355 531 ἐχόντων
2395 431 2534 531 τξρᾷς
2579 430 2642 531 ’ξὸ
2691 431 3082 531 πξρξμπῖπξῗν
3130 433 3234 531 τῆς
3275 431 3462 531 φῇμης
3491 432 3734 531 θορυϐου-

359 527 611 622 μέννκατ’
655 539 871 594 ἐκείνων
935 531 1445 622 μεγαλοφωνοιξσας⁸
1481 534 1843 622 ποτνιᾶσθαιὶ
1874 527 2000 622 τοὺς

352 617 411 690 δὲ
467 633 619 704 πέριξ
668 628 760 681 καὶ
805 625 999 696 ἔξωθεν
1047 623 1147 690 τὴν
1190 621 1372 688 φωνὴν
1426 618 1760 694 δεχομένους
1790 617 1857 672 τὰ
1884 617 2002 671 κατ’

349 720 564 776 ἐκείνων
598 720 677 789 [Ρ.
715 717 834 782 166]
879 713 953 773 ὠς
994 712 1116 786 περὶ
1169 709 1385 765 ἐκείνων
1431 707 1749 783 ἐρχομένων
1805 707 2003 761 ὑποτο-

349 810 561 876 πάζειν,
612 804 703 858 καὶ
735 802 878 857 οὕτω
924 798 1247 868 διαδοθῆναι
1279 797 1487 869 σύναμα
1513 792 1668 874 φόϐῳ
1697 797 1788 849 τὸν
1811 794 2001 870 λόγον,

346 897 437 952 καὶ
493 896 590 956 τὰς
646 897 753 948 τῶν
814 887 1044 946 πολλῶν
1109 889 1274 950 ἀκοάς
1324 885 1646 959 πληροῦνται
1701 885 2004 958 παραθῆξαι

346 987 440 1038 τὸν
492 977 741 1056 θόρυϐον.
797 977 958 1036 Ἀλλ’
985 976 1181 1032 ἐκεῖνοὶ
1216 977 1310 1048 μὲν
1359 975 1552 1046 οὕτως,
1612 976 1640 1028 ὁ
1673 971 1728 1029 δέ
1757 994 1817 1049 γε
1852 974 2008 1049 βασι-

351 1072 477 1134 λεὺς
531 1071 664 1145 μετὰ
705 1074 875 1124 ταῦτα
927 1067 1112 1141 μαθὼν
1143 1067 1292 1126 ὅπως
1339 1063 1579 1140 γένοιτο,
1632 1061 2008 1138 ὑπερεπάθησέ

349 1182 409 1216 τε
455 1161 545 1216 καὶ
604 1158 825 1232 πέμψας
869 1153 958 1211 διὰ
998 1152 1335 1231 γραμμάτων
1387 1153 1456 1207 τὰ
1501 1151 1688 1207 πολλὰ
1733 1152 2007 1224 κατεμὲμο

353 1254 526 1324 ψατο.
586 1245 741 1318 Μηδὲ
795 1246 895 1322 γὰρ
949 1241 1160 1319 ἀνδρῶν
1214 1243 1348 1297 εἶναι
1408 1242 1690 1317 φρονίμων
1746 1241 1838 1294 καὶ
1885 1244 2007 1295 νοῦν

357 1392 650 1466 poscenda
680 1406 883 1446 eorum
917 1387 1260 1443 liberatione
1289 1383 1634 1440 nominatim
1673 1384 2004 1454 exprimen-

354 1484 525 1550 tium,
562 1497 667 1537 nec
706 1479 834 1535 sine
864 1477 1084 1548 ejulata
1112 1473 1605 1545 ingeminantium
1641 1490 1655 1529 :
1689 1495 1718 1523 «
1757 1473 2008 1529 Defende

359 1588 488 1638 nos,
527 1575 701 1639 Deus,
739 1585 773 1624 a
818 1565 1034 1635 Persis,
1065 1581 1100 1620 a
1127 1561 1406 1618 Tocharis
1455 1577 1613 1627 erue,
1664 1577 1698 1616 a
1741 1561 2009 1619 barbaris

359 1677 486 1728 nos,
519 1659 700 1724 Deus,
750 1660 1015 1729 protege,
1049 1675 1072 1706 ι
1108 1651 1253 1707 talia
1283 1667 1417 1706 cum
1464 1649 1877 1706 meticulosum
1909 1667 2008 1724 ge-

365 1765 478 1804 nus
526 1744 1007 1802 muliercularum
1041 1745 1099 1797 et
1127 1741 1187 1796 in
1237 1739 1310 1796 iis
1353 1739 1846 1796 consternatiores
1895 1741 2014 1796 ani-

2117 523 2310 596 μὲνους
2379 522 2539 586 εὐθὺς
2595 514 2848 595 θορυϐεῖν
2881 537 2895 550 θ
2977 513 3086 572 δεῖν
3145 519 3248 595 γὰρ
3301 518 3493 576 ἐννοεῖν
3546 525 3604 579 τὸ
3651 533 3735 582 τοῦ

2110 617 2430 690 πράγματος
2488 610 2882 678 ἀνυπόστατον,
2931 610 3020 663 καὶ
3072 609 3222 670 ὁπως
3272 609 3460 686 ἐχθροὶ
3507 615 3577 686 μὴ
3603 635 3734 692 περι.

2110 704 2413 775 καθήμενοι
2468 698 2631 755 πόλιν
2691 696 2824 772 μηδ’
2883 697 2936 753 ἐν
2993 699 3120 773 χρῷ
3177 704 3286 753 τῶν
3343 699 3559 776 πύργων
3589 701 3736 778 ὄντες,

2114 791 2259 847 ἀλλὰ
2313 789 2476 866 μόλις
2502 791 2594 846 καὶ
2645 789 2976 863 ἂκουόμενοι
3009 787 3285 865 διάγοντες
3318 790 3370 845 ἐν
3401 791 3626 867 Περσίδι,
3653 797 3736 850 αὐ-

2111 885 2237 938 τίκα
2318 881 2651 956 παμπληθὲς
2738 881 3043 956 ἀπέχοντες
3119 882 3470 944 πετασθὲντες
3544 880 3736 956 ὲμϐαϊεν

2117 972 2246 1049 δίχα
2276 969 2527 1045 πολέμου
2575 971 2664 1027 καὶ
2713 966 3061 1047 προσϐολῆς.
3113 974 3296 1027 Ταῦτα
3344 973 3432 1027 καὶ
3462 973 3738 1031 τὰτοιαῦτα

2114 1065 2322 1140 γράψας
2346 1063 2435 1119 καὶ
2471 1060 2739 1125 ὀνειδίσας
2775 1063 2803 1116 ὁ
2859 1061 3121 1137 βασιλεὺς
3166 1060 3247 1125 εἲς
3290 1061 3353 1118 τὸ
3402 1063 3520 1137 ἑξῆς
3547 1066 3738 1130 καθίστα

2117 1151 2252 1230 πρὸς
2283 1151 2345 1208 τὸ
2376 1150 2840 1228 εὐφυλακτότερον
2873 1155 2966 1205 τὸν
2993 1149 3149 1206 λαόν.

2119 1389 2245 1440 tum
2277 1384 2490 1442 litteris
2521 1385 2761 1457 scriptis
2792 1384 2953 1440 haud
2997 1384 3396 1455 perfunctorie
3425 1387 3596 1443 duces
3622 1401 3744 1460 pre-

2120 1473 2321 1530 sertim
2367 1474 2774 1545 primoresque
2817 1473 3213 1544 reprehendit,
3257 1490 3480 1546 negans
3518 1474 3745 1532 virorum

2121 1562 2505 1634 prudentium
2549 1579 2618 1619 ac
2669 1575 2743 1618 ne
2783 1578 2967 1619 sensu
3008 1560 3253 1634 quidem
3296 1563 3586 1619 communi
3627 1567 3748 1622 satis

2123 1651 2388 1722 expedite
2428 1652 2724 1708 utentium
2768 1651 2975 1719 fuisse,
3019 1651 3218 1707 statim
3253 1667 3444 1724 usque
3485 1653 3618 1708 adeo
3644 1658 3750 1710 tur-

2125 1739 2251 1796 bari
2293 1741 2449 1796 fama
2478 1745 2698 1797 temere
2727 1740 2918 1811 illata,
2959 1740 3220 1812 primum
3254 1741 3546 1813 siquidem
3580 1743 3748 1812 explo-

356 1837 507 1892 cuiae
563 1834 830 1906 quaedam
888 1831 1348 1887 vociferarentur
1405 1828 1636 1884 acutius
1663 1870 1676 1897 ,
1736 1829 2016 1885 credibile
2047 1815 2092 1881 Β
2126 1843 2253 1884 rare
2283 1829 2615 1901 oportuisse
2655 1843 2773 1901 quo
2805 1830 3194 1886 fundamento
3228 1845 3430 1887 rumor
3457 1831 3753 1901 niteretur,

355 1929 446 1982 est
489 1941 660 1980 voces
711 1922 845 1978 illas
875 1921 1187 1976 Persarum
1219 1923 1276 1974 et
1322 1917 1723 1974 Tocharorum
1768 1934 2009 1989 percus-

357 2014 510 2070 sisse
557 2028 733 2068 aures
764 2009 1160 2084 quorumdam
1191 2005 1351 2064 aliud
1383 2007 1706 2078 agentium,
1742 2009 1800 2062 et
1847 2005 2010 2062 novi-

361 2109 475 2158 tate
509 2103 636 2173 ipsa
665 2117 734 2156 ac
763 2103 902 2155 tono
933 2096 1306 2154 formidinem
1329 2095 1533 2166 ciente,
1560 2095 1800 2166 multos,
1823 2095 2009 2152 indis-

361 2208 534 2246 ευδεο
566 2190 768 2246 statim
801 2185 1020 2244 indicio
1042 2187 1350 2258 gliscente,
1377 2184 1440 2240 in
1463 2185 1781 2240 absurdam
1799 2183 2013 2256 ingres-

359 2296 557 2335 sorum
608 2278 815 2334 urbem
864 2277 1140 2346 istorum,
1173 2290 1322 2347 quos
1375 2271 1658 2346 appellari
1705 2273 2015 2331 audierant

365 2369 692 2435 nominum,
725 2363 1062 2438 opinionem
1095 2381 1161 2420 ac
1192 2364 1366 2419 fidem
1399 2363 1583 2418 fuisse
1612 2363 1858 2420 ridicule
1887 2381 2014 2436 per-

362 2460 600 2513 tractos.
634 2455 782 2510 Nam
832 2470 904 2508 ne
934 2453 1048 2508 cito
1089 2452 1625 2524 deprehenderetur
1664 2452 1894 2524 primus
1924 2469 2015 2509 er-

367 2561 480 2612 ror,
528 2541 1030 2614 perturbationem
1080 2557 1150 2596 ex
1177 2539 1307 2596 dira
1336 2539 1632 2596 mentione
1663 2541 1864 2596 statim
1906 2559 2014 2598 na-

364 2638 487 2688 tam
541 2630 870 2698 obstitisse,
909 2633 966 2684 et
1015 2624 1460 2700 persuasionem
1511 2643 1645 2683 cum
1695 2633 1853 2684 metu
1900 2631 2016 2686 late

367 2719 833 2787 disseminasse;
888 2715 971 2773 ita
1002 2716 1324 2773 tumultum
1374 2715 1538 2772 urbis
1567 2721 1624 2772 et
1653 2715 1817 2772 illam
1857 2719 2016 2774 insa-

367 2827 502 2867 nam
517 2807 968 2882 trepidationem
991 2810 1178 2862 ortan:
1195 2809 1566 2878 auctamque,
1594 2805 2015 2879 sicilliconjec-

367 2904 560 2956 tantes
590 2897 978 2954 disserebant.
1013 2896 1295 2952 Caeterum
1318 2893 1638 2967 imperator
1666 2895 1766 2951 ubi
1799 2913 1867 2952 ea
1890 2902 2020 2969 post

367 2985 664 3058 cognovit,
715 2999 850 3040 cum
901 2981 1246 3039 humaniter
1293 2998 1637 3061 compassus
1677 2983 1858 3039 errori
1907 2987 2014 3040 est.

2127 1917 2448 1988 prmsertim
2497 1916 2650 1974 male
2696 1917 3052 1974 coherentta
3101 1918 3434 1974 nuntians:
3487 1920 3746 1991 quomodo

2120 2007 2276 2063 enim
2317 2005 2514 2062 hostes
2551 2006 2708 2062 intra
2736 2006 2945 2062 urbem
2975 2011 3034 2062 et
3069 2006 3131 2062 in
3172 2007 3390 2063 civium
3415 2007 3652 2080 jugulis,
3690 2009 3750 2064 de

2123 2095 2340 2167 quibus
2368 2095 2640 2152 auditum
2663 2096 2939 2151 nundum
2966 2100 3125 2152 esset
3145 2095 3742 2168 foris'approximasse,

2125 2185 2545 2242 circumsidere
2577 2200 2804 2254 muros,
2838 2186 3106 2242 turribus
3136 2203 3200 2242 se
3231 2187 3599 2244 admovisse?
3626 2188 3756 2253 Quo-

2124 2274 2296 2330 modo
2328 2273 2430 2345 qui
2469 2275 2645 2346 paulo
2672 2279 2810 2330 ante
2840 2275 2985 2331 dicti
3016 2280 3219 2332 essent
3255 2276 3474 2333 harere
3503 2277 3557 2332 in
3587 2277 3754 2332 Persi-

2123 2364 2216 2429 de,
2249 2363 2443 2418 subito
2460 2362 2569 2418 alis
2587 2363 2848 2435 sumptis
2870 2364 3128 2421 volucris
3149 2367 3446 2422 exercitus
3468 2382 3634 2437 supra
3651 2370 3749 2421 sta-

2124 2455 2252 2507 rent
2273 2451 2650 2508 imminentes
2681 2453 2938 2524 desuper
2969 2454 3324 2522 cervicibus,
3348 2459 3572 2510 tantum
3599 2455 3752 2509 inter-

2122 2540 2367 2609 vallum,
2400 2541 2496 2596 ubi
2524 2544 2581 2596 et
2610 2557 2774 2597 arces
2805 2546 2863 2596 et
2893 2543 3171 2614 praesidia
3201 2544 3471 2600 Romana
3499 2544 3632 2612 sint,
3659 2544 3756 2600 vic‘

2123 2629 2291 2686 toriis
2318 2635 2616 2686 momento
2638 2647 2912 2687 emensos
2928 2633 2956 2686 ?
2977 2637 3112 2688 Haec
3133 2637 3192 2688 et
3211 2632 3308 2688 his
3337 2633 3552 2688 similia
3578 2633 3754 2687 merito

2123 2719 2486 2792 exprobrans
2537 2737 2637 2790 per
2665 2720 2981 2792 epistolam
3025 2721 3436 2778 Nicaeensibus
3467 2722 3755 2794 imperator

2123 2807 2181 2863 id
2214 2809 2424 2880 agebat
2454 2813 2520 2863 ut
2539 2809 2595 2864 in
2630 2813 2935 2882 posterum
2958 2811 3250 2868 cautiores
3278 2811 3416 2870 illos
3437 2813 3685 2869 redderet
3704 2811 3753 2866 in

2124 2913 2373 2954 occursu
2401 2896 2688 2954 similium
2722 2915 2995 2956 casuum.

2914 3019 2985 3031 —

2003 3163 2140 3256 A’.

369 3331 436 3390 α’.
491 3325 816 3404 Δημηγορία
879 3325 1145 3410 βασιλέως
1203 3326 1525 3410 πρρςΙτοῦς
1570 3327 1850 3407 ἀρχιερεῖς
1899 3332 2022 3408 περῖ
2055 3337 2098 3403 (ς
2141 3353 2306 3407 μενος
2360 3331 2409 3407 ἐξ
2461 3327 2698 3407 ἀνάγκης
2730 3329 3126 3409 ἀπαραιτήτου,
3176 3333 3250 3395 ὡς
3309 3335 3454 3410 μέγα
3480 3355 3532 3389 τι
3577 3330 3758 3387 καὶτὸν

963 3402 1071 3454 τῶν
1099 3399 1216 3454 κατ’
1248 3399 1435 3458 αὐτόν.

446 3509 526 3579 [Ρ.
567 3507 688 3578 170]
717 3507 987 3580 ’Ἃρχεται
1020 3501 1066 3559 δ’
1116 3501 1326 3569 ἐνθένδε
1352 3507 1420 3560 τὰ
1447 3504 1584 3562 κατᾶ
1619 3505 1712 3562 τὸν
1761 3510 2026 3585 πατριάρ-

377 3615 484 3670 χην
542 3594 816 3668 Ἀρσὲνιον
852 3635 866 3650 .
924 3593 987 3649 Ὀ
1061 3594 1165 3670 γάρ
1229 3592 1485 3668 βασιλεὺς
1539 3600 1644 3658 πᾶς
1698 3596 2029 3674 γιγνόμενος

375 3684 513 3760 πρὸς
562 3683 623 3736 τὸ
671 3686 854 3736 πεῖσαι
905 3679 1052 3754 αὖτῷ
1097 3703 1155 3736 τε
1183 3681 1364 3752 ἠπίως
1422 3683 1880 3761 προσενέγκασθαι
1936 3687 2027 3743 καὶ

375 3773 466 3830 τὸν
522 3770 720 3845 δεσμὸν
753 3769 924 3842 λύειν,
968 3768 1080 3826 ἐπεὶ
1134 3770 1454 3848 ἀπέγνωστό
1485 3775 1538 3828 οἱ
1565 3773 1634 3829 τὰ
1672 3778 1767 3829 τοῦ
1799 3780 2026 3846 σκοποῦ,

375 3861 552 3925 πολὺς
607 3863 676 3930 ἦν
749 3859 1118 3936 ὀριγνώμενος
1193 3859 1254 3916 ἐκ
1305 3861 1505 3925 παντὸς
1563 3864 1769 3938 τρόπου
1829 3863 2030 3921 ἐκεῖνον

376 3951 864 4008 ἀποσκευάσασθαι.
922 3951 1078 4008 Ὅθεν
1123 3951 1212 4005 καὶ
1258 3946 1533 4016 πολλάκις
1577 3974 1707 4016 τους
1755 3954 2028 4031 ἀρχιερεῖς

375 4041 660 4120 συγκαλῶν
723 4039 1054 4116 ἐμαρτύρετο
1109 4041 1206 4110 τήν
1258 4040 1520 4118 ἀνάγκην,
1577 4042 1653 4106 ὠς
1712 4068 1740 4095 ‹‹
1801 4042 1929 4098 Δέον
1971 4045 2028 4100 ’ὸν

373 4135 575 4209 ἄγοντα
604 4135 710 4186 τῶν
745 4128 929 4185 ἄλλων
955 4129 1168 4204 σχολὴν
1217 4129 1285 4186 τὰ
1325 4137 1427 4200 τῆς
1480 4131 1660 4208 ἀρχῆς
1687 4131 1874 4188 πολλᾶ
1904 4127 2031 4188 ὄντα

373 4221 463 4276 καὶ
497 4216 850 4291 δυσεξάνυστα
896 4225 1250 4295 προσκοπεῖν,
1302 4221 1330 4275 ὁ
1375 4215 1432 4275 δὲ
1478 4219 1749 4284 κάκείνοις
1785 4219 2028 4277 ἐνειλού-

2135 3423 2241 3478 άπὸ
2292 3428 2390 3479 τοῦ
2455 3422 2802 3498 πατριάρχου
2879 3419 3077 3495 δεσμὸν
3139 3420 3404 3498 ἐφόλκιον
3465 3422 3760 3496 ἐπισύρεται.

2136 3515 2343 3589 Ἐχρῆν
2406 3509 2452 3567 δ’
2501 3511 2610 3586 οὐχ
2640 3509 2834 3574 οὕτως.
2871 3509 3017 3566 ἀλλὰ
3045 3511 3135 3566 καὶ
3178 3511 3380 3574 αὐτοὺς
3407 3517 3486 3584 τῷ
3517 3511 3764 3586 πράγματι

2137 3607 2385 3675 νεμεσᾷν,
2429 3601 2475 3656 εἲ
2504 3597 2998 3675 πλημμελήματος
3046 3602 3121 3674 μὴ
3176 3598 3292 3656 οἵου
3349 3604 3398 3657 τ’
3444 3601 3676 3674 ὅντοςτῇ
3704 3599 3766 3659 εἷς

2137 3692 2198 3746 τὸ
2255 3690 2485 3766 ἀρχαῖον
2535 3694 2643 3745 τῶν
2700 3691 3036 3765 πραγμάτων
3098 3688 3478 3765 ἐπανακάμψει
3538 3686 3764 3760 ἐξαληλί-

2140 3782 2266 3858 φθαι
2317 3782 2344 3834 ὁ
2393 3781 2529 3854 πρὸς
2558 3780 2619 3833 τὸ
2654 3777 2964 3852 θεραπεύειν
2992 3779 3329 3852 ταττόμενος
3392 3776 3539 3833 δυοῖν
3571 3780 3764 3852 θάτερος

2139 3870 2392 3944 πράττοι,
2429 3867 2461 3938 ἢ
2493 3867 2562 3923 τὰ
2608 3867 2846 3944 πρότερα
2907 3869 2980 3930 ὡς
3031 3867 3176 3943 εἶχεν
3206 3868 3569 3940 ἀνταπαιτῶν,
3622 3866 3760 3935 ἢτήν

2140 3956 2423 4031 θεραπείαν
2457 3951 2928 4028 ἀναϐαλλόμενυς.
2981 3957 3058 4012 Τὸ
3107 3957 3202 4028 μὲν
3251 3958 3360 4032 γὰρ
3406 3953 3676 4022 ἀδύνατον,
3715 3951 3765 4003 τὸ

2143 4042 2199 4100 δὲ
2226 4046 2442 4108 πάντως
2500 4043 2956 4116 ἀνοικονόμητον.
3009 4044 3110 4102 Καὶ
3143 4042 3261 4100 δέον
3295 4045 3357 4100 ’ὀν
3385 4049 3650 4119 παραινεῖν
3691 4039 3764 4095 καὶ

2139 4135 2239 4203 τήν
2271 4139 2365 4189 τοῦ
2401 4138 2739 4210 μεταγνῶναι
2773 4131 3028 4189 δεικνύειν
3081 4131 3204 4189 ὁδὸν
3253 4137 3458 4208 καὶτῷ
3509 4131 3662 4208 μηδὲν
3685 4132 3765 4184 τοῦ

2142 4221 2637 4298 πλημμελήματος
2691 4223 3001 4298 αἰσθομένῳ
3056 4225 3092 4296 ἢ
3148 4224 3240 4280 καὶ
3289 4222 3763 4302 καταρῥᾳθυμοῦντι

2003 4375 2153 4472 IV.

389 4563 438 4613 1.
496 4557 682 4613 Oratio
731 4554 1082 4629 imperatoris
1124 4555 1204 4612 ad
1257 4556 1530 4628 episcopos
1576 4554 1641 4611 de
1682 4555 1842 4612 rebus
1901 4555 2036 4612 suis.
2069 4535 2114 4599 Ῑ)
2149 4556 2499 4612 necessitate
2523 4573 2695 4614 curas
2725 4555 2980 4629 imperii,
3015 4557 3162 4614 tales
3203 4559 3448 4614 omnino
3479 4573 3598 4630 quae
3626 4553 3763 4610 solu-

462 4648 608 4704 25I
655 4645 803 4701 Hinc
853 4645 1146 4717 incipiunt
1177 4660 1270 4701 res
1317 4644 1598 4700 adversus
1627 4644 2034 4718 [patriarcham

390 4736 706 4792 Arsenium
735 4739 931 4806 gestas.
959 4738 1103 4792 Cum
1134 4733 1292 4791 enim
1318 4735 1638 4806 imperator
1658 4738 1815 4789 totus
1838 4733 2036 4790 hacte-

389 4842 502 4880 nus
533 4825 741 4880 fuisset
771 4826 829 4879 in
864 4822 1197 4880 deliniendo
1239 4823 1592 4894 patriarcha,
1639 4822 2036 4894 omnibusque

389 4915 604 4971 ofﬁciis
623 4913 1012 4970 eblandiendo
1036 4919 1101 4969 ut
1128 4911 1332 4968 mitius
1356 4927 1522 4983 agere
1553 4929 1752 4968 secum
1777 4911 1952 4968 vellet
1979 4917 2036 4968 et

389 5002 784 5058 anathematis
834 5001 1035 5074 injecti
1082 4999 1383 5058 vinculum
1435 5001 1677 5070 solvere,
1725 5006 2032 5074 postquam

390 5090 806 5147 animadvertit
834 5107 896 5146 se
915 5090 1062 5146 nihil
1094 5092 1372 5162 proficere
1395 5091 1841 5163 desperavitque
1865 5089 2036 5162 plane

391 5179 694 5235 meliorem
729 5179 784 5234 in
821 5185 1123 5252 posterum
1157 5195 1498 5236 successum
1530 5179 1830 5251 petitionis
1861 5179 2034 5234 istius

386 5286 533 5336 suae,
575 5284 851 5324 conversa
898 5268 1286 5324 velificatione
1326 5268 1700 5324 vehementer
1740 5267 1796 5321 in
1840 5268 2035 5322 consi-

388 5357 537 5412 lium
573 5357 843 5412 incubuit
871 5357 1000 5428 ejus
1047 5357 1205 5411 omni
1241 5357 1466 5412 ratione
1497 5355 1825 5411 amovendi.
1861 5355 1921 5410 Ei
1953 5357 2034 5411 rei

392 5447 867 5516 praemunienda,
901 5446 1114 5518 saepius
1147 5446 1480 5502 convocatis
1511 5459 1810 5500 sacrorum
1844 5445 2036 5515 praesi-

391 5535 589 5606 dibus,
613 5541 951 5591 centestans
983 5537 1308 5608 exponebat
1329 5534 1631 5606 angustias
1655 5533 1871 5605 quibus
1897 5550 2036 5589 con-

396 5623 771 5691 flictaretur,«
789 5624 944 5679 inter
965 5624 1100 5678 hinc
1124 5622 1362 5695 quidem
1381 5622 2027 5696 urgentesineluctabili

2144 4650 2268 4700 tum
2300 4663 2333 4701 a
2362 4646 2584 4701 caeteris
2616 4646 2879 4702 animum
2905 4647 3291 4719 requirerent,
3325 4663 3392 4704 ac
3415 4645 3500 4702 vel
3533 4645 3612 4701 sic
3640 4641 3765 4696 vixa

2143 4738 2441 4805 satagente
2462 4735 2917 4808 connitenteque
2939 4741 3114 4809 prout
3133 4737 3443 4809 oportebat
3456 4733 3764 4807 expediren-

2143 4830 2260 4890 tur,
2310 4822 2447 4879 inde
2490 4829 2687 4880 autem
2737 4826 3069 4881 obstantem
3110 4825 3397 4881 duritiam
3448 4820 3760 4897 patriarcha

2143 4913 2522 4984 impedientis
2555 4929 2617 4968 se
2640 4930 2706 4969 ac
2737 4915 2904 4985 quasi
2929 4916 3318 4971 constrictum
3342 4913 3621 4970 trahentis
3638 4909 3763 4964 diris

2142 4999 2392 5056 vinculis
2434 5001 2826 5059 anathematis
2859 5003 3106 5060 infandi.
3138 5003 3587 5060 Considerarent
3616 5001 3719 5056 haec
3747 5037 3759 5062 ι

2143 5093 2200 5146 et
2227 5089 2492 5146 viderent
2514 5108 2584 5145 an
2618 5107 2734 5146 non
2759 5097 2916 5148 esset
2937 5093 3163 5164 aequius
3186 5092 3379 5149 venire
3407 5092 3566 5166 ipsos
3587 5101 3760 5144 secum

2144 5179 2201 5233 in
2236 5184 2460 5250 partem
2494 5179 2913 5238 sollicitudinis
2946 5181 3217 5254 publicae,
3266 5180 3640 5254 improbanda
3667 5177 3761 5230 ista

2146 5269 2556 5340 intempestiva
2588 5271 2928 5341 pertinacia.
2960 5271 3375 5340 Patriarcham,
3402 5272 3569 5341 cujus
3590 5268 3762 5324 essent

2147 5364 2340 5429 partes
2373 5358 2652 5414 adhibere
2682 5360 3043 5416 curationem
3080 5361 3296 5433 lapsis,
3327 5361 3658 5416 obﬁrmasse
3687 5356 3759 5408 in-

2149 5447 2482 5503 ﬂexibiliter
2503 5449 2767 5504 animum
2801 5450 2857 5504 in
2884 5451 3295 5521 prosecutione
3317 5451 3557 5506 alterius
3580 5449 3757 5502 harum

2147 5538 2398 5591 duarum
2416 5553 2633 5604 rerum,
2659 5543 2762 5593 aut
2787 5542 2851 5593 ut
2874 5544 3190 5611 reponatur
3212 5541 3270 5595 in
3295 5540 3541 5612 priorem
3565 5540 3756 5591 statum

2148 5626 2201 5680 id
2237 5625 2392 5698 quod
2425 5641 2552 5682 meo
2585 5632 2819 5698 peccato
2846 5635 3138 5684 mutatum
3163 5635 3287 5702 est;
3321 5635 3418 5684 aut
3449 5629 3504 5683 ni
3528 5627 3627 5682 hoc
3648 5624 3752 5687 ﬁat,
