3920 6196
195 331 288 385 697
1221 331 1320 384 DE
1357 327 1727 385 MICBAELE
1764 325 2211 385 PALEOLOGO
2247 331 2379 385 LIB.
2419 333 2518 386 IV.

3467 332 3578 388 698

195 455 247 512 ἐκ
273 452 644 531 προαιρέσεως,
685 453 711 506 ὁ
771 450 828 507 δὲ
881 447 972 508 καί
1023 451 1114 507 τὸν
1163 451 1214 524 ἐξ
1268 453 1436 507 αὐτοῦ
1493 452 1817 527 νυττόμενον
1846 455 1900 521 Α
1933 451 2210 528 βασιλείας
2238 455 2330 509 καὶ
2385 451 2692 528 ίδιωτισμῷ
2726 456 2961 528 μετιέναι
3003 456 3064 510 τὸ
3097 453 3348 532 ἔγκλημα
3383 456 3578 532 βούλε-

196 550 262 616 τῷ
288 543 514 619 γνησίως
571 545 924 616 μεταγνῶναι,
958 541 1047 596 καὶ
1104 543 1202 612 τὴν
1251 541 1531 617 θεραπείαν
1581 540 1824 607 ἐκτόπως

199 633 404 697 θέλοντα
452 629 726 706 δέχεσθαι,
757 629 852 686 κᾶν
898 634 1225 706 καυστῆρσιν
1275 631 1650 704 οἷ’κονομοῖτο,
1682 630 1825 686 ἐκεῖ·

195 743 272 784 νος
326 722 638 788 ἀπωθεῖται,
693 719 782 774 καὶ
863 725 944 792 τῷ
1004 724 1341 795 μεταγνῶναι
1397 717 1458 774 τὸ
1516 719 1822 794 ἀπογνῶναι

198 811 419 886 συνείρει,
456 811 529 871 ὡς
589 813 834 882 κρεῖττον
890 808 949 862 ’ὸν
1009 810 1084 882 μή
1131 813 1468 883 μεταγνῶναι
1502 809 1537 879 ἢ
1570 813 1824 884 απογνῶ-

194 922 264 954 ναι
295 897 620 974 μεταγνόντα
654 917 666 930 ·
701 898 763 952 τὸ
796 898 892 969 μὲν
948 896 1052 973 γὰρ
1114 896 1441 974 ἀναλγησίαν
1501 903 1821 974 κατηγορεῖ,

193 991 234 1024 ’1
272 986 308 1008 αἱ
349 988 362 1004 9
436 985 496 1040 ιλ
689 987 703 1030 τ
799 985 810 1004 Ι
1118 985 1131 1005 9
1181 987 1194 1004 \
1307 987 1322 1006 κ
1435 985 1464 1005 ν
1616 987 1629 1003 ε

201 1011 242 1044 .o
269 1005 292 1042 ο
339 1009 458 1042 απω
502 1008 616 1042 ειαν
651 992 1031 1056 α.ωνιζουσαν.
1064 990 1234 1044 Αυτον
1265 1007 1362 1062 μεν
1405 1008 1494 1042 ουν
1543 1009 1632 1042 και
1682 985 1819 1042 πολ-

193 1078 328 1138 λάκις
354 1074 730 1153 προσελθόντα
762 1076 1202 1146 ἄποπὲμπεσθαι,
1234 1076 1324 1131 καὶ
1382 1081 1646 1146 ζητοῦντα
1692 1075 1822 1138 τοὺς

192 1168 402 1242 τρόπους
430 1173 534 1235 τῆς
561 1165 800 1241 ἰατρείας
835 1167 946 1240 οὐχ
994 1163 1143 1229 ὅπως
1191 1160 1516 1240 λαμϐάνειν,
1548 1164 1694 1221 ἀλλά
1731 1168 1820 1221 καὶ

190 1253 688 1325 προσονειδίζεσθαι,
720 1255 810 1310 καὶ
867 1253 1028 1317 τέλος
1083 1251 1238 1309 οὐδὲν
1291 1253 1434 1310 ἄλλο
1464 1257 1819 1320 πυνθάνεσθαι

189 1347 311 1415 πλήν
368 1348 426 1400 τὸ
485 1345 731 1420 ἀνάγκην
787 1345 914 1400 εἶναι
963 1345 1025 1399 τὸ
1073 1349 1288 1420 τραῦμα
1342 1345 1544 1418 ἰᾶσθαι,
1575 1345 1724 1409 ὅπως
1774 1330 1820 1401 δ’

194 1436 306 1509 ἶῷτο
339 1437 411 1509 μή
449 1436 765 1508 μανθάνειν,
799 1433 946 1488 ἀλλὰ
998 1435 1135 1510 πρὸς
1181 1435 1243 1489 τὸ
1292 1435 1545 1508 πράττειν
1590 1435 1821 1513 προτρέ-

188 1537 356 1588 πεςθαι
407 1522 582 1597 μηδὲν
645 1521 828 1578 εἷδότα
883 1527 992 1577 τῶν
1027 1525 1278 1597 πράττειν
1314 1523 1714 1602 ὀφειλομένων,
1747 1526 1822 1580 εἶ-

189 1635 260 1668 ναι
292 1610 332 1668 δ’
368 1613 693 1668 ὑποπτεύειν
739 1613 802 1666 τὸ
858 1617 962 1667 πᾶν
1012 1611 1244 1687 χλεύην.
1275 1614 1414 1687 ’Ὡρα
1465 1617 1594 1687 γοῦν
1646 1611 1818 1669 δεδοι-

189 1706 314 1759 κέναι
368 1705 441 1776 μή
487 1725 546 1758 τι
602 1703 690 1757 καὶ
745 1701 1076 1779 πράττοντος
1144 1701 1348 1765 ἐκεῖνος
1420 1698 1817 1776 ἀναλαμϐάνων

1926 564 2035 598 ται.
2069 546 2166 615 Τῷ
2197 539 2274 612 δὲ,
2309 543 2353 616 ᾧ
2403 547 2458 598 ἂν
2505 545 2593 598 καὶ
2650 544 2955 620 συνενέγκοι
3007 550 3245 612 σκοπῶν,
3281 543 3396 599 οὐδ’
3428 546 3574 610 ὅλως

1928 629 2178 706 εὑρίσκω.
2213 632 2336 688 Ἐπῖ
2399 632 2492 705 μὲν
2544 631 2633 686 οὖν
2692 638 2808 697 τοῖς
2854 637 3082 702 κοινοῖς,
3112 633 3330 697 αὐτόθεν
3380 633 3572 704 δῆλον,

1926 720 2015 774 καὶ
2069 718 2220 775 οὐδὲν
2281 717 2363 776 δεῖ
2418 721 2734 796 ἐρωτῶντας
2796 723 3080 795 μανθάνειν
3118 740 3131 754 ⁸
3163 724 3226 777 τὸ
3283 723 3382 798 γὰρ
3446 721 3572 798 μήτ’

1929 807 2129 863 ἐκείνου
2163 807 2279 863 οἵου
2307 810 2357 864 τ’
2387 804 2542 871 ὄντος
2589 812 2656 864 τά
2701 813 2993 887 πράγματα
3042 809 3290 880 διοικεῖν,
3321 812 3412 865 καὶ
3467 834 3574 884 μη-

1927 895 1985 952 δὲ
2013 893 2321 972 συμϐάντος
2353 899 2625 970 ἐκστῆναι,
2661 900 2733 962 ὡς
2765 901 2900 976 μέγα
2939 922 2992 955 τι
3032 903 3129 969 τὴν
3183 899 3414 976 ἐρημίαν
3477 900 3576 956 λο-

1926 987 2190 1062 γίζεσθαι,
2226 984 2379 1042 οὐδὲν
2431 986 2555 1043 ἀλλ’
2590 991 2624 1059 ἦ
2670 993 2961 1060 ζητοῦντος
3016 989 3170 1062 οἶμαι
3217 989 3398 1045 κοινὸν
3456 987 3573 1046 ὄλε-

1928 1087 2052 1152 θρον
2106 1077 2195 1131 καὶ
2251 1076 2520 1152 Τελχῖνος
2562 1076 2765 1152 τρόπον
2812 1075 3336 1152 ἐνδεικνυμένου.“0
3371 1077 3427 1134 δὲ
3483 1079 3570 1134 καὶ

1928 1164 2141 1240 μᾶλλον
2178 1164 2545 1244 διαφερόντως
2575 1173 2682 1220 τῶν
2721 1165 2906 1221 ἄλλων
2961 1168 3184 1223 ἅπτεται
3238 1173 3343 1222 τῶν
3401 1169 3572 1242 ἐμῶν,

1929 1255 2136 1332 μακρὰν
2189 1254 2248 1311 ἂν
2305 1257 2405 1325 τήν
2465 1254 2815 1332 δημηγορίαν
2866 1254 3140 1311 κατέτεινα
3186 1255 3268 1327 ἃν,
3301 1256 3366 1326 ἢν
3433 1260 3571 1333 μήγε

1923 1345 2010 1400 καὶ
2043 1344 2132 1420 ἀφ’
2161 1344 2279 1407 ἐνὸς
2314 1344 2481 1419 μόνου
2514 1345 2629 1407 οἷός
2673 1347 2720 1399 τ’
2749 1346 2817 1414 ἦν
2865 1350 3126 1420 παριστᾷν
3186 1347 3282 1414 τήν
3334 1341 3569 1420 βλάϐην.

1923 1437 1987 1491 Τί
2035 1433 2135 1509 γάρ
2168 1455 2262 1506 μοι
2292 1433 2382 1489 καὶ
2432 1433 2692 1510 ἐχέγγυον
2741 1439 2836 1489 τοῦ
2889 1433 2945 1489 δὲ
2992 1433 3141 1496 αὖθις
3200 1435 3571 1510 ἀπραγμόνως

1929 1527 2124 1599 βιῶσαι
2155 1524 2505 1596 καταθεμένῳ
2554 1524 2652 1592 τήν
2687 1521 2928 1594 ἐξουσίαν
2957 1544 2971 1593 ;
3003 1523 3062 1578 Τί
3103 1521 3156 1578 δὲ
3208 1525 3422 1599 γυναικὶ
3482 1523 3571 1578 καὶ

1923 1613 2078 1667 παισὶ
2140 1610 2516 1684 μᾶλλονςοῖς
2574 1610 2633 1666 ἂν
2689 1612 2958 1686 παρευθὺς
3013 1617 3208 1686 μοῖραν
3268 1610 3571 1687 ἐφεδρεύειν

1923 1701 2128 1776 ἀνάγκη
2152 1703 2217 1770 ἧς
2246 1702 2273 1756 ὁ
2301 1701 2485 1776 τυχὼν
2514 1701 2576 1756 οὐ
2608 1703 2920 1777 γηθήσειεν.
2951 1700 3110 1776 Ἐμοὶ
3169 1702 3264 1775 μὲν
3325 1700 3416 1756 οὖν
3479 1701 3576 1757 οὐκ

189 1794 239 1847 τὸ
288 1792 560 1867 ἔγκλημα,
594 1792 670 1856 ὡς
733 1789 962 1865 μηδενὸς
1015 1790 1312 1868 αὐτάρκους
1370 1793 1686 1866 γενομένου,
1737 1793 1812 1866 μὴ
1845 1813 1891 1878 Β
1924 1786 2064 1846 ἔστιν
2124 1785 2488 1868 ἀμφισϐητεῖν
2539 1789 2729 1862 ἐκείνῳ
2786 1797 2885 1861 τῆς
2941 1797 3312 1862 πνευματικῆς
3341 1788 3570 1862 ἰδμοσύ-

189 1879 549 1957 καταδέχοιτο,
601 1881 691 1936 καὶ
743 1881 886 1936 οὕτω
926 1879 1156 1943 πονέσας
1215 1881 1450 1952 ἀνήνυτα
1505 1882 1811 1956 γνώσομαι.

188 1972 244 2027 Ὃ
288 1969 327 2024 δ’
378 1970 466 2026 οὖν
529 1971 622 2026 καὶ
697 1970 943 2048 ἐμφαίνει
1021 1969 1298 2045 πλαγίως,
1358 1969 1680 2034 ἀκούσαντες
1752 1970 1810 2025 ἂν

193 2058 417 2137 διαγνῶτε
442 2061 512 2132 ἢν
569 2059 719 2123 ὅλως
776 2058 1064 2137 συμφέροι.
1099 2061 1180 2132 [Ρ.
1217 2062 1338 2133 171]
1372 2059 1654 2117 Ἀποθέσιι
1711 2061 1811 2138 γὰρ

191 2261 309 2318 mihi
336 2279 542 2320 omnes
565 2277 704 2335 spes
736 2260 1021 2318 redeundi
1052 2277 1317 2333 unquam
1347 2260 1418 2316 ad
1449 2261 1812 2317 communio-

190 2368 299 2408 nem
356 2353 632 2408 Ecclesia
682 2350 1031 2407 inexorabili
1091 2351 1398 2406 severitate
1443 2350 1812 2422 praecidatur.

190 2441 354 2513 Atqui,
379 2447 439 2498 ut
468 2459 580 2498 vos
612 2458 715 2514 pro
746 2445 942 2497 vestra
963 2439 1277 2512 prudentia
1301 2439 1531 2511 videtis,
1563 2439 1813 2496 alterum

193 2531 391 2602 quidem
413 2531 674 2588 istorum
699 2531 824 2586 fieri
851 2547 965 2586 non
998 2534 1192 2602 potest
1216 2550 1230 2599 ;
1253 2529 1498 2584 alterum
1533 2545 1812 2601 perquam

190 2619 554 2677 inhumanum
588 2624 680 2676 est
710 2624 766 2675 et
800 2620 873 2674 ab
903 2617 1162 2674 Ecclesia
1192 2617 1530 2674 maternain
1564 2633 1704 2673 suos
1727 2618 1813 2674 in-

189 2709 454 2782 dulgentia
496 2711 660 2768 252
705 2708 956 2765 maxime
996 2707 1335 2763 abhorrens.
1375 2706 1509 2762 Veri
1567 2707 1816 2779 pastoris

189 2802 235 2853 et
256 2800 676 2873 providipatris
709 2815 927 2854 munus
949 2798 1139 2854 fuerat
1168 2797 1390 2853 hortari
1418 2797 1490 2853 ad
1523 2797 1816 2870 paeniten-

186 2889 322 2960 tiam,
344 2895 398 2947 et
423 2891 590 2946 viam
632 2888 940 2945 ostendere
982 2887 1298 2958 aberranti,
1347 2886 1654 2959 calcarque
1713 2888 1819 2944 ad—

187 2978 317 3047 dere,
347 2985 407 3036 ut
437 2981 512 3035 ad
553 2979 736 3034 Deum
772 2980 1121 3050 frugemque
1151 2977 1386 3044 rediret,
1421 2975 1597 3032 etiam
1645 2995 1814 3034 suam

186 3067 448 3124 miseriam
476 3085 606 3124 non
631 3066 930 3137 sentienti,
963 3064 1400 3138 negligentique
1426 3083 1491 3122 ac
1513 3067 1811 3138 respuenti

187 3160 446 3218 obstinata
467 3159 853 3218 contumacia
880 3159 1226 3215 remedium.
1250 3158 1355 3214 Ille
1384 3162 1578 3215 autem
1613 3176 1700 3216 me
1723 3160 1811 3215 ul-

184 3251 257 3306 tro
283 3251 661 3308 damnantem
694 3251 1196 3320 detestantemque
1227 3248 1418 3304 scelus
1441 3264 1660 3316 meum,
1693 3266 1820 3307 me-

189 3339 524 3398 omniaveraa
547 3339 901 3412 paenitentiae
925 3339 1096 3410 signa
1109 3337 1505 3404 exhibentem,
1531 3354 1622 3393 me
1643 3339 1817 3395 etiam

188 3432 336 3500 atque
363 3431 549 3486 etiam
585 3432 919 3500 poscentem
951 3443 1150 3497 paenae
1181 3426 1325 3483 mihi
1352 3426 1571 3497 imponi
1594 3427 1817 3483 saluta-

191 3533 265 3572 res
316 3536 402 3575 me
452 3517 751 3592 patientia
800 3515 1048 3572 obnoxia
1113 3516 1483 3586 profitentem
1540 3515 1816 3570 sect-iouis

191 3621 393 3680 quoque
423 3613 480 3664 et
501 3605 765 3663 ustionis
789 3606 1040 3662 austeris
1062 3603 1387 3660 subeundis
1411 3604 1816 3660 curationibus

187 3702 450 3766 paratum,
484 3695 688 3767 rejicit
717 3699 896 3767 atque
927 3698 1276 3766 aspernatur
1303 3698 1521 3761 tamen,
1546 3698 1602 3749 et
1633 3693 1815 3765 culpis

189 3789 455 3858 utcunque
515 3804 554 3840 a
600 3785 982 3856 resipiscente
1027 3784 1318 3839 damnatas
1395 3783 1814 3838 conscientiam

185 3891 386 3945 aequum
421 3879 632 3932 censet
663 3881 924 3930 extrema
960 3872 1364 3945 desperatione
1394 3872 1813 3944 constringere.

185 3962 304 4020 Mihi
330 3983 459 4024 vero
492 3965 700 4021 minus
723 3963 946 4020 malum
972 3963 1289 4036 minusque
1320 3964 1560 4019 noxium
1586 3963 1817 4018 videtur

184 4069 278 4108 non
306 4071 628 4128 agnoscere
646 4055 878 4126 culpam
907 4054 1231 4126 propriam,
1249 4069 1420 4124 quam
1446 4053 1570 4122 ejus
1595 4053 1814 4125 impro-

184 4141 306 4198 bata
353 4150 759 4216 revocataque
796 4143 1027 4199 veniam
1077 4143 1404 4214 desperare.
1456 4141 1625 4197 Prius
1653 4142 1811 4197 enim

181 4229 304 4288 illud
335 4235 619 4291 duritiam
641 4233 833 4289 solum
858 4232 1054 4305 arguit
1075 4231 1220 4300 alias
1246 4230 1676 4287 emendabilem
1701 4231 1812 4285 im-

183 4323 491 4388 pmnitentis
549 4323 610 4377 in
660 4338 922 4394 prmsens
974 4321 1157 4376 animi
1202 4337 1214 4375 :
1265 4320 1373 4376 hoc
1414 4320 1706 4391 posterius
1756 4319 1812 4375 in

182 4413 383 4468 eterna
415 4412 625 4483 utique
655 4410 1055 4466 damnationis
1076 4409 1316 4465 exitium
1347 4409 1684 4465 inevitabile
1714 4411 1813 4465 de-

1922 1900 2040 1952 νης,
2071 1876 2168 1933 κᾶν
2202 1879 2231 1932 δ
2258 1901 2311 1933 τι
2336 1878 2553 1934 κελεύοι
2587 1898 2599 1912 ·
2631 1875 2767 1942 τὲως
2799 1876 2844 1933 δ’
2885 1877 2936 1934 ἐν
2983 1879 3199 1941 τούτοις
3255 1877 3471 1934 πολλοῦ
3506 1901 3569 1955 γε

1925 1967 2029 2023 δέω
2088 1972 2486 2027 ποοσεπαινεῖν.
2520 1971 2629 2023 Πυῦ
2684 1970 2784 2042 γὰρ
2828 1969 2914 2023 καὶ
2977 1967 3080 2022 τίνι
3141 1967 3262 2022 ποτ’
3312 1966 3448 2031 ἔθνει
3503 1969 3567 2022 τὸ

1921 2065 2168 2116 τοιοῦτον
2211 2054 2598 2131 ἔϐλαστε;καὶ
2647 2057 2723 2120 εἷς
2767 2057 2820 2112 τί
2877 2055 3218 2134 παράδειγμα
3268 2055 3486 2130 βλέπων
3538 2058 3564 2111 ὁ

1929 2261 1978 2317 si
2035 2261 2189 2317 ultro
2237 2260 2544 2333 aggrediar
2597 2258 2933 2314 satisfacere
2982 2275 3084 2331 pro
3142 2256 3406 2325 crimine,
3467 2256 3564 2311 ubi

1927 2349 2113 2407 multa
2140 2351 2500 2423 impendero,
2525 2347 2714 2404 multa
2730 2351 3029 2404 tentavero
3062 2346 3314 2403 multum
3347 2346 3569 2402 sudans

1925 2445 2236 2517 nitensque
2283 2444 2341 2498 in
2383 2443 2620 2499 sceleris
2670 2442 3059 2514 expiationem
3112 2440 3226 2496 mei
3276 2452 3570 2513 peregero,

1925 2533 2077 2589 haud
2104 2550 2170 2588 ea
2198 2537 2394 2588 tamen
2427 2531 2523 2588 ille
2553 2531 2697 2588 satis
2721 2531 2989 2603 accipiat,
3014 2531 3216 2601 sicque
3239 2529 3571 2586 contentio-

1923 2641 2027 2679 nes
2060 2639 2148 2678 me
2193 2621 2324 2677 illas
2374 2637 2786 2691 aerumnasque
2844 2619 3168 2694 perdidisse
3216 2622 3450 2690 spretus
3501 2619 3572 2672 ad

1924 2717 2249 2768 extremum
2271 2728 2336 2766 ac
2353 2708 2624 2781 repulsus
2642 2708 2891 2765 sentiam
2913 2708 3166 2763 ?Audite
3188 2711 3382 2763 autem
3401 2712 3572 2778 etpro

1922 2805 2117 2856 vestra
2148 2799 2437 2870 sapientia
2457 2798 2744 2855 aestimate
2766 2797 2935 2867 quale
2965 2797 3042 2852 sit
3072 2802 3128 2852 et
3155 2797 3360 2866 ecquid
3392 2813 3571 2867 expe-

1924 2890 2049 2946 diat
2088 2889 2448 2961 reipublicze,
2479 2889 2634 2959 quod
2673 2904 2773 2959 per
2820 2887 2965 2941 istas
3009 2886 3290 2956 ambages
3337 2885 3575 2955 oblique

1924 2978 2078 3035 253
2109 2976 2322 3034 innuit.
2357 2972 2765 3043 Videturivelle
2789 2989 2880 3027 me
2900 2971 3260 3042 depositione
3282 2971 3574 3041 principa-

1923 3071 2019 3123 tus
2033 3072 2089 3122 et
2115 3067 2304 3121 reditu
2337 3065 2407 3120 ad
2435 3063 2926 3134 vitam'privatam
2948 3059 3179 3131 expiare
3197 3058 3392 3115 scelus
3415 3060 3572 3130 quod

1926 3156 2199 3214 conscivi.
2235 3158 2296 3210 In
2328 3154 2437 3209 hoc
2468 3153 2567 3208 ille
2591 3151 2729 3224 quid
2757 3154 3065 3224 spectet,et
3095 3149 3153 3204 in
3179 3166 3350 3222 quem
3378 3153 3573 3205 trans-

1927 3248 2075 3303 ferre
2106 3246 2318 3318 cogitet
2347 3245 2741 3318 principatum
2776 3241 2918 3296 mihi
2942 3245 3227 3313 ereptum,
3261 3238 3572 3295 commini-

1925 3336 2008 3393 sci
2033 3337 2303 3409 equidem
2336 3351 2580 3406 nequeo.
2615 3335 2845 3400 Quanta
2889 3347 3059 3402 porro
3109 3346 3404 3401 quamque
3437 3346 3570 3401 per-

1926 3427 2150 3482 niciosa
2197 3425 2333 3480 inde
2382 3424 2530 3479 foret
2576 3422 2802 3477 oritura
2849 3420 3237 3492 perturbatio,
3281 3417 3572 3488 subjicere

1926 3517 2038 3572 sibi
2061 3517 2314 3588 quisque
2331 3511 2858 3584 circumspicienda
2873 3513 3085 3565 cuncta
3101 3508 3572 3581 potest,utalium

1926 3606 2194 3662 consulat
2224 3606 2542 3660 neminem.
2569 3603 2711 3658 Cum
2743 3599 2900 3656 enim
2934 3599 3031 3654 ille
3062 3599 3154 3654 cui
3183 3597 3572 3653 interversum

1922 3696 2235 3768 imperium
2287 3692 2621 3766 patriarcha
2662 3693 2794 3762 jure
2834 3690 3119 3762 queritur,
3151 3704 3258 3743 nec
3297 3703 3400 3758 per
3431 3691 3568 3742 aeta-

1923 3793 2035 3840 tem
2068 3788 2172 3838 aut
2200 3783 2618 3855 experientiam
2649 3796 2754 3852 par
2797 3781 2873 3834 sit
2905 3778 3042 3833 moli
3094 3777 3340 3832 ferendae
3372 3775 3568 3847 publi-

1923 3890 2123 3929 carum
2147 3889 2366 3942 rerum,
2399 3875 2793 3942 praetereaque
2825 3869 2883 3922 in
2917 3866 3308 3922 calamitatem
3346 3864 3568 3918 incide-

1922 3964 1996 4018 rit
2027 3979 2159 4018 cum
2193 3959 2688 4016 immedicabilem
2738 3962 2866 4011 tum
2913 3955 3172 4010 omnimo
3204 3953 3404 4022 talem,
3438 3970 3565 4024 quae

1923 4056 1987 4107 ut
2035 4051 2268 4107 abunde
2308 4054 2520 4104 cuncta
2557 4050 2764 4102 czetera
2813 4047 3211 4116 suppeterent,
3249 4057 3481 4096 omnem
3515 4041 3568 4096 ei

1922 4157 2162 4213 prorsus
2194 4138 2528 4195 facultatem
2561 4152 2628 4190 ac
2658 4135 2775 4189 vim
2806 4135 3026 4188 adimat
3056 4130 3422 4203 principatus
3459 4147 3567 4185 un-

1922 4246 2096 4302 quam
2129 4228 2658 4299 quomodocunque
2691 4222 2996 4294 fungendi,
3019 4221 3164 4276 satis
3197 4223 3356 4290 patet
3385 4235 3564 4290 quam

1923 4318 2247 4392 perniciose
2277 4313 2544 4372 consulat
2592 4311 2948 4384 reipublicae,
2979 4310 3080 4382 qui
3125 4326 3218 4366 me
3250 4314 3445 4364 amoto
3479 4325 3569 4364 re-

1919 4411 2207 4478 ductoque
2230 4405 2290 4460 in
2339 4403 2606 4460 ordinem
2651 4401 2846 4458 solum
2894 4401 3074 4456 istum
3107 4404 3162 4455 et
3210 4398 3564 4454 destitutum

181 4500 342 4554 trudit
388 4505 748 4572 pecatorem.
799 4500 1083 4571 Expertus
1150 4498 1348 4554 omnia
1396 4499 1518 4553 haec
1578 4513 1810 4569 queror.
1843 4493 1889 4557 D
1921 4513 2030 4570 ope
2059 4495 2292 4567 collega:
2315 4494 2584 4550 universo
2615 4508 2808 4547 rerum
2834 4490 3094 4546 omnium
3117 4487 3387 4560 regimini
3421 4503 3566 4560 pra:-

181 4585 310 4644 Nihil
343 4607 455 4647 non
489 4589 734 4646 tentavi.
784 4588 948 4644 Adivi
992 4589 1238 4659 supplex
1281 4588 1672 4660 patriarcham
1705 4606 1810 4643 saa-

182 4675 328 4743 pius;
362 4680 534 4734 toties
565 4679 822 4745 rejectus
848 4694 1002 4733 sum.
1039 4677 1253 4749 Rogavi
1310 4682 1375 4732 ut
1408 4675 1552 4731 mihi
1579 4676 1812 4732 satisfa-

181 4764 366 4821 ctionis
397 4768 617 4824 modus
640 4767 1151 4839 prazscriberetnr:
1190 4783 1302 4821 non
1347 4766 1519 4820 modo
1553 4782 1665 4820 non
1700 4765 1814 4820 im-

183 4857 397 4927 petravi,
452 4857 557 4913 sed
601 4856 814 4911 acriter
862 4856 1210 4927 increpitus,
1242 4855 1342 4910 sed
1389 4854 1811 4912 contumeliose

181 4941 509 5014 cbjurgatus
539 4959 696 5010 sum,
731 4961 764 4998 a
789 4959 902 4998 non
934 4942 1094 4998 aliud
1121 4941 1367 4998 extremi
1396 4943 1664 5014 responsi
1686 4944 1810 5000 loco

179 5031 236 5084 ad
269 5033 434 5090 finem
460 5034 798 5104 adjiciente,
823 5033 936 5089 nisi
960 5048 1198 5089 necesse
1218 5048 1346 5089 esse
1362 5033 1551 5089 curari
1572 5034 1808 5102 vulnus,

179 5134 287 5186 quae
338 5129 542 5178 autem
593 5123 644 5178 ei
696 5121 884 5194 possit
927 5121 1054 5177 ﬁeri
1106 5122 1419 5191 medicina,
1448 5139 1510 5178 se
1561 5124 1805 5178 nescire.

176 5206 680 5268 Verumsnimvero
712 5228 782 5266 an
809 5228 922 5266 non
946 5210 1176 5266 irrideri
1201 5228 1261 5268 se
1279 5212 1532 5282 superbo
1554 5211 1808 5267 ludibrio

178 5294 259 5351 ille
280 5298 411 5367 jure
443 5299 813 5372 suspicaretu
827 5300 975 5366 r,cui
994 5300 1317 5355 suadentur
1337 5304 1394 5355 et
1414 5305 1686 5368 tanquam
1710 5318 1806 5355 ηο-

176 5390 483 5444 cessarium
520 5390 934 5460 praescribatur
972 5388 1201 5444 efﬁcere
1250 5389 1489 5460 aliquid,
1523 5394 1580 5444 et
1610 5395 1804 5445 tamen

177 5489 275 5542 quo
305 5478 358 5530 id
386 5478 562 5533 modo
584 5494 768 5551 quave
787 5478 1011 5533 ratione
1035 5483 1210 5550 queat
1232 5477 1450 5548 suscipi
1473 5494 1538 5533 ac
1566 5479 1803 5548 perduci

175 5563 235 5617 ad
282 5565 529 5635 exitum,
578 5567 703 5639 ipse
750 5566 849 5639 qui
899 5568 1072 5639 jubet
1101 5567 1371 5639 ignorare
1420 5583 1480 5623 se
1512 5569 1805 5624 tcstetur?

175 5652 362 5711 Nonne
383 5657 523 5711 hinc
538 5657 699 5727 justa
713 5674 896 5714 causa
911 5658 1057 5713 mihi
1076 5657 1431 5730 relinquitur
1448 5658 1694 5714 timendi
1710 5675 1802 5728 ne,

1925 4586 2099 4643 ﬁciat.
2133 4587 2246 4640 Hoc
2276 4583 2432 4639 enim
2467 4582 2607 4654 quid
2640 4586 2798 4637 esset
2829 4579 2986 4635 aliud
3019 4595 3197 4650 quam
3229 4578 3287 4632 in
3321 4575 3562 4631 exitium

1920 4674 2311 4731 certissimum
2336 4676 2548 4726 cuncta
2573 4670 2872 4741 projicere,
2905 4686 2970 4724 ac
3001 4668 3134 4723 mali
3168 4666 3451 4723 daemonis
3475 4666 3566 4718 in-

1919 4764 2169 4820 videntis
2201 4761 2377 4818 rebus
2410 4760 2556 4815 bene
2587 4756 2923 4814 constitutis
2954 4756 3207 4812 indolem
3246 4755 3515 4827 praeferre
3541 4753 3567 4806 ?

1921 4855 2078 4908 Idem
2111 4852 2218 4907 hoc
2241 4867 2410 4921 porro
2443 4847 2755 4904 consilium
2808 4862 2987 4918 quam
3021 4845 3167 4901 meis
3199 4843 3439 4916 privatis
3470 4860 3565 4896 ra-

1919 4943 2179 4998 tionibus
2203 4945 2421 5008 status,
2440 4941 2630 5009 famae,
2655 4937 2864 4993 salutis
2886 4936 3139 5006 capitale
3162 4944 3337 5006 atque
3356 4937 3561 4996 imma-

1919 5032 2069 5086 niter
2099 5031 2375 5085 infestum
2408 5029 2505 5099 sit,
2547 5027 2884 5084 distinctius
2931 5042 3341 5094 exsequercrer
3390 5026 3566 5098 longa

1917 5120 2179 5178 oratione
2208 5119 2440 5190 singula
2471 5115 2888 5183 enumerando,
2912 5114 3027 5169 nisi
3059 5119 3240 5170 totam
3278 5114 3561 5171 latissime

1919 5209 2173 5282 patentis
2197 5208 2424 5278 injuriae
2448 5206 2749 5278 perciciem
2773 5204 2929 5260 brevi
2949 5220 3178 5274 possem
3213 5206 3559 5275 compendio

1917 5299 2122 5365 oculis,
2166 5298 2224 5352 in
2261 5314 2374 5352 uno
2418 5296 2598 5349 veluti
2651 5294 2995 5366 specimine,
3032 5292 3340 5360 subjicere.
3376 5293 3555 5354 Quem

1915 5390 2068 5444 enim
2105 5387 2370 5442 idoneum
2391 5384 2534 5439 mihi
2564 5385 2767 5438 vadem
2800 5379 3358 5450 dabunttranquille
3382 5395 3469 5433 me
3493 5396 3558 5432 ac

1915 5493 2114 5533 secure
2145 5475 2422 5545 deinceps
2447 5474 2761 5536 victurum,
2781 5476 3095 5542 postquam
3117 5467 3420 5538 imperium
3457 5468 3557 5519 ab-

1914 5568 2180 5622 dicavere
2203 5566 2229 5620 ‘?
2251 5563 2397 5628 Quid
2430 5567 2574 5618 tunc
2607 5562 2704 5616 ﬁet
2736 5559 2922 5628 uxori,
2957 5558 3095 5629 quid
3134 5556 3276 5610 meis
3307 5554 3507 5608 liberis
3532 5555 3558 5608 '3

1914 5673 2060 5728 quos
2094 5655 2297 5726 utique
2329 5650 2632 5724 principali
2665 5649 2936 5720 delapsos
2968 5645 3195 5715 fastigio
3227 5642 3327 5698 illa
3350 5659 3556 5715 exspe-
