4018 6198
433 293 542 348 699

1737 289 2038 347 GEORGII
2077 285 2538 340 PACHYMERE

3685 288 3777 344 700

432 420 697 494 ἱεράρχης
729 415 1077 486 ἀνεμεσήτως
1107 413 1287 483 ἀξιοῦν
1318 411 1439 490 ἔχοι
1470 419 1629 469 τοῦτο
1690 414 1779 469 καὶ
1822 413 1874 468 ἐν
1908 415 2081 484 ἡμῖν;
2114 413 2165 478 Α
2198 412 2381 480 σμοῖς.
2415 407 2482 462 Τί
2540 403 2648 473 δαὶ,
2682 405 2742 460 οὐ
2800 410 2868 480 τῇ
2898 402 3195 475 Ἐκκλησία
3258 404 3498 476 μετάνοια
3549 407 3772 481 dictarat;

432 507 466 574 ἢ
501 507 601 559 οὐκ
633 501 743 558 οἶδε
787 503 878 556 τὸν
916 502 1175 572 τοιαύτης
1233 506 1559 579 γευσάμενον
1612 505 1851 572 καθάπαξ
1914 522 2077 574 μετα-

431 590 604 660 ϐολῆς
652 591 726 663 μή
779 591 982 664 τρόπον
1015 593 1146 645 εἶναι
1184 593 1600 666 μετεγκλίναντα
1651 592 1944 662 τελευτᾷν;
1979 588 2078 644 πό-

428 701 542 741 σοις
599 679 702 753 γὰρ
756 676 1093 755 ἐφεδρεύεται
1157 681 1454 754 βασιλεία;
1507 683 1731 745 ὁπόσοις
1767 678 1843 735 ’δὲ
1899 682 1990 734 καὶ

422 766 603 828 πίστις
634 765 855 839 ἔψυκται
889 765 975 820 ἐπὶ
1003 772 1097 821 τοῦ
1131 770 1442 842 σχήματος,
1477 767 1793 841 σωζομένου
1851 766 1938 821 καὶ
2000 764 2076 820 ἔτι

421 860 518 911 τοῦ
579 853 870 930 βασιλέως,
932 855 1023 917 οὖς
1081 857 1170 911 καὶ
1244 859 1630 934 καθυφεικότος
1713 855 2076 930 ὡρμημένους

421 944 593 1000 πάλαι
626 944 841 1020 θαρρεῖν
878 944 1104 1020 ἀνάγκη.
1141 946 1248 1001 Κᾶν
1292 946 1442 1001 αὐτοὶ
1506 949 1581 1018 μή
1629 944 1797 1022 δρῷεν
1851 945 2073 1000 ἷάπτον-

419 1056 507 1097 τες
538 1031 751 1105 ἄλλως,
782 1031 933 1088 ἀλλά
982 1036 1062 1106 τῷ
1115 1041 1162 1110 γ’
1191 1033 1279 1089 ἐπὶ
1338 1043 1437 1105 τῆς
1493 1036 1671 1112 ἀρχῆς
1729 1035 2072 1105 καταστάντι,

426 1124 605 1198 ὥσπερ
640 1123 962 1193 ἀντιζηλοῦν
997 1124 1160 1192 εἰκὸς,
1196 1123 1338 1179 οὕτω
1395 1127 1482 1180 καὶ
1548 1123 1675 1199 δρᾷν
1734 1125 1800 1178 τὰ
1829 1123 2074 1198 χείριστα

427 1212 634 1290 ῥάδιον.
661 1212 720 1266 Τί
752 1211 818 1280 δὴ
871 1214 959 1266 καὶ
1010 1213 1220 1289 ἀνάγειν
1250 1214 1326 1276 εἷς
1357 1217 1455 1284 τήν
1488 1215 1666 1290 ἀρχὴν
1701 1212 1830 1284 ἔδει,
1863 1214 1919 1268 ὃν
1959 1215 2072 1285 μετ’

425 1303 486 1357 οὗ
518 1299 661 1356 πολὺ
692 1301 943 1375 κατάγειν
979 1297 1260 1372 ἐϐούλετο,
1289 1304 1362 1365 ὡς
1409 1303 1669 1378 γεύσαντα
1721 1303 1881 1376 μόνον
1933 1303 2071 1356 ἀπο-

423 1395 667 1466 στερεῖν;
704 1389 881 1464 χωρὶς
911 1387 968 1444 δὲ
1005 1391 1215 1444 τούτων
1271 1393 1355 1446 καὶ
1407 1394 1558 1464 Θεὸν,
1593 1391 1741 1465 εἶ’περ
1775 1392 1881 1446 τινὶ
1913 1388 2070 1464 ἄλλῳ

426 1479 687 1553 μεγίστῳ,
718 1478 807 1532 καὶ
866 1480 1183 1534 καταστάσει
1238 1478 1516 1554 βασιλείας
1567 1481 1797 1535 συνιέναι
1851 1480 2068 1534 πιστεύ-

419 1587 573 1638 ομεν.
608 1569 741 1619 Θεοῦ
773 1562 830 1618 δὲ
865 1564 1076 1640 βουλὴν
1110 1563 1390 1635 διασκεδᾷν
1443 1565 1644 1629 ἐθέλειν
1697 1569 1769 1627 ὡς
1829 1563 1874 1621 δ⁹
1905 1563 2066 1620 αὔθα-

421 1653 533 1724 δες,
565 1654 640 1715 ὡς
671 1651 728 1708 δὲ
756 1653 845 1708 καὶ
881 1653 1046 1727 μέγαν
1077 1652 1207 1728 ἔχον
1237 1660 1353 1718 τοῖς
1381 1653 1630 1727 τολμῶσι
1659 1657 1749 1710 τὸν
1796 1653 2064 1711 κίνδυνον.

2192 497 2252 552 οὗ
2283 497 2442 569 νόμοι
2472 496 2672 566 ταύτης
2704 500 2839 559 οεῖοι
2872 489 3280 569 προϐέϐληνται
3308 521 3322 562 ;
3353 494 3454 570 οὐχ
3502 497 3641 569 ὑμεῖς
3683 505 3775 554 κατ’

2190 585 2422 647 ἐκείνους
2451 584 2578 646 τοὺς
2609 582 2857 645 πολλοὺς
2908 583 3265 657 θεραπεύετε;
3303 585 3336 654 ἢ
3381 589 3493 645 τοῖς
3546 585 3775 657 βασιλεῦσι

2191 674 2556 753 διαφερόντως
2617 675 2754 749 πρὸς
2803 672 2934 734 τοὺς
2992 671 3240 733 πολλοὺς
3301 673 3351 726 οἱ
3378 673 3778 745 τῆςἘκκλησίας

2188 769 2498 843 πρόκεινται
2557 763 2833 836 νόμοιςεῗ
2884 759 2929 816 δ’
2987 762 3105 833 οὗο,
3137 759 3263 815 ἀλλ’
3311 761 3352 815 εἰ
3410 763 3480 833 μὴ
3525 765 3638 837 παρ’
3678 765 3776 835 ὑμῖν

2192 854 2473 929 μετανοίας
2529 853 2742 925 Θεσμοί,
2807 849 3062 926 ἀλλαχοῦ
3137 855 3243 904 τῶν
3319 848 3626 923 ἐκκλησιῶν,
3679 852 3777 920 εἶσὶ,

2186 946 2274 1000 καὶ
2326 940 2788 1019 προσδραμοῦμαι
2836 939 3079 1012 ταύταις,
3110 941 3199 994 καὶ
3248 941 3372 1013 παρ’
3418 939 3616 994 ἐκείνων
3654 953 3779 1017 θερα-

2186 1035 2545 1106 πευθήσομαι.
2570 1033 2734 1102 Ἡμῖν
2768 1031 2863 1102 μέν
2898 1031 2988 1084 οὖν
3021 1028 3087 1083 τὰ
3135 1028 3270 1082 κατὰ
3318 1029 3538 1102 γνώμην
3587 1027 3775 1104 εἴρηται,

2191 1126 2317 1196 ὑμῖν
2360 1119 2417 1176 δὲ
2463 1121 2716 1175 σκεπτέον
2766 1120 2828 1174 τὸ
2887 1117 3145 1188 ποιητέον
3192 1117 3598 1190 βουλευομένοις
3627 1119 3778 1191 σύναμ’

2188 1213 2394 1283 ἐκείνῳ.
2430 1213 2491 1283 [Ρ
2525 1211 2645 1282 172]
2709 1206 2851 1265 Οὐδὲ
2905 1207 3010 1282 γὰρ
3060 1207 3149 1261 καὶ
3208 1207 3368 1261 εἰσέτι
3421 1207 3651 1279 ἀνέξομαι
3694 1208 3777 1261 τεά-

2413 1301 2425 1317 ,
2472 1299 2482 1317 ρ
2770 1298 2783 1315 ς
2929 1297 2942 1312 ς
3039 1296 3051 1316 ς
3204 1298 3215 1316 ,
3251 1297 3266 1317 ρ
3323 1301 3347 1312 ,,
3433 1295 3480 1316 ,,

2187 1321 2340 1376 σχειν
2402 1319 2602 1354 ανιατα.
2641 1295 2821 1354 Καλον
2882 1317 2986 1372 γαρ
3018 1299 3052 1364 ἢ
3087 1317 3195 1374 παρ
3247 1316 3373 1368 υμιν
3436 1298 3777 1365 ιασθαι,ἤζη-

2183 1396 2293 1446 τεῒν
2348 1390 2440 1444 τὸν
2494 1389 2696 1463 τρόπον
2742 1393 2842 1456 τῆς
2901 1386 3184 1460 θεραπείας
3243 1386 3514 1456 ἑτέρωθεν.
3558 1410 3583 1435 ››
3634 1388 3778 1442 Ταῦτα

2183 1484 2280 1534 τοῦ
2334 1475 2601 1554 βασιλέως
2661 1474 3096 1546 διαλαλήσαντος
3164 1480 3284 1535 τοῖς
3353 1475 3661 1549 ἀρχιερεῦσι,
3707 1476 3778 1527 καὶ

2187 1571 2300 1623 οἷον
2357 1565 2492 1641 πρὸς
2551 1566 2618 1619 τὰ
2662 1571 2760 1634 τῆς
2815 1562 2994 1638 μάχης
3054 1558 3573 1638 ἀκροϐολισαμένου,
3619 1563 3777 1616 ἐκεῖνοι

2185 1655 2266 1731 ἐφ’
2295 1657 2503 1726 ἑκάστῳ
2552 1658 2657 1708 τῶν
2716 1651 3030 1727 λεγομένων
3075 1657 3195 1714 τοῖς
3250 1651 3570 1726 ἀχθομένοις
3619 1671 3778 1723 προσε-

423 1747 606 1800 Ταῦτα
633 1744 812 1797 τοίνυν
839 1741 1274 1816 ἐνθυμουμένους
1306 1741 1388 1798 δεῖ
1415 1745 1504 1798 καὶ
1552 1745 1689 1818 ὑμᾶς
1733 1749 1812 1816 τῷ
1869 1742 2064 1816 δίκαίῳ
2097 1773 2146 1838 Β
2184 1746 2390 1806 οικότες
2422 1741 2586 1812 δῆλοι
2615 1743 2750 1812 ἦσαν
2782 1743 2850 1796 τὰ
2877 1740 3016 1814 πρὸς
3069 1740 3297 1816 βασιλέα
3339 1745 3432 1795 τοῦ
3484 1740 3776 1814 πατριάρχου

420 1838 522 1901 τῆς
585 1829 861 1905 βασιλείας
912 1832 1299 1907 συμπράττειν,
1358 1833 1448 1887 καὶ
1509 1836 1584 1906 μή
1637 1833 1778 1888 οὕτω
1835 1854 2070 1906 καταμε-

426 1919 539 1976 λεῖν
597 1922 758 1994 ἡμῶν
809 1921 896 1975 ἐπὶ
951 1926 1210 1976 τοσοῦτον
1270 1922 1670 1998 ἀπαγχομένων
1724 1928 1841 1984 τοῖς
1915 1920 2072 1996 λογι-

421 2126 562 2192 ctat,
579 2121 684 2178 illa
699 2121 898 2177 statim
922 2121 1168 2194 excipiet
1189 2121 1319 2176 vitae
1341 2138 1490 2190 sors,
1525 2139 1643 2194 qua
1668 2123 1762 2178 vix
1793 2123 1968 2178 homo
1992 2124 2064 2178 de

419 2211 589 2283 vulgo
613 2215 926 2267 contentus
948 2211 1201 2281 degeret.
1230 2211 1363 2274 Quae
1384 2227 1489 2283 ego
1535 2212 1677 2267 dum
1704 2217 1932 2284 reputo,
1957 2214 2062 2268 etsi

423 2301 578 2357 haud
597 2299 898 2372 praefracte
919 2298 1116 2354 iverim
1143 2300 1370 2354 inficias
1394 2300 1588 2356 inesse
1621 2301 1867 2356 fortasse
1891 2301 2065 2374 spiri-

423 2389 642 2445 tualem
673 2388 1018 2460 patriarchae
1063 2390 1434 2460 prudentiam
1469 2391 1528 2446 in
1559 2390 1692 2446 aliis
1720 2391 2065 2462 plerumque

420 2495 548 2550 quae
579 2477 922 2549 praescribit,
946 2482 1141 2534 tamen
1171 2478 1382 2535 adduci
1406 2496 1670 2551 unquam
1693 2496 1979 2550 nequeam
2005 2486 2068 2536 ut

422 2567 656 2623 credam
680 2565 1033 2636 posseillum
1061 2567 1203 2622 mihi
1232 2569 1392 2638 juste
1423 2585 1489 2623 ac
1520 2569 1814 2640 sapienter
1835 2572 2064 2624 tantum

421 2656 908 2711 (letrimentorum
969 2672 1035 2712 ac
1097 2655 1524 2722 calamitatum,
1603 2663 1892 2730 quantum
1955 2659 2064 2714 ista

421 2743 920 2816 perniciosissima
947 2744 1198 2800 fortunis
1226 2745 1520 2817 capitique
1545 2761 1672 2802 meo
1705 2763 1770 2802 ac
1801 2764 2065 2803 meorum

415 2833 810 2889 exauctoratio
843 2834 1122 2902 continet,
1177 2851 1356 2906 pinnas
1406 2835 1642 2890 nomine
1700 2836 2066 2894 medicinalis

417 2927 515 2979 aut
536 2922 886 2994 poenitentiae
904 2922 1182 2978 salutaris
1205 2924 1398 2994 specie
1420 2923 1747 2995 injungere.
1777 2924 1884 2980 Ubi
1907 2926 2063 2980 enim

421 3013 706 3082 locorum,
754 3029 872 3084 qua
903 3012 960 3066 in
997 3016 1188 3084 gente.
1233 3012 1346 3068 tale
1398 3013 1720 3085 quidquam
1771 3015 2068 3071 exstitisse

421 3104 594 3157 fando
623 3118 881 3172 unquam
914 3101 1248 3156 audivimus
1277 3103 1304 3157 ‘I
1341 3107 1398 3158 et
1429 3103 1596 3172 cujus
1628 3105 1886 3160 tandem.
1912 3107 2063 3174 quod

2181 1832 2424 1895 συνόλως
2458 1833 2558 1886 οὐκ
2587 1828 3012 1906 ἀποδεχόμενοι,
3044 1831 3134 1884 καὶ
3163 1827 3254 1884 διὰ
3301 1833 3459 1884 τοῦτο
3495 1827 3662 1883 πολλὰ
3708 1828 3774 1882 καὶ

2181 1921 2335 1976 αὐτοὶ
2392 1919 2732 1995 προτιθέντες
2779 1919 2868 1973 καὶ
2918 1918 3032 1991 ἅμα
3108 1918 3438 1993 συνείροντες
3512 1916 3772 1992 θεραπεύειν

2175 2121 2412 2194 eipitem
2447 2119 2698 2190 dejicere
2745 2122 3083 2190 conaretur,
3114 2123 3282 2174 tanto
3315 2118 3576 2174 miserius
3602 2133 3772 2172 sensu-

2175 2227 2306 2266 rum
2357 2209 2776 2278 calamitatem,
2821 2212 3041 2281 quanto
3085 2225 3219 2264 eam
3261 2207 3602 2280 experientio
3643 2208 3774 2279 prius

2175 2301 2497 2372 degustatae
2529 2299 2588 2353 in
2611 2314 2891 2370 suprema
2922 2302 3212 2370 potestate
3245 2297 3533 2354 felicitatis
3559 2297 3776 2352 acerbio-

2174 2405 2299 2444 rem
2340 2387 2984 2460 intolerabilioremque
3016 2387 3391 2442 reddiderit?
3439 2390 3636 2442 Praeter
3660 2384 3778 2444 haec,

2176 2478 2225 2534 si
2245 2478 2401 2549 quod
2428 2477 2756 2533 humanum
2775 2476 3014 2547 majoris
3040 2476 3328 2532 momenti
3355 2476 3637 2547 negotium
3659 2476 3778 2528 heus

2177 2565 2458 2636 peculiari
2505 2581 2644 2620 cura
2696 2564 2997 2635 dignatur,
3047 2564 3408 2619 evectionem
3458 2562 3686 2633 alicujus
3729 2560 3775 2614 in

2173 2654 2489 2726 imperium
2523 2671 2642 2710 rem
2675 2670 2826 2718 esse,
2861 2653 3062 2724 utique
3095 2653 3191 2709 cui
3217 2669 3450 2725 semper
3477 2650 3778 2706 interveniat

2177 2745 2499 2802 studiosior
2543 2744 2742 2816 aliqua
2783 2744 3053 2799 Numinis
3105 2743 3487 2816 providentia,
3541 2741 3693 2814 vulgo
3733 2745 3776 2796 et

2178 2833 2384 2890 merito
2451 2833 2876 2890 existimamus.
2911 2833 3073 2896 Quod
3122 2832 3311 2905 igitur
3349 2833 3539 2888 divino
3574 2829 3776 2886 consilio

2176 2925 2476 2979 decretum
2515 2925 2906 2996 effectumque
2947 2923 3026 2978 sit
3072 2938 3347 2978 revocare
3389 2939 3452 2978 ac
3493 2921 3774 2977 rescindere

2174 3016 2476 3072 hominem
2504 3016 2722 3086 conari,
2749 3015 2882 3088 quis
2905 3031 3021 3070 non
3043 3015 3208 3071 videt
3224 3031 3403 3087 quam
3425 3013 3774 3077 temerarium,

2177 3123 2356 3178 quam
2390 3105 2713 3162 insolenter
2733 3120 3036 3176 arrogans,
3070 3121 3254 3176 quam
3281 3104 3526 3175 denique
3555 3099 3778 3156 audenti-

417 3191 593 3248 veluti
634 3191 790 3248 254
836 3190 1134 3262 exemplar
1183 3191 1356 3246 fuerit
1408 3192 1680 3263 intuitus,
1723 3193 2068 3251 auctoritate
2099 3195 2142 3261 C
2183 3197 2294 3252 bus
2335 3196 2729 3268 periculosum
2772 3196 2996 3251 censeri
3050 3195 3313 3251 debeat?
3357 3195 3484 3250 Haec
3522 3193 3778 3247 vobiscum

417 3281 645 3352 probati
677 3280 822 3334 alias
856 3281 993 3335 facti
1043 3285 1270 3334 tantam
1302 3280 1479 3336 istam
1531 3297 1591 3336 se
1635 3285 1860 3352 putavit
1890 3300 2064 3338 excu-

417 3385 548 3424 sare
579 3385 770 3439 posse,
805 3372 906 3422 aut
935 3367 1111 3422 etiam
1136 3369 1572 3438 commendare,
1599 3369 1913 3425 novitatem
1932 3372 2062 3426 ?An

416 3456 604 3512 nescit
635 3456 685 3510 ei
720 3455 816 3526 qui
847 3472 914 3510 ex
954 3455 1077 3510 vita
1109 3455 1331 3526 privata
1379 3457 1438 3509 in
1481 3456 1798 3528 imperium
1830 3464 2064 3514 evectus

418 3544 815 3617 principatum
858 3543 1038 3598 semel
1075 3544 1488 3613 degustaverit,
1526 3561 1640 3600 non
1682 3545 1854 3600 aliam
1889 3565 2063 3618 quam

419 3649 553 3688 cum
615 3631 1074 3704 praesentissimo
1125 3633 1504 3702 conjunctam
1553 3635 1757 3689 mortis
1807 3636 2066 3707 periculo

417 3721 812 3777 conditionem
847 3721 1075 3776 ostendi
1126 3721 1370 3776 fortunae
1403 3722 1615 3792 prioris
1661 3726 2068 3780 resumendae?

418 3810 1044 3884 plurimorumjetenim
1070 3826 1302 3882 semper
1323 3811 1555 3866 insidiis
1579 3812 1940 3885 principatus
1963 3816 2064 3869 ob-

417 3902 680 3956 sidetur:
743 3899 1154 3972 plerorumque
1219 3917 1351 3955 vero
1385 3901 1755 3957 subditorum
1817 3904 1959 3958 ﬁdes
2009 3911 2066 3958 et

417 4006 585 4047 amor
612 3989 671 4044 in
696 3989 1020 4061 principem
1053 4005 1204 4043 vana
1225 3989 1510 4045 duntaxat
1531 3992 1841 4062 superficie
1873 3997 2064 4047 osten-

412 4081 512 4135 tati
549 4079 802 4134 exterius
833 4077 1101 4149 obsequii
1126 4082 1283 4134 totus
1301 4079 1684 4149 expromitur,
1712 4083 1872 4137 intus
1904 4084 2051 4138 nihil

411 4169 634 4224 habens
666 4168 861 4222 solidi.
895 4169 1080 4233 Quare
1107 4183 1345 4223 necesse
1388 4173 1477 4224 est
1524 4186 1657 4224 eum
1709 4187 1742 4224 a
1790 4189 1906 4242 quo
1938 4173 2060 4227 vio-

413 4257 587 4312 lando
619 4257 743 4312 sola
774 4258 1099 4312 reverentia
1129 4258 1435 4328 potestatis
1473 4258 1604 4313 odia
1639 4259 2059 4317 malevolorum

413 4347 734 4414 coercebat,
766 4360 900 4400 cum
941 4345 1200 4416 primum
1237 4347 1492 4401 nudatus
1533 4348 2058 4421 praesidioimperii

411 4435 544 4490 telis
577 4428 808 4488 invidiae
843 4434 1016 4489 fuerit
1057 4435 1345 4504 objectus,
1377 4436 1450 4491 iis
1489 4436 1813 4492 insultibus
1856 4438 2054 4509 impeti

2175 3285 2324 3343 255
2361 3291 2722 3356 reputantes,
2781 3300 3008 3353 aequum
3071 3289 3187 3352 est,
3246 3285 3469 3350 Patres,
3525 3283 3650 3337 dare
3701 3295 3780 3333 vos

2172 3390 2409 3446 operam
2439 3379 2503 3427 ut
2525 3371 2848 3444 imperialis
2875 3371 3206 3447 dignitatis,
3234 3378 3409 3444 prout
3429 3373 3512 3427 fas
3545 3371 3783 3443 piumque

2171 3469 2280 3530 est,
2315 3465 2462 3518 ratio
2493 3463 2804 3530 habeatur,
2837 3479 3024 3533 neque
3058 3462 3358 3534 negligere
3391 3479 3492 3517 nos
3520 3459 3776 3529 tantojam

2171 3563 2431 3624 tempore
2467 3552 2679 3607 misere
2708 3567 3044 3622 suspensos
3073 3560 3254 3622 atque
3284 3556 3591 3606 aestuantes
3621 3549 3776 3615 inopit

2172 3640 2426 3697 consilii.
2461 3641 2611 3706 Quid
2645 3639 2987 3695 enimvero?
3020 3657 3093 3694 an
3136 3657 3258 3696 non
3300 3641 3371 3695 ab
3416 3637 3652 3694 Ecclesia
3677 3651 3774 3705 pe:-

2171 3733 2481 3786 nitentiam
2520 3730 2644 3784 dari
2680 3729 3060 3800 poscentibus
3102 3729 3416 3784 definitum
3467 3731 3552 3783 est
3570 3727 3595 3781 ‘2
3622 3737 3776 3779 nonne

2171 3821 2279 3875 hoc
2311 3820 2449 3875 olim
2484 3820 2612 3889 ejus
2656 3817 2814 3890 leges
2847 3817 3055 3873 divinas
3096 3817 3472 3873 sanxerunt?
3502 3833 3607 3871 non
3641 3815 3774 3884 juxta

2167 3926 2268 3964 eas
2292 3909 2553 3981 quotidie
2577 3910 2831 3980 quisque
2854 3914 3110 3964 vestrum
3139 3925 3526 3980 quoscunque
3555 3921 3686 3977 opus
3705 3909 3775 3955 est.

2168 3997 2433 4069 (plurimi
2466 4002 2658 4052 autem
2691 3998 3019 4052 offeruntur
3049 3997 3222 4068 tales)
3246 3994 3673 4070 prmscribendis
3698 4009 3776 4045 sa-

2169 4087 2605 4143 tisfactionibus
2635 4086 2855 4142 curatis
2875 4087 2902 4141 ?
2925 4104 2996 4142 an
3022 4086 3208 4158 p’ejori
3241 4087 3566 4144 conditione
3595 4079 3774 4155 princi-

2169 4193 2268 4248 pes
2304 4177 2493 4231 sunt?
2523 4193 2594 4231 an
2628 4175 2762 4231 illos
2795 4193 2942 4231 unos
2972 4175 3236 4231 Ecclesia
3267 4176 3341 4232 ab
3375 4171 3776 4236 universalisua

2167 4266 2221 4320 id
2284 4265 2437 4320 filios
2485 4265 2858 4336 indulgentia
2913 4270 3188 4336 exceptos
3247 4264 3621 4335 exclusosque
3653 4257 3774 4323 νυὶις

2169 4371 2272 4410 nec
2298 4355 2494 4426 legum
2516 4354 2793 4410 omnibus
2823 4354 3078 4409 latarum
3104 4355 3221 4408 frui
3245 4353 3520 4410 beneficio
3550 4345 3772 4423 patitur?

2170 4445 2534 4514 Respondete
2583 4459 2723 4497 num
2762 4443 2843 4498 ita
2874 4444 2989 4512 sit;
3045 4441 3366 4509 declarata,
3407 4443 3650 4513 inquam,
3680 4451 3769 4490 non

409 4523 498 4580 vel
531 4523 718 4624 palam
743 4525 1213 4624 oppugnantium
1237 4524 1321 4624 vel
1346 4524 1496 4580 clam
1524 4527 1840 4581 faventium
1875 4545 2055 4599 oppu-
2089 4562 2132 4624 Ι)
2164 4549 2291 4588 esse
2324 4533 2478 4604 apud
2510 4548 2611 4587 vos
2645 4531 3002 4602 paenitentiae
3050 4531 3271 4598 locum,
3306 4548 3410 4587 nec
3442 4530 3612 4601 excipi
3641 4544 3668 4581 a
3691 4541 3768 4624 vo-

411 4613 755 4686 gnantibus,
788 4612 1004 4684 quibus
1052 4612 1249 4668 salvus
1299 4612 1454 4668 haud
1507 4616 1695 4685 possit
1743 4616 2049 4672 obsistere.

415 4707 548 4771 Qua
580 4718 713 4757 cum
740 4718 936 4774 equos
967 4707 1025 4757 et.
1073 4702 1366 4774 sapientes
1416 4720 1621 4759 omnes
1673 4705 2051 4763 aestimatores

415 4809 611 4847 rerum
671 4795 941 4862 reputare
984 4791 1138 4863 apud
1193 4808 1321 4847 sese
1368 4810 1470 4864 par
1499 4793 1706 4861 fuerat,
1741 4799 1866 4848 tum
1919 4813 2049 4854 eum

414 4881 663 4937 maxime
695 4881 793 4950 qui
819 4895 910 4934 me
941 4897 1048 4934 suo
1070 4880 1195 4950 ipse
1218 4881 1270 4934 in
1298 4881 1505 4952 primis
1539 4883 1818 4956 suffragio
1850 4886 1916 4940 ad
1944 4886 2047 4940 im.

411 4970 636 5042 perium
661 4967 956 5031 extulerit,
991 4967 1098 5022 hoc
1118 4973 1205 5023 est
1234 4969 1519 5026 invidiose
1542 4976 1598 5026 et
1629 4972 2052 5028 offensionibus

408 5058 671 5130 exposito
695 5056 1052 5130 implicuerit
1084 5059 1336 5131 negotio.
1371 5059 1535 5114 Unde
1568 5061 1755 5131 ipsius
1784 5065 1872 5116 est
1907 5062 2051 5118 lucri

409 5149 564 5219 quod
599 5148 751 5218 fecit,
801 5163 915 5202 non
949 5151 1143 5202 autem
1194 5147 1249 5201 id
1303 5163 1494 5219 agere,
1544 5165 1673 5205 mea
1713 5156 2049 5204 exauctora-

407 5239 566 5293 tione
600 5237 966 5308 procuranda
996 5241 1052 5291 et
1084 5254 1184 5308 per
1232 5253 1360 5292 eam
1405 5237 1462 5292 in
1501 5254 1589 5293 me
1640 5238 1929 5293 armanda
1961 5239 2047 5292 in-

399 5325 1008 5392 vidiaaamulorum,ut
1029 5342 1205 5396 quem
1230 5327 1440 5381 detulit
1465 5343 1818 5398 superemus
1841 5326 2047 5394 honor,

401 5419 457 5473 in
492 5421 823 5473 extremum
857 5416 1003 5471 mihi
1025 5421 1285 5472 vertatur
1314 5416 1574 5471 exitium.
1602 5417 1750 5480 Quid
1781 5417 1934 5472 enim
1961 5425 2046 5472 at-

402 5507 628 5562 tinebat
658 5507 713 5560 in
748 5523 1047 5562 summum
1077 5506 1379 5575 fastigium
1408 5505 1648 5560 evehere
1672 5523 1845 5576 quem
1871 5507 2045 5578 paulo

400 5601 534 5666 post
559 5595 616 5650 in
651 5594 968 5666 perniciem
1001 5592 1272 5649 ultimam
1301 5593 1606 5650 detrahere
1638 5595 1772 5651 inde
1802 5613 1868 5653 ac
1898 5613 2044 5669 prm-

2167 4621 2258 4676 bis
2289 4621 2765 4691 resispiseentem
2789 4619 2890 4691 qui
2913 4636 3115 4690 poenas
3135 4621 3251 4676 sibi
3275 4621 3478 4676 sceleri
3509 4612 3768 4690 purgando

2168 4708 2395 4780 injungi
2416 4708 2704 4764 salutares
2729 4713 2888 4781 petat
2913 4726 2925 4763 :
2948 4714 3072 4764 tum
3095 4725 3239 4764 mea:
3259 4715 3453 4782 partes
3474 4713 3633 4764 erunt
3652 4702 3769 4760 mihi

2166 4796 2490 4863 consulere,
2523 4804 2580 4852 et
2611 4796 2748 4853 alibi
2780 4815 3039 4870 quaerere
3069 4815 3192 4854 rem
3220 4797 3600 4854 necessariam
3629 4794 3769 4863 cujus

2168 4887 2256 4941 hic
2289 4886 2452 4958 copia
2486 4903 2599 4942 non
2635 4887 2914 4958 suppetit.
2948 4887 3087 4942 Aliae
3120 4888 3254 4944 aliis
3298 4888 3356 4942 in
3389 4888 3526 4944 locis
3553 4882 3769 4942 ecclesia

2166 4982 2344 5032 sunt:
2376 4993 2474 5031 eas
2506 4976 2704 5046 adibo,
2733 4978 2804 5031 ab
2833 4977 2903 5031 iis
2943 4977 3354 5048 paenitentiam
3386 4982 3569 5053 petam
3598 4979 3772 5028 etcon-

2164 5083 2399 5136 sequar.
2435 5065 2689 5136 Exposui
2724 5065 2888 5121 vobis
2921 5081 3135 5121 sensus
3171 5066 3417 5122 intimos
3449 5062 3618 5120 animi
3641 5057 3770 5115 mei:

2164 5155 2660 5209 considerandum
2693 5154 2858 5210 vobis
2881 5154 3239 5226 relinquo,et
3258 5171 3392 5210 cum
3418 5156 3540 5226 ipso
3563 5148 3774 5223 patriar-

2161 5245 2271 5298 cha
2302 5245 2782 5316 consultandum,
2804 5244 2944 5316 quid
2977 5243 3101 5300 fieri
3132 5244 3459 5300 conveniat.
3495 5243 3607 5298 Non
3637 5237 3764 5294 enim

2163 5333 2419 5403 amplius
2466 5334 2655 5405 patiar
2698 5351 2801 5405 pro
2847 5334 3114 5406 deposito
3164 5351 3259 5389 me
3291 5335 3484 5404 abjici.
3527 5332 3663 5396 Jam,
3691 5327 3762 5379 iu-

2159 5439 2360 5493 quam,
2390 5423 2532 5493 mihi
2566 5422 2736 5494 plane
2788 5424 3084 5479 decretum
3135 5427 3227 5477 est
3259 5430 3361 5478 aut
3410 5421 3650 5490 accipere
3679 5432 3758 5470 cu-

2159 5511 2400 5566 rationis
2435 5513 2672 5567 modum
2707 5531 2740 5567 a
2771 5512 2932 5568 vobis
2965 5518 3065 5568 aut
3089 5511 3230 5567 alibi
3270 5527 3538 5584 quaerere.
3570 5533 3595 5557 ››
3623 5503 3755 5560 Talia

2155 5599 2444 5672 episcopis
2466 5599 2660 5658 locuto
2683 5602 3055 5674 imperatore,
3079 5618 3142 5657 ac
3155 5618 3262 5672 per
3283 5602 3404 5658 haec
3424 5598 3580 5673 quasi
3599 5594 3756 5668 prima
