4018 6198
206 306 306 361 701

1263 321 1360 373 ΒΕ
1397 318 1770 373 MICHAELE
1807 319 2252 376 PALEOLOGO
2289 321 2422 374 LIB.
2466 322 2562 374 IV.

3508 325 3616 379 702

205 432 398 502 ἤθελον
457 434 551 488 τὸν
611 440 929 513 κρατοῦντα.
973 440 1045 493 Οὐ
1109 442 1216 513 μὴν
1274 439 1331 495 δὲ
1387 440 1533 496 ἀλλὰ
1582 444 1672 497 καὶ
1722 442 2220 517 καθ-Αήγρίαινε
2250 442 2337 496 καὶ
2380 442 2722 516 ἀμεταθέτως
2783 445 2898 518 εἶχε
2950 452 3049 515 τῆς
3109 448 3360 520 γνώμης,
3394 449 3467 510 ὡς
3522 453 3608 505 καὶ

208 528 577 597 υπισχνοῦντο
607 523 774 597 μόνον
806 529 893 582 καὶ
939 528 1103 583 αὐτοῦ
1140 528 1407 604 βασιλέως
1466 531 1857 604 προσπέμψαν-

204 633 293 673 τος
325 611 477 666 αὐτοὶ
508 614 577 667 τὰ
610 616 823 689 μεγάλοι
856 616 1254 691 συλλήψεσθαι.

207 721 273 793 β’,
334 720 519 800 Ὅπως
598 722 689 800 τὸν
746 728 915 800 που·
957 724 1230 800 ΓαᾼΛησίου
1289 726 1486 800 Ἰωσὴφ
1562 726 1700 799 πρὸς
1764 728 1855 781 τὸν

274 791 627 871 πατριάρχην
660 793 989 850 ἀπέστελλεν
1018 798 1046 851 6
1078 791 1313 871 κρατῶν,
1348 791 1522 868 ζητῶν
1568 791 1722 852 Λῦσιν
1761 803 1857 853 τοῦ

272 863 604 937 ἀφορισμοῦ.

274 969 334 1039 [Ρ
368 970 492 1042 175]
524 971 585 1027 Ὀ
614 976 744 1046 γοῦν
782 972 1036 1047 βασιλεὺς
1068 976 1158 1029 καὶ
1208 974 1415 1040 ἄλλους
1476 977 1569 1049 μὲν
1621 977 1739 1030 καθ’
1766 973 1860 1031 ἕνα

203 1055 495 1121 πλείστους
542 1059 858 1116 ἀπέστειλεν
911 1064 1076 1133 ἀξιῶν
1132 1066 1225 1120 τὸν
1282 1067 1548 1140 ἱεράρχην
1594 1065 1752 1121 λῦσαί
1807 1065 1857 1119 οἱ

201 1148 297 1215 τὴν
357 1147 621 1220 ἀθυμίαν,
656 1152 866 1224 ἑτοίμῳ
925 1150 1061 1222 ὄντι,
1124 1155 1198 1217 ὡς
1254 1153 1457 1218 ἐκεῖνος
1518 1157 1857 1231 ὑπισχνεῖτο,

198 1236 258 1289 τὸ
315 1235 681 1310 κελευόμενον
742 1240 1053 1316 ἐκπληροῦν
1088 1262 1101 1274 ·
1134 1245 1291 1306 τέλος
1352 1242 1409 1299 δὲ
1465 1245 1555 1299 καὶ
1613 1245 1704 1300 τὸν
1758 1251 1857 1313 τῆς

206 1326 381 1396 μονῆς
413 1330 510 1380 τοῦ
538 1327 814 1398 Γαλησίου
854 1332 1252 1405 προϊστάμενον
1285 1335 1511 1410 Ἰωσὴφ,
1544 1334 1602 1395 ὃς
1652 1331 1719 1403 δὴ
1770 1334 1858 1388 καὶ

203 1413 485 1484 Γαλησίου
537 1419 909 1494 φανερώτερον
971 1420 1241 1494 ἐκαλεῖτο,
1274 1420 1441 1499 ἄνδρα
1496 1425 1859 1496 πνευματικὸν

201 1504 287 1557 καὶ
346 1505 427 1566 εἰς
482 1508 687 1580 πατέρα
742 1512 1073 1584 τεταγμένον
1117 1516 1198 1582 τῷ
1231 1511 1468 1586 βασιλεῖ,
1501 1512 1856 1567 ἀποστέλλων

202 1590 589 1661 κατηντιϐόλει
650 1593 901 1671 δέχεσθαι
961 1600 1059 1666 τὴν
1097 1595 1384 1671 πρεσϐείαν
1439 1601 1526 1655 καὶ
1586 1623 1856 1677 συγκατα-

199 1682 375 1735 νεύειν
430 1688 499 1756 τῇ
557 1683 794 1757 ἀξιώσει.
822 1684 981 1743 Ἀλλ’
1031 1689 1058 1742 6
1109 1692 1458 1765 πατριάρχης
1514 1690 1700 1745 πολλὰ
1761 1692 1857 1763 μὲν

203 1772 349 1843 παρᾶ
382 1776 492 1825 τῶν
524 1772 827 1848 ἀρχιερέων
872 1775 1003 1849 ὑπὲρ
1060 1781 1158 1832 τοῦ
1217 1776 1491 1842 Βασιλέως
1548 1780 1859 1852 ἱκετευόμε-

200 1878 306 1923 νος,
341 1858 421 1919 ὡς
451 1858 548 1913 οὐκ
580 1859 723 1930 ἄξιον
757 1860 1026 1936 λεγόντων
1088 1865 1262 1929 οὕτως
1318 1864 1406 1920 ἐπὶ
1464 1871 1720 1921 τοσοῦτον
1777 1871 1856 1939 τῷ

202 1945 470 2019 ἐπιτιμίῳ
502 1949 873 2025 συνίσχεσθαι,
905 1950 1094 2007 πολλᾶ
1145 1952 1202 2008 δὲ
1250 1956 1338 2009 καὶ
1397 1955 1543 2027 παρᾶ
1570 1959 1666 2010 τοῦ
1697 1976 1857 2010 πνευ-

206 2040 442 2106 ματικοῦ
499 2035 704 2092 ἐκείνου
752 2040 841 2094 καὶ
902 2041 1047 2104 θείου
1102 2040 1295 2115 ἀνδρὸς
1339 2044 1654 2117 ἀξιούμενος
1702 2042 1855 2122 ἐφ’ᾦ

200 2125 295 2191 τήν
331 2122 577 2179 παιδείαν
612 2125 799 2190 ἄλλως
833 2128 1153 2203 οἰκονομοίη
1186 2133 1281 2187 τὸν
1314 2130 1511 2204 δεσμόν
1541 2133 1707 2194 λύσας
1760 2134 1847 2188 καὶ

202 2215 529 2289 προστιμῲη
566 2220 645 2287 τῷ
677 2216 893 2291 βασιλεῖ
922 2223 1029 2273 τῶν
1063 2219 1306 2289 εἰκότων,
1342 2222 1370 2274 6
1403 2218 1459 2275 δὲ
1485 2222 1575 2275 καὶ
1637 2219 1849 2293 μᾶλλον

216 2415 554 2473 velitatione
594 2420 895 2491 auspicato
926 2419 1215 2489 praelium,
1247 2420 1331 2475 illi
1363 2422 1435 2475 ad
1468 2421 1702 2493 singula
1740 2439 1867 2494 qua

220 2507 375 2561 dicta
412 2507 644 2562 fuerant
674 2508 872 2563 dolore
902 2509 1255 2579 significato,
1306 2510 1699 2577 declararunt,
1743 2528 1868 2583 quae

226 2612 425 2651 severe
443 2612 510 2651 ac
528 2597 673 2652 dure
697 2598 1031 2668 patriarcha
1050 2615 1190 2671 erga
1212 2600 1625 2672 imperatorem
1648 2606 1868 2672 ageret,

217 2685 325 2739 sibi
358 2686 606 2740 minime
625 2686 878 2758 probari:
905 2704 971 2743 ac
1009 2693 1315 2761 propterea
1342 2694 1475 2761 post
1505 2690 1687 2746 multa
1717 2690 1868 2745 invi-

219 2790 339 2829 cem
378 2774 591 2830 collata
621 2776 1063 2849 disceptataque
1095 2783 1329 2851 paratos
1368 2796 1431 2835 se
1483 2780 1870 2835 ostenderunt

222 2865 287 2919 ad
321 2865 682 2920 offerendam
712 2868 975 2937 Augusto
1024 2869 1331 2939 pmnitenti
1376 2868 1867 2925 reconciliationis

221 2952 401 3008 viam.
437 2953 563 3008 Non
584 2958 779 3008 tamen
812 2960 947 3011 tunc
969 2957 1160 3012 adhuc
1184 2957 1429 3014 ulterius
1460 2964 1869 3030 processerunt

216 3058 398 3112 quam
433 3046 497 3096 ut
528 3043 941 3114 promitterent
985 3061 1047 3100 se
1107 3045 1531 3103 intercessuros
1580 3048 1734 3119 apud
1768 3065 1868 3119 pa-

218 3130 538 3186 triarcham
564 3148 738 3203 quam
758 3132 1169 3190 efficacissime
1185 3140 1443 3206 possent,
1464 3138 1783 3192 suadentes
1806 3141 1868 3191 ut

218 3237 317 3289 pro
351 3237 417 3275 se
452 3220 576 3292 ipse
625 3222 695 3276 de
750 3238 893 3277 novo
952 3223 1229 3293 allegaret
1286 3225 1357 3279 ad
1420 3242 1552 3281 eum
1608 3232 1867 3282 oratores

218 3310 543 3381 supplices,
578 3312 794 3383 quibus
825 3314 895 3367 ad
932 3313 1367 3385 impetrandum
1412 3317 1565 3387 quod
1602 3321 1874 3387 rogarent

219 3398 328 3470 ipsi
368 3416 430 3455 se
462 3417 567 3471 pro
598 3401 749 3456 virili
776 3408 1191 3474 cooperaturos
1215 3404 1593 3476 recipiebant.

220 3517 273 3568 2.
311 3516 379 3590 Ut
404 3518 758 3590 praepositum
788 3514 990 3572 Galesii
1030 3518 1323 3589 Josephum
1360 3520 1437 3574 ad
1489 3520 1873 3590 patriarcham

293 3587 627 3669 allegaverit
655 3590 976 3669 imperator,
1007 3587 1191 3661 petens
1228 3587 1633 3648 absolutionem
1678 3595 1745 3648 ab
1774 3610 1871 3649 ea:-

287 3667 810 3714 communicatione.

287 3756 483 3822 Igitur
514 3757 836 3828 imperator
867 3774 995 3815 cum
1029 3759 1175 3816 alios
1224 3760 1573 3833 singillatim
1605 3764 1871 3835 allegavit

220 3846 378 3902 256
412 3845 727 3917 plurimos,
758 3847 1112 3919 suppliciter
1169 3867 1345 3905 orans
1384 3852 1774 3923 patriarcham
1811 3858 1873 3908 ut

216 3950 278 3990 se
302 3951 451 3990 cura
481 3936 880 4007 maestitiaque
936 3936 1184 3994 liberare
1228 3940 1589 4011 dignaretur,
1623 3943 1869 3998 offerens

216 4040 277 4078 se
309 4032 582 4093 paratum
614 4025 687 4079 ad
719 4025 955 4096 quidvis
976 4030 1416 4099 exsequendum
1440 4030 1867 4100 quodjuberct.

215 4113 478 4168 Tandem
514 4118 570 4168 et
596 4114 924 4186 Josepbum
957 4116 1027 4171 ad
1052 4117 1107 4170 id
1136 4117 1300 4172 misit
1325 4118 1679 4173 monasterio
1703 4119 1869 4175 Gale-

215 4200 283 4257 sii
307 4202 719 4273 praepositum,
743 4204 989 4259 cmnobii
1005 4205 1157 4276 quod
1180 4206 1415 4277 regebat
1438 4206 1673 4262 nomine
1695 4224 1872 4279 quam

217 4307 323 4346 suo
349 4291 540 4362 ipsius
574 4291 745 4364 vulgo
761 4293 1068 4359 notiorem,
1092 4294 1279 4349 virum
1306 4295 1671 4367 spiritualem
1692 4301 1750 4351 et
1769 4298 1866 4369 qui

214 4379 559 4451 imperatori
585 4381 767 4450 patris
794 4381 919 4437 loco
942 4386 1118 4447 esset,
1139 4382 1354 4455 quippe
1386 4384 1694 4440 audiendis
1744 4386 1870 4456 ejus

217 4468 693 4525 confessionibus
716 4471 1043 4541 praefectus.
1070 4470 1234 4527 Hunc
1260 4488 1396 4543 ergo
1420 4490 1523 4545 pro
1546 4488 1607 4529 se
1639 4474 1868 4546 suppli-

217 4574 344 4613 cem
378 4558 661 4629 allegans,
695 4559 1001 4616 obsecrare
1032 4560 1429 4633 obtestarique
1476 4562 1865 4634 patriarcbam

219 4648 440 4702 institit
463 4647 547 4702 uti
562 4648 1375 4705 tandeminﬂexusinduceret
1393 4651 1451 4705 in
1467 4652 1730 4708 animum
1754 4671 1866 4709 non

217 4736 791 4808 ampliusaspernari
808 4754 1008 4809 preces
1023 4755 1183 4794 suas.
1199 4738 1579 4795 Vehementer
1601 4741 1654 4795 id
1672 4741 1866 4814 ipsum

215 4826 286 4879 ab
323 4826 527 4880 eodem
554 4826 810 4896 episcopi
830 4828 1255 4882 contenderunt
1277 4833 1532 4899 orantes,
1556 4846 1866 4901 argumen-

218 4916 294 4969 tis
327 4916 506 4970 etiam
543 4915 849 4983 adhibitis,
868 4921 925 4970 et
939 4916 1250 4987 indignum
1266 4917 1449 4972 videri
1471 4924 1868 4975 contestantcs

221 5004 549 5076 principem
583 5008 744 5060 tanto
776 5009 1034 5077 tempore
1072 5005 1185 5061 isto
1219 5007 1390 5077 quasi
1434 5009 1728 5079 ergastulo
1760 5009 1868 5065 diri

218 5092 620 5148 anathematis
652 5093 1035 5149 constrictum
1068 5096 1333 5151 detineri.
1370 5096 1626 5169 Urgebat
1674 5116 1777 5171 pro
1810 5116 1871 5155 se

216 5198 457 5252 quoque
505 5184 779 5238 ardenter
835 5200 957 5239 rem
1016 5186 1283 5240 eamdem
1342 5187 1670 5257 spiritualis
1700 5192 1871 5243 Pater

214 5271 527 5343 supplicis,
564 5270 682 5338 ille,
717 5288 892 5344 quem
924 5272 1065 5343 dixi,
1098 5274 1182 5330 vir
1223 5277 1594 5345 reverendus,
1646 5279 1869 5333 demis-

210 5359 455 5414 sissimo
487 5360 808 5431 deprecans
839 5363 1100 5432 suscepti
1131 5364 1224 5418 sui
1257 5363 1492 5419 nomine
1527 5369 1589 5420 ut
1616 5366 1867 5437 castiga-

211 5447 432 5503 tionem
459 5465 638 5521 quam
664 5451 1236 5521 aequamjudicasset
1268 5454 1694 5524 praescriberet,
1719 5459 1776 5510 et
1804 5472 1867 5510 ea

215 5540 594 5610 perfunctum
612 5539 925 5595 miseratus
946 5542 1342 5598 anathematis
1354 5542 1584 5598 vinculo
1598 5545 1865 5600 solveret.

214 5628 409 5683 Surdo
440 5628 562 5684 hac
591 5630 974 5687 canebantur.
1007 5631 1318 5703 Obduruit,
1353 5634 1493 5703 quin
1526 5634 1699 5690 etiam
1733 5652 1866 5691 exa-

1964 536 2081 591 τοῖς
2110 526 2495 602 πρεσϐεύοτσιν
2528 531 2880 603 ἐπιπλήττειν
2932 535 3021 588 καὶ
3079 534 3224 605 αὐτῷ
3275 533 3339 604 δή
3385 543 3464 608 τῷ
3497 540 3611 593 ἰω-

1966 621 2074 699 σῆφ
2121 620 2376 695 γενναίως
2436 620 2983 696 ἐπέχειν,τολμῶντι
3045 624 3119 685 ὡς
3178 622 3334 692 δῆθεν
3394 626 3459 679 τὰ
3515 636 3614 690 τ’ἷς

1971 708 2242 785 βασιλέως
2284 707 2563 784 ἀναδοχῆς
2613 712 2759 787 παρᾶ
2806 712 2906 779 τὴν
2949 711 3153 766 ἐκείνου
3188 713 3427 783 θέλησιν,
3461 717 3617 789 Αἱρεῖ

1968 796 2024 853 δὲ
2054 800 2142 853 καὶ
2175 798 2347 873 λόγος
2379 800 2523 872 ποιρὰ
2551 798 2788 861 πολλοῖς
2836 800 2911 861 ὡς
2961 801 3049 854 καὶ
3110 801 3479 873 ἐπιτιμήσειεν
3537 804 3617 859 ἐφ’

1967 888 2012 959 ᾧ
2047 886 2186 960 μηδὲ
2217 888 2580 960 πνευματικὸς
2614 886 2935 962 ἀναδέχοιτο
2974 909 2986 920 ·
3016 891 3044 943 ’ὀ
3077 887 3142 957 δὴ
3184 889 3279 944 κᾶν
3327 893 3547 965 γεγονὸς

1966 975 2253 1053 ἐφυλάχθη
2312 975 2347 1043 ἢ
2405 975 2494 1029 καὶ
2550 972 2860 1049 παραϐαθὶν
2923 976 3089 1047 ἐλύθη
3240 980 3329 1032 καὶ
3413 979 3609 1034 ἄλυτον

1965 1060 2163 1136 ἔμεινε,
2194 1062 2289 1117 κᾶν
2327 1065 2403 1136 μή
2436 1066 2660 1139 γεγονὸς
2712 1064 3013 1142 ἐφημίσθη,
3047 1067 3119 1127 ὡς
3176 1067 3266 1120 καὶ
3326 1068 3352 1120 6
3413 1070 3611 1145 Ἰωσήφ

1964 1156 2403 1229 πατριαρχεύσας
2450 1154 2669 1229 ὕστερον
2729 1156 3180 1229 ἀπολογούμενος
3232 1158 3360 1229 ὑπὲρ
3419 1159 3612 1212 τούτου

1966 1238 2360 1317 διισχυρίζετο,
2394 1242 2547 1315 ὅμως
2580 1240 2757 1304 πολὺς
2798 1242 3034 1307 ἐντεῦθεν
3085 1244 3347 1319 ἀνερβάγη
3402 1245 3616 1299 κλύδων

1961 1338 2029 1407 τῇ
2091 1333 2409 1405 Ἐκκλησία,
2445 1335 2519 1396 ὡς
2580 1334 2805 1409 ἰσχυρὸν
2868 1334 3264 1409 προτεινόντων
3323 1340 3430 1389 τῶν
3486 1338 3616 1409 Ἀρ-

1965 1427 2220 1477 σενιατῶν
2280 1425 2395 1477 κατ’
2451 1422 2658 1478 ἐκείνου
2743 1420 2999 1499 ἔγκλημα
3076 1424 3612 1499 πατριαρχε·3σαντος

1965 1514 2332 1585 σχιζομένων.

1963 1623 2029 1691 γ’.
2062 1619 2252 1680 "Ome:
2286 1614 2557 1696 λίϐελλοςΔ
2575 1620 2913 1696 κατηγορίας
2942 1622 3079 1696 κατὰ
3124 1625 3221 1674 τοῦ
3269 1622 3613 1696 πατριάρχου

2508 1688 2667 1761 ἐδόθη
2699 1688 3051 1767 τῖ’ρβασιλεῖ.

2040 1780 2125 1849 [Ρ.
2166 1780 2287 1853 174]
2321 1780 2459 1835 Τότε
2486 1782 2668 1835 τοίνυν
2714 1779 3143 1855 Βοηδρομιῶνος
3173 1780 3467 1852 ἱσταμένου
3527 1782 3615 1836 καὶ

1963 1870 2071 1919 τῶν
2106 1869 2353 1937 συνήθων
2385 1873 2646 1938 νηστειῶν
2695 1868 3061 1941 τελουμένων,
3094 1869 3287 1941 ἑορτῆς
3344 1868 3617 1944 ὰγομένης

1963 1956 2026 2023 ἣν
2054 1956 2368 2019 Ἀκάθιστον
2402 1957 2625 2027 σύνηθες
2689 1958 2994 2030 ὀνομάζειν,
3025 1962 3132 2011 τῶν
3180 1979 3264 2019 τις
3320 1962 3416 2011 τοῦ
3472 1957 3612 2026 κλή-

1966 2063 2063 2117 ρου
2096 2043 2149 2098 ἐν
2179 2046 2449 2120 νοταρίοις
2479 2050 2556 2117 τῷ
2584 2046 2900 2121 πατριάρχῃ
2932 2046 3103 2100 τελῶν
3143 2047 3277 2115 μετά
3312 2045 3403 2100 τὸν
3465 2050 3611 2121 σφῶν

1963 2136 2345 2208 πριμικήριον,
2406 2136 2463 2189 ’ὀν
2519 2134 2611 2189 καὶ
2670 2134 2910 2205 Μεσίτην
2971 2134 3221 2189 εἰώθασιν
3299 2135 3351 2188 o't
3404 2131 3608 2188 πολλοὶ

1979 2222 2336 2295 σεμνύνοντες
2395 2222 2595 2299 λέγειν,
2625 2223 2932 2293 τούπίκλην
2964 2221 3404 2296 Ἑψητόπουλος,
3439 2218 3630 2277 λίϐελ-

1978 2430 2249 2497 speratus
2281 2426 2671 2496 efferatusque
2713 2425 2901 2496 magis
2932 2429 3021 2480 est
3054 2424 3299 2480 audiens
3358 2425 3473 2479 ista
3530 2443 3627 2495 pa-

1978 2512 2252 2567 triarcha.
2288 2514 2561 2583 Adeoque
2590 2512 2987 2568 inﬂexibiliter
3016 2514 3185 2568 haesit
3224 2512 3283 2567 in
3308 2515 3629 2584 proposito,

1982 2606 2043 2655 ut
2073 2601 2246 2657 etiam
2277 2618 2345 2657 ea
2370 2606 2644 2672 rogantes
2674 2603 3032 2673 objurgaret,
3089 2608 3147 2657 et
3200 2603 3398 2673 ipsum
3454 2603 3623 2658 Jose-

1977 2690 2160 2760 phum
2193 2690 2403 2746 acriter
2432 2696 2737 2760 coerceret,
2773 2707 2838 2746 eo
2871 2690 3091 2746 scilicet
3119 2690 3351 2746 nomine
3389 2691 3555 2762 quasi
3580 2693 3627 2745 i3

1979 2779 2391 2850 imperatorem
2416 2780 2713 2835 absolvere
2738 2796 2918 2835 ausus
2949 2785 3105 2835 esset
3136 2786 3335 2836 contra
3371 2781 3623 2850 patriar-

1978 2868 2098 2923 cha:
2118 2867 2498 2924 voluntatem.
2524 2873 2701 2923 Fama
2729 2874 2884 2923 certe
2916 2869 3205 2924 increbuit
3256 2885 3355 2939 per
3413 2869 3625 2922 multos

1977 2958 2234 3030 vulgata,
2260 2958 2622 3029 prohibitum
2672 2956 2983 3012 interdicto
3012 2958 3268 3028 Josepbo
3309 2976 3341 3011 a
3376 2957 3621 3027 patriar-

1979 3047 2090 3102 cha
2120 3047 2303 3102 fuisse
2330 3064 2401 3101 ne
2431 3046 2705 3118 deinceps
2740 3046 2865 3118 ipse
2896 3046 3314 3110 confessiones,
3368 3050 3430 3099 ut
3477 3046 3626 3100 sole-

1984 3136 2101 3205 bat,
2162 3136 2290 3206 ejus
2343 3136 2598 3205 privatas
2652 3136 2940 3206 acciperet
2997 3151 3248 3205 eumque
3280 3134 3623 3189 absolveret:

1982 3225 2146 3291 Quod
2179 3224 2583 3292 interdictum,
2614 3225 2661 3279 si
2695 3240 2827 3279 vere
2859 3225 3122 3295 contigit,
3156 3241 3229 3277 an
3252 3224 3623 3279 observatum

1978 3314 2074 3381 sit,
2108 3330 2179 3368 an
2214 3314 2272 3368 id
2316 3319 2725 3385 transgressus
2780 3312 3076 3384 Josephus
3134 3313 3624 3384 transgressionis

1976 3402 2149 3458 istius
2181 3403 2351 3457 venia
2371 3401 2685 3473 impetrata
2705 3402 3013 3457 restitutus
3030 3400 3090 3455 in
3109 3400 3403 3471 integrum
3429 3402 3621 3465 fuerit,

1976 3509 2047 3546 an
2080 3496 2372 3562 postremo
2406 3492 2623 3546 crimen
2663 3490 2821 3545 istud
2880 3491 3261 3546 contumacia:
3292 3496 3492 3545 contra
3542 3491 3625 3544 in~

1976 3581 2289 3636 terdictum
2314 3584 2371 3635 et
2400 3597 2598 3635 revera
2629 3581 2980 3635 consciverit
3001 3579 3297 3650 Josepbus
3356 3584 3414 3634 et
3461 3580 3621 3634 inex-

1976 3669 2202 3741 platum
2234 3670 2290 3724 id
2327 3670 2629 3737 manserit,
2680 3670 2737 3725 in
2795 3669 2977 3724 medio
3037 3669 3389 3740 relinquam.
3452 3672 3626 3723 Fama

1976 3759 2189 3830 quippe
2220 3757 2306 3812 illi
2341 3759 2518 3830 priori
2552 3758 2851 3813 contraria
2883 3774 3089 3829 sparsa
3120 3774 3347 3827 quoque
3379 3762 3487 3824 est,
3530 3775 3622 3811 as-

1977 3865 2177 3903 serens
2210 3864 2513 3918 nunquam
2548 3847 2835 3919 perlatum
2870 3866 2901 3902 a
2933 3847 3267 3918 patriarcha
3299 3846 3414 3901 tale
3448 3847 3624 3899 inter-

1976 3936 2217 3991 dictum.
2254 3938 2323 3991 Et
2355 3936 2461 3991 hae
2515 3936 2852 3991 defensione
2903 3936 3195 4006 Josepbus
3237 3935 3383 4006 ipse,
3438 3936 3622 3988 factus

1977 4028 2125 4082 257
2175 4030 2375 4095 postea
2435 4025 2786 4097 patriarcha,
2849 4025 3146 4091 utebatur,
3201 4024 3619 4078 asseverantis-

1977 4115 2122 4169 sime
2146 4114 2449 4169 afﬁrmans
2482 4130 2851 4184 nequaquam
2886 4114 2942 4167 id
2977 4112 3089 4167 sibi
3114 4112 3471 4183 prohibitum
3512 4129 3619 4166 un-

1978 4220 2153 4274 quam
2184 4221 2217 4258 a
2257 4203 2607 4275 patriarcha,
2666 4202 3204 4257 contradicentibus
3239 4199 3623 4256 nihilominus

1977 4298 2032 4349 et
2064 4294 2121 4347 in
2153 4297 2375 4349 asserto
2407 4292 2918 4364 perseverantibus
2976 4291 3311 4347 auctoribus
3369 4291 3621 4362 oppositi

1978 4382 2255 4452 rumoris,
2284 4381 2386 4453 qui
2414 4381 2474 4435 in
2531 4381 2672 4436 satis
2723 4397 2997 4453 magnam
3061 4379 3194 4436 inde
3225 4379 3623 4434 celebritatem

1980 4471 2143 4527 abiit.
2201 4472 2475 4542 Adeoque
2533 4470 2589 4524 id
2644 4486 2827 4524 unum
2860 4475 2916 4524 et
2977 4469 3351 4541 potissimum
3406 4472 3531 4522 erat
3568 4469 3621 4523 in

1979 4560 2349 4629 criminibus,
2382 4578 2508 4631 qua:
2529 4558 2838 4616 Arseniani
2860 4558 3522 4630 objectabantJosepho,
3552 4560 3622 4614 ab

1979 4668 2044 4707 eo
2068 4649 2384 4706 schismate
2415 4649 2671 4705 discissi.

1979 4805 2031 4858 3.
2070 4805 2132 4859 Ut
2162 4801 2383 4857 libellus
2438 4799 2804 4855 accusationis
2833 4805 3024 4855 contra
3050 4800 3435 4871 patriarcha":
3466 4800 3624 4856 datus

2574 4876 2653 4928 sit
2681 4872 3026 4944 imperatori.

2051 5008 2216 5062 Tunc
2250 5006 2429 5077 igitur
2456 5007 2565 5061 sub
2602 5006 2837 5061 initium
2874 5006 3113 5078 Aprilis,
3148 5006 3430 5063 solemnis
3469 5009 3623 5077 jeju-

1983 5097 2060 5151 nii
2088 5102 2369 5167 tempore,
2395 5097 2535 5151 dum
2553 5096 2767 5151 festum
2795 5101 3060 5166 ageretur
3075 5097 3228 5167 quod
3249 5096 3621 5151 Acathistum

1979 5186 2150 5259 vulgo
2178 5186 2497 5253 nominant,
2531 5186 2769 5255 quidam
2796 5203 2865 5240 ex
2907 5185 3059 5241 clero
3107 5186 3494 5257 Epsetopulus
3526 5203 3620 5240 co-

1979 5281 2318 5351 gnomento,
2352 5276 2411 5331 in
2444 5276 2648 5331 ordine
2680 5275 3041 5331 notariorum
3064 5276 3410 5347 patriarcha:
3441 5275 3620 5328 inser-

1978 5368 2162 5438 viens,
2196 5372 2327 5439 post
2366 5367 2625 5438 ipsorum
2678 5365 3101 5437 primicerium,
3153 5382 3327 5436 quem
3376 5364 3617 5419 Mesiten

1978 5458 2101 5513 sive
2131 5456 2509 5513 mediatorem
2543 5455 2805 5528 plerique
2835 5458 3027 5511 solent
3048 5456 3240 5526 amplo
3263 5453 3496 5508 nomine
3523 5468 3618 5505 vo-

1978 5564 2129 5615 care,
2150 5545 2412 5601 libellum
2432 5563 2462 5599 a
2486 5561 2546 5600 se
2560 5545 2848 5614 digestum
2875 5543 3347 5599 accusationibus
3378 5540 3613 5612 plenum

1976 5642 2182 5707 sponte
2212 5634 2549 5707 imperatori
2581 5633 2842 5702 tradidit,
2876 5637 3050 5686 noctu
3084 5635 3215 5703 post
3254 5629 3428 5684 ﬁnem
3454 5627 3615 5700 hym-
