3920 6196
439 322 548 375 703

1738 312 2045 372 GEORGII
2079 311 2547 368 PACHYMERE
3662 321 3748 376 705

445 444 540 500 λον
568 438 1036 514 κατηγορημάτων
1069 436 1259 510 πλήρη
1294 435 1617 510 συνθέμενος
1645 436 1864 509 ἀσμένῳ
1904 433 2087 510 ἐγχει-
2117 433 2168 502 Α
2203 432 2294 489 σὺν
2377 441 2493 498 τοῖς
2579 437 2876 512 σατράπαις
2945 437 3107 490 αὐτοῦ
3153 435 3283 491 κατὰ
3327 437 3383 492 τὸ
3431 439 3638 515 ὀρθρινὸν
3674 451 3745 513 τῆς

443 532 572 605 ρίζει
631 533 709 598 τῷ
764 525 1002 601 βασιλεῖ,
1034 528 1224 588 νυκτὸς
1249 526 1371 581 τότε
1421 525 1588 596 οὔσης
1653 527 1785 599 μετά
1833 527 1930 595 τήν
1989 531 2090 593 τῆς

445 614 716 689 ὑμνῳδίας
751 614 1122 690 ἐκπλήρωσιν.
1157 617 1220 673 Ὁ
1271 613 1325 670 δὲ
1382 617 1508 677 τοὺς
1561 617 1975 690 παρατυχόντας
2033 612 2092 667 ἐκ

438 711 543 762 τῶν
597 710 694 760 τοῦ
754 706 968 780 κλήρου
1027 705 1356 782 συγκαλέσας
1409 709 1520 779 ἅμα
1549 707 1738 780 ἠρώτα
1771 705 1935 760 εἶκαὶ
1994 703 2094 759 αύ-

439 796 524 849 τοὶ
557 792 832 850 συνοίδασι
863 801 942 867 τῷ
975 795 1366 869 Ἐψητοτούλῳ
1413 798 1479 850 τά
1528 797 1578 850 οἱ
1637 796 1966 871 πραχθέντα.
2001 795 2090 855 Ὠς

443 881 488 938 δ’
528 886 630 938 οὐκ
678 885 744 953 ἦν
800 889 1117 938 κατανεῦσαι
1180 885 1475 948 ἀκούοντας
1525 885 1670 952 πλὴν
1731 885 1846 946 ἑνὸς
1906 886 1940 955 ἢ
1999 882 2089 938 καὶ

444 971 863 1047 δευτέρου,περί
920 995 978 1028 τε
1033 979 1139 1028 τῶν
1195 973 1503 1050 κεφαλαίων
1565 972 1959 1041 διεπυνθάνετο,
1999 973 2089 1027 καὶ

441 1061 632 1124 ὁποίας
672 1061 753 1130 εἷή
787 1069 886 1130 τῆς
919 1060 1250 1136 ὑπολήψεως
1287 1065 1313 1117 6
1343 1063 1436 1117 τὸν
1471 1059 1728 1118 λίϐελλον
1759 1063 2088 1138 ἐγχειρίσας.

436 1154 532 1214 Ὠς
591 1149 637 1204 δ’
670 1151 1004 1225 ἐμαρτύρουν
1069 1152 1163 1223 μὲν
1211 1157 1287 1223 τῷ
1344 1149 1548 1206 διδόντι
1605 1151 1671 1206 τὰ
1723 1151 1934 1226 μέτρια,
1966 1150 2088 1224 περὶ

443 1237 498 1293 δὲ
554 1244 658 1292 τῶν
719 1238 1031 1314 κεφαλαίων
1107 1239 1502 1316 ἀπελογοῦντο,
1572 1241 1804 1316 ἀνάγκην
1860 1240 1951 1294 τὸν
2013 1239 2090 1302 είς

443 1329 723 1390 τοιούτους
752 1329 965 1401 ἀγῶνας
1010 1327 1422 1402 ἀποδυσάμενον
1467 1329 1555 1384 καί
1601 1329 1729 1392 τοὺς
1780 1327 2088 1391 συνειδότας

443 1411 588 1491 ἔχειν
625 1417 651 1470 6
690 1416 939 1490 βασιλεῦς
972 1417 1128 1480 εὐθύς
1169 1418 1398 1488 οἰηθεὶς,
1429 1419 1518 1472 καὶ
1579 1417 1653 1480 εἷς
1702 1424 1892 1493 χεῖρας
1940 1416 2086 1492 ἔχειν

437 1507 531 1560 τὸν
567 1505 780 1574 λέοντα,
812 1505 970 1581 ἀπρὶξ
1003 1506 1183 1581 ε’ίχετο
1232 1513 1341 1562 τῶν
1390 1508 1730 1584 γραμμάτων
1765 1508 1854 1561 καὶ
1901 1509 2086 1581 καιρὸν

441 1595 597 1649 ἐτίθει
647 1602 747 1664 τῆς
790 1595 912 1666 περὶ
965 1597 1173 1650 τούτων
1214 1599 1468 1670 σκέψεως.
1503 1600 1596 1658 Οἷς
1656 1595 1714 1651 δὲ
1771 1596 2090 1675 κεφαλαίοις

445 1685 470 1737 6
518 1680 785 1745 λίϐελλος
838 1685 1258 1759 συγκεκρότητο,
1289 1683 1407 1740 τάδ’
1433 1688 1693 1755 ήσαν,ὡς
1745 1687 1912 1741 εἰπεῖν
1971 1686 2089 1750 καθ’

2201 523 2457 599 λαμπρᾶς
2497 527 2585 581 καὶ
2639 525 2883 603 μεγάλης
2911 529 3182 602 Κυριακῆς
3210 531 3285 598 τῷ
3315 530 3592 611 πατριάρχῃ
3631 529 3747 587 λιτα-

2198 613 2405 668 νεύοντι
2465 613 2715 680 συνέλθοι
2775 637 2831 670 τε
2885 616 2976 670 καί
3033 614 3634 674 συλλιτανεύσειε.Καὶᾶ
3677 624 3745 693 μὲν

2200 708 2278 775 τῷ
2303 699 2552 778 λιϐέλλῳ
2584 703 2930 780 διειλήφατο,
2960 705 3126 760 ταῦτά
3152 726 3210 759 τε
3257 705 3341 759 καὶ
3393 709 3577 771 τοιαῦθ’
3598 705 3719 782 έτερα
3738 731 3749 744 ·

2197 796 2278 864 τῷ
2319 793 2504 864 μέντοι
2559 815 2620 870 γε
2677 792 2991 870 πατριάρχῃ
3049 794 3110 848 τὸ
3166 795 3402 867 παράπαν
3454 794 3631 869 ἀγνοεῖν
3679 799 3749 852 οὐχ

2197 882 2288 953 ἦν,
2321 882 2472 954 ὅμως
2523 879 2580 936 δὲ
2629 888 2744 955 Θεῷ
2791 884 2853 938 τὸ
2884 890 2984 937 πᾶν
3018 881 3313 956 ἐπιτρέπων
3343 883 3604 958 ἡσύχαζεν.
3627 886 3676 941 Ὀ
3712 884 3749 939 δέ

2198 990 2261 1044 γε
2294 969 2547 1045 βασιλεὺς
2577 976 2685 1026 τῶν
2716 974 3056 1048 γραμμάτων
3089 971 3221 1042 ἅπαξ
3265 970 3626 1044 ἐπειλημμένος
3661 973 3752 1034 toi);

2198 1055 2599 1131 ἐπιδημοῦντας
2639 1065 2720 1132 [Ρ.
2755 1064 2880 1134 475]
2922 1064 2990 1132 τῇ
3023 1060 3416 1116 Κωνσταντίνου
3468 1064 3562 1114 τῶν
3609 1061 3752 1136 ἀρχιε-

2200 1147 2336 1222 ρέων
2367 1147 2682 1225 ἐπισυνῆγε,
2714 1150 2804 1205 καὶ
2864 1148 2929 1220 δὴ
2990 1147 3270 1223 προύτεινε
3329 1149 3415 1222 μὲν
3468 1147 3654 1210 ἐκείνοις
3701 1150 3753 1211 εἷς

2196 1243 2392 1313 γνῶσιν
2422 1239 2488 1293 τά
2517 1241 2834 1314 γράμματα,
2871 1239 3145 1294 ἐκοινοῦτο
3203 1236 3258 1293 δὲ
3312 1238 3446 1315 σφίσι
3494 1239 3579 1306 τήν
3616 1240 3753 1311 σκέψιν

2198 1327 2348 1392 ὅπως
2377 1329 2589 1399 ποιοίη.
2625 1329 2702 1383 Οὐ
2732 1329 2831 1403 γὰρ
2863 1330 2929 1399 ἦν
2987 1329 3300 1402 ὑπερθέσθαι
3357 1332 3563 1402 πρᾶγμα
3609 1325 3752 1382 δοκοῦν

2198 1413 2608 1490 συμϐάλλεσθαι
2666 1423 2746 1490 τῷ
2804 1423 3012 1490 σκοπῷ,
3045 1415 3141 1472 κᾶν
3201 1417 3297 1472 οὐκ
3340 1413 3498 1471 ἐδόκει
3552 1417 3752 1490 ἀποχρῶν

2197 1507 2332 1583 πρὸς
2361 1507 2424 1561 τὸ
2452 1508 2544 1562 τὸν
2584 1509 2930 1583 πατριάρχην
2966 1504 3280 1578 δεδίξεσθαι.
3313 1506 3532 1567 Ἐκεῖνος
3575 1505 3654 1580 γὰρ
3691 1505 3754 1558 καὶ

2201 1599 2277 1666 μή
2332 1597 2468 1671 πρὸς
2520 1595 2818 1670 ἀπολογίαν
2873 1593 2952 1651 ἔτι
3009 1595 3346 1668 καλούμενος
3397 1593 3754 1668 ἆπελογεῖτο,τὸ

2204 1687 2296 1760 μὶν
2329 1689 2425 1740 τοῦ
2451 1683 2698 1760 ψαλμοῦ,
2731 1686 2805 1748 ὡς
2833 1685 2993 1748 αὐτὸς
3020 1683 3104 1756 εἷή
3139 1687 3166 1739 6
3197 1685 3348 1754 τάξας
3387 1687 3533 1738 τοῦτο
3571 1684 3623 1736 τὸ
3646 1683 3757 1755 πρῶ·

441 1770 662 1827 ἕκαστον
700 1793 711 1804 ·
738 1778 957 1848 πρῶτον
989 1775 1050 1828 τὸ
1082 1775 1134 1828 ἐν
1167 1775 1313 1850 ἀρχῇ
1338 1778 1437 1844 τῆς
1497 1776 1752 1850 όρθρινῆς
1814 1773 2089 1848 ὑμνῳδίας
2121 1795 2166 1859 Β
2196 1795 2311 1848 τον,
2343 1775 2416 1837 ὡς
2447 1781 2563 1837 τοῖς
2598 1781 2864 1850 μοναχοῖς
2917 1775 3146 1844 σύνηθες
3198 1775 3276 1844 ὃν,
3310 1774 3402 1828 κᾶν
3443 1776 3503 1846 τῇ
3555 1769 3754 1840 ἐκκλησίᾳ

441 1863 534 1917 τὸν
570 1862 700 1936 ὑπὲρ
733 1867 828 1917 τοῦ
865 1864 1132 1936 βασιλέως
1164 1862 1383 1937 ψαλμὸν
1427 1864 1674 1939 metu,
1705 1865 1855 1938 μόνῳ
1914 1863 1971 1920 δὲ
2012 1869 2091 1938 τῷ

443 1951 703 2027 τρισαγίῳ
732 1952 822 2006 καὶ
852 1956 932 2023 τῷ
970 1951 1052 2006 ἐπ’
1084 1952 1228 2024 αύτῷ
1265 1953 1602 2026 μνημοσύνῳ
1651 1954 1901 2008 κελεῦσαι
1951 1974 2089 2027 προ-

445 2040 784 2113 οιμιάζεσθαι
821 2061 833 2073 ·
867 2039 1112 2114 δεύτερον
1147 2042 1208 2096 τὸ
1239 2044 1588 2117 προσκεῖσθαι
1627 2048 1740 2104 τοῖς
1785 2047 1882 2097 τοῦ
1916 2042 2091 2098 Σουλ-

442 2132 536 2185 ταν
585 2130 847 2202 εὐμενῶς,
882 2131 954 2192 ὡς
1004 2133 1092 2185 καί
1143 2152 1265 2204 σφιν
1325 2127 1527 2208 ἐφεῖναι
1583 2136 1663 2204 τῷ
1721 2132 1938 2207 λουτρῷ
1993 2138 2092 2201 τῆς

446 2219 740 2289 ἐκκλησίας
800 2229 1061 2294 συχνάκις
1098 2219 1438 2289 ἐλλούεσθαι,
1479 2221 1677 2294 τιμίων
1729 2223 2092 2296 χαρακτήρων

443 2313 674 2383 σταυροῦ
755 2309 928 2363 ἐκεῖσε
1001 2316 1118 2372 τοῖς
1191 2313 1502 2386 μαρμάροις
1582 2311 2090 2387 ἐγκεχαραγμένων,

442 2400 767 2474 Ἀγαρηνοῖς
829 2397 945 2452 οῦσι
1004 2400 1092 2453 καὶ
1149 2401 1418 2473 ἀμυήτοις
1453 2421 1466 2434 ·
1497 2403 1680 2477 τρίτον
1724 2403 1798 2464 ὡς
1848 2403 1936 2456 καὶ
1975 2406 2091 2463 τοῖς

441 2489 607 2540 υἱέσιν
638 2487 841 2541 ἐκείνου
870 2493 950 2559 τῷ
981 2487 1105 2560 ίδίῳ
1139 2496 1370 2565 μοναχῷ
1419 2489 1765 2564 μεταδιδόναι
1797 2497 1905 2545 τῶν
1939 2494 2091 2566 ἁγια-

441 2579 660 2648 σμάτων
721 2578 1046 2646 κελεύσειεν,
1079 2577 1285 2650 ἄδηλον
1348 2582 1404 2634 ὃν
1465 2581 1510 2636 εἰ
1565 2587 1646 2653 τῷ
1703 2583 1829 2654 θείῳ
1874 2581 2090 2654 λουτρῷ

440 2665 817 2737 ἐτελέσθησαν,
849 2667 938 2721 καὶ
978 2669 1040 2722 τὸ
1076 2666 1163 2723 ἐπὶ
1189 2669 1424 2738 τούτοις,
1459 2671 1534 2734 ὡς
1564 2671 1591 2724 6
1624 2670 1784 2733 αὐτὸς
1845 2671 2086 2725 Σουλτὰν

445 2867 651 2924 uodias.
691 2873 1011 2940 Imperator
1040 2869 1372 2926 convocatis
1431 2870 1531 2942 qui
1563 2871 1706 2927 forte
1764 2876 2083 2944 praesentes

441 2959 508 3013 ad
523 2958 759 3012 fuerunt
789 2972 818 3013 e
850 2957 1024 3027 clero,
1057 2959 1234 3014 simul
1257 2975 1464 3015 omnes
1487 2959 1856 3032 interogabat
1873 2963 2083 3033 ecquid

440 3063 729 3104 consensu
763 3050 819 3102 et
841 3048 1197 3104 conscientia
1253 3048 1519 3121 ipsorum
1578 3050 1968 3122 Epsetoputus
2027 3053 2085 3108 id

434 3137 667 3208 egisset.
702 3137 846 3191 Cum
897 3142 1092 3193 autem
1152 3155 1320 3194 nemo
1378 3143 1663 3194 annueret
1719 3139 2082 3197 audientium

438 3229 645 3297 praeter
672 3242 854 3280 unum
889 3230 988 3281 aut
1020 3225 1288 3296 alterum,
1347 3227 1418 3282 de
1465 3227 1740 3299 capitulis
1775 3234 2078 3300 perconta-

436 3315 628 3380 batur,
664 3313 960 3385 simulque
990 3315 1160 3384 cujus
1193 3319 1347 3371 esset
1377 3314 1829 3371 existimationis
1879 3319 1975 3388 qui
2011 3319 2083 3372 li-

438 3402 656 3457 bellum
685 3401 990 3457 obtulerat.
1023 3404 1105 3457 Ad
1142 3421 1207 3458 ea
1239 3403 1464 3459 clericis
1498 3405 1684 3460 datori
1743 3406 1981 3476 quidem
2012 3407 2082 3461 li-

437 3489 571 3544 belli
602 3490 894 3544 mediocre
925 3492 1331 3547 testimonium
1376 3493 1779 3562 reddentibus,
1838 3495 2084 3551 crimina

435 3593 570 3631 vero
601 3576 1041 3644 excusantibus,
1066 3579 1342 3650 opinatus
1362 3579 1559 3634 statim
1587 3580 1708 3634 ﬁeri
1745 3598 1860 3636 non
1913 3599 2083 3653 posse

437 3665 582 3736 quin
616 3665 856 3720 haberet
877 3667 1142 3722 conscios
1175 3669 1273 3738 qui
1307 3672 1537 3723 tantum
1571 3685 1633 3724 se
1678 3670 1736 3724 in
1787 3675 2078 3727 certamen

439 3757 604 3810 daret
631 3754 840 3826 cupide
872 3755 1154 3827 scriptum
1188 3756 1446 3812 oblatum
1482 3758 1688 3823 tenuit,
1713 3760 2080 3816 occasionem

436 3845 570 3900 inde
604 3843 715 3899 sibi
737 3846 1095 3900 nascituram
1122 3863 1421 3918 augurans
1442 3845 1648 3916 leonis,
1669 3849 1838 3919 cujus
1857 3855 2079 3906 tantam

437 3936 796 4006 experiretur
826 3933 1129 4003 saevitiam,
1188 3934 1247 3990 in
1296 3940 1582 4006 potestate
1641 3936 1912 3992 habendi.
1950 3938 2079 3994 Mox

434 4023 581 4078 diem
598 4023 956 4095 praescripsit
987 4025 1260 4079 examini.
1295 4025 1563 4096 Capitula
1595 4024 1788 4081 libello
1820 4044 2080 4099 compre-

432 4113 615 4168 hensa
647 4113 766 4167 haec
809 4114 988 4168 ferme
1019 4118 1206 4182 erant,
1240 4114 1521 4185 primum,
1549 4132 1616 4170 cx
1648 4116 1932 4188 principio
1953 4134 2077 4173 ma-

432 4202 635 4256 tutinae
663 4202 815 4257 258
849 4200 1178 4272 hymnodize
1239 4203 1534 4274 psalmum
1595 4221 1696 4274 pro
1728 4204 2079 4276 imperatore

433 4291 686 4345 recisum
713 4307 744 4344 a
771 4291 1370 4362 patriarcha,jubente
1396 4292 1519 4348 solo
1538 4293 1804 4364 Trisagio
1825 4299 1882 4349 et
1903 4312 2080 4366 super

435 4396 502 4435 eo
543 4379 1099 4436 commemoratione
1156 4381 1502 4452 prommium
1562 4381 1806 4437 absolvi.
1863 4385 2080 4438 Secun-

434 4469 602 4536 dum,
635 4467 886 4522 nimium
921 4485 982 4524 se
1013 4486 1371 4541 propensum
1403 4471 1820 4526 etfamiliarem
1847 4471 2075 4527 Sultani

2198 1865 2490 1935 τελεῖσθαι,
2551 1867 2640 1919 καὶ
2698 1864 2858 1927 αὐτὸς
2910 1863 3129 1936 ἀθετοίη
3192 1862 3354 1919 πάλιν
3407 1863 3473 1924 ὡς
3526 1858 3756 1934 αὐτάρκους

2201 1951 2486 2015 δοκοῦντος
2513 1951 2609 2008 τοῦ
2658 1955 2943 2030 τρισαγίου
3001 1953 3092 2008 σὺν
3147 1958 3225 2026 τῷ
3273 1951 3581 2026 μνημοσύνῳ
3608 1948 3666 2009 είς
3695 1949 3755 2001 εὖ·

2199 2050 2308 2118 χῆς
2341 2042 2686 2117 ἐκπλήρωσιν
2724 2063 2736 2075 ·
2768 2043 2858 2097 καί
2892 2041 3112 2104 δικαίως
3138 2041 3196 2097 ἂν
3257 2039 3685 2116 ἀπολογησόμενος
3727 2034 3758 2090 εἷ

2198 2131 2288 2186 καί
2343 2136 2504 2186 τοῦτο
2562 2129 2756 2201 τελοίη
2816 2132 2958 2186 οὕτω
3013 2131 3111 2186 τοῦ
3143 2128 3406 2206 βασιλέως
3435 2128 3651 2202 ἔχοντος,
3676 2129 3758 2182 πῶς

2202 2220 2259 2274 ἂν
2319 2218 2544 2282 δικαίως
2603 2219 2891 2295 ἐγκαλοῖτο
2941 2220 3202 2297 καθυφεὶς
3254 2223 3348 2274 τοῦ
3395 2213 3679 2283 παντός;τό
3721 2209 3759 2263 δὲ

2197 2308 2329 2372 τοὺς
2356 2313 2451 2363 τοῦ
2476 2309 2719 2364 Σουλτάν
2754 2307 2842 2362 ἐπὶ
2869 2314 2948 2380 τῷ
2976 2312 3200 2384 λουτρῷ
3233 2307 3475 2363 λούεσθαι
3523 2304 3652 2358 αὐτὸν
3693 2301 3756 2372 μὲν

2203 2400 2332 2471 μήτ’
2359 2396 2556 2453 εἰδέναι
2601 2401 2740 2470 μήτε
2793 2397 3059 2454 κελεύειν.
3094 2422 3124 2450 ‹‹
3158 2397 3303 2458 Τέως
3361 2393 3563 2454 δικαίως
3611 2390 3660 2444 ἂν
3700 2388 3761 2442 ὲκ-

2198 2487 2468 2542 κΑείοιντο
2498 2487 2716 2541 πάντων
2747 2486 2944 2541 ἐκεῖνοι
2977 2491 3084 2541 τῶν
3137 2484 3400 2560 λοετρῶν,
3430 2483 3529 2557 οὐχ
3567 2481 3694 2548 ἦττον
3738 2479 3758 2544 ἢ

2197 2581 2295 2632 τοῦ
2323 2580 2422 2642 τῆς
2452 2575 2770 2647 ἐκκλησίας,
2799 2575 2873 2638 ὠς
2896 2581 3004 2630 τῶν
3039 2573 3228 2630 ἄλλων
3275 2576 3408 2649 πρὸς
3461 2577 3564 2632 τοῖς
3607 2565 3758 2643 χαράτ-

2204 2689 2333 2742 μασι
2370 2671 2467 2722 τοῦ
2496 2671 2728 2741 σταυροῦ
2758 2668 2845 2721 καὶ
2899 2666 3128 2722 εἰκόνων
3189 2662 3573 2740 εὐμοιρούντων
3621 2657 3757 2733 ἁγίων.

2191 2875 2322 2927 tene
2345 2868 2701 2943 quiescebat.
2734 2867 2800 2922 At
2829 2867 3149 2938 imperator
3177 2864 3434 2921 admissa
3461 2861 3614 2920 semel
3640 2856 3755 2914 dela-

2193 2961 2351 3016 tione
2382 2957 2738 3031 scriptisque
2769 2954 3152 3012 accusatoriis
3186 2951 3448 3024 receptis,
3481 2961 3757 3021 congregra-

2195 3049 2278 3105 vit
2307 3049 2614 3121 episcopos
2642 3046 2890 3102 aliarum
2922 3043 3163 3100 urbium
3190 3043 3291 3116 qui
3331 3047 3467 3099 tunc
3495 3032 3757 3132 Constanti:

2197 3137 2393 3211 nopoli
2425 3142 2564 3193 sunt
2595 3135 2829 3207 reperti,
2861 3133 3064 3206 eisque
3093 3134 3165 3189 ad
3190 3131 3449 3188 notitiam
3475 3127 3656 3198 scripta
3677 3123 3755 3179 sibi

2197 3229 2411 3284 tradita
2434 3224 2699 3298 protulit,
2715 3227 2772 3280 et
2787 3226 2848 3279 ut
2867 3222 3262 3279 communiter
3282 3237 3476 3278 secum
3497 3214 3756 3275 considera-

2193 3322 2323 3374 rent
2353 3317 2494 3389 quid
2528 3315 2638 3371 sibi
2699 3318 2851 3370 esset
2896 3311 3236 3368 faciendum
3268 3310 3449 3383 petiit.
3493 3307 3600 3364 Non
3643 3300 3754 3358 enim

2190 3414 2316 3464 erat.
2345 3423 2451 3462 cur
2469 3404 2800 3460 ditl‘erretur
2822 3399 3124 3473 negotium
3149 3418 3265 3473 quo
3287 3400 3500 3455 dudum
3529 3391 3754 3466 aspirabat

2186 3499 2342 3552 viam
2375 3495 2659 3568 pandens,
2693 3493 2802 3548 eisi
2831 3508 2947 3547 non
2979 3491 3292 3548 videbatur
3312 3487 3588 3545 sufﬁciens
3607 3482 3662 3537 ad
3675 3484 3755 3533 ter-

2189 3586 2436 3641 rendum
2470 3582 2885 3655 patriarcham.
2921 3579 3020 3634 Ille
3081 3579 3324 3652 quippe,
3356 3581 3624 3646 utcunque
3649 3583 3754 3624 non-

2187 3676 2328 3730 dum
2360 3673 2576 3728 citatus
2615 3671 2684 3726 ad
2714 3688 2818 3742 pro
2851 3684 2913 3724 se
2940 3669 3284 3734 dicendum,
3319 3655 3753 3737 respondebatob-

2179 3763 2374 3835 jectis,
2401 3764 2470 3817 ad
2497 3761 2752 3833 primum
2787 3758 3021 3831 quidem
3056 3759 3130 3814 de
3156 3756 3406 3830 psalmo,
3437 3754 3584 3809 aiens
3609 3763 3658 3804 se

2186 3831 2400 3908 ctorem
2435 3831 2619 3906 fuisse
2649 3849 2819 3904 istius
2846 3845 3061 3919 psalmi
3093 3846 3203 3901 tali
3234 3852 3490 3917 tempore
3525 3831 3753 3896 cantandi,

2186 3946 2243 3997 et
2274 3957 2405 3995 cum
2438 3943 2610 3994 antea
2639 3936 2783 3992 solis
2814 3954 2847 3991 a
2879 3933 3190 3990 monachis
3231 3933 3289 3988 id
3340 3931 3459 3987 fieri
3488 3920 3752 3984 consueris-

2186 4035 2294 4096 set,
2332 4028 2586 4101 primum
2619 4042 2681 4082 se
2713 4025 2772 4080 in
2805 4023 3076 4081 Ecclesia
3107 4039 3282 4079 usum
3329 4019 3621 4076 induxisse.
3644 4006 3754 4067 259

2187 4119 2395 4175 Verum
2428 4116 2698 4173 eumdem
2733 4131 2795 4170 se
2826 4113 2883 4168 id
2918 4118 3124 4186 postea
3154 4111 3511 4183 improbasse
3551 4113 3755 4160 revocas-

2186 4222 2386 4278 seque,
2436 4205 2587 4276 quod
2651 4203 2919 4259 sulticere
2970 4201 3272 4256 videretur
3324 4196 3624 4269 Trisagium
3659 4199 3755 4243 cum

2186 4293 2740 4352 commemoratione
2771 4292 2844 4347 ad
2876 4289 3161 4347 orationis
3213 4287 3598 4370 expletionem.
3646 4281 3755 4370 Pw."

2186 4389 2343 4440 terea
2377 4384 2422 4439 si
2456 4383 2573 4438 alia
2603 4381 2738 4438 facti
2773 4380 2948 4451 hujus
2978 4379 3247 4435 defensio
3270 4379 3506 4443 deesset,
3530 4369 3617 4426 illa
3632 4365 3757 4465 se-uti

2179 4476 2344 4545 justa
2368 4473 2630 4545 potuisse
2654 4487 2833 4544 quam
2855 4471 3202 4541 suggereret
3218 4481 3468 4540 praesens
3486 4464 3647 4518 status
3680 4464 3757 4506 un-

437 4557 778 4627 praebuisse,
809 4557 953 4613 adeo
987 4566 1048 4612 ut
1078 4557 1129 4612 ei
1164 4563 1218 4613 et
1247 4559 1559 4615 comitibus
1588 4561 1920 4630 permiserit
1967 4580 2073 4617 εδδ·
2105 4536 2152 4600 D
2185 4562 2495 4636 peratoris;
2519 4562 2618 4632 qui
2649 4576 2764 4632 quo
2787 4559 2925 4631 jure
2957 4559 3123 4630 queri
3179 4560 3380 4630 posset
3432 4548 3688 4609 exclusum
3709 4552 3752 4636 Si

434 4646 565 4716 pius
598 4644 776 4700 lavari
809 4646 866 4699 in
901 4645 1127 4702 lavacro
1159 4647 1435 4713 ecclesiae,
1464 4649 1562 4703 ubi
1597 4657 1737 4704 sunt
1775 4649 1943 4721 signa
1984 4667 2076 4706 ve-

436 4735 708 4788 nerandae
739 4736 932 4790 crucis
963 4737 1360 4791 marmoribus
1404 4737 1719 4810 insculpta,
1780 4757 1913 4795 cum
1975 4741 2072 4796 isti

429 4829 629 4880 essent
657 4823 905 4896 Agareni
950 4830 1006 4880 et
1058 4825 1272 4882 Christi
1323 4827 1732 4896 mysteriorum
1789 4835 2070 4900 expertes.

439 4915 724 4983 Tertium,
753 4915 903 4985 quod
937 4913 1076 4970 ﬁliis
1107 4916 1236 4985 ejus
1266 4917 1689 4973 communicari
1741 4937 1841 4991 per
1899 4937 2069 4974 suum

433 5003 786 5058 monachum
820 5020 1016 5058 sacras
1052 5004 1429 5059 Eucharistiaa
1463 5006 1745 5078 reliquias
1769 5010 2070 5077 jussisset,

430 5110 562 5147 cum
597 5109 710 5146 non
744 5098 1038 5147 constaret
1069 5111 1138 5147 an
1169 5110 1334 5149 sacro
1369 5094 1660 5165 baptismo
1686 5098 1895 5152 initiati
1930 5099 2074 5152 fuis-

429 5187 582 5237 sent.
609 5186 1009 5252 Praetereaque
1042 5183 1167 5253 ipse
1198 5183 1390 5238 sultan
1443 5201 1575 5238 cum
1637 5185 1761 5240 suis
1821 5188 2074 5258 satrapis

433 5290 533 5342 per
574 5271 920 5326 matutinum
983 5273 1299 5343 splendidae
1363 5290 1701 5343 magnaeque
1760 5275 2072 5330 Dominicae

431 5361 775 5432 patriarcha:
812 5361 1046 5415 litanias
1080 5361 1396 5416 celebranti
1440 5361 1725 5416 adfuisset
1781 5369 1838 5418 et
1895 5365 2070 5419 simul

433 5451 690 5505 Litanias
717 5451 1172 5505 recitassetJlmc
1204 5456 1260 5504 et
1289 5450 1344 5504 id
1376 5465 1560 5521 genus
1583 5450 1691 5504 alia
1723 5451 1919 5508 libello
1949 5455 2070 5509 ine-

429 5546 760 5595 rant.Porro
778 5540 1116 5612 patriarcha:
1156 5540 1309 5594 haud
1358 5556 1777 5611 usquequaque
1808 5541 2068 5612 ignotum

428 5633 550 5685 erat
580 5631 715 5700 quid
751 5635 1086 5702 gereretur:
1120 5634 1316 5686 tamen
1350 5630 1400 5684 is
1433 5633 1623 5685 totum
1663 5631 1780 5687 Deo
1830 5633 2069 5703 permit-

2184 4631 2472 4725 particula
2502 4631 2756 4723 quadam
2787 4648 3328 4705 ecclesiasticarum
3378 4655 3611 4716 precum,
3638 4631 3754 4706 post-

2185 4759 2362 4814 quam
2399 4741 2685 4814 patienter
2712 4743 2768 4794 et
2797 4737 3053 4794 demisse
3084 4735 3472 4809 acquievisset
3497 4731 3756 4823 excontfll“:

2185 4832 2485 4899 nicationi,
2529 4848 2647 4902 qua
2701 4829 2965 4886 omnium
3023 4843 3328 4882 sacrorum
3392 4817 3758 4902 participatioae

2185 4927 2479 4978 arceretur
2506 4899 2648 4975 *ἶ-Αᾶ
2708 4916 2960 4974 sultanis
3017 4915 3266 4972 comites
3323 4909 3469 4984 quod
3523 4899 3753 4999 attineret.

2185 5012 2338 5066 lotos
2369 5026 2466 5065 eos
2498 5007 2754 5064 ecclesia:
2785 5005 2992 5062 balneo
3017 5004 3242 5060 nescire
3283 5018 3364 5072 se,
3397 5012 3570 5070 neque
3596 4991 3754 5057 idjus'

2191 5099 2658 5155 sisse.Ca3terum
2689 5097 2740 5152 si
2771 5095 3023 5167 allegata
3051 5093 3201 5149 ratio
3231 5089 3459 5154 valeret,
3504 5076 3754 5170 excluden-

2184 5190 2291 5244 dos
2320 5205 2418 5244 eos
2449 5204 2578 5243 esse
2607 5187 2832 5242 cunctis
2863 5184 3081 5256 pariter
3112 5181 3278 5237 urbis
3299 5175 3532 5244 balneis,
3554 5185 3649 5227 non
3675 5178 3754 5218 rm-

2185 5294 2296 5330 nus
2327 5293 2504 5346 quam
2536 5274 2634 5330 illo
2667 5274 2821 5346 quod
2856 5273 2924 5328 ad
2957 5270 3266 5328 ecclesiam
3296 5264 3604 5340 pertineret,
3651 5262 3749 5345 συξη

2183 5365 2307 5420 alias
2339 5379 2573 5436 quoque
2617 5364 2879 5433 thermae,
2940 5364 3327 5433 praeterquam
3385 5351 3554 5425 signis
3605 5349 3748 5436 crucis

2182 5435 2489 5524 insculpta:
2523 5452 2663 5518 sint,
2689 5452 2871 5508 sacris
2902 5450 3075 5506 etiam
3111 5445 3463 5518 imaginibus
3503 5435 3746 5523 ornentur.

2181 5543 2238 5599 Si
2273 5548 2467 5599 autem
2501 5542 2557 5596 id
2590 5559 2705 5597 non
2739 5541 2934 5597 obstat
2954 5537 3278 5609 quominus
3316 5533 3408 5603 iis,
3439 5528 3746 5615 quantum)?”

2180 5649 2323 5688 verae
2357 5629 2661 5702 religionis
2691 5628 3049 5701 expertibus,
3079 5639 3228 5679 usus
3259 5619 3606 5694 permittatur
3638 5603 3746 5662 allo-
