4018 6198
198 311 314 364 705

1247 315 1344 366 DE
1382 315 1753 371 MICHAELE
1791 315 2238 374 PALBOLOGO
2273 321 2407 374 LIB.
2448 323 2547 376 IV.

3510 341 3620 396 706

193 432 257 490 Εἰ
325 431 378 488 δὲ
431 431 617 487 τᾶλλα
673 432 851 510 σφίσιν
911 436 1119 490 ἀνεῖται
1175 435 1265 490 καὶ
1294 431 1542 492 ἀσεϐέσιν
1577 434 1748 506 οὖσιν,
1779 436 1854 498 εἷς
1887 446 1938 512 Α
1968 437 2021 500 ές
2082 442 2243 513 μέσον
2293 447 2505 520 παριὼν
2536 446 2630 499 τὸν
2681 444 2944 505 λίϐελλον
2997 451 3331 530 προῦτεινεν,
3360 461 3386 513 6
3419 459 3466 514 δ’
3496 465 3618 519 cive.

191 524 243 580 τί
279 529 374 579 τοῦ
402 527 503 593 τῆς
536 523 833 595 ἐκκλησίας
883 523 1190 598 λουτρῶνος
1223 523 1693 601 ἐκδιωχθήσονται
1721 556 1734 598 ;
1787 531 1861 586 Τὸ

196 612 255 668 δὲ
302 618 381 686 τῷ
434 613 685 670 Σουλτάν
718 617 808 670 καὶ
839 621 958 677 τοῖς
1001 615 1169 672 υἱέσιν
1203 617 1274 677 ὡς
1306 621 1660 690 Χριστιανοῖς
1694 637 1860 692 προσ-

193 704 450 778 φέρεσθαι
499 703 805 780 ἀρχιερέως
859 707 952 778 μὲν
999 710 1402 780 μαρτυροῦντος
1435 711 1530 760 τοῦ
1583 703 1862 768 Πισσιδίας

194 790 488 854 ἀνεύθυνον
537 792 725 862 οἴμαι⁶
786 791 830 848 εἰ
891 790 938 846 δ’
995 791 1182 854 ἄλλως
1241 791 1560 869 ἐλέγχοιντο
1617 789 1858 867 ἔχοντες,

194 880 406 935 ἐκείνου
457 879 549 934 καὶ
582 879 775 952 μόνου,
808 879 934 934 ἀλλ’
968 879 1070 938 οὐκ
1095 880 1228 953 ἐμὸν
1257 881 1322 936 τὸ
1372 881 1793 954 πλημμέλημα,
1835 908 1854 936 ιι

189 968 355 1026 Ἀλλ’
416 970 529 1043 οὐχ
587 970 746 1024 ἰκανά
801 973 973 1024 ταῦτα
1014 975 1131 1032 τοῖς
1181 971 1319 1048 ἀμφὶ
1350 973 1442 1026 τὸν
1479 967 1705 1045 βασιλέα
1735 969 1859 1026 ἐδό-

187 1080 320 1113 κουν
380 1058 479 1122 τὰς
535 1057 758 1122 εὐθύνας
816 1058 1087 1129 ἐξελέσθαι
1145 1061 1225 1131 τῷ
1301 1061 1659 1135 πατριάρχῃ,
1714 1060 1862 1116 ἀλλὰ

192 1145 427 1202 σύνοδον
482 1143 652 1215 ἤθελε
705 1154 1022 1222 συγκροτεῖν
1083 1147 1134 1218 ἐξ
1194 1150 1442 1204 ἀπάντων
1501 1154 1609 1204 τῶν
1667 1152 1858 1226 ἀρχιε-

192 1237 355 1309 ρέων,
418 1238 704 1309 παρόντων
747 1235 993 1301 ἐνταῦθα
1050 1237 1141 1292 καὶ
1195 1242 1555 1313 πατριαρχῶν
1595 1236 1712 1307 δύο,
1765 1243 1861 1294 τοῦ

186 1347 244 1380 τε
278 1323 694 1399 Ἀλεξανδρείας
723 1326 1006 1384 Νικολάου
1055 1326 1146 1382 καὶ
1199 1330 1295 1380 τοῦ
1353 1327 1694 1402 Ἀντιοχείας
1753 1328 1860 1385 Εὐ-

189 1413 417 1484 θυμίου.
475 1413 638 1478 Ὅθεν
671 1414 761 1469 καὶ
797 1411 1108 1488 βασιλικαῖς
1143 1409 1445 1478 συλλαϐαῖς
1476 1415 1860 1488 μετεστέλλετο

189 1503 320 1566 τοὺς
382 1503 663 1578 ἀρχιερεῖς
715 1503 1076 1578 πανταχόθεν,
1135 1503 1274 1558 ὥστε
1318 1505 1719 1578 παρῳχηκυίας
1763 1507 1862 1573 τῆς

191 1589 400 1667 ἒορτ-ῆς
432 1593 803 1666 ἀνυπερθέτως
851 1591 1090 1662 ἀπαντᾷν
1143 1592 1367 1661 πάντας,
1419 1591 1693 1665 μηδεμιᾶς
1723 1613 1862 1669 προ-

195 1681 418 1758 φάσεως
470 1680 900 1756 ἀποχρησοόσης
957 1681 1094 1751 πρὸς
1135 1682 1488 1756 παραίτησιν.
1539 1685 1686 1755 Ἀμα
1732 1689 1858 1758 γοῦν

1965 529 2232 602 γινώσκτο
2292 530 2380 586 ἐπὶ
2438 535 2693 592 πάντων.
2752 537 2859 592 Καὶ
2920 539 3034 594 ἐπεὶ
3094 541 3267 599 ἐδόκει
3315 529 3618 622 προκαλεῖ-

1967 618 2086 671 σθαι
2137 620 2226 674 καὶ
2266 621 2357 674 τὸν
2390 622 2764 699 πατριάρχην,
2814 625 3121 700 πέμποντες
3169 640 3314 707 τρεῖς
3369 638 3464 709 μὲν
3513 646 3619 695 τῶν

1967 706 2290 782 ἀρχιερέων,
2322 717 2470 785 τρεῖς
2500 709 2558 766 δὲ
2585 720 2693 768 τῶν
2731 714 3012 790 κληρικῶν
3045 706 3418 793 προσεκάλουν
3449 729 3623 783 ἀπαν-

1965 800 2202 867 τήσοντα
2247 801 2384 876 πρὸς
2431 801 2728 880 ἀπόλογον.
2780 807 2842 863 Ὁ
2881 805 2927 861 δ’
2975 809 3187 866 ἀνένευε
3228 815 3476 891 πάμπαν,
3531 821 3621 875 καί

1965 907 2027 979 γε
2053 889 2229 962 κρίσιν
2265 891 2359 961 μὲν
2411 893 2487 963 μὴ
2517 898 2918 968 παραιτεῖσθαι,
2950 899 3152 973 τρόπον
3192 900 3249 957 δὲ
3277 889 3504 979 κρίσεως
3532 911 3618 964 καὶ

1965 975 2133 1069 τόπον
2165 979 2254 1034 καὶ
2296 983 2564 1054 πρόσωπα
2611 985 2824 1061 φεύγειν
2878 987 3056 1064 ἔλεγε,
3104 992 3194 1048 καὶ
3246 993 3490 1069 δικαίως,
3551 1004 3624 1064 ὡς

1969 1062 2199 1160 οἴεσραυ
2249 1071 2598 1146 πατριάρχην
2633 1074 2727 1145 μὲν
2777 1076 2876 1150 γὰρ
2907 1078 3176 1152 κρίνεσθαι
3208 1084 3478 1157 παρόντος
3529 1090 3624 1160 μὲν

1972 1151 2266 1226 βασιλέως,
2298 1157 2581 1231 παρόντων
2615 1157 2672 1215 δὲ
2706 1166 3037 1236 μεγιστάνων
3083 1169 3172 1221 καὶ
3206 1178 3506 1244 κοσμικῶν,
3529 1151 3623 1230 ’καὶ

1967 1238 2019 1293 ἐν
2053 1242 2398 1318 ἀνακτόροις,
2429 1245 2519 1300 καὶ
2567 1253 2736 1303 ταῦτα
2765 1251 2856 1304 καὶ
2890 1253 3159 1326 βασιλέως
3190 1257 3362 1320 οὕτως
3396 1260 3624 1335 ἔχοντος

1964 1329 2054 1384 καὶ
2086 1331 2162 1393 εἷς
2195 1330 2396 1404 ἄμυναν
2426 1335 2899 1411 προειλημμένου,
2934 1341 3034 1397 οὐκ
3063 1343 3210 1414 ἄξιον
3250 1346 3375 1402 οὐδὲ
3403 1321 3508 1403 τιάλν
3543 1351 3625 1406 δι-

1964 1417 2131 1474 καίων
2183 1422 2314 1478 εἶναι
2361 1424 2424 1478 τὸ
2457 1425 2694 1497 σύμπαν.
2728 1433 2904 1484 Ταῦτα
2931 1432 3068 1504 πρὸς
3103 1434 3229 1496 τοὺς
3279 1437 3627 1513 ἀπεσταλμέ-

1965 1528 2090 1569 νους
2117 1515 2212 1563 τοῦ
2251 1514 2599 1587 πατριάρχου
2632 1514 2912 1589 λέγοντος,
2946 1525 3128 1595 γραφῇ
3165 1521 3406 1580 ἐδίδοντο
3437 1528 3502 1582 τὰ
3534 1529 3624 1583 λε·

1964 1596 2192 1693 γόμιενα,
2225 1600 2302 1693 ὡς
2333 1602 2408 1672 μή
2440 1622 2490 1656 τι
2525 1608 2982 1693 συκοφαντηθείη.
3015 1612 3082 1666 Οἱ
3115 1609 3162 1665 δ’
3197 1615 3626 1693 ὑποστρέφοντες

1967 1682 2202 1754 ἐδήλουν
2237 1687 2410 1744 πάντα
2461 1693 2575 1762 μετ’
2608 1692 2900 1757 ἀσφαλείας
2942 1703 3060 1759 τοῖς
3106 1682 3481 1775 ἀποστείλασί,
3535 1710 3626 1763 καὶ

189 1769 396 1842 τελείῳ
438 1769 535 1844 ἦρι
585 1775 906 1844 συνήγοντο,
961 1771 1048 1826 καὶ
1091 1773 1159 1832 τὰ
1205 1771 1342 1827 κατά
1387 1773 1478 1826 τὸν
1512 1773 1859 1848 πατριάρχην
1892 1804 1936 1868 Β
1967 1772 2244 1851 σύλλογος
2280 1775 2547 1835 διελύετο.
2601 1780 2778 1837 Τοῦτο
2810 1781 2893 1845 δὶς
2944 1787 3056 1840 εἶτα
3101 1789 3192 1843 καὶ
3236 1793 3352 1866 τρὶς
3403 1769 3626 1869 γεγονὸς

1971 1856 1994 1876 π

196 1865 552 1934 συναχθεῖσιν
583 1858 1004 1932 ἐπιμελέστερον
1035 1860 1285 1917 ἐκινεῖτο.

196 2001 258 2062 δ’.
290 2005 492 2065 ’Ὅπως
523 2002 611 2058 καὶ
644 2002 780 2058 ὅπου
813 2003 1107 2073 ἐζῃτοῦντο
1138 2004 1205 2059 τὰ
1233 2005 1368 2060 κατά
1396 2005 1486 2063 τδν
1512 2007 1856 2083 πατριάρχην

888 2078 1182 2151 Ἀρσένιον.

264 2219 452 2282 Τόπος
483 2216 540 2273 δὶ
565 2225 667 2287 τῆς
697 2217 873 2273 αὐτῶν
909 2216 1136 2274 συνόδου
1169 2219 1197 2274 ὁ
1233 2220 1516 2293 βασιλικὸς
1548 2220 1860 2294 Ἀλεξιακὸς

193 2308 483 2383 τρίκλινος
513 2307 604 2378 ἦν,
632 2306 722 2362 ’ἱνα
751 2308 840 2363 καὶ
871 2305 1223 2383 προύκᾶθητο
1259 2311 1354 2382 μὲν
1388 2311 1416 2364 6
1463 2315 1697 2384 κρατῶν,
1730 2333 1860 2388 συγ-

195 2399 495 2467 καθέζοντο
525 2394 585 2452 δὲ
629 2398 716 2451 καὶ
751 2397 804 2450 οἱ
839 2403 1154 2470 μεγιστᾶνες
1199 2398 1288 2452 καὶ
1320 2398 1444 2452 ὅσον
1473 2397 1525 2454 έν
1561 2400 1858 2474 ἀξιώμασιν

196 2487 283 2555 ἦν,
308 2484 664 2560 συνεδρίαζον
685 2487 770 2556 [Ρ.
800 2487 925 2558 176]
948 2483 994 2540 δ’
1018 2487 1070 2540 οἱ
1093 2485 1390 2562 ἀρχιερεῖς,
1421 2489 1512 2544 καὶ
1543 2494 1648 2544 πᾶν
1678 2490 1741 2544 τὸ
1761 2496 1863 2559 τῆς

198 2573 520 2650 συγκλήτου
569 2574 919 2650 παρίσταντο.
985 2581 1231 2644 Συνῆσαν
1273 2572 1330 2629 δὲ
1384 2575 1474 2630 καὶ
1522 2575 1627 2630 ἀπὸ
1675 2582 1860 2631 πασῶν

193 2670 300 2720 τῶν
341 2669 527 2738 μονῶν
563 2665 613 2720 οἱ
645 2660 984 2739 προῦχοντες
1017 2665 1278 2740 μονήρεις
1312 2666 1521 2737 συνάμα
1564 2671 1680 2727 τοῖς
1710 2671 1858 2744 σφῶν

193 2758 565 2828 προεστῶσιν.
627 2751 788 2808 Ἀλλ’
839 2749 967 2807 οὐδὲ
1021 2753 1084 2806 τὸ
1140 2759 1238 2822 τῆς
1295 2751 1575 2818 πολιτείας
1633 2752 1758 2810 ὅσον
1789 2755 1860 2824 ἦν

194 2843 494 2923 περιφανὲς
543 2842 632 2898 καὶ
693 2839 864 2912 δῆλον
917 2842 1078 2911 ἀπῆν.
1140 2843 1243 2898 Καὶ
1300 2844 1326 2898 6
1381 2843 1476 2916 μὲν
1535 2848 1856 2921 κατηγορῶν

195 3061 324 3104 rum
361 3041 908 3114 lavacrornm,quid
941 3047 1032 3100 est
1060 3059 1165 3098 cur
1204 3041 1566 3113 repellantur
1585 3045 1658 3100 ab
1682 3044 1859 3101 eccle-
1891 3053 1933 3116 ρ
1972 3061 2212 3104 causam
2237 3049 2570 3106 dicendam.
2594 3052 2694 3109 Ille
2717 3057 2914 3112 autem
2935 3058 3176 3116 omnino
3197 3062 3395 3119 venire
3414 3069 3608 3123 renuit

193 3133 294 3189 sia:
351 3131 611 3190 balneo?
663 3130 930 3203 Denique
979 3147 1114 3188 cum
1166 3131 1397 3188 sultane
1443 3137 1500 3188 et
1545 3134 1673 3204 ejus
1722 3133 1864 3191 ﬁliis

193 3227 489 3294 tanquam
520 3237 656 3277 cum
703 3220 1060 3277 Christianis
1101 3220 1294 3292 egisse
1342 3221 1865 3294 irreprehensibile

192 3309 703 3382 videri,quoniam
733 3309 792 3366 id
827 3313 1066 3366 auctore
1095 3310 1305 3368 idoneo
1336 3310 1559 3380 iecerit,
1592 3312 1862 3384 episcopo

194 3400 478 3458 videlicet
506 3398 741 3458 Pisidia-
772 3397 922 3455 tales
953 3398 1085 3456 illos
1116 3416 1245 3456 esse
1273 3403 1546 3457 testante.
1595 3403 1760 3466 Quod
1810 3403 1862 3459 si

189 3491 323 3558 jam
348 3490 700 3546 ostendatur
719 3505 1090 3560 nequaquam
1105 3489 1266 3559 ipsos
1282 3488 1461 3545 fuisse
1474 3489 1858 3558 Christianos,

189 3578 275 3634 illi
310 3578 431 3635 soli
465 3578 839 3646 ascribenda,
873 3594 988 3634 non
1022 3577 1166 3632 mihi
1200 3578 1330 3648 ejus
1364 3579 1500 3634 facti
1531 3578 1704 3650 culpa
1736 3581 1857 3636 fue-

187 3668 285 3724 rit.
321 3668 443 3723 Sed
475 3667 561 3722 hae
594 3667 965 3723 defensiones
1026 3666 1370 3738 imperatori
1413 3684 1528 3723 non
1577 3668 1858 3724 videban-

188 3762 286 3813 tur
313 3757 689 3813 sufﬁcientes
716 3757 788 3812 ad
819 3755 1197 3827 purgandum
1244 3756 1640 3826 patriarcham
1692 3773 1705 3811 :
1757 3775 1858 3813 ve-

194 3863 327 3902 rum
349 3845 611 3902 decrevit
643 3860 1000 3916 congregare
1025 3846 1316 3916 synodum
1341 3844 1604 3900 omnium
1623 3846 1857 3901 antisti-

191 3939 343 4004 tum,
380 3933 479 3990 cui
502 3933 853 3989 interessent
877 3933 992 3989 duo
1026 3933 1395 4004 patriarchae,
1427 3933 1857 3992 Alexandrinus

186 4023 474 4080 Nicolaus
503 4027 562 4078 et
587 4022 991 4080 Antiochenus
1021 4023 1395 4094 Euthymius.
1429 4025 1631 4094 Itaque
1677 4023 1856 4094 regiis

193 4112 415 4169 litteris
437 4111 779 4170 convocavit
801 4111 1062 4183 undique
1085 4113 1365 4183 praesules
1387 4116 1452 4168 ut
1478 4117 1611 4183 post
1639 4113 1853 4168 festum

187 4203 317 4259 sine
355 4218 524 4258 mora
553 4201 952 4268 convenirent,
988 4189 1150 4256 nullo
1182 4205 1461 4271 praetextu
1494 4202 1567 4256 ad
1618 4217 1852 4257 recusa-

190 4292 419 4347 tionem
457 4291 610 4348 260
641 4291 982 4347 suffectura.
1017 4288 1193 4345 Pleno
1244 4289 1427 4361 igitur
1469 4307 1599 4346 vere
1648 4306 1852 4346 conve-

191 4383 437 4445 nerunt,
468 4384 526 4434 et
556 4395 732 4434 causa
763 4376 1107 4450 patriarcha;
1139 4376 1405 4432 ventilari
1446 4395 1480 4433 a
1529 4393 1853 4449 congrega-

190 4469 269 4526 tis
300 4473 399 4528 est
429 4472 641 4540 coepta.

190 4568 243 4624 4.
278 4567 520 4636 Quando
541 4571 596 4622 et
641 4566 739 4624 ubi
784 4566 1087 4692 quaeritatis;
1133 4567 1199 4621 de
1242 4565 1574 4637 patriarcha
1620 4569 1852 4624 Arscm'o

981 4655 1032 4692 St
1062 4680 1073 4692 .

981 4655 1073 4694 su.

264 4739 462 4794 Locus
494 4738 700 4810 synodi
731 4739 958 4810 regium
990 4736 1325 4794 Alexiacum
1357 4737 1683 4793 triclinium
1715 4739 1850 4809 tuit,

192 4827 264 4882 ad
307 4828 366 4883 id
409 4826 675 4883 delectus
707 4833 772 4883 ut
803 4827 1113 4898 praesidere
1145 4831 1344 4898 posset
1375 4826 1714 4896 imperator.
1747 4831 1852 4883 As-

194 4917 478 4973 sidebant
498 4921 558 4972 et
577 4915 723 4973 aulae
757 4922 1152 4986 magnates,ac
1182 4919 1471 4986 quotquot
1500 4914 1561 4970 in
1593 4915 1854 4986 dignita-

193 5005 358 5062 tibus
390 5009 577 5073 erant,
611 5005 786 5062 simul
814 5023 950 5062 cum
982 5005 1296 5076 episc0pis.
1332 5005 1552 5059 Aderat
1575 5009 1633 5060 et
1681 5021 1853 5060 sena-

193 5098 294 5150 tus
327 5094 665 5162 universus,
699 5099 757 5151 et
785 5111 852 5150 ex
883 5095 1114 5150 cunctis
1147 5093 1520 5150 monasteriis
1572 5092 1852 5164 praecipui

195 5183 631 5238 monachorum
693 5200 826 5239 cum
880 5183 1006 5238 suis
1055 5182 1270 5254 quique
1332 5181 1694 5254 praepositis;
1746 5198 1851 5238 nec

196 5271 450 5326 aberant
477 5272 758 5328 clariores
790 5272 1258 5340 illustrioresque
1288 5271 1525 5328 civium.
1559 5271 1628 5327 Et
1672 5288 1851 5328 accu-

191 5364 362 5416 sator
385 5361 628 5432 quidem
649 5361 710 5417 in
735 5361 994 5419 medium
1020 5361 1295 5433 prodiens
1315 5360 1582 5417 libellum
1615 5360 1846 5417 obtulit.

193 5452 250 5505 Is
283 5450 522 5506 cunctis
552 5451 940 5507 audientibus
969 5451 1250 5507 recitatus
1279 5454 1554 5506 est.Tunc
1584 5467 1719 5506 cum
1761 5467 1848 5507 es-

190 5547 285 5596 set
331 5540 525 5597 vium
587 5541 758 5598 citari
805 5540 1019 5598 debere
1079 5539 1498 5610 patriarcham,
1547 5540 1849 5598 mittentes

190 5632 320 5685 tres
353 5628 658 5703 epieccpos
687 5634 746 5687 et
773 5633 894 5688 tres
925 5628 1168 5686 clericos
1198 5627 1396 5702 ipsum
1443 5632 1728 5686 vocarunt
1777 5631 1848 5688 ad

1968 1865 2029 1915 ἓκ
2082 1883 2244 1917 τινων
2296 1871 2596 1940 καιριακῶν
2657 1865 3072 1944 διαλειμμάτων
3133 1865 3318 1949 (ἔμελε
3374 1865 3488 1956 γάργ
3534 1885 3624 1937 καὶ

1966 1951 2208 2006 κανόνων
2248 1951 2477 2019 ἐκείνοις
2503 1961 2728 2012 τοιαῦτα
2755 1959 3109 2036 πράττουσιν)
3157 1965 3314 2021 οόὶὲν
3345 1951 3410 2036 ἦν
3448 1951 3622 2025 ’πλέον

1969 2037 2030 2094 ἐκ
2077 2040 2284 2096 τούτων
2335 2042 2416 2099 ὅτι
2479 2047 2557 2114 μὴ
2588 2047 2680 2101 τὸν
2734 2051 3077 2126 πατριάρχην
3109 2061 3482 2128 παραιτεῖσθαι
3529 2063 3620 2115 τὸν

1966 2128 2170 2202 τρόπον
2217 2135 2319 2198 τῆς
2365 2133 2616 2208 κρίσεως,
2659 2135 2789 2199 τοὺς
2823 2135 2867 2193 δ’
2911 2139 3351 2200 ἀντεπιστέλλειν
3410 2145 3618 2222 ἐκείνῳ,

1970 2218 2043 2280 ὡς
2076 2219 2561 2297 ἐπιστημονάρχου
2612 2230 2708 2280 τοῦ
2759 2227 3030 2302 βασιλέως
3072 2231 3207 2286 εἶναι
3238 2218 3622 2309 δικαιουμένου

1969 2305 2022 2360 ἐν
2047 2314 2165 2370 τοῖς
2211 2308 2688 2380 ὲκκλησιαστικοῖς
2739 2316 3041 2391 πράγμασι,
3099 2322 3174 2392 μὴ
3231 2305 3625 2381 δίκαιον-εἶναι

1973 2399 2104 2474 μηδ’
2136 2398 2365 2476 εὔλογον
2394 2404 2464 2458 τὰ
2489 2409 2714 2461 τοιαῦτα
2747 2407 2953 2482 μέγιστ’
2984 2407 3113 2466 ὄντα
3166 2411 3299 2488 δίχα
3337 2417 3625 2490 βασιλικῆς

1971 2489 2279 2552 ἐπιστασίας
2308 2494 2594 2556 κινεῖσθαι.

1974 2639 2028 2688 ε’.
2062 2634 2330 2724 ’Όπωςυὸ
2383 2636 2735 2724 πατριάρχης
2771 2639 2920 2724 ’πρὸς
2967 2641 3193 2724 βασιλέα
3236 2645 3486 2724 ἀφίκοιτο
3535 2650 3624 2706 καὶ

2269 2706 2421 2768 ὅπως
2452 2706 2598 2782 παρὰ
2628 2706 3310 2792 μικρὸνπαραλογισθείή.

2042 2846 2130 2902 Ἐν
2183 2845 2295 2920 ὅσῳ
2328 2845 2385 2903 δὲ
2425 2851 2575 2905 ταῦτ’
2623 2849 2936 2926 ἐπράττετο,
2987 2855 3246 2928 ἐννοήσας
3298 2863 3325 2916 ὁ
3357 2866 3624 2940 πατριάρ-

3615 3115 3627 3139 3

1971 3152 2106 3192 cum
2133 3138 2354 3194 diceret
2378 3139 2666 3208 judicium
2713 3143 2951 3214 quidem
3003 3145 3160 3204 haud
3211 3168 3273 3206 se
3325 3170 3618 3225 recusare,

1970 3225 2214 3281 modum
2244 3229 2444 3282 autem
2477 3232 2534 3284 et
2580 3229 2774 3287 locum
2818 3233 3031 3303 judicii
3077 3253 3479 3312 personasque
3530 3245 3620 3300 {u-

1969 3329 2139 3384 gere,
2180 3332 2213 3370 a
2248 3331 2367 3388 qua
2396 3318 2734 3390 exceptione
2755 3322 2911 3392 juris
2959 3326 3184 3397 species
3234 3344 3346 3384 non
3399 3332 3621 3391 aberat.

1969 3403 2116 3459 Nam
2150 3404 2411 3474 judicari
2461 3406 2858 3477 patriarcham
2909 3420 3194 3483 prasente
3244 3416 3618 3490 imperatore,

1968 3494 2356 3562 praesentibus
2386 3496 2774 3567 optimatibus
2794 3505 2851 3555 et
2879 3503 3266 3560 saecularibus
3327 3513 3618 3579 personis,

1966 3581 2146 3652 idque
2174 3581 2235 3638 in
2265 3583 2504 3654 palatio,
2538 3588 2866 3657 praesertim
2899 3590 3256 3663 imperatore
3280 3597 3363 3651 sic
3394 3603 3620 3656 consti-

1967 3674 2093 3726 tuto
2123 3674 2180 3726 et
2210 3670 2403 3743 palam
2439 3676 2808 3732 occasionem
2843 3677 3109 3737 vindictae
3141 3688 3432 3755 captante,
3469 3689 3622 3743 indi-

1965 3775 2148 3829 gnum
2179 3761 2508 3830 videbatur,
2531 3769 2588 3819 et
2618 3770 2738 3820 tota
2766 3783 2860 3822 res
2888 3767 3086 3839 inique
3135 3781 3490 3845 comparata.
3542 3778 3618 3834 Ea

1967 3865 2140 3918 porro
2162 3847 2439 3920 loquente
2460 3852 2790 3922 patriarcha
2823 3856 3025 3913 missis
3047 3875 3078 3914 a
3101 3863 3344 3932 synodo,
3378 3873 3617 3936 excepta

1965 3941 2107 3991 sunt
2126 3937 2344 4008 scripto
2367 3940 2544 3995 verba
2565 3941 2794 4012 ejus,ne
2817 3946 2956 4014 quid
2981 3947 3288 4004 calumnias
3305 3951 3617 4008 interveni-

1964 4033 2069 4080 ret.
2105 4027 2246 4082 Inde
2277 4029 2378 4098 qui
2409 4029 2580 4085 missi
2613 4031 2846 4086 fuerant
2873 4034 3185 4091 redeuntes
3219 4040 3286 4092 ad
3324 4043 3617 4111 synodum

1962 4118 2173 4169 cuncta
2193 4130 2263 4170 ex
2284 4117 2396 4172 ﬁde
2418 4116 2743 4174 retulerunt
2764 4121 2835 4175 ad
2859 4138 2958 4176 eos
2981 4124 3082 4194 qui
3109 4125 3410 4196 miserant,
3431 4135 3484 4184 et
3509 4149 3619 4186 cm-

1959 4207 2057 4258 tus
2087 4202 2317 4260 solutus
2348 4210 2456 4261 est.
2491 4207 2653 4263 Idem
2684 4208 2894 4264 iterum
2927 4216 2983 4266 et
3012 4214 3183 4269 tertio
3233 4223 3322 4271 est
3375 4219 3615 4291 factum,

1959 4292 2136 4348 certis
2180 4292 2504 4352 intervallis
2535 4298 2822 4369 temporis
2854 4299 3217 4372 interpositis
3253 4323 3265 4359 :
3300 4308 3621 4366 studebant

1963 4381 2121 4437 enim
2138 4383 2239 4454 qui
2256 4383 2377 4439 hac
2395 4385 2670 4456 agebant,
2694 4387 2839 4442 nihil
2859 4389 3128 4447 omittere
3146 4409 3346 4451 eorum
3366 4414 3492 4468 quae
3517 4416 3618 4456 ca-

1965 4488 2149 4528 nones
2164 4473 2219 4528 in
2235 4489 2302 4529 eo
2315 4489 2528 4545 genere
2553 4476 2960 4546 praescribunt.
2987 4480 3269 4537 Caeterum
3287 4485 3432 4540 nihll
3457 4486 3613 4544 aliud

1961 4578 2032 4616 ex
2053 4561 2198 4617 281
2231 4563 2304 4616 iis
2329 4562 2826 4621 missitationibus
2856 4571 2915 4621 et
2946 4571 3241 4640 responsis
3264 4573 3395 4628 elici
3428 4578 3618 4646 potuit

1961 4649 2078 4704 nisi
2109 4647 2422 4721 displicere
2453 4652 2794 4722 patriarchae
2821 4655 3029 4724 judicii
3066 4660 3329 4727 modum,
3363 4667 3420 4719 et
3451 4667 3522 4720 ob
3555 4665 3612 4721 id

1962 4753 2302 4808 comparere
2335 4754 2622 4797 recusare.
2653 4746 2730 4798 At
2758 4759 2885 4813 quae
2919 4743 3027 4800 hoc
3067 4752 3192 4802 erat
3233 4754 3473 4808 Patrum
3524 4771 3614 4810 re-

1962 4843 2248 4898 sponsum
2281 4828 2628 4898 patriarchas
2660 4847 2761 4901 per
2785 4834 3066 4890 remissos
3098 4837 3170 4891 ad
3202 4839 3399 4909 ipsum
3444 4861 3615 4899 voca-

1961 4921 2118 4971 tores
2149 4917 2465 4985 redditum,
2496 4935 2630 4974 cum
2665 4920 2742 4976 sit
2770 4921 2910 4977 olim
2942 4923 3340 4984 existimatum
3373 4948 3606 5002 aequum

1963 5005 2302 5076 imperatori
2335 5007 2514 5062 tribui
2549 5009 2873 5082 principem
2923 5011 3120 5069 locum
3173 5017 3230 5072 in
3280 5021 3611 5088 cognitione

1963 5110 2159 5150 rerum
2208 5094 2758 5166 ecclesiasticarum,
2813 5117 2920 5157 nec
2961 5103 3188 5172 justum
3243 5124 3349 5162 nec
3401 5112 3610 5167 rationi

1963 5189 2422 5242 consentaneum
2446 5203 2596 5255 esse,
2621 5205 2750 5261 quea
2772 5207 2840 5246 ex
2859 5208 2926 5248 eo
2947 5208 3160 5264 genere
3191 5199 3424 5270 negotia
3455 5219 3612 5257 nunc

1962 5276 2345 5346 agitarentur,
2406 5277 2652 5333 maximi
2707 5280 2920 5352 utique
2976 5285 3260 5339 momenti
3310 5286 3449 5342 alibi
3511 5294 3613 5343 aut

1960 5364 2130 5420 aliter
2144 5379 2322 5436 quam
2337 5371 2627 5438 praesente
2640 5385 2706 5424 ac
2719 5370 3068 5440 praesidente
3082 5373 3346 5446 principe
3371 5391 3611 5431 moveri.

1958 5475 2013 5529 5.
2051 5475 2113 5530 Ut
2161 5473 2482 5543 patriarcha
2535 5476 2604 5530 ad
2653 5478 3037 5548 imperatorem
3085 5482 3401 5542 accesserit;
3443 5487 3497 5536 et
3543 5489 3605 5536 ut

2253 5562 2460 5618 parum
2488 5547 2738 5618 abfuerit
2755 5551 2888 5621 quin
2919 5549 3278 5620 deciperetur.

2031 5635 2182 5691 Dum
2212 5639 2410 5692 autem
2440 5634 2564 5692 hac
2591 5637 2672 5692 ita
2701 5643 3064 5708 gererentur,
3113 5638 3445 5711 intelligens
3497 5657 3606 5712 pa-
