4018 6198
426 305 534 358 707

1732 292 2035 348 GEORGII
2073 291 2534 348 PACHYHERE
3680 300 3770 354 708

431 447 562 502 χης,
627 424 654 476 ὃ
683 420 772 474 καὶ
804 417 1006 486 ἀληθὲς
1037 417 1125 486 ἦν,
1175 413 1248 476 ὡς
1279 411 1432 468 οὐδέν
1471 413 1614 468 ἐστιν
1636 411 1777 468 ἄλλο
1807 413 1870 467 τὸ
1898 417 2081 467 κινοῦν
2111 442 2165 506 Α
2194 411 2534 488 γαλοφώνως
2590 412 2681 467 τὸν
2741 413 2889 488 ἱερέα
2933 411 3071 468 κατά
3097 413 3161 467 τὸ
3192 411 3427 483 σύνηθες,
3474 416 3664 485 καὶτῆς
3688 418 3774 475 λιι.

431 519 650 570 τοιαῦτα
680 512 715 580 ἢ
744 509 806 563 τὸ
845 511 941 561 τοῦ
990 509 1316 580 κρατοῦντος
1366 506 1504 579 πρὸς
1553 503 1712 559 αὐτὸν
1764 503 2086 582 ἀμυντικὸν,

433 605 521 656 ὅτε
568 599 655 654 καὶ
711 594 1014 652 κινδυνεύοι
1072 599 1224 667 κακῷ
1281 595 1344 649 τὸ
1397 595 1564 648 κακὸν
1623 593 1824 662 ἰᾶσθαι,
1880 596 1950 666 τῇ
1988 596 2086 646 τοῦ

425 687 772 764 πατριάρχου
826 681 1088 758 καταδίκῃ
1131 683 1194 738 τὸ
1253 684 1390 756 πρὸς
1451 681 1655 737 ἐκείνου
1712 682 1947 756 ἀπεχθές
1995 681 2086 736 καὶ

429 776 706 854 ὀχλῶδες,
755 777 894 832 ὥστε
951 777 1042 830 καὶ
1101 772 1493 837 ἀπεσκευάσθαι
1543 777 1713 828 ταῦτα
1771 769 2086 846 βούλεσθαι,

427 867 671 942 παριδὼν
731 872 902 921 πᾶσαν
964 865 1362 940 μικροψυχίαν,
1413 861 1590 916 ’ίππου
1637 883 1695 916 τε
1744 856 1954 929 ἐπιϐὰς,
2010 862 2084 932 μή

426 960 690 1034 πρότερον
727 956 937 1020 εἰωθὼς
993 955 1044 1025 ἐξ
1093 954 1158 1008 οὗ
1207 955 1306 1022 τῆν
1341 951 1745 1008 Κωνσταντίνου
1795 945 2086 1020 κατέλαϐε,

429 1049 518 1103 καὶ
578 1045 795 1123 βασιλεῖ
849 1045 1150 1119 πρόσεισιν.
1207 1043 1414 1118 Ἡμέρα
1472 1040 1518 1096 δ’
1574 1043 1641 1110 ἦν
1699 1042 1817 1095 καθ’
1847 1045 1925 1112 [Ρ.
1963 1042 2088 1111 177]

430 1140 490 1206 ἣν
548 1139 698 1192 ταῦτ’
757 1134 1048 1209 ἐπράττετο
1107 1133 1474 1206 κυριώνυμος.
1533 1132 1595 1187 Ὁ
1649 1135 1780 1206 γοῦν
1835 1128 2090 1204 βασιλεὺς

429 1227 624 1300 καιρὸν
676 1225 872 1278 ἐκεῖνον
923 1221 1128 1292 οἱηθεὶς
1175 1221 1456 1290 ἐπιστῆναι
1512 1219 1570 1273 ’ὀν
1618 1220 1706 1273 καί
1757 1217 1934 1288 ἐζήτει
1985 1219 2087 1272 πά-

431 1315 544 1384 λαι,
615 1315 706 1369 τὸν
767 1317 867 1378 τῆς
923 1311 1148 1372 ἀνέσεως
1205 1307 1408 1383 (ἔπειθε
1466 1309 1570 1384 γὰρ
1629 1308 1827 1362 ἐννοεῖν
1885 1307 2090 1362 τοιαῦτ’

429 1403 639 1458 ἐκεῖνον
692 1401 755 1456 τό
814 1403 860 1455 τ’
920 1397 1174 1468 ἐπιϐῆναι
1223 1396 1398 1452 ’ἱππου
1449 1398 1539 1452 τὸν
1600 1395 1948 1472 πατριάρχην
1998 1393 2089 1450 καὶ

429 1492 574 1567 παρᾶ
630 1491 691 1545 τὸ
749 1491 974 1560 σύνηθες
1033 1489 1253 1560 πρᾶξαι,
1311 1485 1376 1540 τά
1429 1507 1488 1540 τε
1539 1484 1836 1558 κινούμενα
1898 1485 1974 1548 ὡς
2034 1483 2086 1538 ἐν

432 1600 556 1655 χρῳ
615 1576 911 1648 καταδίκης
989 1575 1079 1631 καὶ
1147 1577 1309 1630 αὐτὸν
1382 1578 1777 1648 γεγενῆσθαι),
1854 1573 1946 1628 καὶ
2013 1573 2087 1636 ὡς

433 1669 836 1742 ἐκμειλίξασθαι
888 1667 1246 1740 παραγένοιτο
1282 1709 1295 1733 ,
1348 1662 1698 1741 φιλοφρόνως
1759 1659 2088 1737 ὑποδέχεται

431 1757 749 1827 προσιόντα,
791 1757 880 1810 καὶ
938 1754 1194 1808 πλεῖστον
1255 1754 1379 1807 ὁσον
1441 1750 1630 1825 ὁμιλεῖ
1687 1752 1754 1806 τά
1813 1751 2083 1827 χαρίεντα.

431 1849 538 1908 Ὡς
577 1850 712 1920 γοῦν
767 1844 959 1919 καιρός
1006 1850 1107 1912 τῆς
1167 1845 1316 1918 ἱερᾶς
1375 1841 1718 1916 λειτουργίας
1763 1840 1960 1911 ἐπέστη
1994 1842 2084 1896 καὶ

427 1932 536 2005 ἤδη
570 1936 636 2004 ἧν
671 1935 698 1988 ὁ
745 1938 955 2008 κρατῶν
984 1933 1120 2008 πρὸς
1149 1931 1212 1986 τὸ
1259 1935 1336 2002 τῷ
1363 1935 1477 2002 ναῷ
1527 1929 1833 1998 ἐπιστῆναι,
1863 1928 2084 2004 πέμψας

430 2023 636 2086 ἐκεῖνός
665 2044 788 2078 τινα
810 2027 919 2076 τῶν
951 2021 1120 2076 αὐτοῦ
1148 2019 1276 2082 τοὺς
1320 2019 1407 2074 ἐπὶ
1435 2026 1534 2089 τῆς
1585 2017 1927 2094 λειτουργίας
1954 2040 2082 2074 κατ-

427 2111 808 2191 ησφαλίζετο,
869 2112 959 2166 καὶ
1019 2109 1259 2165 ἐκέλευεν
1322 2110 1433 2182 ἅμα
1491 2108 1854 2181 θεασαμένους
1918 2108 2080 2162 αὐτὸν

436 2205 576 2275 μήτε
631 2202 939 2277 περιμένειν
972 2201 1069 2269 τήν
1116 2200 1255 2275 πρὸς
1285 2198 1380 2260 τὰς
1421 2197 1580 2273 ἁγίας
1625 2196 1837 2259 εἰκόνας
1883 2198 2083 2273 προσέ-

434 2291 616 2346 λευσιν
665 2290 830 2346 αὐτοῦ
882 2290 1358 2364 προσκυνήσοντος
1413 2289 1538 2360 μήτ⁸
1587 2285 1728 2342 ἄλλο
1758 2308 1810 2340 τι
1859 2307 2082 2362 περιαρ-

432 2386 666 2455 γοῦντας
737 2378 1010 2453 πράττειν,
1088 2375 1215 2432 ἀλλ’
1287 2376 1440 2438 εὐθὺς
1515 2375 1768 2455 ἐκφωνεῖν
1838 2376 1932 2449 μὶν
1988 2377 2080 2430 τὸν

434 2467 683 2524 διάκονον
731 2469 795 2522 τὸ
853 2465 1190 2542 Εὐλόγησον,
1236 2463 1484 2542 εὐλογεῖν
1537 2463 1595 2520 δὲ
1649 2466 1741 2521 τὸν
1793 2466 1922 2520 Θεὸν
1988 2485 2082 2538 με·

434 2669 714 2740 triarcha,
747 2668 902 2740 quod
934 2682 1136 2722 verum
1167 2669 1308 2736 erat,
1344 2683 1458 2722 non
1489 2680 1618 2722 esse
1647 2663 1823 2720 aliam
1871 2665 2082 2721 horum

442 2764 708 2815 motuum
743 2774 982 2814 causam
1015 2773 1189 2828 quam
1222 2757 1371 2812 iram
1405 2758 1462 2812 in
1496 2773 1558 2812 se
1590 2755 1958 2827 imperatoris
1991 2755 2082 2811 ul-

440 2849 659 2904 tionem
689 2847 1044 2919 expetentis,
1069 2846 1128 2901 in
1161 2863 1278 2917 qua
1308 2845 1716 2917 prosecutione
1759 2844 2085 2918 periculum

439 2944 561 2994 erat
591 2955 660 2993 ne
684 2937 734 2992 is
760 2936 913 2992 malo
944 2935 1101 2991 aliud
1137 2935 1356 2991 malum
1387 2952 1490 3008 pro
1524 2934 1782 2990 remedio
1827 2951 2082 3008 appone-

437 3032 543 3088 ret.
581 3042 687 3081 suo
718 3024 988 3080 videlicet
1029 3025 1086 3079 in
1135 3023 1525 3095 patriarcham
1571 3023 1704 3080 odio
1752 3027 1810 3080 et
1856 3023 2086 3079 rancori

435 3115 779 3186 patriarcha:
809 3113 998 3186 ipsius
1030 3112 1411 3168 damnatione
1441 3112 1811 3184 procuranda
1858 3111 2080 3168 mederi

434 3210 535 3259 aut
568 3202 764 3274 potius
789 3201 1032 3272 obsequi
1062 3206 1362 3273 satagens,
1391 3201 1648 3274 speravit
1677 3217 1793 3258 uno
1823 3200 1916 3257 sui
1945 3217 2080 3257 cum

434 3293 663 3347 infenso
695 3291 1050 3362 imperatore
1077 3306 1396 3362 congressu
1448 3290 1602 3346 istud
1653 3290 1918 3361 prazverti
1965 3289 2085 3346 dis-

439 3381 660 3435 crimen
713 3396 902 3450 posse.
954 3381 1143 3444 Quare
1203 3378 1692 3449 pusillanimitate
1749 3378 2087 3450 posthabita

438 3486 654 3539 equum
689 3468 1003 3533 inscendit,
1041 3468 1321 3522 desuetus
1352 3467 1410 3522 id
1445 3468 1633 3524 facere
1673 3469 1799 3538 jam
1849 3485 1917 3523 ex
1969 3485 2084 3539 quo

437 3554 1004 3626 Constantinopolim
1037 3555 1366 3624 advenerat,
1405 3560 1463 3611 et
1493 3555 1904 3626 imperatorem
1937 3556 2080 3611 adit.

434 3645 567 3701 Dies
601 3662 717 3716 qua
749 3644 870 3700 haec
897 3648 1059 3715 gesta
1095 3647 1234 3699 sunt
1264 3644 1571 3700 Dominica
1601 3645 1938 3717 erat.Igitur
1968 3645 2084 3700 im-

434 3738 667 3806 perator
689 3737 852 3788 ratus
875 3737 1138 3804 optatam
1163 3733 1264 3788 diu
1284 3732 1394 3788 sibi
1412 3733 1821 3789 remissionem
1846 3733 2084 3790 anathe-

439 3823 612 3878 matis
637 3823 704 3877 ad
732 3839 793 3877 se
815 3821 964 3877 ultro
988 3821 1199 3878 deferri
1231 3823 1542 3894 (suadebat
1571 3822 1681 3879 hoc
1711 3824 1867 3879 enim
1914 3824 2082 3894 equi-

435 3913 578 3968 tatio
614 3912 712 3966 illa
744 3911 982 3966 insolita
1011 3909 1352 3982 patriarcha:
1383 3912 1785 3984 adventusque
1815 3912 2081 3983 inopina-

434 4007 551 4067 tus,
604 4007 660 4056 et
714 3999 1055 4056 verisimilis
1111 4001 1470 4070 conjectura,
1530 4000 1852 4073 impulsum
1913 4001 2078 4057 illum

437 4097 594 4148 metu
653 4091 924 4146 intentati
981 4089 1189 4160 judicii
1246 4095 1303 4145 et
1361 4091 1624 4162 periculo
1679 4091 2081 4146 damnationis

432 4180 798 4235 imminentis
862 4179 933 4234 ad
1003 4179 1160 4234 hunc
1229 4183 1505 4235 conatum
1565 4180 1654 4235 sui
1712 4179 2080 4251 deliniendi),

431 4268 877 4340 perhumaniter
900 4269 1159 4324 occurrit
1191 4269 1468 4338 venienti,
1517 4273 1576 4324 et
1617 4284 1754 4325 eum
1804 4269 2082 4326 benevole

436 4359 806 4413 accedentem
840 4362 1018 4430 atque
1068 4357 1335 4414 hilariter
1383 4357 1622 4430 excipit,
1671 4362 1796 4414 tum
1846 4359 2082 4415 blandis

439 4446 643 4518 perdiu
679 4446 1050 4503 sermonibus
1081 4447 1320 4503 detinet.
1354 4447 1427 4503 Ut
1455 4463 1592 4519 ergo
1624 4463 1802 4503 sacrae
1832 4446 2081 4521 liturgiaa

441 4536 594 4592 262
629 4540 864 4607 tempus
896 4535 1104 4602 adfuit,
1136 4536 1456 4607 imperator
1492 4537 1622 4607 jam
1671 4536 1729 4591 in
1783 4537 2083 4608 procinctu

440 4621 693 4678 adeundi
725 4623 921 4694 templi
956 4624 1118 4680 misit
1147 4628 1370 4680 certum
1402 4641 1432 4680 e
1463 4625 1588 4680 suis
1619 4625 1714 4694 qui
1761 4627 2083 4697 praemuni-

440 4717 549 4781 ret,
594 4716 764 4782 prout
793 4713 1120 4784 oportebat,
1165 4711 1436 4769 sacriﬁcii
1492 4714 1817 4782 ministros,
1863 4716 2084 4786 jubens

436 4816 556 4865 eos,
617 4799 796 4856 simul
855 4801 1268 4872 imperatorem
1328 4801 1750 4874 ingredientem
1801 4803 2083 4875 viderent,

439 4889 666 4954 statim,
699 4905 814 4944 non
839 4893 1168 4962 exspectato
1191 4891 1332 4946 dum
1354 4890 1453 4947 ille
1473 4891 1544 4948 ad
1567 4908 1765 4948 sacras
1796 4891 2086 4966 imagines

440 4979 792 5034 adoraturus
819 4980 1142 5046 accederet,
1176 4979 1454 5052 nullaque
1484 4982 1724 5038 omnino
1775 4981 1888 5037 alia
1939 4999 2084 5054 qua-

439 5083 672 5138 cunque
703 5083 769 5123 ex
820 5085 1001 5124 causa
1051 5086 1216 5140 mora
1261 5070 1629 5142 interposita,
1679 5072 1950 5144 protinus
1997 5071 2085 5126 in-

441 5156 651 5210 choare
710 5157 1072 5214 functionem
1133 5176 1386 5228 sacram,
1435 5159 1682 5216 diacono
1729 5159 2082 5216 versiculum

442 5244 682 5300 Benedic
708 5248 1150 5318 pronuntiante,
1184 5253 1241 5304 et
1259 5249 1364 5318 Dei
1384 5248 1847 5304 benedictionem
1871 5249 2085 5305 solem-

441 5351 572 5389 nem
598 5336 900 5393 sacerdote
926 5337 1146 5409 pariter
1168 5337 1497 5410 proferente
1517 5353 1654 5393 voce
1682 5341 1975 5393 contenta.
2004 5343 2086 5393 Ac

435 5423 748 5480 consilium
775 5424 832 5480 in
858 5425 950 5481 his
975 5426 1346 5499 imperatoris
1368 5425 1478 5481 hoc
1500 5430 1660 5482 erat:
1685 5443 1747 5482 se
1769 5444 1886 5482 una
1909 5427 2086 5483 simul

436 5529 566 5568 cum
591 5513 927 5585 patriarcha
948 5515 1105 5572 intra
1125 5515 1413 5588 templum
1437 5519 1630 5572 stante
1647 5515 1841 5572 missis
1855 5533 2085 5574 sacrum

434 5600 544 5656 rite
575 5602 984 5673 peragi,tacita
1013 5605 1280 5675 quaedam
1304 5604 1504 5660 futura
1525 5603 1638 5677 ipsi
1663 5605 1974 5662 videbatur
1995 5606 2085 5662 sui

2186 501 2444 576 τουργίας
2497 501 2861 577 ἀπάρχεσθαι.
2923 505 3102 558 Τοῦτο
3157 499 3204 556 δ’
3250 505 3314 572 ἦν
3359 504 3559 566 πάντως
3598 508 3712 579 πρὸς
3749 511 3772 564 ’ὁ

2187 591 2336 645 ταῦτ’
2395 591 2599 653 ἐκεῖνος
2656 590 3102 665 παρεσκευάζετο,
3159 592 3220 645 τὸ
3274 593 3364 646 τὸν
3415 593 3654 670 ἱεράρχην
3699 599 3772 671 ἅμ’

2191 679 2338 734 αὐτῶ
2397 679 2480 734 ἐπ’
2535 679 2830 750 ἐκκλησίας
2881 685 3228 755 συναγαγεῖν,
3275 679 3547 735 κάντεῦθεν
3597 705 3772 757 σιωπη.

2193 770 2304 832 Ad};
2334 770 2434 838 τήν
2483 774 2584 824 τοῦ
2613 767 2817 842 δεσμοῦ
2866 769 3022 825 λύσιν
3073 771 3607 844 πραγματευσάμενον
3637 771 3772 848 ἔχειν,

2191 860 2290 914 Καὶ
2321 855 2389 928 δὴ
2437 859 2769 933 ηὐτρέπιστο
2821 869 2914 932 μὲν
2967 863 3035 914 τὰ
3081 861 3181 928 τῆς
3221 861 3366 934 ἱερᾶς
3413 857 3776 937 λειτουργίας,ὁ

2192 946 2401 1022 κλῆρος
2464 947 2511 1003 δ’
2570 951 2706 1010 ἅπας
2765 950 3300 1022 μετασκευασάμενος
3349 954 3461 1011 τοῖς
3517 949 3662 1004 εἰκόσι
3702 972 3777 1005 κα-

2194 1034 2546 1111 ραδοκοῦντες
2577 1039 2672 1092 τὸν
2725 1037 2952 1114 βασιλέα
2984 1037 3108 1093 ὅσον
3161 1034 3315 1092 οὔπω
3369 1037 3665 1116 ἀφιξόμενον
3705 1061 3778 1095 πε-

2194 1132 2437 1200 ριέμενον
2475 1170 2487 1183 .
2541 1127 2598 1180 Ὀ
2656 1123 2714 1181 δὲ
2770 1125 3028 1202 βασιλεὺς
3080 1130 3178 1181 τοῦ
3236 1127 3385 1200 ἱεροῦ
3445 1123 3659 1198 μανδῦου
3703 1128 3775 1181 τὸν

2193 1215 2541 1291 πατριάρχην
2596 1216 2867 1290 κατέχων,
2921 1217 3058 1271 κατά
3110 1236 3233 1270 τινα
3277 1216 3420 1269 ποσά
3469 1213 3775 1288 διαστήματα,

2194 1307 2306 1378 ἅμα
2340 1306 2435 1378 μὲν
2493 1307 2787 1378 ἱστάμενος
2849 1303 3077 1378 ὡμίλει,
3126 1307 3242 1378 ἅμα
3289 1304 3347 1360 εὶ
3390 1306 3473 1359 καὶ
3517 1305 3586 1368 ὡς
3611 1306 3684 1360 ἐπὶ
3708 1305 3776 1360 τὸν

2192 1395 2318 1450 ναὸν
2365 1397 2698 1469 προσήγετο.
2729 1395 2817 1456 Ὠς
2864 1391 2922 1450 δέ
2970 1415 3102 1450 ποτε
3145 1398 3243 1449 τοῦ
3298 1391 3458 1448 οὐδοῦ
3487 1389 3635 1463 ἐπέϐη
3660 1395 3778 1448 καὶὸ

2193 1479 2447 1544 διάκονος
2503 1483 2566 1538 τὸ
2615 1481 2939 1558 Εὐλόγησον
2973 1477 3160 1554 ἐξεϐόα
3207 1484 3300 1536 καὶ
3350 1482 3498 1546 εὐθὺς
3541 1486 3572 1552 ἡ
3616 1482 3666 1537 ἐκ
3702 1487 3777 1537 τοῦ

2192 1573 2382 1648 ἱερέως
2413 1571 2735 1646 εὐλόγησις,
2787 1572 3046 1628 ἐκσπᾶται
3090 1577 3172 1645 τῷ
3199 1569 3484 1646 παραδόξῳ
3513 1573 3538 1625 ὁ
3567 1571 3779 1646 πατριάρ-

2192 1681 2326 1735 χης,
2353 1663 2440 1716 καὶ
2490 1663 2582 1716 τὸν
2651 1659 2813 1716 δόλον
2866 1663 3043 1726 συνεῖς
3089 1661 3286 1716 αὐτίκα
3330 1662 3552 1715 ἀντέσπα
3595 1661 3782 1729 καὶτῆς

2196 1750 2384 1826 χειρὸς
2440 1755 2538 1806 τοῦ
2584 1755 2911 1826 κρατοῦντος
2952 1748 3234 1821 ἐξώλισθε,
3295 1749 3407 1820 καὶ,
3462 1747 3781 1823 «Τί,λὲγων,

2195 1839 2339 1896 οὕτω
2389 1838 2634 1917 δολερῶς
2679 1840 2933 1903 κλέπτεις
2978 1842 3079 1910 τήν
3124 1839 3408 1914 εὐλογίαν,
3452 1840 3534 1894 καὶ
3577 1836 3780 1912 παραλο-

2191 1929 2315 2006 γίζῃ
2344 1930 2406 1985 τὸ
2437 1935 2589 1986 Θεῖον
2641 1929 2930 2005 ἄνθρωπος
2957 1928 3055 2000 ὥν,
3097 1929 3162 1984 οὐ
3215 1927 3335 1984 δέον
3384 1929 3440 1984 ’ὸν
3473 1925 3587 1984 οὐδὲ
3612 1929 3780 2004 συμφὲ-

2195 2039 2288 2093 ρον
2316 2040 2329 2090 ;
2366 2045 2393 2072 ››
2427 2023 2548 2078 ’Έτι
2582 2017 2639 2076 δὲ
2685 2019 2798 2092 καὶ,
2851 2045 2878 2073 ‹‹
2910 2019 3069 2076 Καλά
3099 2041 3162 2095 γε
3189 2017 3381 2087 ταῦτα,
3417 2045 3444 2070 υ
3491 2015 3779 2095 προσονειδί-

2196 2114 2323 2179 ζων,
2377 2133 2404 2161 ‹‹
2435 2109 2526 2164 καί
2570 2130 2631 2184 γε
2676 2110 2894 2184 βασιλεῖ
2923 2108 3168 2181 ἐννόμως
3200 2107 3394 2183 ἄρχειν
3424 2107 3780 2182 προαιρουμένῳ

2193 2197 2486 2272 πρέποντα,
2535 2199 2625 2253 καὶ
2660 2195 2973 2277 δυσφόρητα
3018 2204 3137 2262 τοῖς
3168 2196 3370 2260 ἄλλοις
3401 2199 3627 2264 ἀκοῦσαι,
3677 2197 3780 2250 ὥστε

2191 2289 2279 2342 καὶ
2330 2287 2584 2358 ἐπαινεῖν,
2616 2313 2643 2340 ››
2706 2287 2864 2352 εὐθὺς
2906 2288 3061 2350 ἀετὸς
3105 2288 3173 2357 ἦν
3231 2285 3409 2342 λιπὼν
3465 2285 3646 2341 ἐκεῖνον
3683 2305 3780 2338 κατ-

2192 2374 2502 2441 αιδεσθέντα
2556 2379 2646 2432 καὶ
2700 2379 3097 2456 ἀφιπτάμενος,
3155 2376 3253 2431 καὶ
3315 2373 3403 2431 διὰ
3454 2383 3549 2446 τῆς
3600 2373 3779 2448 σιδηρᾶς

2191 2470 2290 2520 τοῦ
2316 2465 2601 2542 τρικλίνου
2632 2465 2815 2534 πύλης
2865 2465 2940 2530 ὡς
2987 2467 3158 2540 τάχος
3213 2468 3355 2538 πεζῇ
3396 2461 3624 2533 διαθέων,
3651 2465 3780 2534 ἦπο-

2190 2683 2226 2722 a
2250 2667 2474 2722 dudum
2507 2667 2722 2738 injecto
2745 2666 3137 2723 anathematis
3157 2665 3398 2722 vinculo
3419 2664 3782 2733 solutio.Atque

2193 2755 2274 2810 ita
2297 2755 2644 2828 compendio
2677 2757 2930 2828 quodam
2963 2761 3313 2828 opportuna:
3339 2754 3637 2812 occasionis
3677 2769 3780 2809 con-

2193 2852 2534 2902 secuturum
2595 2863 2658 2903 se
2719 2847 2996 2920 sperabat
3052 2849 3214 2919 quod
3274 2852 3434 2904 tanto
3480 2844 3776 2918 jampridem

2193 2936 2438 2991 circuitu
2473 2940 2770 3007 captatum
2805 2936 3002 2992 iverat.
3035 2936 3510 3008 Succedebatque
3551 2933 3625 2989 illi
3667 2935 3774 2988 hac-

2193 3031 2366 3082 tenus
2392 3025 2562 3080 dolus
2592 3025 2839 3097 egregie.
2889 3025 3034 3081 Nam
3082 3024 3280 3082 clerus
3331 3025 3618 3081 universus
3661 3039 3772 3094 prie-

2111 3156 2156 3224 ο
2193 3114 2471 3216 monitus,
2489 3123 2567 3215 ⁸ιιι
2589 3115 2809 3182 dixi,ad
2831 3114 3238 3217 inchoandum
3263 3115 3452 3217 missa
3481 3111 3772 3224 sacriﬁcium

2195 3204 2457 3276 proxime
2487 3203 2813 3260 instructus
2843 3203 3005 3261 omni
3030 3205 3402 3261 convenienti
3447 3206 3695 3276 apparatu
3734 3203 3776 3254 et

2191 3297 2422 3361 ornatu,
2489 3293 2867 3366 exspectabat
2933 3293 3074 3349 dum
3143 3297 3450 3366 appareret
3509 3291 3774 3347 adventans

2192 3383 2532 3454 imperator.
2564 3382 2671 3448 Qui
2702 3385 2898 3438 astute
2923 3383 2994 3438 ad
3018 3383 3175 3454 quod
3225 3380 3555 3438 intendebat
3595 3392 3774 3435 sacram

2191 3471 2465 3544 penulam
2481 3471 2819 3527 comitantis
2832 3487 3030 3527 secum
3046 3469 3622 3544 patriarchaetenebat
3634 3480 3770 3522 manu

2188 3560 2468 3617 incedens
2501 3577 2639 3630 una,
2663 3565 2720 3616 et
2749 3577 2851 3631 per
2881 3559 3192 3616 intervalla
3225 3563 3445 3616 urbane
3489 3553 3773 3628 interposita

2191 3647 2540 3718 consistens,
2572 3646 3076 3720 confabulansque
3101 3647 3280 3720 plane
3312 3645 3667 3708 familiariter,
3693 3640 3772 3695 do-

2190 3755 2296 3794 nec
2327 3753 2459 3793 eum
2491 3737 2646 3792 intra
2676 3737 2963 3808 templum
2998 3737 3177 3792 simul
3214 3735 3542 3810 ingrediens
3569 3729 3771 3788 induxit.

2187 3831 2576 3898 Supergresso
2625 3829 2819 3881 autem
2873 3825 2998 3894 ipso
3044 3824 3254 3892 limen,
3300 3823 3492 3881 statim
3538 3821 3769 3876 diaconus

2187 3914 2428 3971 Benedic
2457 3913 2829 3980 inclamavit;
2865 3930 3043 3986 quam
3074 3930 3276 3970 vocem
3309 3915 3508 3969 secuta
3545 3907 3769 3964 continuo

2187 4009 2278 4060 est
2301 4003 2622 4060 sacerdotis
2644 4003 2992 4059 benedictio.
3017 4002 3334 4059 Perculsus
3353 4002 3630 4073 inopinato
3658 3996 3771 4050 facto

2189 4093 2540 4166 patriarcha,
2573 4098 2631 4148 et
2659 4091 2864 4147 dolum
2894 4092 3094 4168 subito
3143 4091 3500 4163 intelligens,
3541 4081 3774 4160 proripuit

2187 4199 2270 4250 se,
2305 4199 2370 4238 ac
2421 4181 2624 4237 manui
2674 4181 2925 4237 tenentis
2974 4181 3350 4254 imperatoris
3396 4179 3612 4250 elapsus
3651 4176 3724 4228 est
3762 4185 3773 4222 :

2185 4291 2214 4319 «
2249 4270 2383 4335 Cur,
2413 4267 2710 4338 inquiens,
2743 4267 2944 4323 dolose
2977 4267 3193 4324 furaris
3238 4265 3691 4328 benedictionem,
3731 4259 3776 4312 et

2188 4358 2455 4429 decipere
2486 4357 2670 4412 Deum
2703 4356 2957 4424 conaris,
2990 4357 3168 4414 homo
3200 4373 3337 4413 cum
3367 4355 3490 4412 sis?
3517 4351 3651 4424 quod
3694 4361 3773 4402 nec

2188 4445 2490 4518 oportebat
2519 4463 2622 4502 nec
2655 4446 3000 4518 expediebat
3049 4464 3084 4502 a
3131 4451 3189 4502 te
3238 4444 3468 4502 tentari.
3517 4464 3543 4492 »
3586 4433 3775 4495 Addidit

2116 4520 2161 4583 D
2193 4540 2472 4606 praeterea
2520 4533 2678 4590 haud
2724 4534 2980 4591 molliter
3008 4535 3371 4607 exprobrans
3403 4550 3416 4589 :
3447 4556 3474 4582 «
3509 4528 3774 4586 Pulchrane

2194 4623 2313 4678 haec
2346 4627 2518 4695 putas
2570 4628 2628 4679 et
2670 4624 3078 4680 convenientia
3135 4621 3469 4696 imperatori
3520 4613 3775 4690 magniﬁce

2193 4713 2457 4784 professo
2490 4729 2552 4768 se
2574 4713 2740 4784 juxta
2766 4711 2927 4784 leges
2957 4713 3112 4769 268
3146 4713 3433 4784 imperare
3462 4705 3635 4764 velle?
3671 4699 3774 4774 quid

2193 4802 2463 4858 homines
2491 4801 2688 4857 dicent
2718 4801 2815 4856 ubi
2848 4800 3187 4858 audierint?
3218 4817 3292 4858 an
3326 4800 3553 4856 laudare
3585 4795 3696 4860 ista,
3722 4785 3773 4842 ad

2195 4891 2403 4948 saltem
2428 4889 2516 4947 vel
2548 4890 2877 4947 tolerabilia
2907 4907 3147 4947 censere
3178 4887 3492 4962 poterunt?
3541 4909 3567 4936 »
3610 4883 3668 4938 Et
3705 4876 3774 4932 bis

2197 4985 2434 5052 repente
2465 4979 2639 5036 dictis
2664 4979 2917 5036 avolavit
2946 4981 3134 5036 instar
3161 4979 3392 5050 aquilae,
3424 4976 3623 5049 pudore
3669 4981 3774 5023 con-

2196 5069 2394 5126 fusum
2445 5070 2860 5141 imperatorem
2907 5069 3284 5140 relinquens;
3335 5084 3399 5123 ac
3454 5081 3549 5137 per
3593 5061 3772 5131 portam

2196 5158 2434 5214 triclinii
2459 5158 2917 5230 ferream,pedes
2941 5163 3162 5230 quanta
3183 5157 3435 5213 maxima
3464 5149 3637 5226 posuit
3672 5158 3773 5216 per-

2197 5246 2432 5303 nicitate
2463 5262 2731 5318 currens,
2782 5247 3043 5319 pervenit
3090 5247 3161 5302 ad
3217 5262 3398 5312 mare,
3445 5241 3619 5311 ibique
3659 5243 3771 5290 navo

2196 5353 2516 5394 conscensa
2547 5336 2785 5392 domum
2816 5353 2879 5393 se
2908 5335 3134 5392 retulit.
3175 5337 3249 5390 At
3277 5335 3578 5405 imperator
3609 5323 3771 5397 plenus

2198 5427 2333 5482 licet
2362 5425 2756 5494 contumeliae,
2787 5443 2853 5482 ac
2881 5431 3001 5483 tam
3031 5425 3323 5497 probrosa
3365 5419 3594 5493 repulsa:
3634 5421 3769 5468 sensu

2195 5515 2406 5571 intimo
2437 5515 2753 5587 doloreque
2784 5521 3064 5581 aestuans,
3111 5519 3304 5569 tamen
3357 5499 3772 5577 magnanimitate

2198 5603 2478 5662 simulata
2506 5605 2795 5661 sacriﬁcio
2823 5605 3074 5677 perrexit
3103 5593 3598 5670 attendere,quoad
3627 5587 3770 5645 ωἰεει

3945 3827 3953 3998 ἓ

3947 4003 3953 4072 ς

3945 4301 3952 4456 i
