3920 6196
164 304 254 361 709

1195 304 1283 355 DE
1321 301 1688 357 MICHAELE
1729 301 2172 360 PALBOLOGO
2207 307 2341 360 LIB.
2382 309 2479 362 IV.

3440 314 3547 369 710

160 429 250 484 δῶν
296 429 441 502 εἶχεν
489 427 693 502 ἐχώρει
735 428 872 503 πρὸς
921 422 1215 496 θάλασσαν,
1265 427 1354 480 καὶ
1397 427 1534 488 νεὼς
1591 420 1783 489 ἐπιϐας
1813 431 1860 494 Α
1899 427 1963 488 ς’.
2021 427 2211 516 ’Όπως
2271 430 2659 516 συναχθέντων,
2701 435 2808 486 τῶν
2852 433 3170 516 ,ἀρχιερέων
3228 435 3292 489 τὸ
3335 437 3542 494 τέλειον

161 512 518 588 κατελάμϐανε
578 516 644 570 τὰ
700 515 874 571 οἷ’κεῖα
907 559 921 571 .
989 516 1045 570 Ὀ
1127 516 1310 587 μέντοι
1387 536 1451 590 γε
1529 513 1781 590 βασιλεὺς

163 604 550 681 ὑόριοπαθτςσας
612 607 728 660 οἷον
783 605 872 659 καὶ
931 601 1198 667 αἰδεσθεὶς
1252 609 1630 680 προσποιεῖται
1688 603 1778 659 οὖν

160 697 286 769 ὅμως
313 695 372 748 τὸ
411 693 832 769 μεγαλόψυχον.
868 693 973 749 Καὶ
1014 693 1126 748 ἐπεὶ
1168 691 1328 755 τέλος
1353 694 1452 761 τήν
1486 695 1633 768 ἱεράν
1665 692 1780 749 λει-

155 784 382 858 τουργίαν
434 778 766 855 ἐλάμϐανεν,
816 781 1083 855 ἐξελθὼν,
1130 782 1342 846 σταθεὶς
1389 782 1440 837 ἐν
1489 786 1568 854 τῷ
1618 781 1776 837 Ἀλε-

158 875 295 943 ξιακῷ
321 871 614 947 τρικλίνῳ,
664 871 792 932 τοὺς
841 892 898 925 τε
947 875 1055 925 τῶν
1102 872 1377 945 ἱεραρχῶν
1428 871 1776 946 παρατκχόνο

153 983 227 1022 τις
255 962 338 1014 καὶ
367 960 500 1023 τοὺς
551 965 652 1014 τοῦ
700 959 914 1036 κλήρου
967 960 1478 1033 μεταστειλάμενος,
1530 962 1614 1032 [Ρ.
1655 963 1776 1034 178]

156 1046 436 1102 έπενεκάλει
477 1053 558 1120 τῷ
591 1050 908 1123 πατριάρχῃ
963 1047 1336 1120 σκληρότητα,
1368 1048 1482 1116 καὶ,
1532 1073 1559 1100 ‹‹
1586 1045 1773 1116 Ἴδετε,

155 1139 322 1212 λέγων,
373 1138 528 1200 ὅπως
590 1139 812 1210 ἀμαθῶς
875 1137 1016 1192 οὕτω
1072 1143 1181 1192 τῶν
1230 1137 1512 1212 ἡμετέρων
1573 1143 1776 1214 χειρῶν

152 1226 516 1302 ἀπεδίδρασκε.
581 1227 676 1282 Καὶ
731 1228 776 1282 εἰ
832 1225 1096 1297 λυπήσων
1152 1227 1316 1304 ἐφάνη
1348 1273 1362 1296 ,
1414 1229 1550 1282 κατά
1607 1227 1658 1282 τί
1716 1249 1776 1304 γε

146 1317 217 1370 καὶ
246 1318 367 1391 παρ’
397 1320 550 1389 ἡμᾶς
605 1318 864 1394 ἀφῖκταις
925 1315 1050 1372 ἀλλ’
1101 1317 1174 1378 ὡς
1226 1314 1389 1388 ἔοικε,
1442 1317 1568 1378 τοὺς
1628 1316 1775 1392 ἐλέγ-

149 1425 258 1478 χους
313 1403 706 1481 διαφυγγάνειν
765 1405 1333 1480 πραγματευόμενος,
1392 1403 1580 1460 ἔλαθεν
1647 1405 1771 1460 ἐαυ-

146 1499 218 1548 τὸν
270 1497 588 1566 συνωθήσας
625 1495 859 1568 μάλιστα
916 1495 1051 1570 πρὸς
1106 1495 1206 1562 τήν
1266 1493 1446 1564 δίκην.
1507 1496 1598 1564 Μὴ
1645 1500 1774 1570 γοῦν

147 1584 215 1638 ἐπὶ
240 1583 407 1638 πλέον
445 1582 782 1661 φευγοδικῶν
821 1581 1166 1660 κερδαινέτω,
1219 1581 1370 1640 Ἀλλ’
1418 1583 1534 1639 ἐπεὶ
1565 1586 1626 1639 τὸ
1654 1585 1769 1659 τρί-

145 1694 218 1726 τον
268 1672 727 1728 ἐναπολέλειπται
789 1673 1043 1745 μήνυμα,
1104 1672 1478 1746 συναχθέντων
1534 1672 1766 1749 γενέσθω

2078 503 2304 572 μήνυμα
2324 502 2529 556 καῖηέπὶ
2563 502 2743 576 τούνῳ
2773 507 2807 573 ἡ
2841 502 3101 580 ἀονόξρασις
3125 508 3364 581 γέγονεν.

1963 607 2079 669 Τῆς
2110 603 2168 660 δὲ
2219 609 2340 679 μετ’
2387 606 2554 676 αὐτὴν
2612 609 2824 685 ἡμέρας
2874 613 2988 684 ἅμα
3033 613 3408 687 συναχθέντων
3451 617 3541 670 καὶ

1895 692 2062 747 πάλιν
2101 694 2235 766 μετά
2273 695 2460 751 πολλά
2488 697 2554 751 τὰ
2604 695 2908 767 λαληθέντα
2955 701 3043 753 καὶ
3093 703 3192 770 τήν
3236 706 3333 756 τοῖ’)
3383 704 3536 778 βασι-

1895 781 2033 844 λέως
2084 786 2199 838 οἷον
2234 784 2582 860 παραίτησιν,
2616 787 2689 848 ὡς
2726 786 2866 858 μηδὲ
2916 788 3074 843 αὐτὸν
3129 789 3302 853 θέλειν
3353 795 3538 867 παρεῖ-

1885 892 1994 942 ναι,
2029 872 2071 924 εἰ
2103 874 2178 944 μή
2221 893 2281 947 γε
2317 880 2417 943 τῆς
2476 875 2800 945 Ἐκκλησίας
2860 873 3056 950 δεσμοὶ
3113 878 3418 954 ἐξεχώρουν
3450 881 3539 936 καὶ

1885 962 2460 1036 προσκατηνάγκαζον,
2512 964 2602 1018 καὶ
2669 965 2730 1018 τὸ
2802 963 2997 1020 λοιπὸν
3071 969 3343 1039 πέμπεται
3431 973 3540 1043 μή·-

1884 1069 2068 1121 νυμα,
2132 1051 2430 1126 ἀρχιερέων
2495 1053 2590 1106 κάν
2643 1053 2821 1125 τούτῳ
2883 1051 3377 1126 μεσολαϐησάντων
3445 1059 3535 1115 καὶ

1881 1135 2190 1211 κληρικῶν.
2249 1142 2336 1202 Ὠς
2396 1138 2452 1195 δὲ
2507 1141 2596 1196 καὶ
2657 1140 2807 1204 αὖθις
2852 1144 2879 1196 ὁ
2938 1147 3288 1220 πατριάρχης
3334 1147 3531 1204 ἀπεῖπε

1879 1230 1980 1297 τὴν
2010 1225 2212 1304 ἄφιξιν,
2243 1233 2554 1303 προστιθεῖς
2586 1231 2661 1293 ὡς
2695 1255 2716 1284 ι
2750 1234 2820 1287 Τὸ
2871 1231 3064 1288 δοκοῦν
3117 1237 3243 1308 ὑμῖν
3294 1236 3528 1302 ἀπόντος

1880 1318 2140 1391 γενέσθωι
2194 1317 2322 1373 οὐδὲ
2350 1320 2449 1395 γὰρ
2505 1321 2879 1394 ἀπαντησαιμι
2929 1323 3024 1377 κᾶν
3078 1323 3108 1378 ὅ
3145 1346 3197 1378 τι
3229 1327 3463 1399 γένοιτο,
3499 1351 3527 1379 ››

1877 1407 1999 1460 τότε
2028 1407 2162 1478 μετά
2208 1409 2308 1476 τήν
2366 1407 2587 1477 πολλὴν
2646 1410 2830 1484 σκέψιν
2888 1413 2940 1466 οἳ
2998 1413 3252 1488 ἱεράρχαι
3305 1415 3524 1471 κανόσιν

1879 1498 1992 1548 οἷον
2054 1495 2415 1571 ἐπερείδεσθαι
2471 1498 2722 1563 θέλοντες
2778 1502 2927 1574 εἶχον
2993 1503 3087 1574 μὲν
3138 1503 3228 1557 καὶ
3275 1505 3367 1558 τὸν
3424 1512 3525 1574 τῆς

1878 1583 2199 1661 φυγοὸικῖας
2243 1586 2442 1640 κανόνα
2496 1591 2602 1641 τῶν
2663 1587 2984 1644 ἀποστόλων
3039 1591 3102 1645 τὰ
3139 1593 3327 1648 πολλά
3376 1596 3525 1670 σφίσι

1876 1674 2012 1747 πρὸς
2044 1675 2104 1728 τὸ
2151 1676 2218 1728 τά
2276 1673 2537 1729 δοκοῦντα
2595 1675 2983 1750 ἀποφαίνεσθαι
3047 1677 3526 1754 συμϐαλλόμενον,

145 1762 218 1815 καὶ
262 1767 446 1830 τοῦτο,
508 1762 597 1816 καὶ
656 1761 700 1817 εἷ
765 1763 858 1835 μὲν
917 1763 1235 1832 ἀπαντήσει,
1291 1763 1578 1837 κρινέσθω,
1631 1762 1676 1816 εἷ
1723 1760 1768 1816 δ’
1804 1795 1847 1860 Β
1879 1761 2028 1834 ὅμως
2074 1760 2130 1816 δὲ
2177 1785 2240 1838 γε
2295 1763 2346 1817 ἐν
2403 1763 2638 1842 ἀσφαλεῖ
2695 1765 3024 1840 βουλόμενοι
3085 1770 3364 1841 πράττειν,
3409 1772 3522 1841 ἐηεῖ

148 1853 242 1920 οὖν,
271 1849 410 1908 Ἀλλ
446 1851 614 1923 ἀὺμῖν
642 1872 702 1926 γε
730 1849 956 1924 μελήσει
989 1855 1108 1914 πῶς
1139 1850 1197 1905 ἃν
1223 1849 1623 1928 φυγοδικοῦντα
1643 1872 1766 1924 μετ⁹

147 1939 424 2004 ελεύσεσθε.
469 1940 548 1997 Τὸ
600 1939 648 1993 δ’
695 1939 824 2012 ἐμὸν
887 1938 1170 2004 ἀναθετέον
1231 1944 1347 2010 Θεῷ
1402 1941 1550 2002 ὅπως
1605 1937 1665 1993 ἂν
1693 1941 1770 2001 ὡς

147 2028 309 2101 ἐκείνῳ
357 2025 641 2099 ϐουλητὸν
697 2027 1114 2102 οἶκονομηθείη.
1168 2052 1196 2081 »
1247 2030 1406 2082 Ταῦτ’
1461 2027 1628 2082 εἲπὼν
1680 2029 1770 2082 καὶ

144 2119 370 2192 προσθεὶς
433 2118 571 2172 κατά
625 2139 749 2173 τινα
806 2117 1086 2194 πρόληψιν
1145 2118 1368 2172 κάκεῖνα
1430 2115 1767 2190 εύμεθόδως,

146 2207 315 2261 Enni
365 2208 435 2261 τὸ
473 2207 704 2268 τούτους
762 2205 1035 2268 πολλάκις
1087 2205 1448 2283 ἀναφέροντας
1503 2207 1765 2281 περὶτῶν

143 2299 251 2349 κπτὰ
281 2301 416 2372 σφᾶς
461 2294 775 2365 ἐκκλησιῶν
839 2296 912 2368 μὴ
975 2295 1342 2358 εἰσακούεσθαι
1403 2294 1576 2349 αἰτίαν
1641 2295 1765 2367 μίαν

144 2385 249 2437 εἶναι
302 2387 404 2452 τήν
467 2388 564 2439 τοῦ
620 2385 965 2461 πατριάρχου
1017 2385 1153 2458 πρὸς
1235 2383 1391 2437 αὐτὸν
1451 2384 1766 2458 ἀπέχθειαν,

145 2473 213 2526 καὶ
252 2475 317 2535 ὡς
362 2472 418 2528 εἷ’
471 2471 722 2528 ἐκποδὼν
752 2475 814 2527 τὸ
845 2471 1141 2527 σκάνδαλον
1183 2493 1426 2547 γενηται,
1479 2472 1674 2534 αὐτοὺς
1703 2474 1770 2527 τὰ

145 2561 327 2638 μεγάλα
374 2565 513 2637 παρ’
566 2563 713 2634 αὐτῷ
765 2559 1041 2635 δύνασθαι,
1087 2561 1383 2616 καταπαύει
1430 2562 1522 2616 τὸν
1573 2559 1766 2630 λόγον.

141 2773 344 2836 peracta
405 2783 713 2840 regressus
764 2773 1047 2840 stansque
1079 2770 1138 2825 in
1172 2770 1444 2826 Alexiaco
1490 2769 1762 2836 triclinio,

138 2859 265 2926 apud
313 2875 415 2914 eos
464 2875 616 2930 quos
646 2859 727 2912 ibi
761 2858 907 2914 forte
937 2861 1151 2930 reperit
1179 2859 1510 2931 episcopos,
1542 2864 1598 2914 et
1623 2859 1766 2914 alios

135 2959 189 2997 ex
216 2944 359 3001 clero
394 2963 550 3016 quos
569 2950 895 3014 vocaverat,
923 2953 1166 3018 questus
1197 2951 1288 3002 est
1319 2947 1390 3002 de
1421 2947 1766 3018 patriarchae

135 3033 363 3090 duritia:
404 3055 428 3082 ι
452 3035 673 3104 Videte,
697 3035 991 3107 inquiens,
1018 3053 1196 3108 quam
1229 3036 1518 3091 inurbane
1551 3036 1766 3092 nostris

1879 1851 1967 1904 κάὶ
1999 1850 2084 1905 ἐπὶ
2121 1851 2294 1923 πάσης
2353 1853 2427 1914 ὡς
2459 1853 2628 1907 εἶ’πεῖν
2685 1861 2785 1923 τῆς
2843 1854 3062 1919 πόλεως
3116 1859 3264 1912 ταῦτ’
3323 1857 3524 1934 ἔπρατηι

1877 1961 1967 1995 τον
2024 1943 2110 2012 [Ρ.
2177 1943 2297 2016 179]
2353 1947 2448 1997 τοῦ
2511 1941 2780 2016 βασιλέως
2827 1943 3252 2017 οἷ’κονομοῦντος
3310 1945 3399 2002 διὰ
3421 1949 3522 2018 τὴν

1877 2035 1978 2097 τῆς
2035 2030 2334 2104 ἀπεχθείας
2396 2029 2806 2105 ὑποτρέχουσαν
2867 2033 3123 2107 ὑποψίαν,
3156 2035 3246 2089 καὶ
3300 2033 3393 2090 ’ἱνα
3445 2037 3520 2109 μὴ

1877 2117 1966 2170 καὶ
2000 2117 2149 2180 αὖθις
2179 2117 2460 2192 σχίζοιντο
2514 2119 2776 2191 μαθόντες
2821 2123 2887 2176 τά
2933 2123 3214 2199 γεγονότα,
3245 2124 3522 2200 παρίστων

1879 2206 1965 2261 καὶ
1995 2205 2141 2268 αὖθις
2166 2205 2252 2260 ἐπὶ
2276 2208 2442 2279 μέσου
2463 2208 2555 2262 τὸν
2578 2209 3014 2282 Ἑψητόπουλον.
3039 2213 3100 2269 Ὁ
3125 2212 3385 2276 λίϐελλος
3407 2216 3525 2277 καθ’

1876 2292 1928 2349 ἕν
1963 2296 2261 2370 κεφάλαιον
2295 2297 2778 2372 ὑπανεγινώσκετο,
2807 2299 2894 2354 καὶ
2929 2301 2973 2354 εἰ
3007 2301 3129 2376 ἔχοι
3158 2303 3288 2365 τοὺς
3321 2325 3526 2376 μαρτυ-

1879 2386 2139 2456 ρήσοντας
2172 2386 2444 2459 ἠρωτᾶτο.
2479 2387 2540 2442 Ὁ
2569 2384 2624 2440 δὲ
2654 2409 2735 2463 γε,
2769 2414 2796 2439 ‹‹
2821 2392 3167 2465 Πραγμάτων
3199 2397 3456 2469 φανερῶν,
3492 2417 3521 2445 ››

1879 2473 2043 2545 εἶπεν,
2077 2497 2105 2524 ‹‹
2141 2472 2203 2527 οὐ
2250 2471 2407 2528 τόνδε
2434 2473 2469 2542 ἢ
2501 2473 2658 2530 τόνδε
2711 2479 2911 2553 ἀνάγκη
2960 2481 3086 2535 εἶναι
3129 2481 3220 2536 τὸν
3258 2483 3524 2559 μάρτυρα,

1877 2559 2004 2616 ἀλλ’
2052 2563 2168 2635 ἅμα
2206 2561 2539 2636 σύμπαντας,
2600 2564 2682 2620 ὅτι
2729 2568 2818 2621 καὶ
2877 2569 3069 2632 πάντες
3129 2569 3402 2626 συνοίδασι
3434 2593 3527 2648 γε-

1876 2769 2146 2825 veniendi
2189 2773 2431 2842 synodo,
2467 2773 2513 2827 si
2568 2790 2668 2844 per
2713 2773 2949 2830 vincula
2984 2775 3275 2845 Ecclesiae,
3307 2778 3526 2849 quibus

1876 2861 2395 2931 constringeretur,
2420 2861 2476 2915 id
2505 2862 2744 2918 minime
2774 2862 2991 2932 liceret,
3017 2869 3237 2920 tantem
3267 2865 3338 2933 is,
3370 2865 3529 2920 velut

1878 2965 2164 3004 consensu
2180 2955 2412 3005 coactus
2430 2949 2800 3005 invitantium
2814 2951 3060 3019 Patrum,
3073 2951 3367 3024 ingressus
3379 2971 3532 3009 asse-

1879 3037 1983 3091 dit.
2000 3037 2084 3092 Ad
2101 3037 2369 3093 ultimam
2383 3037 2538 3106 inde,
2554 3055 2680 3109 quae
2695 3039 2819 3094 sola
2839 3046 3163 3111 supererat,
3180 3043 3523 3113 patriarcha

131 3138 182 3176 se
233 3125 508 3180 manibus
565 3125 940 3196 proripuerit.
973 3125 1032 3180 Si
1065 3126 1398 3181 offensurus
1448 3125 1764 3195 prodierat,
1797 3109 1839 3175 (ἶ
1880 3125 2213 3181 citationem
2247 3127 2357 3181 rite
2388 3128 2779 3198 peragendam
2839 3109 3119 3200 episcOpi,
3152 3109 3218 3185 uit
3247 3135 3439 3196 antea,
3470 3135 3528 3186 et

132 3211 249 3280 quid
281 3213 575 3268 attinebat
604 3215 782 3269 etiam
823 3214 896 3270 ad
944 3231 1050 3270 nos
1082 3215 1354 3270 accedere
1375 3215 1403 3270 ?
1432 3214 1674 3282 Verum,
1709 3222 1771 3270 ut

131 3309 365 3372 apparet,
399 3303 661 3375 effugere
676 3303 972 3374 judicium
991 3303 1240 3360 moliens
1257 3303 1451 3359 induit
1470 3320 1533 3360 se
1556 3303 1769 3376 magis,

131 3387 524 3463 intricavitque
545 3390 665 3448 illis
686 3392 832 3464 ipsis
855 3410 1004 3465 quos
1025 3392 1320 3449 declinare
1350 3392 1512 3464 cupit
1541 3391 1770 3464 laqueis

131 3481 460 3548 quaestionis
491 3481 566 3536 de
593 3481 720 3552 ipso
746 3486 940 3553 emptae
967 3499 981 3550 ;
1011 3499 1189 3554 quam
1223 3497 1434 3538 censeo
1455 3482 1582 3537 sine
1605 3498 1770 3537 mora

129 3570 462 3639 urgendam,
494 3586 604 3625 nec
653 3570 1140 3626 committendum
1192 3577 1257 3627 ut
1306 3570 1767 3638 cavillationum,

127 3657 322 3726 quibus
378 3659 626 3714 eludere
677 3658 838 3731 leges
895 3659 1124 3728 nititur,
1182 3661 1440 3716 fructum
1500 3665 1768 3732 optatum

126 3762 308 3802 secure
355 3747 610 3814 auferat,
645 3749 950 3819 quaesitam
1009 3750 1442 3821 impunitatem.
1479 3749 1768 3816 Quoniam

129 3834 290 3904 igitur
337 3837 516 3892 tertia
562 3841 796 3892 tantum
844 3839 1041 3895 citatio
1094 3845 1385 3910 superest,
1436 3856 1523 3910 ea,
1573 3837 1768 3907 velim,

130 3926 487 3998 congregatis
510 3926 712 3981 statim
762 3927 927 3982 vobis
976 3929 1322 3983 decernatur
1353 3932 1412 3984 et
1439 3929 1576 3996 fiat;
1619 3931 1678 3983 et
1721 3926 1771 3982 si

128 4013 519 4070 vadimonium
571 4014 786 4070 citatus
834 4015 1067 4084 stiterit,
1101 4016 1378 4072 continuo
1417 4017 1719 4087 judicetur
1755 4033 1768 4072 :

124 4101 201 4155 sin
247 4103 473 4174 minus,
507 4109 770 4159 vestrum
803 4104 910 4159 erit
934 4105 1129 4161 videre
1160 4105 1301 4178 quid
1334 4107 1404 4161 de
1437 4105 1769 4160 contumaci

125 4197 447 4248 recusatore
468 4192 688 4264 judicii
719 4210 952 4265 mquum
987 4194 1065 4250 sit
1094 4198 1370 4251 statuere.
1405 4195 1466 4250 Id
1494 4195 1768 4265 equidem

126 4277 173 4332 in
223 4286 421 4336 vestro
482 4281 724 4337 arbitrio
782 4282 1142 4354 relinquens,
1203 4283 1319 4339 Deo
1377 4283 1652 4355 permitto
1706 4288 1771 4337 ut

123 4376 279 4436 prout
309 4370 397 4426 illi
435 4370 722 4442 placuerit
751 4372 1133 4443 gubernetur.
1172 4395 1192 4420 ι
1233 4372 1310 4427 Ea
1339 4389 1471 4428 cum
1503 4371 1769 4442 dixisset,

1874 3229 1943 3268 ex
1963 3213 2114 3268 clero
2137 3213 2312 3284 aliqui
2339 3215 2500 3269 missi
2526 3214 2838 3270 sunt.Cum
2855 3221 3052 3272 autem
3070 3233 3228 3273 more
3241 3217 3411 3274 solito
3426 3235 3526 3290 pa-

1875 3301 2128 3357 triarcha
2147 3318 2209 3358 se
2230 3309 2536 3358 venturum
2563 3309 2854 3375 negasset,
2876 3305 3138 3361 addidit:
3167 3329 3196 3357 «
3218 3311 3303 3363 Me
3327 3308 3529 3379 utique

1877 3393 2140 3461 absente,
2199 3393 2352 3462 quod
2411 3392 2576 3448 vobis
2630 3393 2941 3464 videbitur,
3000 3395 3104 3452 ﬁat
3154 3412 3168 3451 :
3223 3414 3523 3468 nunquam

1875 3482 2030 3537 enim
2061 3481 2321 3548 omnino,
2357 3481 2636 3552 quidquid
2680 3483 2751 3536 ad
2803 3483 2858 3538 id
2915 3490 3233 3553 moveatur,
3268 3487 3530 3541 adducar

1879 3576 1942 3626 ut
1972 3569 2089 3625 illic
2124 3586 2216 3625 me
2248 3570 2475 3624 sistam.
2509 3598 2536 3623 τι
2567 3571 2731 3626 Tunc
2763 3576 2896 3643 pcst
2940 3574 3185 3629 multam
3237 3574 3528 3630 deliberav

1875 3659 2094 3714 tionem
2139 3662 2196 3714 et
2241 3658 2769 3713 considerationem
2820 3665 3102 3716 attentam
3148 3664 3364 3730 Patres,
3400 3681 3523 3718 ma-

1873 3749 2028 3805 xime
2078 3749 2383 3804 studentes
2439 3747 2612 3802 inniti
2666 3749 3014 3817 canonibus,
3048 3753 3419 3822 reperiebant
3469 3753 3525 3807 in

1875 3837 2083 3910 primis
2111 3837 2556 3892 accomodatum
2589 3836 2658 3889 ad
2693 3853 2815 3891 rem
2850 3846 3197 3908 praesentem
3238 3857 3520 3894 canonem

1873 3927 2272 3999 apostolorum
2333 3924 2403 3979 de
2456 3925 2825 3979 recusatione
2875 3927 3120 3996 judicii.
3180 3928 3522 3998 Quanquam

1875 4021 2070 4071 autem
2105 4014 2155 4069 is
2186 4012 2453 4068 sufﬁcere
2496 4012 2641 4083 ipsis
2679 4013 2986 4068 videbatur
3043 4016 3111 4069 ad
3171 4016 3522 4071 sententiam

1878 4106 2009 4176 jure
2061 4103 2376 4170 ferendam,
2409 4106 2604 4155 tamen
2640 4100 2778 4171 quia
2811 4101 2866 4155 in
2901 4103 3086 4157 oculis
3119 4106 3426 4173 universae,
3462 4109 3527 4159 ut

1874 4195 1958 4248 sic
1988 4193 2202 4258 dicam,
2236 4190 2511 4253 civitatis,
2547 4196 2722 4261 prout
2763 4191 3083 4262 imperator
3133 4192 3525 4261 ordinaverat,

1876 4282 1993 4336 haec
2025 4280 2397 4353 gerebantur,
2433 4295 2534 4349 per
2565 4295 2738 4350 quam
2764 4283 2890 4334 erat
2910 4279 3311 4351 vulgatissima
3328 4282 3524 4353 opinio

1875 4388 1939 4426 ac
1986 4369 2191 4425 notitia
2248 4366 2597 4436 simultatis,
2630 4383 2745 4438 qua
2792 4368 2841 4424 is
2871 4369 3259 4440 apatriarcha
3304 4370 3414 4426 sibi
3441 4371 3524 4426 vi-

121 4454 248 4512 illud
282 4469 568 4530 praeterea
598 4477 702 4531 per
731 4461 1047 4531 quamdam
1100 4459 1298 4516 utilem
1345 4461 1569 4518 intento
1620 4479 1765 4532 przs-
1799 4481 1844 4545 Ι)
1877 4459 2075 4514 cissim
2110 4457 2338 4545 infenso
2370 4455 2731 4545 dissidebat,
2763 4473 2834 4512 ne
2865 4474 2966 4529 per
3003 4475 3130 4514 eam
3163 4475 3399 4514 causam
3435 4459 3524 4514 in-

121 4549 558 4620 occupationem
587 4549 877 4620 adjunxit,
911 4551 1065 4620 quod
1089 4549 1436 4622 plerumque
1465 4551 1765 4621 continge-

123 4641 198 4689 ret
242 4637 406 4708 ipsos
462 4640 536 4693 de
581 4639 836 4710 negotiis
882 4639 1036 4695 264
1084 4655 1330 4696 suarum
1389 4639 1769 4696 ecclesiarum

119 4726 292 4781 audiri
370 4727 749 4799 postulantes
805 4745 922 4783 non
981 4728 1236 4798 admitti,
1293 4745 1472 4784 uuam
1530 4746 1770 4784 causam

120 4827 236 4868 esse
258 4816 468 4871 odium
497 4816 555 4870 in
581 4831 644 4871 se
666 4815 1039 4888 patriarchas;
1071 4816 1378 4873 tolleretur
1409 4817 1566 4873 istud
1601 4817 1773 4873 modo

120 4906 460 4961 scandalum
488 4923 501 4960 :
528 4906 761 4962 visuros
777 4923 877 4962 eos
899 4907 1098 4963 statim
1124 4924 1298 4978 quam
1334 4906 1586 4963 multum
1617 4908 1773 4979 apud

124 5004 178 5041 se
207 4993 439 5062 possint
484 5008 689 5064 preces
729 5009 934 5049 omnes
963 4999 1020 5049 et
1048 4993 1516 5067 significationes
1568 4994 1773 5050 volun-

117 5081 242 5133 tatis
267 5081 569 5153 ipsorum.
605 5082 668 5136 In
701 5099 769 5138 ea
791 5082 969 5139 verba
1001 5083 1161 5154 loqui
1194 5083 1387 5139 desiit.

116 5227 162 5280 ὃ.
197 5230 256 5285 Ut
287 5231 652 5302 congregatis
681 5231 941 5288 Patribus
970 5234 1170 5288 ultima
1200 5233 1396 5288 citatio
1423 5241 1475 5288 et
1497 5237 1623 5303 post
1651 5249 1774 5288 eam

615 5306 912 5361 damnatio
957 5304 1271 5376 contigerit.

182 5435 474 5493 Postridie
499 5443 893 5510 congregatus
926 5455 1162 5494 rursum
1193 5443 1379 5494 coetus
1400 5441 1509 5494 est.
1535 5437 1619 5493 Ibi
1641 5454 1774 5510 post

117 5525 295 5580 multa
325 5527 490 5582 varie
521 5527 699 5594 dicta,
721 5531 966 5598 postque
997 5528 1264 5600 aliquam
1296 5526 1669 5599 imperatoris
1699 5528 1772 5582 ad

116 5615 416 5685 specimen
443 5617 745 5673 modestia:
769 5616 1098 5675 ati‘ectatam
1130 5617 1558 5675 recusationem
1592 5616 1773 5674 inter-

1879 4546 2151 4602 ﬁrmandi
2194 4543 2406 4616 judicii
2456 4548 2734 4614 tanquam
2760 4561 2829 4600 ex
2858 4546 2990 4601 odio
3033 4547 3104 4601 ad
3156 4548 3526 4619 imperatoris

1882 4635 2131 4709 gratiam
2179 4633 2282 4688 lati
2326 4633 2556 4688 occasio
2607 4634 2900 4706 qumpiam
2932 4640 2990 4690 et
3021 4653 3087 4691 ex
3117 4653 3183 4691 ea
3209 4641 3526 4707 praetextus

1885 4723 2226 4779 schismatis
2275 4725 2617 4776 nasceretur
2647 4722 2718 4776 iis
2750 4723 2850 4793 qui
2878 4723 3024 4779 forte
3069 4741 3188 4780 rem
3241 4726 3324 4780 uti
3370 4743 3527 4781 nunc

1883 4813 2195 4885 gerebatur
2268 4808 2492 4866 narrari
2571 4815 2774 4882 postea
2848 4813 3137 4881 audirent,
3196 4819 3531 4870 statuerunt

1884 4902 2092 4957 iterum
2121 4900 2176 4954 in
2213 4899 2405 4954 medio
2437 4899 2898 4971 Epsetopulum;
2941 4906 2996 4958 et
3045 4902 3310 4960 libellum
3361 4904 3526 4976 sigil-

1882 4991 2048 5046 latim
2097 4987 2370 5060 expensis
2418 4987 2691 5058 capitulis
2739 4990 2988 5046 relectus
3041 4993 3188 5049 265
3224 4997 3334 5059 est,
3367 4997 3424 5048 et
3454 5011 3527 5050 an

1883 5085 2063 5136 testes
2121 5077 2360 5132 haberet
2417 5077 2634 5149 quibus
2686 5079 3060 5148 conﬁrmaret
3107 5098 3230 5152 quas
3283 5097 3527 5138 accusa-

1883 5171 2003 5239 bat,
2058 5168 2451 5237 interrogatus
2509 5170 2598 5222 est
2655 5167 2897 5223 delator.
2940 5169 3041 5225 Ille
3091 5186 3224 5226 vero
3283 5186 3526 5242 respon-

1883 5259 1970 5313 dit
2014 5272 2211 5312 rerum
2258 5255 2444 5326 palam
2501 5256 2941 5313 manifestarum
2987 5258 3144 5315 hunc
3201 5263 3303 5315 aut
3357 5258 3524 5315 illum

1883 5346 2093 5404 adduci
2145 5349 2348 5400 testem
2402 5362 2515 5400 non
2568 5346 2798 5419 debere,
2831 5348 2931 5402 sed
2965 5347 3139 5403 simul
3201 5347 3523 5415 universos,

1884 5437 2039 5509 quod
2091 5451 2248 5506 aeque
2298 5450 2499 5490 omnes
2525 5436 2743 5491 conscii
2779 5436 3062 5492 factorum
3095 5454 3127 5491 a
3157 5451 3218 5491 se
3247 5433 3522 5506 allegato-

1883 5543 2014 5583 rum
2047 5525 2187 5580 sint.
2210 5522 2284 5578 Ut
2306 5526 2501 5579 autem
2534 5525 2733 5580 selecti
2765 5525 3004 5596 quidam
3051 5541 3118 5580 ex
3157 5523 3307 5577 clero
3338 5520 3522 5576 inter-

1883 5615 2067 5689 rogati
2097 5611 2422 5687 przesertim
2455 5613 2526 5668 de
2556 5613 2810 5682 sultane,
2835 5619 3030 5669 utrum
3057 5612 3152 5668 ille
3181 5609 3358 5668 simul
3389 5609 3522 5668 lita-
