4018 6198
358 319 360 322 τ
447 231 550 290 711

1751 230 2055 289 GEORGII
2093 225 2576 284 PACHYMBRR

3677 245 3764 304 712

443 357 717 428 νομένοις.
756 375 776 402 ι
810 353 898 411 Ὠς
927 354 1060 424 γοῦν
1091 347 1396 425 ἐκλεγέντες
1421 353 1559 412 τινὶς
1582 352 1946 427 ἡρωτήθησαν
1974 353 2083 404 τῶν
2115 353 2170 419 Α
2197 345 2287 402 καὶ
2344 352 2512 422 κρεῶν
2569 347 2724 403 ὑείων
2806 347 3088 423 ὀρέγεσθαι
3143 349 3240 417 τήν
3297 350 3421 408 κατὰ
3464 359 3761 431 Χριστιανοὺς

440 448 537 497 τοῦ
593 442 827 513 κλήρου,
885 441 973 493 καὶ
1019 437 1230 511 μᾶλλον
1281 441 1402 514 περὶ
1463 445 1559 496 τοῦ
1615 440 1869 510 σουλτὰν,
1923 440 2012 494 καὶ
2048 438 2092 494 εἰ

445 529 865 592 συλλιτανεόσας
948 534 1028 600 τῷ
1091 531 1405 606 πατριάρχῃ
1473 528 1840 594 συδκαθίσειεν
1905 531 2098 602 ἀναγι-

447 620 802 692 νωσκομένου
832 622 926 674 τιῦ
958 617 1282 694 θεολογικοῢ
1336 619 1504 696 λόγου
1555 620 1690 675 κατὰ
1739 621 1801 674 τὸ
1852 619 2097 689 σύνηθες,

448 707 605 770 εὐθὺς
653 707 984 782 ὡμολόγουν
1035 708 1178 763 οὕτω
1225 708 1489 783 γενέσθαι,
1536 711 1630 764 τὸν
1679 707 1737 764 δὲ
1786 707 2019 763 σουλτάν
2051 707 2097 762 εἶ

444 796 770 873 Χριστιανός
813 797 956 852 ἐστιν
1020 794 1126 852 εἴτε
1179 797 1269 852 καὶ
1322 800 1398 871 μή
1461 801 1536 872 μή
1590 796 1786 854 εἰδέναι
1840 794 2095 874 ἔφασκον,

443 888 580 949 τὲως
609 883 655 940 δ’
709 886 914 943 ἐκεῖνον
967 887 1091 940 τότε
1147 887 1470 961 Χριστιανὸν
1530 887 1770 960 νομίζειν
1823 884 2094 960 ἄντικρυς.

447 975 516 1033 Οὶ
545 980 679 1049 γοῦν
711 975 984 1050 κρίνοντες
1011 980 1174 1030 τοῦτο
1227 977 1392 1048 μόνον
1442 971 1736 1048 λαμϐάνειν
1785 973 1987 1044 ἤθελον
2032 974 2095 1028 τὸ

444 1063 940 1121 συλλιτανεόσαντα
1006 1067 1355 1136 καοεοθῆναι,
1403 1065 1466 1119 τὸ
1516 1062 1562 1119 δ’
1621 1065 1726 1120 εἴτε
1777 1063 2097 1138 Χριστιανὸς

443 1154 551 1210 εἷ’τε
578 1155 667 1210 καὶ
703 1156 804 1227 μὴ,
838 1155 1035 1216 ωὖτοῑς
1082 1150 1309 1230 ἔφασκον
1366 1154 1628 1225 ζητητέον
1683 1155 1841 1221 εἶναι,
1883 1155 1974 1209 καὶ
2009 1151 2095 1209 ἐπὶ

439 1243 655 1305 τούτοις
712 1242 918 1298 πολλοὶ
969 1245 1286 1316 παρήγοντο
1348 1245 1784 1318 μαρτυρήσοντες
1831 1243 1893 1297 τὸ
1939 1237 2098 1301 σέϐας

1927 1328 1950 1347 Ν

354 1394 358 1399 ,
445 1331 634 1404 ἐκείνῳ
677 1332 925 1405 μὴκατὰ
982 1331 1336 1405 Χριστιανοὺς
1380 1332 1535 1399 εἶναι,
1595 1331 1694 1386 οὐκ
1748 1329 1870 1386 οἴδα
1923 1328 1969 1386 δ’
2002 1328 2098 1384 εἴθις’

446 1419 670 1489 ἀληθὲς,
714 1419 820 1476 sifts
880 1422 988 1492 μὴν
1044 1420 1429 1495 θεραπεύοντες
1488 1422 1578 1476 τὸν
1633 1424 1922 1493 κρατοῦνα.
1954 1420 2096 1481 Τέως

445 1505 504 1563 δέ
531 1530 612 1585 γε,
667 1509 741 1570 ὡς
789 1509 1008 1582 ὕστερον
1059 1511 1206 1580 ἡμᾶς
1269 1510 1621 1572 πυνθάνεσθαι
1673 1514 1776 1563 τῶν
1832 1507 2093 1564 τοιούτων

440 1595 601 1661 τέλος
632 1593 937 1666 λαϐόντων,
970 1599 997 1652 ὁ
1031 1598 1262 1652 σουλτᾶιν
1296 1597 1622 1662 ἀποστείλας
1652 1599 1788 1672 πρὸς
1833 1599 1922 1651 τὸν
1955 1617 2096 1671 κρα-

2204 435 2490 492 πολιτείαν
2533 435 2915 514 ἐμφαίνοντος.
2975 436 3105 492 Τότε
3165 435 3223 492 δὲ
3276 439 3348 501 ὡς
3399 441 3649 504 ἀτελεστου
3672 457 3768 529 περὶ

2202 530 2300 582 τοῦ
2342 525 2570 582 σουλτᾶιν
2627 526 3041 602 βουλευομένων
3102 527 3312 585 ἐκείνων
3370 529 3525 590 ἐδόκει
3576 525 3770 608 κίνδυνος

2208 614 2431 693 ἐξῆφθαι
2462 620 2541 688 τῷ
2574 617 2909 704 πατριάρχῃ.
2967 618 3136 704 Ἦσαν
3199 613 3244 672 δ’
3295 616 3451 674 ἄλλοι
3490 621 3537 678 οἳ
3561 633 3639 682 καῖ
3661 628 3772 704 γλα.

2204 704 2514 781 φυρώτερον
2575 703 2896 779 ἐπτχείρουν
2962 702 3119 774 δῆθεν
3178 702 3770 784 προσεπιτιοέμενοι-ταῐς

2203 792 2578 870 κατηγορίαις,
2612 794 2687 858 ὡς
2716 793 2868 869 εἷ’περ
2910 793 3156 856 κάκεῖνος
3210 793 3283 858 εἷς
3323 801 3641 870 Χριστιανοὺς
3668 807 3774 878 ἄλη.

2205 887 2314 947 θῶς
2370 880 2582 954 ἐτὲλει,
2619 883 2681 939 τὸ
2737 887 2867 956 γοῦν
2918 883 3040 958 περὶ
3101 881 3304 940 ἐλεῖνον
3362 891 3597 962 Περσικὸν
3645 894 3772 951 καλὸν

2202 971 2268 1042 ἦν
2306 970 2550 1034 ἐκτόπως
2580 972 2669 1026 τὸν
2729 972 3078 1046 πατριάρχην
3135 969 3500 1052 φυλάττεσθαι·
3557 977 3676 1053 μηδέ
3696 983 3773 1057 γὰρ

2202 1059 2479 1122 κάκείνους
2544 1059 2741 1124 πάντας
2788 1060 3140 1131 Χριστιανοὺς
3200 1062 3325 1118 εἶναι
3377 1062 3410 1132 ἢ
3466 1067 3549 1120 καὶ
3599 1065 3764 1146 λογίζε-

2203 1162 2348 1214 σθαι.
2410 1149 2498 1212 Ὠς
2531 1153 2662 1225 γοῦν
2718 1151 2856 1226 πρὸς
2913 1151 2975 1206 τὸ
3029 1150 3095 1205 τὰ
3153 1147 3409 1208 δοκοῦντα
3453 1153 3776 1234 ἀποφαίνεσθαι

2203 1238 2363 1311 ἦσαν,
2410 1239 2462 1292 οἱ
2525 1240 2618 1312 μὲν
2677 1236 2926 1308 πλείους,
2959 1239 2993 1309 ἢ
3028 1240 3118 1294 καὶ
3177 1239 3368 1304 πάντες
3419 1244 3554 1318 παρά
3602 1246 3778 1319 τινὰς(ὁ

2205 1327 2674 1404 Ποντοηρακλείας
2743 1327 2990 1401 Θεόωρος
3076 1330 3234 1393 οὗτος
3289 1332 3352 1398 ἦν
3390 1375 3406 1400 ,
3470 1333 3495 1387 ὁ
3545 1334 3776 1409 Εὖχαϊτὼν

2203 1416 2474 1490 Ἀλὲξιος,
2508 1419 2536 1471 ὁ
2563 1416 2812 1489 Βρύσεως
2867 1418 3149 1487 Ἰωάννης,
3179 1417 3274 1474 καὶ
3307 1421 3418 1493 μετ’
3450 1421 3608 1477 αὐτῶν
3636 1422 3780 1479 ἄλλοι·

2204 1507 2230 1560 ὁ
2260 1507 2359 1582 γὰρ
2392 1508 2475 1580 [Ρ.
2537 1508 2658 1580 180]
2715 1506 3043 1578 Μιτυλήνης
3098 1509 3400 1584 Γρηγόριος
3434 1509 3498 1565 τὰ
3522 1509 3684 1566 πολλᾶ
3725 1518 3785 1584 τῷ

2204 1598 2521 1672 πατριάρχῃ
2566 1596 2881 1672 προσέχων,
2915 1594 3033 1652 ἐπεὶ
3090 1599 3189 1667 τὴν
3245 1595 3399 1672 δίκην
3457 1599 3784 1674 ἀπηρτημένην

442 1692 655 1756 τοῦντα,
689 1687 806 1742 ἐπεὶ
846 1687 992 1756 παρὰ
1039 1688 1138 1754 τήν
1193 1686 1359 1743 αὐτοῦ
1417 1687 1592 1744 αἰτίαν
1648 1689 1952 1760 μεμαθήκει
2001 1687 2092 1741 τὸν
2126 1720 2171 1786 Β
2206 1686 2351 1759 ἐώρα
2399 1685 2472 1754 οἱ,
2531 1685 2686 1740 νόσον
2744 1687 3097 1760 σκηψάμενος
3156 1687 3331 1761 ἀπῆν,
3376 1688 3420 1760 ᾧ
3468 1685 3529 1756 δὴ
3573 1691 3651 1745 καὶ
3703 1698 3792 1762 μετ’

442 1776 790 1852 πατριάρχην
835 1775 1170 1847 ἐξελαθέντα,
1222 1776 1314 1830 σὺν
1364 1776 1562 1839 ἄλλοις
1613 1779 1697 1839 οἷς
1746 1776 1972 1848 ἐμήνυε,
2002 1777 2092 1830 καὶ

441 1873 605 1923 τοῦτο
665 1866 966 1942 χαριέντως
1016 1865 1051 1934 ἢ
1089 1864 1302 1938 μᾶλλον
1363 1867 1454 1922 καὶ
1515 1865 1723 1941 βαθέως
1783 1865 2089 1938 ἁπτόμενος

359 1968 382 1985 ’¹
442 1959 888 2032 προσεμμήνυεν,
921 1955 1082 2026 ἀξιῶν
1115 1954 1324 2012 στεῖλαί
1357 1956 1408 2010 οἱ
1438 1960 1545 2010 τῶν
1579 1955 1782 2010 ἐκείνου
1813 1952 2093 2031 διαφερόν-

447 2068 559 2110 τως
588 2047 656 2101 τὰ
699 2047 822 2120 ἱερά
873 2045 1246 2118 περιάμματα,
1275 2043 1309 2098 ἃ
1340 2041 1406 2111 δὴ
1465 2043 1555 2098 καὶ
1614 2043 1879 2119 ἐγκόλπια
1911 2045 1938 2100 ὁ
1970 2064 2092 2098 κοι-

451 2135 543 2197 νὸς
573 2135 832 2206 ὀνομάζει
865 2132 1058 2206 λόγος,
1090 2131 1179 2186 καὶ
1207 2131 1253 2186 εἰ
1292 2130 1577 2205 βούλοιτο,
1609 2131 1700 2187 καὶ
1744 2133 1944 2206 χοίρου
1987 2152 2087 2186 τα-

455 2225 774 2299 ριχευθέντα
832 2223 1007 2295 μηρὸν
1064 2221 1139 2283 ὡς
1177 2221 1500 2296 ὀρεγόμενος
1559 2222 1746 2296 φάγοι.
1797 2222 1900 2277 Καὶ
1946 2222 2092 2276 τοῦτ’

449 2315 518 2384 ἦν
559 2312 681 2368 τότε
724 2316 806 2384 τῷ
867 2308 1082 2386 βασιλεῖ
1135 2311 1259 2384 περὶ
1315 2315 1413 2364 τοῦ
1468 2310 1814 2386 πατριάρχου
1862 2305 2090 2384 ἔλεγχος

450 2404 703 2478 ἄντικρυς
735 2443 750 2469 ,
811 2404 890 2472 τῷ
950 2400 1044 2473 μὲν
1095 2399 1229 2453 εἶναι
1304 2403 1413 2456 τῶν
1471 2401 1628 2454 θείων
1685 2398 2090 2471 ἐκτυπωμάτων

447 2491 820 2565 κροσκυνητην
880 2488 942 2542 τὸ
1002 2482 1158 2549 σέϐας
1216 2487 1382 2543 αὐτοῦ
1441 2493 1839 2564 παριστῶντος,
1895 2491 1975 2559 τῷ
2036 2484 2093 2542 δὲ

449 2688 577 2744 nias
629 2686 934 2742 recitasset.
981 2699 1115 2739 cum
1160 2681 1513 2755 patriarcha,
1547 2686 1602 2738 et
1631 2683 1773 2738 dum
1807 2682 2096 2755 legeretur

446 2777 684 2833 divinus
715 2789 907 2830 sermo
939 2773 1010 2828 de
1041 2787 1220 2836 more,
1254 2771 1574 2828 assedisset
1604 2788 1740 2839 una,
1774 2773 1970 2827 statim
2005 2789 2092 2829 re-

444 2865 809 2938 sponderunt
838 2862 922 2919 ita
952 2863 1172 2918 factum
1204 2859 1409 2929 fuisse,
1433 2860 1631 2917 sultan
1653 2877 1788 2917 vero
1819 2861 2094 2918 Chsistia-

445 2971 558 3011 nus
581 2968 762 3010 necne
783 2951 859 3009 sit
879 2968 942 3007 se
963 2950 1221 3019 nescire;
1245 2964 1312 3006 ac
1334 2953 1457 3006 tum
1492 2950 1728 3020 quidem
1760 2967 1822 3006 se
1856 2955 2093 3023 putasse

441 3045 608 3100 illum
643 3041 1061 3098 Christianum.
1086 3038 1242 3094 Velle
1271 3043 1467 3094 autem
1491 3055 1553 3096 se
1575 3038 1830 3107 aiebant,
1854 3039 2091 3108 judices

442 3133 553 3188 hoc
575 3130 766 3188 solum
791 3146 894 3202 pro
919 3126 1257 3185 testimonio
1290 3126 1574 3198 accipere,
1595 3126 1772 3182 simul
1807 3144 2004 3183 orasse
2035 3132 2091 3184 et

444 3221 738 3278 assedisse
764 3217 1057 3274 sultanem
1092 3233 1105 3272 :
1140 3215 1331 3286 qualis
1361 3220 1560 3271 autem
1593 3216 1788 3282 fuerit,
1815 3216 2095 3273 Christia-

445 3327 559 3365 nus
589 3325 664 3364 an
696 3322 982 3379 paganus,
1017 3305 1398 3375 quaerendum
1427 3320 1496 3359 ex
1525 3320 1586 3358 se
1620 3321 1733 3360 non
1762 3322 1911 3360 esse.
1945 3305 2093 3360 Prm-

443 3400 533 3451 ter
561 3395 671 3449 hos
699 3408 837 3464 ergo
868 3390 1134 3463 producti
1167 3389 1266 3444 alii
1298 3389 1465 3444 multi
1495 3396 1636 3446 sunt
1681 3392 1778 3462 qui
1819 3392 2093 3448 testiﬁca-

445 3487 648 3540 rentur
659 3498 775 3537 non
789 3479 1096 3536 esseillum
1113 3478 1415 3549 religionis
1427 3478 1770 3535 Christiana:
1785 3483 2066 3536 cultorem
2079 3522 2091 3535 .

441 3573 605 3637 Quod
640 3575 836 3626 utrum
863 3567 951 3622 illi
980 3583 1048 3622 ex
1077 3582 1210 3622 vero
1233 3567 1595 3624 afﬁrmarent
1617 3585 1686 3622 an
1705 3569 2094 3638 obsequentes

439 3659 781 3733 imperatori
855 3658 1163 3729 ﬁngerent,
1214 3655 1368 3711 haud
1446 3655 1630 3712 habeo
1707 3663 2091 3730 compertum.

440 3749 832 3822 Cognovimus
865 3753 1057 3802 tamen
1111 3748 1334 3816 postea,
1365 3743 1585 3816 perlato
1612 3748 1730 3814 jam
1765 3752 1821 3802 et
1851 3764 2093 3803 exsecu-

443 3839 589 3895 tioni
635 3837 915 3894 mandato
961 3833 1204 3905 judicio,
1236 3833 1528 3889 sultanem
1567 3835 1664 3892 ubi
1695 3835 1957 3892 audisset
1986 3855 2094 3895 sua

441 3945 621 3985 causa
637 3927 968 4000 depositum
998 3924 1413 3998 patriarcham,
1430 3924 1666 3980 misisse
1689 3927 1756 3980 ad
1788 3927 2093 3996 imperato-

441 4035 566 4076 rem
590 4018 734 4090 (sive
768 4017 822 4072 id
845 4016 980 4086 joco
1011 4015 1130 4068 sive
1161 4013 1314 4069 serio
1347 4019 1447 4068 aut
1480 4031 1830 4086 quocunque
1855 4018 2090 4073 domum

437 4108 684 4164 consilio
718 4105 940 4176 fecerit)
971 4104 1072 4176 qui
1103 4119 1238 4159 eum
1274 4108 1547 4175 rogarent
1576 4105 1645 4159 ad
1673 4123 1735 4159 se
1767 4105 1995 4161 mittere
2023 4121 2091 4160 ne

437 4200 781 4270 gravaretur
829 4195 1092 4266 quaedam
1123 4210 1194 4249 ex
1226 4193 1352 4248 suis
1402 4193 1586 4248 sacris
1637 4193 1931 4259 amuletis,
1965 4213 2092 4265 qum

437 4285 700 4357 vulgaris
750 4299 944 4340 sermo
974 4287 1140 4338 vocat
1171 4281 1457 4353 encolpia,
1491 4282 1794 4338 icunculas
1825 4283 2094 4340 videlicet

437 4374 653 4447 gestari
676 4374 748 4429 de
769 4371 915 4428 collo
939 4371 1259 4443 pendentes
1281 4370 1351 4426 ad
1377 4369 1572 4425 sinum
1599 4370 1899 4442 rcligionis
1912 4389 2089 4426 causa

444 4433 676 4530 solitas,
698 4433 1021 4533 etjussisse
1052 4463 1116 4514 ut
1145 4459 1427 4514 adderent
1447 4475 1528 4523 se,
1555 4459 1602 4514 si
1633 4433 1806 4515 vellet
1837 4460 2087 4532 impera-
2125 4433 2164 4496 D

435 4558 528 4609 tor
551 4550 846 4622 religionis
867 4565 986 4605 suae
1008 4547 1302 4618 specimen
1327 4547 1652 4618 capere,vel
1669 4548 1824 4620 porci
1849 4549 2086 4604 salitum

440 4643 634 4698 femur
689 4639 857 4696 avide
913 4641 1336 4693 comesturum.
1367 4639 1489 4702 Quo
1530 4637 1866 4694 testimonio
1918 4639 2089 4710 plane

439 4732 594 4788 266
622 4728 1084 4786 confirmabatur
1111 4724 1451 4797 imperatori
1473 4725 1644 4797 culpa
1666 4727 1723 4782 in
1749 4726 1856 4780 hoc
1888 4743 2091 4783 vacare

437 4819 856 4892 patriarcham,
890 4831 1025 4871 cum
1085 4831 1284 4870 revera
1341 4813 1734 4870 Christianum
1785 4815 1974 4869 sultan
2029 4833 2089 4872 se

437 4911 715 4982 probaret
761 4911 888 4962 tum
939 4903 1266 4959 exhibendo
1319 4920 1382 4959 se
1428 4921 1727 4960 sacrarum
1762 4905 2088 4976 imaginum

439 5003 861 5059 veneratorem,
885 5000 1010 5050 tum
1053 5009 1116 5050 se
1140 4997 1380 5065 gustare
1431 4992 1678 5050 libenter
1708 5010 1915 5051 carnes
1945 4994 2089 5050 suil-

436 5088 527 5145 las
557 5085 930 5144 declaranda.
954 5083 1238 5139 Caeterum
1285 5091 1424 5140 tunc
1476 5099 1609 5138 cum
1643 5085 1702 5137 in
1735 5083 1850 5138 illis
1883 5084 1953 5138 de
1985 5100 2086 5154 pa-

437 5175 696 5234 triarcha
719 5172 1240 5247 disquisitionibus
1262 5171 1430 5243 quasi
1454 5188 1554 5242 pro
1584 5172 1962 5227 fundamento
1985 5189 2088 5242 po-

440 5271 681 5324 neretur
712 5264 957 5321 minime
989 5260 1153 5320 illum
1189 5262 1370 5318 fuisse
1401 5258 1753 5314 Christianis
1799 5261 2089 5332 mysteriis

436 5356 759 5424 initiatum,
791 5353 997 5424 utique
1028 5350 1334 5406 videbatur
1381 5350 1502 5404 inte
1551 5347 1886 5419 impendere
1937 5351 2088 5422 peri-

437 5445 640 5503 culum
671 5441 1036 5516 patriarchae.
1064 5439 1243 5495 Erant
1284 5437 1382 5508 qui
1412 5434 1686 5493 callidius
1717 5440 1776 5492 et
1806 5437 1879 5494 ad
1911 5439 2088 5496 ﬁnem

435 5537 674 5595 intentas
706 5527 1099 5588 damnationis
1130 5526 1564 5598 assequendum
1587 5523 1884 5583 efﬁcacius
1916 5544 2089 5602 argu-

2203 1770 2518 1850 ἐμϐριθείας
2561 1775 2587 1829 ὁ
2619 1779 2831 1850 κρατῶν
2891 1774 2991 1848 ἐμὲ
3048 1776 3125 1838 ὡς
3181 1782 3435 1848 voratpr
3488 1776 3787 1834 ἀποστέλλων

2199 1864 2235 1934 ἢ
2268 1864 2504 1934 ἀπαντᾷν
2536 1863 2572 1933 ἢ
2605 1859 2812 1920 διδόναι
2851 1865 2950 1933 τὴν
3000 1864 3232 1940 γνώμην
3293 1865 3518 1935 ἐκέλευε,
3547 1867 3626 1922 καὶ
3657 1864 3784 1940 μόλις

2200 1955 2298 2022 τὴν
2325 1951 2526 2009 οἰκείαν
2559 1955 2788 2027 γνώμην
2817 1957 2897 2026 τῷ
2925 1973 2983 2008 τε
3013 1954 3294 2027 Λαρίσσης
3345 1959 3526 2028 Θωμᾷ,
3567 1959 3636 2027 τῷ
3679 1957 3790 2014 Nau-

2200 2043 2410 2096 πάκτου
2467 2040 2694 2115 Ἰωάννῃ
2751 2040 2842 2098 καὶ
2898 2042 2976 2114 τῷ
3030 2038 3533 2118 Ἀδριανουπόλεως
3581 2047 3792 2116 Γερμανῷ

2200 2127 2661 2206 προσανετίθετο),
2693 2131 2746 2183 οἱ
2774 2133 2902 2204 γοῦν
2946 2130 3093 2205 παρὰ
3137 2129 3271 2194 τοὺς
3318 2130 3619 2207 εἱρημένους
3647 2129 3697 2185 ἐκ
3717 2134 3792 2185 τοῦ

2200 2225 2544 2294 παραχρῆμα
2599 2218 2906 2293 καθαίρεσιν
2979 2223 3076 2275 τοῦ
3132 2218 3481 2296 πατριάρχου
3543 2219 3793 2296 κατεψηφί-

2205 2314 2382 2378 ζοντο,
2441 2306 2588 2376 πλὴν
2651 2308 2724 2371 ὡς
2781 2305 3203 2385 φυγοδικοῦντος
3263 2310 3325 2366 τὸ
3381 2307 3562 2365 πλέον’
3615 2310 3668 2363 τὸ
3713 2327 3791 2382 γαρ

2203 2397 2432 2452 σουλτᾶν
2468 2393 2577 2451 εἷ’τε
2618 2398 2946 2472 Χριστιανὸς
2991 2395 3064 2454 εἴν
3117 2396 3235 2454 εἴτε
3280 2399 3373 2456 καὶ
3425 2400 3520 2473 μὴ,
3567 2398 3638 2454 ἐπ’
3666 2399 3797 2470 ἀμοι-

2203 2481 2394 2550 ϐόλοις
2425 2485 2659 2559 ἐτίθουν,
2706 2485 2966 2561 ὁποχρῶν
3017 2484 3076 2544 δὲ
3121 2489 3267 2563 πρὸς
3298 2484 3586 2560 καταδίκην
3627 2490 3694 2558 τῷ
3724 2505 3797 2539 κα-

2206 2685 2633 2755 mentarentur,
2665 2681 2986 2756 allegantes
3014 2700 3229 2758 parum
3252 2685 3322 2740 ad
3349 2699 3624 2741 summam
3646 2681 3803 2738 crimi-

2204 2771 2298 2828 nis
2315 2771 2529 2828 referre
2550 2771 2800 2828 sultanis
2819 2772 3008 2845 ipsius
3029 2777 3186 2829 statu
3201 2790 3258 2830 m
3285 2774 3476 2848 quoad
3498 2771 3801 2846 religionem.

2202 2859 2276 2916 Ut
2326 2859 2483 2916 enim
2533 2858 2633 2915 ille
2684 2875 2883 2916 revera
2938 2860 3316 2918 Christianus
3374 2861 3564 2928 fuerit,
3617 2863 3742 2915 certe
3777 2873 3804 2912 a

2204 2948 2394 3005 Persis
2443 2949 2572 3020 ejus
2621 2948 2939 3004 comitibus
2981 2950 3209 3020 pariter
3238 2954 3296 3007 et
3328 2950 3640 3022 prosmicue
3666 2942 3804 3003 simul

2202 3036 2431 3093 cunctis
2479 3037 2863 3094 admittendis
2895 3054 3098 3095 cavere
3132 3039 3415 3096 debuisse
3447 3036 3806 3110 patriarcham,

2204 3143 2337 3181 cum
2368 3126 2514 3182 satis
2545 3131 2839 3184 constaret
2868 3143 3250 3202 nequaquam
3283 3128 3418 3186 illos
3438 3126 3807 3184 universosaut

2200 3215 2382 3271 fuisse
2430 3219 2534 3272 aut
2581 3215 2814 3273 habitos
2864 3232 2992 3273 esse
3037 3217 3430 3275 Christianos.
3464 3216 3536 3273 Ut
3562 3219 3727 3272 autem
3751 3211 3804 3265 ad

2199 3304 2480 3362 dicendas
2504 3305 2826 3362 sententias
2842 3309 3083 3362 ventum
3116 3312 3235 3379 est,
3259 3306 3523 3380 plerique
3543 3308 3635 3362 aut
3650 3298 3808 3376 potius

2200 3410 2404 3449 omnes
2470 3398 2678 3466 praeter
2730 3395 3015 3467 quosdam
3075 3395 3163 3467 (hi
3226 3397 3469 3453 fuerunt
3521 3392 3807 3451 Theodorus

2199 3482 2490 3538 Heracleas
2547 3483 2737 3554 Ponti,
2794 3483 3031 3540 Alexius
3104 3484 3552 3551 Euchaitarum,
3599 3481 3809 3536 Joannes

2199 3571 2418 3644 Brysis,
2443 3578 2499 3628 et
2536 3589 2671 3629 cum
2705 3573 2796 3630 his
2828 3573 2928 3629 alii
2963 3591 2976 3629 :
3013 3591 3153 3630 nam
3187 3573 3508 3647 Gregorius
3535 3571 3808 3643 Mitylenes,

2199 3661 2541 3735 patriarchae
2575 3662 2827 3719 multum
2861 3663 3117 3732 deditus,
3143 3664 3250 3720 ubi
3288 3663 3583 3739 prospexit
3608 3661 3656 3716 ei
3681 3659 3808 3714 dam-

2199 3751 2494 3807 nationem
2555 3751 2886 3820 imminere,
2939 3751 3221 3810 simulato
3277 3754 3485 3811 morbo
3541 3749 3724 3815 abfuit,
3757 3745 3809 3799 ad

2199 3855 2372 3911 quem
2403 3838 2628 3912 impetu
2674 3841 2900 3896 ardenti
2951 3841 3280 3913 imperator
3333 3858 3449 3908 me,
3483 3856 3582 3913 pro
3625 3854 3682 3893 eo
3722 3848 3808 3904 quo

2197 3931 2338 3983 tunc
2368 3927 2656 4000 fungebar
2687 3929 2896 3985 notarii
2929 3947 3199 4001 munere,
3234 3932 3323 3987 ire
3351 3929 3646 3986 confestim
3668 3921 3813 3996 jussit

2197 4018 2682 4073 denuntiaturum
2715 4022 2780 4074 ut
2809 4019 3048 4075 omnino
3079 4024 3184 4076 aut
3213 4019 3448 4076 veniret
3488 4023 3584 4074 aut
3619 4018 3811 4071 senten-

2197 4105 2338 4160 tiam
2371 4123 2538 4162 suam
2573 4106 2720 4162 mihi
2749 4108 2821 4163 ad
2849 4110 3144 4180 synodum
3181 4109 3449 4165 relaturo
3506 4108 3717 4170 ederet;
3759 4098 3812 4153 ad

2197 4211 2324 4265 quae
2356 4194 2407 4250 is
2438 4211 2589 4269 aegre
2631 4197 2867 4252 tandem
2927 4213 3291 4269 responsum
3349 4195 3673 4270 expediens,
3702 4187 3815 4243 dixit

2197 4298 2280 4349 se,
2314 4283 2468 4353 quod
2500 4283 2752 4340 Thomas
2787 4285 3054 4352 Larissae,
3085 4287 3354 4344 Joannes
3386 4282 3678 4357 Naupacti,
3705 4279 3816 4335 Ger-

2198 4387 2409 4427 manus
2468 4373 2927 4445 Adrianopoleos
2986 4375 3257 4448 episcopi
3309 4378 3630 4437 censerent,
3674 4368 3815 4423 etiam

2199 4461 2394 4532 ipsum
2446 4462 2685 4526 sentire,
2717 4478 2780 4518 ac
2810 4462 2958 4519 velle
3009 4463 3202 4520 tribus
3250 4464 3521 4537 ipsorum
3569 4455 3818 4528 suffragiis

2200 4566 2374 4605 suum
2399 4556 2676 4622 quartum
2698 4549 2871 4623 plane
2894 4553 3280 4609 consentiens
3295 4545 3818 4626 adjungi),excepti8.

2199 4637 2461 4711 inquam,
2494 4639 2588 4695 his
2637 4656 2786 4714 quos
2836 4641 3009 4696 modo
3049 4641 3390 4712 nominavi,
3423 4639 3627 4713 reliqui
3655 4647 3819 4694 omnes

2201 4733 2546 4802 praesentem
2561 4729 3092 4786 exauctorationem
3109 4731 3472 4802 patriarchae
3485 4726 3822 4786 concordibus

2201 4817 2442 4874 calculis
2475 4818 2874 4887 decreverunt,
2899 4819 3002 4876 sed
3036 4819 3258 4891 majori
3309 4836 3383 4876 ex
3426 4822 3587 4893 parte
3616 4816 3681 4874 ob
3709 4827 3820 4869 con-

2198 4907 2516 4965 tumaciam
2577 4907 2726 4964 267
2790 4924 2907 4964 non
2960 4907 3219 4966 sistendi
3283 4926 3348 4966 se
3396 4907 3617 4980 judicio
3661 4922 3672 4959 :
3713 4916 3820 4957 nam

2200 4998 2420 5053 crimen
2440 4998 2510 5052 de
2533 4995 2766 5053 sultane
2796 4995 3033 5069 longam
3057 5014 3168 5054 nec
3193 4998 3596 5056 necessariam
3626 4993 3823 5051 aiebant

2201 5102 2438 5158 poscere
2469 5085 2947 5157 disquisitionem
2992 5088 3063 5142 de
3111 5087 3410 5160 religione
3440 5089 3584 5158 ejus,
3614 5100 3717 5156 qua
3742 5081 3820 5133 de.

2198 5176 2365 5248 fungi
2395 5174 2612 5242 liceret,
2640 5175 2700 5230 in
2731 5175 3009 5246 ambiguo
3041 5173 3447 5249 relinquendo
3494 5172 3821 5232 Christianus

2200 5281 2381 5319 necne
2433 5263 2627 5333 fuerit,
2660 5264 2898 5319 nitendo
2947 5267 3145 5319 autem
3180 5265 3257 5319 ad
3292 5265 3716 5321 damnationem
3744 5274 3819 5311 ac-

2200 5351 2385 5408 cusati
2445 5368 2510 5408 eo
2564 5352 2720 5424 quod
2767 5357 2827 5407 et
2878 5357 3028 5408 certo
3085 5356 3400 5410 constaret
3443 5360 3501 5410 et
3537 5349 3816 5410 secundum

2195 5441 2354 5514 leges
2413 5442 2732 5512 sufﬁceret,
2777 5439 3148 5497 recusatione
3181 5441 3465 5500 videlicet
3491 5433 3818 5515 comparandi

2198 5536 2333 5588 ante
2383 5529 2713 5602 legitimum
2762 5527 3042 5598 tribunal,
3073 5543 3199 5600 quo
3245 5530 3362 5588 rite
3407 5533 3615 5590 citatus
3657 5524 3814 5587 fuerit.
