3920 6196
152 376 251 432 713

1208 375 1305 428 DE
1341 374 1715 429 MICHALLE
1752 373 2204 431 PALJEOLOGO
2240 375 2374 431 LIB.
2414 378 2512 431 IV.

3458 385 3568 440 714

150 498 547 575 τηγορουμένῳ
574 497 637 551 τὸ
667 502 766 565 τῆς
804 493 1126 573 φυγοδικίας
1171 496 1261 551 καὶ
1322 495 1483 569 μόνον
1542 495 1795 568 ἐνόμιζον
1826 503 1877 566 Α
1909 495 2195 570 νεγκόντας
2226 498 2326 566 τὴν
2358 501 2459 563 τῆς
2491 495 2647 570 δίκης
2674 504 2855 576 ψῆφον
2888 507 2964 575 τῷ
3010 505 3356 579 πατριάρχῃ.
3384 510 3446 559 Ὃ
3497 504 3564 575 δὴ

153 583 426 663 ἔγκλημα,
460 586 535 647 ὡς
596 584 679 640 ἐπ’
719 583 1028 663 ἒγκλήμασι
1087 589 1165 657 τῷ
1220 582 1607 661 φυγοδικοῦντι
1666 606 1804 657 συμ-

152 673 351 732 6α⁷ινον.
390 677 459 732 Οἱ
521 673 577 730 δε
635 675 723 729 καὶ
778 674 951 752 σφίσιν
1008 668 1321 729 ἀντέϐαινον
1370 675 1595 743 ἱκανῶς,
1631 673 1703 734 ὡς
1756 672 1804 727 εἶ

157 769 241 840 μὲν
276 767 353 828 ὡς
386 766 726 833 κοινωνήσας
761 758 1113 818 ἀλλοσεϐἐσιν
1159 764 1187 817 6
1246 764 1593 838 πατριάρχης
1649 760 1804 825 εὐθύ-

150 878 316 926 νοιτο,
349 860 571 929 πρῶτον
610 854 730 924 μὲν,
762 851 888 908 ἀλλ’
920 850 1128 923 ἄδηλον
1174 853 1233 907 ’ὀν
1294 851 1339 907 εἰ
1397 847 1608 913 ἀσεϐεῖς
1666 850 1803 905 ἐκεῖ·

153 967 252 1009 νοι,
297 946 363 999 τὸ
420 938 677 1018 ἔγκλημα
734 936 1046 1015 συμϐαίνειν
1102 940 1416 1013 ἐξασθενεῖν.
1479 940 1541 997 Εἰ
1603 937 1659 993 δὲ
1716 939 1801 993 καὶ

153 1042 264 1099 ταῖς
291 1034 581 1105 ἀληθείαις
614 1031 713 1103 ἔξω
744 1038 842 1101 τῆς
890 1028 1065 1099 αὐλῆς
1120 1034 1215 1085 τοῦ
1272 1032 1509 1105 Χριστοῦ
1563 1030 1591 1084 6
1648 1026 1808 1084 σουλ-

154 1127 260 1191 ταν,
288 1125 381 1178 τὸν
422 1123 517 1196 μὲν
550 1121 898 1196 πατριάρχην
930 1120 1019 1174 καὶ
1073 1119 1245 1180 οὕτως
1304 1118 1586 1182 ἀνεύθυνον
1647 1118 1803 1188 εἶναι,

152 1222 242 1272 τοῦ
300 1216 509 1277 παντὸς
568 1213 656 1269 ἐπὶ
712 1217 791 1285 τῷ
853 1215 1217 1287 μαρτυροῦντι
1262 1210 1521 1283 κειμενοι)
1553 1230 1564 1242 ο
1602 1212 1629 1264 6
1661 1208 1706 1264 δ’
1737 1211 1803 1279 ἦν

155 1308 179 1361 6
212 1302 498 1367 Πισσιδίας
539 1302 837 1379 Μακάριος.
870 1301 935 1358 Εἰ
985 1297 1031 1355 δ’
1064 1299 1178 1371 οὖν,
1207 1299 1352 1355 ἀλλά
1403 1299 1806 1364 συνευθῦνεσθαι

153 1396 399 1458 καὶτοὺς
430 1392 638 1455 ἄλλους
687 1396 769 1464 τῷ
816 1392 1152 1466 πατριάρχη,
1184 1390 1542 1463 Χριστιανούς
1598 1410 1657 1464 γε

153 1508 240 1548 τας
271 1487 361 1540 καὶ
421 1480 1023 1559 προσκεκληρωμὲνους
1077 1484 1157 1552 τῷ
1206 1478 1355 1552 θείῳ,
1386 1480 1503 1543 καθ’
1538 1475 1803 1547 ὀνδηποτ-

157 1580 241 1630 οὖν
301 1573 730 1649 εὑρισκομένους
762 1570 997 1646 βαθμὸν,
1028 1571 1111 1631 οἷς
1171 1566 1237 1639 δὴ
1297 1568 1387 1623 καὶ
1436 1566 1701 1645 ὠφείλετο
1755 1566 1806 1637 ἐξ

159 1665 399 1739 ἀνάγκης
432 1662 870 1735 ὑπομιμνήσκειν
902 1664 983 1732 τῷ
1029 1659 1347 1734 πατριάρχῃ
1401 1659 1491 1712 καὶ
1548 1654 1806 1712 ἀναστελ-

164 1771 270 1809 Αειν
329 1754 437 1822 την
489 1751 689 1806 ἐκεῖθεν
747 1745 1081 1825 βεϐήλωσιν.
1114 1747 1189 1805 Τὸ
1250 1744 1307 1802 δὲ
1361 1746 1589 1809 τούτους
1635 1767 1810 1821 παρα-

1715 1384 1807 1443 ὅν-

1918 584 2006 639 καὶ
2064 583 2286 656 συνέϐη,
2342 586 2708 662 ἐξορισθὲντος
2767 591 2881 664 ἅμα
2934 597 3011 664 τῷ
3068 595 3480 668 καθαιρεθῆναι,
3529 597 3565 665 ἢ

1919 674 2130 746 μᾶλλον
2164 676 2252 729 καὶ
2285 675 2498 751 ἐρήμην
2530 676 2762 750 ἁλῶναι,
2793 681 3061 739 κάκείνου.
3093 682 3181 745 Ὠς
3224 680 3281 737 δὲ
3335 683 3562 738 πολλῶν

1914 764 2036 819 τότε
2090 764 2554 838 καταπινομένων
2616 767 2793 845 λόγων
2849 769 3008 832 τέλος
3054 772 3142 826 καὶ
3177 774 3325 826 οὗτοι
3359 778 3563 841 συνῆν.-

1915 854 2004 907 θον
2062 860 2177 916 τοῖς
2236 852 2430 918 ἄλλοις
2491 854 2701 920 ἑκόντες
2728 858 2968 932 ἄκοντες,
3000 866 3255 937 κυροῦται
3288 864 3321 930 ἡ
3380 865 3562 939 ψῆφος

1914 941 2002 996 καὶ
2063 945 2090 997 ὁ
2146 943 2494 1019 πατριάρχης
2582 944 2665 1001 ἐπὶ
2745 950 3048 1023 καθαιρέσει
3128 948 3561 1019 καταδικάζεται.

1915 1031 2090 1087 Λῦσαν
2144 1029 2189 1086 δ’
2244 1031 2482 1109 αἰψηράν
2564 1034 2792 1111 ἀγορὴν,
2849 1042 3148 1107 ποιητικῶς
3219 1038 3397 1115 φάναι,
3455 1043 3562 1093 τῶν

1920 1120 2184 1194 βασιλέων
2222 1123 2651 1199 εὐφημηθὲντων
2680 1126 2815 1179 κατά
2860 1128 2922 1181 τὸ
2981 1127 3229 1197 σύνηθες.
3264 1126 3417 1195 Πλὴν
3475 1127 3563 1181 καὶ

1916 1207 2010 1264 δύο
2042 1212 2322 1266 τάττονται
2378 1212 2524 1287 παρὰ
2557 1214 2640 1286 lP.
2678 1216 2799 1288 181]
2842 1220 2948 1269 τῶν
2989 1217 3262 1291 ἱεραρχῶν
3312 1216 3564 1291 ἱεράρχαι

1914 1298 2243 1363 ἀπελθόντες
2271 1300 2337 1355 τὰ
2368 1301 2513 1375 παρά
2542 1309 2642 1371 τῆς
2673 1301 2900 1358 συνόδου
2955 1304 3268 1380 πραχθέντα
3322 1310 3568 1378 σημῆναι

1912 1394 1993 1462 τῷ
2021 1388 2317 1464 καταδίκῳ.

1918 1507 1977 1575 ζ’.
2009 1506 2588 1602 ’ρπιιξςκάπελθηὸντες
2643 1514 2789 1597 τρεῖς
2830 1510 3114 1602 ἀρχιερεῖς
3144 1511 3193 1583 ἐξ
3251 1511 3565 1602 ἀποστολῆς

1983 1581 2091 1631 τῶν
2130 1576 2333 1660 ’.ἄλλων
2384 1583 2463 1650 τῷ
2520 1576 2842 1657 πατριάρχῃ
2868 1576 2876 1586 ’
2907 1576 3007 1637 θ’
3056 1591 3149 1653 τῆς
3180 1576 3567 1660 ’καθαιρέσεως

1984 1645 2405 1724 παρεδήλωσαν.

1988 1746 2180 1821 Ὀψίας
2236 1753 2366 1823 γοῦν
2426 1746 2616 1820 δείλης
2670 1750 2805 1826 πρὸς
2880 1751 3083 1807 ἐκεῖνον
3168 1754 3569 1824 ἀπηντηκότες,

166 1841 465 1917 δραμόντας
525 1840 613 1895 ἐπὶ
676 1835 822 1913 μὸνῳ
878 1843 957 1911 τῷ
985 1838 1300 1913 πατριάρχῃ
1358 1833 1513 1907 δίκην
1545 1837 1695 1908 ἱστᾷν
1729 1838 1805 1909 μὴ
1839 1836 2186 1937 Β,παρὸντος
2244 1838 2333 1892 καὶ
2390 1842 2485 1893 τοῦ
2541 1837 2755 1915 κλήρου
2805 1841 3027 1909 παντὸς,
3067 1838 3299 1912 ἐδήλουν
3358 1862 3415 1897 τε
3470 1844 3571 1911 τήν

162 1935 287 1988 εἶναι
318 1930 537 1987 δίκαιον
595 1930 657 1985 τὸ
708 1927 957 2003 παράπαν
1022 1924 1153 2000 μηδ’
1183 1926 1435 1987 ἐπιεικῶς
1467 1921 1712 2001 εὔλογον.
1747 1926 1807 1981 Ὁ

164 2020 208 2077 δ’
236 2022 329 2077 οὗν
366 2018 653 2081 Πισσιδίας
686 2019 819 2092 πρὸς
874 2017 936 2071 τὸ
976 2010 1396 2089 ἀποϐησόμενον
1451 2015 1668 2091 ἀφορῶν
1730 2015 1810 2087 (τὸ

162 2113 256 2187 γὰρ
284 2109 547 2185 ἔγκλημα
583 2106 877 2182 μυρτῦριον
910 2106 975 2175 ἦν
1024 2110 1120 2160 τοῦ
1152 2105 1241 2159 καὶ
1295 2108 1485 2158 τοῦτον
1522 2107 1591 2176 τῇ
1647 2123 1810 2158 κατα-

163 2199 277 2275 δίκῃ
326 2199 725 2274 συνυπάγεσθαι
761 2214 773 2226 ·
808 2195 869 2249 οὐ
907 2197 1009 2269 γὰρ
1064 2192 1121 2248 ἂν
1184 2191 1389 2266 δόξαιεν
1448 2195 1663 2255 πάντως
1719 2192 1809 2246 τὸν

167 2291 512 2365 πατριάρχην
576 2284 802 2348 δικαίως
832 2281 1240 2357 καταδεκάζειν,
1274 2282 1319 2337 εἰ
1370 2284 1445 2356 μὴ
1501 2282 1589 2337 καὶ
1649 2282 1810 2336 αὐτὸν

172 2379 460 2449 εὖθῦνοιεν)
494 2376 578 2453 ἐφ’
608 2375 847 2449 ἡσυχίαν
907 2374 1219 2446 καθήμενος
1265 2373 1353 2439 ἦν.
1384 2372 1549 2427 Τὸσον
1603 2368 1648 2425 δ’
1680 2370 1815 2426 ἐκεί-

178 2490 282 2529 νοις
340 2466 509 2539 ἕμελε
566 2464 763 2520 τούτου
822 2463 959 2518 ὥστε
1016 2460 1142 2517 οὐδὲ
1189 2462 1251 2516 τὸ
1280 2466 1496 2536 πρῶτον
1531 2458 1819 2516 συνεκαλέ-

177 2578 324 2612 σαντο
383 2557 575 2629 μαθεῖν
634 2551 684 2624 ἐξ
741 2552 947 2608 ἐκείνου
992 2551 1061 2607 τὰ
1108 2550 1357 2626 περὶτοῦ
1391 2549 1641 2605 σουλτάν.
1677 2548 1819 2611 Τέως

174 2644 217 2701 δ’
246 2645 397 2720 ὅμως
425 2645 530 2699 οὐκ
553 2643 619 2713 ἦν
664 2642 822 2697 αὐτὸν
881 2638 1134 2716 δέχεσθαι
1189 2639 1316 2702 τοὺς
1376 2636 1445 2694 δι’
1474 2640 1637 2695 αὐτὸν
1692 2636 1814 2692 ἐπε-

177 2851 297 2917 His,
331 2852 627 2922 quatenus
655 2846 717 2902 in
750 2845 1028 2918 ambiguo
1061 2843 1474 2916 relinquebant
1505 2842 1726 2899 crimen
1753 2843 1826 2898 de

181 2940 436 3007 sultane,
482 2936 852 2993 obsistebant
898 2933 997 2990 alii
1051 2933 1195 2990 satis
1230 2931 1533 2988 verisimili
1581 2932 1823 2999 ratione,

179 3028 604 3085 contendentes
637 3024 809 3096 plane
842 3032 1154 3095 purgatum
1188 3023 1261 3077 de
1286 3038 1351 3077 eo
1391 3021 1574 3076 videri
1615 3020 1827 3076 debere

177 3115 596 3191 patriarcham.
630 3114 773 3169 Nam
798 3128 934 3168 eum
966 3111 1203 3183 quidem
1227 3128 1341 3182 quo
1382 3114 1550 3182 pacto
1597 3126 1823 3177 aquam

178 3209 251 3261 sit
301 3204 601 3269 damnari,
654 3201 795 3273 quia
844 3201 1125 3273 prol‘unos
1153 3199 1212 3254 in
1268 3216 1462 3255 rerum
1521 3214 1822 3253 sacrarum

179 3293 663 3352 communionem
696 3290 1024 3357 admiserit,
1077 3290 1124 3345 si
1174 3288 1447 3359 profanos
1500 3288 1646 3343 istos
1683 3303 1830 3358 quos

184 3383 429 3439 admisit
464 3382 646 3436 fuisse
693 3396 807 3433 non
862 3377 1147 3433 constet?
1181 3377 1246 3431 Et
1303 3382 1599 3446 utcunque
1630 3392 1692 3430 se
1740 3391 1833 3429 res

182 3471 483 3534 habuerit,
540 3469 818 3524 idoneum
878 3484 977 3523 eos
1029 3484 1131 3538 pro
1172 3465 1522 3520 Christianis
1577 3462 1826 3519 habendi

186 3559 519 3632 patriarcha
537 3557 811 3612 habuerit
827 3560 1122 3610 auctorem
1148 3555 1467 3610 Macarium
1492 3552 1833 3624 episcopum

190 3649 445 3714 Pisidia,
481 3661 659 3718 penes
690 3660 863 3715 quem
897 3645 953 3698 in
986 3641 1237 3698 solidum
1271 3643 1422 3713 ejus,
1465 3642 1516 3696 si
1564 3658 1681 3713 qua
1727 3646 1836 3707 est,

194 3738 304 3793 acti
338 3735 514 3806 culpa
545 3732 829 3790 resideat?
873 3737 1149 3802 praterea
1197 3748 1313 3786 non
1358 3730 1691 3802 patriarcha
1740 3744 1838 3783 so-

199 3827 290 3883 lus
342 3843 410 3881 eo
463 3825 701 3880 nomine
759 3822 1134 3877 damnandus
1190 3822 1434 3889 venerit,
1484 3820 1584 3874 sed
1634 3822 1691 3873 et
1742 3817 1841 3872 alii

201 3915 370 3971 multi
406 3914 506 3986 qui
532 3911 711 3968 simul
742 3916 882 3966 tunc
912 3927 1045 3966 cum
1080 3926 1146 3965 eo
1178 3909 1235 3964 in
1268 3908 1488 3981 templo
1509 3909 1692 3978 fuere,
1726 3922 1843 3961 non

209 4003 524 4060 Christiani
557 4000 877 4065 solum,sed
912 3999 1082 4055 etiam
1113 3998 1265 4053 clero
1298 3997 1561 4069 ascripti,
1592 4010 1841 4067 quorum

211 4093 472 4166 singulos
494 4109 597 4163 pro
618 4091 840 4145 ratione
856 4089 1378 4161 graduscujusque
1401 4086 1721 4157 stringebat
1738 4100 1846 4138 sua

208 4197 338 4251 pars
368 4179 543 4236 oﬂicii
579 4179 648 4233 ad
683 4176 1079 4232 excludendos
1109 4176 1295 4247 adytis
1329 4176 1605 4245 profanos
1629 4177 1685 4227 et
1730 4188 1846 4225 non

215 4268 762 4326 communicandum
800 4267 857 4321 in
908 4264 1156 4337 mystica
1205 4264 1505 4320 iunctione
1552 4277 1685 4317 cum
1731 4278 1845 4316 non

214 4358 476 4413 initiatis.
510 4357 652 4420 Quis
683 4356 839 4410 enim
871 4355 1055 4425 possit
1086 4354 1358 4409 dubitare
1397 4353 1536 4423 quin
1570 4350 1777 4406 saltem
1810 4350 1849 4405 ii

216 4447 515 4502 debuerint
548 4446 867 4499 admonere
896 4442 1380 4514 patriarcham,et
1400 4457 1533 4495 cum
1568 4457 1681 4496 non
1705 4442 1851 4495 fece-

214 4534 339 4598 rint,
374 4536 517 4608 quin
550 4534 707 4603 ejus,
744 4532 791 4586 si
818 4531 973 4603 quod
1005 4529 1335 4601 est,piaculi
1368 4528 1849 4600 contagionemin
1887 4535 1929 4598 D

222 4641 276 4679 se
304 4623 610 4688 traxerint,
644 4621 717 4676 ob
752 4636 927 4692 quam
962 4619 1149 4690 etipsi
1177 4621 1297 4673 sint
1331 4635 1510 4689 poena
1558 4618 1792 4672 obnoxii
1825 4620 1852 4673 ‘I

222 4713 529 4769 Prateritis
555 4727 727 4782 porro
760 4714 845 4765 tot
872 4709 998 4764 aliis
1029 4707 1410 4779 participibus
1441 4706 1711 4778 culpze,in
1738 4724 1853 4762 uno

229 4803 510 4871 puniendo
570 4799 938 4855 severitatem
997 4798 1215 4853 harere
1273 4795 1604 4869 patriarcha
1668 4813 1857 4866 neque

228 4908 443 4961 aequum
470 4906 664 4962 neque
694 4888 997 4945 tolerabile
1026 4889 1267 4944 omnino
1299 4889 1477 4944 videri
1505 4904 1693 4959 posse.
1728 4888 1859 4942 Hac

228 4981 416 5037 videns
448 4980 687 5037 Pisidia
717 4977 986 5047 antistes,
1018 4982 1077 5032 et
1125 4979 1241 5033 vim
1301 4976 1622 5048 prajudicii
1676 4977 1745 5032 ad
1797 4993 1861 5031 se

232 5084 445 5141 quoque
477 5069 535 5123 in
573 5068 842 5123 eamdem
877 5082 1009 5121 cum
1045 5066 1373 5137 patriarcha
1422 5064 1859 5120 damnationem

236 5156 632 5213 involvendum
670 5154 1021 5227 pertinentis
1069 5171 1268 5211 secum
1305 5159 1604 5226 reputans,
1649 5153 1864 5209 tacitus

236 5245 373 5301 208
420 5246 683 5302 sedebat.
737 5243 949 5299 Nocuit
996 5243 1079 5298 illi
1124 5243 1342 5298 nimius
1394 5245 1554 5298 favor
1601 5243 1863 5298 Patrum.

239 5332 368 5390 Nam
400 5340 463 5390 ut
491 5334 543 5390 ei
580 5338 907 5405 parcerent,
940 5332 1342 5387 abstinuerant
1396 5333 1467 5387 ab
1508 5349 1573 5386 eo
1613 5331 1867 5400 juridice

240 5420 633 5494 interrogando
699 5426 824 5476 tum
884 5437 1019 5476 cum
1074 5420 1467 5477 discuteretur
1527 5419 1867 5492 patriarcha

245 5509 382 5566 circa
437 5511 740 5567 sultanem
802 5511 1043 5577 factum,
1077 5510 1249 5579 cujus
1299 5510 1426 5582 ipse
1479 5526 1612 5581 pars
1661 5510 1868 5566 fuerat.

243 5597 391 5655 Nunc
419 5617 620 5656 serum
648 5603 773 5655 erat
800 5599 971 5655 illum
1020 5615 1252 5670 vocare,
1306 5599 1615 5655 manifesto
1669 5600 1873 5672 utique

252 5688 571 5760 prajudicio
606 5689 972 5744 damnatam.
999 5687 1116 5744 Nec
1145 5691 1374 5761 poterat
1402 5686 1595 5744 locum
1618 5688 1875 5761 amplius

514 5809 787 5871 PATBOL.
836 5808 947 5872 Gn.
985 5806 1249 5870 CXLIII.

1915 1924 2183 2003 ἀπόφασιν
2241 1927 2329 1981 καὶ
2386 1926 2461 1988 ὡς
2518 1925 2747 1998 ἐξελθεῖν
2793 1926 3139 2002 ἐτοιμασθείη
3172 1928 3567 1987 διεκελεύοντο.

1914 2021 1968 2069 '0
2013 2011 2069 2069 δὲ
2124 2019 2341 2091 πρῶτον
2403 2016 2499 2089 μὲν
2545 2018 2949 2091 εὐχαριστήσας
2977 2020 3093 2091 Θεῷ
3123 2016 3345 2093 ἕτοιμον
3380 2019 3566 2073 ἑαυτὸν

1918 2108 2186 2178 παχεῖχεν
2241 2104 2595 2181 ἀπέρχεσθαι,
2655 2106 2763 2177 ὅπη
2822 2107 2911 2161 καὶ
2975 2107 3285 2183 βούλοιντο.
3340 2110 3567 2166 Ἔπειτα

1922 2191 1980 2248 δὲ
2034 2192 2126 2247 καὶ
2183 2193 2319 2268 πρὸς
2374 2194 2466 2248 τὸν
2520 2196 2727 2269 κλῆρον
2776 2196 3025 2273 στραφείς
3058 2217 3070 2230 ·
3106 2221 3132 2249 ‹‹
3166 2198 3242 2251 Τά
3293 2199 3387 2270 μὲν
3447 2197 3563 2252 κατ’

1922 2281 2020 2356 ἐμὲ
2102 2282 2252 2347 ὅπως
2332 2280 2528 2355 συνέϐη
2606 2292 3068 2361 παραχωροῦντος
3146 2291 3299 2359 Θεοῦ,
3358 2284 3569 2356 οἷ’δατε,

1922 2374 2082 2428 τέκνα
2115 2392 2128 2404 ·
2163 2369 2245 2427 δεῖ
2275 2370 2319 2427 δ’
2352 2374 2506 2446 ὅμως
2538 2373 2800 2430 εὐπειθεῖν
2832 2381 2912 2448 τῷ
2961 2377 3089 2449 θείῳ
3144 2376 3438 2450 θελήματι,
3469 2374 3564 2431 κᾶν

1926 2462 2076 2524 ὅπως
2108 2460 2430 2535 οἰκονομοίη
2461 2464 2527 2517 τὰ
2557 2465 2669 2518 καθ’
2702 2466 2873 2538 ἡμᾶς.
2904 2466 3096 2538 Ἡμεῖς
3141 2466 3236 2539 μὲν
3297 2463 3387 2520 οὖν
3444 2486 3572 2520 ποι-

1931 2550 2085 2623 μὲνες
2141 2551 2431 2626 ταχθέντες
2490 2550 2747 2626 κρίμασιν
2807 2556 2891 2616 οἷς
2950 2552 3063 2609 οἶδε
3117 2556 3179 2609 τὸ
3236 2558 3457 2629 Πνεῦμα
3511 2552 3575 2608 τὸ

1930 2640 2081 2716 ἅγιον
2112 2641 2174 2695 τὸ
2205 2640 2458 2713 καλέσαν,
2492 2641 2538 2696 εἰ
2591 2641 2681 2697 καὶ
2739 2642 3008 2717 ἀναξίους,
3037 2645 3206 2719 ἡμᾶς,
3238 2643 3388 2707 ὅπως
3444 2642 3583 2699 κατὰ

1934 2843 2149 2899 habere
2182 2844 2613 2916 qualiscunque
2644 2845 2832 2916 ipsius
2859 2846 3141 2912 defensio,
3176 2846 3301 2914 jam
3337 2842 3582 2915 prolatis

1936 2932 2255 2989 multorum
2288 2934 2601 2989 sententiis
2633 2934 2690 2989 in
2716 2951 2813 2989 eos
2838 2934 2937 3005 qui
2969 2950 3103 2990 cum
3138 2933 3393 3004 profanis
3419 2949 3585 2989 com-

1937 3023 2364 3091 municassent,
2390 3040 2516 3093 qua
2543 3023 2821 3095 suifragia
2851 3021 3034 3078 nihilo
3066 3022 3263 3077 minus
3296 3021 3587 3077 Pisidien-

1940 3126 2061 3165 sem
2095 3126 2272 3181 quam
2307 3112 2499 3181 ipsum
2536 3111 2928 3181 patriarcham
2977 3111 3335 3183 afﬂigebant.
3382 3112 3586 3182 Itaque

1940 3200 2217 3254 damnato
2232 3199 2699 3270 patriarcha,aut
2716 3200 2908 3270 potius
2922 3200 3143 3255 indicta
3157 3216 3334 3255 causa
3348 3205 3585 3272 propter

1939 3287 2270 3358 neglectum
2286 3288 2688 3343 vadimonium
2705 3288 3583 3359 deposito,Pisidiensisquoque

1940 3376 1995 3430 in
2028 3376 2297 3431 exsilium
2330 3376 2537 3447 pulsus
2568 3382 2823 3433 est.Post
2853 3378 3039 3433 multa
3061 3379 3119 3432 in
3153 3378 3265 3432 ista
3287 3383 3584 3433 concerta-

1941 3465 2098 3520 tione
2138 3467 2292 3520 ultro
2324 3465 2585 3536 citroque
2616 3466 3128 3537 allegata,tandem
3162 3472 3217 3522 et
3249 3465 3307 3521 hi
3330 3466 3589 3521 volentes

1945 3559 2209 3611 nolentes
2238 3572 2370 3610 cum
2413 3556 2547 3610 aliis
2580 3562 2999 3623 convenerunt,
3048 3561 3105 3610 et
3154 3556 3426 3612 concordi
3462 3557 3592 3626 jam

1946 3646 2400 3716 synodijudicio
2458 3646 2746 3715 depositio
2805 3645 3147 3717 patriarcha
3206 3646 3432 3701 sancite
3486 3652 3592 3701 est.

1948 3735 2258 3789 Solveruut
2288 3739 2499 3799 autem,
2534 3740 2599 3789 ut
2631 3735 2850 3806 poetice
2881 3735 3097 3802 dicam,
3140 3735 3407 3789 subitum
3456 3751 3594 3789 cou-

1946 3828 2211 3890 ventum,
2236 3827 2292 3877 et
2323 3822 2845 3877 acclamationibus
2883 3823 2941 3877 in
2982 3824 3264 3878 honorem
3296 3823 3594 3893 imperau-

1950 3914 2096 3967 tium
2127 3911 2300 3966 editis
2329 3911 2401 3965 de
2433 3927 2614 3976 more,
2641 3916 3033 3982 pratereaque
3063 3911 3293 3965 duobus
3326 3908 3597 3980 praesuli-

1953 4003 2064 4057 bus
2111 4000 2311 4055 electis
2370 4000 2468 4070 qui
2516 4000 2756 4055 nomine
2804 4000 3009 4071 synodi
3062 3998 3595 4054 exauctorationem

1954 4088 2292 4161 patriarcha
2314 4089 2730 4144 denuntiarent
2759 4105 2956 4160 suam,
2990 4088 3119 4143 linis
3149 4087 3464 4157 impositus
3496 4102 3598 4142 ne-

1953 4180 2109 4252 gotio
2141 4182 2249 4233 est.

1954 4340 2009 4395 7.
2046 4340 2109 4396 Ut
2154 4338 2314 4392 missi
2359 4337 2626 4409 arsynodo
2677 4338 2748 4393 ad
2792 4336 3182 4409 patriarcham
3219 4335 3326 4391 duo
3358 4333 3606 4407 episcopi
3662 4364 3675 4372 ι

2183 4426 2342 4464 suam
2373 4408 2425 4465 ei
2452 4408 2864 4465 damnationem
2891 4410 3365 4479 signiﬁcaverunt.

2035 4534 2172 4588 Inde
2232 4535 2341 4588 sub
2400 4548 2702 4603 vesperam
2756 4532 3537 4604 conveniuntpatriarcham
3569 4528 3611 4585 ii

1965 4639 2111 4695 quos
2144 4622 2397 4677 diximus
2428 4623 2496 4676 ad
2530 4622 2589 4676 id
2616 4640 2649 4677 a
2680 4622 2902 4691 synodo
2935 4620 3175 4688 electos,
3209 4626 3267 4676 et
3297 4619 3453 4677 clero
3476 4635 3619 4689 pra-

1966 4716 2129 4767 sente
2162 4710 2455 4775 universo,
2491 4715 2798 4781 postquam
2854 4726 3022 4765 suam
3057 4709 3142 4764 illi
3187 4708 3619 4781 depositionem

1960 4799 2208 4870 juridice
2240 4798 2633 4863 declararunt,
2660 4799 2863 4854 eadem
2892 4798 3089 4870 ipsum
3123 4797 3464 4854 auctoritate
3487 4797 3622 4867 jus-

1968 4892 2169 4944 serunt
2200 4887 2471 4958 expedire
2498 4904 2626 4943 sese
2667 4904 2733 4942 ac
2771 4903 3115 4959 comparare
3147 4888 3216 4944 ad
3279 4886 3615 4959 proximum

1969 4976 2392 5032 discessum.At
2425 4975 2522 5031 ille
2552 4977 2760 5048 gratiis
2786 4976 3042 5048 primum
3073 4977 3188 5032 Deo
3211 4977 3621 5047 actis,promp-

1970 5070 2094 5121 tum
2121 5070 2509 5135 paratumque
2533 5082 2590 5120 se
2610 5064 2872 5120 exhibuit
2894 5065 2963 5119 ad
2982 5066 3243 5121 eundum
3259 5062 3616 5135 quovellent.

1971 5155 2121 5209 Tum
2156 5155 2225 5207 ad
2260 5152 2481 5209 clerum
2537 5170 2878 5218 conversus,
2938 5176 2965 5203 (κ
3000 5157 3135 5219 Res,
3197 5153 3410 5224 inquit,
3443 5149 3526 5206 uti
3558 5164 3621 5204 se

1976 5259 2115 5298 mea
2148 5241 2403 5297 habeant
2439 5247 2549 5297 Deo
2582 5244 2979 5312 permittente,
3014 5241 3364 5304 nostis,ﬁlii:
3398 5240 3624 5308 oportet

1976 5336 2171 5387 tamen
2196 5333 2564 5400 acquiescere
2592 5331 2799 5385 divina
2830 5332 3141 5396 voluntati,
3176 5334 3231 5385 et
3253 5328 3387 5384 boni
3410 5341 3626 5383 consu-

1978 5420 2095 5475 lere
2144 5420 2429 5491 quidquid
2484 5421 2555 5474 de
2606 5420 2775 5474 nobis
2811 5420 3173 5474 Providentia
3204 5415 3474 5472 decrevit.
3507 5412 3625 5466 Nos

1979 5527 2111 5565 cum
2133 5511 2452 5565 fuissemus
2470 5514 2735 5580 pastores
2757 5506 3263 5579 prafectijudiciis
3281 5504 3432 5557 notis
3448 5498 3632 5569 Spiri-

1982 5599 2071 5653 tui
2102 5605 2328 5667 sancto,
2358 5599 2455 5669 qui
2486 5598 2713 5654 vocavit
2743 5614 2850 5652 nos
2884 5597 3150 5666 quamvis
3172 5589 3633 5664 indignos,269

1982 5692 2181 5746 tamen
2210 5694 2383 5761 prout
2413 5687 2719 5760 potuimus
2748 5703 2981 5758 gregem
3014 5684 3280 5756 pavimus
3312 5688 3367 5740 et
3391 5699 3494 5740 vos
3524 5681 3628 5739 Ec-

3285 5805 3361 5867 23
