4018 6198
449 321 557 378 715
1740 312 2038 369 GEORGII
2075 312 2100 365 ι

2218 311 2421 365 ΗῩΜΕ
2430 312 2547 365 RE
3702 316 3794 372 ⁸716

444 445 508 500 τὸ
539 440 759 499 δυνατὸν
790 442 924 512 ἡμῖν
957 435 1324 510 ἐποιμάναμεν
1357 435 1446 492 καὶ
1477 437 1544 490 τὰ
1589 437 1706 490 καθ’
1735 438 1882 508 ἡμᾶς
1944 431 2083 504 διεξ-
2114 436 2164 501 Α
2197 431 2448 509 στραφεὶς
2476 431 2615 506 πρὸς
2643 427 2770 492 τοὺς
2827 427 3190 505 πεμφθέντας,
3236 453 3265 481 ‹‹
3298 425 3564 508 Ἀδελφοὶ,
3594 454 3615 485 ι
3655 435 3793 510 εἶπεν,

445 534 673 606 ἤγομεν,
700 527 762 583 οὐ
813 525 1000 588 καλῶς
1059 525 1152 598 μὲν
1215 522 1366 595 ἴσως,
1418 524 1620 586 ἱκανῶς
1679 521 1736 578 δὲ
1794 522 1930 577 κατά
1993 523 2091 592 τὴν
2206 546 2234 574 ‹‹
2264 519 2381 576 ἰδοὺ
2413 522 2778 594 ἡτοιμάσθην,
2808 519 2898 575 καὶ
2931 519 2994 574 οὐ
3025 522 3461 596 ταραχθήσομαι,
3488 520 3575 577 κᾶν
3603 524 3630 579 δ
3654 547 3699 581 τι
3723 533 3792 585 καὶ

444 620 712 692 ἡμετέραν
773 613 1025 688 δύναμιν,
1059 611 1242 668 οἴδατε
1275 631 1286 645 ⁸
1319 612 1371 668 τί
1425 612 1493 668 τὰ
1549 610 1695 682 δῆλα
1747 611 1840 667 καὶ
1898 611 2090 687 λέγω;
2205 610 2288 665 ἐπ’
2317 609 2440 684 ἐμοὶ
2501 609 2811 685 βούλοισθε.
2846 610 2923 667 Τὸ
2978 608 3071 664 οὖν
3130 610 3509 685 ὑμὲτερον,ὡς
3533 615 3794 690 φατὶ,χατ-

446 709 600 781 ὅμως
629 705 876 768 πολλοὺς
907 706 1000 778 μὶν
1038 702 1166 768 ἴσως
1195 702 1286 758 καὶ
1335 701 1714 776 ἐλυπήσαμεν,
1745 701 1890 775 παρά
1950 699 2093 756 πολ-
2206 699 2453 775 επράχϐη
2514 703 2809 774 [Ιραττὲτω
2866 699 2956 754 καί
3004 699 3067 754 τὸ
3127 698 3313 755 λεῖπον
3372 701 3400 755 6
3445 704 3701 777 Βασιλεὺς,
3728 709 3794 762 καὶ

444 799 558 853 λῶν
619 795 678 852 δὲ
729 795 820 851 καὶ
877 793 1253 867 ἐλυπήθημεν,
1317 790 1756 867 σ·.›νδιαφὲροντες
1813 789 2093 861 ἀλλήλοις
2206 788 2344 843 ὅπου
2377 788 2514 843 ἲτὲον
2547 790 2685 861 ἡμῖν
2716 787 2766 859 ἐξ
2818 787 2985 858 αὐτῆς
3034 787 3321 856 κελευέτω,
3352 788 3388 857 ἢ
3447 789 3641 862 μᾶλλον
3687 815 3798 868 πεμ-

443 890 540 951 τάς
599 888 725 962 παρ’
756 885 1021 955 ἀλλήλων
1075 881 1394 958 ἀπεχθείας.
1429 885 1667 938 Τοιαῦτα
1725 880 1824 956 γὰρ
1875 881 1942 935 τά
1993 887 2094 949 τῆς
2206 877 2351 933 πὲτω
2377 879 2464 932 καὶ
2496 877 2629 940 τοὺς
2659 878 2984 948 ἀπάξοντας.
3015 874 3155 934 Οὐδὲ
3185 878 3289 953 γὰρ
3321 877 3558 952 ἔρίσομεν
3607 883 3660 936 τὸ
3707 905 3794 939 πα-

449 976 782 1048 ἘχχΛησίας
840 973 1150 1050 σπλάγχνα.
1210 972 1284 1034 ὡς
1342 972 1431 1026 καὶ
1489 969 1868 1046 βαρυνομένων
1931 970 2091 1042 ἡμῶν
2209 967 2402 1043 ράπαν,
2461 965 2556 1022 κᾶν
2617 967 2769 1045 ξίφος
2833 969 3260 1043 προσετοιμάζοι
3343 964 3436 1022 κᾶν
3510 971 3723 1028 Θάνατον.
3771 999 3793 1027 ιι

451 1069 524 1129 ὡς
553 1065 800 1139 πατέρων
851 1064 990 1136 ὑμᾶς
1049 1063 1125 1124 ὡς
1163 1063 1322 1116 τέχνα
1377 1058 1684 1134 ἀνέχεσθαι,
1717 1058 1806 1113 καὶ
1853 1058 2094 1132 ἀπεχθα-
2205 1059 2362 1111 Ταῦτ’
2391 1056 2556 1112 εἰπὼν
2615 1056 2902 1128 ἀπέπεμπε
2964 1062 3080 1130 μετ’
3137 1056 3362 1131 εἰρήνης
3414 1056 3620 1128 πάντας,
3666 1061 3794 1126 αὐτὸς

449 1157 693 1228 νομένων
717 1157 878 1208 τινῶν
913 1152 1054 1225 ὑμᾶς
1085 1148 1234 1212 αὖθις
1265 1148 1609 1223 ἀλογοῦντας
1644 1151 1744 1214 τῆς
1802 1146 2098 1221 ἀπεχθείας
2209 1143 2267 1200 δὲ
2294 1151 2416 1210 τοῖς
2446 1147 2600 1208 ὅλοις
2633 1145 2975 1220 ὲξαμελήσας
3017 1145 3271 1216 ἐκάθητο,
3300 1145 3364 1201 τὸ
3412 1145 3513 1201 ἀπὸ
3562 1151 3646 1202 τοῦ
3693 1170 3794 1225 χρα.

452 1247 526 1307 ὡς
577 1243 719 1318 μέλη
778 1243 976 1316 γνήσια
1025 1239 1298 1315 περιέπειν
1377 1238 1508 1299 τοὺς
1590 1237 2094 1311 ἀπεχθανομένους.
2207 1239 2427 1298 τοῦντος
2460 1235 2740 1309 ἀναμένων
2773 1234 3121 1310 πρόσταγμα.

452 1339 558 1390 Νῦν
620 1330 710 1389 οὖν
758 1331 946 1405 καιρὸς
1005 1326 1282 1400 ἀλλήλοις
1341 1327 1552 1404 ἀφεῖναι
1597 1326 1666 1381 τὰ
1723 1323 2095 1404 ὀφειλήματα,

451 1424 550 1478 Καὶ
585 1420 651 1491 δὴ
683 1423 745 1476 τὸ
798 1421 891 1493 μὲν
938 1419 1028 1473 ἀπ’
1059 1415 1296 1490 ἐμαυτοῦ
1353 1415 1638 1490 ἐκπληρῶ,
1669 1423 1758 1470 καί
1815 1419 2097 1490 συγχωρῶ

447 1518 601 1582 πᾶσι,
632 1510 723 1566 καὶ
781 1508 890 1579 ὅπη
946 1512 1024 1580 τῷ
1076 1511 1190 1578 Θεῷ
1246 1503 1517 1582 βουλητὸν
1576 1503 1874 1580 προθύμως
1931 1505 2099 1578 ἀπέρ-

450 1621 648 1678 χομαι.
679 1601 862 1673 Ὑμεῖς
909 1593 966 1651 δὲ
1013 1595 1160 1652 ἀλλά
1205 1597 1271 1649 τά
1325 1599 1434 1649 τῶν
1486 1599 1688 1648 σκευῶν
1728 1594 1795 1648 τά
1839 1600 1941 1663 τῆς
1973 1596 2098 1649 Έκ-

448 1689 701 1761 κλησίας,
739 1687 830 1742 καὶ
879 1685 978 1741 ὅσα
1021 1686 1072 1738 ἐν
1117 1685 1354 1746 πέπλοις
1403 1682 1612 1756 τιμίοις
1666 1683 1758 1738 καὶ
1815 1681 2094 1756 λειψάνοις

451 1779 613 1855 ἁγίων
671 1777 762 1832 καὶ
815 1770 1055 1852 βίϐλοις,
1087 1767 1412 1836 ἀπελθόντες
1469 1775 1556 1842 [Ρ.
1592 1774 1715 1844 182]
1754 1772 1845 1826 καὶ
1890 1772 2009 1835 καθ’
2037 1770 2092 1825 ἓν

452 1868 660 1930 ὶδόντες
710 1867 798 1921 καὶ
853 1863 1376 1941 ἀναψηλαφήσαντες
1431 1859 1814 1936 παραδέξασθε,
1879 1861 1955 1934 μή
2008 1861 2102 1920 καί

451 1979 533 2020 τις
589 1953 897 2034 ἱεροσυλίας
953 1956 1103 2026 ἡμᾶς
1158 1951 1592 2027 γράψηται.Καὶ
1647 1952 1709 2005 τὸ
1741 1949 1935 2005 λοιπὸν
1971 1948 2100 2024 χαί-

455 2068 574 2125 ρετε
652 2045 702 2101 ἰν
788 2045 990 2119 Κυρίῳ,
1044 2041 1222 2111 τέκνα,
1283 2041 1374 2096 καὶ
1435 2042 1685 2110 σώζεσθε.
1735 2041 1899 2112 Ἡμῖν
1959 2037 2016 2094 δὲ
2073 2040 2100 2094 6

456 2136 750 2208 ἑπενδότης
795 2134 886 2190 καὶ
941 2135 1004 2189 τὸ
1059 2133 1243 2204 πυξίον
1295 2134 1383 2186 καὶ
1432 2129 1556 2207 τρία
1585 2135 1691 2184 τῶν
1723 2131 2100 2203 νομισμάτων,

457 2229 490 2284 ’ἀ
547 2227 614 2298 δὴ
671 2225 761 2281 καὶ
817 2229 898 2297 τῷ
954 2221 1330 2299 πατριαρχείῳ
1397 2216 1815 2296 προσϐαίνοντες
1875 2219 2097 2294 εἴχομεν

455 2319 592 2374 κατά
645 2315 846 2371 κανόνα
896 2317 1005 2368 τῶν
1058 2315 1342 2387 μοναχῶν,
1372 2311 1462 2364 καὶ
1492 2315 1659 2365 ταῦτα
1692 2307 1851 2370 ἰδίοις
1905 2309 2098 2372 κόποις

453 2412 572 2469 τοῖς
602 2404 662 2461 ἐκ
694 2406 1075 2479 μετεγγραφῆς
1132 2399 1413 2474 ψαλτῆρος
1470 2399 1734 2469 κτηθέντα
1781 2397 1945 2454 πάλιν
2000 2397 2102 2453 λα-

453 2491 642 2559 ϐόντες
672 2493 871 2566 ἔξιμεν.
906 2516 934 2543 ››
975 2493 1156 2548 Ταῦτα
1205 2490 1294 2544 καὶ
1351 2490 1557 2545 τοιαῦθ’
1607 2486 1761 2565 ἕτερα
1812 2489 1952 2565 πρὸς
2006 2490 2098 2544 τὸν

451 2582 662 2658 κλῆρον
697 2579 886 2648 εῇτὼν,
920 2578 1058 2633 ὥστε
1085 2577 1175 2632 καὶ
1209 2575 1268 2630 ἐκ
1302 2579 1401 2631 τοῦ
1455 2576 1651 2650 σχεδὸν
1709 2573 1964 2639 ἀπελθεῖν
2021 2597 2103 2631 τι-

449 2691 544 2734 νας
576 2669 665 2725 ἐπὶ
685 2673 755 2744 τῇ
784 2673 892 2722 τῶν
925 2665 1086 2744 ἁγίων
1146 2661 1484 2740 παραλήψει,
1511 2665 1585 2720 ὧν
1643 2664 1734 2720 καὶ
1787 2663 1948 2728 αὐτὸς
2005 2667 2096 2736 ἦν,

2208 1353 2280 1422 η’.
2333 1353 2531 1426 Ὅπως.
2603 1353 2824 1426 πεμψας
2903 1351 2932 1405 6
2995 1347 3251 1426 βασιλεὺς
3326 1348 3490 1426 ἐξάγει
3569 1356 3652 1426 τοῦ
3714 1374 3792 1407 παι

2279 1423 2602 1510 τριαρχείου
2681 1421 2776 1478 τόν
2846 1421 3218 1496 πατριάρχην,
3275 1423 3364 1477 καὶ
3420 1421 3484 1477 τά
3531 1423 3640 1478 τότε
3683 1447 3797 1498 συμ-

2281 1515 2470 1550 σαντα.

2280 1595 2388 1666 Νὺξ
2437 1592 2524 1666 ἧν,
2555 1591 2680 1668 περί
2730 1613 2835 1648 που
2891 1593 2958 1647 τά
3013 1589 3302 1648 τελευταῖα
3360 1597 3692 1664 Πυαντιῶνος,
3729 1593 3799 1650 ὅτι

2207 1682 2298 1736 καὶ
2357 1681 2493 1758 πρὸς
2541 1682 2604 1738 τὸ
2665 1681 3021 1758 αἰθριώτερον
3071 1681 3390 1747 καθίσταται
3421 1682 3449 1737 6
3475 1682 3574 1756 ἀὴρ
3599 1687 3691 1738 τῶν
3718 1684 3797 1739 ἀπὸ

2207 1775 2303 1825 τοῦ
2351 1775 2634 1846 χειμῶνος
2691 1769 3028 1846 ἀπαλλαγεὶς
3086 1768 3394 1847 δυσχερῶν,
3442 1772 3501 1826 τὸ
3553 1769 3679 1826 πολὺ
3726 1778 3800 1841 τῆς

2211 1858 2424 1923 νοτίδος
2453 1855 2771 1916 ἀποϐαλών.
2808 1861 2911 1917 Καὶ
2943 1858 3010 1930 δὴ
3043 1861 3142 1929 τήν
3178 1861 3404 1936 πρώτην
3455 1859 3676 1928 φυλακήν
3723 1868 3797 1930 τῆν

2211 1950 2402 2012 νυκτὸς
2428 1948 2642 2020 ἐκείνης
2673 1951 2725 2004 οἱ
2781 1954 2878 2005 τοῦ
2915 1947 3186 2026 βασιλέως
3243 1951 3542 2022 πέμπονται
3591 1948 3661 2027 ἐφ’
3685 1947 3799 2025 ᾧπερ

2207 2039 2300 2093 τὸν
2354 2036 2816 2103 καταδικασθέντα
2897 2038 3293 2114 καταγαγόντες
3368 2040 3642 2113 ἀπαγαγεῖν
3693 2041 3798 2094 ὅπου

2210 2127 2298 2182 καὶ
2338 2127 2810 2203 προσετάχθησαν.
2841 2129 2928 2191 Ὡς
2985 2133 3111 2203 γοῦν
3175 2128 3368 2184 αὐτίκα
3422 2127 3800 2202 κατήγετο,ἐπι-

2211 2213 2310 2280 ϐἀς
2367 2223 2463 2274 τοῦ
2525 2219 2780 2293 μεγίστου
2825 2223 2987 2286 ναοῦ,
3030 2222 3160 2284 στάς
3214 2220 3352 2294 πρὸς
3404 2225 3518 2281 ταῖς
3571 2221 3798 2293 μεγίσταις

2209 2305 2430 2380 πύλαις,
2464 2307 2704 2386 ἀφωσίου
2733 2313 2814 2381 τῷ
2847 2308 3088 2382 Δεσπότᾳ
3135 2309 3356 2386 Χριστῷ
3410 2310 3475 2364 τά
3527 2308 3798 2384 εὐχαριστή-

2211 2417 2301 2471 ρια
2331 2402 2645 2472 προσκυνῶν
2701 2419 2760 2453 τε
2814 2399 2905 2453 καὶ
2965 2400 3415 2474 συνταττόμενος.
3446 2403 3528 2460 Ὡς
3571 2396 3613 2452 δ’
3641 2395 3798 2470 ἔμελλε

2211 2484 2300 2542 διὰ
2326 2493 2426 2556 τῆς
2457 2489 2574 2542 κατ’
2597 2486 2866 2550 ἀνατολὰς
2899 2487 3080 2558 πύλης
3113 2487 3423 2565 ἐξέρχεσθαι
3465 2488 3540 2565 ἐφ’
3585 2486 3625 2560 ᾧ
3672 2507 3796 2540 κατα·

2209 2570 2396 2630 λαϐεῖν
2455 2577 2516 2631 τὸ
2573 2575 2625 2631 ἐν
2679 2580 2748 2651 τῇ
2805 2572 3064 2653 Βαρϐἀρᾳ
3118 2575 3448 2655 κελλύδριον
3499 2581 3588 2632 τοῦ
3634 2587 3797 2649 θαυμαο

2204 2671 2440 2744 τουργοῦ
2473 2665 2776 2738 Νικολάου,
2808 2668 2837 2723 ’ὀ
2870 2665 2937 2740 δὴ
2970 2668 3062 2723 καὶ
3094 2670 3385 2725 συνίστατο
3427 2667 3542 2724 τότε
3593 2668 3708 2742 πρὸς
3746 2668 3798 2739 τῇ

466 2871 825 2941 clesiamque
871 2865 1356 2941 gubernavimus,
1383 2863 1627 2920 forsitan
1661 2881 1774 2920 non
1802 2864 1968 2932 bene,
2014 2880 2110 2920 ve-

461 2962 820 3025 rumtamen,
853 2963 1137 3026 quantum
1169 2952 1384 3007 virium
1436 2951 1846 3024 facultatisque
1896 2955 2112 3008 nostra:

460 3047 720 3104 tenuitas
745 3043 843 3101 tuli
856 3041 1382 3112 t,ﬁdeliter.'l‘estes
1398 3057 1499 3096 vos
1516 3041 1804 3096 habemus
1823 3040 2108 3096 omnium:

465 3137 607 3210 quid
639 3135 849 3192 attinet
879 3139 1018 3188 nota
1043 3129 1308 3204 proloqui
1339 3130 1359 3185 ?
1394 3130 1548 3186 lnter
1579 3129 1699 3184 haec
1753 3130 1878 3185 ﬁeri
1920 3135 2110 3201 potest

467 3231 534 3282 ut
551 3242 658 3281 nos
679 3223 1010 3280 molestiam
1031 3221 1236 3276 multis
1255 3219 1846 3287 facessiverimus,uti
1861 3224 1916 3274 et
1935 3220 2108 3275 vicis-

466 3316 580 3372 sim
595 3312 854 3387 perpessi
869 3327 1078 3366 sumus
1099 3308 1401 3364 molestias
1417 3307 2108 3380 plurimorum.lgnosca-

465 3421 601 3459 mus
631 3402 1150 3470 condonemusque
1181 3397 1350 3453 nobis
1380 3397 1629 3452 invicem
1662 3401 1898 3452 mutuas
1927 3397 2110 3453 oﬂ‘en-

461 3494 660 3549 siones
689 3490 750 3544 in
778 3488 1107 3544 visceribus
1137 3484 1542 3542 ecclesiastica
1583 3485 1911 3541 cbaritatis.
1962 3486 2106 3543 Nam

461 3581 617 3636 inter
634 3596 742 3635 nos
759 3580 1104 3649 comparatas
1125 3573 1580 3630 necessitudinis
1616 3573 1800 3644 poscit
1820 3573 2101 3643 officium,

461 3675 530 3724 ut
558 3673 616 3724 et
647 3683 754 3723 nos
786 3670 982 3738 patres
1012 3663 1258 3718 libenter
1288 3663 1546 3717 feramus
1578 3676 1705 3731 quae
1733 3661 1931 3732 gravia
1968 3678 2101 3733 per-

459 3759 578 3831 peti
608 3774 642 3813 a
672 3756 808 3811 ﬁliis
839 3751 1146 3824 contingit,
1179 3755 1235 3807 et
1267 3766 1368 3806 vos
1417 3749 1522 3804 ﬁlii
1583 3749 1742 3820 quod
1789 3768 1820 3804 a
1860 3755 2103 3822 paterna

456 3847 882 3922 gubernatione
914 3842 1116 3897 minus
1145 3844 1380 3912 gratum
1416 3839 1710 3894 interdum
1731 3839 1944 3912 accipit
1962 3839 2100 3896 tole-

456 3938 617 4005 retis;
649 3936 906 4005 itemque
960 3947 1091 4002 quae
1125 3930 1272 3985 forte
1323 3946 1357 3984 a
1409 3928 1691 3984 fratribus
1746 3929 2098 3986 offensiones

449 4027 758 4093 exsistunt,
791 4039 904 4080 non
939 4018 1163 4076 mutuis
1193 4017 1396 4074 ulcisci
1427 4016 1706 4085 odiis,sed
1741 4022 1804 4073 ut
1834 4019 2099 4076 membra

448 4117 714 4188 ejusdem
744 4112 1010 4184 corporis
1039 4127 1173 4164 vera
1204 4107 1336 4164 illos
1370 4107 1530 4179 ipsos
1578 4123 1784 4179 graves
1843 4108 2008 4164 vobis
2039 4115 2097 4166 et

447 4205 696 4260 infestos
724 4198 1451 4272 amplectamini.Tempus
1475 4212 1631 4251 nunc
1649 4202 1735 4251 est
1753 4197 2094 4254 dimittendi

448 4293 698 4349 invicem
731 4290 946 4345 debita.
972 4287 1280 4360 Equidem,
1313 4302 1438 4357 quae
1463 4284 1521 4340 in
1568 4284 1676 4340 hoc
1709 4301 1848 4341 mea:
1894 4292 2092 4357 partes

447 4385 795 4452 sunt,quam
831 4376 1168 4449 plenissime
1193 4391 1433 4446 possum
1466 4375 2094 4448 exsequor,indulgens
2195 4381 2571 4438 serenitatem
2603 4381 2964 4439 exhilaratus
2994 4399 3093 4439 aer
3119 4401 3191 4441 ex
3242 4385 3483 4442 hiberno
3533 4385 3694 4454 rigore
3740 4381 3786 4435 et

444 4470 902 4538 condonansque
931 4465 1159 4521 cunctis
1189 4468 1400 4519 cuncta
1432 4479 1447 4532 ;
1479 4468 1537 4518 et
1593 4479 1709 4534 quo
1743 4468 1851 4519 Deo
1903 4465 2089 4536 placi-
2118 4542 2146 4545 _
2193 4470 2460 4526 humoris
2517 4487 2618 4542 per
2669 4487 2879 4528 vernos
2934 4477 3166 4545 tepores
3235 4476 3597 4532 exuberantia
3653 4474 3786 4542 parte

438 4564 566 4614 tum
598 4561 706 4625 est,
739 4556 946 4612 alacris
979 4570 1170 4626 Ρθτξζο·
1206 4551 1319 4607 V03
1351 4551 1448 4621 ite,
1480 4567 1722 4608 censum
1770 4553 1942 4608 facite
1988 4570 2084 4612 ec-
2113 4542 2161 4606 D
2192 4575 2404 4630 magna
2434 4559 2712 4629 resoluta,
2737 4558 2956 4630 liquido
2989 4542 3232 4618 liberius
3257 4563 3398 4620 caelo
3430 4557 3784 4633 ridet,quando

440 4647 629 4704 clesize
651 4661 962 4713 vasorum;
993 4648 1050 4697 et
1093 4640 1382 4713 quidquid
1433 4639 1692 4694 velorum
1740 4647 2079 4716 caeterzeque
2188 4647 2346 4704 circa
2376 4647 2565 4719 prima
2622 4647 2883 4721 vigiliam
2943 4650 3262 4707 adfuerunt
3322 4668 3467 4724 quos
3514 4649 3786 4722 imperator

436 4737 705 4810 pretiosas
735 4735 937 4801 vestis,
973 4729 1260 4804 quidquid
1307 4734 1644 4786 sanctarum
1697 4729 2078 4800 reliquiarum
2189 4736 2428 4792 miserat
2453 4737 2524 4792 ad
2557 4737 3023 4794 condemnatum
3055 4740 3468 4798 abducendum
3520 4755 3622 4811 quo
3659 4731 3783 4806 jussi

435 4831 492 4882 et
522 4826 806 4881 librorum
837 4820 1250 4879 ecclesiasticae
1283 4818 1501 4873 habent
1547 4833 1757 4889 capsae,
1800 4836 2079 4894 recogno-
2185 4830 2372 4882 erant.
2408 4827 2459 4881 Is
2491 4842 2622 4881 cum
2656 4827 3366 4902 abduceretur,superatis
3387 4829 3645 4903 gradibus
3661 4831 3781 4880 tem-

434 4917 598 4984 scite,
634 4915 897 4987 probate,
933 4914 1260 4972 numerate,
1288 4907 1555 4978 accipite,
1588 4923 1660 4962 ne
1691 4907 1824 4979 quis
1864 4910 2076 4969 deinde
2186 4914 2266 4987 pli
2299 4915 2530 4970 maximi
2563 4921 2730 4971 stans
2761 4917 2832 4972 ad
2869 4923 3101 4989 portam
3129 4921 3411 4992 majorem
3457 4920 3655 4990 gratias
3689 4911 3782 4982 egit

433 5021 541 5060 nos
571 5002 868 5073 sacrilege
898 4999 1116 5070 rapinae
1158 4997 1343 5069 possit
1389 5012 1687 5051 accusare.
1745 4998 1820 5053 De
1865 5005 2071 5057 cmtcro
2184 5006 2631 5062 venerabundus
2664 5007 2898 5064 Christo
2944 5009 3207 5077 Domino,
3262 5011 3508 5066 adorans
3553 5012 3604 5062 et
3644 5008 3698 5058 ut
3733 5001 3777 5054 in

427 5094 678 5165 gaudete
707 5091 766 5146 in
793 5090 1059 5157 Domino,
1096 5085 1220 5157 ﬁlii,
1253 5092 1311 5142 et
1357 5084 1594 5141 salvete.
1639 5084 1756 5140 Nos
1811 5087 2067 5158 palliolo,
2184 5095 2450 5167 digressu
2484 5095 2837 5152 valedicens.
2891 5101 3023 5153 Mox
3055 5115 3190 5156 cum
3253 5101 3509 5155 exiturus
3547 5096 3681 5151 esset
3698 5104 3778 5162 per

428 5180 820 5254 pugillaribus
849 5183 906 5234 et
935 5177 1124 5233 tribus
1156 5173 1437 5237 nummis,
1473 5174 1736 5230 mercede
1767 5191 1954 5247 opera:
1993 5177 2070 5233 li-
2181 5185 2487 5241 obversum
2510 5185 2719 5241 orienti
2755 5191 3008 5258 portam,
3043 5194 3109 5244 ut
3141 5188 3212 5243 ad
3262 5186 3523 5245 cenulam
3574 5185 3624 5238 in
3664 5180 3772 5235 Bar-

425 5269 633 5327 Ῑπθιτίεθ
665 5267 1047 5325 ἀθεοτίδθοάο
1097 5263 1370 5338 Ρεθιίθτίο
1422 5262 1642 5327 locati”.
1695 5278 1821 5333 qua
1871 5267 2070 5324 omnia
2180 5273 2322 5328 bara
2351 5273 2518 5329 sitam
2549 5275 2780 5330 miriﬁci
2834 5276 3059 5332 Nicolai
3103 5292 3166 5333 se
3223 5277 3504 5332 conferret
3531 5274 3612 5344 (ea
3659 5278 3770 5322 tunc

416 5361 586 5432 juxta
609 5358 994 5415 monasticam
1017 5354 1280 5426 regulam
1305 5351 1468 5424 prius
1491 5349 1863 5422 possedimus
1889 5370 2065 5425 quam
2177 5359 2535 5418 domuncula
2566 5364 2714 5418 mari
2745 5365 3000 5434 admota,
3032 5371 3091 5420 et
3121 5366 3189 5421 ad
3224 5363 3498 5420 Oxeensis
3529 5359 3769 5415 monaste-

421 5447 840 5521 patriarchales
871 5445 1022 5501 aedes
1062 5442 1528 5515 ingrcderemur,
1563 5444 1628 5494 ut
1675 5441 1929 5512 propriis
1976 5461 2066 5501 re-
2177 5451 2244 5506 rii
2269 5452 2370 5522 jus
2401 5451 2850 5526 dominiumque
2876 5455 3194 5526 pertinens,
3230 5455 3357 5510 ideo
3405 5455 3591 5525 parata
3614 5444 3765 5500 fuerat

417 5539 696 5611 sumptis,
728 5537 976 5594 eximus.
1010 5555 1038 5583 »
1068 5531 1198 5588 Haac
1223 5537 1279 5588 et
1311 5529 1425 5585 alia
1455 5527 1747 5600 ejusmodi
1802 5533 2066 5602 quaedam
2174 5537 2364 5595 obiter
2392 5539 2732 5612 excipiendo
2763 5545 3032 5611 Arsenio,
3085 5543 3240 5615 quod
3288 5543 3339 5598 ei
3388 5541 3573 5598 sedem
3613 5527 3765 5590 exsilii

416 5627 624 5683 eﬂ‘alus
647 5627 716 5681 ad
737 5625 1045 5688 clerum,ct
1068 5625 1354 5692 tanquam
1375 5634 1511 5674 mox
1528 5615 1903 5678 discessurus
1925 5639 2063 5695 pro-

2217 5627 2328 5702 pud
2362 5628 2597 5700 Oxeam,
2632 5632 3137 5705 opportunitatem
3171 5633 3482 5705 quamdam
3509 5624 3607 5684 loci
3633 5634 3765 5679 secu-

2220 2867 2617 2938 perarejussis
2631 2867 2990 2940 quibusdam
3012 2884 3043 2924 e
3057 2869 3468 2940 praesentibus,
3491 2885 3708 2941 quorum
3719 2882 3799 2938 ego

2221 2973 2375 3011 unus
2413 2955 2594 3023 fui,ad
2626 2957 3041 3018 sacram.270
3074 2961 3138 3012 ut
3170 2958 3416 3025 dixerat,
3438 2955 3796 3029 supellectilem

2223 3051 2528 3101 numerato
2544 3044 3296 3117 recipiendam,conversus
3309 3048 3379 3102 ad
3398 3047 3596 3103 missos
3622 3060 3799 3117 asyno-

2221 3135 2908 3206 do:«Fratres,inquit,en
2932 3141 3178 3207 paratus
3201 3135 3798 3204 sum,etnonturbabor,

2214 3312 2443 3378 tis,erat
2475 3314 2749 3384 partium,
2781 3313 3021 3370 fecistis.
3053 3314 3257 3370 Faciat
3287 3322 3344 3370 et
3366 3315 3656 3387 imperator
3678 3309 3799 3384 quod

2212 3399 2505 3472 reliquum
2529 3407 2638 3467 est,
2671 3408 2730 3457 et
2760 3419 2876 3474 quo
2905 3405 3172 3458 eundum
3237 3404 3408 3460 nobis
3443 3405 3516 3460 sit
3559 3399 3796 3472 extemplo

2210 3489 2682 3560 praescribatmut
2714 3491 2909 3562 potius
2933 3492 3031 3563 qui
3063 3509 3132 3548 eo
3163 3494 3457 3549 deducant
3484 3494 3678 3557 mittat;
3706 3505 3794 3544 non

2207 3577 2364 3634 enim
2400 3579 2762 3646 resistemus,
2797 3587 2899 3635 aut
2923 3581 3257 3653 quidquam
3288 3583 3522 3638 omnino
3548 3578 3792 3637 recusabi-

2208 3683 2362 3735 mus,
2395 3667 2520 3723 sive
2550 3669 2601 3724 is
2631 3669 2894 3741 gladium
2927 3671 3048 3726 sive
3080 3677 3331 3728 mortem
3378 3671 3543 3728 etiam
3593 3672 3791 3740 paret.»

2207 3755 2306 3810 His
2337 3756 2510 3812 dictis
2541 3757 2768 3813 dimisit
2798 3759 2855 3813 in
2890 3775 3030 3830 pace
3061 3775 3292 3817 omnes.
3326 3766 3452 3833 Ipse
3483 3759 3682 3832 placide
3701 3772 3790 3811 om-

2203 3844 2370 3901 nium
2398 3862 2639 3902 securus
2683 3849 2923 3918 assedit,
2979 3849 3052 3906 ab
3099 3850 3451 3922 imperatore
3497 3849 3786 3904 mandatum

2200 3939 2566 4004 exspectans.

2199 4096 2252 4150 8.
2289 4095 2352 4152 Ut
2380 4096 2609 4171 mium;
2641 4097 2948 4171 imperator
2975 4098 3240 4155 eduxerit
3286 4099 3634 4171 patriarchali
3669 4098 3790 4153 domo

2443 4167 2848 4239 palriarcham;
2869 4173 2923 4226 et
2943 4186 3068 4242 quae
3090 4174 3224 4228 tunc
3251 4167 3586 4244 contigerint.

2269 4293 2398 4349 Mox
2425 4297 2550 4350 erat
2580 4293 2812 4349 circiter
2840 4298 3100 4351 extrema
3130 4296 3271 4354 Maii
3305 4297 3537 4366 mensis,
3585 4311 3699 4352 cum
3741 4292 3787 4346 in

2221 3222 2503 3294 quidquid
2535 3224 2607 3279 de
2639 3239 2731 3279 me
2759 3223 3259 3291 volueritis.Quod
3284 3229 3675 3290 vestrarum,ut
3695 3221 3801 3278 dici-

3943 2973 3951 3048 ἓ

3943 3053 3950 3096 ἑ
