4018 6198
247 366 349 421 717

1154 494 1181 506 ι..

1309 371 1404 425 ΒΕ
1443 368 1809 424 MICHAELE
1848 365 2296 424 PALJBOLOGO
2332 368 2466 421 LIB.
2508 367 2606 421 IV.

3553 378 3660 435 718

248 486 487 561 θαλάσσῃ
545 488 636 544 καὶ
697 490 773 554 ὡς
826 491 1089 566 μετόχιον
1116 494 1185 565 τῇ
1240 490 1419 564 Ὀξείᾳ
1456 492 1733 568 ἡρμόζετο
1766 485 2223 562 (ἐκεῖΑέκείνου
2280 487 2573 563 ἀπέχθειαν
2628 489 2701 551 ὡς
2757 490 2833 563 μή
2888 493 3015 565 παρ’
3071 490 3274 549 ἐκείνου
3333 496 3410 559 εἷς
3457 519 3656 556 κοινω-

247 578 345 654 γάρ
406 577 734 654 προχαίρως
799 576 1182 649 κατεδικάζετο
1241 580 1543 651 ἀπελθεῖν,
1594 580 1683 635 καὶ
1740 582 1902 633 τοῦτο

246 669 359 723 κατ’
419 667 739 742 οἰκονομίαν
800 667 1140 743 οἶμαιΘεοῦ,
1196 669 1277 725 ὅτι
1329 670 1418 725 καὶ
1464 671 1527 725 τὸ
1580 669 1709 746 ράκο
1764 667 1900 722 ἐκεῖ·

248 778 339 818 νος
390 756 444 812 ἐν
489 761 558 831 τῇ
609 758 785 829 Ὀξείᾳ
841 758 1076 833 πρώτως
1118 757 1282 815 ὑπέδυ
1328 760 1419 815 τὸν
1479 760 1723 833 μοναχὸν
1775 778 1899 831 μετ-

240 845 701 924 αμφιεννύμενος)
762 880 831 889 --
879 848 953 909 ὡς
1018 849 1196 903 τοίνυν
1254 851 1391 926 πρὸς
1445 853 1514 923 τῇ
1575 847 1743 921 ἔξόδῳ
1797 854 1897 917 τῆς

243 936 540 1006 ἐκκλησίας
586 938 678 1007 ἦν,
712 937 794 1012 [Ρ.
832 940 955 1011 183]
1014 938 1230 1015 αἰθρίας
1290 937 1345 1002 ἐς
1401 938 1524 994 τότε
1564 934 1731 1006 οὔσης
1782 937 1899 991 κατ’

245 1026 478 1101 οὐρανὸν
539 1026 795 1101 ἐξαίφνης
849 1029 1015 1103 νέφος
1080 1028 1299 1083 σκοτόεν
1352 1026 1597 1101 ἐπλήρου
1653 1026 1715 1081 τὸ
1769 1030 1895 1096 πᾶν,

246 1115 333 1170 καὶ
415 1112 674 1191 ῥαγδαῖος
756 1115 970 1190 σὺναμα
1044 1116 1262 1192 χαλάζῃ
1344 1117 1662 1196 κατεφέρετο
1720 1115 1893 1184 ὑετὸς,

241 1201 443 1276 χρῆμά
495 1224 553 1257 τε
584 1202 814 1273 ἐξαίσιον
876 1204 1162 1281 ἀστραπῶν
1212 1208 1304 1260 τὸν
1350 1204 1479 1280 ἀέρα
1519 1197 1892 1279 πυρεκϐολοῦν

237 1290 464 1362 ἐξέκαιε,
517 1292 605 1347 καὶ
638 1291 835 1347 κτύποι
885 1295 1124 1368 βροντῶν
1177 1299 1422 1369 συνεχεῖς
1474 1294 1540 1348 τέι
1568 1298 1675 1347 τῶν
1716 1292 1891 1346 ’ἄκου’

237 1380 407 1436 όντων
442 1383 834 1455 συνετάρασσον
888 1384 1019 1438 ὦτα.
1074 1382 1330 1445 Κάκεῖνος
1380 1383 1431 1438 ἐν
1464 1383 1648 1446 τόσοις
1696 1378 1892 1443 δεινοῖς

232 1474 355 1533 τοῖς
405 1468 701 1546 ἀπάγουσιν
746 1467 980 1540 ε’ίλκετο,
1029 1467 1133 1533 ἕως
1175 1470 1267 1526 καὶ
1313 1470 1366 1533 ἐς
1414 1471 1513 1540 τήν
1571 1471 1740 1544 μονὴν
1789 1490 1891 1524 κα-

233 1560 597 1629 τηντήκεσαν.
650 1560 857 1615 Ἐκεῖσε
903 1564 1030 1637 γοῦν
1084 1558 1443 1636 διαγαγόντος
1500 1560 1599 1629 τήν
1654 1557 1889 1633 ἡμέραν,

230 1651 297 1721 τῇ
362 1648 722 1724 ἐπιγενομένῃ
768 1649 922 1704 νυκτὶ
966 1650 1062 1720 νηῒ
1118 1648 1301 1705 ἀλιάδι
1357 1648 1633 1723 ἐνθέμενοι
1684 1648 1889 1724 περιώ-

231 1742 386 1811 ριζον
431 1736 530 1791 ἀνά
572 1739 675 1807 τὴν
706 1736 1136 1814 Προικόννησον,
1167 1743 1246 1811 τῷ
1278 1737 1451 1793 ἐκεῖσε
1486 1735 1763 1814 μονυδρίῳ
1810 1741 1889 1809 τῷ

2010 576 2126 630 νίαν
2178 573 2500 652 δεχόμενος,
2544 576 2716 632 αἰτίαν
2771 578 2972 655 φέρων,
3024 580 3069 634 εἲ
3118 579 3300 655 ἀληθῆ
3335 582 3541 655 ἄδηλον
3574 589 3656 659 ὃν,

2010 663 2162 737 ὅμως
2212 663 2267 719 δέ
2316 667 2492 742 φέρων
2543 666 2601 721 ἐκ
2641 668 2836 741 φήμης
2869 668 2942 730 ὡς
2980 672 3371 744 συγκοινωνοίη
3423 678 3558 730 κατά
3603 698 3652 730 τι

2006 759 2124 817 τοῖς
2183 754 2515 828 Ἀρμενίοις,
2566 755 2689 809 τότε
2740 753 2828 810 διὰ
2872 761 3039 811 ταῦτα
3088 759 3176 813 καὶ
3212 760 3652 839 προσαπεδέχετο

2004 843 2068 897 τὸ
2114 841 2359 899 ἐκποδὼν
2411 844 2612 899 ἐκεῖνον
2662 844 2907 920 γενέσθαι
2962 846 3048 901 καὶ
3106 851 3317 919 συνήνει
3365 852 3655 926 γνωμοδο-

2003 936 2135 990 τῶν.
2186 933 2246 990 Ὀ
2297 930 2342 987 δ’
2376 930 2782 1009 Ἀλεξανδρείας
2829 932 3106 1000 Νικόλαος
3150 938 3412 995 τοσούτου
3467 963 3652 996 συναι-

2002 1026 2111 1076 νεῖν
2144 1019 2263 1093 ἒδέη
2277 1043 2360 1077 σεν
2396 1022 2537 1077 ὥστε
2566 1023 2655 1077 καὶ
2686 1024 2925 1097 καθάπαξ
2952 1030 3057 1079 τῶν
3110 1030 3650 1107 καταψηφισαμένων

2004 1109 2274 1186 ἐσχίζετο,
2308 1111 2394 1167 καὶ
2428 1108 2635 1185 ἔμεινεν
2668 1112 2771 1175 ἓως
2798 1112 2989 1178 τέλους
3020 1114 3069 1169 ἐν
3102 1115 3301 1189 τούτῳ,
3350 1120 3516 1191 μηδὲν
3554 1143 3648 1194 με-

2000 1198 2270 1272 ταλλάξας
2302 1206 2407 1256 τῶν
2443 1201 2818 1277 ἐγνωσμένων.

2004 1314 2053 1366 ι’.
2093 1310 2280 1388 "Ome:
2337 1307 2531 1388 ἤρελεν
2572 1311 2620 1381 ⁵ὁ
2645 1383 2658 1388 _
2682 1310 3032 1388 πατριάρχης
3060 1311 3180 1388 Δἐπὶ
3219 1316 3326 1388 ’τῆς
3365 1318 3533 1388 τιμῆς
3571 1316 3644 1371 ὢν

2211 1381 2594 1446 ἀνακαλεῖσθαι
2630 1383 2704 1447 ὡς
2733 1381 2990 1458 ἀρχιερέα
3020 1383 3112 1439 τὸν
3157 1384 3428 1461 Σάρδεων.

2068 1471 2191 1526 Τῶν
2252 1467 2300 1524 δ’
2358 1471 2684 1548 ἀρχιερέων,
2744 1471 2891 1542 πλὴν
2948 1478 3054 1527 τῶν
3088 1474 3364 1550 προτέρων
3401 1474 3643 1549 ἐκείνων,

1997 1558 2259 1630 Μανουήλ
2308 1580 2366 1615 τε
2417 1564 2514 1615 τοῦ
2554 1558 2958 1631 Θεσσαλονίκης
2986 1562 3201 1617 καὶτοῦ
3234 1562 3483 1638 Σάρδεων
3520 1567 3642 1621 Ἀν-

1997 1645 2272 1723 δρονίκου,
2310 1651 2393 1721 [Ρ,
2429 1651 2553 1723 184]
2584 1646 2762 1712 οὐδεὶς
2794 1646 2965 1712 ἄλλος
2996 1651 3062 1719 ἦν
3096 1652 3123 1705 ὁ
3155 1652 3496 1727 σχιζόμενος.
3531 1656 3639 1712 Τὸν

1996 1735 2368 1812 Ἀνδρόνικον,
2397 1739 2471 1801 ὡς
2502 1739 2593 1793 καὶ
2644 1738 2780 1794 κατὰ
2831 1738 3110 1815 μοναχοὺς
3157 1741 3479 1817 ἀποκαρείη,
3509 1744 3641 1820 φθά-

227 1823 338 1882 ἄνω
370 1833 473 1897 τῆς
503 1824 793 1903 έγχωρίως
843 1826 1147 1903 λεγομένης
1179 1825 1394 1883 Σούδας
1442 1828 1679 1901 κειμένῳ
1727 1826 1883 1904 ἐγκα-
1915 1866 1960 1931 Β
1994 1848 2178 1890 σαντες
2207 1824 2454 1900 εἴπομεν.
2506 1830 2604 1886 "Ov
2651 1830 2740 1884 καὶ
2776 1828 2864 1883 ἐπὶ
2913 1836 3013 1899 τῆς
3061 1829 3224 1884 αὑτοῦ
3269 1832 3639 1908 πατριαρχίας

331 1914 421 1931 ε,
714 1916 756 1931 .,,
1014 1914 1813 1931 .....-.....
2351 1914 2955 1931 ν...........
3130 1918 3144 1931 .
3286 1925 3312 1931 _
3469 1920 3517 1931 ._

224 1914 635 1987 τακλείσαντες,
664 1916 912 1987 τάξαντες
940 1916 1029 1972 καὶ
1063 1918 1304 1991 ὀπτῆρας
1336 1916 1395 1973 ἐκ
1423 1922 1531 1973 τῶν
1557 1914 1879 1993 βασιλικῶν,

226 2004 301 2068 ὡς
342 2007 421 2079 μή
455 2010 627 2079 θεῷτο
656 2012 773 2069 τοῖς
809 2004 1184 2082 βουλομένοις.

228 2123 519 2199 θ’ςὉξτως
566 2122 618 2177 οἱ
662 2129 761 2199 τῆς
812 2120 1085 2199 ἀνατολῆς
1130 2124 1487 2199 πατριάρχαι,
1537 2123 1693 2199 ὁῄτῆς
1724 2119 1878 2199 Ἀλετ

292 2191 578 2271 ξανδρείας
603 2196 701 2271 καὶ.
721 2191 1087 2271 Ἀντιοχείας,
1118 2191 1249 2271 περῖ
1275 2191 1732 2268 τῆν”καθαίρεσιν
1780 2198 1880 2250 τυῦ

290 2266 647 2342 πατριάρχου
680 2266 1012 2338 διετέθησαν.

289 2363 458 2422 Οὕτω
494 2364 587 2438 μὲν
621 2365 715 2419 οὖν
747 2366 815 2420 τὰ
860 2367 976 2420 κατ⁴
1026 2364 1229 2420 ἐκεῖνον
1289 2362 1699 2438 διαταξάμενοι,
1758 2361 1874 2419 ἐπεὶ

225 2453 317 2508 καὶ
380 2452 511 2519 τοὺς
562 2456 907 2531 πατριάρχας
962 2453 1045 2509 ἐπ’
1102 2453 1292 2527 ἐκείνῳ
1342 2450 1715 2529 γνωμοδοτεῖν
1770 2458 1881 2509 τῶν

221 2542 540 2619 ἀναγκαίων
589 2541 866 2615 ἐνόμιζον,
906 2541 1241 2617 ἀξιουμένων
1286 2540 1505 2597 ἐκείνων
1540 2544 1567 2597 ὁ
1614 2543 1710 2616 μὲν
1762 2544 1877 2597 Ἀν-

215 2632 471 2708 τιοχείας
504 2631 778 2706 Εὑθὺμιος
808 2632 1145 2709 ὡρμημένος
1191 2631 1282 2687 καὶ
1314 2631 1486 2689 πάλαι
1527 2631 1602 2695 εἷς
1630 2633 1732 2702 τὴν
1762 2633 1880 2688 κατ’

219 2853 344 2919 tus,
372 2849 699 2922 imperator
751 2850 1105 2918 decreverat,
1136 2849 1196 2905 id
1257 2851 1407 2920 quod
1461 2850 1731 2921 equidem
1766 2866 1881 2904 non

216 2939 352 2996 sine
387 2939 632 2995 numine
671 2941 889 2995 factum
924 2941 1199 3006 arbitror,
1230 2940 1369 2994 dum
1421 2938 1617 2994 animo
1677 2945 1884 3010 reputo

216 3043 459 3083 sacram
494 3028 764 3083 monachi
794 3033 1017 3084 vestem
1048 3043 1113 3082 ac
1164 3027 1584 3098 professionem
1626 3029 1883 3098 primum

218 3118 376 3173 211
425 3118 499 3173 ab
545 3117 782 3173 Arsenio
832 3122 1169 3189 susceptam
1230 3117 1386 3189 apud
1446 3117 1705 3187 Oxeam),
1751 3134 1885 3171 cum

216 3206 500 3278 inquam,
533 3207 591 3261 in
623 3223 689 3262 eo
728 3210 883 3262 esset
915 3210 978 3261 ut
1023 3205 1244 3277 templo
1293 3206 1667 3275 egrederetur
1698 3212 1754 3260 et
1782 3222 1883 3260 su-

220 3296 375 3351 dum
406 3311 741 3366 perumque
782 3294 990 3350 caelum
1035 3300 1212 3363 esset,
1244 3296 1394 3349 taeda
1434 3301 1671 3365 repente
1702 3294 1888 3349 nubes

216 3388 381 3439 tetra
403 3389 619 3439 cuncta
645 3383 897 3454 caligine
919 3381 1250 3453 complevit,
1269 3383 1699 3453 vehemeusque
1714 3380 1893 3436 simul

223 3475 429 3529 imber
460 3473 639 3527 mista
656 3472 942 3542 grandine
964 3472 1201 3540 decidit,
1228 3471 1562 3543 fulguribus
1584 3471 1894 3527 horrendis

211 3562 339 3618 late
365 3577 562 3617 aerem
586 3561 1061 3616 incendentibus.
1094 3561 1201 3616 Per
1231 3560 1335 3616 has
1366 3560 1464 3615 ille
1493 3577 1788 3615 aerumnas
1819 3561 1893 3614 ab

210 3651 666 3706 abducentibus
697 3649 1060 3716 trahebatur,
1090 3650 1281 3720 quoad
1328 3648 1386 3703 in
1441 3647 1627 3719 illam,
1661 3650 1731 3703 de
1778 3667 1894 3718 qua

207 3742 369 3807 dixi,
406 3738 832 3795 domunculam
865 3742 1276 3809 pervenerunt;
1303 3737 1401 3792 ubi
1432 3753 1567 3791 cum
1591 3737 1748 3791 diem
1782 3753 1888 3808 po-

207 3836 455 3886 sterum
480 3829 929 3900 transegissent,
959 3832 1127 3883 nocte
1149 3826 1411 3881 insecuta
1428 3826 1555 3881 navi
1575 3826 1887 3881 Arsenium

208 3917 561 3992 piscatoria;
593 3917 985 3988 imponentes,
1020 3916 1390 3987 deportatum
1433 3914 1588 3969 ultra
1636 3914 1888 3971 Procon-

203 4023 438 4064 nesum
464 4006 831 4061 incluserunt
854 4004 1277 4060 mansiunculaa
1312 4003 1433 4058 illic
1458 4003 1577 4058 sitae
1602 4020 1783 4076 supra
1804 4002 1893 4059 lo-

202 4113 388 4157 cum.
422 4112 599 4166 quem
621 4096 799 4166 vulgo
834 4093 1036 4150 incolm
1067 4094 1287 4148 Sudam
1327 4099 1558 4161 vocant,
1603 4093 1889 4163 appositis

201 4185 582 4243 custodibus
612 4191 671 4239 et
699 4183 978 4240 satellitio
1014 4182 1406 4254 imperatoris,
1441 4199 1511 4236 ne
1543 4182 1688 4237 adiri
1723 4181 1889 4237 exsul

207 4292 244 4330 a
278 4274 609 4346 quibusvis
642 4274 891 4329 invisere
911 4272 1242 4328 volentibus
1270 4276 1485 4342 posset.

200 4390 265 4445 9.
308 4391 385 4447 ω
421 4388 727 4445 Orientales
775 4387 1112 4459 patriarcha
1142 4386 1563 4459 Alexandrinus
1621 4390 1673 4442 et
1704 4386 1889 4443 Antio-

280 4463 504 4587 cliepus
549 4460 698 4516 circa
735 4458 1071 4531 patriarchae
1100 4458 1495 4530 depositione)»
1539 4459 1722 4530 aﬂecti
1761 4463 1888 4529 fue-

288 4550 395 4589 nn
426 4574 441 4587 .

1989 1917 2291 1991 Ἀρσένιος,
2325 1914 2382 1971 εὖ
2413 1914 2572 1981 εἰδὼς
2616 1916 2690 1979 ὡς
2722 1915 2795 1972 δι⁶
2843 1916 3046 1973 ἐκεῖνον
3092 1918 3153 1974 τὸ
3201 1925 3419 1994 πρῶτον
3466 1920 3638 1995 ἐξορι-

1989 2006 2178 2060 σθέντα
2200 2003 2367 2061 ὑπέδυ
2396 2008 2461 2061 τὰ
2497 2012 2753 2082 μοναχῶν
2786 2006 3111 2080 ἐξεπίτηδες,
3152 2004 3346 2078 ἤθελεν
3380 2010 3639 2087 ἀνορθοῦν

1988 2093 2324 2167 ἀποθέμενον
2377 2095 2573 2159 εὐθέως
2602 2098 2670 2151 τά
2718 2095 2881 2174 ῥάκη.
2933 2095 3092 2153 Ἀλλ’
3124 2097 3222 2153 οὐκ
3270 2098 3531 2175 ἐξεγένετό
3584 2099 3635 2155 οἷ

1992 2183 2067 2247 εἷς
2097 2188 2259 2240 τοῦτο
2288 2184 2376 2240 καὶ
2406 2184 2535 2247 τοὺς
2569 2184 2832 2261 ἱεράρχας
2872 2186 3208 2259 συμπείθειν.
3259 2186 3481 2259 Ἐπειδὴ
3532 2190 3634 2266 γὰρ

1991 2272 2194 2336 ἐκεῖνος
2224 2274 2348 2330 τότε
2376 2280 2455 2348 τῷ
2484 2277 2799 2351 πατριάρχῃ
2829 2278 2947 2331 κατ’
2999 2274 3140 2331 ἰδίαν
3166 2276 3634 2354 κοινολογησάμε-

1988 2384 2080 2426 νος
2104 2364 2276 2436 εὗρεν,
2302 2364 2347 2419 εἷ
2371 2366 2536 2437 μόνον
2561 2363 2789 2435 θελήσοι
2816 2365 2905 2420 καὶ
2932 2367 2967 2435 ἡ
2992 2364 3235 2438 σύνοδος,
3257 2367 3639 2439 κατανεύοντα,

1990 2451 2221 2524 ἐξελθὼν
2252 2452 2452 2518 ἐκεῖθεν
2498 2451 2642 2530 ἕγνω
2691 2454 2852 2531 πείρᾳ
2902 2452 3110 2510 διδόναι
3141 2456 3203 2510 τὸ
3244 2462 3491 2533 πρᾶγμα.
3535 2457 3639 2515 Καὶ

1993 2540 2059 2613 δὴ
2092 2544 2228 2598 κατᾶ
2262 2543 2387 2617 μίαν
2429 2548 2537 2599 τῶν
2590 2541 2886 2600 συνοδικῶν
2938 2547 3185 2621 ἡμερῶν,
3233 2546 3635 2623 συνεγνωκότος

1990 2630 2081 2687 καὶ
2136 2636 2235 2687 τοῦ
2278 2633 2648 2709 πατριάρχου,
2704 2629 2943 2707 μανδὺαν
2999 2655 3056 2689 τε
3103 2634 3486 2712 ἀρχιερατικὸν
3543 2658 3641 2692 πε-

1992 2857 2101 2918 est,
2133 2854 2191 2904 et
2235 2866 2356 2904 suae
2405 2850 2564 2905 illam
2616 2852 2916 2906 sententiae
2969 2851 3314 2907 auctoritate
3361 2854 3641 2923 adjuncta

1993 2938 2380 2992 confirmavit.
2412 2941 2483 2993 At
2514 2938 2942 2995 Alexandrinus
2974 2940 3247 2996 Nicolaus
3277 2946 3508 2997 tantum
3539 2944 3645 2998 ab-

1996 3025 2107 3081 fuit
2134 3044 2167 3080 a
2199 3028 2634 3097 comprobando
2677 3029 2849 3096 facto,
2881 3032 2947 3081 ut
2975 3027 3157 3083 semel
3190 3045 3257 3084 ea
3288 3046 3467 3085 causa
3517 3030 3647 3087 illos

1996 3115 2095 3185 qui
2146 3116 2461 3169 Arsenium
2519 3116 2939 3170 damnaverant
2989 3135 3021 3171 a
3075 3134 3183 3172 sua
3234 3119 3649 3176 communione

2000 3202 2293 3258 abscissos
2317 3204 2470 3259 272
2495 3220 2798 3273 nunquam
2830 3202 3088 3274 amplius
3128 3206 3649 3277 admiserit,neque

1999 3310 2199 3348 eorum
2234 3310 2362 3363 quae
2386 3293 2490 3348 tali
2523 3294 2829 3350 occasione
2860 3296 3193 3351 decreverat
3222 3302 3445 3353 mutare
3476 3298 3648 3369 quid-

2001 3399 2177 3453 quam
2212 3384 2281 3437 ad
2310 3383 2484 3437 linem
2521 3399 2707 3453 usque
2736 3382 3001 3439 voluerit.

2002 3497 2085 3551 10.
2122 3498 2184 3553 Ut
2217 3500 2481 3553 Arsenius
2504 3501 2565 3554 in
2591 3497 2943 3570 patriarcha
2970 3499 3241 3571 dignitate
3283 3502 3463 3557 adhuc
3516 3519 3650 3559 con-

2069 3573 2292 3695 stitiﬁitus
2321 3573 2613 3625 restituere
2644 3573 2703 3625 in
2734 3571 3009 3642 integrum
3059 3573 3293 3629 voluerit
3339 3574 3651 3648 episcopum

2066 3648 2174 3695 δαν
2220 3657 2423 3696 ensem.

2070 3738 2419 3809 Episcopum
2452 3755 2610 3807 vero,
2640 3744 2852 3810 praeter
2880 3740 3104 3811 priores
3144 3740 3277 3797 illos
3319 3743 3651 3801 Manuelem

1998 3826 2582 3881 Thessalonicensem
2601 3836 2657 3881 et
2669 3828 3292 3885 AndronicumSarden
3303 3832 3657 3895 sem,nullue

1997 3914 2147 3969 alius
2171 3915 2432 3970 schisma
2464 3916 2732 3970 faciebat.
2787 3917 3177 3972 Andronicum
3232 3918 3547 3974 detonsum
3590 3921 3649 3975 in

1999 4003 2355 4058 monachum
2389 4004 2664 4074 superius
2688 4003 2966 4059 diximus.
2987 4004 3151 4059 Hunc
3171 4006 3650 4079 Arsenius,post-

1997 4109 2169 4164 quam
2195 4092 2507 4147 restitutus
2530 4090 2909 4162 patriarchali
2928 4092 3137 4149 throno
3167 4095 3297 4161 fuit,
3323 4095 3512 4151 sciens
3541 4114 3652 4154 sua

1996 4198 2176 4237 causa
2190 4180 2868 4253 expulsum,utexsilium
2884 4181 3657 4252 lucrifaceret,monasticem

1995 4276 2217 4326 vestem
2236 4269 2807 4341 induisse,reponere
2823 4270 2879 4324 in
2897 4275 3117 4325 statum
3138 4271 3449 4341 pristinum
3464 4274 3649 4330 voluit

1996 4360 2097 4414 sed
2131 4376 2245 4414 non
2270 4359 2454 4414 valuit.
2486 4358 2736 4413 aliorum
2770 4360 2829 4414 in
2858 4359 2914 4413 id
2936 4359 3274 4415 antistitum
3293 4359 3499 4417 elicere
3521 4379 3652 4418 con-

1996 4464 2262 4504 sensum.
2296 4448 2408 4503 Res
2445 4447 2501 4501 in
2535 4446 2693 4502 hunc
2726 4453 3025 4503 transacta
3074 4450 3317 4503 modum
3370 4457 3475 4505 est.
3527 4453 3658 4523 Egit

2000 4544 2223 4594 secreto
2244 4537 2615 4594 Andronicus
2639 4555 2769 4593 cum
2799 4540 3032 4594 Arsenio
3064 4540 3273 4594 iterum
3307 4542 3659 4615 patriarcha,

286 4631 526 4687 Horum
546 4629 606 4685 in
626 4629 787 4685 hunc
809 4629 1050 4685 modum
1075 4632 1279 4684 contra
1296 4628 1693 4699 patriarcham
1715 4631 1888 4683 Arse-
1921 4622 1967 4685 D
2000 4633 2057 4683 et
2082 4644 2151 4683 ex
2180 4643 2247 4681 eo
2284 4626 2581 4681 intellexit
2614 4643 2715 4697 per
2745 4626 2942 4697 ipsum
2977 4645 3091 4683 non
3152 4634 3307 4684 stare
3337 4633 3659 4700 quominus

202 4721 399 4777 nium
434 4723 703 4774 actorum
721 4719 918 4789 magni
943 4718 1469 4788 referre,quinimo
1495 4718 1894 4770 necessarium

202 4826 385 4874 esse,
443 4807 548 4879 qui
598 4814 839 4878 egerant
886 4807 1191 4878 putabant,
1226 4810 1290 4859 ut
1320 4805 1507 4859 caeteri
1555 4805 1897 4872 patriarcha:

200 4905 511 4956 auctores
544 4896 744 4950 tierent
772 4894 1235 4949 concordibusin
1256 4910 1323 4948 ea
1342 4892 1641 4963 sutiragiis
1665 4894 1896 4947 dandis.

200 4992 381 5045 Cum
413 4986 601 5058 igitur
628 4984 714 5038 illi
748 4988 813 5038 ut
835 4983 892 5037 id
921 4988 1251 5037 annuerent
1282 4986 1650 5053 rogarentur,
1694 4980 1898 5036 Antio-

201 5079 461 5135 chenus
496 5074 735 5144 quidem
760 5071 1111 5143 Euthymius
1146 5070 1315 5126 facile
1334 5087 1615 5125 assensus
1646 5074 1753 5125 est:
1780 5077 1902 5125 erat.

199 5166 398 5223 enim
426 5163 582 5217 haud
628 5164 879 5217 obscure
932 5162 1058 5231 jam
1117 5160 1260 5216 olim
1309 5159 1553 5215 Arsenio
1609 5159 1899 5223 infensus,

199 5252 397 5328 quod
431 5251 503 5306 ab
539 5251 665 5321 ipso
709 5250 769 5305 in
824 5249 1301 5305 communionem
1346 5265 1462 5303 non
1528 5248 1901 5313 reciperetur.

197 5345 431 5401 Causa
459 5339 953 5407 ferebatur(baud
986 5338 1261 5409 equidem
1296 5336 1625 5392 deﬁnierim
1654 5354 1724 5391 an
1748 5352 1901 5403 vera,

196 5432 323 5491 sed
369 5429 528 5484 hanc
550 5435 747 5484 tamen
781 5427 1000 5499 vulgus
1051 5442 1322 5483 sermone
1362 5425 1716 5495 celebrabat)
1746 5427 1903 5497 quod

195 5516 640 5579 Antiochenus
669 5514 1178 5573 communicasset
1198 5515 1455 5587 quadam
1486 5514 1545 5568 in
1569 5531 1630 5569 re
1651 5530 1782 5570 cum
1805 5516 1908 5569 Ar-

195 5607 476 5669 meniis.
510 5607 701 5671 Quare
730 5606 887 5661 idem
929 5604 1239 5661 occasione
1287 5602 1531 5659 ultionis
1562 5603 1773 5675 cupide
1812 5620 1905 5659 ar-

195 5701 413 5774 repta
431 5695 966 5753 exauctorationem
992 5691 1310 5751 adversarii
1338 5691 1589 5749 libenter
1607 5691 1909 5764 amplexus

2006 4716 2279 4771 continuo
2310 4717 2577 4786 deposito
2620 4716 2962 4771 monachico
2994 4721 3240 4773 centone
3296 4719 3659 4791 episcopales

2007 4806 2218 4858 iterum
2252 4802 2471 4857 infulas
2496 4808 2775 4858 sumeret:
2796 4804 2928 4858 addi
2946 4804 3120 4859 modo
3143 4804 3213 4858 ad
3233 4821 3403 4860 suam
3428 4815 3660 4865 curaret

2010 4894 2245 4946 Patrum
2279 4908 2513 4962 quoque
2543 4908 2607 4947 ac
2635 4892 2842 4963 synodi
2874 4892 3255 4947 voluntatem.
3293 4893 3397 4949 His
3428 4897 3658 4952 Andro-

2010 4981 2179 5036 nicus
2200 4981 2450 5052 cognitis
2479 4980 2725 5051 experiri
2760 4982 3059 5052 negotium
3085 4982 3361 5051 decrevit;
3419 4990 3475 5039 et
3509 5001 3658 5055 qua-

2010 5071 2145 5123 dam
2165 5070 2277 5137 die,
2313 5085 2425 5139 qua
2456 5070 2791 5140 congregati
2810 5070 3099 5124 antistites
3120 5075 3287 5124 erant
3316 5088 3447 5126 cum
3473 5075 3658 5143 patri-

2008 5159 2185 5213 archa
2211 5158 2291 5213 rei
2324 5158 2975 5229 conscio,episcopalem
3010 5159 3273 5214 humeris
3323 5163 3657 5233 mandyam,

2012 5247 2189 5318 capiti
2220 5247 2464 5303 cidarim
2498 5247 2768 5317 imponit,
2801 5252 2857 5301 et
2886 5248 2971 5303 sic
3002 5250 3071 5302 ad
3115 5248 3268 5304 fores
3298 5250 3507 5304 sedens
3556 5267 3659 5320 po—

2014 5336 2201 5391 stulat
2222 5336 2473 5391 admitti.
2492 5336 2806 5391 Nuntiatur
2826 5336 3097 5392 Patribus
3121 5338 3395 5408 quis,quo
3432 5344 3664 5401 ornatu.

2018 5426 2156 5495 quid
2194 5428 2431 5496 peteret.
2466 5424 2779 5495 Displicuit
2815 5425 3113 5497 plerisque
3146 5442 3353 5481 ausum
3414 5442 3540 5481 esse
3572 5426 3663 5481 in-

2009 5514 2185 5584 jussu
2212 5512 2562 5567 monachum
2598 5512 2987 5583 episcopalem
3038 5529 3335 5568 resumere
3367 5519 3661 5569 ornatum.

2018 5608 2169 5675 Ergo
2200 5602 2499 5658 hominem
2530 5617 2819 5656 consensu
2844 5603 3186 5672 rejecerunt;
3211 5608 3267 5657 et
3293 5618 3424 5657 cum
3450 5602 3665 5676 aliquis

2022 5693 2335 5765 quamdam
2370 5690 2496 5761 ejus
2520 5689 2826 5761 epistolam
2857 5688 3220 5761 protulisset,
3271 5691 3366 5748 cui
3400 5693 3662 5767 seipsum
