3920 6196
432 300 540 355 719
1735 290 2039 347 GEORGII
2075 290 2540 345 PACHYMERB
3649 300 3734 355 720

432 417 749 499 ριϐἀλλεται
803 413 888 468 καὶ
947 411 1033 466 ἐπὶ
1108 410 1352 488 κεφαλῆς
1423 411 1522 477 τὴν
1574 410 1719 483 ἱερὰν
1779 409 2068 464 ἐπιτίθεται
2102 415 2155 478 Α
2188 409 2445 479 ὑπήκοοι,
2507 407 2715 482 μηδένα
2761 415 2868 464 τῶν
2923 409 3175 465 ἀπάντων
3234 411 3376 483 ὑμῶν
3429 411 3502 468 ἐπὶ
3531 423 3732 475 τοσοῦτον

433 493 666 580 ζιίδαριν,
725 503 815 556 καὶ
862 499 1141 564 καθεσθεὶς
1195 497 1294 572 ἔξω
1343 499 1530 575 καιρὸν
1577 498 1756 569 ἐζήτει
1798 496 2072 561 συνελθεῖν
2186 496 2339 566 ἥκειν
2371 493 2796 575 φρενοϐλαϐείας
2845 497 2986 554 ὥστε
3031 500 3106 572 μή
3154 499 3321 572 έαυτῷ
3366 499 3584 558 δύνασθαι
3627 515 3740 581 χρῆ-

431 602 500 670 τῇ
527 591 744 673 συνόδῳ
785 596 865 664 τῷ
910 591 1227 665 πατριάρχῃ
1280 586 1690 665 συνεδρευοῦσῃ.
1745 589 1834 648 Ὧς
1885 585 1932 641 δ’
1972 587 2074 661 ἠγ-
2185 598 2306 650 σθαι
2356 583 2678 661 συμϐούλῳ,
2727 587 2872 644 ἀλλά
2899 593 2978 660 τῷ
3020 589 3213 652 πέλας.
3245 588 3305 646 Et
3351 591 3444 666 γὰρ
3471 593 3736 671 καὶὴπαρὰ

431 683 662 761 γέλλετο
715 685 782 755 τῇ
816 677 1025 752 συνόδῳ
1052 681 1119 733 τὰ
1156 678 1280 754 περὶ
1330 678 1533 734 τούτου
1565 677 1956 752 περιμένοντος
1986 675 2076 730 καὶ
2182 681 2290 730 τῶν
2325 676 2510 732 ἄλλων
2565 677 2740 752 βουλή
2791 673 3194 750 συλλαμϐάνειν
3242 679 3307 733 τά
3348 679 3554 736 πλεῖστα
3587 685 3742 761 atque

432 775 830 849 ἀρχιερατικῶς
889 767 1194 831 έστολίσθαι
1262 767 1558 839 εμάνθανον
1588 813 1602 834 ,
1660 766 1808 821 δεινά
1855 765 2073 820 ἐποίουν
2183 770 2299 827 τοῖς
2353 767 2778 839 βουλευομένοις
2810 766 3003 842 (ταύτῃ
3036 767 3138 842 γὰρ
3169 767 3258 821 καὶ
3286 763 3547 840 συμϐουλὴ
3577 769 3742 846 λέγεται

431 864 523 919 καὶ
577 863 676 917 οὐκ
727 857 925 930 ἤθελον
978 856 1249 933 δέχεσθαι.
1310 858 1397 919 Ὡς
1459 854 1516 912 δέ
1570 877 1653 918 τις
1713 855 1928 910 ἐκείνων
1987 853 2077 908 καὶ
2187 852 2261 914 εἷς
2315 855 2480 909 ταυτὸ
2538 855 2918 930 συναγομένων
2975 859 3177 933 ἀμφοῖν
3228 860 3329 910 τῶν
3381 855 3610 932 βουλῶν),
3649 859 3743 916 ἀλλ’

430 955 530 1023 τήν
581 948 877 1018 ἐπιστολὴν
927 947 1202 1024 ἐνεφάνιζε
1255 947 1354 1014 τήν
1415 944 1645 1018 ἐκείνου,
1677 944 1728 999 έν
1787 941 2079 1017 ἤέπέγρα-
2188 944 2478 1018 ἀναγκαῖον
2524 949 2685 999 τοῦτο
2736 943 2817 1022 ἐφ’
2863 946 3017 1007 ὅσοις
3068 944 3152 999 ἐπ’
3201 940 3481 1020 ἀμφιϐόλῳ
3519 953 3659 1003 κεῖται
3699 949 3742 1004 τὸ

433 1063 524 1120 φεν
577 1040 761 1095 ἑαυτὸν
837 1037 1062 1098 οἰκείαις
1140 1035 1325 1110 χερσὶν
1378 1036 1701 1102 Ἀθανάσον,
1755 1033 1948 1088 αὐτίκα
1999 1037 2080 1104 τῷ
2193 1029 2635 1106 βουλευόμενον,
2694 1034 2767 1096 ὡς
2827 1035 3205 1111 ἀμφοτέρωθεν
3263 1032 3538 1111 λογισμοὺς
3579 1037 3741 1113 ίσορῥό’

438 1118 533 1206 μὲν
592 1131 907 1203 πατριάρχῃ
948 1129 1047 1195 τὴν
1093 1131 1190 1180 τοῦ
1256 1127 1476 1201 βοηθεῖν
1523 1127 1702 1198 ὁρμὴν
1758 1118 2078 1196 ἡμὸλύσθαι
2188 1142 2323 1183 πους
2373 1124 2658 1191 κινεῖσθαι,
2717 1121 2813 1177 κᾶν
2874 1122 3066 1185 ὁποίας
3106 1144 3188 1186 τις
3239 1124 3452 1196 ἅψηται.
3498 1127 3597 1201 Ἐφ’
3637 1124 3747 1187 ὅσοις

412 1221 522 1277 ’καὶ
568 1221 632 1274 τὸ
691 1219 821 1292 ὑπὲρ
873 1216 1078 1271 ἐκείνου
1127 1214 1326 1290 θερμόν
1378 1213 1612 1290 ἐψῦχθαι
1658 1208 1954 1280 συνέϐαινε,
2002 1214 2081 1281 τῷ
2192 1207 2248 1264 δὲ
2280 1211 2606 1286 ὲτερορῥεπῆ
2638 1212 2706 1267 τὰ
2756 1216 2856 1278 τῆς
2914 1209 3094 1283 δόξης,
3155 1213 3230 1277 ὡς
3258 1212 3478 1278 ἐντεῦθεν
3525 1215 3607 1286 μὶν
3649 1215 3748 1286 μετὰ

434 1309 482 1364 δ’
528 1309 851 1363 ἀνακοπέντι
901 1309 1218 1382 καθυφεῖναι
1263 1311 1364 1372 τῆς
1412 1302 1602 1376 πείρας
1647 1301 1738 1356 καὶ
1788 1300 2079 1376 ἀπραγμόο
2188 1305 2286 1355 τοῦ
2314 1301 2485 1356 καλοῦ
2543 1302 2633 1356 καὶ
2690 1303 2752 1357 τὸ
2806 1301 3007 1377 πάγιον
3067 1302 3454 1379 ἀναφαίνεσθαι,
3502 1302 3666 1358 ἐκεῖθεν
3710 1300 3750 1358 δὲ

431 1419 534 1461 νως
592 1396 826 1452 ἐντεῦτεν
889 1391 1117 1468 διάγειν.
1185 1391 1359 1449 Ἀλλά
1413 1396 1581 1445 ταῦτα
1640 1391 1736 1463 μὶν
1787 1389 2077 1462 πρότερον·
2193 1387 2363 1458 δῆλον
2423 1390 2558 1445 εἶναι
2609 1391 2672 1446 τὸ
2732 1390 2999 1467 βλάπτον,
3047 1390 3227 1447 έκαῖον
3261 1388 3422 1454 ὅντως
3452 1391 3750 1446 καὶάλυοιτι-

427 1489 553 1543 τότε
585 1485 642 1541 δὲ
662 1485 867 1540 πολλοὶ
898 1489 1004 1538 τῶν
1036 1503 1095 1536 τε
1130 1486 1390 1556 μοναχῶν
1421 1480 1510 1534 καὶ
1539 1487 1642 1548 τῆς
1673 1475 1924 1538 λαώδους
1963 1475 2082 1550 μοί·
2191 1479 2282 1542 λὲς
2361 1478 2640 1553 λογισμῶν
2715 1481 3026 1555 συντρόφων
3107 1481 3446 1557 ὑπερορῶντα
3503 1479 3753 1551 ἀλλοτρίοις

435 1597 530 1653 ρας
589 1575 1013 1648 ἀποσχισθέντες
1067 1573 1186 1625 κατ’
1243 1569 1438 1630 αὐτοὺς
1488 1567 1864 1643 συνελέγοντο,
1921 1592 1941 1618 ι
1991 1567 2078 1636 Μή
2193 1575 2454 1642 χρῆσθαι,
2486 1575 2569 1631 οἷς
2618 1567 2696 1624 ἔνι
2731 1571 2824 1642 μὲν
2860 1565 3116 1642 ἀϐουλία,
3151 1565 3228 1625 ἔνι
3263 1567 3308 1624 δ’
3332 1564 3495 1644 ὄρεξις
3519 1571 3634 1645 πρὸς
3656 1568 3754 1623 τού.

435 1670 544 1740 ἅψᾳ
595 1661 735 1738 μηδὲ
785 1663 909 1736 θίγῃ
941 1662 1002 1714 τὸ
1033 1660 1309 1734 παράπαν,
1342 1683 1370 1710 ››
1405 1657 1681 1732 λέγοντες,
1717 1679 1742 1710 ι
1775 1657 1834 1720 ’ὃς
1864 1655 1923 1710 ἃν
1957 1677 2083 1709 συν-
2189 1679 2306 1722 τοις
2334 1658 2425 1712 καὶ
2455 1661 2516 1713 τὸ
2548 1659 2688 1730 ξένον
2717 1659 2798 1715 ἀεί
2845 1661 2970 1715 ποτ’
3005 1659 3340 1735 ἀνάλγητον,
3385 1659 3453 1722 ὡς
3497 1658 3666 1720 παντὸς
3687 1661 3756 1712 τοῦ

433 1754 610 1822 αινοίη
667 1755 736 1824 τῇ
795 1749 1100 1822 καθαιρέσει
1160 1752 1256 1802 τοῦ
1313 1748 1660 1822 πατριάρχου
1705 1748 1741 1816 ἢ
1805 1747 1913 1818 μὴν
1960 1764 2079 1799 κοι-
2113 1783 2159 1848 Β
2193 1745 2398 1801 οἰκείου
2429 1747 2729 1824 πεφυκότος
2784 1748 3007 1818 πιέζειν.
3067 1754 3159 1804 Δεῖ
3207 1748 3382 1804 τοίνυν
3431 1769 3488 1823 γε
3538 1747 3614 1802 καὶ
3654 1748 3758 1818 ὑμᾶς

431 1843 636 1912 νωνοίη
684 1845 802 1900 τοῖς
855 1842 1215 1893 συναινοῦσιν.
1267 1861 1295 1888 ››
1355 1835 1509 1893 Ἀλλ’
1563 1837 1590 1889 ὁ
1647 1833 1919 1910 βασιλεὺς,
1965 1832 2081 1888 ἐπεὶ
2113 1832 2158 1848 ³³
2189 1841 2308 1899 τοῖς
2362 1835 2441 1914 ἐφ’
2499 1836 2698 1892 ἑαυτῶν
2759 1836 3053 1912 λογισμοῖς
3090 1838 3513 1914 προηγουμένως
3548 1837 3758 1912 χρῆσθαι,

2191 1927 2279 1980 καὶ
2331 1925 2473 1980 οὕτω
2505 1922 2818 1999 δοκιμάζειν
2849 1927 2976 1990 τοὺς
3003 1923 3220 1997 ἔξωθεν.
3256 1929 3354 1990 Ὀς
3382 1924 3436 1981 δὲ
3463 1929 3560 1981 τῶν
3588 1924 3757 1980 οἱγείων

2195 2014 2542 2092 ὑπερφρονῶν
2586 2015 2771 2070 ἑαυτὸν
2821 2021 2940 2080 τοῖς
2995 2012 3190 2086 ἔξωθεν
3240 2013 3591 2090 λογιζομένοις
3636 2013 3762 2087 παρέ·

2188 2121 2278 2176 χει
2327 2103 2399 2164 ὡς
2431 2100 2485 2156 εἴ
2532 2125 2582 2156 τι
2635 2101 2696 2158 ἂν
2748 2105 2959 2180 φέροιεν
3011 2102 3218 2159 ἐκεῖνοι
3261 2105 3544 2180 προσέξων,
3575 2103 3762 2156 ὁτοιοῦ-

2185 2212 2278 2253 τος
2337 2190 2632 2267 ὁμολογῶν
2684 2190 2816 2248 ἵστω
2873 2194 2950 2256 ὡς
3006 2191 3193 2270 ἄφρων
3228 2193 3338 2249 ἐστὶ
3392 2195 3451 2248 τὸ
3489 2193 3595 2246 καθ’
3619 2186 3761 2245 αὐτόν.

2186 2281 2461 2354 νΑφΡονος
2519 2278 2576 2335 δὲ
2626 2280 2844 2344 πάντως
2901 2281 2963 2337 τὸ
3011 2283 3143 2355 μήτ’
3202 2282 3293 2358 ἀφ’
3350 2282 3532 2336 ἑαυτοῦ
3569 2278 3768 2343 συνιέναι,

2186 2369 2278 2425 καὶ
2332 2369 2394 2424 τὸ
2444 2370 2532 2424 κάὶ
2564 2391 2646 2433 τις
2679 2372 2766 2425 καὶ
2815 2375 2923 2426 τῶν
2957 2369 3150 2444 ἔξωθεν
3205 2372 3378 2447 λέγοι,
3410 2371 3482 2444 μὴ
3526 2367 3762 2442 διακρίνειν

2189 2455 2387 2512 εἰδέναι
2439 2459 2502 2513 τὸ
2545 2456 2788 2536 κρεῖττόν
2821 2481 2881 2515 τε
2909 2461 2998 2516 καὶ
3027 2462 3089 2517 τὸ
3120 2467 3337 2538 χεῖρον·
3369 2460 3456 2516 καὶ
3486 2457 3653 2516 λοιπὸν
3677 2451 3771 2510 οὖὸὶ

2189 2553 2290 2616 τῆς
2328 2546 2550 2622 θυραίας
2596 2547 2785 2621 ἐκείνῳ
2839 2545 3166 2623 συμϐουλῆς
3219 2546 3441 2627 ὄφελος.
3471 2549 3546 2605 Ti
3571 2544 3650 2600 οὖν
3678 2547 3772 2615 ξομ·

2190 2634 2423 2691 πεσόντα
2480 2634 2663 2693 οἴδατε
2717 2637 2930 2702 πάντως
2961 2683 2975 2709 ,
3047 2640 3140 2694 καὶ
3199 2637 3353 2694 οὐδὲν
3413 2638 3464 2709 ἐξ
3505 2639 3644 2710 ἡμῶν
3691 2635 3771 2687 τῶν

2189 2723 2494 2799 γενομένων
2542 2727 2882 2800 κέκρυπται·
2942 2727 3032 2782 ἆπὶ
3086 2729 3273 2802 τούτῳ
3327 2728 3431 2802 γὰρ
3486 2724 3566 2781 καὶ
3617 2723 3778 2794 ᾠκονο-

2193 2818 2348 2886 μεῖτο
2397 2816 2432 2884 ἡ
2491 2813 2570 2892 ἐφ’
2604 2815 2811 2890 ἑκάστῳ
2874 2818 3026 2890 ὑμῶν
3059 2816 3315 2873 ἐνταυθοῖ
3367 2807 3776 2890 συνδρομὴ,οἱίτω

435 1933 536 1988 οὐκ
580 1935 645 2001 ἦν
685 1932 783 1999 τήν
832 1926 1158 1998 Ἐκκλησίαν
1216 1927 1553 1998 ἀποίμαντον
1618 1923 1914 1998 διαμένειν,
1964 1929 2081 1986 τοῖς

438 2023 533 2095 μὶν
603 2021 947 2095 ἀρχιερεῦσιν
1015 2017 1183 2093 ἐφῆκε
1239 2015 1568 2092 ψηφίζεσθαι
1617 2016 1710 2068 τὸν
1773 2011 1920 2090 σφίσι
1983 2010 2078 2067 δο-

433 2115 655 2176 κοῦντα,
705 2108 864 2169 αὐτὸς
903 2104 960 2161 δὲ
1010 2105 1144 2182 βαθύ
1192 2125 1243 2158 τι
1277 2107 1543 2179 συνορῶν,
1591 2103 1678 2157 καὶ
1727 2100 2078 2156 ἀναστέλλειν

434 2198 610 2255 θέλων
639 2199 706 2253 τά
749 2197 1049 2272 σχίσματα,
1077 2193 1288 2263 σῦνοιξίν
1341 2213 1402 2247 τε
1445 2193 1636 2260 κοινὴν
1687 2187 2076 2266 παραγγέλλει,

433 2288 524 2342 καὶ
571 2288 783 2342 πάντων
840 2283 889 2338 έν
937 2288 1120 2357 ταυτῷ
1172 2280 1544 2356 συλλεγέντων
1597 2279 1657 2335 ἐκ
1696 2284 1793 2334 τοῦ
1836 2277 2077 2352 παραθύ-

437 2397 533 2450 ρου
561 2382 662 2445 τῆς
694 2373 859 2428 αὐτοῦ
909 2370 1138 2442 κέλλης,
1201 2372 1228 2425 ὃ
1290 2368 1355 2440 δὴ
1390 2371 1479 2425 καὶ
1510 2367 1758 2444 σιδηροῖς
1787 2373 1947 2424 τοῦτο
1984 2369 2076 2440 μὲν

437 2463 667 2538 ὀρθίοις,
725 2466 885 2518 τοῦτο
932 2459 979 2515 δ’
1033 2459 1343 2536 ἐγκὰρσίυις
1374 2457 1904 2534 περιεδρυφακτοῦτο
1961 2461 2080 2518 τοῖς

435 2553 656 2625 κάμαξι,
685 2551 866 2625 λόγων
898 2548 1101 2619 ἥπτετο
1132 2549 1269 2624 πρὸς
1299 2547 1493 2610 αὐτοὺς
1524 2545 1775 2604 τοιῶνδε.

442 2661 527 2714 ια’.
615 2657 944 2740 Δημηγορία
1019 2660 1118 2711 τοῦ
1199 2653 1467 2781 βασιλέως
1543 2655 1667 2730 περῖ
1723 2657 1830 2708 τῶν
1890 2657 2081 2726 σχιζοο

1167 2748 1360 2781 μνων.

1166 2748 1258 2800 μεν
1267 2748 1360 2782 ων.

510 2821 595 2893 [Ρ.
633 2820 756 2892 185]
810 2839 838 2873 α
892 2817 1034 2893 Ἐγὼ
1081 2814 1315 2889 νομίζω,
1367 2811 1411 2868 ὦ
1462 2819 1561 2884 τῆς
1612 2811 1750 2887 ἐμῆς
1804 2809 2080 2889 βασιλείας

439 3054 618 3094 manu
652 3035 887 3108 propria
934 3032 1322 3089 Athanasium
1382 3031 1788 3103 inscripserat,
1845 3027 2089 3100 contigit
2197 3030 2464 3086 consilio.
2496 3031 2619 3087 Etsi
2664 3033 2820 3088 enim
2855 3032 3106 3088 aliorum
3143 3031 3493 3089 sententiam
3545 3025 3786 3099 exquirere

441 3126 779 3198 patriarchae
811 3139 1045 3196 quoque
1075 3119 1444 3193 ipsijuvandi
1467 3119 2082 3191 eiusbebetariimpe—
2116 3147 2158 3214 Ο
2196 3134 2261 3171 ac
2292 3135 2424 3173 cum
2482 3137 2590 3176 sua
2647 3121 2910 3176 conferre
2968 3122 3371 3178 deliberantes
3427 3119 3621 3181 solent,
3652 3111 3782 3214 Dunde

441 3220 569 3271 tum
593 3220 649 3270 et
666 3214 840 3269 studii
866 3195 1004 3283 erga
1025 3228 1157 3266 eum
1183 3210 1554 3281 refrigescere
1577 3206 2084 3278 ardorem,ipsum
2118 3195 2158 3214 ν
2198 3205 2459 3262 Graecum
2493 3209 2739 3264 consilio
2782 3225 2994 3265 nomen
3045 3215 3250 3265 ortum
3303 3213 3414 3273 est,
3466 3213 3529 3263 ut
3553 3195 3782 3274 συμϐουλή

445 3319 582 3358 vero
614 3301 948 3374 perculsum
997 3298 1216 3354 infelici
1244 3313 1516 3352 successu
1553 3297 1620 3351 ad
1657 3295 1908 3367 quietem
1941 3295 2092 3359 vitae,
2197 3296 2487 3350 diceretur
2517 3297 2683 3367 quasi
2715 3298 3143 3353 sententiarum
3164 3300 3226 3354 in
3252 3315 3436 3353 unum
3460 3291 3786 3352 collatiodua-

443 3407 617 3462 quam
639 3390 853 3444 frustra
871 3393 1139 3443 excutere
1173 3387 1324 3442 273
1352 3389 1694 3451 tentaverat,
1719 3382 2090 3439 constantius
2196 3400 2349 3450 rum,
2371 3390 2570 3440 tamen
2603 3385 2658 3440 id
2693 3391 2919 3442 tantum
2950 3386 3147 3442 locum
3181 3386 3366 3443 habet
3395 3386 3454 3440 in
3496 3384 3651 3439 rebus
3677 3391 3786 3448 qut-

438 3482 715 3550 deinceps
729 3477 1194 3549 amplectendam
1209 3475 1490 3530 domitum
1511 3473 1747 3544 repulsa
1760 3477 2088 3528 convertere
2194 3489 2325 3527 rum
2350 3474 2406 3528 in
2430 3475 2706 3547 ambiguo
2728 3476 2941 3546 pendet
2956 3476 3283 3545 judicium,
3300 3476 3536 3548 paribus
3551 3471 3788 3538 utrimque

444 3568 730 3624 animum.
763 3567 874 3622 Sed
915 3565 1036 3620 hazc
1088 3564 1250 3634 prius
1309 3567 1643 3617 evenerant.
1675 3566 1834 3616 Tunc
1893 3565 2084 3616 autem
2193 3563 2559 3631 argumentis
2591 3563 2782 3617 alendi
2819 3565 3197 3636 negandique
3250 3565 3538 3620 incertum
3590 3551 3786 3628 eligendi

445 3657 615 3713 multi
641 3655 908 3712 monachi
941 3659 996 3709 et
1025 3652 1152 3708 laici
1186 3668 1215 3706 e
1275 3651 1456 3720 plebe,
1508 3650 1915 3705 abscindentes
1962 3665 2087 3704 sese
2192 3650 2495 3705 arbitrium
2522 3651 2894 3707 librantibus.
2928 3651 3035 3708 Ubi
3067 3658 3274 3710 autem
3321 3653 3478 3708 haud
3533 3646 3702 3704 dubiis
3744 3641 3786 3695 in

440 3745 898 3804 acommunione
928 3759 1128 3798 eorum
1179 3741 1274 3812 qui
1303 3742 1726 3796 damnaverant
1752 3738 2082 3805 Arsenium,
2192 3736 2414 3794 lancem
2439 3738 2681 3794 alteram
2716 3741 3030 3797 momentis
3053 3742 3218 3798 274
3251 3744 3341 3797 fas
3372 3746 3430 3796 et
3456 3751 3665 3809 aequum
3693 3746 3786 3786 ver-

444 3835 687 3892 seorsim
719 3835 1136 3899 convenerunt,
1169 3835 1225 3884 et
1253 3828 1491 3899 vulgare
1520 3843 1753 3882 carmen
1811 3843 2080 3881 aversan-
2189 3827 2298 3898 git,
2329 3829 2469 3883 adeo
2502 3834 2567 3882 ut
2593 3829 2729 3885 hinc
2779 3830 3014 3901 quidem
3069 3832 3394 3887 manifeste
3437 3830 3713 3884 honestum
3749 3819 3790 3872 el

437 3925 586 3981 tium
613 3939 786 3980 usum
818 3919 1357 3989 commerciumque
1391 3917 1763 3988 profanorum
1805 3915 2084 3970 adhiben-
2190 3920 2385 3971 tutum
2419 3923 2698 3988 appareat
2729 3920 2884 3989 quod
2919 3921 3298 3992 proponitur,
3331 3919 3492 3975 illinc
3546 3913 3680 3987 quod
3719 3923 3788 3962 os-

437 4015 576 4070 dum
609 4013 720 4069 sibi
754 4027 908 4066 nunc
941 4011 1012 4064 ad
1043 4007 1437 4064 excludendos
1467 4021 1576 4061 ase
1607 4004 2082 4075 reliquossanxe-
2188 4005 2446 4059 tenditur
2473 4005 2771 4062 evidenter
2792 4008 3031 4063 noxium
3065 4013 3378 4076 cernatur,
3401 4013 3525 4064 tum
3547 4003 3787 4060 enimvero

433 4109 590 4159 runt:
617 4102 749 4157 «Ne
770 4105 1008 4163 tractes,
1029 4098 1383 4162 «dicentes,»
1407 4112 1478 4150 ne
1501 4100 1818 4166 tangas,ne
1839 4094 2079 4149 omnino
2183 4107 2398 4148 vanum
2432 4093 2950 4168 inconsultumque
2982 4098 3058 4152 sit
3090 4097 3439 4170 quempiam
3470 4096 3650 4150 innato
3681 4084 3789 4143 inti-

435 4193 504 4246 ad
526 4191 705 4246 ullam
739 4187 1185 4244 consuetudinis
1210 4191 1428 4256 partem
1454 4184 1732 4240 admittas
1767 4183 1951 4238 ullum
1983 4199 2078 4238 eo-
2183 4197 2398 4253 moque
2432 4188 2649 4238 naturae
2681 4201 2746 4240 ac
2789 4188 2967 4241 menti
3026 4187 3291 4259 propriis
3349 4201 3524 4243 sensu
3578 4175 3791 4237 abdicato

432 4297 562 4334 rum
595 4278 692 4350 qui
728 4276 812 4332 vel
845 4275 1188 4348 patriarchae
1227 4273 1758 4329 exauctorationem
1793 4271 2076 4342 probave-
2183 4269 2391 4326 alienis
2423 4271 2504 4326 uti
2537 4272 2820 4339 consiliis,
2873 4274 3095 4344 quibus
3129 4277 3294 4332 inest
3354 4274 3584 4346 quidem
3614 4271 3792 4337 impru-

430 4368 548 4422 rint
572 4367 656 4421 vel
701 4364 1082 4437 probantibus
1126 4361 1761 4418 communicaverint.»
1795 4359 2074 4415 Caeterum
2181 4358 2398 4425 dentia,
2458 4361 2608 4416 inest
2646 4367 2702 4416 et
2753 4363 3070 4434 cupiditas,
3137 4369 3539 4437 praetereaque
3606 4352 3795 4430 prurigo

427 4452 1100 4527 imperatorintelligens
1124 4469 1236 4506 non
1271 4466 1444 4521 posse
1475 4448 1724 4519 relinqui
1751 4447 2068 4503 Ecclesiam
2103 4518 2136 4527 λ
2182 4449 2456 4506 novitatis
2485 4455 2541 4506 et
2571 4453 2834 4521 quaedam
2882 4453 3235 4512 malesuada
3289 4455 3534 4510 dulcedo
3579 4449 3793 4515 inexper-

421 4518 549 4601 sine
577 4549 828 4616 pastore,
851 4518 1188 4598 electionem
1217 4518 1556 4609 patriarchae
1601 4518 1798 4592 liberis
1839 4537 2072 4592 antisti-
2102 4518 2145 4583 Ῑ)
2179 4541 2372 4592 torum
2400 4577 2415 4604 ,
2474 4518 2736 4611 inquieto
2794 4542 3111 4610 conjuncta
3184 4544 3362 4598 taedio
3428 4541 3707 4598 solitarum
3753 4530 3795 4582 et

418 4639 546 4689 tum
581 4632 876 4702 suffragiis
908 4630 1329 4702 permisithse
1352 4627 1530 4683 altius
1555 4634 1834 4698 reputans
1868 4627 2063 4698 perni-

417 4724 565 4780 ciem
615 4722 1024 4787 schismatum,
1075 4718 1124 4774 si
1177 4735 1341 4773 ruere
1391 4717 1491 4789 qui
1541 4732 1733 4771 errare
1779 4715 2063 4787 cmperint

415 4813 706 4878 sinantur,
733 4810 1006 4864 concione
1037 4807 1228 4862 omnis
1258 4807 1485 4878 generis
1509 4805 1813 4860 hominum
1837 4810 2056 4872 vocata,

410 4919 440 4957 θ
474 4903 726 4956 fenestra
753 4897 1004 4954 cubiculi
1037 4896 1322 4952 clathrata
1353 4895 1522 4962 ferro,
1545 4899 1734 4949 rectas
1759 4899 2057 4950 transver-

406 4991 486 5046 sis
513 4987 862 5045 decussatim
921 4985 1290 5041 ncctentibus
1314 4983 1497 5055 virgis
1553 4983 1796 5038 invicem
1854 5001 1967 5054 que
1999 4983 2055 5039 in

405 5079 586 5135 cratis
645 5077 894 5133 formam
945 5072 1236 5144 implexis,
1293 5071 1447 5126 hunc
1481 5071 1661 5126 ferme
1691 5071 1750 5125 in
1810 5073 2052 5128 modum

405 5169 693 5226 disserere
717 5181 888 5221 orsus
920 5168 1033 5218 est.

541 5307 626 5364 1i.
663 5304 849 5363 Oratio
879 5304 1228 5376 imperatori:
1259 5301 1322 5356 de
1351 5301 1650 5355 schismate
1678 5299 1906 5357 avulsis.

474 5432 810 5505 «Equidem
849 5429 1140 5494 existimo,
1200 5443 1231 5482 ο
1292 5441 1420 5481 meo
1472 5424 1718 5495 imperio
1774 5426 2048 5497 subjecti,

399 5524 693 5580 neminem
717 5519 980 5576 omnium
1003 5520 1262 5573 vestrum
1281 5531 1346 5570 eo
1377 5513 1644 5570 stultitiae
1665 5515 2045 5584 processisse,

396 5620 464 5671 ut
502 5630 618 5670 non
670 5628 777 5668 suo
807 5608 1017 5682 ipsius,
1050 5607 1150 5664 sed
1201 5605 1444 5662 alterius
1493 5603 1689 5660 solum
1735 5603 1815 5660 uti
1858 5606 2046 5677 possit

2173 4628 2654 4698 quotidianarum
2689 4645 2906 4685 rerum.
2943 4629 3317 4687 Faciendum
3359 4631 3538 4704 igitur
3565 4622 3706 4682 vobis
3729 4617 3796 4674 est

2174 4722 2236 4772 ut
2259 4721 2392 4772 ante
2422 4719 2618 4772 omnia
2646 4719 2856 4773 vestris
2887 4718 3162 4789 ipsorum
3191 4708 3793 4786 mentibusacjudiciis

2171 4806 2509 4861 auctoribus
2540 4808 2812 4874 utamini,
2845 4813 2902 4863 et
2931 4808 3002 4862 ad
3036 4807 3264 4866 horum
3317 4824 3558 4865 examen
3601 4794 3793 4858 vocetis.

2170 4911 2299 4966 quae
2329 4895 2490 4950 vobis
2517 4895 3200 4968 aliundesuggeruntur.
3221 4898 3377 4954 Nam
3393 4897 3491 4968 qui
3509 4885 3790 4959 suisipsius

2169 4983 2718 5041 ratiocinationibus
2751 4986 3005 5057 rejectis,
3040 4985 3296 5044 aliunde
3339 4986 3548 5044 oblatis
3589 4972 3794 5038 advertit

2165 5073 2428 5128 animum
2460 5078 2517 5128 ct
2539 5073 2781 5130 inhaeret
2811 5075 3082 5142 obnoxie,
3111 5076 3164 5131 is
3209 5093 3360 5133 sane
3391 5071 3680 5130 habendus
3706 5076 3785 5135 pro

2163 5160 2378 5217 fatente
2399 5179 2462 5218 se
2488 5161 2735 5218 stultum
2759 5163 3043 5234 etjudicii
3059 5171 3399 5237 expertem.
3425 5161 3594 5220 Stulti
3611 5155 3788 5231 ουὶρρε

2161 5267 2228 5306 ac
2252 5250 2476 5321 judicio
2507 5252 2771 5308 destituti
2804 5253 3044 5309 omnino
3071 5260 3171 5310 est
3213 5255 3369 5310 nihil
3417 5271 3486 5310 ex
3522 5267 3582 5308 se
3608 5239 3792 5302 intelli-

2161 5355 2313 5410 gere,
2346 5340 2448 5395 sed
2479 5340 2771 5412 quidquid
2803 5341 3040 5397 aliunde
3071 5343 3337 5400 offertur
3381 5358 3530 5400 caeca
3581 5327 3790 5393 creduli-

2158 5432 2277 5484 tate
2309 5427 2590 5500 recipere,
2617 5429 2827 5487 melius
2853 5431 2910 5486 id
2935 5431 3010 5487 sit
3039 5447 3118 5492 an
3178 5434 3357 5504 pejus
3413 5429 3556 5488 nihil
3610 5427 3791 5481 discer-

2159 5517 2374 5573 nendo.
2407 5515 2530 5572 Tali
2562 5522 2756 5575 autem
2783 5536 2897 5576 non
2920 5519 3087 5576 video
3112 5522 3266 5591 quid
3286 5516 3786 5595 prositsuggeslum

2159 5606 2232 5661 ab
2263 5605 2376 5664 alio
2407 5607 2741 5665 consilium.
2783 5610 2917 5677 Quae
2973 5624 3170 5681 nuper
3230 5613 3604 5685 contigerunt
3651 5598 3784 5660 sciti!
