4018 6198
205 349 299 403 721

1280 349 1375 402 DE
1411 346 1787 404 MICHAELE
1824 342 2268 403 PALEOLOGO
2302 347 2440 401 LIB.
2477 349 2576 405 IV.

3515 351 3623 408 722

204 476 295 527 τοῦ
352 472 629 546 ἡμετερου
677 467 1034 535 κελεύσαντος
1089 468 1340 545 κράτους.
1401 474 1579 527 Τοῦτο
1632 469 1733 544 γὰρ
1765 469 1855 523 καὶ
1888 476 1939 542 Α
1968 465 2067 541 γὰρ
2098 468 2186 522 καὶ
2215 489 2297 530 τις
2328 468 2742 541 σκανδαλισθείη
2771 490 2784 539 ;
2838 472 2919 526 ὅτι
2974 470 3403 544 μεταλλάττεταί
3433 497 3484 531 τι
3515 484 3620 548 τῆς

206 560 403 617 ἄλλοτε
424 555 640 633 ξυνέϐη.
675 560 832 629 ΙΙλὴν
883 561 943 615 τὸ
972 559 1060 615 ἐπὶ
1109 566 1227 623 ταῖς
1277 559 1477 622 αἰτίαις
1530 558 1853 614 διαλλάττον

203 644 563 726 ἀμφισϐητεῖν
624 649 841 724 παρέξει
898 648 1030 705 τισί.
1091 649 1231 707 Τότε
1292 650 1386 722 μὲν
1442 647 1532 703 οὖν
1595 646 1853 721 ὲθελίμου

202 737 638 812 παραιτουμένου
666 743 764 793 τοῦ
796 738 882 793 ἐπὶ
928 745 1029 807 τῆς
1058 740 1423 815 πατριαρχίας
1474 735 1629 793 ὄντος
1682 735 1854 800 ἄλλος

202 828 637 891 ἀντικαθίστατο·
700 832 790 882 νῦν
843 824 900 881 δὲ
957 826 1046 881 καὶ
1080 826 1167 881 ἐπὶ
1223 825 1540 905 κεφαλαίοις
1597 828 1849 900 καθαιρε·

195 917 395 983 θέντος,
444 917 518 977 ὡς
564 912 770 984 οἷ’δατε,
817 914 991 971 ἄλλον
1043 915 1437 990 ἐγκαταστῆναι
1484 916 1546 969 τὸ
1594 914 1737 976 εἰκὸς
1767 910 1848 966 δί-

197 1003 381 1062 δωσιν.
431 1007 499 1063 ⁸⁵0
555 1010 681 1081 γοῦν
734 1004 792 1059 ἐκ
849 1009 946 1059 τοῦ
994 1004 1363 1081 παρελθόντος
1421 1001 1845 1081 ἐσφάλη,τοῦτο

192 1095 323 1167 πρὸς
358 1095 420 1148 τὸ
458 1092 667 1167 μέλλον
720 1093 1004 1169 βέλτιστον
1052 1098 1502 1168 προοικονομεῖν.
1543 1094 1674 1146 Τότε
1728 1090 1843 1145 τοί-

192 1205 277 1237 νυν
311 1185 456 1246 τινες
487 1188 595 1238 τῶν
629 1190 727 1253 τῆς
770 1181 1061 1257 ὀχλώδους
1115 1181 1315 1257 μοίραᾶ
1363 1184 1449 1237 καὶ
1505 1178 1839 1236 ἀπαιδεύτων

189 1274 264 1334 οἷς
299 1276 338 1342 ἡ
374 1274 591 1348 ταραχή
623 1280 721 1342 τῆς
782 1271 1111 1339 Ἐκκλησίας
1162 1273 1459 1344 ἀσμένισις,
1518 1267 1841 1345 παρεισδυό-

188 1383 343 1435 μενοι
394 1368 514 1426 ταῖς
560 1366 669 1417 τῶν
727 1362 1027 1435 ἀνθρώπιον
1089 1362 1286 1423 οἰκίαις
1348 1381 1617 1434 πορισμεν
1676 1358 1831 1432 εἶχον

185 1451 424 1515 ἱντεῦθεν
474 1456 537 1505 τὸ
598 1450 828 1525 σχίσμα.
893 1453 976 1523 [Ρ.
1040 1452 1163 1522 186]
1224 1449 1333 1505 Κᾶν
1397 1451 1635 1522 μετῇμεν
1696 1447 1836 1502 ἐκεί-

182 1563 323 1611 νους,
362 1541 405 1595 εί
473 1543 611 1614 μήτε
657 1540 718 1594 τὸ
754 1541 932 1615 βραχὺ
983 1544 1081 1593 τοῦ
1132 1544 1327 1613 καιροῦ
1386 1538 1609 1600 ἐκείνοις
1647 1557 1706 1591 τε
1733 1544 1834 1606 τῆς

180 1630 401 1701 ἀταξίας
442 1630 533 1685 καὶ
584 1632 721 1700 ἡμῖν
750 1637 850 1698 τῆς
882 1627 1268 1701 ἐπεξελεύσεως
1323 1625 1579 1700 ἐμποδὼν
1636 1627 1832 1700 ὡρμη-

184 1724 370 1794 μένοις
431 1718 590 1791 ἔστη.
644 1720 906 1775 Τοιοῦτὸν
962 1740 1014 1772 τι
1074 1717 1164 1773 καὶ
1207 1719 1273 1772 τὰ
1327 1722 1419 1772 τῦν
1473 1716 1831 1771 ὑποπτεύεται

176 1811 437 1887 γίνεσθαι·
478 1809 537 1863 ού
566 1810 664 1883 γὰρ
724 1807 1014 1863 ἀπόλωλεν
1048 1810 1082 1877 ἡ
1114 1807 1324 1878 ἀταξία,
1373 1808 1446 1869 ὥς
1485 1828 1636 1867 τινας
1684 1806 1833 1861 ἐπει-

179 1899 508 1972 λημμένους
560 1896 734 1959 α’ίτίας
793 1897 973 1975 πάλιν⁴
1009 1892 1293 1951 ἀνασοϐεῖν
1336 1897 1422 1951 καὶ
1454 1898 1551 1965 τὴν
1595 1893 1833 1966 Ἐκκλη-

189 1989 307 2044 σίαν
340 1993 437 2043 τοῦ
468 1992 602 2042 Θεοῦ
657 1988 868 2062 σχίζειν
922 1992 1228 2062 πειρᾶσθαι.
1278 1986 1355 2042 Τὸ
1409 1990 1536 2061 γοῦν
1597 1984 1831 2045 ἐκείνους

184 2085 394 2150 ζητεῖν,
428 2077 585 2153 φύσιν
634 2074 863 2152 ἔχοντας
923 2076 1168 2152 ἄντικρυς
1210 2075 1259 2149 ἐξ
1294 2075 1519 2148 ἐθισμοῦ
1577 2078 1835 2149 συνεχοῦς

175 2174 294 2229 ταῖς
362 2168 594 2242 γωνίαις
645 2164 1076 2241 ἐπηλυγάζεσθαι
1127 2167 1217 2220 καὶ
1248 2162 1523 2242 κρυφηδὸν
1563 2165 1625 2218 τὸ
1656 2162 1829 2217 αὐτῶν

188 2260 450 2331 πράττειν
482 2253 665 2332 ἔργον,
714 2255 903 2316 ἄλλως
963 2253 1019 2309 δὲ
1051 2276 1112 2330 γε
1164 2253 1251 2308 καὶ
1309 2252 1580 2329 περιττόν·
1641 2257 1756 2313 τοῖς
1785 2250 1831 2306 δ’

178 2346 555 2422 ὑπαγομένοις
608 2345 777 2405 οὕτως
809 2339 1063 2406 ἀϐούλως
1119 2348 1236 2406 τοῖς
1284 2343 1495 2397 ἐκείνων
1544 2342 1831 2416 όαρισμοῖς

175 2439 492 2511 προπιμᾷν
551 2438 658 2488 τῶν
719 2434 1009 2511 χειρίστων
1071 2433 1133 2488 ού
1189 2435 1583 2507 κατονήσομεν.
1647 2432 1736 2493 Εἷς
1775 2430 1828 2485 τί

180 2674 394 2713 omnes
434 2674 447 2712 :
494 2656 644 2713 nihil
699 2674 901 2713 eorum
946 2673 1305 2728 quemquam
1352 2659 1612 2711 vestrum
1658 2654 1832 2709 latet.

179 2749 413 2803 ldcirco
457 2748 571 2802 huc
604 2745 1009 2816 concurristis,
1060 2749 1299 2801 vocante
1330 2761 1395 2799 ac
1430 2745 1677 2815 jubente
1717 2759 1831 2799 me.

176 2836 348 2901 Quod
386 2836 600 2891 factum
636 2835 806 2890 modo
834 2840 943 2904 est,
976 2835 1301 2905 contigerat
1329 2838 1387 2888 et
1417 2833 1583 2888 alias.
1617 2833 1832 2886 Verum

182 2924 480 2981 similium
512 2929 825 2979 eventuum
862 2926 1108 2978 duorum
1153 2924 1392 2978 diversae
1423 2939 1610 2977 causa:
1642 2920 1834 2976 ambi-

174 3016 472 3088 guitatem
507 3014 757 3085 ohjicere
777 3014 1129 3084 quibusdam
1150 3017 1409 3084 possent.
1433 3012 1595 3066 Tunc
1609 3011 1836 3083 quidem

175 3104 226 3158 ei
259 3102 374 3175 qui
404 3102 735 3157 voluntarie
757 3102 1101 3174 dignitatem
1124 3100 1569 3173 patriarchalem
1593 3099 1834 3154 abdica-

172 3196 371 3261 verat,
404 3191 762 3263 subrogatus
795 3198 881 3247 est
914 3206 1259 3246 successor:
1296 3207 1452 3245 nunc
1471 3205 1603 3244 cum
1627 3190 1699 3244 ob
1721 3188 1830 3243 cri-

173 3281 350 3336 mina
378 3280 655 3351 depositi,
687 3286 752 3335 ut
780 3280 967 3351 scitis,
995 3280 1186 3335 locum
1208 3278 1375 3335 alteri
1398 3280 1652 3334 tribuere
1672 3294 1835 3349 opor-

175 3376 299 3427 teat
339 3387 447 3440 par
478 3376 537 3425 et
576 3386 809 3441 aequum
842 3376 933 3425 est
972 3385 1317 3440 praecavere,
1350 3385 1421 3423 ne
1450 3368 1607 3439 quod
1648 3367 1838 3438 priore

169 3459 275 3515 illa
334 3458 517 3514 simili
559 3457 866 3514 occasione
900 3474 1202 3529 perperam
1238 3462 1435 3513 actum
1469 3462 1578 3524 est,
1622 3458 1836 3510 iterum

178 3548 293 3604 hoc
359 3554 623 3619 tempore
673 3552 1014 3601 attentetur.
1069 3548 1234 3602 Tunc
1285 3547 1433 3602 275
1488 3546 1727 3616 quidam
1787 3548 1843 3599 et

176 3636 536 3691 turbulento
568 3652 777 3708 genere
808 3636 1176 3691 indoctorum
1209 3635 1541 3700 hominum,
1574 3650 1719 3703 quos
1749 3636 1843 3688 de-

176 3726 369 3781 lectat
400 3724 668 3780 Ecclesiaa
716 3724 1032 3784 tumultus.
1080 3724 1451 3778 insinuantes
1474 3740 1537 3777 se
1568 3722 1843 3777 domibus

175 3816 446 3869 fructum
504 3812 641 3869 inde
678 3814 826 3885 ipsis
874 3818 1142 3884 optatum
1191 3812 1450 3867 schisma
1496 3810 1840 3865 retulerunt.

177 3902 601 3958 Descriherem
659 3902 1157 3973 informaremque
1197 3901 1432 3972 plenius
1473 3900 1714 3971 quinam
1756 3898 1843 3953 illi

182 3993 462 4057 fuerunt,
495 3990 607 4045 nisi
643 4007 819 4061 quam
854 3990 997 4045 mihi
1032 3989 1363 4061 praescripsi
1396 3990 1681 4051 brevitas,
1712 3987 1846 4042 illos

179 4081 420 4136 honore
452 4080 770 4135 mentionis
803 4085 1036 4145 nostrae,
1057 4097 1164 4135 nos
1192 4080 1391 4135 labore
1413 4080 1482 4134 de
1515 4078 1586 4134 iis
1612 4080 1737 4133 l'use
1759 4078 1846 4131 di-

177 4171 387 4235 cendi,
422 4168 557 4224 licet
586 4170 656 4225 ad
690 4170 746 4224 id
786 4178 1086 4242 promptos
1108 4169 1539 4240 inclinatosque
1570 4167 1846 4240 prohibe-

180 4266 298 4315 ret.
352 4259 624 4315 Iteranda
654 4276 809 4314 nunc
841 4259 961 4314 fore
992 4277 1120 4331 quis
1151 4264 1293 4314 tunc
1323 4265 1450 4314 acta
1480 4259 1621 4325 sint,
1666 4274 1849 4328 prona

177 4348 578 4420 prudensque
609 4348 871 4418 suspicio
902 4352 1027 4403 est:
1062 4364 1177 4403 non
1202 4348 1356 4402 enim
1384 4347 1733 4417 perversitas
1752 4362 1846 4399 ex-

175 4437 410 4491 stincta
433 4443 519 4490 est
552 4436 840 4492 funditus.
874 4436 1096 4504 Facile,
1128 4435 1369 4506 inquam
1391 4478 1404 4502 ,
1437 4442 1527 4490 est
1560 4436 1847 4506 quosdam

169 4525 545 4595 arripientes
570 4525 935 4580 occasionem
969 4525 1236 4590 nocendi,
1264 4525 1612 4579 conturbare
1634 4525 1847 4578 iterum

1967 553 2127 626 δόξης
2159 558 2307 629 αὐτῷ
2343 578 2355 627 ;
2398 558 2556 617 Ἀλλ’
2605 558 2757 615 οὐδὲν
2812 567 2921 616 τῶν
2969 564 3249 638 ἡμετέρων
3301 561 3614 638 παραϐέϐα-

1962 666 2102 715 σται,
2132 647 2205 717 μή
2235 644 2301 717 δή
2323 668 2373 701 τι
2397 648 2485 701 καὶ
2507 645 2846 723 παραϐαθείη
2865 651 2926 705 τὸ
2944 650 3197 712 σύνολον.
3224 652 3381 708 Ἀλλ’
3405 656 3486 708 ὅτι
3508 661 3608 709 τοῦ

1962 738 2226 806 συνήθους
2259 735 2603 812 ἐξέστραπται
2636 758 2648 805 ;
2682 739 2840 794 Ἀλλ’
2871 738 3023 794 οὐδὲν
3056 739 3177 816 ἔχοι
3210 740 3271 795 ἃν
3298 763 3379 804 τις
3411 743 3603 813 εἰπεῖν,

1956 824 2052 878 κᾶν
2084 825 2275 879 πολλὰ
2304 827 2492 897 κάμοι.
2527 826 2686 883 Ἀλλ’
2740 829 2824 882 ὅτι
2860 830 2962 883 ὑπὸ
3003 831 3236 903 ηοιμένα
3294 837 3600 902 τελοῦντες,

1955 912 2161 968 ἐκείνου
2192 916 2649 989 παρακινήΟέντος
2696 917 2870 980 αἰτίας
2910 920 3141 987 ἱκαναῖς,
3174 917 3349 974 ἄλλου
3398 922 3461 975 τὸ
3493 943 3598 976 πα-

1952 1006 2128 1077 ράπαν
2160 1003 2258 1057 οὐκ
2304 1006 2660 1078 εὐμοιρήσετε
2688 1033 2700 1072 ;
2753 1005 2927 1061 Ἀλλά
2959 1010 3065 1080 μὴν
3099 1010 3187 1062 καὶ
3218 1008 3373 1081 εύμοι
3408 1012 3600 1083 ρήσετε

1950 1092 2037 1145 καὶ
2092 1092 2418 1162 κρειττόνως
2479 1094 2568 1147 ὑπ’
2627 1094 2815 1167 ἐκείνῳ
2890 1093 3094 1167 διάξετε
3144 1097 3594 1171 ποιμαινόμενοι.

1948 1181 2057 1234 Τίνι
2091 1182 2193 1255 γὰρ
2225 1182 2314 1235 ἀπ’
2363 1182 2568 1236 ἑκείνου
2615 1188 2724 1238 τῶν
2772 1185 2986 1238 πάντων
3038 1187 3093 1240 εὗ
3138 1185 3405 1260 ἐξεγένετο
3456 1187 3596 1260 πρά·
3674 1191 3680 1194 ⁴

1948 1269 2050 1339 ξειν
2083 1291 2173 1325 και
2220 1271 2286 1324 τὰ
2339 1278 2441 1340 τῆς
2496 1273 2765 1346 ἡμετέρας
2826 1271 3103 1343 εὐμενείας
3161 1271 3317 1344 ἕξειν,
3372 1272 3436 1343 ἥν
3488 1296 3593 1329 που

1946 1355 2281 1430 ἀϐουλήτοις
2326 1360 2413 1414 καὶ
2459 1358 2787 1432 περιπέσοις
2842 1359 2933 1415 διὰ
2978 1363 3030 1416 τί
3062 1383 3074 1431 ;
3106 1363 3195 1417 καὶ
3253 1364 3466 1425 πάντως
3498 1363 3591 1425 οὖς

1942 1452 2033 1501 νῦν
2060 1448 2135 1510 εἷς
2163 1449 2362 1517 ταύτὴν
2416 1450 2554 1521 ὑμᾶς
2605 1454 2805 1523 συνῆξα
2857 1456 3075 1506 σκοπῶν
3122 1452 3272 1514 ὅπως
3320 1452 3378 1506 ἂν
3430 1452 3592 1513 αὐτὸς

1939 1542 2037 1592 τοῦ
2073 1540 2343 1614 ἡμετέρου
2368 1540 2599 1612 κράτους
2627 1540 3015 1615 κατηγοροίην·
3064 1540 3242 1595 ’Λλλά
3285 1541 3384 1609 τήν
3409 1540 3587 1595 αῗτίαν

1942 1625 2363 1701 λέγιυ,καὶοὺκ
2414 1627 2841 1703 έπικρύπτομαι,
2897 1634 2995 1683 τοῦ
3057 1632 3130 1701 μή
3190 1651 3241 1684 τι
3299 1634 3586 1704 τυγχάνειν

1937 1721 2043 1770 τῶν
2076 1715 2460 1789 προσηκόντων
2521 1716 2577 1771 ἐκ
2634 1718 2925 1791 βασιλικῆς
2983 1718 3209 1779 νεύσεως
3241 1720 3333 1773 τὸν
3391 1717 3582 1781 ἐλέους

1936 1806 2235 1880 χρῄζοντα.
2268 1803 2404 1861 Οὔτε
2432 1806 2532 1881 γὰρ
2561 1804 2747 1878 ἐκείνῳ
2776 1807 2841 1860 τὰ
2878 1809 3015 1879 πρὸς
3062 1810 3209 1879 ἡμᾶς
3256 1804 3435 1876 εὔοδα,
3469 1829 3581 1861 κω-

1943 1896 2184 1963 Λυούοης
2230 1901 2330 1963 τῆς
2376 1894 2691 1969 ἀπεχθείας,
2745 1893 2857 1949 οὗθ’
2906 1899 3041 1969 ἡμῖν
3090 1899 3164 1969 μὴ
3189 1901 3316 1967 παρ’
3374 1895 3582 1951 ἐκείνου

1942 1982 2283 2056 ἀξιουμένοις
2316 1985 2381 2037 τὰ
2427 1992 2527 2053 τῆς
2575 1983 2850 2055 εὐμενείας
2897 1986 3094 2040 ἀνυστά
3124 1986 3262 2059 πρὸς
3291 1989 3383 2040 τὸν
3438 1987 3585 2061 χρῄ-

1946 2077 2127 2141 ζοντα,
2162 2071 2298 2127 ὅπου
2356 2094 2419 2146 γε
2454 2075 2545 2127 καὶ
2601 2074 2646 2128 εἰ
2700 2074 2876 2144 ἠξίου,
2927 2074 3027 2128 οὐκ
3064 2072 3123 2128 ἂν
3158 2074 3419 2151 ἐτύγχανε
3472 2074 3583 2129 τῶν

1944 2157 2195 2233 δεόντων,
2255 2162 2366 2229 καὶ,
2398 2162 2450 2216 τί
2500 2162 2600 2238 γὰρ
2660 2160 2743 2216 δεῖ
2798 2162 3198 2236 ἐπικρύπτειν;
3254 2163 3362 2238 οὐχ
3419 2166 3580 2237 ἡμῶν

1940 2252 2075 2327 πρὸς
2094 2253 2156 2305 τὸ
2179 2250 2235 2305 εὖ
2257 2254 2512 2325 πράττειν
2563 2252 3017 2325 ἀποπεφυκότων,
3042 2251 3184 2308 Αλλ⁹
3238 2252 3449 2307 ἆκείνου
3499 2254 3576 2326 μὴ

1942 2341 2360 2412 οἷκονομοῦντος
2390 2345 2458 2413 τῇ
2512 2340 2725 2409 ἀξιώσει
2757 2340 2818 2394 τὸ
2877 2338 3092 2416 εὔχαρι.
3151 2342 3433 2397 Τίκτεσθαι
3483 2344 3584 2418 γὰρ

1940 2431 2101 2506 χάριν
2136 2426 2321 2504 χάριτι
2377 2431 2795 2503 μεμαθήκαμεν,
2828 2431 2933 2495 ικαὶ
2989 2429 3087 2485 οὐκ
3131 2431 3194 2505 ᾖν
3227 2431 3469 2502 αὐξάνειν
3494 2433 3587 2487 τὸν

1943 2667 2045 2723 pro
2075 2649 2227 2705 virili
2258 2650 2554 2705 dabimus.
2583 2650 2729 2714 Quid
2760 2650 2986 2723 igitur?
3017 2654 3101 2707 An
3137 2650 3271 2723 quia
3304 2651 3449 2707 verti
3481 2651 3588 2707 ali-

1943 2739 2081 2812 quid
2116 2738 2363 2812 contigit
2405 2755 2608 2795 eoruni
2642 2740 2856 2812 quibus
2887 2741 3333 2797 insueveramus
3355 2740 3383 2795 ?
3425 2742 3498 2796 At
3525 2739 3584 2797 id

1943 2830 2183 2901 quidem
2201 2846 2271 2884 ne
2294 2829 2588 2885 interdum
2611 2830 2823 2885 accidit
2843 2830 3009 2885 vitari
3029 2830 3190 2885 nulla
3212 2830 3588 2888 contentione

1943 2921 2167 2992 possit;
2201 2936 2383 2991 quare
2406 2937 2623 2974 vanum
2657 2921 2735 2976 sit
2767 2921 2873 2975 hac
2905 2921 2975 2975 de
3007 2937 3066 2975 re
3098 2923 3283 2991 queri.
3318 2923 3405 2974 An
3430 2921 3589 2975 deni-

1946 3028 2059 3084 que
2106 3011 2261 3081 quod
2308 3015 2601 3080 pastorem
2636 3011 2796 3065 vobis
2847 3010 3221 3081 praepositum
3272 3010 3489 3077 sortiti,
3521 3026 3588 3065 eo

1945 3101 2155 3155 deinde
2181 3100 2363 3169 justis
2392 3104 2449 3154 et
2471 3099 2816 3154 necessariis
2849 3104 3044 3154 amoto
3068 3100 3287 3168 causis,
3314 3099 3589 3170 despera-

1941 3187 2019 3244 tis
2050 3187 2173 3242 fieri
2209 3204 2379 3259 posse
2411 3192 2474 3242 ut
2503 3187 2681 3241 alium
2718 3204 2974 3258 unquam
3008 3204 3171 3259 aeque
3211 3188 3588 3243 commodum

1947 3276 2371 3332 nanciscamini
2402 3276 2425 3330 ?
2459 3278 2636 3347 Atqui
2689 3293 2759 3331 ne
2791 3277 3058 3332 dubitate
3104 3295 3116 3333 :
3159 3276 3585 3332 nanciscemini

1943 3368 2119 3425 etiam
2153 3368 2634 3432 commodiorem,
2658 3386 2690 3423 a
2713 3385 2825 3439 quo
2850 3368 3255 3440 indulgentius
3278 3368 3586 3440 curemini,

1945 3457 2056 3512 sub
2088 3473 2202 3528 quo
2235 3455 2463 3511 felicius
2494 3456 2721 3511 vivatis.
2758 3457 2902 3512 Nam
2936 3459 3007 3511 ab
3040 3457 3149 3512 isto
3172 3458 3407 3530 quidem
3437 3458 3589 3528 ejec-

1946 3553 2005 3602 to
2036 3547 2130 3601 cui
2182 3549 2274 3602 uni
2307 3548 2545 3602 tandem
2573 3551 2831 3602 vestrum
2882 3548 3034 3604 276
3080 3549 3345 3603 omnium
3389 3547 3586 3619 juvari

1949 3653 2210 3707 unquam
2239 3641 2294 3691 et
2324 3637 2604 3692 beneﬁcio
2657 3637 2807 3691 affici
2842 3637 3145 3708 contigit?
3197 3654 3367 3710 quem
3417 3637 3595 3692 etiam

1948 3726 2154 3781 dolens
2188 3726 2621 3798 indignansque
2654 3726 2842 3781 recolo
2876 3728 3131 3782 fructum
3166 3732 3378 3782 nostra:
3406 3726 3461 3781 in
3494 3743 3597 3781 vos

1952 3832 2144 3884 pronae
2177 3831 2243 3868 ac
2276 3822 2487 3884 paratae
2522 3815 2579 3869 in
2626 3815 3078 3871 necessitatibus
3111 3833 3236 3887 qua:
3270 3816 3602 3870 inciderant

1950 3903 2321 3958 liberalitatis
2351 3903 2769 3959 intervertisse.
2809 3904 3098 3959 Pcsnitens
3127 3905 3257 3969 hoc,
3305 3904 3549 3975 inquam
3584 3944 3599 3971 ,

1952 3997 2008 4047 et
2037 4008 2130 4046 me
2170 3991 2605 4063 reprehendens
2638 3996 2883 4062 reputo:
2920 3993 3059 4062 quin
3110 3992 3326 4046 idcirco
3359 4008 3458 4047 vos
3489 3991 3602 4046 huc

1950 4081 2289 4149 convocavi,
2331 4084 2397 4134 ut
2430 4096 2521 4135 me
2551 4081 2676 4152 ipse
2719 4096 3050 4135 accusarem
3086 4080 3241 4152 apud
3283 4096 3386 4135 vos
3426 4081 3597 4135 heni-

1955 4170 2197 4244 gnitatis
2240 4169 2429 4223 rarius
2470 4186 2535 4224 ac
2576 4169 2809 4241 parcius
2848 4170 3130 4224 exercitae.
3168 4169 3357 4225 Simul
3399 4171 3599 4223 tamen

1954 4260 2106 4317 clare
2148 4259 2337 4314 dicam
2378 4259 2508 4329 ejus
2547 4258 2723 4313 errati
2757 4275 3020 4324 causam,
3064 4276 3167 4313 nec
3208 4256 3595 4314 dissimulabo

1955 4346 2210 4417 amplius
2242 4346 2662 4418 impedimento
2688 4347 2865 4402 fuisse
2898 4347 3285 4418 patriarcham
3313 4363 3383 4402 ne
3404 4346 3505 4417 qui
3530 4362 3599 4401 ex

1955 4436 2118 4492 vobis
2150 4440 2385 4507 egerent
2417 4453 2449 4490 a
2480 4441 2682 4490 nostra
2711 4434 3066 4491 liberalitate
3098 4454 3211 4508 quo
3243 4452 3391 4505 opus
3423 4436 3596 4490 habe-

1955 4525 2096 4579 bant
2121 4529 2638 4595 consequerentur.
2672 4525 2895 4579 Etenim
2928 4541 3061 4580 cum
3096 4542 3199 4581 nec
3229 4525 3327 4580 ille
3352 4526 3596 4579 ventita-

165 4622 230 4670 et
268 4614 379 4669 Dei
413 4612 731 4668 Ecclesiam
778 4614 1046 4669 scindere
1076 4614 1296 4669 conari.
1330 4614 1475 4675 Quid
1518 4612 1625 4667 hoc
1657 4629 1842 4683 genus
1875 4603 1919 4666 D
1953 4618 2039 4669 ret
2060 4614 2130 4668 ad
2165 4629 2293 4674 nos.
2327 4613 2670 4684 prohibente
2701 4614 2832 4669 odio
2855 4630 2969 4686 quo
3002 4632 3035 4670 a
3063 4614 3231 4670 nobis
3254 4613 3593 4669 immaniter

167 4704 500 4759 hominum
534 4707 775 4773 spectet,
809 4704 949 4774 quid
972 4708 1261 4758 venentur
1290 4708 1345 4757 et
1367 4709 1602 4772 captent
1634 4702 1748 4769 isti,
1770 4718 1838 4756 ex

164 4811 293 4848 usu
339 4793 582 4848 assiduo
613 4792 782 4862 quasi
812 4798 1082 4848 naturam
1128 4793 1413 4847 habentes
1455 4790 1836 4845 delitescendi

166 4883 231 4937 in
258 4880 506 4951 angulis
522 4885 925 4952 etsuumopus
948 4880 1279 4935 clanculum
1304 4879 1608 4943 actitandi,
1634 4895 1838 4950 super-

160 4986 509 5025 vacaneum
546 4970 622 5024 sit
652 4970 847 5025 dicere
876 4986 889 5025 ε
918 4970 1061 5025 illud
1097 4987 1213 5025 non
1246 4969 1598 5023 cunctahore
1630 4970 1839 5035 facere,

168 5060 349 5130 quod
385 5064 530 5129 puto
561 5058 985 5125 necessarium,
1018 5059 1319 5130 increpare
1340 5058 1607 5113 videlicet
1630 5074 1731 5129 pro
1759 5057 1840 5111 rei

160 5147 450 5221 pernicie
492 5148 706 5203 acriter
745 5147 1127 5204 stoliditatem
1170 5148 1561 5202 inconsultam
1604 5146 1837 5201 illorum

158 5238 276 5309 qui
318 5236 537 5291 abduci
560 5252 621 5290 se
645 5237 847 5291 sinunt
870 5237 1377 5291 susurrationibus
1398 5237 1665 5291 istorum.
1691 5234 1837 5298 Quid

153 5331 264 5383 est
302 5324 464 5380 enim
490 5342 596 5379 cur
617 5324 751 5395 quis
772 5324 907 5378 hinc
934 5324 1413 5379 scandalizatur?
1436 5342 1508 5379 an
1538 5324 1691 5394 quod
1726 5324 1837 5378 im-

159 5418 487 5471 mutatum
544 5413 655 5484 ipsi
709 5414 1036 5483 quidquam
1070 5414 1148 5467 sit
1196 5412 1266 5468 de
1304 5412 1634 5468 Christiano
1684 5413 1837 5484 quod

157 5503 429 5562 tenebat
450 5502 770 5574 dogmate?
792 5504 1002 5559 Verum
1027 5520 1132 5558 nec
1150 5502 1435 5558 hactenus
1457 5504 1781 5573 quidquam
1812 5520 1841 5557 e

158 5610 371 5651 sacra:
396 5593 676 5648 doctrina;
702 5592 933 5659 placitis
954 5600 1179 5648 motum
1206 5598 1316 5662 est,
1339 5609 1404 5648 ac
1427 5610 1496 5647 ne
1518 5594 1840 5664 quidquam

160 5686 228 5741 in
272 5687 586 5755 posterum
626 5687 947 5750 moveatur,
982 5688 1039 5738 et
1068 5687 1200 5738 vota
1233 5682 1478 5738 facimus
1513 5687 1569 5736 et
1608 5699 1842 5753 operam

1945 4703 2240 4768 abhorret,
2292 4718 2393 4757 nec
2450 4720 2555 4757 nos
2606 4704 2675 4757 ad
2722 4702 2891 4760 illum
2941 4705 3213 4759 accedere
3257 4719 3589 4774 possemus,

1949 4792 2163 4863 quippe
2196 4792 2295 4861 qui
2327 4792 2613 4847 sciremus
2637 4792 2793 4847 haud
2819 4793 3141 4847 admissum
3168 4792 3257 4861 iri,
3284 4791 3444 4846 nulla
3468 4809 3587 4847 res-

1948 4881 2107 4934 tabat
2137 4880 2305 4935 nobis
2335 4880 2426 4934 via
2465 4882 2851 4951 cognoscendi
2897 4881 3156 4952 legitimo
3205 4888 3258 4937 et
3312 4887 3592 4937 consueto

1950 4968 2140 5023 Patris
2192 4969 2525 5025 communis
2572 4969 2787 5024 indicio
2822 4972 3201 5026 necessitates
3248 4987 3591 5042 pauperum,

1952 5058 2141 5127 iisque
2174 5057 2531 5126 providendi.
2559 5059 2903 5129 Quanquam
2928 5060 3177 5131 (fatebor
3197 5060 3375 5130 enim)
3402 5075 3590 5130 neque

1949 5146 1997 5200 si
2031 5146 2282 5201 maxime
2311 5147 2596 5202 indicaret
2624 5147 2719 5201 ille
2755 5154 3118 5219 rogaretque,
3144 5149 3388 5204 idoneus
3409 5151 3591 5203 inter-

1948 5250 2012 5288 ve
2023 5230 2523 5306 niretdeprecator
2537 5236 2707 5291 nobis
2720 5236 2789 5291 a'l
2808 5238 3271 5293 misericordiam
3288 5235 3587 5291 ﬂectendis

1950 5329 2050 5378 aut
2081 5324 2404 5393 quidquam
2429 5324 2788 5395 impetraret,
2814 5342 2923 5380 non
2949 5327 3102 5397 quod
3129 5333 3335 5382 natura
3355 5323 3486 5377 duri
3510 5322 3588 5375 si-

1952 5429 2083 5466 mus
2115 5418 2170 5466 et
2200 5430 2233 5467 a
2264 5415 2455 5468 dando
2481 5414 2686 5481 aversi,
2720 5415 2819 5469 sed
2846 5416 2999 5485 quod
3035 5414 3093 5468 in
3119 5428 3350 5469 summa
3383 5409 3590 5463 illadi-

1951 5503 2171 5575 gnitate
2202 5501 2673 5573 ingratissimum
2706 5521 2837 5575 erga
2872 5522 2977 5559 nos
3011 5521 3072 5559 se
3123 5503 3406 5573 praebens,
3438 5499 3592 5553 indi-

1951 5607 2134 5662 gnum
2158 5608 2220 5645 se
2242 5592 2579 5661 reddiderit,
2600 5594 2691 5648 cui
2712 5594 3031 5663 gratiﬁcari
3056 5591 3202 5646 tanti
3218 5591 3588 5644 duceremus.

1954 5683 2157 5738 Gratia
2187 5684 2424 5754 quippe,
2459 5688 2524 5739 ut
2555 5700 2706 5755 saepe
2729 5684 2843 5737 dici
2876 5681 3229 5745 audivimus,
3251 5676 3439 5749 gignit
3459 5692 3595 5748 gra-
