4018 6198
351 229 466 285 723
1661 222 1963 280 GEORGII
2001 221 2472 278 mammam;
3281 257 3288 259 -
3628 231 3720 290 m

358 355 534 429 ἔρωτα
559 351 901 430 γεννηθέντα.
945 348 1022 420 μὴ
1054 343 1497 420 ἐπιγεννηθὲντος
1548 343 1639 400 καὶ
1695 347 1793 399 τοῦ
1849 342 2002 399 ἀντέ-
2036 348 2089 416 Α
2119 341 2315 398 ἐκεῖνοί
2370 341 2502 407 ἴσως
2533 344 2591 399 ἂν
2624 343 2712 399 καὶ
2767 342 2974 416 λέξειαν
3027 339 3430 422 διαϐάλλεντες)
3481 351 3724 430 ἀποκαρα-

365 427 582 522 ρωτος,⁷
605 439 764 514 Τάχα
819 435 880 491 ἂν
942 433 1247 510 μυθολόγον
1282 455 1350 508 με
1381 432 1680 505 οῗηθείητε.
1736 431 1914 490 Ἀλλὰ
1951 433 2014 488 τὸ
2120 427 2431 522 δοκοῦντας.
2464 433 2532 490 Τί
2561 438 2690 510 γοῦν
2733 435 2994 505 ποιητέον
3049 435 3176 508 ὑμῖν
3233 435 3342 491 ἐστί
3372 456 3386 507 ;
3418 439 3491 495 Τὸ
3521 440 3607 511 μὶν
3640 427 3719 517 με.

361 519 462 588 τοῦ
493 529 664 603 μύθου
714 530 788 588 ὡς
832 523 1067 598 ἀληθείᾳ
1096 529 1397 600 προσπαῖον
1452 523 1749 579 ἐπαινετόν.
1808 525 2015 597 Ἐφησε
2117 519 2395 577 ταδιδόναι
2453 524 2542 579 καὶ
2597 529 2715 586 τοῖς
2773 521 2968 587 ἄλλοις
3014 529 3124 580 τῶν
3195 522 3363 582 ὄντων
3423 527 3479 582 οὐ
3537 532 3723 607 φθόνος·

363 623 464 696 γὰρ
494 618 582 673 καὶ
611 637 692 678 τις
724 613 831 670 τῶν
882 611 982 686 ἔξω
1027 613 1258 690 ἐρημίας
1302 613 1521 688 γείτονα
1569 615 1669 682 τὴν
1726 609 2012 666 αὐθάδειαν
2120 611 2370 686 πραττὲω
2399 634 2481 676 τις
2531 615 2605 676 ὡς
2658 612 2914 690 βούλεται
2973 617 3154 671 τοῦτο.
3185 617 3258 672 Τό
3319 613 3374 670 δὲ
3399 621 3509 679 τοῖς
3564 617 3727 696 λόγοις

361 713 442 779 τῷ
482 706 583 782 γὰρ
642 702 862 769 αὐθάδει
923 701 1098 765 οὐδεὶς
1139 701 1391 778 προσέξοι
1450 698 1844 776 προσϐάλλων,
1895 702 2018 756 κάν-

2121 700 2296 756 αὐτῶν
2355 702 2758 778 καθυπάγεσθαι
2833 704 2925 758 καὶ
3003 703 3098 758 σὺν
3180 702 3408 767 ἐκείνοις
3461 705 3727 774 πλανᾶσθαι

359 797 540 850 τεῦΟεν
571 793 911 870 ἐρημο>θὲντι
955 797 1061 848 τῶν
1118 790 1303 848 ἄλλων
1351 793 1468 855 καθ’
1502 791 1660 845 αὐτὸν
1693 789 1854 844 αὐτὸν
1909 787 2019 844 διά·
2121 785 2184 844 οῦ
2221 812 2312 864 μοι
2365 789 2515 847 δοκεῖ
2573 789 2683 847 οὔτ’
2723 791 2849 866 ἐμοὶ
2881 793 3102 848 ἀνεκτὸν
3155 790 3263 847 οὗθ’
3324 796 3448 867 ὑμῖν
3501 796 3724 872 ἀσφαλὲς,

359 907 472 960 γειν
507 880 811 958 ξυμϐαίνει.
865 882 928 938 Τί
959 887 1087 958 γοῦν
1139 883 1201 936 τὸ
1234 882 1546 950 εἶ’σὲπειτας
1601 877 1863 950 Εἷδήσετε
1911 879 2012 934 πάν

2124 880 2216 934 Διὸ
2258 883 2548 956 προσθάνει
2601 888 2702 952 τῆς
2757 881 3035 956 τιμωρίας
3067 883 3100 952 ἠ
3136 881 3356 954 ἀπειλὴ,
3393 886 3464 956 μή
3514 905 3619 950 πως
3656 888 3728 943 ἐπὶ

358 995 468 1030 τως
496 975 584 1029 καὶ
618 971 897 1046 εὐμενείας
929 973 1058 1045 ὀμῖν
1113 965 1574 1046 προσϐαλλοόσας
1627 970 1864 1036 ἀκτῖνας,
1915 972 2017 1022 τοῦ
2121 972 2229 1024 τῶν
2309 967 2482 1045 ἔργων
2561 972 2803 1046 γεγονώς
2859 992 2942 1033 τις
3011 971 3202 1026 ππθὼν
3263 969 3480 1030 εἴσεται.
3534 974 3726 1052 ’Δνάγκη

2121 1060 2222 1135 γάρ
2279 1065 2395 1122 τοῖς
2453 1059 2669 1136 ὀλίγοις
2737 1058 3250 1134 συνδιαστρὲφεσθαι
3319 1061 3443 1123 τοὺς
3496 1062 3727 1130 πολλούς’

2122 1148 2211 1202 καὶ
2265 1148 2582 1214 τούντεῦθεν
2635 1149 2717 1212 τίς
2777 1149 2922 1205 οὕτω
2980 1149 3254 1218 νυστάζων
3326 1151 3400 1212 ὡς
3456 1152 3526 1223 μή
3584 1158 3732 1222 ζητεῖν

2126 1243 2327 1313 φτῆσαι
2357 1238 2456 1306 τήν
2493 1237 2672 1314 ῥύμην
2709 1257 2723 1309 ;
2785 1238 2895 1313 ἐγὼ
2958 1239 3055 1310 μὲν
3112 1237 3206 1292 οὖν
3266 1235 3631 1312 διακελεύομαι
3657 1244 3730 1296 καὶ

2126 1322 2281 1400 ἀνδρὶ
2337 1327 2426 1381 καῖ
2485 1327 2722 1402 γυναικὶ,
2773 1327 2863 1382 καὶ
2895 1321 3172 1403 πρεσϐύτῃ
3231 1326 3322 1380 καὶ
3379 1329 3501 1400 νὲῳ,
3562 1330 3733 1402 ἀστικῷ

2123 1437 2182 1470 τε
2225 1413 2290 1470 αὖ
2349 1417 2438 1470 καὶ
2490 1417 2758 1492 ἀγροίκῳ,
2823 1413 3137 1489 δοκιμάζειν
3187 1421 3405 1490 πρῶτον
3453 1415 3572 1480 τοὺς
3609 1417 3736 1490 πλη-

362 1065 626 1139 ποιμὲνος
682 1067 964 1123 κινοῦντος
1021 1061 1120 1129 τὴν
1182 1058 1452 1133 ἡμετέραν
1503 1059 1732 1132 γνώμην
1788 1056 2021 1132 ὑπερτά-

358 1174 484 1216 τοις
518 1153 790 1227 μεσιτείας
819 1150 1070 1225 τρόποις.
1123 1150 1307 1206 Μόνον
1356 1149 1430 1218 μή
1475 1169 1559 1210 τις
1608 1145 1746 1219 ἐνδῷ
1792 1147 1927 1220 πρὸς
1955 1147 2020 1201 τὸ

367 1248 574 1320 χεῖρον,
611 1239 751 1315 μηδὲ
778 1261 864 1301 τις
896 1241 954 1294 τὸ
984 1241 1102 1303 καθ’
1135 1239 1294 1293 αὑτὸν
1330 1241 1552 1292 σκοπῶν
1610 1239 1696 1309 ῙΡ.
1760 1238 1878 1304 187]
1930 1235 2020 1290 καὶ

372 1334 534 1406 μόνον
585 1331 636 1386 ἐν
699 1331 759 1384 οὑ
799 1333 1051 1390 παικτοῖς
1109 1327 1369 1398 παιζέτω,
1409 1323 1540 1400 μηδ’
1595 1325 1695 1380 οὐκ
1747 1325 1834 1380 ἐπὶ
1892 1326 2018 1379 ἀνυ-

370 1427 520 1484 στοῖς
547 1418 921 1489 σπουδαζέτω.
982 1417 1056 1472 Τὰ
1085 1418 1186 1493 γάρ
1217 1418 1338 1480 καθ’
1395 1413 1622 1470 ἕκαστον
1675 1412 2022 1487 ὀλισθήματα

371 1509 678 1584 ἐμπιπλᾶσι
737 1509 1074 1584 πραγμάτων
1106 1506 1200 1568 τὰς
1252 1505 1465 1572 πόλεις,
1525 1504 1617 1558 καὶ
1658 1503 1773 1567 ἑνός
1829 1503 2018 1578 ἀμαρ-
2127 1507 2408 1574 σιάζοντας
2443 1551 2458 1576 ,
2508 1507 2598 1560 καὶ
2651 1505 2796 1561 οὕτω
2859 1509 3097 1581 χρῆσθαι
3131 1548 3145 1562 .
3195 1506 3275 1562 Τὸ
3326 1507 3425 1582 γάρ
3467 1511 3641 1562 νοσοῦν
3687 1507 3736 1563 ἐκ

370 1602 628 1661 τάνοντος
660 1597 864 1653 πολλοὶ
910 1598 1018 1650 τῶν
1067 1599 1248 1650 κακῶν
1297 1593 1582 1668 ἀπηύρων.
1643 1592 1878 1668 Φεύγετε
1900 1591 2018 1647 τοί-
2123 1599 2230 1650 τῶν
2266 1595 2617 1671 ὑγιαινόντων
2678 1591 2796 1671 ἔχει
2844 1597 2939 1657 τὰς
2998 1594 3274 1665 βοηθείας·
3310 1595 3354 1650 εί
3398 1593 3446 1651 δ’
3495 1596 3734 1662 αὖτοὶτᾶς

370 1712 460 1744 νυν
489 1690 586 1752 τὰς
635 1686 1046 1762 παρασυνάξεις,
1094 1685 1185 1739 καὶ
1243 1689 1362 1745 τοῖς
1421 1682 1716 1758 σχίσμασιν
1774 1683 2018 1756 ἀπεχθά-
2051 1685 2347 1788 Βγνώμας
2379 1691 2613 1758 νοσοῖεν,
2645 1686 2696 1741 τί
2742 1683 2802 1739 ἂν
2851 1690 2968 1747 τοῖς
3018 1682 3222 1747 ἄλλοις
3278 1685 3597 1759 παράσχοιεν
3624 1687 3738 1761 ἄγα-

571 1775 781 1788 -.,.
1042 1774 1054 1788 .
1247 1771 1451 1788 -..
1595 1773 1699 1788 ρ..
2133 1773 2186 1788 ,,
2329 1771 2896 1788 ,κη...,
3079 1775 3093 1788 .
3298 1773 3434 1788 ,ν
3587 1771 3675 1788 ι...

369 1791 537 1843 νεσθε.
571 1775 784 1833 Παλλοὶ
815 1774 1298 1852 σακκοφόροιταῖς
1345 1771 1538 1834 οἰκίαις
1589 1773 1740 1844 ὑμῶν
1790 1791 2015 1845 παρεισ-
2051 1771 2097 1788 ⁵³
2128 1773 2268 1843 θόνς
2319 1771 2466 1829 ἀλλὰ
2519 1773 2585 1829 τὰ
2645 1775 2740 1848 μὶν
2789 1773 3008 1829 ἐκείνων
3073 1775 3101 1828 ὁ
3159 1775 3350 1847 καιρὸς
3408 1773 3531 1837 ἴσως
3584 1771 3737 1846 δείξει-

369 1867 644 1937 δῦσονται,
679 1867 793 1940 οὐχ
817 1865 967 1926 ὅπως
1008 1864 1137 1936 ὑμῖν
1187 1861 1242 1917 εὖ
1271 1863 1491 1937 γένηται
1546 1860 2020 1935 προθυμούμενοι,
2133 1863 2258 1935 ὑμῖν
2320 1859 2378 1917 δὲ
2440 1864 2540 1932 τὴν
2600 1863 2816 1919 ἐκείνων
2874 1863 3065 1919 κακίαν
3124 1863 3621 1939 ἀπομοργνυμὲνοις
3661 1866 3735 1920 καὶ

367 1957 495 2013 ἀλλ’
526 1956 674 2018 ὅπως
706 1955 763 2009 ἂν
820 1953 1004 2016 αὐτοῖς
1063 1955 1188 2026 παρ’
1255 1953 1406 2023 ὑμῶν
1457 1951 1741 2025 πορισθείη
1792 1952 1860 2005 τὰ
1887 1951 2023 2006 κατά
2130 1957 2226 2006 τοῦ
2279 1953 2443 2026 ὀρθοῦ
2497 1952 2830 2009 ἐκκλίνουσιν
2877 1953 2937 2008 οὐ
2985 1953 3240 2008 συνοίσει.
3278 1951 3380 2007 Κᾶν
3412 1953 3596 2008 ἐκεῖνοι
3645 1951 3740 2008 δια-

372 2047 560 2122 χρείας
617 2048 964 2104 σκοποῦντες.
1026 2045 1159 2096 Εἶτα
1212 2042 1657 2116 κατηγορήσουσι
1709 2040 1806 2112 μὲν
1865 2041 2018 2114 βασι·-
2133 2038 2496 2116 διδράσκοιεν,
2553 2043 2678 2114 ὑμῖν
2727 2043 2790 2096 τὸ
2849 2038 3108 2116 ἔγκλημα
3166 2045 3562 2116 περιστήσεται.
3617 2043 3746 2118 Μέγα

371 2135 719 2206 λέων,καινδ.
775 2130 834 2187 δὲ
889 2137 1006 2195 τοῖς
1061 2129 1320 2194 παλαιοῖς
1376 2130 1624 2202 μίξαντες
1697 2129 1772 2201 μὴ
1832 2134 2018 2192 καλῶς
2137 2131 2232 2203 μὲν
2263 2129 2398 2205 ἔρῶν
2429 2129 2573 2201 οἴδα,
2607 2131 2761 2204 ὅμως
2794 2129 2852 2186 δὲ
2903 2132 2992 2186 καὶ
3045 2133 3173 2204 ὑμῖν
3238 2129 3452 2202 δοκοῦν,
3483 2134 3643 2187 ὅτιτὸ
3667 2137 3745 2187 τοῦ

373 2223 522 2300 ἔχειν
571 2225 639 2278 τά
687 2229 789 2292 τῆς
845 2220 1173 2291 ἘκκΛησίας
1228 2218 1528 2284 ἐποίσουσι,
1585 2219 1672 2272 καὶ
1716 2215 1808 2273 διὰ
1863 2223 2024 2273 τοῦτο
2135 2220 2441 2294 σχίσματος
2469 2217 2730 2295 ἔγκλημα
2785 2220 2836 2274 ἐν
2872 2217 2978 2294 ἴσῳ
3032 2221 3122 2275 καὶ
3173 2221 3427 2284 ἀπιστίας
3476 2224 3740 2292 σεθήσεται,

373 2315 464 2371 καὶ
496 2312 692 2375 αὐτοὺς
719 2313 864 2387 τάχα
913 2309 1215 2366 πλανᾶσθαι
1243 2309 1342 2378 τὴν
1377 2305 1667 2384 διόρθωσιν
1720 2305 1886 2381 (οὕτω
1922 2309 2024 2383 γὰρ
2133 2309 2220 2363 καὶ
2255 2311 2282 2363 ὁ
2312 2308 2600 2384 ἐγκληθεὶς
2633 2310 2718 2366 ἐπὶ
2753 2309 2932 2384 τούτῳ
2979 2309 3240 2374 κολάσεις
3297 2312 3467 2386 ὑφέξει
3519 2313 3747 2367 καθοσιώο

380 2546 486 2588 nec
536 2533 727 2602 potest
775 2544 942 2585 amor
977 2531 1150 2583 natus
1195 2525 1546 2596 adolescere,
1590 2525 1731 2597 quin
1784 2523 2026 2596 paribus

379 2623 655 2692 assurgat
691 2616 1068 2673 incrementis
1109 2616 1262 2671 alius
1295 2619 1430 2686 post
1468 2615 1722 2686 priorem
1763 2613 2020 2685 genitus,

378 2714 623 2766 mutuus
646 2725 830 2776 amor,
852 2712 1123 2775 Anteros,
1146 2708 1404 2760 vocatus.
1431 2703 1559 2759 Haec
1580 2720 1664 2760 tne
1687 2704 2020 2773 loquentem

377 2816 587 2872 parum
607 2794 1344 2869 aberitquinfabulatorem
1373 2791 1716 2864 opinemini.
1737 2791 2020 2848 Caeterum

376 2887 599 2954 fabula,
624 2893 688 2944 ut
721 2887 774 2941 in
811 2901 1055 2958 scopum
1088 2883 1352 2940 veritatis
1377 2888 1534 2939 recta
1557 2881 1879 2938 collineans
1904 2897 2018 2936 non
2131 2884 2278 2949 Quid
2311 2883 2492 2956 igitur
2521 2887 2816 2957 agendum
2847 2887 3015 2942 vobis
3047 2891 3136 2942 est
3164 2886 3196 2942 ‘I
3227 2887 3377 2953 Quin
3407 2903 3438 2943 e
3466 2893 3639 2944 vestra
3664 2903 3745 2943 co-

378 2994 509 3034 raro
540 2976 702 3033 utilis
735 2980 791 3033 et
821 2973 1138 3031 laudabilis
1159 2973 1427 3030 habetur.
1450 2973 1575 3028 Non
1602 2971 1752 3027 male
1776 2971 2016 3044 quidam
2131 2973 2228 3044 pia
2252 2971 2586 3045 largiamini
2622 2976 2838 3046 quibus
2872 2975 3193 3044 videbitur,
3227 2975 3393 3032 nulla
3420 2976 3625 3032 invidia
3655 2981 3744 3033 est.

379 3073 748 3167 externorum
785 3066 931 3121 dixit
959 3063 1268 3169 solitudini
1319 3062 1630 3118 ﬁnitimam
1683 3061 2021 3169 superbiam
2059 3101 2101 3169 C
2143 3061 2339 3118 Faciat
2369 3063 2425 3166 ip
2448 3079 2746 3169 eo‘genere
2769 3064 3023 3138 quisque
3055 3065 3311 3122 utvolet.
3340 3063 3558 3120 Abduci
3578 3069 3742 3120 autem

379 3173 528 3226 esse,
567 3157 784 3212 idcirco
823 3154 975 3227 quod
1017 3153 1337 3225 superbum
1381 3168 1552 3208 nemo
1594 3155 1808 3221 curat,
1854 3166 2026 3205 nemo
2064 3153 2101 3169 ν
2140 3153 2623 3224 persuasionibus
2653 3153 2923 3221 istorum,
2957 3158 3167 3210 etcum
3199 3155 3526 3211 errantibus
3553 3171 3644 3210 vos
3662 3171 3748 3227 pa-

383 3247 526 3316 adit,
551 3247 706 3302 unde
732 3260 965 3300 necesse
991 3243 1053 3298 ﬁt
1078 3258 1209 3298 eum
1237 3246 1520 3296 semotam
1549 3241 2033 3296 aconsuetudine
2141 3241 2284 3296 riter
2327 3258 2544 3309 errare,
2591 3257 2697 3298 nec
2751 3243 3047 3315 probarim
3090 3245 3370 3317 equidem
3413 3260 3515 3300 nec
3551 3242 3744 3316 patiar;

385 3336 694 3392 hominum
728 3339 785 3389 et
824 3332 1145 3388 solitariam
1180 3330 1356 3384 vitam
1393 3331 1620 3401 degere.
1657 3329 1802 3395 Quid
1835 3335 2030 3385 autem
2141 3347 2254 3386 non
2288 3331 2444 3388 enim
2474 3336 2562 3386 est
2593 3330 2914 3398 tolerabile,
2948 3350 3012 3389 ac
3047 3348 3118 3388 ne
3148 3334 3320 3390 vobis
3352 3334 3578 3406 quidem
3608 3349 3745 3405 expe-

388 3425 445 3480 in
481 3430 774 3495 posterum
797 3421 824 3476 ?
856 3421 960 3476 Aio
993 3424 1048 3474 et
1080 3420 1364 3473 confirmo
1398 3419 1559 3474 vobis
1603 3435 1617 3474 :
1651 3418 2032 3474 mutationem
2143 3421 2242 3475 dit.
2279 3425 2585 3492 Propterea
2619 3421 2889 3494 praecedit
2909 3438 3042 3478 ecce
3075 3421 3363 3479 ultionem
3387 3421 3746 3487 comminatio,

382 3512 439 3566 in
476 3509 688 3564 melius
715 3523 990 3579 magnam
1022 3505 1427 3578 experiemini.
1456 3507 1799 3561 Pervenient
1830 3507 1900 3561 ad
1932 3523 2033 3562 vos
2143 3525 2213 3565 ne
2244 3511 2378 3582 quis
2408 3527 2537 3566 sero
2586 3513 2798 3584 sapiat,
2834 3511 2931 3567 ubi
2965 3512 3374 3585 deprehensus
3422 3529 3542 3585 qua
3570 3509 3752 3568 meruit

381 3598 620 3670 benigni
653 3597 801 3653 radii
827 3595 996 3651 nobis
1028 3596 1242 3650 innate:
1277 3595 1693 3664 beneﬁcentiae,
1727 3595 1882 3650 nulla
1910 3597 2032 3667 jam
2144 3599 2414 3670 patietur.
2465 3603 2610 3656 Cum
2642 3601 2798 3656 enim
2832 3603 3166 3658 necessario
3203 3619 3275 3658 ex
3324 3602 3563 3658 tolerata
3589 3599 3746 3674 pravi-

379 3687 688 3758 intercepti
742 3685 899 3742 nube
947 3682 1356 3756 patriarcbalis
1417 3683 1761 3740 offensionis
1813 3701 1826 3738 :
1880 3685 2028 3740 211
2139 3692 2258 3744 tate
2281 3705 2599 3761 paucorum
2629 3689 2798 3746 multi
2825 3695 3252 3763 pervertantur,
3272 3693 3405 3764 quis
3430 3697 3541 3747 tam
3562 3688 3750 3747 dormi-

380 3777 522 3849 quin
548 3776 667 3831 imo
699 3779 863 3848 grato
898 3774 1068 3829 nobis
1101 3773 1159 3828 in
1194 3771 1388 3828 locum
1420 3773 1635 3827 retrusi
1669 3778 1727 3828 et
1758 3773 2034 3845 implaca-
2143 3781 2274 3834 tans
2305 3779 2701 3835 custodiendae
2728 3779 3060 3854 reipublicae
3092 3782 3444 3854 praepositus
3477 3797 3580 3836 non
3606 3779 3748 3836 ratio-

377 3867 513 3922 bilis
543 3865 716 3921 istius
747 3879 1097 3920 successuro
1118 3866 1373 3933 pastore,
1398 3862 1849 3918 commoditates
1876 3864 2031 3935 apud
2145 3883 2245 3922 nes
2276 3867 2432 3924 ineat
2462 3873 2518 3924 et
2547 3873 2819 3924 conatum
2885 3869 3184 3938 adhibeat,
3217 3887 3358 3942 quo,
3393 3870 3440 3926 si
3474 3869 3629 3942 posit,
3661 3867 3751 3924 sis-

379 3973 488 4012 nos
517 3959 742 4011 vestras
775 3952 1122 4008 docentibus
1153 3951 1313 4006 illam
1350 3967 1658 4023 personam
1697 3952 2035 4008 efficacibus
2143 3960 2227 4010 tat
2256 3955 2542 4027 impetum
2578 3958 2804 4015 ruentis
2835 3958 2891 4013 in
2927 3975 3188 4032 praeceps
3210 3961 3366 4017 278
3397 3957 3752 4016 multitudinis

375 4045 905 4103 intercessionibus
958 4047 1328 4116 procurante,
1381 4043 1540 4115 large
1569 4042 1626 4098 in
1661 4059 1762 4097 vos
1813 4043 2033 4098 effundi
2141 4045 2432 4101 incautae?
2477 4047 2595 4119 Ego
2629 4048 2827 4120 figitur
2859 4049 3076 4106 diserte
3113 4050 3473 4106 denuntians
3513 4045 3749 4122 praecipio

377 4138 643 4194 sentietis
677 4138 829 4192 bona
861 4152 988 4207 quae
1009 4133 1355 4190 desideratis
1386 4134 1580 4190 omnis
1605 4133 1855 4207 generis.
1879 4136 2032 4192 Tan-
2139 4134 2262 4189 viro
2293 4135 2477 4191 cuivis
2509 4141 2566 4192 et
2586 4137 2842 4205 mulieri,
2868 4139 2992 4194 seni
3013 4139 3536 4212 juxtajuvenique,
3558 4137 3748 4192 urbano

375 4233 504 4286 tum
536 4244 608 4283 ne
641 4228 775 4300 quis
809 4230 1067 4282 vestrum
1092 4225 1183 4299 agi
1217 4242 1279 4281 se
1310 4225 1367 4280 in
1401 4229 1802 4281 transversum
1837 4225 2029 4294 sinat;
2140 4225 2360 4296 pariter
2391 4229 2446 4280 et
2475 4227 2719 4299 rustico,
2745 4233 2809 4283 ut
2838 4228 3098 4301 exploret
3131 4228 3300 4302 prius
3332 4229 3528 4301 quales
3545 4223 3748 4295 sintqui

379 4335 484 4376 nec
517 4336 624 4375 sua
677 4317 855 4373 unius
887 4321 1161 4390 spectans
1213 4317 1515 4372 commoda
1550 4316 1718 4371 ludat
1750 4317 1806 4371 in
1859 4316 2034 4372 rebus
2139 4315 2212 4370 ad
2271 4332 2333 4370 se
2393 4317 2711 4385 accedunt,
2770 4321 2896 4373 tum
2951 4319 3000 4373 si
3050 4319 3236 4375 bonos
3287 4318 3517 4391 reperit,
3564 4322 3748 4372 utatur.

379 4428 507 4485 qua;
541 4408 748 4464 ludum
783 4425 900 4464 non
925 4407 1271 4473 admittunt,
1304 4411 1403 4462 aut
1433 4423 1500 4462 ea
1527 4423 1652 4478 qua:
1678 4407 1878 4479 perﬁci
1913 4424 2026 4462 non
2139 4403 2281 4459 Nam
2315 4421 2467 4478 aeger
2496 4423 2527 4461 a
2557 4407 2721 4463 sanis
2745 4407 2983 4476 juvetur
3016 4425 3029 4464 :
3063 4407 3113 4464 si
3145 4413 3343 4464 autem
3378 4407 3584 4472 animo,
3612 4404 3750 4460 labo-

388 4503 638 4574 possunt
668 4499 820 4553 serio
851 4502 1110 4553 conetur.
1145 4496 1288 4551 Nam
1325 4495 1690 4568 singulorum
1729 4513 2032 4569 perperam
2062 4486 2109 4550 D
2142 4497 2364 4550 rantem
2417 4499 2611 4550 mente
2644 4497 2905 4570 corrupti
2956 4497 3230 4570 adierint,
3264 4499 3403 4571 quid
3456 4514 3520 4553 ex
3566 4496 3630 4550 iis
3668 4509 3748 4548 ex-

377 4589 802 4647 ofl'endentium
823 4586 1038 4642 civium
1056 4585 1262 4657 lapsus
1282 4585 1586 4642 universas
1605 4585 1767 4642 tricis
1786 4585 2033 4659 implent
2143 4589 2405 4655 spectare
2423 4584 2554 4639 boni
2578 4587 2798 4658 queat?
2816 4588 2914 4642 sed
2938 4587 3184 4643 istorum
3204 4588 3441 4660 quidem
3461 4583 3744 4657 nequitiam

373 4679 686 4751 turbisque
718 4677 1004 4744 civitates,
1040 4679 1247 4731 natura
1281 4690 1474 4730 rerum
1512 4675 1593 4732 ita
1624 4675 1844 4732 ferente
1875 4680 1940 4732 ut
1964 4691 2032 4731 ex
2143 4673 2267 4728 dies
2316 4673 2557 4729 forsitan
2625 4675 2878 4748 deteget.
2912 4676 3091 4732 Vobis
3152 4681 3350 4733 autem
3385 4692 3574 4734 eorum
3605 4670 3746 4729 mali-

376 4785 492 4824 uno
540 4771 813 4837 peccante
845 4782 1018 4838 pcena
1048 4765 1107 4820 in
1153 4764 1368 4820 multos
1414 4770 1788 4838 prOpagatur.
1823 4765 2026 4839 Fugite
2141 4764 2284 4819 tiam
2316 4763 2691 4820 imitantibus
2711 4771 2769 4821 et
2800 4782 2830 4821 a
2863 4771 3020 4822 recto
3061 4766 3511 4834 declinantibus,
3543 4777 3660 4819 vere
3689 4775 3744 4814 ac

377 4858 562 4931 igitur
609 4854 1034 4922 conventicula,
1067 4853 1421 4910 aversamini
1468 4854 1808 4911 schismata.
1861 4855 2026 4911 Mulli
2141 4853 2581 4926 clarepraadico,
2607 4871 2722 4910 non
2742 4855 3656 4927 abibitstultafacilitasimpune.
3682 4855 3746 4904 Ac

375 4946 560 5004 saccis
614 4945 804 5001 induti
838 4945 1044 5001 domos
1076 4942 1136 4998 in
1167 4947 1390 4998 vestras
1439 4961 1501 5000 se
1532 4944 1856 5014 insinuant,
1909 4963 2023 5001 non
2141 4942 2222 4997 illi
2260 4944 2407 4999 forte
2438 4960 2668 5014 pcnnam
2696 4944 3222 5016 fugalucrifacient
3245 4962 3258 5001 :
3280 4963 3380 5001 vos
3399 4939 3751 5015 deprehende-

375 5041 441 5092 ut
469 5035 635 5092 vobis
668 5034 917 5108 prosint,
941 5033 1039 5089 sed
1066 5036 1128 5088 ut
1156 5031 1265 5088 sibi
1299 5033 1716 5090 eblandiantur
1747 5039 1850 5090 aut
1877 5051 2026 5107 quo-
2143 5032 2286 5088 mini
2317 5051 2330 5101 ;
2363 5032 2605 5088 haerebit
2631 5034 2688 5088 in
2722 5033 2888 5090 vobis
2918 5034 3202 5090 luendum
3239 5035 3483 5090 crimen.
3508 5035 3745 5104 Magnum

375 5129 554 5184 modo
589 5127 903 5182 conﬁciant
933 5142 1000 5180 ex
1031 5123 1194 5181 vobis
1227 5141 1352 5197 qua:
1386 5124 1652 5198 cupiunt,
1689 5126 1902 5197 quibus
1935 5127 2025 5180 in-
2139 5123 2257 5178 scio
2290 5139 2418 5178 esse
2451 5124 2608 5195 quod
2643 5123 2808 5180 edico
2848 5125 3237 5194 comminans,
3292 5125 3392 5180 sed
3443 5127 3622 5178 tamen
3650 5115 3743 5174 tale

370 5219 589 5290 digent.
650 5217 790 5273 Inde
853 5217 1263 5289 imperatorem
1321 5215 1560 5286 quidem
1613 5215 2022 5272 accusabunt:

371 5312 501 5363 tum
535 5323 682 5362 nova
728 5306 1024 5361 veteribus
1058 5304 1395 5369 miscentes,
1429 5303 1582 5358 haud
1617 5304 1760 5358 bene
1808 5304 2024 5359 habere

370 5414 464 5453 res
497 5396 764 5453 Ecclesia
796 5394 1185 5459 subinferent,
1210 5397 1265 5449 et
1287 5397 1592 5464 propterea
1617 5392 1888 5449 videlicet
1909 5393 2023 5449 lar-

369 5486 528 5558 giter
556 5490 814 5542 erratum
850 5485 907 5539 in
942 5484 1052 5539 viis
1098 5481 1476 5539 correctionis
1522 5480 1826 5553 ineundis,
1861 5482 2020 5539 nullo

362 5578 514 5631 inter
541 5574 970 5634 ecclesiasticos
993 5572 1198 5628 idoneo
1224 5575 1450 5644 reperto
1473 5571 1861 5628 emendandis
1882 5589 2012 5630 ma-

2137 2525 2214 2581 lis
2237 2526 2454 2599 quibus
2471 2527 2804 2600 respublica
2821 2545 3060 2601 pessum
3085 2528 3216 2584 iret.
3242 2528 3506 2585 Sic‘enim
3547 2529 3621 2585 illi
3647 2529 3747 2586 for-

2137 2613 2288 2671 sitan
2321 2616 2606 2688 garrient,
2643 2618 3028 2674 criminantes
3057 2634 3157 2674 eos
3189 2619 3295 2690 qui
3326 2619 3607 2691 sapienter
3631 2635 3745 2674 cun-

2128 2709 2364 2758 ctantur
2391 2704 2934 2777 circumspicientes
2972 2706 3198 2774 omnia,
3231 2712 3290 2763 et
3334 2706 3394 2762 in
3444 2707 3742 2764 occasiones

2130 2795 2440 2850 imminent
2483 2801 2812 2869 opportune
2844 2799 3235 2870 procuranda:
3268 2798 3512 2870 publica:
3547 2799 3744 2856 salutis.

2138 5213 2291 5284 quod
2328 5213 2494 5268 vobis
2553 5217 2774 5269 attente
2829 5214 3344 5270 considerantibus
3382 5226 3598 5286 aequum
3627 5223 3742 5264 con-

2138 5303 2253 5356 fido
2284 5303 2480 5356 visum
2514 5302 2608 5370 iri,
2631 5303 2971 5360 schismatis
3001 5303 3220 5360 crimen
3248 5303 3374 5377 pari
3397 5319 3521 5357 cum
3545 5298 3740 5370 aposta-

2137 5391 2216 5446 sia
2253 5409 2423 5464 poena
2447 5392 2843 5449 multandum.
2882 5394 2950 5449 Et
2980 5395 3079 5466 qui
3106 5394 3409 5450 convictus
3430 5393 3548 5466 ejus
3575 5383 3734 5447 fuerit.

2134 5479 2330 5536 debita
2363 5480 2654 5552 sacrilegis
2700 5481 3003 5538 defectioni
3040 5481 3329 5556 supplicia
3365 5480 3611 5554 perferet.
3647 5478 3734 5526 Vos

2131 5585 2268 5642 ergo
2317 5570 2743 5644 circumspecto
2795 5587 2990 5629 rerum
3024 5571 3382 5646 presentium
3411 5572 3574 5638 statu,
3614 5558 3728 5637 quid

3933 4703 3938 4746 τ

3927 4753 3937 4824 .5:

3931 4825 3938 4880 ἓ

3931 4881 3936 4922 ε

3927 4941 3936 5022 i
