4018 6198
171 297 263 352 725
1226 299 1325 353 ΒΕ
1363 299 1738 354 MICHAELE
1776 298 2223 358 PALEOLOGO
2258 302 2394 355 LIB.
2436 303 2534 356 IV.

3461 300 3574 355 726

174 424 311 481 σεως.
343 419 525 492 Ὑμεῖς
552 420 683 493 γοῦν
714 414 894 472 οῖδᾶτε
954 420 1103 481 ὅπως
1158 415 1300 490 ἕξετε
1356 421 1493 497 πρὸς
1547 422 1615 475 τὰ
1668 441 1806 495 παρ·
1838 430 1887 497 Α
1925 424 2040 495 μετ’
2066 420 2251 485 αἰδοῦς
2284 422 2501 479 καὶτοῦ
2553 425 2853 499 πρέποντος
2909 426 3294 502 προσεφέρετο,
3324 424 3413 480 καὶ
3472 424 3571 481 λό-

170 512 298 578 όντα,
330 508 406 571 ὠς
458 508 493 576 ἢ
554 511 633 578 τῷ
693 509 990 582 ἡσυχάζειν
1048 507 1131 563 ἐπ’
1178 510 1399 584 ἀγαθοῖς
1454 511 1732 583 ἐσόμενοι,
1764 510 1799 579 ἢ

167 598 234 672 τῷ
260 602 476 652 τοιαῦτα
521 601 700 667 ζητεῖν
734 594 904 670 μηδὶν
937 596 1084 659 ὅλως
1130 598 1257 671 ὑμῖν
1317 602 1668 675 προσήκοντα
1721 620 1803 655 τι-

172 685 645 763 μωρηθησόμενοι.
674 708 703 737 »

170 860 245 934 ιβ’.
270 859 461 918 Ὅπως
495 855 784 935 ψηφίζεται
869 862 969 927 τῆς
1002 855 1291 935 ’ᾼδριανοῦ
1322 860 1597 935 Γερμανὸς
1636 857 1712 921 εἷς
1742 859 1805 914 τὸ

491 929 909 1005 πατριάρχεῖον,
943 929 1033 983 καὶ
1067 929 1257 992 ὁποῖος
1288 929 1463 993 οὗτος.

226 1046 280 1101 Ὀ
311 1044 410 1118 μὲν
445 1042 536 1098 οὖν
570 1042 826 1120 βασιλεὺς
852 1043 1071 1107 τούτοις
1112 1066 1170 1099 τε
1225 1046 1313 1100 καὶ
1373 1043 1568 1111 ἄλλοις
1621 1044 1803 1100 τοιού-

162 1155 261 1198 τοις
284 1134 382 1195 τὰς
417 1135 901 1211 προαναφωνήσεις
936 1132 1063 1198 δοὺς
1115 1139 1195 1207 τῷ
1262 1136 1401 1208 λαῷ,
1435 1134 1663 1191 ἀπολύει
1722 1134 1804 1191 ἐπ’

162 1222 309 1279 οἴκων
370 1225 695 1297 πορεύεσθαι
756 1227 863 1278 τῶν
920 1224 1137 1279 οἰκείων
1172 1229 1251 1296 [Ρ.
1288 1228 1412 1299 188]
1447 1223 1672 1281 ἕκαστον
1708 1245 1720 1258 ·
1752 1235 1802 1289 οἷ

161 1315 428 1389 ἀρχιερεῖς
458 1310 515 1367 δὲ
544 1314 604 1367 τὸ
661 1310 947 1385 ἐνδόσιμον
1011 1309 1270 1377 λαϐόντες
1328 1316 1652 1393 ψηφίζεσθαι
1710 1318 1802 1372 τὸν

159 1400 414 1458 δοκοῦντα
446 1402 623 1479 σφίσιν
658 1401 744 1457 ἐπὶ
777 1406 845 1475 τῇ
882 1402 1108 1477 μεγίστῃ
1141 1405 1441 1479 προστασίᾳ
1469 1406 1560 1460 τὸν
1607 1404 1800 1476 ἐπιτή-

159 1490 311 1559 δειον,
347 1492 400 1545 έν
460 1497 642 1563 ταυτῷ
701 1492 902 1546 συνίασι
963 1494 1156 1555 πάντες
1215 1495 1352 1548 κατά
1400 1495 1463 1548 τὸ
1513 1496 1657 1569 ἱερὸν
1710 1496 1800 1551 καὶ

160 1582 277 1656 μέγα
313 1584 421 1635 τῶν
455 1584 778 1655 ΒΛαχερνῶν
810 1580 1055 1654 τέμενος,
1086 1582 1175 1636 καὶ
1208 1581 1379 1639 ἄλλον
1430 1581 1606 1639 ἄλλου
1662 1606 1802 1661 προ-

156 1665 499 1743 ϐαλλομένου
554 1670 715 1733 τέλος
776 1669 857 1747 ἐφ’
916 1672 990 1725 svi
1051 1672 1242 1733 πάντες
1300 1678 1674 1749 συμφωνοῦσι,
1722 1679 1801 1745 τῷ

1914 534 2012 587 γου
2044 514 2256 567 ἀκούων
2284 514 2489 588 ἠγάπα,
2523 516 2611 569 καὶ
2645 513 2806 592 φίλος
2834 518 2899 584 ἦν
2943 513 2996 577 ές
3050 516 3117 570 τὰ
3169 515 3407 587 μάλιστα
3461 521 3568 571 τῶν

1914 602 2207 672 τοιούτων,
2240 602 2313 663 ὡς
2342 602 2431 656 καὶ
2466 601 2625 665 αὐτὸς
2653 607 2749 658 τοῦ
2804 602 2977 659 καλοῦ
3036 605 3259 679 μετέχοι
3321 604 3395 667 ὡς
3451 606 3567 679 ἄρι-

1918 712 2035 747 στα.
2072 693 2295 767 Ἀρετῆς
2356 689 2412 746 δὲ
2472 699 2637 764 μετῆν
2690 691 2771 766 τῷ
2827 688 2981 767 ἀνδρὶ
3027 693 3135 768 οὐχ
3162 694 3223 763 ἣν
3254 691 3314 748 ἃν
3349 694 3399 748 οἱ
3431 715 3570 770 παρ-

1918 781 2070 842 όντες
2128 780 2354 854 αἴνοῖεν,
2388 780 2423 851 ἢ
2490 780 2701 855 μᾶλλον
2765 782 2816 836 οἱ
2874 783 3001 858 παρ’
3032 783 3244 839 ἑαυτοῖς
3302 781 3566 859 προύχειν

1920 868 2206 935 δοκοῦντες
2234 875 2341 926 τῶν
2375 868 2587 944 ἄλλων,
2625 872 2893 947 βρώματα
2920 872 3011 926 καὶ
3069 871 3253 935 πόσεις
3313 872 3570 952 φιλοκρι-

1918 964 2136 1022 νοῦντες
2190 960 2280 1015 καὶ
2341 959 2551 1035 ἡμέρας
2601 962 2808 1015 τούτων
2864 960 3070 1034 ἑκάστῳ
3117 962 3425 1038 πρεπούσας
3478 963 3567 1019 καὶ

1919 1051 2066 1123 παρᾶ
2092 1050 2156 1104 τὸ
2189 1048 2331 1111 εῗκὸς
2364 1050 2785 1123 προσνέμοντες,
2816 1054 2953 1123 πεζῇ
3008 1072 3067 1108 τε
3117 1051 3208 1106 καὶ
3271 1050 3441 1126 βάδην
3472 1054 3566 1107 αἱ-

1920 1138 2179 1211 ρούμενοι
2213 1137 2523 1213 διέρχεσθαι
2552 1140 2649 1201 τὰς
2692 1136 2873 1205 ὁδοὺς,
2903 1137 3260 1201 ἀνιπτόποδες
3314 1141 3406 1195 καὶ
3462 1161 3569 1217 χα-

1923 1232 2169 1301 μαιεῦναι
2197 1228 2287 1282 καὶ
2320 1226 2716 1303 μονοχίτωνες,
2750 1227 2800 1282 ἐν
2837 1225 3070 1302 δευτέρῳ
3119 1226 3176 1282 δὶ
3221 1228 3427 1284 τούτων
3471 1231 3564 1285 τὸν

1920 1318 2096 1371 οἶκτον
2130 1316 2220 1371 καὶ
2252 1317 2350 1385 τὴν
2388 1316 2599 1392 ἀγάπην
2630 1313 2927 1390 τιθέμενοι,
2960 1312 3036 1371 ἔτι
3071 1314 3130 1372 δὲ
3180 1316 3271 1372 καὶ
3328 1319 3427 1387 τὴν
3479 1340 3566 1396 ιρι-

1918 1404 2265 1479 λανθρωπίαν
2298 1408 2386 1461 καὶ
2419 1408 2517 1476 τὴν
2561 1406 2896 1479 συμπάθειαν
2956 1407 3047 1461 καὶ
3094 1408 3158 1462 τὸ
3206 1406 3334 1463 ὅλον
3396 1406 3566 1462 εἰπεῖν

1915 1497 2016 1565 τὴν
2051 1493 2342 1571 διάκρισιν,
2372 1493 2609 1571 σκληροί
2655 1517 2797 1557 τινες
2858 1491 3007 1560 ὄντες
3054 1498 3143 1551 καὶ
3201 1501 3317 1558 τοῖς
3367 1495 3564 1559 ἄλλοις

1920 1586 2238 1659 μωμητικοὶ
2293 1586 2382 1639 καὶ
2444 1586 2835 1660 μεμψίμοιροι,
2869 1586 2945 1648 ὡς
3003 1586 3215 1648 ἑαυτοῖς
3265 1587 3414 1664 σφίσι
3471 1588 3562 1641 καὶ

1921 1675 2111 1749 μόνοις
2167 1674 2265 1743 τήν
2325 1674 2521 1750 ἀρετὴν
2563 1680 2865 1749 περιποιεῖν
2899 1673 3238 1751 αἱρούμενοι,
3269 1676 3363 1731 κᾶν
3426 1676 3456 1732 6'
3511 1698 3563 1731 τι

156 1760 656 1837 Ἀδριοινουπόλεως
689 1766 973 1834 Γερμανῷ,
1002 1759 1157 1837 ἀνδρί
1200 1761 1470 1839 ἐλευθέρῳ
1526 1765 1616 1819 τὸν
1673 1764 1804 1841 τρό-
1838 1799 1884 1863 Β
1917 1764 2113 1820 ἐκεῖνοι
2146 1763 2235 1818 καὶ
2293 1763 2602 1837 πράττοιεν,
2637 1762 2765 1818 άΛλ’
2795 1766 2992 1838 ἀρετῆς
3048 1771 3148 1833 τῆς
3206 1766 3324 1820 κατ’
3353 1764 3564 1842 ἄνθρω-

158 1872 250 1905 πον
278 1851 375 1905 καὶ
410 1852 584 1925 ἱεραῖς
616 1848 966 1926 διεξαγωγαῖς
996 1852 1281 1927 πρέποντι,
1315 1847 1393 1907 ἔτι
1454 1850 1511 1907 δὲ
1560 1854 1649 1907 καὶ
1704 1855 1804 1922 τὴν

158 1938 211 1995 έκ
262 1938 543 2016 βασιλέως
599 1940 658 1994 ἐκ
714 1940 953 1995 παλαιοῦ
1009 1940 1343 1996 πλουτοῦντι
1404 1939 1663 2005 διάθεσιν.
1714 1944 1807 1996 Ὧν

154 2031 247 2103 γὰρ
278 2030 310 2085 ὀ
343 2029 479 2103 ἀνὴρ
511 2034 629 2091 ταῖς
661 2028 945 2098 ἀληθείαις
980 2028 1289 2106 φιλόκαλος
1354 2030 1446 2102 μὶν
1501 2032 1591 2085 καὶ
1650 2030 1808 2109 φιλο-

157 2120 317 2195 λόγος
348 2119 403 2181 ἐς
430 2118 614 2193 ἄκρον,
645 2119 814 2175 καλὸν
848 2117 895 2174 δ’
926 2122 1060 2174 ἅπαν
1097 2118 1257 2182 εἰδὼς
1286 2121 1314 2175 ’ὀ
1347 2119 1405 2175 ἃν
1457 2122 1546 2176 καὶ
1607 2122 1683 2184 είς
1739 2123 1805 2177 τὰ

154 2212 446 2285 πράγματα
480 2208 839 2285 χρησιμεύοι,
876 2212 951 2282 μὴ
990 2211 1155 2281 μόνον
1183 2211 1259 2272 εἰς
1299 2210 1517 2284 ἀρετὴν,
1553 2211 1607 2267 έν
1666 2232 1806 2287 προ-

153 2302 367 2373 τιμήσει
423 2298 695 2360 πολλάκις
742 2303 849 2354 τῶν
908 2297 1138 2353 ἐπαίνων
1197 2299 1359 2363 ἐτίθει
1411 2301 1501 2354 τὸν
1566 2303 1682 2372 μετ’
1719 2300 1803 2356 έν-

155 2390 399 2465 τρεχείας
426 2390 516 2444 καὶ
546 2390 608 2444 τὸ
642 2388 913 2464 έςψυχὴν
960 2388 1198 2467 ἀσφαλὲς
1251 2386 1450 2465 ἔχοντα
1504 2395 1602 2445 τοῦ
1658 2391 1803 2455 ὅλως

154 2480 308 2554 ἀρετῇ
372 2482 646 2547 ωζῶντος
706 2482 909 2554 γυμνῇ,
973 2478 1017 2532 εί
1072 2480 1210 2533 κατὰ
1271 2480 1388 2554 βίον
1435 2479 1525 2534 καὶ
1584 2481 1661 2552 μή
1724 2482 1804 2534 ἐπ’

152 2565 379 2643 ἐρημίας
414 2565 617 2643 διάγοι.
650 2570 811 2631 ’Όθεν
842 2568 1036 2643 λόγιος
1066 2568 1161 2641 μὲν
1190 2568 1296 2622 οὐκ
1351 2571 1439 2638 ἧν,
1474 2566 1688 2634 λογίοις
1748 2566 1805 2624 δὲ

158 2795 413 2847 vestrum
452 2788 773 2860 unicuique
812 2787 1442 2867 conducat.decernite.
1476 2788 1699 2854 Videte,
1723 2789 1811 2843 in-

166 2897 359 2951 quam,
398 2897 472 2935 au
508 2895 621 2934 non
656 2879 733 2934 sit
770 2877 979 2934 melius
1002 2877 1193 2948 quiete
1223 2878 1471 2933 vivendo
1502 2876 1672 2932 bonis
1696 2879 1811 2933 frui

151 2987 320 3042 quam
356 2968 692 3024 intricando
714 2983 776 3023 se
808 2967 983 3023 rebus
1008 2984 1071 3022 as
1102 2983 1202 3021 vos
1237 2965 1381 3021 nihil
1415 2967 1809 3023 attinentibus

157 3060 210 3113 in
248 3075 455 3131 pcsnas
486 3056 747 3111 incidere
780 3054 1180 3130 gravissimas.
1216 3077 1245 3105 ››

158 3210 241 3265 12.
273 3212 334 3267 Ut
364 3210 655 3281 suffragiis
684 3209 890 3265 electus
919 3206 990 3262 sit
1030 3207 1088 3263 in
1107 3209 1496 3281 patriam/tam
1520 3208 1787 3264 Adriano-

218 3283 400 3353 poleos
448 3279 731 3354 episwpus
762 3279 1177 3343 Germanusret
1204 3279 1387 3351 qualis
1415 3279 1505 3334 hic
1530 3283 1727 3351 fuerit.

214 3416 345 3471 Hec
370 3417 692 3487 imperator
714 3419 771 3469 et
790 3415 1083 3485 ejusmodi
1108 3414 1222 3470 alia
1246 3414 1476 3470 locutus
1496 3415 1802 3482 conticuit,

148 3508 342 3564 locum
374 3509 525 3561 dans
556 3504 1085 3561 acclamationibus
1114 3504 1314 3577 populi
1348 3505 1803 3569 solitis,concio-

147 3614 337 3670 neque
367 3596 560 3652 soluta
612 3594 840 3649 remisit
887 3595 1129 3649 domum
1182 3610 1689 3665 unumquemque.
1734 3598 1805 3648 At

148 3686 404 3759 episcopi
442 3684 717 3740 facultate
738 3688 977 3755 accepta
1009 3682 1261 3754 eligendi
1286 3683 1485 3738 liberis
1510 3682 1807 3755 suffragiis

150 3792 327 3848 quem
353 3774 617 3829 omnium
636 3772 1000 3845 aptissimum
1016 3772 1356 3843 judicarent
1377 3773 1447 3827 ad
1466 3788 1805 3843 supremam

156 3865 425 3921 Ecclesia
456 3864 861 3935 praefecturam
908 3866 1121 3917 coeunt
1160 3878 1365 3917 omnes
1396 3862 1454 3915 in
1486 3877 1716 3917 sacrum
1744 3878 1808 3915 ac

152 3971 433 4028 magnum
454 3952 743 4026 templum
767 3952 1310 4018 Blachernarum,et
1328 3956 1638 4024 postquam
1660 3950 1810 4007 alius

151 4047 337 4102 alium
362 4043 860 4117 proposuisset,ad
894 4049 1218 4099 extremum
1247 4044 1501 4098 universi
1527 4059 1810 4097 convene-

153 4140 294 4191 runt
359 4138 413 4191 in
464 4136 757 4192 Germano
799 4136 951 4191 279
1008 4133 1465 4207 Adrianopoleos
1514 4134 1809 4204 episcopo,

150 4228 279 4282 viro
295 4227 487 4283 liberae
504 4225 723 4281 indolis
744 4229 799 4280 et
817 4224 1003 4280 sacris
1018 4224 1419 4279 functionihus
1435 4225 1641 4279 decore
1655 4240 1813 4293 pera-

150 4316 692 4387 gendisidoneo,ad
729 4314 850 4368 haec
883 4312 1142 4385 gratioso
1174 4313 1491 4384 plurimum
1519 4314 1643 4385 jam
1671 4313 1809 4368 olim

143 4405 302 4475 apud
324 4403 905 4476 imperatorem.Erat
927 4403 1084 4457 enim
1102 4419 1296 4457 revera
1319 4403 1492 4457 homo
1508 4402 1745 4474 elegans
1760 4392 1816 4455 οἵ

144 4494 409 4548 eruditus
443 4498 507 4547 ut
540 4492 640 4564 qui
669 4491 1016 4557 maxime,ac
1048 4508 1181 4545 cum
1219 4493 1271 4545 in
1317 4491 1480 4546 nullo
1504 4509 1617 4546 non
1648 4507 1814 4545 exer-

1918 1876 2019 1909 ποθ
2070 1850 2260 1921 ὄντως,
2291 1856 2411 1918 καθ’
2439 1855 2500 1923 ἣν
2561 1852 2620 1909 ἂν
2672 1854 2762 1908 καὶ
2823 1855 2850 1908 6
2908 1853 3169 1924 ἀληθινὸς
3215 1856 3561 1931 χαρακτηρί-

1920 1948 2066 2012 ζοιτο
2099 1944 2407 2016 ἄνθρωπος,
2440 1943 2529 1997 καὶ
2567 1942 2779 2017 μᾶλλον
2813 1944 2841 1998 6
2872 1942 2955 1997 ἐπ’
2986 1942 3242 2013 ἐξουσίας,
3271 1945 3316 2016 ᾦ
3349 1942 3414 2013 δὴ
3473 1944 3563 1999 καὶ

1914 2032 1975 2087 τὸ
2038 2034 2397 2106 μετριοπαθές
2452 2037 2548 2087 τοῦ
2606 2033 2845 2097 ἀπαθοῦς
2898 2031 3109 2105 μᾶλλον
3144 2033 3467 2111 ὀφείλεται·
3501 2035 3563 2089 οὗ

1917 2119 1983 2190 δὴ
2048 2122 2170 2197 βίου
2204 2125 2288 2195 [Λ.
2324 2124 2448 2195 189]
2481 2122 2525 2176 εἰ
2579 2120 2784 2195 έξαρεῖς
2835 2123 2933 2191 τήν
2995 2119 3283 2197 διάκρισιν,
3340 2123 3401 2178 τὸ
3458 2129 3560 2179 πᾶν

1916 2209 2202 2275 ἀπώλεσας
2281 2211 2331 2281 ἐξ
2413 2211 2546 2273 ἑνός.
2608 2210 2840 2286 Τοιαύτῃ
2927 2211 3104 2266 τοίνυν
3184 2211 3565 2286 κοσμούμενος

1915 2300 2102 2375 ἀρετῇ,
2138 2302 2203 2370 ἣν
2267 2298 2333 2369 δὴ
2392 2302 2481 2355 καὶ
2541 2298 2834 2372 πολιτικήν
2894 2322 3032 2364 τινες
3065 2301 3282 2377 λέγουσι
3327 2302 3418 2357 καὶ
3469 2304 3563 2360 τὸν

1916 2391 2034 2443 κατ’
2065 2389 2229 2458 αὐτὴν
2296 2389 2411 2465 βίον
2469 2388 2778 2459 πολιτικὸν,
2819 2390 2977 2463 μέσον
3039 2386 3167 2445 ὄντα
3226 2396 3564 2466 θεωρητικοῦ

1914 2501 1973 2533 τε
2026 2481 2116 2534 καὶ
2170 2477 2596 2548 άπολαυστικοῦ,
2655 2481 2682 2534 6
2741 2478 3012 2549 δηλωθεὶς
3058 2487 3157 2549 τῆς
3214 2479 3563 2557 Ὀρεστιάδος

1916 2570 2201 2648 ἀρχιερεὺς
2250 2572 2563 2648 προκριθεὶς
2616 2575 2726 2627 τῶν
2784 2569 2971 2627 ἄλλων
3012 2572 3122 2646 (καὶ
3181 2573 3284 2649 γὰρ
3344 2569 3563 2648 ἐλέγετο

1923 2791 2116 2857 batur,
2160 2796 2226 2847 ut
2280 2792 2555 2849 doctrinas
2608 2810 2675 2849 ac
2719 2793 3043 2864 sapientiae,
3077 2808 3254 2863 quam
3315 2793 3374 2847 in
3435 2792 3567 2849 aliis

1923 2881 2179 2947 amabat,
2239 2880 2331 2937 vel
2393 2881 2713 2955 plurimum
2747 2882 2805 2937 in
2860 2899 2922 2938 se
2988 2882 3200 2939 habere
3248 2882 3564 2938 videretur.

1920 2969 2122 3026 Virtus
2152 2987 2285 3026 vero
2317 2988 2495 3042 quam
2528 2971 2586 3025 in
2619 2976 2732 3026 vita
2761 2971 3149 3042 exprimebat,
3173 2988 3289 3025 non
3321 2975 3446 3025 erat
3467 2970 3570 3028 illa

1920 3060 2158 3130 quidem
2192 3060 2421 3131 qualem
2453 3059 3067 3115 hodiernalaudarent
3100 3059 3315 3129 tetrici,
3339 3064 3442 3114 aut
3465 3077 3569 3130 po-

1918 3151 2036 3215 tius
2067 3148 2167 3218 qui
2199 3164 2412 3203 arcano
2435 3147 2803 3203 conscientia:
2837 3148 2989 3203 fastu
3026 3152 3302 3219 praestare
3332 3165 3396 3204 se
3428 3147 3569 3203 reli—

1917 3253 1949 3308 q
1962 3237 2050 3292 uis
2069 3237 2787 3309 existimaut,magnopere
2801 3236 2909 3292 sibi
2935 3236 3228 3308 placentes
3242 3238 3300 3291 in
3324 3254 3556 3295 moroso

1913 3326 2168 3397 quodam
2197 3326 2464 3381 ciborum
2495 3342 2561 3381 ac
2594 3325 2897 3397 potionum
2921 3326 3169 3394 delectu,
3194 3325 3321 3381 suis
3344 3327 3557 3381 unicu-

1913 3430 2046 3485 que,
2089 3414 2415 3469 voluntaria
2442 3415 2739 3485 religione,
2775 3414 2931 3469 ultra
2964 3414 3371 3485 praescriptum
3393 3431 3566 3470 com-

1912 3505 2169 3559 muniter
2226 3504 2489 3559 ordinem
2550 3504 2760 3559 diebus
2808 3504 3163 3573 assigandis,
3224 3502 3566 3558 aﬂ‘ectantes

1912 3593 2421 3649 itineraconflcere
2444 3593 2713 3663 pedibus,
2738 3609 2887 3663 quos
2916 3593 3094 3647 etiam
3119 3608 3350 3663 semper
3369 3592 3563 3648 illotos

1914 3686 2210 3737 ostentare
2241 3689 2462 3750 amant,
2496 3681 2660 3736 humi
2695 3682 3005 3747 cubantes,
3038 3698 3154 3735 una
3194 3681 3395 3736 tunica
3426 3697 3564 3736 con-

1918 3772 2086 3840 tenti,
2111 3776 2385 3826 ceterum
2420 3770 2886 3825 misericordiam
2918 3769 3078 3825 hisce
3099 3769 3565 3839 charitatemque

1916 3867 2047 3932 post
2077 3861 2358 3916 habentes
2392 3865 2786 3930 praetereaque
2810 3858 3235 3930 benignitatem
3268 3863 3325 3913 et
3354 3858 3564 3912 huma-

1918 3966 2058 4005 num
2092 3949 2441 4005 condolendi
2470 3949 2857 4004 mmrentibus
2897 3947 3179 4014 ofﬁcium,
3213 3946 3462 4016 denique
3498 3950 3564 3999 ut

1918 4056 2033 4094 uno
2056 4040 2232 4094 verbo
2257 4044 2469 4093 cuncta
2504 4035 2880 4107 complectar,
2913 4034 3346 4098 discretionem,
3371 4033 3562 4103 asperi

1918 4128 2158 4200 quidam
2183 4134 2239 4183 et
2259 4125 2624 4197 superciliosi
2650 4122 3174 4194 censores,nullam
3194 4123 3469 4193 carpendi
3497 4138 3563 4176 ac

1916 4217 2223 4274 vellicandi
2274 4222 2486 4271 cuncta
2541 4215 2709 4270 obvia
2740 4214 2977 4268 modum
3014 4212 3166 4269 280
3196 4212 3445 4266 finemve
3478 4213 3561 4265 fa-

1921 4311 2162 4374 cientes,
2193 4323 2301 4361 sua
2355 4307 2658 4371 mirantes,
2690 4319 2752 4359 se
2804 4320 2949 4358 unos
2977 4306 3193 4357 rectam
3234 4302 3364 4356 vitae
3396 4301 3562 4372 sequi

1921 4404 2164 4463 sectam,
2208 4412 2354 4451 unos
2403 4410 2628 4466 sapere,
2680 4409 2856 4464 penes
2909 4408 3057 4447 unos
3104 4394 3219 4446 vim
3267 4392 3563 4461 decusque

1921 4487 2109 4543 laudis
2145 4503 2211 4540 ac
2241 4482 2538 4554 religionis
2566 4483 2819 4537 residere
2850 4480 3061 4550 omnis,
3095 4480 3153 4533 in
3186 4478 3412 4535 cunctis
3434 4496 3561 4550 quae

144 4585 366 4637 citatus
392 4581 780 4638 laudabilium
809 4597 1020 4653 genere
1052 4581 1290 4650 artium,
1326 4586 1448 4636 tum
1480 4582 1612 4637 illas
1645 4582 1804 4637 exiis
1838 4564 1882 4627 Ι)
1914 4580 2095 4647 agunt
2125 4592 2187 4629 se
2227 4573 2452 4644 opinari
2504 4574 2896 4643 prmferentes.
2931 4570 3055 4624 Non
3106 4568 3262 4633 talis,
3296 4568 3561 4639 inquam,

147 4688 283 4741 quae
313 4688 423 4728 non
458 4672 529 4727 ad
564 4670 749 4726 solam
782 4671 1056 4725 virtutem
1080 4670 1176 4725 sed
1202 4672 1273 4725 ad
1298 4686 1390 4726 res
1412 4671 1558 4725 bene
1582 4688 1645 4725 ac
1668 4687 1798 4725 cum

143 4777 423 4816 successu
458 4762 746 4833 gerendas
776 4764 969 4816 essent
1000 4760 1195 4827 utiles,
1236 4761 1501 4829 Praeferre
1544 4759 1800 4831 plerum-

146 4865 268 4920 que
293 4851 513 4921 judicio
545 4867 612 4905 ac
643 4850 1152 4905 commendatione
1182 4848 1405 4903 caeteris
1427 4848 1715 4913 solitus,et
1736 4866 1803 4902 ex

144 4937 489 4996 hominibus
522 4956 658 4995 eum
692 4940 944 5011 quicum
973 4938 1314 4993 dexteritate
1334 4938 1540 5009 agendi
1564 4954 1803 4992 versan-

144 5029 329 5100 dique
347 5032 403 5086 in
438 5032 617 5087 rebus
649 5030 858 5086 salutis
882 5030 1092 5085 anima:
1115 5028 1369 5085 rationes
1391 5028 1447 5083 in
1474 5033 1600 5084 tuto
1618 5027 1803 5083 habe-

144 5122 263 5189 ret,
296 5119 387 5176 illo
417 5121 755 5176 existimare
786 5118 1069 5190 potiorem
1118 5118 1175 5172 in
1210 5134 1271 5173 se
1302 5121 1490 5173 totum
1541 5118 1708 5172 nudae
1739 5133 1804 5172 ac

152 5224 319 5263 mere
343 5210 543 5265 virtuti
568 5211 805 5265 dederet
834 5209 883 5263 si
913 5208 964 5263 ei
996 5224 1109 5263 non
1143 5208 1201 5261 in
1231 5206 1573 5263 sollitudine
1621 5208 1719 5262 sed
1744 5207 1805 5261 in

148 5298 435 5355 societate
456 5315 648 5355 acusu
674 5299 977 5353 hominum
994 5298 1305 5353 vivendum
1328 5296 1648 5352 esse.Unde
1670 5312 1804 5350 cum

158 5402 287 5442 non
316 5394 463 5444 esset
512 5388 640 5459 ipse
688 5387 924 5459 quidem
974 5386 1276 5457 eloquens,
1328 5385 1575 5440 disertos
1609 5389 1804 5440 tamen

149 5476 309 5530 scita
333 5484 386 5533 et
414 5478 703 5533 reverenti
737 5476 1164 5531 consuetudine
1196 5475 1808 5537 demerebatur,bene-

149 5565 325 5620 volus
365 5567 597 5621 auditor
626 5567 1048 5638 perorantium,
1075 5564 1404 5633 amorisque
1437 5564 1492 5617 in
1522 5564 1579 5617 id
1622 5564 1806 5619 homi-

147 5670 304 5711 num
324 5672 501 5728 geuus
527 5655 723 5713 exuuii
750 5655 1082 5727 professor;
1107 5652 1322 5724 quibus
1347 5652 1521 5707 rebus
1542 5669 1810 5724 asseque-

1910 4666 2090 4734 hujus
2111 4664 2215 4718 viri
2250 4663 2437 4718 virtus
2466 4662 2714 4728 erat,sed
2743 4660 2914 4731 longe
2947 4657 3155 4713 diversi
3187 4657 3434 4728 generis,
3460 4674 3553 4711 ac-

1911 4756 2280 4811 commodata
2313 4753 2572 4809 omnimo
2604 4754 2673 4808 ad
2726 4753 3052 4806 humanum
3102 4754 3365 4819 captum,
3397 4746 3557 4817 quali

1910 4862 2043 4900 eum
2078 4844 2346 4916 insigniri
2378 4845 2460 4897 fas
2492 4842 2567 4897 sit
2598 4842 2693 4912 qui
2719 4855 2917 4893 verum
2951 4838 3249 4892 hominem
3284 4853 3415 4891 vera
3444 4836 3559 4890 hu-

1912 4933 2189 4988 manitate
2220 4949 2345 4987 sese
2371 4935 2619 5003 praestet,
2654 4933 2825 5001 prout
2856 4926 3176 4998 praesertim
3210 4943 3344 4981 eum
3396 4926 3561 4980 decet

1913 5023 2014 5093 qui
2038 5022 2396 5077 contsitutus
2421 5020 2476 5074 in
2512 5019 2851 5089 przefectura
2873 5017 3013 5081 sit,a
3036 5031 3149 5086 quo
3173 5031 3287 5071 non
3313 5014 3560 5083 exigitur

1916 5120 1981 5168 ut
2012 5110 2523 5184 perturbationum
2555 5107 2825 5162 funditus
2869 5120 3072 5177 expers
3105 5104 3203 5170 sit,
3236 5104 3336 5159 sed
3366 5108 3429 5158 ut
3458 5119 3557 5159 eas

1917 5202 2320 5257 mediocritate
2334 5199 2584 5270 quadam
2613 5201 2970 5267 temperatas
2988 5194 3203 5249 habeat
3223 5194 3279 5248 in
3307 5200 3557 5266 potesta-

1914 5297 1997 5359 te;
2026 5309 2053 5345 a
2071 5308 2185 5362 qun
2206 5290 2332 5344 vitae
2350 5304 2560 5361 genere
2574 5289 2619 5343 si
2646 5287 3054 5342 discretionem
3070 5283 3467 5344 tollas.omnia
3489 5300 3557 5337 ex

1916 5398 2033 5437 uno
2080 5379 2407 5452 perdidisti.
2460 5376 2810 5449 Hujusmodi
2846 5391 2981 5445 ergo
3030 5379 3269 5427 ornatus
3322 5372 3553 5435 virtute,

1917 5487 2094 5543 quam
2130 5469 2355 5524 civilem
2391 5469 2629 5537 quidam
2654 5468 2957 5529 vocant,ut
2986 5469 3042 5518 et
3073 5464 3197 5517 vitae
3229 5458 3552 5515 secundum

1919 5575 2049 5614 eam
2082 5559 2272 5613 ductio
2302 5557 2487 5612 civilis
2547 5554 2996 5628 appellationem
3029 5552 3318 5612 tribuunt,
3352 5545 3554 5601 mediae

1920 5648 2174 5720 cuipiam
2208 5647 2360 5702 inter
2389 5645 2896 5716 contemplavitam
2944 5650 2998 5699 et
3027 5638 3436 5712 voluptariam,
3460 5634 3558 5695 ille
