4018 6198
359 199 472 255 727
1671 185 1970 248 eaoncn
2009 184 2475 238 mommsen
3633 193 3724 250 723
3781 268 3784 273 ‘

362 325 459 380 γάν
492 326 571 395 τῷ
603 321 719 377 κατ’
751 319 1020 387 ἀνατολὴν
1070 313 1182 393 ὄρει
1239 319 1320 388 τῷ
1381 315 1574 389 μέλανι
1628 313 1717 369 καὶ
1774 315 1843 386 τῇ
1900 309 2017 364 κατ’
2048 312 2100 378 Α
2137 307 2232 379 μὲν
2292 303 2608 378 ἁπλότητος
2666 306 3051 385 πλεονέκτημα
3107 309 3182 374 είς
3229 314 3546 391 κατηγορίαν
3596 316 3727 375 ἀδια-

371 412 540 469 ἐκεῖνο
603 412 743 483 μονῇ
803 406 1118 483 ἐγχρονίσας
1177 405 1408 474 ἀσκῆσαι
1447 405 1509 460 τὸ
1540 400 1805 460 πάλαιτὰ
1865 399 2024 474 μέγι-

377 503 495 575 στα)
529 498 674 571 παρὰ
727 500 836 551 τῶν
897 495 1108 551 λοιπῶν
1157 497 1382 568 ἠξιοῦτο
1431 495 1528 563 τήν
1559 499 1658 562 τῆς
1692 499 2025 546 Κωνσταντι-

375 588 690 648 νουπόλεως
747 594 1080 660 προστασίαν
1143 583 1514 656 ἀναδέξασθαι.
1569 581 1670 636 Σὺν
1731 583 1811 641 οῖς
1857 578 1948 633 καὶ
1997 578 2025 632 ὁ

382 676 639 753 βασιλεὺς
670 677 770 745 τήν
799 678 979 754 ψῆφον
1040 672 1440 748 ἀποδεξάμενος
1496 665 1881 742 κατηντιϐόλει
1932 668 2024 722 τὸν

377 763 565 836 ἄνδρα,
599 764 686 820 καί
721 765 800 842 ἐφ’
832 764 1066 840 ἡμέραις
1099 764 1342 834 προσιὼν
1385 760 1542 822 ὅλαις
1593 762 1788 835 ὁρμαῖς
1846 755 2028 832 παρώ-

373 874 534 929 τρυνε
563 855 651 908 καὶ
683 852 837 926 ἠξίου
873 854 948 926 μὴ
1001 854 1426 925 ἀποπέμψασθαι
1476 851 1541 905 τά
1595 856 1695 919 τῆς
1750 849 2024 916 κλήσεως.

377 968 461 1037 ιιί,
491 962 680 1023 Ὀπως
728 958 978 1037 ἄνάγεται
1039 958 1311 1037 Ιξερμανὸις
1370 957 1445 1020 εἰς
1488 957 1550 1011 τὸ
1607 959 2024 1031 πατριαρχεῖον,

893 1033 982 1085 καὶ
1013 1031 1066 1085 τί
1097 1031 1500 1103 διαπράττεται.

446 1123 555 1177 Καὶ
616 1120 682 1190 δὴ
733 1119 1108 1198 παρακληθεὶς
1165 1120 1284 1189 εἶξε.
1320 1119 1424 1174 Καὶ
1471 1118 1637 1191 μηνὸς
1697 1121 2030 1186 Μαιμακτη-

377 1215 578 1286 ριῶνος
611 1209 662 1265 ἐν
694 1215 763 1285 τῇ
796 1214 896 1264 τοῦ
929 1209 1081 1284 ἁγίου
1127 1207 1442 1280 Πνεῦματος
1497 1207 1656 1278 ἑορτῇ
1717 1203 1820 1259 ὑπὸ
1870 1203 2029 1275 τόμῳ

376 1304 544 1372 κοινῷ
619 1299 864 1375 γεγονότι
959 1300 1308 1374 πατριάρχης
1395 1294 1862 1368 ἐπικηρύσσεται,
1938 1291 2028 1346 καὶ

381 1389 562 1465 σφίσιν
597 1389 711 1460 ἅμα
742 1386 1240 1461 συλλειτουργήσας
1267 1389 1345 1458 τῷ
1388 1385 1520 1459 ἱερῷ
1564 1381 1796 1461 ἐφιζάνει
1855 1379 2030 1453 θρόνῳ

379 1477 607 1532 καὶτῶν
640 1473 825 1530 ἄλλων
890 1473 1233 1550 προΐσταται.
1265 1476 1417 1546 ’Ἅμα
1475 1470 1531 1526 δὲ
1585 1476 1664 1543 τῷ
1721 1465 2029 1543 προσϐῆναι

377 1570 460 1638 τῷ
519 1565 697 1642 θρόνῳ
757 1563 910 1640 ἔργον
963 1563 1156 1636 ἐκείνῳ
1213 1561 1480 1638 ἀσχολίας
1528 1559 1705 1630 πάσης
1739 1560 2027 1634 ὑπέρτερον

2130 397 2435 474 φορότητος
2462 397 2797 471 περιίστατο,
2829 401 2892 454 τὸ
2925 398 2982 454 δὲ
3036 408 3136 470 τῆς
3187 401 3264 464 εἷς
3313 403 3529 478 βασιλέα
3574 405 3729 472 αίδοῦς

2127 506 2185 540 τε
2240 485 2331 540 καὶ
2388 481 2766 562 κυϐερνήσεως
2844 487 2921 554 εἴς
2992 485 3251 564 ἔγκλημα
3333 491 3602 557 κολακείας
3654 499 3726 552 καὶ

2129 572 2359 648 ψεύδους
2417 577 2552 648 πρὸς
2598 577 2726 639 τοὺς
2781 577 3032 641 πολλοὺς
3063 581 3331 655 ἄντικρυς.
3365 585 3454 652 Τῷ
3480 583 3572 657 γάρ
3597 584 3728 656 ἁπλῷ

2127 668 2224 718 τοῦ
2278 663 2484 740 τρόπου
2539 665 2629 720 καὶ
2680 666 2974 740 άνυπο·5λῳ
3028 667 3115 722 ναὶ
3172 667 3458 742 ἐλευθερίῳ
3514 673 3635 739 πρὸς
3683 677 3732 729 τὸ

2127 756 2244 813 τοῖς
2289 757 2522 827 παροῦσι
2581 756 2890 830 χρήσασθαι
2946 757 3047 829 μὲν
3104 757 3195 811 καὶ
3245 757 3420 825 αὐτὸν,
3455 758 3639 836 ἐφεῖναι
3687 760 3733 816 δὲ

2128 844 2216 894 καί
2247 847 2367 903 τοῖς
2400 839 2561 904 ἰδίοις
2595 846 2856 918 χρῆσθαι,
2880 847 2979 913 τήν
3031 851 3127 900 τοῦ
3173 853 3542 922 καταχρῆσθαι
3592 870 3734 923 προσ-

2131 927 2338 999 ειλήσει
2401 927 2580 1000 δόξαν.
2616 935 2698 1006 [Ρ.
2741 935 2864 1006 490]
2920 937 3011 1005 Τῷ
3070 933 3128 989 δὲ
3186 931 3441 1010 κυϐερνᾷν
3495 938 3580 991 τὸν
3627 959 3736 1012 κρα-

2129 1023 2345 1090 τοῦντα,
2376 1021 2464 1074 καὶ
2529 1021 2740 1093 μᾶλλον
2796 1022 2878 1100 ἐφ’
2936 1022 3213 1092 ἱκετείαις,
3261 1026 3349 1079 ὅτε
3407 1023 3596 1090 ἐκεῖνος
3659 1029 3733 1099 μὲν

2129 1110 2552 1187 προσαναφέρων
2607 1110 2786 1182 ἠξίου,
2819 1114 2845 1167 ὁ
2880 1111 2935 1167 δὲ
2993 1119 3204 1186 κρατῶν
3267 1113 3328 1168 οὐ
3379 1111 3569 1190 ῥᾳδίως
3608 1119 3738 1172 κατέ-

2130 1217 2270 1266 νευε,
2301 1199 2586 1262 κάντεῦθεν
2643 1202 2779 1256 κατὰ
2823 1202 2888 1257 τὸ
2945 1199 3136 1257 δοκοῦν
3197 1202 3464 1276 ᾠκονόμει
3517 1209 3590 1277 τῷ
3638 1202 3736 1260 δεο-

2135 1283 2275 1359 μένῳ
2324 1289 2415 1342 τὸν
2482 1285 2774 1362 ἐλπισμὸν,
2809 1293 2884 1353 ὡς
2945 1293 3019 1364 μὴ
3054 1291 3323 1366 ἁπογνοίη
3381 1292 3737 1370 ἀποπεμφθεῖς,

2131 1374 2370 1445 ἐλπίζων
2400 1375 2536 1441 ’ίσως
2571 1377 2750 1433 ἀνύειν
2774 1378 3083 1456 ἐσύστερον,
3112 1381 3209 1435 κᾶν
3273 1379 3446 1457 λέγων
3500 1379 3737 1445 πολλάκις

2133 1463 2232 1518 οὐκ
2285 1462 2437 1534 ἤνυε,
2468 1467 2568 1536 τήν
2622 1471 2719 1521 τοῦ
2775 1467 3006 1539 ψεύδους
3065 1470 3303 1544 ὑποψίαν
3357 1471 3738 1545 προσκτώμενος

2131 1555 2495 1626 κατεκρίνετο.
2530 1555 2612 1613 Τὰ
2651 1553 2708 1610 δὲ
2760 1555 3086 1631 ἐγκλήματα
3144 1562 3312 1613 ταῦτα
3367 1559 3595 1629 καθάπαξ
3643 1565 3739 1620 τοῖς

375 1659 538 1727 τιμᾷν
591 1675 652 1709 τε
706 1660 823 1716 τοῖς
881 1655 1220 1726 προσήκουσι
1278 1651 1405 1714 τοὺς
1452 1652 1616 1725 ἀρετῇ
1648 1648 1940 1711 δοκοῦντας
1989 1648 2024 1717 ἢ
2060 1683 2102 1746 Β
2131 1649 2240 1699 τῶν
2272 1641 2501 1699 πολλῶν
2533 1648 2739 1720 ψυχαῖς
2773 1646 3092 1716 ἐνιζήσαντα
3138 1647 3336 1718 ἐξῆπτε
3389 1648 3450 1702 τὸ
3505 1649 3602 1701 ἀπὸ
3649 1650 3738 1702 τῶν

375 1745 466 1798 καὶ
528 1741 679 1816 λόγῳ
727 1743 984 1816 προέχειν
1035 1745 1144 1796 τῶν
1177 1739 1384 1809 ἄλλων,
1416 1739 1546 1800 τοὺς
1581 1741 1672 1812 μὲν
1729 1737 2022 1810 ἀξιώμασι,

370 1831 500 1894 τοὺς
559 1830 617 1886 δὲ
675 1831 1023 1908 φιλοτησίαις
1080 1833 1308 1891 άπάσαις
1354 1829 1444 1884 καί
1489 1827 1687 1905 δώροις
1720 1827 2020 1888 παντοίοις.

373 1925 472 1978 Ἱίν
524 1922 627 1996 γὰρ
681 1920 771 1975 καὶ
823 1921 1228 1996 περιφρονητής
1283 1919 1510 1994 χρυσίου
1557 1919 1622 1973 τά
1657 1917 1914 1990 μάλιστα,
1948 1918 2021 1978 ὡς

378 2007 520 2084 μηδὲ
575 2015 866 2078 κεκτῆσθαι
926 2007 1240 2084 βαλάντιον,
1291 2006 1435 2062 ἆ).λὰ
1491 2009 1553 2062 τὸ
1609 2002 2016 2081 προσαγόμενον

372 2095 594 2154 ἔκποθεν
628 2097 715 2153 ἐπί
744 2105 846 2166 τῆς
897 2093 1150 2159 στιϐάδος
1199 2096 1404 2152 ἐκείνου
1461 2095 1700 2151 κελεύειν
1758 2095 2019 2164 τίθεσθαι,

372 2186 446 2248 ὡς
496 2184 716 2260 ἕτοιμον
769 2187 903 2241 εἶναι
963 2190 1082 2248 ταῖς
1120 2183 1333 2260 χρείαις
1360 2191 1458 2252 τῆς
1493 2182 1736 2246 εὐποιίας
1765 2181 1902 2236 ὅπου
1959 2179 2018 2235 ἃν

373 2275 577 2339 ἐκεῖνος
634 2274 928 2334 κελεύσειε.
980 2273 1227 2346 Τοιοῦτῳ
1283 2270 1330 2328 δ’
1385 2269 1499 2328 ὄντι
1560 2271 1747 2344 ἐκείνῳ
1801 2270 1864 2326 τὸ
1920 2277 2020 2340 τῆς

372 2510 552 2566 supra
568 2491 1248 2550 memoratusOrestiadis
1261 2489 1878 2564 episcopus,praalatus
1890 2487 2022 2544 aliis

371 2581 548 2638 etiam
562 2581 1072 2638 commendatione
1093 2580 1223 2636 vitae
1242 2580 1539 2652 quondam
1573 2578 1835 2635 asceticaa
1860 2595 2020 2632 sum-

370 2687 464 2726 ma
488 2671 659 2727 laude
690 2670 789 2726 diu
817 2669 1142 2727 exercitatae
1172 2671 1227 2724 in
1253 2668 1602 2725 monasterio
1626 2669 1783 2740 Nigri
1810 2667 2023 2723 Montis

376 2761 447 2815 ad
471 2761 764 2817 Urientem
799 2760 959 2827 siti,a
976 2759 1220 2832 reliquis
1239 2758 1519 2814 orubatur
1539 2763 1600 2813 ut
1620 2757 2023 2830 prefecturam

373 2851 832 2908 ecclesiasticam
867 2848 1526 2923 ConstantinOpolitanze
1561 2849 1724 2904 urbis
1754 2863 2021 2920 capesse-

371 2944 457 2997 ret
483 2957 495 2997 :
532 2957 672 2999 cum
707 2941 924 3012 quibus
955 2945 1012 2996 et
1036 2941 1356 3012 imperator
1386 2937 1729 2994 electionem
1756 2952 2022 3009 compro-

380 3031 550 3102 bans,
579 3047 928 3104 magnopere
980 3029 1362 3086 incumbebat
1408 3028 1478 3084 ad
1510 3027 1674 3100 :idem
1710 3029 1780 3082 ab
1814 3043 1879 3082 eo
1912 3026 2022 3080 im-

376 3121 750 3193 petrandum,
777 3119 1034 3193 quotidie
1057 3119 1258 3175 adiens
1281 3122 1338 3175 et
1358 3117 1519 3174 omni
1568 3116 2017 3190 persuasionum

381 3214 439 3266 et
468 3209 944 3266 obsecrationum
989 3209 1211 3281 impetu
1256 3208 1570 3280 adurgens,
1605 3222 1676 3262 ne
1727 3208 2029 3279 respueret

378 3298 764 3354 vocationem.

392 3452 480 3508 13.
529 3453 588 3508 Ut
643 3457 863 3506 evectus
922 3450 1221 3506 Germanus
1276 3452 1335 3505 in
1362 3449 1789 3520 patriarchalem
1849 3450 2030 3506 sedem

791 3521 1006 3590 fuerit;
1034 3528 1088 3576 et
1115 3525 1305 3591 prima
1334 3522 1451 3591 ejus
1483 3531 1624 3576 acta.

450 3653 552 3710 His
575 3652 672 3710 ille
691 3653 962 3725 precibus
986 3653 1201 3709 moveri
1221 3670 1280 3709 se
1314 3654 1549 3710 tandem
1576 3671 1802 3726 passus,
1829 3671 2029 3711 mense

377 3743 554 3800 Junio
587 3743 644 3798 in
672 3743 817 3798 festo
842 3742 1026 3799 sancti
1051 3743 1304 3815 Spiritus
1326 3743 1712 3798 concordibus
1737 3743 2029 3817 suffragiis

384 3834 616 3888 decreto
644 3832 941 3888 communi
968 3833 1189 3905 perlato
1213 3833 1545 3906 patriarcha
1563 3832 1896 3889 declaratus
1918 3838 2027 3903 est,

376 3925 432 3978 et
463 3939 630 3978 sacro
662 3939 796 3977 cum
829 3921 948 3977 illis
981 3922 1294 3990 celebrato,
1336 3939 1513 3978 sacrae
1561 3921 1870 3994 impositus
1903 3924 2026 3978 sedi

375 4011 686 4084 praesidere
718 4011 949 4067 cunctis
978 4011 1170 4083 ccepit.
1197 4011 1383 4067 Simul
1409 4016 1602 4066 autem
1637 4011 1914 4068 thronum
1941 4017 2026 4066 at-

372 4100 527 4172 tigit,
569 4116 715 4170 opus
766 4100 927 4154 omni
977 4100 1206 4155 actione
1262 4100 1534 4172 superius
1587 4105 1749 4156 ratus
1796 4101 2026 4157 afﬁcere

374 4188 600 4243 meritis
622 4187 914 4242 honorum
947 4189 1207 4259 przemiis
1228 4189 1441 4244 virtute
1473 4193 1571 4243 aut
1591 4189 1856 4244 doctrina
1884 4207 2026 4262 pra:-

373 4276 648 4332 cellentes
677 4277 832 4344 aliis,
867 4277 964 4348 qui
999 4278 1142 4334 281
1184 4278 1333 4333 tales
1360 4283 1555 4334 essent
1589 4279 1796 4351 partim
1831 4279 2026 4352 digni-

371 4365 596 4421 tatibus
646 4365 862 4437 partim
917 4367 1211 4422 donativis
1261 4372 1317 4422 et
1367 4367 1782 4440 largitionibus
1832 4369 2022 4424 omnis

2134 1732 2360 1791 πολλῶν
2399 1742 2580 1808 μῖσος,
2613 1737 2695 1792 ὅτι
2733 1758 2792 1792 τε
2838 1737 3131 1808 άντίζηλος
3189 1737 3274 1809 ε⁸ίη
3332 1744 3412 1811 τῷ
3467 1741 3742 1815 πατριάρχῃ

2132 1826 2230 1893 τήν
2265 1824 2465 1879 ἐκείνου
2504 1828 2794 1900 κατασχὼν
2827 1825 3176 1897 Ἐκκλησίαν,
3205 1827 3298 1883 καὶ
3355 1828 3436 1883 ὅτι
3490 1829 3588 1883 ἀπὸ
3633 1829 3734 1902 Θρόο

2127 1935 2221 1968 νου
2251 1921 2350 1982 τῆς
2382 1918 2643 1990 θυγατρϐς
2674 1920 2752 1986 τῷ
2783 1916 2960 1992 θρόνῳ
3012 1924 3113 1986 τῆς
3175 1919 3386 1993 μητρὸς
3446 1917 3598 1990 (οὕτω
3649 1918 3734 1992 γὰρ

2126 2002 2220 2063 τάς
2280 2001 2571 2072 ἐκκλησίας
2627 2002 2877 2077 ἐκάλουν)
2932 2003 3122 2077 ἀνέδην
3183 2006 3330 2061 οὕτω
3385 2006 3471 2060 καὶ
3526 2003 3738 2070 αὐθαδῶς

2132 2089 2531 2162 είσπηδήσειεν,
2564 2092 2685 2158 ὅθεν
2717 2095 2809 2148 καὶ
2864 2091 3010 2148 δυσὶν
3069 2094 3437 2171 ἐνισχομένου
3490 2093 3739 2170 ἐγκλήμα-

2130 2203 2212 2235 σιν
2242 2181 2345 2236 οὐκ
2398 2182 2465 2251 ἦν
2525 2183 2672 2244 ὅστις
2733 2183 2932 2257 ἀγαθὸν
2992 2182 3178 2239 ἐλάλει
3235 2185 3365 2262 περὶ
3413 2183 3623 2252 ἐκείνου,
3649 2187 3739 2238 τῶν

2134 2269 2228 2344 μὶν
2261 2267 2673 2346 προσκειμένων
2701 2277 2782 2345 τῷ
2810 2273 3145 2350 πατριάρχῃ,
3175 2277 3287 2329 τῶν
3320 2271 3378 2330 δὲ
3429 2275 3514 2329 καὶ
3571 2272 3741 2346 tuapt-

2129 2487 2461 2559 epicionum
2478 2488 2744 2546 libertate
2757 2491 3050 2564 quoslibet
3064 2493 3397 2565 promiscue
3409 2491 3742 2548 obviosalfari

2131 2577 2511 2650 excipereque
2543 2585 3161 2655 consuesset,cumque
3189 2583 3320 2638 suis
3351 2581 3667 2638 domesticis
3685 2580 3742 2635 li-

2131 2667 2417 2723 heriorem
2442 2668 2774 2725 istiusmodi
2801 2670 3016 2742 pariter
3037 2687 3170 2727 cum
3206 2671 3511 2744 quibusvis
3538 2687 3742 2726 conver-

2132 2755 2416 2812 sationem
2438 2758 2970 2829 permitteret,usus
2988 2760 3084 2816 ille
3110 2765 3494 2835 utrorumque
3525 2760 3744 2817 securior

2133 2847 2286 2916 apud
2321 2847 2713 2918 suspiciosum
2746 2848 2956 2922 vulgus
3005 2850 3063 2904 in
3096 2851 3396 2907 abusuum
3425 2851 3739 2907 occultorum

2132 2935 2465 3007 opinionem
2500 2937 2767 2993 incurrit.
2798 2940 3088 2995 Tractatio
3121 2945 3321 2997 autem
3355 2941 3679 3014 obsequiosa
3698 2943 3744 2994 et

2133 3026 2457 3081 verecunda
2480 3043 2613 3082 cum
2638 3027 2996 3100 principe,ex
3020 3046 3137 3101 qua
3156 3029 3259 3086 ille
3285 3031 3549 3087 ﬁduciam
3576 3046 3742 3085 sume-

2133 3114 2234 3169 bat
2263 3116 2645 3187 suspendenti
2679 3118 2946 3173 affectum
2998 3118 3499 3192 supplicationum
3530 3120 3746 3194 patriar-

2134 3203 2275 3272 οδω,
2304 3203 2360 3259 id
2404 3221 2584 3277 agens
2634 3206 2746 3264 isto
2795 3207 3106 3264 ambitioso
3155 3209 3408 3267 artiﬁcio
3455 3209 3744 3266 differenda

2132 3293 2353 3365 gratiae,
2387 3296 2556 3366 cujus
2596 3311 2760 3368 spem
2795 3314 2909 3352 non
2957 3297 3282 3368 auferebat,
3317 3304 3382 3355 ut
3425 3316 3552 3356 eum
3595 3314 3743 3372 quam

2133 3381 2470 3438 diutissime
2501 3383 2614 3440 sibi
2637 3385 2958 3458 supplicem
2983 3390 3041 3442 et
3071 3387 3155 3443 sic
3185 3388 3502 3445 obnoxium
3536 3391 3746 3450 teneret,

2135 3468 2192 3524 in
2218 3486 2396 3526 causa
2417 3477 2540 3528 erat
2587 3477 2652 3528 ut
2674 3490 2800 3528 cum
2828 3491 2955 3547 quae
2978 3476 3316 3547 patriarcha
3338 3478 3745 3551 impetraturum

2134 3574 2197 3613 se
2229 3569 2540 3633 receperat,
2574 3564 2644 3618 ad
2679 3563 2829 3618 diem
2851 3581 2966 3619 non
3000 3565 3391 3638 provenirent,
3427 3566 3524 3639 qui
3561 3567 3746 3621 frustra

2134 3654 2562 3720 exspectarant,
2597 3653 2773 3708 verba
2803 3653 2918 3709 sibi
2941 3655 3011 3710 ab
3035 3671 3100 3711 eo
3134 3655 3274 3712 data
3291 3652 3743 3729 quererentur;si

2131 3753 2263 3793 vero
2293 3745 2538 3795 nossent
2569 3742 2794 3797 aditum
2827 3744 2899 3798 ab
2949 3759 3015 3800 eo
3050 3761 3254 3802 revera
3303 3746 3634 3819 principem,
3659 3743 3744 3798 fri-

2131 3827 2266 3899 gide
2286 3828 2341 3882 id
2368 3847 2433 3884 ac
2450 3831 2654 3886 timide
2677 3832 2922 3888 nimium
2947 3834 3019 3889 ab
3042 3835 3406 3906 eo,videlicet
3427 3837 3743 3898 assentante,

2133 3921 2328 3973 actum
2363 3919 2492 3988 rati,
2519 3921 2924 3977 auctoritatem
2954 3927 3006 3978 et
3030 3923 3212 3979 robur
3236 3924 3499 3998 dignitati
3531 3922 3744 3997 patriar-

2131 4006 2252 4061 cha:
2284 4013 2738 4065 consentaneum
2771 4010 2830 4065 in
2848 4027 2914 4066 eo
2947 4012 3371 4082 desiderarent,
3391 4031 3456 4069 ac
3477 4017 3746 4086 propterea

2132 4096 2234 4150 tali
2269 4097 2392 4152 loco
2423 4098 2621 4154 minus
2649 4099 2924 4155 idoneum
2955 4101 3258 4158 ducerent.
3288 4103 3417 4159 Hice
3449 4103 3669 4158 sinislra
3689 4100 3746 4153 de

2131 4184 2420 4242 Germano
2460 4189 2689 4259 judicia
2740 4189 3056 4245 multorum
3113 4191 3296 4247 semel
3344 4191 3553 4247 animis
3597 4188 3746 4245 inﬁxa

2130 4274 2412 4342 subjectis
2435 4276 2666 4332 invidiae
2701 4278 2926 4334 facibus
2949 4281 3403 4338 exardescebant
3429 4281 3485 4336 in
3508 4278 3745 4336 otl'ensio-

2132 4379 2267 4419 nem
2301 4365 2454 4422 282
2485 4366 2805 4438 publicam,
2839 4368 3045 4424 multis
3069 4370 3188 4440 jam
3217 4370 3383 4426 illum
3418 4367 3744 4426 intuentibus

369 4453 600 4526 generis
633 4453 1044 4510 liberalissime
1066 4471 1270 4510 ornare
1297 4472 1360 4510 ac
1387 4455 1686 4511 cumulare
1719 4473 1885 4511 orsus
1913 4462 2017 4512 est.
2057 4441 2099 4504 ί)
2133 4457 2192 4507 ut
2225 4453 2520 4509 intrusum
2556 4473 2658 4528 pro
2691 4473 2823 4513 vero
2869 4459 3222 4530 patriarcha,
3256 4466 3511 4533 (περιείη
3558 4457 3744 4528 illius“

369 4545 504 4598 Erat
532 4542 686 4597 enim
715 4541 844 4598 auri
875 4547 1236 4615 contemptor
1266 4548 1330 4599 ut
1369 4548 1464 4616 qui
1500 4546 1771 4612 maxime,
1803 4563 1870 4601 ne
1887 4563 2018 4602 cru-

371 4648 600 4686 menam
633 4632 869 4703 quidem
895 4632 1109 4688 habere
1132 4633 1406 4703 dignatus
1437 4649 1450 4688 :
1474 4633 1572 4689 sed
1599 4633 1884 4706 quidquid
1910 4652 2017 4689 un-

370 4721 680 4791 decunque
728 4721 1052 4791 offerretur,
1095 4739 1275 4794 supra
1312 4721 1527 4778 lectum
1563 4740 1596 4778 a
1646 4723 2018 4796 portantibus

369 4809 835 4881 deponijubens,
859 4827 970 4880 quo
999 4811 1080 4866 ibi
1113 4815 1438 4884 expositum
1470 4812 1526 4866 in
1563 4817 1835 4885 promptu
1864 4818 2021 4869 esset

367 4899 437 4954 ad
459 4915 602 4954 usus
621 4899 1401 4973 beneﬁcentiw,erogandum
1429 4902 1553 4972 ejus
1573 4903 1848 4957 mandato
1875 4919 2015 4974 quo.

366 5003 596 5060 cunque
629 4988 880 5066 rationes
922 4988 1218 5060 egentium
1272 4996 1596 5061 poscerent.
1645 4990 1769 5047 Tali
1824 4999 2014 5047 autem

371 5075 509 5132 huic
534 5077 1039 5152 viroahundantia
1071 5078 1472 5152 simplicitatis
1495 5081 1792 5136 solutioris
1815 5081 1873 5136 in
1896 5082 2017 5137 vita

367 5165 617 5220 licentia
635 5150 1063 5222 accusationem
1093 5170 1490 5241 comparavit:
1515 5171 1704 5241 pudor
1723 5187 1853 5225 vero
1880 5187 2018 5243 erga

367 5255 878 5327 imperatorem,et
903 5259 958 5311 in
981 5259 1204 5330 agendo
1235 5275 1366 5314 cum
1392 5276 1458 5314 eo
1491 5276 1630 5314 cura
1651 5259 1901 5314 vitandae
1925 5261 2014 5315 of-

365 5344 647 5401 fensionis
674 5345 1151 5415 adhibita,labem
1178 5348 1288 5420 ipsi
1315 5349 1466 5420 apud
1490 5348 1706 5403 multos
1728 5347 2016 5404 adulatio-

365 5433 458 5488 nis
487 5439 542 5489 et
577 5436 866 5492 mendacii
909 5437 1180 5508 aspersit.
1215 5440 1355 5492 Cum
1409 5437 1563 5492 enim
1600 5437 1649 5492 is
1678 5437 1917 5492 sincera?
1945 5439 2016 5494 ab

369 5523 530 5576 omni
565 5525 696 5578 fuco
726 5523 905 5579 indoli
936 5527 1291 5598 obsequens,
1316 5525 1562 5582 candida
1593 5543 1657 5581 ac
1689 5543 1894 5583 secura
1916 5544 2016 5583 su-

2129 4543 2362 4598 innoxio
2400 4544 2710 4601 Ecclesium
2767 4551 3088 4617 tenentem,
3121 4553 3180 4602 et
3228 4565 3260 4604 e
3290 4549 3498 4605 throno
3554 4546 3669 4601 ﬁlia:
3695 4543 3742 4596 in

2127 4633 2406 4688 thronum
2443 4634 2641 4690 matris
2675 4635 2782 4706 (sic
2812 4637 2967 4691 enim
3023 4636 3302 4693 ecclesias
3332 4637 3623 4706 vocabant)
3652 4633 3743 4689 im-

2129 4721 2416 4792 pudenter
2443 4738 2508 4777 ac
2540 4726 2756 4779 temere
2786 4723 3012 4780 insilire
3036 4743 3270 4782 ausum.
3305 4727 3522 4790 Quibus
3552 4723 3741 4779 sensim

2128 4809 2514 4882 gliscentibus
2539 4813 3031 4880 sensibus,evenit
3056 4816 3294 4871 tandem
3321 4815 3629 4871 adeoillum
3652 4826 3742 4866 ma-

2129 4900 2396 4956 culosum
2425 4919 2707 4973 apparere
2744 4902 2998 4975 duplicis
3025 4905 3194 4960 istius
3229 4906 3358 4961 labe
3397 4901 3662 4967 criminis,
3691 4902 3743 4954 ut

2130 5009 2240 5046 non
2266 4995 2416 5046 esset
2449 4991 2546 5063 qui
2576 4993 2646 5047 de
2675 5009 2741 5046 eo
2765 4993 2900 5048 boni
2928 4994 3252 5066 quidquam
3271 4995 3393 5065 jam
3423 4991 3568 5065 loqui
3591 4987 3742 5045 susti-

2131 5085 2313 5148 neret,
2347 5080 2828 5153 conspirantibus
2853 5081 2910 5136 in
2943 5099 3126 5138 unum
3157 5083 3306 5139 odiis
3338 5083 3627 5138 ambarum
3649 5077 3741 5132 fac.

2127 5171 2378 5234 tionum,
2432 5175 2550 5225 tam
2597 5173 2726 5242 ejus
2755 5171 3027 5228 videlicet
3078 5190 3204 5244 quae
3256 5173 3493 5228 Arsenio
3526 5163 3734 5229 favebat,

2128 5277 2306 5330 quam
2341 5259 2582 5315 alterius
2611 5278 2736 5332 quas
2769 5278 2907 5317 suas
2940 5263 3195 5332 privatas
3227 5267 3427 5317 secuta
3456 5261 3685 5316 rationes
3709 5269 3736 5307 a

2127 5347 2416 5404 Germano
2449 5349 2820 5406 abhorrebat.
2853 5349 2969 5406 Nec
3000 5351 3241 5406 deerant
3273 5349 3601 5406 maleferiati
3631 5343 3734 5398 bla-

2129 5443 2357 5492 terones
2398 5438 2452 5493 in
2480 5438 2950 5495 maledicentiam
2984 5440 3200 5503 faciles,
3233 5439 3333 5512 qui
3385 5455 3485 5512 per
3511 5445 3730 5492 scomma
3799 5437 3802 5439 λ

2128 5543 2261 5582 cum
2293 5526 2654 5583 Marmutzan
2691 5528 3081 5595 nominarent,
3113 5527 3454 5585 vocabulum
3484 5524 3585 5598 ipsi
3616 5523 3730 5576 Per-

3943 4915 3951 5224 ἰ
