4018 6198
169 97 240 119 ,εν

241 265 349 320 729

1315 268 1410 322 DE
1447 263 1820 347 MICHAELE
1858 258 2284 316 PALROLOGO
2321 259 2453 312 LIB.
2486 257 2583 311 ιν.

3545 238 3655 295 730

239 414 343 446 νων
409 390 543 455 ἴσως
600 396 719 456 ταῖς
775 393 1029 468 γνώμαις
1085 381 1327 447 ἑκείνωνί
1373 391 1542 446 Ἦσαν
1576 386 1634 442 δὲ
1662 387 1752 442 καὶ
1781 390 1887 440 τῶν
1919 389 1972 454 Α
2004 384 2223 459 ἀγωγὴν
2276 383 2350 444 εἰς
2401 378 2676 435 παίδευσιν
2728 377 2980 454 λογικὴν,
3012 373 3074 430 τὸ
3107 373 3305 428 ἔκεῖνον
3339 370 3397 426 ἐκ
3423 375 3524 436 τῆς
3551 372 3646 426 τοῦ

244 487 514 557 περιττῶν
574 482 664 536 καὶ
714 482 790 545 εἷς
850 482 1186 556 κατηγορίας
1228 476 1492 551 εὐκόλων,
1525 476 1576 532 o'i
1605 477 1694 532 καὶ
1725 497 1895 549 προσ-

247 569 608 641 ονειδίζοντες
688 576 1051 646 Μαρμουτζᾶν
1138 570 1608 645 προσωνόμαζον,
1689 563 1898 641 προσα-

245 681 470 722 πτοντες
521 658 698 733 ὄνομα
731 660 991 735 Περσικὸν
1040 659 1090 730 ἐξ
1123 659 1297 723 αἰτίας
1327 665 1424 728 τῆς
1473 656 1555 712 ὅτι
1590 656 1786 717 ἐκεῖνος
1835 655 1897 709 τὸ

245 752 410 825 γένος
441 750 504 804 τὸ
536 749 794 825 σύνεγγυς
830 752 1005 819 Mago;
1053 749 1156 818 ἦν,
1194 750 1256 803 τὸ
1299 746 1345 802 δ’
1375 748 1625 802 ἀνέκαθεν
1675 745 1765 800 καὶ
1796 751 1898 799 Γα-

249 835 401 912 ϐρᾶς.
449 840 598 902 Τέως
627 841 719 894 τὸν
771 841 976 914 τρόπον
1014 838 1356 917 μεμῆόμενοι
1387 839 1478 892 τὸν
1508 836 1709 892 ἐκείνου
1742 833 1898 904 δῆθεν

245 935 409 984 τοῦτο
461 930 556 1003 μὲν
609 929 682 990 ὡς
733 928 1125 1004 ἀπερίσκεπτον
1176 929 1264 983 καὶ
1311 927 1505 1001 θρασὺν
1562 929 1636 1000 μὴ
1693 924 1899 986 εἰδότος

246 1022 312 1087 ἧς
372 1018 436 1072 οὐ
494 1019 653 1090 μετὸν
716 1013 980 1073 ἐπιϐαίνει
1038 1025 1229 1091 τιμῆς,
1290 1023 1452 1072 τοῦτο
1505 1015 1562 1072 δὲ
1587 1017 1674 1071 καὶ
1709 1017 1783 1077 ὡς
1816 1014 1901 1070 ἐπὶ

250 1107 511 1178 κολακείᾳ
559 1103 998 1180 διαϐαλλόμενον
1038 1111 1108 1180 τῇ
1153 1108 1288 1183 πρὸς
1333 1106 1581 1182 βασιλέα,
1612 1126 1904 1182 προσεμω-

246 1203 428 1253 nam
458 1199 520 1252 τὸ
560 1199 716 1272 γένος
750 1198 825 1258 ὡς
875 1197 1076 1261 ἒκεῖθεν
1110 1199 1166 1252 ὃν
1205 1199 1398 1253 ὁπόθεν
1447 1197 1537 1252 καὶ
1592 1198 1652 1251 τὸ
1711 1202 1903 1270 Περσι-

245 1286 340 1340 κὸν
401 1286 535 1339 εἶναι
596 1283 1024 1360 διωμολογεῖτο.
1078 1288 1268 1359 Ὅμως
1322 1287 1496 1362 γέρων
1551 1284 1622 1340 ὢν
1655 1285 1743 1340 καὶ
1776 1283 1904 1339 παί-

251 1372 428 1430 δευσιν
487 1374 719 1450 ἀρχαίαν
781 1372 926 1450 ἔχων
987 1373 1447 1446 ἐκκλησιαστικὴν
1500 1379 1782 1448 Γερμανοῦ
1810 1378 1906 1429 τοῦ

251 1463 578 1539 μακαρίτου,
640 1463 826 1520 πολλὰ
878 1469 985 1518 τῶν
1037 1467 1139 1530 τῆς
1193 1463 1392 1536 τάξεως
1441 1471 1542 1534 τῆς
1576 1463 1905 1534 Ἑκκλησῖας

249 1551 475 1608 καθίστα
505 1540 641 1628 πρὸς
673 1554 736 1608 τὸ
785 1553 1142 1629 ἀρχαιότερον
1175 1553 1537 1630 παρῃρημένοι
1587 1553 1675 1608 καὶ
1724 1553 1908 1629 χρόνῳ

255 1644 336 1717 [Ρ.
376 1645 504 1714 191]
533 1643 622 1697 καὶ
654 1641 959 1716 ἁμελείαις.

254 1758 564 1836 ιδ’ςὉπως
591 1761 682 1815 τὸν
713 1754 1033 1836 Ὁλόξωλον
1067 1832 1076 1836 Α
1088 1761 1398 1836 μεταγαγὼν
1428 1763 1456 1817 ὁ
1482 1779 1786 1836 πατριαρχε

323 1831 412 1912 εἷς.
433 1833 818 1912 ing-1069596
850 1831 1142 1912 ἐκκλησίαν
1202 1831 1442 1912 dep-.1in
1476 1831 1901 1909 ῥήτοροςέτίμα

324 1904 413 1958 καὶ
449 1903 775 1960 διδάσκαλον
805 1905 1048 1961 καθίστα.

333 2006 414 2060 Τὸ
447 2001 504 2058 δὲ
539 2010 720 2077 μεῖζον
774 2006 855 2059 ὅτι
905 2004 993 2059 καὶ
1023 2003 1328 2083 φιλολόγος
1361 2005 1431 2059 ὥν
1458 2006 1524 2060 τὰ
1566 2003 1803 2078 μάλιστα
1831 2010 1912 2078 τῷ

259 2089 572 2167 Ὁλοϐώλῳ
603 2093 790 2172 εὐφυεῖ
816 2115 876 2171 γε
906 2089 1019 2149 ὄντι
1051 2097 1136 2150 καὶ
1173 2095 1373 2171 πλήρει
1401 2095 1579 2170 λόγων
1619 2095 1708 2150 καὶ
1740 2116 1909 2170 προσ-

257 2184 526 2254 ιτετήκει,
586 2182 714 2237 ὥστ’
745 2184 1005 2258 ἀποχρῶν
1039 2185 1174 2238 κανᾶ
1199 2185 1260 2238 τὸ
1287 2186 1550 2259 παρεστὸς
1579 2184 1909 2260 ἡγούμενος,

256 2275 422 2326 τοῦτο
486 2272 581 2345 μὲν
613 2271 689 2334 εἷς
715 2275 816 2342 τήν
858 2272 1061 2328 ἐκείνου
1111 2273 1456 2350 παραμυθῖαν
1504 2273 1770 2336 παθόντος
1824 2275 1913 2328 οἷα

253 2361 533 2436 πεπόνθει,
590 2363 751 2418 recte
784 2359 842 2418 δὲ
889 2363 978 2418 καὶ
1029 2363 1105 2427 εἷς
1135 2365 1234 2434 τήν
1286 2369 1393 2419 τῶν
1449 2362 1914 2436 ἐκκλησιαπικῶν

257 2577 455 2634 sicum
489 2580 940 2651 aptantes,quod
974 2595 1161 2650 genus
1191 2596 1363 2636 suum
1392 2580 1721 2650 proximum
1751 2599 1783 2636 a
1804 2581 1908 2635 La-

259 2667 370 2735 zis,
405 2667 690 2724 remotius
721 2685 754 2723 a
775 2668 967 2724 Gabra
998 2668 1141 2724 urbe
1171 2667 1429 2724 Persidis
1449 2669 1709 2735 duceret,
1731 2667 1908 2724 simul

262 2759 472 2815 eadem
507 2757 644 2814 dicti
664 2758 1018 2816 contumelia
1035 2757 1358 2814 lacerantes
1376 2761 1503 2830 ejus
1522 2758 1909 2832 mores,quasi

263 2847 525 2904 hominis
557 2847 973 2903 inconsiderati
1004 2853 1061 2902 et
1091 2848 1339 2902 barbare
1369 2848 1736 2918 audacis,qui
1759 2863 1910 2904 caeca

259 2937 356 2992 sui
388 2940 697 3008 provectus
729 2935 1061 3008 ignorantia
1083 2935 1491 2991 inconcessum
1515 2953 1628 2992 non
1653 2937 1911 2992 dubitas-

257 3030 355 3081 set
383 3027 536 3081 sacri
572 3025 809 3080 honoris
846 3024 1147 3096 fastigium
1179 3025 1469 3095 invadere,
1505 3043 1616 3081 non
1651 3027 1777 3082 sine
1808 3026 1911 3081 ad-

261 3114 448 3170 mista
479 3130 681 3169 amara
734 3113 1006 3169 irrisione
1058 3113 1411 3170 adulationis
1453 3115 1581 3186 ejus
1624 3131 1762 3187 erga
1801 3115 1909 3170 im-

2006 471 2332 548 Προδρόμου
2387 474 2556 545 μονῆς
2604 469 2834 541 ἐξελθεῖν
2879 469 2968 522 καὶ
3027 463 3383 540 προσοκεῖλαι
3438 466 3506 536 τῇ
3561 461 3650 517 ἐκ-

2002 565 2204 637 κλησίᾳ
2237 610 2250 634 ,
2301 563 2455 640 ἔργον
2507 563 2684 633 πάσης
2741 557 3008 635 ἀσχολέας
3064 555 3270 612 ὲπέκειν
3327 553 3529 616 τῗθεται
3586 555 3649 608 τὸ

2008 655 2139 729 ὑπὲρ
2169 655 2366 710 το·5του
2399 647 2721 730 πρεσϐεῦσαι
2772 656 2850 721 τῷ
2901 646 3119 725 βασιλεῖ
3147 645 3236 700 καὶ
3269 644 3332 698 τὸ
3359 646 3458 708 τῆς
3513 662 3648 716 πρε-

2007 740 2186 806 σϐείας
2247 744 2523 818 ἐπαγωγὸν
2594 737 2985 815 προϐαλέσθαι,
3045 737 3120 800 ὡς
3182 759 3206 788 ιι
3260 731 3402 804 ’Ήδη
3466 732 3559 804 μὶν
3621 731 3648 786 ὁ

2007 833 2407 909 Ἀκροπολῖτης
2453 832 2541 886 καὶ
2605 831 2770 905 μέγας
2829 828 3126 904 λογοθὲτης
3188 825 3460 899 Γεώργιος
3495 866 3508 891 ,
3569 819 3648 896 ἐφ’

2006 925 2187 980 ἱκανὸν
2264 923 2323 978 ἐκ
2395 919 2734 998 προστάξεως
2815 924 2936 987 σῆς,
3025 914 3267 990 βασιλεῦ,
3356 911 3648 985 ἐνιδρώσας

2007 1011 2338 1090 παραδιδοὺς
2387 1013 2454 1066 τε
2515 1013 2850 1084 μαθήματα,
2907 1004 3015 1076 ’ἤδη
3069 1005 3158 1060 καὶ
3216 1002 3646 1072 ἀποκεκαμήκει,

2007 1088 2095 1160 καῖ
2150 1103 2310 1179 χρεία
2367 1099 2507 1155 ἐστὶν
2540 1096 2743 1160 ἄλλους
2803 1096 3106 1170 ἀνάγεσθαι,
3164 1092 3254 1147 καὶ
3311 1096 3417 1146 τῶν
3463 1088 3647 1144 ἄλλων

2009 1195 2116 1269 οὐχ
2143 1197 2304 1264 ἧττον
2332 1189 2458 1253 τοὺς
2489 1193 2586 1253 τῆς
2620 1185 2931 1258 ἐκκλησίας,
2989 1186 3114 1259 παρ’
3165 1182 3289 1237 ὅσον
3320 1181 3409 1234 καὶ
3441 1181 3647 1254 ἀνάγκη

2009 1281 2323 1360 προϐαίνειν
2371 1281 2597 1344 τούτους
2650 1279 2729 1349 τῷ
2788 1277 2942 1352 λόγῳ
2996 1281 3114 1336 ταῖς
3174 1270 3648 1340 ἐκκλησιαστικαῖς

2010 1356 2224 1451 χρείαις
2262 1373 2336 1435 ὡς
2396 1370 2632 1445 μάλιστα
2688 1363 3180 1443 χρησιμεῦσοντας.
3245 1359 3508 1417 Κατάνευε
3536 1356 3651 1411 τοίο

2010 1449 2096 1518 νον
2159 1465 2293 1536 ἡμῖν
2354 1462 2588 1532 ἀξιοῦσιν
2642 1459 2716 1521 ὡς
2777 1457 2909 1530 ὑπὲρ
2986 1461 3086 1522 τῆς
3141 1449 3468 1520 Ἥκκλησῖας
3525 1465 3654 1520 πρε-

2013 1531 2286 1624 σϐεύσονσι,
2317 1550 2407 1606 καὶ
2459 1547 2794 1621 ἐξευμενίζου
2853 1549 2932 1615 τῷ
2987 1536 3317 1611 Ὀλοϐώλῳ,
3367 1535 3457 1590 καὶ
3491 1531 3655 1607 8&7!)-

2017 1664 2110 1716 μαι
2143 1645 2332 1696 τοῦτον
2377 1638 2468 1693 καὶ
2498 1637 2633 1692 κατὰ
2673 1636 2736 1690 τὸ
2781 1634 2921 1695 εἰκὸς
2957 1637 3178 1704 τιμῆσαι
3228 1626 3317 1682 καὶ
3370 1625 3445 1686 εἷς
3505 1619 3656 1676 διδα-

1791 1759 1897 1815 ύων
1945 1730 2217 1819 Βσκαλον
2273 1735 2601 1799 καταστῆσαι
2660 1730 2775 1787 τοῖς
2847 1723 3218 1799 προσφοιτῶσι
3274 1722 3373 1785 τῆς
3431 1713 3660 1789 λογικῆς

2579 1818 2582 1819 ,
2902 1812 2913 1819 .
3023 1811 3034 1819 .
3308 1807 3319 1819 .
3521 1803 3534 1819 ,
3607 1805 3627 1815 -

2017 1819 2370 1882 παιδεύσεως.
2404 1845 2431 1872 ››
2493 1818 2592 1874 Καὶ
2653 1819 2821 1870 ταῦτα
2864 1812 2958 1886 μὲν
2984 1811 3077 1864 τὸν
3124 1807 3472 1882 πατριάρχην
3518 1803 3660 1856 ἐκεῖ-

2017 1933 2108 1967 νον
2166 1911 2358 1977 εῗπεῖν,
2407 1909 2496 1964 καὶ
2525 1907 2747 1967 ἐπόντος
2805 1901 2957 1966 εὐθὺς
2983 1901 3302 1954 κατανεῦσαι
3351 1894 3441 1950 τὸν
3506 1893 3660 1968 βασι-

2020 2001 2119 2057 λὲα
2175 2002 2264 2056 καὶ
2319 2001 2389 2071 τῇ
2448 1998 2661 2069 ἀξιώσει
2723 1993 3117 2049 καθ’)ποκλῖναι
3155 2031 3166 2044 .
3228 1987 3328 2042 Ἢν
3383 1982 3483 2059 γὰρ
3541 1984 3660 2040 ταῖς

2025 2092 2308 2164 ἀληθείαις
2367 2089 2612 2148 κάκεῖνος
2645 2085 2781 2162 πρὸς
2839 2084 2906 2136 τὰ
2960 2078 3171 2135 παλαιά
3198 2081 3294 2144 τῆς
3325 2068 3660 2130 Κωνσταντῖ-

2019 2204 2114 2237 νου
2172 2179 2653 2253 παρακνιζόμενος,
2708 2175 2780 2236 ὡς
2831 2176 3156 2238 καταστῆσαι
3221 2165 3313 2238 μὲν
3371 2160 3610 2253 κλήροιις
3647 2202 3662 2228 ,

2019 2265 2110 2325 ἕνα
2145 2269 2238 2342 μὶν
2272 2268 2359 2323 ἐπὶ
2387 2272 2466 2339 τῷ
2495 2263 2830 2341 περιωνῦμῳ
2859 2265 2966 2316 τῶν
3000 2253 3320 2312 ἀποστόλων
3349 2255 3482 2322 ναῷ,
3511 2249 3658 2303 θάτε-

2022 2380 2116 2436 ρον
2146 2337 2206 2414 ,δὲ
2237 2358 2324 2414 ἐπὶ
2351 2337 2449 2430 τῷ.
2474 2337 2583 2412 τῶν
2626 2352 2981 2428 Βλαχερν‹”ἱ›ν⁹
3039 2347 3128 2402 καὶ
3187 2339 3536 2417 ὑμνοπόλους
3569 2337 3660 2415 Ep-

2019 2578 2180 2634 landi
2210 2577 2339 2648 ejus
2369 2575 2428 2630 in
2445 2580 2563 2630 tam
2579 2573 2787 2629 acerba
2799 2561 3510 2625 calamitateMoliendum
3531 2575 3662 2632 ergo

2021 2667 2132 2722 sibi
2166 2665 2391 2738 putavit
2421 2671 2486 2720 ut
2515 2679 2649 2718 cum
2682 2662 2835 2717 bona
2851 2657 3039 2732 gratia
3059 2649 3664 2726 imperatoris,illume

2022 2755 2396 2810 monasterio.
2429 2749 2810 2807 Prtecursoris
2833 2750 3107 2804 eductum
3127 2741 3382 2800 ecclesiae
3400 2739 3658 2811 applica-

2021 2845 2336 2916 ret,ibique
2366 2842 2576 2899 scholae
2607 2838 3013 2897 ecclesiasticas
3047 2829 3661 2907 prmﬁceret,erudien-

2021 2936 2127 2992 dos
2160 2935 2272 3005 ipsi
2304 2934 2680 2990 committens
2702 2931 2951 3001 juvenes
2982 2925 3246 2981 clericos.
3283 2923 3462 2991 quue
3487 2934 3664 2990 nego~

2021 3030 2168 3081 tium
2203 3025 2431 3079 cunctis
2465 3019 2928 3094 praevertendum
2955 3020 3139 3082 ratus,
3173 3008 3478 3067 confestim
3519 3005 3663 3061 adiit

2021 3114 2456 3185 imperatorem,
2489 3127 2623 3166 cum
2655 3103 3016 3180 eoque,nibil
3050 3119 3165 3158 non
3195 3098 3476 3156 adhibens
3504 3094 3660 3185 quod

257 3207 590 3276 peratorem
620 3201 860 3257 infamia
893 3201 1008 3258 late
1061 3208 1335 3258 manante
1387 3183 1718 3276 dissipate:
1756 3204 1914 3260 velut
1943 3221 1986 3287 ρ
2025 3183 2212 3258 velere
2241 3202 2313 3256 ad
2345 3199 2784 3272 impetrandum
2833 3194 3221 3287 arbitraretur
3261 3201 3450 3287 posse,
3503 3183 3662 3238 hunc

259 3294 582 3348 innuentes
612 3290 901 3347 familiare
931 3291 988 3346 id
1021 3291 1105 3346 illi
1138 3297 1195 3347 et
1225 3292 1396 3348 domo
1429 3292 1669 3349 allatum
1719 3294 1912 3350 inesse

257 3381 710 3454 vitium,utpote
740 3381 965 3436 homini
998 3382 1099 3454 qui
1132 3399 1268 3438 suos
1297 3384 1550 3453 majores
1575 3400 1643 3438 ex
1672 3401 1739 3440 ea
1771 3385 1914 3440 urbe

275 3470 566 3527 oriundos
595 3469 896 3535 fateretur,
930 3487 1105 3541 quam
1140 3487 1344 3526 omnes
1377 3472 1596 3527 scirent
1625 3489 1749 3528 esse
1780 3473 1913 3529 Per-

264 3561 482 3615 sicam.
513 3560 736 3614 'l‘amen
760 3557 809 3613 is
827 3558 928 3630 qui
952 3559 1022 3614 ad
1045 3560 1290 3614 multam
1316 3565 1543 3615 aetatem
1591 3562 1799 3618 veteris
1822 3579 1914 3618 ec-

258 3647 612 3705 clesiasticaa
626 3647 974 3702 eruditionis
990 3647 1246 3719 plurimu
1259 3666 1312 3702 m
1328 3650 1695 3719 adjunxisset
1717 3669 1914 3706 exem-

258 3737 367 3810 plo
397 3739 456 3791 et
485 3735 830 3792 auctoritate
858 3738 1129 3791 Germani
1156 3736 1396 3794 alterius
1415 3738 1525 3794 sibi
1548 3741 1914 3812 cognominis

258 3823 746 3898 patriarchae,qui
778 3829 1016 3880 Patrum
1051 3827 1333 3882 memoria
1361 3826 1736 3884 laudabiliter
1756 3846 1914 3884 eam-

257 3917 404 3972 dem
441 3914 760 3970 Ecclesiam
799 3913 1068 3981 rexisset,
1131 3915 1315 3970 multa
1361 3933 1429 3971 ex
1481 3917 1610 3986 ejus
1655 3923 1916 3989 tempore

255 4007 324 4060 in
389 4003 652 4058 deterius
711 4020 813 4074 per
854 4002 1147 4058 incuriam
1211 4004 1482 4077 prolapsa
1541 4007 1610 4060 ad
1662 4014 1913 4064 veterem

256 4100 655 4166 exactamque
686 4109 956 4149 revocare
1007 4094 1380 4165 disciplinam
1442 4097 1786 4168 castigando
1830 4103 1916 4154 est

255 4199 610 4257 aggressus,
661 4198 727 4238 eo
778 4197 1055 4237 successu
1110 4189 1174 4238 ut
1205 4200 1318 4239 non
1355 4202 1540 4255 pauca
1594 4186 1652 4240 in
1705 4186 1917 4244 melius

260 4271 623 4328 restitueret.

260 4389 358 4444 14.
409 4387 472 4444 Ut
542 4383 874 4442 Holobolum
895 4387 1213 4456 patnarcha
1254 4386 1551 4444 Germanus
1581 4392 1918 4447 translatum

340 4461 406 4514 in
436 4459 534 4537 Dei
586 4459 875 4537 ecclesiam
917 4458 1100 4537 ofﬁcio
1156 4458 1396 4516 rhetoris
1455 4461 1808 4518 honoraverit
1863 4474 1921 4519 et

337 4532 670 4598 magistrum
697 4531 1066 4585 constituerit.

343 4627 406 4683 In
438 4627 531 4683 bis
565 4625 820 4698 palmare
855 4627 964 4680 fuit
992 4628 1145 4698 quod
1173 4646 1279 4684 suo
1306 4630 1626 4702 ingenti,de
1644 4650 1758 4702 quo
1777 4633 1916 4702 dixi,

261 4724 324 4777 et
342 4717 816 4790 cognoscendaru
828 4735 880 4772 m
899 4723 954 4773 ct
974 4722 1501 4790 promovendarum
1517 4723 1918 4781 doctrinarum

260 4809 609 4878 obsequens
642 4806 862 4874 studio,
895 4807 1236 4879 complexus
1257 4816 1356 4865 est
1388 4812 1579 4867 favore
1611 4829 1676 4868 ac
1719 4819 1919 4884 patro-

261 4900 427 4956 cinio
459 4895 807 4953 Holobolum
833 4897 1050 4968 ingenii
1072 4901 1407 4969 praestantis
1428 4901 1727 4958 hominem
1750 4909 1806 4958 et
1824 4903 1919 4959 lit-

259 4995 530 5044 terarum
585 4985 738 5042 283
795 4984 1084 5055 plenum;
1145 4987 1214 5042 de
1267 5005 1382 5059 quo
1441 5007 1573 5044 cum
1629 4992 1922 5062 judicaret

257 5077 552 5134 idoneum
613 5091 677 5128 ac
738 5072 1063 5142 sufﬁciens,
1116 5076 1162 5129 si
1218 5079 1616 5148 przelicerctur
1671 5081 1918 5150 studiis,

257 5169 734 5225 instrumentum
752 5181 887 5220 eum
909 5164 1026 5220 fore
1042 5168 1421 5236 provehendze
1436 5171 1506 5224 ad
1525 5170 1918 5228 celebritatem

258 5260 620 5314 litteratura
656 5270 721 5309 ac
755 5255 1104 5325 reponenda:
1137 5255 1196 5310 in
1231 5256 1429 5313 ﬂorem
1463 5260 1918 5330 pristinum,sua

256 5362 409 5404 sane
440 5343 612 5400 illum
645 5343 840 5412 opinio
876 5357 990 5398 non
1028 5344 1252 5414 fefellit;
1287 5364 1628 5420 quanquam
1661 5351 1731 5405 ad
1765 5350 1923 5406 hunc

262 5435 606 5492 ornandum
639 5448 752 5486 non
786 5430 909 5486 sola
926 5431 1200 5489 utilitatis
1216 5436 1461 5506 publicae
1488 5438 1710 5492 ratione
1730 5444 1922 5495 motus

260 5527 382 5590 est,
411 5523 511 5578 ed
549 5519 952 5576 misericordia
985 5528 1267 5592 prieterea
1321 5525 1514 5582 infesti
1555 5544 1747 5596 casus,
1807 5546 1922 5601 quo

260 5614 372 5672 ille
404 5611 716 5670 infeliciter
733 5609 989 5668 afflictus
1013 5611 1484 5689 fuerat,curaque
1505 5617 1701 5676 debita
1721 5635 1924 5677 conso-

1879 4633 1890 4653 ε
1952 4590 1994 4653 D

2027 3293 2207 3347 ferme
2238 3290 2296 3346 in
2335 3293 2574 3346 modum
2633 3287 2797 3358 egit:
2855 3308 2876 3335 ι
2929 3279 3259 3353 Acropolita
3298 3281 3355 3332 et
3414 3289 3663 3345 magnus

2020 3383 2316 3453 logotbeta
2346 3381 2628 3452 Georgius
2663 3389 2757 3433 tuo
2788 3377 3032 3438 dudum,
3069 3367 3517 3442 Augustejussu
3537 3381 3660 3419 ver-

2021 3478 2188 3528 satus
2214 3473 2270 3527 in
2298 3470 2586 3526 tradentis
2615 3465 3288 3538 disciplinis,postquam
3315 3453 3661 3525 multisjam

2021 3561 2193 3617 annis
2223 3561 2522 3617 insudavit
2550 3558 2602 3613 ei
2634 3552 3045 3628 operae,fractis
3067 3551 3303 3605 domum
3325 3545 3547 3600 viribus
3570 3543 3657 3596 fa-

2020 3652 2267 3719 tiscit,et
2292 3655 2354 3708 ut
2382 3649 2434 3706 ei
2466 3648 2708 3704 emerito
2767 3645 2868 3701 alii
2899 3639 3218 3698 succedant
3243 3651 3392 3708 opus
3424 3631 3662 3687 omnino

2021 3748 2122 3798 cst.
2158 3741 2218 3795 Id
2244 3757 2374 3795 cum
2410 3738 2729 3794 universim
2755 3732 3083 3806 juventutis
3114 3725 3304 3799 gratia
3326 3739 3418 3779 me
3448 3736 3662 3793 sugge-

2022 3847 2146 3885 rere
2168 3834 2340 3899 teque
2371 3844 2574 3882 curare
2604 3827 2847 3896 dignum
2877 3827 2985 3887 est,
3010 3825 3133 3874 tum
3165 3811 3484 3887 praesertim
3518 3807 3664 3864 mihi

2021 3919 2290 3975 convenit
2319 3915 2731 3973 ecclesiasticis
2755 3917 2810 3967 in
2844 3929 2909 3967 eo
2942 3925 3152 3981 genere
3195 3900 3662 3960 adolescentibus

2023 4008 2532 4080 prospicere,quos
2558 4005 2640 4059 ita
2673 4005 2921 4058 educare
2939 4003 3190 4069 utquam
3216 3989 3511 4064 aptissimi
3535 4005 3660 4043 cva-

2022 4099 2164 4154 dant
2196 4097 2264 4151 ad
2297 4112 2502 4151 omnes
2538 4093 2865 4148 functiones
2897 4087 3120 4144 ordinis
3159 4081 3364 4148 nostri,
3408 4093 3658 4150 quarum

2023 4189 2310 4260 pleraeque
2340 4184 2553 4241 litteris
2579 4189 2635 4240 et
2663 4181 2951 4254 exquisita
2981 4175 3244 4232 doctrina
3269 4170 3556 4241 indigent,
3590 4165 3660 4221 ad

2022 4283 2284 4333 nostram
2318 4277 2374 4331 in
2415 4275 2622 4346 primis
2671 4270 3094 4344 providentiam
3141 4263 3405 4338 pertinet.
3456 4260 3663 4314 Annue

2020 4369 2203 4440 igitur
2232 4368 2534 4423 orantibus
2568 4365 2736 4422 nobis
2766 4369 2823 4420 et
2848 4361 3128 4418 universae
3143 4353 3411 4413 Ecclesiae
3427 4350 3664 4407 nomine

2024 4456 2356 4528 petentibus
2374 4456 2597 4511 veniam
2615 4454 2980 4525 gratiamque
2992 4467 3130 4522 erga
3144 4444 3489 4503 Holobolum
3507 4445 3662 4528 tuam

2035 4526 2379 4616 permittens
2415 4551 2476 4599 ut
2501 4548 2815 4598 tranl'eram
2848 4542 3010 4595 illum
3044 4530 3520 4608 accipiamquein
3551 4526 3668 4584 col-

2031 4632 2249 4702 legium
2277 4633 2411 4688 cleri
2434 4640 2557 4688 nost
2574 4632 2616 4686 ri
2633 4636 2836 4687 etcum
2856 4630 3048 4685 debito
3071 4627 3287 4682 honore
3311 4620 3664 4692 magistrum

2031 4723 2344 4794 praeﬁciam
2377 4727 2585 4778 nostra:
2611 4720 2931 4793 juventuti,
2963 4714 3295 4788 disciplinis
3326 4708 3668 4766 liberalibus

2031 4813 2089 4868 in
2121 4813 2257 4868 ludo
2288 4813 2567 4868 litterario
2598 4827 2832 4883 operam
2861 4810 3103 4865 daturae.
3141 4829 3168 4856 »
3200 4809 3330 4860 Hice
3356 4801 3551 4857 locuto
3574 4815 3671 4870 pa-

2031 4902 2298 4958 triarcha:
2328 4902 2618 4958 concessit
2647 4901 2846 4956 statim
2878 4897 3096 4970 prolixe
3127 4895 3278 4967 quod
3303 4891 3529 4947 volebat
3558 4889 3669 4944 im-

2033 5001 2282 5065 perator;
2314 5000 2437 5048 erat
2465 4993 2618 5048 enim
2649 4997 2705 5047 et
2735 4988 3110 5062 ipseproprio
3133 4986 3302 5058 genio
3327 5000 3441 5038 non
3462 4995 3669 5053 parum

2031 5083 2351 5137 inclinatus
2383 5084 2452 5137 ad
2489 5083 2876 5138 revocandum
2901 5079 2959 5134 in
2983 5077 3142 5134 omni
3161 5075 3354 5147 gloria:
3383 5077 3541 5143 parte
3563 5085 3672 5124 an-

2032 5172 2259 5236 tiquum
2293 5173 2447 5228 284
2471 5170 2841 5226 sulendorem
2875 5167 3058 5233 urbis;
3095 5181 3270 5235 quam
3305 5164 3374 5217 ad
3405 5177 3523 5215 rem
3557 5158 3672 5211 duo

2032 5261 2427 5331 clericorpora
2448 5261 3038 5321 constituerat,unum
3063 5255 3356 5311 collocans
3383 5251 3437 5304 in
3463 5243 3673 5302 celebri

2032 5351 2429 5422 apostolorum
2465 5350 2960 5421 templo,alterum
2994 5347 3051 5402 in
3073 5343 3286 5413 templo
3319 5335 3673 5422 Blacherna-

2033 5442 2805 5512 rum,cantoresqueannuis
2833 5437 3143 5509 stipendiis
3177 5431 3404 5500 utrique
3436 5420 3673 5480 addide-

2035 5535 2124 5585 rat
2153 5547 2222 5586 ex
2253 5531 2652 5586 sacerdotibus
2683 5529 2866 5584 urbis.
2926 5531 3204 5581 Praeterea
3233 5517 3385 5612 apud
3413 5524 3673 5612 “sacram

2034 5621 2217 5678 aedem
2233 5620 2430 5695 magni
2445 5619 2681 5678 Pauliin
2694 5617 2955 5690 antiquis
2970 5602 3482 5684 orphanotropbiis
3495 5613 3680 5673 gram-
