3920 6196
251 262 355 319 731

1565 255 1868 312 GEORGII
1906 258 2370 314 PACHYMERJE

3540 259 3632 316 732

262 388 464 467 ῥόγους
491 385 634 456 τάξει
667 386 784 445 τοῖς
831 381 1065 455 κλήροις
1095 376 1224 442 τοὺς
1256 377 1316 434 ἐκ
1350 384 1449 447 τῆς
1476 375 1693 443 πόλεως
1721 380 1906 456 ἱερεῖς,
1940 384 1993 451 Α
2019 381 2308 438 κοινωνίαν
2339 386 2439 448 τῆς
2469 403 2526 439 τε
2559 380 2769 460 βουλῆς
2798 383 2889 438 καὶ
2937 391 3037 453 τῆς
3086 383 3329 457 πράξεως
3384 383 3641 460 προσκληο

259 479 624 548 συστήσασθαι
658 468 714 526 δὲ
767 471 857 524 καὶ
911 469 1047 524 κατὰ
1096 469 1186 524 τὸν
1239 473 1336 523 τοῦ
1390 467 1634 543 μεγάλου
1693 468 1915 524 Παύλου

265 569 398 622 νεὼν
454 564 506 618 ἐν
565 565 682 621 τοῖς
741 557 994 636 ἀρχαίοις
1061 557 1544 634 όρφανοτροιρείοις
1601 579 1915 633 γραμματι-

267 650 576 725 κευομένων
639 647 897 724 σχολὴν,
955 647 1045 702 καὶ
1107 647 1295 724 ῥὸγαις
1353 645 1594 717 ἐτησίοις
1649 648 1917 725 scisam-

258 743 398 797 νύειν
458 738 551 794 τόν
608 760 665 793 τε
726 735 1052 793 διδάσκαλον
1123 738 1210 791 καὶ
1264 735 1391 798 τοὺς
1448 734 1666 809 παῖδας,
1697 737 1770 800 ὡς
1799 738 1912 816 ἐφι-

258 832 468 885 στάνειν
523 826 695 882 ἐνίοτε
721 832 788 902 τῇ
825 827 1032 902 σχολῇ,
1081 826 1172 881 καὶ
1206 827 1397 887 ὁποῖος
1430 823 1648 888 ἕκαστος
1678 828 1768 881 καὶ
1804 828 1911 898 ὅπη

258 919 436 996 λόγων
488 917 814 994 προκόπτοι,
878 915 988 971 ἐστι
1051 913 1097 969 δ’
1157 915 1217 970 οὗ
1273 914 1458 969 καὶτὰ
1489 915 1670 969 εέκότα
1697 913 1911 993 φιλοτιι

262 1011 496 1084 μεῖσθαι,
532 1008 576 1063 εἷ
625 1005 670 1062 δ’
727 1007 817 1061 οὗν
867 1005 994 1062 ἀλλ’
1028 1003 1204 1060 ἄνεσιν
1238 1011 1356 1068 τοῖς
1390 1006 1542 1060 παισὶ
1579 1003 1780 1061 διδόναι
1813 1013 1912 1076 τῆς

260 1097 522 1175 ἀσχολίας
555 1099 692 1152 κατά
721 1119 771 1151 τι
803 1097 1029 1172 πάτριον
1086 1094 1338 1165 σύνηθες.
1391 1095 1528 1152 Τότε
1562 1092 1606 1149 δ’
1657 1093 1748 1149 οὖν
1781 1095 1917 1149 ὑπο-

255 1190 509 1244 κλιθέντα
567 1193 683 1249 ταῖς
735 1190 831 1240 τοῦ
889 1187 1154 1262 ἱεράρχου
1212 1183 1455 1255 αἶ’τήσεσι
1532 1183 1916 1258 προσπαθῆσαί

256 1300 313 1333 τε
371 1276 562 1332 αὐτίκα
620 1280 697 1347 τῷ
744 1272 1022 1347 καταδίκῳ
1080 1273 1170 1328 καὶ
1231 1272 1461 1344 ἐξελθεῖν
1490 1274 1759 1330 κελεῦσαι.
1817 1276 1913 1331 Ὃν

261 1366 326 1435 δὴ
359 1367 607 1426 κάκεῖνος
662 1361 947 1437 δεξάμενος
999 1360 1235 1425 πολλοῖς
1269 1368 1349 1434 [Ρ.
1387 1364 1509 1438 192]
1557 1365 1624 1432 ἦν
1659 1361 1914 1438 ἀγάλλων

259 1461 374 1517 τοῖς
434 1456 653 1530 ἀγαθοῖς
688 1499 703 1523 ,
764 1452 1298 1530 προσεπισφραγίσας
1360 1452 1449 1506 καὶ
1512 1451 1716 1528 ῥήτορα
1754 1497 1767 1522 ,
1825 1452 1914 1508 καὶ

265 1547 353 1599 ὑπ’
380 1543 528 1616 αὖτῷ
559 1539 868 1597 διδάσκοντι
903 1549 1060 1596 πᾶσιν
1097 1540 1374 1616 ἐξηνοίγνυ
1418 1541 1481 1596 τὸ
1510 1546 1616 1596 τῶν
1652 1543 1913 1616 μαθημά-

266 1654 374 1688 των
409 1629 810 1687 διδασκαλεῖον.

269 1751 345 1805 ιε’·
407 1749 598 1809 ’Όπως
674 1745 1034 1826 ἐγκληθέντεί
1109 1746 1252 1807 τινὲς
1297 1750 1433 1826 ,τῶν
1487 1750 1584 1826 τοιῢ
1608 1745 1991 1826 itala-16°08

337 1817 757 1892 καθοσιώσεως,
817 1819 905 1873 καὶ
963 1818 1054 1873 τὸν
1114 1817 1460 1893 πατριάρχην
1516 1819 1727 1893 εἰσῆγον
1788 1820 1912 1894 Ἀρ-

338 1894 536 1951 σὲνιον.

335 1992 442 2047 Τοῦ
475 1985 625 2050 ἔτους
659 1985 866 2042 ἐκείνου
913 1989 1002 2042 καὶ
1048 1988 1428 2049 καθοσιώσεως
1487 1983 1746 2062 ἔγκλημα
1799 1992 1914 2050 τοῖς

264 2079 388 2152 περὶ
442 2080 533 2134 τὸν
600 2076 1059 2153 Φραγγόπουλον,
1121 2077 1322 2132 οἶκεῖον
1385 2076 1602 2151 βασιλεῖ
1648 2099 1710 2152 γε
1766 2073 1914 2147 ὄντα,

267 2166 538 2229 κάκείνοις
601 2165 1030 2241 ἆριθμουμὲνοις
1091 2166 1168 2228 εἰς
1226 2164 1437 2222 δώδεκα
1494 2163 1916 2242 προσετρίϐετο,

270 2255 343 2310 ὧν
397 2253 464 2325 δὴ
519 2255 609 2310 καί
681 2257 817 2310 κατά
883 2259 980 2309 τοῦ
1047 2253 1318 2330 βασιλέως
1377 2254 1790 2328 μελετησάντων
1847 2257 1919 2318 ὡς

268 2344 601 2400 κτενοῦντων
633 2344 676 2398 εἰ
711 2342 950 2399 εὐοδοῖεν
998 2343 1210 2412 αὐτίκα,
1267 2343 1544 2420 Κάρουλός
1590 2367 1692 2414 τις,
1747 2347 1792 2419 ᾧ
1851 2344 1917 2415 δὴ

271 2435 359 2488 καὶ
390 2435 490 2502 τὴν
523 2428 1022 2509 πρωτοϐεστιαρίου
1072 2433 1443 2502 Μουζάλωνος
1493 2437 1705 2514 σφαγὴν
1756 2436 1784 2490 6
1832 2433 1923 2490 λό-

272 2544 372 2598 γος
403 2521 801 2598 ἐξεργασθεῖσαν
835 2519 1037 2576 ἐδείκνυ
1083 2523 1148 2577 τὸ
1196 2521 1390 2596 πάλαι,
1423 2527 1500 2587 εἷς
1548 2525 1795 2590 κάκεῖνος
1845 2527 1922 2589 εἷς

276 2742 501 2798 ηιιιῐίοω
534 2741 792 2798 scholam
821 2741 1172 2812 instituerat,
1206 2747 1263 2800 et
1293 2743 1677 2815 pensionibus
1707 2745 1920 2801 annuis

283 2837 406 2886 tum
440 2830 702 2903 magistri
727 2836 854 2886 tum
890 2847 1199 2903 puerorum
1233 2833 1917 2905 sustentationiprovide-

277 2923 385 2988 rat,
420 2921 678 2991 adeoque
710 2937 828 2975 rem
862 2922 1106 2976 curabat
1139 2927 1200 2976 ut
1228 2939 1344 2978 non
1377 2923 1792 2995 dedignaretur
1831 2923 1920 2978 in-

275 3010 464 3066 visere
494 3025 598 3082 per
627 3026 689 3064 se
719 3009 1017 3065 interdum
1053 3010 1255 3067 ludum
1289 3011 1456 3068 illum
1485 3017 1544 3068 et
1573 3029 1767 3069 coram
1793 3031 1920 3086 pro-

2021 472 2150 544 θεὶς,
2229 474 2256 527 ὁ
2333 470 2389 528 δὲ
2465 474 2541 544 μὴ
2595 473 2885 545 ἀναμείνας
2947 474 3184 548 γενέσθαι
3239 478 3320 546 τῷ
3376 478 3638 547 κρατοῦντι

2016 563 2179 626 κακὸς
2237 563 2297 618 ἐκ
2354 563 2636 640 πράξεως,
2695 563 2754 618 ἐκ
2809 561 3213 638 προσαγγελίας
3270 561 3437 638 ἐφάνη
3490 563 3639 626 κακὸς

2015 657 2132 715 τοῖς
2164 651 2443 724 καλέσασι,
2473 652 2563 707 καὶ
2597 652 2752 717 εὐθὺς
2784 650 3192 728 προσήγγελλε,
3222 651 3313 706 καὶ
3344 651 3637 722 ἡλίσκοντο.

2019 740 2086 799 Οἳ
2216 742 2302 797 καὶ
2354 741 2669 815 ἐταζόμενοι
2716 747 2834 804 ταῖς
2895 743 3147 816 βασάνοις
3203 740 3282 817 ἐφ’
3332 741 3476 814 ᾧπερ
3527 740 3639 804 τοὺς

2019 829 2328 894 συνειδότας
2385 830 2580 903 εἰπεῖν,
2626 832 2715 885 καὶ
2781 829 3000 903 μᾶλλον
3035 829 3081 884 εἷ’
3133 829 3222 884 καὶ
3255 831 3283 884 6
3314 830 3638 905 πατριάρχης

2019 919 2238 995 συνῄδει
2289 921 2661 996 πραξείουσιν,
2723 922 2774 975 οἱ
2821 918 2878 975 δὲ
2937 917 3141 981 ἄλλους
3203 919 3297 992 μὶν
3359 918 3456 973 οὐκ
3508 920 3637 994 εἶχον

2019 1010 2335 1086 ὁμολογεῖν,
2395 1011 2487 1065 τὸν
2545 1009 2601 1064 δέ
2656 1031 2715 1085 γε
2745 1011 3092 1084 πατριάρχην
3153 1007 3248 1064 κᾶν
3306 1006 3521 1078 ἀληθῶς
3557 1005 3641 1063 κᾶν

2018 1098 2078 1154 ἐκ
2133 1098 2248 1175 βίας
2298 1106 2398 1168 τῆς
2454 1098 2513 1153 ἐκ
2546 1099 2791 1174 βασάνων
2824 1102 2891 1173 τῇ
2945 1095 3148 1169 εἷδήσει
3182 1096 3372 1172 ἔλεγον
3405 1104 3643 1172 συνεσχῆ-

2018 1200 2138 1252 σθαι
2226 1187 2385 1242 αὐτὸν
2480 1185 3055 1264 προσαναγγειλάντων
3093 1229 3105 1242 .
3203 1185 3481 1246 Κάκείνοις
3564 1186 3642 1258 μὲν

2021 1279 2277 1349 ἀπήντων
2335 1277 2390 1331 αἶ
2447 1274 2593 1331 δίκαι
2658 1278 2893 1353 βαρεῖαι,
2951 1276 3144 1338 ποινὰς
3205 1272 3492 1352 διαφόρους
3528 1277 3648 1330 κατὰ

2016 1368 2108 1422 τὸν
2167 1371 2272 1422 τῶν
2334 1365 2746 1442 ἁμαρτημάτων
2795 1364 2961 1441 λόγον
3023 1363 3335 1439 ἐπάγουσαι.
3370 1362 3521 1420 Ἀλλ’
3549 1361 3648 1418 οὐδ’

2021 1456 2048 1510 6
2101 1453 2449 1531 πατριάρχης
2505 1453 2685 1508 ἀνεῖτο
2740 1458 2839 1509 τοῦ
2907 1448 3332 1529 προστριϐἑντος
3391 1451 3648 1529 ἐγκλήμα-

2017 1566 2132 1617 τος,
2191 1543 2316 1600 ἀλλ’
2374 1543 2591 1618 ἐπέχων
2649 1545 2738 1598 καὶ
2796 1542 3008 1616 μᾶλλον
3061 1537 3408 1616 ἐπεμϐαίνων
3436 1542 3648 1623 κειμένῳ

2022 1635 2071 1688 οἳ
2101 1633 2128 1686 ὁ
2164 1630 2420 1709 βασιλεὺς
2451 1630 2763 1688 ἐπενεκάλει
2796 1633 2856 1687 τὸ
2907 1629 3161 1706 ἔγκλημα
3216 1631 3352 1708 πρὸς
3394 1632 3488 1700 τὴν
3537 1630 3646 1684 σύν-

2022 1719 2146 1777 οδον
2179 1721 2267 1777 καὶ
2301 1719 2450 1776 δεινά
2505 1720 2698 1792 ἐποίει,
2759 1721 2804 1775 εἰ
2862 1721 2938 1793 μή
2973 1717 3247 1774 ἐκδικοῖτο
3301 1719 3378 1793 μή
3409 1718 3648 1793 ἀνεχόμεο

2023 1832 2134 1872 νος.
2187 1809 2398 1874 Αὐτοὺς
2448 1811 2542 1883 μὲν
2595 1809 2697 1885 γάρ
2756 1808 2839 1864 ἐπ’
2893 1807 3238 1883 ἐγκλήμασιν
3300 1806 3650 1877 ἐκκλησιαστι-

2023 1907 2141 1962 κοῖς
2187 1903 2288 1968 τήν
2347 1897 2501 1968 δίκην
2558 1897 2869 1974 ἐπαγαγεῖν,
2933 1898 3094 1952 αὐτὸν
3151 1894 3233 1967 δὲ,
3267 1895 3312 1950 εἰ
3357 1897 3429 1969 μή
3460 1894 3544 1950 καὶ
3572 1893 3647 1949 ἐπὶ

2022 1989 2102 2063 τῷ
2160 1990 2298 2066 πρὸς
2357 1987 2583 2064 βασιλέα
2640 1985 2948 2062 ἐγκλήματι
3011 1985 3252 2061 ὑπόσχοι
3283 1984 3458 2061 ὲτὲραν
3511 1981 3646 2053 δίκην

2024 2081 2125 2149 τήν
2183 2079 2490 2153 πρέπουσαν
2551 2078 2578 2131 ὁ
2634 2073 2935 2151 προδήλως
2994 2073 3512 2149 κατηγορούμενος,
3579 2073 3646 2145 μὴ

2027 2169 2261 2229 ἀνεκτῶς
2307 2167 2370 2222 τὸ
2403 2165 2633 2221 σύνολον
2667 2164 2834 2240 ἔχειν,
2867 2165 2960 2220 κᾶν
2995 2166 3025 2218 6'
3071 2186 3122 2218 τι
3171 2164 3431 2218 πεπόνθει
3481 2161 3650 2235 πρότε-

2031 2277 2144 2333 ρον’
2209 2253 2350 2329 μηδὲ
2400 2256 2504 2331 γὰρ
2555 2254 2692 2309 εἶναι
2742 2254 2911 2309 καλὸν
2977 2249 3118 2328 μηδὲ
3169 2250 3376 2308 δίκαιον
3423 2251 3509 2306 τὸν
3541 2251 3651 2324 ὑπὲρ

2026 2351 2124 2402 τοῦ
2186 2344 2455 2422 βασιλέως
2511 2346 2821 2421 πολυωρεῖν
2853 2343 3145 2421 ὀφείλοντα
3173 2348 3298 2396 τοῖς
3332 2342 3540 2417 ἐχθροῖς
3567 2341 3652 2412 βα-

2032 2434 2230 2497 σιλέως
2274 2431 2721 2508 καταπροίεσθαι,
2773 2435 2857 2507 [Ρ.
2889 2435 3017 2503 913]
3066 2433 3154 2494 Ὠς
3206 2435 3337 2506 γοῦν
3389 2426 3652 2502 σκεπτομέ-

2030 2546 2136 2580 νων
2166 2525 2235 2579 τὰ
2288 2523 2412 2598 περὶ
2463 2522 2664 2578 τούτου
2717 2520 2890 2577 ἐδόκει
2946 2513 3114 2576 καλὸν
3174 2519 3522 2577 ἀποστέλλιιν
3574 2518 3650 2572 καὶ

2032 2745 2299 2801 conscios
2314 2745 2625 2816 proderent
2639 2745 2695 2797 et
2709 2740 3060 2797 nominatim
3077 2741 3148 2796 de
3163 2737 3652 2812 patriarchainter-

2031 2833 2218 2905 rogati
2250 2832 2428 2888 alium
2449 2831 2684 2904 quidem
2702 2828 3413 2895 nominarumneminem,
3431 2824 3650 2898 patriar-

2030 2922 2199 2978 cham
2236 2926 2562 2987 autem,seu
2598 2935 2665 2973 ex
2694 2934 2829 2973 vero
2862 2933 2962 2974 seu
2988 2916 3040 2970 vi
3064 2919 3490 2972 tormentorum
3516 2928 3652 2967 men-

2031 3011 2126 3067 tiri
2150 3007 2963 3082 cogente,partieipasseipsis
3003 3007 3062 3060 in
3097 3005 3369 3061 meditati
3405 3000 3652 3059 facinoris

277 3098 466 3154 bando
518 3114 868 3170 cognoscere
927 3105 1214 3171 quantum
1275 3101 1609 3157 auditorum
1665 3103 1915 3174 quisque
1950 3132 1992 3199 C
2030 3101 2386 3199 conscientia
2420 3097 2898 3198 declararunt.Ac
2922 3095 3005 3151 illi
3037 3095 3280 3194 quidem
3297 3092 3512 3149 meritis
3537 3090 3651 3199 sul)-

279 3187 601 3258 proﬁceret,
631 3187 786 3242 datis
813 3187 1011 3255 etiam,
1050 3190 1146 3244 ubi
1182 3207 1273 3245 res
1323 3197 1605 3262 posceret,
1660 3191 1916 3262 praemiis

275 3276 510 3346 ingenio
543 3292 606 3330 ac
632 3276 915 3348 profectui
961 3279 1333 3343 merentium,
1393 3296 1617 3335 necnon
1649 3285 1706 3334 et
1765 3296 1922 3336 more

275 3363 462 3434 patrio
496 3363 668 3419 ferias
701 3364 900 3434 pueris
933 3364 1439 3436 indulgens.Tunc
1463 3366 1643 3437 igitur
1676 3367 1924 3424 inﬂexus

277 3449 621 3521 patriarchae
656 3451 928 3515 precibus
963 3454 1190 3508 remisit
1239 3454 1434 3509 subito
1496 3472 1722 3525 pmnam
1783 3455 1922 3511 olim

287 3540 589 3606 damnato,
620 3543 676 3594 et
707 3543 771 3593 ut
822 3542 1179 3596 monasterio
1237 3543 1584 3598 educeretur
1631 3545 1923 3617 praecepit.

287 3629 461 3682 Porro
503 3628 661 3682 hunc
729 3629 1064 3700 patriarcha
1120 3635 1358 3701 paterno
1421 3633 1552 3688 sinu
1622 3640 1924 3705 exceptum

285 3715 742 3788 quamplurimis
775 3718 966 3788 potuit
993 3721 1207 3776 amoris
1251 3720 1782 3792 significationibus
1832 3725 1929 3778 do-

295 3805 506 3878 nisque
537 3807 837 3873 recreavit,
890 3807 1304 3878 rhetoremque
1319 3810 1639 3881 diplomate
1653 3812 1760 3868 rite
1774 3812 1878 3880 sigi
1891 3813 1928 3867 l-

285 3896 402 3951 lato
435 3895 775 3963 declaravit;
811 3912 876 3951 ac
903 3895 1110 3952 ludum
1144 3897 1417 3954 omnibus
1450 3900 1700 3972 aperuit,
1725 3901 1825 3957 ubi
1857 3901 1929 3956 ab

285 3986 394 4041 hoc
430 3990 781 4058 praeceptore
807 3985 1130 4058 disciplinas
1166 3989 1548 4044 traderentur.

288 4103 373 4156 15.
447 4103 508 4178 U_t
556 4105 797 4178 accusati
829 4103 1226 4178 palatinorum
1278 4104 1506 4176 quidam
1561 4105 1714 4163 laesae
1759 4109 1931 4178 maje-

355 4173 519 4228 statis
570 4175 951 4242 patriarcham
1007 4173 1302 4231 Arsaniam
1347 4179 1407 4232 in
1456 4178 1706 4234 eamdem
1753 4173 1934 4233 aechm

357 4244 807 4300 criminationem
839 4244 1188 4302 involverint.

359 4339 462 4394 Illo
495 4356 665 4410 porro
699 4357 851 4394 anno
893 4342 1115 4397 crimen
1173 4343 1320 4398 lzesze
1378 4361 1550 4400 sacra:
1609 4344 1937 4415 majestatis

291 4427 612 4496 impactum
643 4433 733 4483 est
768 4428 1196 4502 PhrangOpullo
1229 4433 1938 4506 cuidam,quoimperator

2020 3189 2161 3259 jecti
2181 3187 2489 3260 suppliciis
2517 3190 2676 3256 sunt,
2709 3184 3347 3257 unoquoqueipsorum
3381 3198 3480 3254 pro
3509 3177 3652 3236 modo

2027 3278 2211 3350 culpae
2227 3292 2668 3348 congruapcena
2684 3275 2952 3329 multato.
2980 3274 3091 3329 Sed
3127 3274 3324 3329 necde
3351 3267 3654 3344 patriarcha

2027 3367 2356 3439 neglectum
2376 3365 2782 3421 indiciumest.
2803 3363 2955 3428 Quin
2977 3361 3231 3434 arripuit
3257 3363 3473 3418 crimen
3502 3359 3653 3430 impe-

2029 3460 2186 3511 rator
2209 3455 2539 3511 vehementi
2574 3469 2892 3525 erumpens
2908 3453 3129 3519 impetu
3146 3453 3206 3508 in
3225 3449 3660 3524 prosecutionem

2033 3544 2661 3615 ultionis;causamque
2676 3543 2946 3598 ardenter
2957 3543 3025 3596 ad
3046 3541 3338 3614 synodum
3352 3541 3421 3594 de
3434 3536 3557 3593 tulit
3571 3548 3654 3607 pro

2032 3635 2113 3690 rei
2127 3635 2429 3689 atrocitate
2446 3636 2903 3703 conquerens,et
2919 3648 3031 3702 pra:
3051 3645 3111 3686 se
3134 3631 3326 3685 ferens
3347 3627 3653 3697 neutiquam

2033 3725 2438 3794 acquieturum
2489 3721 2771 3792 se,quoad
2789 3725 3017 3774 tantum
3034 3718 3429 3790 scelus,prout
3442 3716 3649 3787 pareret

2036 3813 2452 3868 vindicaretur:
2481 3833 2509 3861 «
2533 3810 2867 3876 Enimvero,
2893 3809 3111 3872 aiebat,
3143 3807 3392 3879 indigna
3432 3803 3652 3860 nimium

2036 3907 2092 3956 et
2120 3900 2358 3956 minime
2382 3899 2617 3954 ferenda
2640 3898 2922 3970 iniquitas
2946 3896 3432 3968 esset,episcopos
3445 3891 3654 3963 quidem

2036 3988 2734 4061 cumipsisnosvidemur
2763 3987 2818 4042 in
2856 3986 3320 4042 ecclesiasticum
3353 3978 3655 4054 aliquodin-

2038 4077 2292 4132 currisse
2306 4076 2755 4143 crimen,statim
2784 4074 3352 4147 pmnamimponere,
3379 4066 3653 4126 meveroin

2039 4167 2328 4222 horrendo
2360 4165 2576 4221 scelere
2607 4170 2809 4221 contra
2823 4165 3002 4220 vitam
3031 4181 3096 4219 ac
3119 4170 3298 4234 caput
3321 4153 3654 4234 imperatoris

2039 4256 2628 4327 deprehenso,tamen
2653 4271 2769 4327 prie
2797 4253 3086 4309 modestia
3111 4252 3400 4324 judicium
3431 4246 3563 4304 tanti
3579 4257 3654 4299 me

2041 4345 2258 4400 doloris
2289 4361 2356 4400 ac
2386 4344 2629 4416 periculi
2661 4360 2764 4415 per
2795 4358 2885 4399 me
2918 4343 3205 4414 attingere
3233 4343 3534 4399 verentem,
3563 4331 3645 4389 sed

2041 4434 2288 4490 obnoxie
2302 4433 2732 4504 confugientem
2749 4433 2817 4487 ad
2837 4429 3089 4486 tribunal
3105 4428 3652 4492 ecclesiasticum,pa-

289 4516 497 4571 intime
527 4516 804 4572 familiari
839 4519 1133 4589 utebatur,
1165 4523 1222 4574 et
1249 4520 1518 4592 aliis,ipsi
1552 4504 1800 4578 consciis
1827 4540 1927 4578 uu-
1960 4504 2006 4568 D
2038 4523 2079 4578 ti
2097 4522 2390 4594 repulsam
2406 4521 3002 4576 autfrustrationibus
3017 4518 3236 4574 eludi.»
3255 4512 3651 4586 Multaquidem

289 4621 448 4661 mero
479 4605 1203 4679 duodecim.Conspirasse
1230 4609 1574 4666 dicebantur
1597 4612 1654 4666 in
1689 4611 1932 4684 impera-

288 4698 498 4760 torem,
529 4711 708 4765 quem
737 4695 914 4751 etiam
965 4697 1292 4754 interﬁcere
1341 4700 1773 4770 quamprimum
1833 4703 1932 4756 de-

288 4788 609 4852 creverant,
643 4784 693 4840 si
722 4801 905 4855 quam
940 4785 1203 4842 invenire
1225 4790 1509 4845 rationem
1563 4793 1932 4847 commodam

291 4879 534 4942 possent
567 4874 647 4929 rei
684 4875 1082 4931 conﬁciendae.
1115 4877 1362 4933 Vocatus
1407 4897 1440 4934 a
1495 4880 1815 4951 conjuratis
1875 4883 1932 4936 in

292 4967 512 5031 partem
545 4968 601 5017 et
632 4964 867 5019 consilii
891 4969 948 5019 et
980 4965 1113 5020 lacti
1148 4968 1338 5022 fuerat
1360 4968 1601 5024 Carolus
1633 4970 1936 5040 quidam,a

291 5066 406 5121 quo
433 5052 793 5108 trucidatum
826 5055 1335 5126 protovestiarium
1367 5058 1729 5114 Muzalonem
1757 5076 1933 5130 supe-

292 5141 415 5195 rius
447 5142 782 5210 docuimus;
814 5158 1017 5198 verum
1043 5143 1091 5198 is
1113 5161 1227 5199 non
1260 5146 1560 5202 sustinens
1591 5147 1936 5204 malefacere

293 5229 441 5287 285
476 5230 817 5302 imperatori
850 5234 1217 5302 cooperando
1241 5235 1382 5289 caedi
1413 5236 1564 5305 ejus,
1596 5241 1779 5291 totam
1815 5254 1935 5308 per-

292 5319 502 5376 niciem
531 5321 811 5377 avertitin
844 5321 1522 5395 capitamachinatorum
1539 5324 1683 5380 tanti
1700 5325 1936 5381 sceleris

290 5425 322 5462 a
353 5409 570 5481 quibus
602 5415 726 5468 erat
754 5413 811 5467 in
857 5411 984 5482 ejus
1042 5413 1516 5469 communionem
1550 5415 1790 5471 ascitus.
1826 5416 1936 5471 Eos

290 5498 441 5554 enim
477 5500 687 5556 detulit
729 5501 784 5556 in
820 5501 875 5556 id
908 5502 1762 5574 atquepatefecit;undesubito
1786 5521 1938 5560 com-

291 5587 565 5657 prehensi
607 5607 813 5650 omnes
844 5595 1004 5649 sunt.
1029 5593 1180 5650 Tum
1221 5591 1349 5650 dira
1377 5594 1697 5666 quaestione
1746 5593 1850 5652 toti
1875 5599 1939 5652 ut

2043 4628 2105 4667 se
2120 4612 2413 4666 hactenus
2438 4611 2637 4681 gravia
2666 4609 2874 4665 tulisse
2898 4614 3111 4664 :tamen
3140 4607 3276 4662 huic
3297 4604 3511 4676 injuria:
3531 4598 3651 4654 tole-

2041 4703 2236 4758 randa“:
2250 4701 2402 4772 impa
2414 4716 2531 4756 rem
2549 4700 2702 4755 ultro
2719 4699 2882 4754 fateri
2899 4714 3068 4753 suam
3083 4713 3216 4752 esse
3231 4693 3571 4767 patientiam;
3605 4690 3652 4738 et

2043 4792 2330 4863 quidquid
2351 4795 2522 4845 antea
2540 4788 3087 4853 dissimulaverit,in
3121 4792 3412 4858 posterum
3431 4779 3650 4854 profecto

2043 4881 2386 4951 neutiquam
2422 4896 2735 4950 passurum
2772 4878 2914 4933 adeo
2931 4875 3290 4947 nihilipendi
3326 4870 3648 4942 majestatem

2044 4969 2413 5040 imperatoria
2427 4972 2585 5037 m,ut
2616 4971 2796 5023 vitam
2823 4971 2881 5021 et
2909 4965 3262 5037 sanguinem
3287 4960 3462 5034 captis
3487 4955 3648 5048 reipu:

2044 5059 2208 5114 blicze
2237 5058 2474 5112 nefariis
2498 5056 2898 5129 perduellibus
2918 5056 3160 5126 prodere
3179 5055 3414 5125 impune
3434 5048 3586 5103 liceat
3604 5054 3642 5095 el

2044 5147 2156 5217 ipsi
2187 5147 2281 5201 cui
2297 5164 2362 5202 ex
2380 5146 2572 5202 ofﬁcio
2588 5147 2964 5218 potissimum
2983 5144 3112 5198 incu
3125 5143 3358 5198 mbebat
3372 5135 3528 5195 saluti
3541 5133 3646 5199 ejus

2045 5237 2480 5308 invigilareﬂis
2500 5243 2615 5291 tarn
2629 5237 2854 5291 acerbis
2869 5229 3108 5305 eipostu
3121 5231 3425 5288 lationibus
3438 5227 3644 5294 impera-

2045 5325 2191 5380 toris
2223 5327 2402 5381 coacti
2431 5325 2627 5380 Patres
2643 5323 2941 5394 negotium
2959 5321 3642 5393 2860apessere,concor-

2023 5415 2226 5483 dibus
2254 5415 2550 5485 sulfragiis
2571 5414 2956 5470 decreverunt
3004 5409 3320 5466 mittendos
3365 5404 3458 5477 qui
3503 5408 3640 5454 reum

2048 5507 2564 5575 interrogarent,et
2579 5504 2699 5559 sive
2715 5505 2991 5558 fateretur
3003 5499 3366 5566 crimen,sive
3380 5493 3643 5567 quantum-

2049 5595 2138 5651 vis
2162 5593 2421 5650 inﬁtians
2453 5592 2681 5650 idoneis
2706 5596 2899 5650 tamen
2926 5590 3158 5647 indiciis
3195 5585 3366 5646 teneri
3393 5579 3516 5640 facti
3529 5588 3640 5632 oon-
