3920 6196
197 250 294 306 733

1240 258 1330 312 DE
1367 257 1737 314 MICUAELE
1773 260 2217 319 PALEOLOGO
2252 267 2386 321 LIB.
2428 268 2524 322 IV.

3476 270 3583 325 734

197 376 405 449 ἐρωτᾷν,
444 374 563 469 ⁸κᾶν
616 378 659 431 εἰ
691 379 1006 469 ὁμολογοίη
1039 378 1075 449 ἢ
1106 381 1205 469 καὶ,
1252 380 1327 469 μὴ
1363 380 1658 455 ὁμολογῶν
1689 379 1816 435 ἆλί-
1848 385 1895 450 Α
1929 402 2038 444 νος.
2101 387 2361 459 Ιῐὲμπτην
2420 390 2513 461 μὲν
2574 392 2696 446 τότε
2731 390 2820 447 καὶ
2859 390 3108 461 εἰκοστὴν
3141 395 3284 469 εἶχεν
3319 393 3346 449 6
3392 396 3582 451 Ἀνθε-

200 486 386 532 σκοιτο,
440 464 735 544 ἐπιφέρειν,
799 470 894 538 τὴν
954 466 1132 539 δίκην,
1167 468 1215 523 εἲ
1246 467 1291 524 δ’
1343 471 1458 536 οὗν,
1490 470 1579 524 καὶ
1612 469 1828 535 ἐσαῦθις

198 556 519 625 σκέπτεσθαι,
576 558 603 611 ὁ
652 556 907 633 βασιλεὺς
966 558 1188 613 αὐτόθεν
1243 558 1401 629 ἠξίου
1432 557 1823 634 σχεδιασθῆναι

195 644 273 698 τὸν
320 651 418 713 τῆς
478 643 707 700 συνόδου
765 647 1092 722 ἀφορισμὸν,
1149 648 1240 703 καὶ
1273 647 1445 703 οὕτως
1490 650 1827 713 ἀπελθόντας

198 734 273 794 οὖς
303 734 356 787 ἂν
408 735 498 788 καὶ
554 737 763 806 τάξοιεν
793 735 1024 812 ἔρεσθαι,
1074 736 1162 791 καὶ
1217 737 1267 792 εἴ
1322 737 1651 814 ὁμολογοίη,
1708 741 1825 795 ἐπες

194 823 429 898 νηνέχθαι
462 825 525 878 τὸ
558 825 862 898 πρόστιμον
896 823 1102 880 δίκαιον
1159 827 1216 880 ὃν
1278 827 1409 902 ὑπὲρ
1446 827 1715 901 βασιλέως
1745 834 1824 901 τῷ

193 913 308 966 κατὰ
364 912 637 987 βασιλέως
666 921 784 977 τοῖς
834 914 1253 988 ἐπιθησομὲνοις
1288 919 1713 992 συμπράττοντι,
1776 918 1817 972 εἰ

193 1000 231 1055 δ’
280 1002 383 1067 οὖν,
414 1002 504 1056 καὶ
542 1005 617 1076 μή
654 1002 1089 1079 ὁμολογοῦντος,
1120 1005 1210 1059 τὸν
1245 1003 1443 1079 δεσμὸν
1490 1012 1697 1070 κεῖσθαι
1730 1008 1819 1062 καὶ

191 1090 564 1165 ἐπυαρτᾶσθαί
594 1094 648 1147 οἱ
678 1096 815 1167 πρὸς
848 1094 876 1148 6'
926 1115 979 1148 τι
1038 1094 1129 1148 καὶ
1186 1092 1400 1150 σύνοιδε
1431 1096 1556 1169 περὶ
1586 1095 1816 1168 τούτων,

189 1182 305 1235 dim
356 1180 639 1256 ἐνέχεσθαι
692 1183 811 1255 μὲν,
864 1182 913 1237 εἷ’
943 1182 1082 1247 τὲως
1132 1182 1415 1239 ἁλίσκοιτο
1471 1191 1814 1261 κακουργῶν,

187 1268 227 1325 ei
252 1268 294 1324 δ’
321 1269 429 1339 οὖν,
464 1270 754 1347 ἐλεύθερον
788 1274 919 1327 εἶναι
948 1278 1045 1327 τοῦ
1079 1274 1277 1349 βάρους
1326 1276 1401 1337 ὡς
1450 1272 1649 1338 ἀδίκως
1701 1274 1815 1329 δια-

185 1355 529 1432 εαλλόμενον.
558 1366 741 1415 Ταῦτα
788 1366 885 1417 τοῦ
943 1361 1215 1437 βασιλέως
1267 1366 1816 1438 προσαπαιτήσαντος

184 1447 258 1502 καὶ
285 1450 318 1517 ἡ
342 1453 449 1503 τῶν
481 1449 791 1527 ἀρχιερέων
819 1448 1037 1522 πληθὺς
1070 1455 1473 1528 συγκατένευον.

190 1604 257 1664 ις’.
282 1605 465 1667 Ὀπως
496 1605 528 1695 6
554 1605 892 1695 συγγραφεὺς
923 1606 1015 1659 σὺν
1170 1608 1628 1697 ἀρχιερεῦσινοξίς
1670 1607 1809 1663 ἐκεῖ·

334 1697 419 1730 νον
460 1676 787 1749 πέμπεται,’
807 1680 896 1732 καὶ
938 1678 1059 1755 περὶ
1088 1676 1165 1733 ὧν
1199 1676 1384 1742 αὐτοῖς
1409 1676 1630 1750 συνέϐη.

244 1808 333 1865 Καὶ
390 1808 456 1878 δή
524 1810 870 1886 σχεδιάζεται
936 1814 1029 1885 μὲν
1082 1814 1144 1867 τὸ
1200 1820 1300 1882 τῆς
1366 1811 1523 1883 δίκης
1552 1814 1805 1887 γράμμα,

182 1894 469 1970 ἐκλέγονται
514 1898 577 1955 δὲ
604 1902 707 1969 τήν
764 1901 1026 1977 ταχίστην
1059 1901 1117 1957 ἐκ
1150 1902 1244 1975 μὶν
1274 1906 1418 1979 σφῶν
1461 1902 1636 1957 αὐτῶν
1690 1900 1807 1970 δύο,

183 1986 729 2064 ὂτεΝεοκαισαρείας
764 1992 1329 2062 Μονοκωνστάντινος,
1382 1989 1541 2068 φίλος
1600 1989 1671 2044 ὥν
1721 1993 1811 2045 καὶ

184 2074 369 2146 μᾶλλον
420 2078 643 2150 ἐκείνῳ..
703 2080 789 2133 καὶ
847 2082 875 2134 ὁ
934 2082 1269 2151 Μωκησσοῦ,
1316 2078 1660 2155 προεδρεύων
1689 2079 1809 2133 τότε

178 2170 258 2230 τῆς
299 2168 634 2239 Ἐκκλησίας
678 2172 1084 2244 Ηροικοννήσου
1114 2169 1443 2245 κατὰλόγον
1495 2167 1806 2237 ἐπιδόσεως,

177 2257 224 2310 ἐκ
247 2254 297 2311 δὲ
321 2279 379 2333 γε
405 2264 520 2313 τῶν
578 2259 860 2332 κληρικῶν
901 2261 928 2313 ὁ
956 2262 1018 2315 τὸ
1047 2259 1303 2331 τηνικάδε
1335 2259 1421 2315 ἐπὶ
1467 2265 1572 2315 τῶν
1635 2260 1810 2334 οεκρέ-

176 2369 261 2402 των
290 2347 562 2423 Γαληνὸς,
613 2352 699 2405 καὶ
737 2352 830 2406 σὺν
858 2350 1042 2414 αὐτοῖς
1074 2352 1179 2428 ἐγὼ
1237 2350 1514 2429 τέταρτος,
1570 2349 1660 2427 βίᾳ
1713 2352 1805 2423 μὲν

176 2441 512 2515 συνυπαχθεές
575 2440 667 2495 καὶ
721 2439 964 2496 κελεύσει
1042 2440 1302 2516 βασιλικῇ
1338 2488 1351 2512 ,
1404 2442 1543 2505 τὲως
1618 2438 1665 2494 δ’
1724 2440 1807 2494 ὅτι

178 2530 281 2597 παρ’
334 2530 543 2585 ἐκεῖνον
605 2529 848 2605 ἱκοίμην,
876 2529 1057 2586 καὶτὸ
1091 2532 1256 2605 μέρος
1314 2528 1807 2605 προσαποδεχόμε·

181 2752 395 2809 scientia
410 2754 1169 2826 convinceretur,continuo
1183 2754 1491 2811 aﬁceretur
1506 2755 1652 2811 cond
1664 2754 1811 2826 ignis

185 2844 365 2911 poenis:
417 2845 465 2897 si
481 2860 631 2898 vero
645 2860 749 2899 nec
766 2845 997 2915 propria
1020 2846 1385 2901 confessione
1402 2862 1504 2900 nec
1518 2845 1811 2900 sufﬁcien-

183 2932 392 2987 tibusad
413 2932 654 3004 plenam
677 2933 1075 3004 probationem
1095 2936 1459 3006 argumentis
1480 2952 1611 2989 reus
1626 2935 1805 2990 scele-

177 3019 241 3073 ris
260 3021 425 3075 delati
461 3022 669 3094 peragi
706 3028 922 3094 posset,
975 3023 1430 3079 deliberaturum
1492 3024 1701 3079 iterum
1734 3025 1804 3079 de

174 3124 323 3164 causa
352 3113 674 3182 synodum.
702 3113 815 3167 lloc
831 3113 975 3168 satis
998 3113 1332 3185 imperaturi
1359 3130 1471 3169 non
1496 3121 1586 3169 est
1606 3114 1798 3169 visum

1937 475 2197 545 στηριὼν,
2255 477 2343 531 καὶ
2398 480 2561 551 ἡμεῖς
2592 488 2689 550 τῆς
2719 482 2850 551 νηὸς
2902 480 3203 549 ἐπιϐάντες,
3266 481 3413 537 δυσὶν
3446 485 3579 557 ἡμὲ-

1932 582 2051 636 ραις
2106 562 2323 640 ὕστερον
2384 572 2757 644 προσσχόντες
2816 575 2883 645 τῇ
2932 574 3083 645 νήσῳ
3128 576 3206 643 τῷ
3257 573 3573 649 πατριάρχῂ

1931 651 2337 728 ἐμφανιζόμεθα
2375 699 2388 723 ,
2451 658 2541 712 καὶ
2617 660 2741 735 περὶ
2809 666 2915 715 τῶν
3003 662 3378 736 προκειμένων
3439 663 3574 737 πρὸς

1930 741 2131 796 ἐκεῖνον
2163 743 2402 818 γίνονται
2435 744 2615 822 λόγοι.
2676 751 2733 802 Ὁ
2766 747 2821 804 δὶ
2868 751 3117 826 ἠγρίαινέ
3161 773 3219 805 τε
3271 752 3575 824 παραυτίκα

1935 829 2073 903 μηδὲ
2124 833 2223 901 τὴν
2284 834 2460 909 ἀρχήν
2496 835 2744 912 ἐνεγκὼν,
2789 840 2877 893 καὶ
2914 864 2939 889 ‹‹
2996 839 3056 892 Τί
3098 862 3188 913 μοι
3241 840 3401 894 κακὸν
3437 840 3571 913 πρὸς

1930 922 2019 975 τὸν
2080 921 2306 988 βασιλέα
2340 926 2663 1000 πέπρακται,
2696 931 2775 1000 [Ρ.
2814 931 2934 1000 194]
3000 931 3113 1001 μετ’
3163 927 3360 999 ὄδῦνης
3406 927 3571 983 πλεί-

1929 1031 2059 1078 στης
2092 1011 2179 1065 καὶ
2214 1021 2455 1087 συνοχῆς
2505 1014 2707 1091 ἔλεγεν,
2742 1042 2769 1067 ‹‹
2808 1017 2850 1071 εἰ
2885 1018 3046 1072 αὐτὸν
3104 1018 3197 1090 μὲν
3259 1017 3362 1091 ἐγὼ
3418 1014 3571 1071 ἴδιώ-

1925 1120 2023 1169 την
2083 1096 2209 1154 ὄντα
2256 1108 2352 1170 τῆς
2413 1104 2693 1177 βασιλείας
2752 1103 2991 1175 ἐπέϐησα
3026 1150 3039 1176 ,
3110 1106 3206 1178 ἐμὲ
3272 1104 3317 1159 δ’
3370 1104 3571 1166 ἐκεῖνος

1926 1192 2270 1265 πατριάρχην
2324 1193 2490 1267 εὑρὼν
2552 1193 2612 1247 οὐ
2661 1194 2855 1257 καλαῖς
2921 1195 3118 1256 αἰτίαις
3148 1193 3427 1266 ἠτίμωσις
3483 1193 3571 1247 καὶ

1923 1283 2015 1333 νῦν
2072 1301 2130 1353 γε
2186 1281 2428 1353 κάθημαι
2490 1282 2571 1337 ἐπ’
2639 1283 2939 1359 ἀκρωρείας
2997 1283 3255 1353 ταυτησὶν
3315 1281 3440 1335 ὡσεί
3492 1303 3573 1343 τις

1925 1367 2190 1441 ἀτίμητος
2270 1373 2605 1443 μετανάστης
2641 1418 2653 1439 ,
2736 1375 2827 1427 τὸν
2885 1374 3031 1447 παρᾶ
3077 1378 3183 1427 τῶν
3243 1374 3572 1445 Χριστιανῶν

1994 1460 2039 1511 θ’
2096 1460 2118 1513 ἒ
2173 1458 2182 1475 ν
2296 1483 2307 1496 ι
2387 1460 2400 1477 θ
2455 1459 2543 1516 ηδ
2579 1482 2595 1494 λ
2636 1463 2647 1481 ρ
2882 1459 2905 1483 ›ι
3116 1464 3135 1480 ει
3462 1461 3473 1477 ς

1922 1479 1990 1512 κα
2122 1480 2321 1530 καστηι
2384 1481 2511 1515 επεκ
2551 1482 2819 1537 ελομενος
2880 1462 3054 1519 ελεον.
3138 1468 3307 1535 Ομως
3340 1458 3577 1514 καλατᾶ

1923 1542 2221 1621 συμϐάντα,
2255 1547 2397 1604 καλᾶ
2425 1556 2613 1623 ταῦτα,
2647 1552 2736 1606 καὶ
2770 1553 2797 1607 ὁ
2858 1551 3211 1629 πατριάρχης
3267 1551 3433 1605 αὐτοῦ
3491 1548 3576 1601 εὐ-

1922 1636 2153 1717 λογείτω
2214 1637 2305 1692 σὺν
2359 1643 2426 1714 τῇ
2498 1639 2740 1717 Εὐλογίᾳ
2796 1642 3028 1713 τᾶκείνῳ
3086 1639 3438 1714 πραττόμενα
3473 1681 3485 1693 .
3548 1660 3574 1687 ››

1844 1756 1888 1821 Β
1919 1714 2161 1821 ἶΕδήλου
2220 1726 2267 1783 δ’
2315 1730 2341 1783 6
2375 1726 2544 1805 λόγος
2574 1714 2673 1800 τὴν
2707 1728 3048 1809 αὐταδὲλιρην
3079 1750 3176 1784 τσυ
3214 1726 3504 1821 βασιλέως,

1919 1814 1985 1893 δὴ
2040 1818 2222 1880 κακῶς
2277 1819 2417 1893 εἶχεν
2480 1819 2682 1882 ἰκεῖνος
2743 1821 2817 1883 ὡς
2867 1821 2933 1874 τὰ
2992 1820 3125 1874 κατὰ
3207 1823 3304 1873 τοῦ
3380 1814 3572 1877 παιδὸς

1918 1890 2176 1963 Ἰωάννου
2238 1890 2693 1985 συμϐουλευσάσῃ
2752 1915 2830 1982 τῷ
2892 1910 3140 1986 βασιλεῖ.
3200 1910 3287 1969 Ὣς
3348 1905 3391 1962 δ’
3447 1906 3571 1961 ἆνε-

1921 1994 2185 2049 πτύσσετο
2260 1997 2348 2050 καὶ
2433 1998 2495 2051 τὸ
2579 1999 2809 2074 γράμμα
2896 1995 3565 2072 ὑπαναγνωσθησὸμενον,

1922 2082 2121 2144 ἐκεῖνος
2175 2083 2334 2157 γνοὺς
2386 2079 2610 2148 ἔκποθεν
2668 2087 2729 2141 τὸ
2762 2087 2873 2140 ἐκεῖ
2901 2080 3265 2163 ἐμφερόμενον
3299 2083 3469 2144 ποκὺς
3500 2085 3566 2151 ἦν

1920 2167 2241 2226 ἀντιϐαίνων
2294 2174 2383 2227 καὶ
2441 2174 2709 2229 ἀνεισπῶν
2781 2176 2856 2243 μή
2929 2173 3141 2229 ἀκούειν
3204 2172 3352 2234 ὅλως
3388 2219 3401 2239 ,
3475 2172 3561 2226 καὶ

1920 2264 2340 2337 προσαπεχώρει
2398 2262 2611 2339 ταχέως
2690 2264 3275 2338 ὑπαναγινωσκομὲνου
3352 2262 3426 2324 ὡς
3486 2262 3559 2333 μή

1920 2352 2184 2406 ἀκούσειε.
2258 2351 2524 2407 Κάκείνων
2585 2348 3206 2426 ἐπικαταλαμϐανόντων
3264 2348 3561 2423 ἀποδιδρά-

1919 2461 2109 2495 σκοντα
2162 2441 2306 2514 παρὰ
2379 2443 2441 2496 τὸ
2517 2444 2751 2511 καθῆκον
2810 2440 3159 2515 κινουμένοις
3226 2441 3315 2496 καὶ
3370 2439 3563 2516 ταχέσι

1916 2530 2097 2603 ποσὶν,
2154 2526 2345 2586 ἐπὲὗυε
2399 2531 2467 2586 τὰ
2522 2533 2637 2587 ὦτα
2681 2537 2798 2593 τοῖς
2855 2532 3304 2607 παρηρτημὲνοις
3332 2535 3430 2600 τῆς
3459 2549 3557 2583 κα-

1920 2752 2256 2810 solventem:
2291 2755 2471 2810 biduo
2504 2759 2634 2826 post
2664 2755 2734 2810 ad
2770 2754 3027 2812 insulam
3061 2754 3290 2827 appulsi
3326 2754 3568 2827 patriar-

1918 2842 2089 2898 cham
2121 2844 2391 2909 adiimus,
2428 2849 2485 2899 et
2517 2843 2663 2901 287
2702 2861 2953 2915 quorum
2997 2862 3178 2900 causa
3224 2844 3562 2900 venerimus

1917 2948 2087 3002 agere
2117 2950 2252 2988 cum
2284 2951 2349 2987 eo
2382 2934 2688 3003 cmpimus.
2716 2935 2793 2987 Ad
2822 2934 3072 3005 primam
3098 2932 3179 2987 rei
3209 2932 3560 2988 mentionem

1916 3020 2014 3075 ille
2034 3021 2410 3077 vehementer
2424 3022 2799 3077 exacerbatus
2822 3039 2892 3077 ne
2912 3023 3117 3077 audire
3143 3020 3379 3092 quidem
3405 3021 3561 3077 ulte-

1912 3110 2036 3165 rius
2068 3111 2373 3177 sustinuit,
2407 3111 2506 3165 eed
2532 3128 2664 3165 cum
2692 3110 3190 3166 imuiensodolore
3208 3115 3265 3165 et
3288 3110 3559 3183 angustia

173 3199 257 3251 sed
289 3200 447 3270 petiit
472 3201 610 3270 jam
655 3218 809 3255 nunc
861 3202 1127 3257 absolute
1183 3202 1803 3257 excommunicationis
1836 3203 1879 3269 C
1916 3200 1970 3253 in
1994 3198 2096 3254 has
2124 3198 2867 3271 querimoniasprorupitzu
2889 3199 3034 3265 Quid
3060 3198 3561 3270 imperatorimale

174 3288 500 3344 sententiam
521 3288 580 3343 in
597 3290 907 3345 Arsenium
933 3293 1196 3362 asynodo
1212 3291 1319 3347 rite
1346 3292 1475 3347 ferri
1494 3310 1589 3347 reo
1613 3308 1805 3347 coram

175 3375 544 3432 intimandum
572 3393 606 3433 a
630 3378 935 3434 mittendis
955 3380 1259 3451 adipsum;
1284 3398 1348 3435 ac
1370 3382 1415 3434 si
1445 3381 1681 3451 quidem
1707 3382 1804 3437 ille

170 3463 421 3521 fateretur
481 3466 706 3535 scelus,
740 3467 1098 3539 supplicium
1141 3470 1190 3523 ei
1226 3470 1420 3524 statim
1467 3469 1801 3535 inferretur,

171 3556 301 3622 quod
333 3556 450 3627 pati
484 3573 727 3629 aequum
750 3562 840 3612 est
860 3558 961 3628 qui
994 3558 1222 3613 sicariis
1247 3558 1553 3629 parricidis
1584 3560 1799 3614 caedem

170 3642 521 3715 imperatoris
541 3646 862 3701 machinari
892 3648 1051 3703 ausis
1073 3649 1392 3704 assenserit
1408 3650 1798 3716 conscius;sin

171 3730 210 3785 is
231 3743 478 3805 negaret,
516 3740 717 3790 tamen
752 3742 814 3790 ut
837 3754 905 3791 ex
936 3735 1228 3793 delatione
1258 3739 1328 3792 de
1347 3738 1472 3809 ipso
1495 3756 1527 3793 a
1549 3738 1802 3794 consciis

174 3823 447 3881 morituris
462 3824 624 3880 clare
639 3825 789 3879 facta
804 3824 934 3895 plus
950 3825 1128 3881 nimio
1144 3832 1449 3898 suspectus
1464 3844 1803 3883 excommu-

172 3912 424 3969 nicationi
455 3915 818 3984 subjaceret,
852 3916 1041 3986 quoad
1068 3922 1169 3970 aut
1187 3916 1353 3987 plene
1377 3918 1678 3972 convictus
1702 3935 1797 3988 pu-

172 4000 392 4069 niretur,
407 4021 483 4058 au
496 4010 521 4057 t
552 4003 602 4058 si
620 4006 765 4058 forte
786 4005 1156 4075 contingeret
1170 4004 1529 4061 sufficienter
1543 4023 1615 4077 pu
1628 4007 1775 4077 rgari
1788 4048 1801 4073 ,

170 4106 297 4145 noxa
322 4093 482 4148 omni
516 4091 866 4148 liberaretur
896 4098 1175 4165 tanquam
1211 4095 1426 4163 injuste
1442 4094 1800 4150 calumniam

172 4194 375 4247 passus.
415 4183 560 4237 Eam
600 4181 934 4253 petitionem
967 4183 1332 4254 imperatoris
1373 4184 1567 4239 Patres
1597 4184 1803 4255 synodi

171 4268 403 4341 plerique
461 4270 737 4327 arbitrati
792 4288 1044 4343 aequam,
1103 4278 1168 4327 ut
1227 4273 1307 4328 ita
1366 4272 1532 4329 ﬁeret
1580 4290 1803 4328 annue-

176 4364 315 4414 runt.

170 4515 223 4571 l6
271 4522 328 4595 Ut
355 4526 548 4577 auctor
600 4520 769 4591 hujus
818 4520 1059 4577 historia:
1109 4539 1220 4578 una
1266 4539 1391 4595 cum
1438 4525 1701 4595 episcopis
1731 4526 1801 4581 ad

288 4594 577 4649 Arsaniam
608 4596 810 4648 missus
854 4596 945 4661 sit,
986 4600 1039 4648 et
1068 4594 1200 4667 quid
1241 4594 1310 4649 iis
1339 4594 1655 4665 contigerit.

226 4722 603 4793 Perscriptum
628 4720 810 4791 igitur
833 4721 1104 4776 festinato
1128 4722 1554 4778 criminationis
1577 4722 1795 4779 instru-

165 4814 400 4865 mentum
420 4815 533 4877 est,
560 4808 797 4864 etelecti
815 4810 1078 4865 celeriter
1093 4812 1191 4881 qui
1212 4828 1374 4865 reum
1402 4813 1796 4880 convenirent,

164 4898 453 4951 ePatribus
468 4896 713 4970 quidem
740 4897 878 4966 duo,
906 4896 1063 4967 prior
1085 4897 1395 4968 episcopus
1416 4902 1796 4953 Neocasarem

166 4979 754 5051 Monoconstantinus,
787 4986 1038 5040 multum
1076 4988 1303 5041 amicus
1351 4988 1616 5053 Arsenio,
1650 4987 1796 5042 alter

166 5069 533 5144 Mocessenus,
551 5082 696 5130 tunc
710 5073 967 5129 ecclesiae
983 5075 1198 5129 Procon
1211 5076 1332 5129 nesi
1357 5076 1627 5147 specialis
1653 5093 1758 5130 con
1774 5109 1793 5117 -

171 5162 427 5220 cessionis
480 5163 785 5237 privilegio
820 5164 1160 5235 prmeidens,
1191 5181 1221 5218 e
1252 5163 1477 5219 clericis
1516 5181 1668 5228 vero,
1702 5166 1791 5220 cui

166 5256 283 5307 tunc
312 5263 533 5311 secreta
566 5252 889 5309 commissa
919 5258 1108 5322 erant,
1138 5252 1412 5322 Galenus,
1446 5260 1502 5309 et
1533 5271 1663 5307 cum
1699 5254 1792 5310 his

165 5354 253 5408 ego
272 5349 535 5412 quartus,
563 5345 617 5397 vi
642 5342 878 5410 quidem
902 5341 961 5396 in
987 5342 1041 5395 id
1069 5342 1309 5397 adactus
1331 5342 1791 5413 utiquejubente

158 5424 705 5500 imperatore,tamen
732 5431 884 5501 quod
918 5430 1080 5485 illum
1101 5431 1192 5485 cui
1218 5433 1527 5485 studebam
1548 5449 1787 5503 quomo-

163 5517 717 5591 docunquerevisum
738 5520 903 5588 irem,
922 5536 989 5574 ex
1007 5525 1167 5589 parte
1192 5518 1786 5589 perlibenter.Quinta

158 5609 208 5661 et
234 5607 501 5666 vicesima
525 5609 621 5665 die
651 5607 794 5664 Julii
830 5608 1043 5666 mensis
1080 5624 1284 5664 navem
1335 5609 1786 5668 conscendimus

1917 3288 2053 3343 feci?
2083 3306 2187 3361 ego
2219 3289 2415 3361 ipsum
2438 3306 2506 3345 ex
2529 3290 2751 3361 privato
2774 3290 2830 3344 in
2856 3290 3086 3361 imperii
3119 3288 3334 3344 solium
3358 3288 3558 3357 extuli;

1916 3376 2011 3432 ille
2043 3394 2174 3433 vero
2210 3393 2298 3431 me
2331 3394 2465 3432 cum
2501 3377 2891 3449 patriarcham
2918 3376 3363 3448 reperissetnon
3389 3377 3561 3432 hone-

1916 3464 2022 3520 stis
2054 3482 2121 3520 ex
2142 3466 2337 3521 causis
2368 3465 2586 3521 honore
2619 3465 2883 3536 privavit.
2916 3466 2984 3521 Et
3029 3482 3186 3521 nunc
3217 3464 3454 3521 desideo
3500 3466 3557 3519 in

1915 3557 2192 3628 hocjugo
2219 3558 2433 3613 deserti
2468 3558 2701 3623 montis,
2754 3558 2853 3612 ubi
2897 3557 3057 3612 velut
3106 3556 3341 3612 infamis
3397 3555 3556 3610 exsul

1913 3648 2384 3703 Christianorum
2442 3649 2701 3719 quotidie
2758 3648 3224 3704 misericordiam
3268 3657 3554 3718 exspecto.

1913 3740 2128 3792 Tamen
2189 3738 2333 3792 bene
2393 3737 2610 3793 habent
2668 3755 2799 3808 quae
2856 3738 3250 3810 contigerunt;
3308 3735 3557 3808 pulchra

1915 3825 2349 3896 haec,inquam,
2385 3841 2484 3896 per
2530 3843 2619 3880 me
2667 3830 2880 3881 sunto:
2935 3841 3080 3881 suus
3130 3824 3179 3880 ei
3230 3824 3558 3895 patriarcha

1914 3917 2059 3970 bene
2089 3921 2377 3985 precetur,
2402 3920 2607 3969 etcum
2634 3915 3035 3971 benedictione
3065 3914 3404 3986 comprobet
3426 3930 3557 3983 quae

1916 4004 1988 4060 ab
2020 4003 2118 4058 illo
2144 4005 2309 4058 fiunt.
2332 4027 2359 4051 υ
2380 4004 2441 4059 In
2470 4004 2558 4059 his
2582 4005 2777 4060 Graeco
2800 4003 3219 4059 benedictionis
3248 4002 3553 4070 vocabulo,

1913 4094 2067 4166 quod
2086 4094 2278 4164 ipsum
2314 4110 2523 4147 nomen
2547 4093 2934 4164 eratEulogiaa
2954 4091 3556 4162 sororisimperatoris

1912 4183 2014 4237 illa
2046 4183 2175 4253 ipsa
2220 4181 2431 4237 mulier
2479 4182 2915 4253 designabatur,
2948 4181 3048 4237 cui
3101 4186 3225 4236 erat
3277 4180 3555 4237 Arsenius

1911 4271 2279 4344 peculiariter
2311 4272 2599 4341 infensus,
2654 4272 2809 4341 quod
2860 4271 3044 4341 ipsam
3097 4271 3349 4326 maxime
3380 4270 3557 4325 sciret

1911 4362 2093 4418 fuisse
2145 4361 2310 4416 fratri
2361 4364 2655 4416 auctorem
2708 4376 2910 4416 eorum
2970 4376 3099 4431 qua:
3129 4360 3443 4416 crudeliter
3500 4363 3558 4414 et

1911 4452 2089 4523 impie
2120 4450 2177 4505 in
2211 4467 2460 4521 puerum
2490 4452 2778 4505 Joannem
2803 4453 3209 4505 attentaverat.
3246 4448 3318 4505 Ut
3357 4452 3552 4503 autem

1909 4541 2201 4613 explicata
2233 4541 2435 4595 litterae
2464 4544 2603 4595 sunt
2628 4538 2783 4594 velut
2816 4555 2949 4593 mox
2981 4538 3089 4609 ipsi
3124 4537 3401 4609 legendae,
3444 4540 3555 4591 Ar-

1911 4632 2114 4685 senius
2147 4648 2275 4685 cum
2304 4630 2575 4685 alicunde
2611 4629 3015 4700 prrescnsisset
3046 4628 3184 4699 quid
3213 4629 3271 4683 in
3296 4628 3366 4683 iis
3398 4632 3553 4681 esset

1910 4722 2216 4791 scriptum,
2250 4720 2576 4777 vehementi
2612 4720 2740 4775 nisu
2776 4735 2903 4773 sese
2934 4723 3321 4789 contorquens
3363 4732 3430 4772 ac
3463 4732 3550 4771 re-

1908 4809 2146 4864 trahens
2178 4809 2537 4863 auditionem
2572 4813 2876 4863 aversatus
2907 4807 3146 4863 omnino
3174 4811 3294 4877 est;
3328 4811 3385 4861 et
3415 4822 3550 4861 cum

1907 4898 2019 4970 legi
2051 4897 2437 4954 nihilominus
2471 4905 2725 4970 emptum
2759 4902 2912 4953 esset
2942 4897 3248 4953 celerrime
3287 4895 3548 4965 recessit,

1907 5003 1977 5040 ne
2008 4985 2257 5041 audiret.
2288 4987 2398 5040 Sed
2432 4986 2531 5057 qui
2564 4988 2808 5042 aderant
2839 5002 3009 5042 cursu
3042 4986 3291 5040 insecuti
3325 4986 3551 5055 fugien-

1907 5075 2139 5142 tcn’.,vix
2176 5076 2403 5128 tandem
2438 5075 2925 5147 comprehensum
2952 5076 3242 5146 (currebat
3271 5076 3427 5129 enim
3452 5090 3551 5128 ve-

1908 5164 2092 5218 locius
2125 5180 2303 5234 quam
2337 5164 2407 5217 ab
2442 5164 2540 5218 illa
2570 5169 2737 5219 aetate
2769 5165 3170 5234 gravitateque
3223 5162 3548 5235 exspectari

1904 5254 2214 5324 potuisset)
2240 5258 2601 5308 retraxerunt
2626 5253 3050 5309 invitissimum
3079 5255 3148 5308 ad
3168 5251 3551 5307 auscultanda

1901 5360 2028 5414 quas
2060 5360 2127 5398 ex
2158 5345 2372 5414 scripto
2425 5342 2579 5397 clara
2626 5359 2761 5397 voce
2821 5343 3282 5414 proferebantur.
3333 5343 3402 5393 At
3450 5338 3548 5390 ille

1903 5432 2330 5503 appendicibus
2358 5432 2536 5503 galeri
2569 5434 2635 5485 ad
2666 5449 2837 5486 aures
2868 5433 3071 5486 ambas
3096 5436 3341 5498 utraque
3370 5441 3543 5479 manu

1899 5521 2089 5576 valide
2103 5523 2399 5592 appressis
2418 5537 2627 5574 sonum
2646 5519 2911 5575 lectionis
2928 5521 3137 5573 frustra
3160 5514 3543 5588 pronuntiata:

1899 5626 2014 5668 non
2046 5610 2287 5682 accepit.
2311 5609 2567 5681 Denique
2579 5610 2994 5680 gravissimum
3010 5606 3344 5678 signiﬁcans
3361 5602 3542 5660 animi
