4018 6198
277 233 387 289 735
1585 227 1886 288 GEORGII
1924 231 2387 286 PACHYMERE
3570 227 3665 285 736

281 357 454 430 λῦπτρ
465 377 526 417 ας
583 350 905 425 ἑκατέρωθεν
954 351 1061 403 τῶν

279 443 486 502 ἐπαΐειν
571 439 1079 515 ἀναγινωσκομένου
1161 444 1258 494 τοῦ
1346 442 1694 516 γράμματος.
1767 441 1935 502 Τέλος

281 532 625 602 δυσθυμήσας
674 529 902 604 οὐρανόν
963 549 1019 583 τε
1049 528 1138 584 καὶ
1197 529 1300 604 γῆν
1346 530 1749 606 ἐπεμαρτύρετο
1781 531 1935 604 μεγί-

278 643 380 696 σρῃ
414 621 568 695 φωνῇ
623 619 695 671 ὧν
727 615 793 687 δὴ
849 618 937 673 καὶ
969 619 1196 693 πάσχοι,
1241 619 1331 674 καὶ
1369 619 1444 692 μὴ
1473 621 1638 692 μό-ον
1673 623 1756 681 οἷς
1789 620 1935 674 εἶπον

281 711 331 763 οἱ
362 705 708 766 κατειπόντες
740 708 896 779 ἠξίου
929 708 1242 782 προσέχειν,
1287 707 1432 763 ἀλλὰ
1488 707 1576 762 καὶ
1635 709 1936 778 ἀντήκουον

281 798 340 854 ἂν
374 798 498 872 παρ’
529 796 693 851 αὐτοῦ
727 795 875 870 εἶ’περ
936 798 1186 874 ἀνέφερον
1245 795 1390 860 ὅλως
1450 798 1748 872 προσηξίου
1807 819 1936 852 σκο-

281 892 420 958 πεῖν,
477 886 523 941 εῗ
587 887 662 959 μὴ
699 886 990 960 ἐπείχοντο
1031 883 1328 962 έμϐριθῶς,
1365 887 1409 941 εἷ
1445 887 1521 960 μὴ
1553 889 1641 942 καὶ
1678 885 1936 964 μεγάλως

279 975 613 1046 ’ἦπειλοῦντο
695 975 1020 1044 κολάζεσθαι
1096 977 1234 1052 πρὸς
1315 981 1468 1048 Θεοῦ,
1529 977 1932 1052 ἐπιχειροῦντες

279 1067 449 1128 ὅλως.
509 1065 610 1122 Καί
644 1065 718 1126 ὡς
751 1087 774 1119 α
813 1063 1002 1127 Καλῶς
1036 1063 1118 1138 ἂν,
1153 1090 1179 1115 ››
1208 1063 1412 1140 ἔλεγεν,
1444 1090 1472 1117 ‹‹
1507 1065 1934 1142 ἠρχιερατεῦσα-

286 1178 404 1230 μεν,
465 1155 627 1228 φόνον
687 1159 766 1227 τῷ
828 1155 1044 1230 βασιλεῖ
1099 1154 1544 1232 συνυφαίνοντος,
1579 1157 1629 1210 οἳ
1663 1154 1729 1225 δὴ
1761 1155 1850 1210 καί
1882 1155 1935 1211 ἐν

283 1245 510 1320 ἐσχατιᾷ
565 1241 732 1316 ταύτῃ
784 1243 1247 1319 παραρριφθέντες
1307 1245 1433 1300 Θεὸν
1490 1244 1564 1306 είς
1595 1242 1762 1299 καλὸν
1797 1243 1936 1299 ἐπει-

283 1333 491 1409 λῆφθαι
547 1334 645 1400 τῆς
707 1329 914 1386 ἐκείνου
964 1335 1151 1407 ψυχῆς
1208 1333 1544 1406 ἱκετεύομεν,
1587 1331 1682 1387 κᾶν
1732 1333 1933 1391 ἐκεῖνος

284 1421 439 1495 λιμῷ
494 1422 582 1477 καὶ
642 1418 786 1494 δίψει
846 1421 925 1476 ἐπ’
986 1422 1216 1497 ἐρημίας
1275 1422 1350 1484 ὡς
1399 1421 1724 1484 καταδίκους
1759 1421 1930 1477 ἀπόλ-

286 1510 431 1567 λυσι.
498 1533 526 1561 ››
576 1512 758 1566 Ταῦτα
789 1510 878 1566 καὶ
935 1513 1139 1565 τοιαῦθ’
1171 1509 1324 1586 ἔτερα
1355 1510 1406 1565 ἐν
1441 1510 1600 1587 ὀδύνῃ
1630 1515 1817 1588 ψυχῆς
1843 1512 1932 1567 καὶ

285 1601 477 1673 πικρίᾳ
527 1599 836 1676 ἐξενεγκὼν,
890 1600 958 1655 τὰ
1018 1602 1110 1673 μὲν
1171 1600 1318 1673 αὖτῷ
1373 1599 1608 1676 βασιλεῖ,
1664 1604 1730 1656 τὰ
1759 1600 1814 1657 δὲ
1842 1602 1931 1657 καὶ

283 1694 362 1761 τῷ
423 1688 474 1749 ἐς
528 1690 621 1743 τὸν
683 1690 871 1762 θρόνον
931 1689 1249 1744 καταστάντι
1309 1688 1735 1764 προσενειδίσας,
1777 1693 1930 1762 ἢκαί
1969 1731 2009 1794 Β

290 1777 304 1794 .
553 1777 563 1794 .
836 1778 927 1794 .-η
1095 1779 1108 1794 .
1168 1779 1178 1794 .
1477 1782 1542 1794 .--
1619 1786 1642 1794 -
1733 1777 1774 1794 μ.
1917 1782 1929 1794 .

287 1777 731 1851 ἐποικτισάμενος
792 1778 1024 1852 μᾶλλον,
1084 1779 1419 1852 ἀπέπεμπεν.
1477 1782 1669 1852 Ἡμεῖς
1730 1777 1785 1835 δὲ
1842 1782 1932 1836 καὶ

290 1866 440 1931 αὖθις
495 1874 595 1936 τῆς
656 1865 990 1938 ἐπελθούσης
1061 1869 1274 1943 ἡμέρας
1346 1869 1758 1944 προσελθόντες,
1840 1871 1928 1925 καὶ

292 1956 415 2011 ὅσον
472 1956 534 2023 ἦν
593 1958 660 2012 τὰ
715 1958 1182 2032 προσανακείμενα
1213 1957 1603 2032 ἐκτελέσαντες,
1635 1961 1934 2037 ἀφωρμοῦ-

296 2066 388 2118 μεν
447 2050 543 2100 τοῦ
602 2044 824 2119 λιμένος
873 2047 1080 2118 αὐτίκα,
1140 2049 1227 2103 καὶ
1283 2053 1383 2104 τοῦ
1447 2050 1640 2125 βορέου
1672 2048 1931 2126 λαμπροῦ

288 2131 710 2197 καταϐαίνοντος
769 2133 857 2190 διὰ
881 2141 987 2192 τῶν
1037 2138 1175 2192 κατά
1203 2135 1351 2192 δόσιν
1383 2145 1482 2208 τῆς
1522 2140 1692 2210 νήσου
1756 2145 1934 2214 μερῶν

288 2223 630 2301 ἀνεκτότερον
693 2224 972 2301 ἡγούμεθα
1027 2225 1212 2281 πλέειν
1269 2227 1760 2302 έπισκεπτομένους
1814 2234 1932 2291 τοῖς

290 2309 490 2385 ὄρεσιν.
543 2313 700 2371 Αλλὰ
756 2313 969 2387 μᾶλλον
1029 2317 1056 2371 ὁ
1113 2313 1330 2371 κλύδων
1399 2318 1653 2393 μέγιστος
1708 2317 1934 2394 ἐπηγεί-

291 2422 435 2476 ρετο,
495 2405 584 2457 καί
644 2400 831 2458 ὤδινεν
891 2406 926 2473 ἡ
973 2402 1214 2460 θάλασσα
1243 2403 1432 2476 πλέον,
1461 2407 1550 2461 καὶ
1581 2411 1659 2480 τῷ
1687 2406 1934 2479 Γαληνο-

290 2489 470 2564 λιμένι
507 2489 670 2564 μόλις
703 2491 1073 2568 προσσχόντες
1126 2495 1226 2564 τήν
1258 2499 1407 2567 ναῦν,
1441 2497 1470 2550 ’ὀ
1529 2493 1594 2566 δὴ
1627 2495 1716 2550 καὶ
1749 2495 1933 2568 Γαλη-

291 2729 593 2786 angorem,
626 2715 834 2772 cmlum
871 2721 1199 2788 terramque
1252 2735 1388 2774 voce
1451 2719 1700 2776 maxima
1755 2724 1935 2775 testes

289 2803 564 2859 adhibuit
608 2821 810 2860 eorum
849 2807 1000 2863 288
1031 2824 1158 2879 qua
1193 2810 1582 2880 pateretur.Et
1603 2827 1716 2864 non
1740 2807 1958 2873 solum,

289 2894 360 2949 ad
392 2910 460 2950 ea
499 2911 625 2967 quae
656 2895 768 2966 ipsi
799 2897 1304 2954 denuntiabantur
1333 2917 1445 2955 non
1508 2900 1794 2955 attendit:
1831 2898 1932 2954 sed

292 2999 478 3054 neque
505 2986 606 3056 qui
638 3001 771 3040 eum
804 2985 1259 3058 alloquebantur
1302 2988 1665 3044 audivissent
1691 2989 1932 3044 omnino

290 3073 361 3127 ab
392 3089 459 3129 eo
490 3073 815 3145 quidquam
847 3076 918 3132 de
951 3075 1179 3148 negotio
1213 3077 1530 3148 preposito,
1563 3078 1713 3148 quod
1742 3077 1810 3132 ad
1836 3095 1930 3150 sy-

291 3162 508 3218 nodum
569 3164 874 3234 referrent,
927 3147 1047 3220 nisi
1071 3147 1510 3237 eumiexpedire
1563 3147 1625 3222 se
1655 3167 1726 3222 ab
1785 3147 1929 3238 ipsis
1961 3147 2004 3213 (ἶ

291 3266 664 3323 summepere
687 3257 996 3308 conantem
1028 3253 1081 3308 vi
1116 3255 1322 3324 majori
1356 3255 1559 3327 utique
1589 3259 1936 3324 tenerent,et

291 3355 496 3410 graves
528 3340 887 3397 intentarent
917 3359 950 3397 a
980 3348 1095 3398 Deo
1127 3343 1340 3409 minas,
1373 3344 1422 3399 si
1481 3344 1819 3415 persisteret
1873 3345 1933 3399 in

291 3429 678 3485 contumacia.
701 3430 960 3486 Tandem
975 3432 1225 3487 summis
1245 3433 1554 3489 conatibus
1586 3449 1935 3504 responsum

293 3517 618 3589 exprimere
648 3519 1056 3590 qualecunque
1087 3522 1480 3592 satagentinm
1517 3521 1677 3576 visus
1709 3523 1934 3577 cedere:

294 3631 322 3657 (ι
345 3611 446 3673 En,
480 3607 694 3679 inquit,
739 3612 802 3662 ut
829 3608 975 3664 bene
1006 3610 1462 3681 patriarchatum
1496 3610 1812 3682 gessimus,
1843 3627 1938 3666 ne-

296 3713 422 3753 cem
455 3698 792 3769 imperatori
826 3699 1270 3755 machinantesl
1320 3700 1412 3755 cui
1465 3701 1731 3756 videlicet
1758 3702 1934 3757 etiam

296 3787 539 3858 projecti
571 3804 602 3842 e
633 3787 808 3843 rebus
840 3788 1663 3846 humanisinhocextremum
1696 3791 1938 3847 desertae

297 3875 502 3931 insulae
534 3875 715 3932 Deum
751 3878 1064 3950 propitiare
1087 3895 1201 3934 non
1221 3895 1542 3946 cessamus,
1562 3879 1939 3936 obsecrantes

296 3970 355 4020 ut
371 3965 496 4036 ejus
510 3966 718 4020 animae
738 3967 884 4023 bene
905 3966 1220 4024 consulens
1242 3968 1608 4036 misereatur,
1638 3976 1940 4042 utcunque

295 4054 393 4109 ille
423 4055 573 4108 fame
601 4072 665 4110 ac
697 4055 793 4110 siti
829 4073 934 4112 nos
963 4057 1119 4112 velut
1150 4063 1333 4113 marte
1382 4059 1689 4115 damnatos
1739 4060 1797 4114 in
1832 4061 1940 4115 hac

296 4143 613 4198 solitudine
636 4144 970 4200 interficiat.
989 4169 1015 4194 ››
1044 4147 1169 4200 llaec
1187 4147 1544 4218 etejusmodi
1570 4149 1685 4204 alia
1705 4165 1940 4204 summo

296 4231 493 4286 dolore
524 4234 1114 4303 atqueamanitudine
1135 4235 1318 4290 animi
1351 4237 1631 4307 profatus,
1665 4236 1848 4292 multa
1867 4237 1943 4292 si-

300 4321 423 4378 mul
457 4322 817 4394 imperatori,
851 4321 1028 4378 simul
1051 4323 1111 4377 in
1141 4322 1416 4378 thronum
1467 4325 1694 4382 intruso
1738 4343 1940 4398 expro-

301 4413 479 4468 brans
511 4416 611 4467 aut
632 4411 824 4483 potius
858 4411 1207 4482 imprecans,
1239 4413 1464 4468 dimisit
1495 4415 1565 4470 ad
1615 4431 1676 4470 se
1705 4415 1939 4472 missos.

1151 346 1304 405 ὤτων
1362 349 1546 412 ὡτίοις
1582 393 1595 419 ,
1656 352 1730 413 ὡς
1790 349 1921 423 μηδ’
1951 357 2006 422 Α
2041 352 2280 425 νολιμήν
2341 350 2632 415 ἰδιωτικῶς
2688 352 2739 408 οἱ
2773 352 3090 430 ἐπιχώριοι.
3120 349 3565 428 παραφθείροντες
3593 351 3670 408 λέ*

2038 464 2217 517 γουσι,
2279 441 2544 518 μεγάλοις
2617 444 2789 498 ἐκεῖσε
2844 438 3105 520 φοϐεροῖς
3164 441 3529 516 ἐνετύχομεν,
3572 447 3672 496 κατ’

2041 532 2316 609 εἷ’σπραξιν
2375 536 2530 606 οἶμαι
2583 537 2680 588 τοῦ
2730 534 2806 606 μὴ
2841 535 2922 606 [Ρ.
2967 535 3089 605 195]
3127 533 3244 605 μετ’
3272 530 3519 606 εὐλογίας
3548 532 3672 586 ἀπο-

2038 622 2270 692 λυθῆναι
2300 626 2400 678 τοῦ
2430 622 2796 698 πατριάρχου.
2854 624 2923 679 "O
2979 619 3044 690 δὴ
3105 621 3195 676 καί
3239 620 3406 690 ἤθελε
3440 623 3532 694 μὲν
3559 622 3672 676 Exa-

2041 733 2164 774 στος
2197 712 2295 767 ἀνὰ
2330 713 2516 786 μέρος,
2552 713 2624 773 ὡς
2657 711 2876 786 ὕστερον
2929 709 3257 784 ὡμολόγουν
3315 711 3454 782 πρὸς
3504 707 3671 780 ἀλλή-

2037 800 2169 862 λους
2235 798 2696 874 μεταμελόμενοι.
2755 802 2950 871 ’Όμως
2984 797 3042 853 δὲ
3091 800 3189 866 τὴν
3241 797 3478 861 ἐντεῦθεν
3513 819 3668 868 κατη-

2035 894 2224 969 γορίαν
2259 893 2606 970 ὑφορώμενοι
2664 890 3039 964 κατημέλουν.
3097 890 3308 953 Νυκτὸς
3358 890 3461 965 γὰρ
3517 890 3671 961 μέσης

2037 984 2261 1056 σεισμὸς
2320 982 2658 1037 ἐπεισπίπτει
2723 981 2912 1056 βαρὺς,
2971 981 3062 1036 καὶ
3117 981 3181 1036 τὸ
3239 980 3368 1056 ὅρος
3428 983 3668 1054 θραυσθὶν

2037 1071 2126 1126 καὶ
2177 1073 2337 1126 πεσὸν
2394 1071 2471 1136 εἷς
2527 1068 2797 1126 θάλασσαν
2826 1071 2918 1125 τὸν
2953 1070 3125 1125 ἐκεῖσε
3153 1069 3322 1125 τόπον
3376 1067 3671 1139 κατέκλυσε,

2037 1159 2259 1233 δόκησίν
2315 1183 2372 1217 τε
2427 1163 2516 1217 καὶ
2575 1164 2725 1234 ἡμᾶς
2779 1159 3219 1230 κατακλυσθῆναι
3277 1159 3524 1234 παρέσχε
3569 1160 3673 1214 κατ’

2038 1250 2290 1326 αἰγιαλὸν
2354 1251 2632 1324 μένοντας.
2693 1249 2870 1307 Ἀλλᾶ
2922 1248 3084 1323 μόλις
3137 1249 3325 1304 πολλᾶ
3349 1252 3418 1322 τῇ
3449 1246 3671 1324 Θαλάσσῃ

2037 1337 2700 1415 προσταλαιπωρήσαντες
2762 1345 2865 1407 τῆς
2921 1337 3338 1394 Κωνσταντίνου
3396 1332 3673 1410 ἐπέϐημεν,

2041 1431 2212 1504 μηνὸς
2272 1426 2616 1501 ἑξκαιδεκάτῃ
2675 1425 3042 1490 Ποσειδεῶνος
3079 1473 3092 1496 ,
3151 1428 3239 1482 καὶ
3298 1432 3380 1500 τῷ
3437 1447 3676 1502 πατριαρο

2038 1523 2235 1595 χοῦντι
2295 1518 2557 1594 πρότερον
2617 1517 3013 1592 προσελθόντες
3073 1517 3163 1572 καὶ
3219 1517 3281 1570 τὸ
3315 1521 3418 1571 πᾶν
3443 1515 3673 1593 ἀναγγεί-

2039 1607 2230 1670 λαντες
2264 1609 2470 1682 θερμὴν
2531 1607 2751 1678 ἀξίωσιν
2780 1609 2895 1662 οἷον
2953 1606 3257 1679 ἧξιούμεθα
3307 1607 3436 1680 παρ’
3465 1604 3670 1673 ἐκείνου,

2039 1703 2142 1752 πᾶν
2203 1696 2448 1774 λυπηρὸν
2481 1704 2579 1766 τῆς
2640 1694 2976 1772 ἀπαγγελίας
3031 1694 3380 1768 ὑπεξελέσθαι
3428 1695 3557 1770 πρὸς
3591 1695 3674 1768 βα-

2043 1786 2198 1841 σιλέα
2230 1785 2514 1863 λέγοντας,
2570 1785 2659 1841 καὶ
2720 1784 2774 1841 εἷ’
2821 1807 2873 1839 τι
2907 1783 3179 1841 λέλεκται.
3216 1782 3379 1842 Οὕτω
3410 1781 3456 1838 δ’
3484 1783 3676 1856 ᾠκονό-

2046 1897 2211 1948 μηται
2267 1877 2335 1931 τὰ
2383 1876 2507 1930 τότε
2562 1877 2700 1950 πρὸς
2733 1874 2980 1951 βασιλέα,
3034 1875 3162 1930 ὥστ’
3220 1873 3524 1928 ἀκούσαντα
3573 1871 3674 1928 δια-

2041 1969 2241 2038 γνῶναι
2284 1966 2378 2038 μὲν
2427 1965 2528 2033 τήν
2560 1963 2882 2038 ἀπολογίαν,
2939 1963 3021 2019 ὅτι
3070 1964 3158 2018 καὶ
3219 1962 3368 2024 εἰκὸς
3397 1962 3676 2017 ἀκούσαντα

2040 2050 2287 2128 ἐπισχεῖν
2343 2051 2602 2122 ἐκείνους,
2667 2053 2742 2125 μή
2803 2051 3031 2115 θέλοντα
3079 2048 3137 2105 δὲ
3192 2050 3325 2112 τοὺς
3357 2052 3475 2114 καθ’
3527 2052 3671 2122 ἡμῶν

2041 2141 2349 2218 ἐμφανίζειν
2437 2146 2609 2217 σιγᾷν,
2693 2139 2868 2196 δεινόν
2952 2139 3009 2195 δὲ
3086 2141 3174 2195 καὶ
3233 2139 3298 2194 τὸ
3371 2145 3674 2202 κακοπαθεῖν

2041 2232 2240 2286 ἐκεῖνον
2300 2233 2634 2306 ἡγήσασθαι,
2694 2229 2820 2285 ὥστ’
2877 2231 3054 2285 αὐτίκ’
3084 2229 3330 2300 ἐπιτάξαι
3361 2228 3672 2304 τριακοσίοις

2041 2319 2280 2391 ἐτησίοις
2333 2319 2659 2393 νομίσμασιν
2693 2317 2895 2374 ἐκεῖνόν
2935 2339 2994 2374 τε
3023 2319 3110 2374 καὶ
3143 2320 3308 2383 τούτς
3336 2318 3460 2392 περὶ
3489 2318 3672 2373 ἐκεῖνον

2039 2410 2385 2477 καθικανοῦν,
2449 2407 3039 2484 ὑπεραπολογούμενον
3070 2407 3161 2464 καὶ
3224 2409 3343 2482 μεθ’
3400 2409 3557 2483 δρκου
3608 2407 3674 2469 ὡς

2045 2498 2131 2553 καὶ
2162 2499 2424 2573 πρότερον
2471 2497 2712 2569 ἐπιτάξοι
2763 2496 2936 2562 οὕτως
2963 2497 3054 2553 καὶ
3102 2498 3179 2559 ὡς
3221 2497 3354 2574 παρ’
3383 2495 3576 2552 ἐκεῖνον
3608 2496 3673 2570 μὴ

2044 2719 2388 2790 ρωηίῐοηῐοε
2411 2719 2663 2775 invicem
2698 2719 3070 2788 fatebantur;
3103 2720 3203 2775 sed
3238 2724 3475 2776 verente
3505 2736 3600 2792 pro
3620 2735 3674 2775 se

2045 2824 2277 2880 quoque
2309 2825 2379 2864 ne
2410 2808 2466 2864 id
2497 2809 2610 2863 sibi
2667 2807 2902 2863 crimini
2957 2811 3307 2875 verteretur,
3363 2808 3572 2879 pariter
3620 2807 3670 2861 id

2043 2913 2248 2953 omnes
2279 2896 2656 2970 neglexerant
2687 2897 2890 2953 facere.
2921 2897 3066 2952 Nam
3100 2902 3272 2953 nocte
3305 2898 3497 2953 media
3525 2902 3672 2953 terra

2044 2991 2241 3042 motus
2273 2985 2480 3041 incidit
2507 2985 2718 3055 gravis,
2751 2991 2808 3041 et
2837 2986 3117 3055 abruptus
3172 3002 3351 3042 mons
3381 2986 3673 3042 imminens

2043 3092 2110 3132 ac
2139 3091 2391 3148 superne
2419 3075 2820 3147 praecipitatus
2842 3075 2901 3130 in
2934 3091 3095 3130 mare
3119 3075 3268 3130 illud
3294 3078 3484 3148 coegit
3507 3076 3561 3130 in
3579 3079 3676 3130 ter-

2042 3181 2165 3220 ram
2196 3163 2309 3219 late
2330 3165 2581 3221 vicinam
2605 3165 2916 3234 inundare,
2950 3168 3114 3221 tanto
3160 3170 3310 3220 aestu
3343 3182 3410 3220 ae
3437 3163 3673 3220 tumultu

2041 3255 2221 3325 utqui
2243 3254 2547 3309 stabamus
2565 3254 2623 3309 in
2639 3253 2833 3309 littore
2847 3270 2953 3310 nos
2968 3253 3249 3310 continuo
3275 3253 3671 3326 demergendos

2041 3345 2436 3400 crederemus.
2469 3343 2753 3399 Caeterum
2805 3342 3314 3400 aerumnosissimo
3354 3343 3489 3399 inde
3515 3359 3668 3398 cursu

2042 3433 2494 3488 transfretantes
2541 3447 2690 3503 aegre
2760 3431 3337 3502 Constantinopolim
3394 3433 3670 3488 tenuimus

2044 3526 2205 3577 sexta
2235 3521 2464 3576 decima
2493 3522 2586 3577 die
2618 3521 2842 3576 mensis
2871 3520 3140 3592 Augusti,
3173 3526 3234 3576 et
3257 3522 3508 3593 primum
3533 3519 3670 3576 adito

2047 3610 2398 3683 patriarcha,
2436 3610 2534 3664 ubi
2567 3626 2693 3681 qua:
2726 3610 3096 3680 contigerant
3139 3610 3474 3680 retulimus,
3515 3623 3669 3681 quam

2047 3699 2353 3770 potuimus
2384 3698 2801 3754 ardentissime
2829 3698 2997 3754 illum
3048 3699 3350 3755 oravimus
3383 3706 3445 3755 ut
3494 3715 3588 3770 pro
3615 3713 3672 3752 ea

2047 3805 2164 3859 qua
2194 3788 2411 3843 valeret
2428 3789 2581 3859 apud
2598 3788 3008 3858 imperatorem
3025 3788 3381 3845 auctoritate
3397 3791 3672 3861 gratiaque

2048 3876 2217 3932 nobis
2251 3877 2482 3932 adesset
2514 3893 2643 3948 quae
2670 3888 2802 3932 acta
2852 3882 3021 3932 erant
3071 3877 3566 3939 renuntiantibus.
3616 3889 3672 3929 ac

2049 3965 2097 4020 si
2125 3966 2262 4038 quid
2284 3965 2616 4020 necessario
2634 3965 2965 4022 diceremus
2986 3967 3138 4037 quod
3164 3967 3415 4038 Augusti
3435 3966 3672 4020 animum

2050 4059 2354 4126 pungeret,
2389 4053 2664 4109 deliniret
2694 4053 2819 4125 ipse
2849 4071 3106 4126 praesens
3135 4072 3254 4127 qua
3282 4056 3511 4112 valebat
3548 4057 3672 4116 arte,

2049 4149 2224 4215 atque
2257 4148 2321 4197 ut
2350 4147 2562 4198 cuncta
2592 4143 2727 4198 boni
2762 4143 3096 4200 consuleret
3125 4145 3294 4201 daret
3323 4160 3568 4216 operam.
3591 4141 3673 4196 Fe-

2050 4232 2130 4286 cit
2159 4230 2454 4286 cumulate
2494 4232 2651 4303 quod
2678 4230 2978 4303 petiimus;
3015 4248 3200 4304 eoque
3233 4249 3370 4288 mox
3423 4243 3670 4287 successu

2051 4337 2186 4377 cum
2224 4320 2578 4392 imperatore
2606 4321 2860 4392 egimus,
2892 4327 2954 4376 ut
3005 4320 3105 4376 ille
3156 4321 3423 4393 placatus
3458 4317 3671 4376 Arsenio

2053 4414 2404 4481 acceptaque
2433 4409 2771 4465 defensione
2803 4409 2992 4480 ipsius
3021 4409 3174 4466 ultro
3194 4410 3542 4483 signiﬁcaret
3569 4421 3672 4461 cre-

298 4501 414 4557 Nos
443 4506 638 4556 autem
665 4500 765 4556 illo
797 4501 1010 4556 iterum
1045 4500 1323 4572 postridie
1356 4508 1656 4571 convento,
1681 4510 1738 4560 et
1782 4506 1942 4560 omni
1973 4516 2019 4579 ο
2053 4498 2186 4553 dere
2231 4515 2312 4564 se.
2345 4498 2395 4552 εί
2449 4497 2586 4567 (inid
2619 4499 2691 4552 de
2748 4498 3156 4568 coniuratione
3186 4499 3244 4554 in
3303 4500 3475 4554 vitam
3526 4508 3670 4550 ευεω

297 4608 365 4646 eo
391 4591 546 4663 quod
578 4591 798 4662 sperari
848 4590 1034 4662 potuit
1063 4591 1286 4657 eﬂ‘ecto,
1341 4609 1371 4647 e
1403 4598 1572 4664 portu
1630 4594 1938 4650 confestim

296 4680 604 4746 solvimus,
636 4685 692 4736 et
723 4679 914 4735 valido
943 4680 1251 4751 ingruente
1283 4682 1462 4736 Borea
1506 4681 1564 4736 in
1625 4682 1940 4739 Occiduam

297 4770 502 4825 insulae
525 4769 900 4835 oram,satius
918 4769 1192 4825 duximus
1212 4769 1483 4842 navigare
1501 4773 1941 4844 protegentibus

298 4859 617 4915 montibus.
645 4864 716 4914 At
745 4858 1059 4915 vehemens
1090 4865 1288 4915 coorta
1346 4860 1606 4930 procella
1635 4867 1744 4929 est,
1778 4863 1940 4917 intu-

298 4950 560 5020 muitque
591 4953 949 5003 commotum
984 4948 1241 5019 amplius
1276 4965 1454 5004 mare.
1507 4949 1695 5012 Quare
1746 4953 1939 5007 navim

295 5055 445 5110 aagre
477 5036 870 5110 applicuimus
903 5038 973 5092 ad
1002 5037 1197 5092 locum
1231 5037 1669 5094 Galenolimena
1713 5057 1940 5096 nuncu-

297 5127 724 5201 patum,quasi
788 5131 1020 5198 portum
1083 5142 1356 5183 serenum
1416 5127 1660 5182 diceres.
1721 5129 1942 5185 Accolae

292 5219 498 5289 lingua
512 5215 755 5287 vulgari,
770 5222 1047 5288 corrupto
1062 5222 1248 5272 vetere
1262 5216 1941 5283 vocabulo,Galilolimen

294 5306 614 5380 appellant.
640 5306 865 5376 Magnis
899 5305 979 5360 ibi
1013 5305 1287 5378 periculis
1319 5321 1528 5360 sumus
1560 5306 1822 5372 exerciti,
1882 5306 1940 5361 in

292 5414 541 5468 pcenam,
569 5396 794 5466 opinor,
829 5411 946 5450 non
978 5395 1170 5466 petitae
1199 5399 1254 5448 et
1284 5399 1530 5465 acceptae
1555 5412 1587 5448 a
1613 5394 1943 5465 patriarcha

294 5487 351 5539 in
379 5485 647 5555 digressu
667 5484 1110 5539 benedictionis.
1133 5482 1291 5547 Quod
1323 5482 1506 5538 facere
1531 5484 1940 5556 unusquisque

293 5572 595 5644 sigillatim
613 5573 962 5641 voluerat,ut
974 5578 1192 5643 postea,
1212 5571 1268 5628 in
1287 5570 1422 5628 mali
1437 5587 1614 5629 sensu
1631 5589 1759 5630 sero
1784 5574 1940 5632 289

2055 4588 2203 4642 facta
2233 4585 2597 4655 cognovisset
2646 4586 2953 4650 Arsenius,
2987 4592 3335 4644 cenaturum
3358 4604 3484 4643 eum
3515 4585 3671 4640 fuisse

2051 4678 2388 4747 coniuratos
2419 4693 2452 4730 a
2484 4676 2706 4731 nefario
2739 4681 2928 4747 cor-pte
2989 4683 3289 4745 avertere;
3326 4677 3667 4746 siluisseque,

2049 4767 2098 4821 si
2127 4767 2267 4841 quid
2300 4767 2508 4823 borum
2541 4768 2718 4832 novit,
2740 4765 2900 4822 abiis
2922 4767 3257 4824 indicandis
3289 4766 3556 4838 religione
3582 4779 3666 4818 co-

2050 4857 2301 4912 hibitum
2325 4857 2602 4928 quadam,
2623 4856 2772 4925 quod
2802 4873 2969 4912 suam
2997 4857 3142 4912 forte
3169 4873 3473 4929 personam
3494 4855 3667 4910 decere

2052 4963 2164 5000 non
2203 4950 2432 5018 putaret
2464 4944 2693 4999 irritare
2727 4945 3050 5017 principem
3094 4946 3152 5001 in
3187 4946 3455 5001 subditos
3483 4944 3662 4999 horum

2053 5037 2109 5090 in
2145 5036 2338 5108 ipsum
2375 5033 2914 5090 machinationibus
2948 5035 3032 5089 illi
3057 5034 3515 5091 manifestandis.
3539 5037 3662 5086 Pre-

2050 5129 2209 5180 terea
2239 5123 2414 5180 simul
2449 5123 2672 5179 audivit
2703 5140 2736 5178 a
2759 5123 2928 5178 nobis
2943 5128 3262 5196 egestatem
3282 5123 3662 5191 miseriamque

2052 5231 2170 5286 qua
2201 5214 2294 5268 ille
2331 5213 2390 5268 in
2431 5211 2634 5268 exsilio
2695 5212 3160 5278 conﬂictabatur,
3218 5213 3361 5268 adeo
3394 5217 3567 5267 motus
3612 5208 3660 5262 in

2055 5302 2517 5359 misericordiam
2551 5306 2642 5356 est
2674 5305 2735 5356 ut
2785 5302 2984 5357 statim
3035 5302 3269 5372 juberet
3323 5303 3591 5357 trecentos
3616 5294 3658 5351 ei

2056 5410 2330 5451 nummos
2347 5392 2657 5447 annuosad
2674 5391 2764 5446 sui
2789 5409 3151 5464 suorumque
3170 5391 3383 5447 victum
3401 5387 3655 5460 assignari

2054 5484 2492 5554 afﬁrmaretque
2548 5481 2608 5536 in
2649 5481 3079 5537 excusationem
3139 5479 3652 5552 suam,juramento

2051 5575 2228 5631 etiam
2263 5571 2627 5644 interposito,
2679 5588 2740 5627 se
2799 5587 2962 5643 prius
2994 5573 3362 5628 decreturum
3413 5568 3517 5642 ipsi
3543 5579 3650 5623 eam
