  <div class='ocr_page' id='page_1' title='image "/cluster/home/n/w/nwhite01/storage/ocr_20150623/143/hvd.32044073502585/374.png"; bbox 0 0 4018 6198; ppageno 0'>
   <div class='ocr_carea' id='block_1_1' title="bbox 308 298 416 353">
    <p class='ocr_par' dir='ltr' id='par_1_1' title="bbox 308 298 416 353">
     <span class='ocr_line' id='line_1_1' title="bbox 308 298 416 353; baseline 0.019 -2"><span class='ocrx_word' id='word_1_1' title='bbox 308 298 416 353; x_wconf 86' lang='lat'><strong>737</strong></span> 
     </span>
    </p>
   </div>
   <div class='ocr_carea' id='block_1_2' title="bbox 1376 304 2671 363">
    <p class='ocr_par' dir='ltr' id='par_1_2' title="bbox 1376 304 2671 363">
     <span class='ocr_line' id='line_1_2' title="bbox 1376 304 2671 363; baseline 0.002 -2"><span class='ocrx_word' id='word_1_2' title='bbox 1376 310 1471 361; x_wconf 80' lang='lat' dir='ltr'><strong>DE</strong></span> <span class='ocrx_word' id='word_1_3' title='bbox 1510 307 1881 361; x_wconf 77' lang='lat' dir='ltr'><strong>MICHAELE</strong></span> <span class='ocrx_word' id='word_1_4' title='bbox 1918 304 2362 363; x_wconf 64' lang='lat' dir='ltr'><strong>PALJEOLOGO</strong></span> <span class='ocrx_word' id='word_1_5' title='bbox 2398 308 2532 363; x_wconf 85' lang='lat' dir='ltr'><strong>LIB.</strong></span> <span class='ocrx_word' id='word_1_6' title='bbox 2574 308 2671 363; x_wconf 83' lang='lat' dir='ltr'><strong>IV.</strong></span> 
     </span>
    </p>
   </div>
   <div class='ocr_carea' id='block_1_3' title="bbox 3617 318 3724 374">
    <p class='ocr_par' dir='ltr' id='par_1_3' title="bbox 3617 318 3724 374">
     <span class='ocr_line' id='line_1_3' title="bbox 3617 318 3724 374; baseline 0.019 -2"><span class='ocrx_word' id='word_1_7' title='bbox 3617 318 3724 374; x_wconf 85' lang='lat'>638</span> 
     </span>
    </p>
   </div>
   <div class='ocr_carea' id='block_1_4' title="bbox 308 424 3724 512">
    <p class='ocr_par' dir='ltr' id='par_1_4' title="bbox 308 424 3724 512">
     <span class='ocr_line' id='line_1_4' title="bbox 308 424 3724 512; baseline 0.004 -34"><span class='ocrx_word' id='word_1_8' title='bbox 308 424 536 479; x_wconf 80' lang='grc' dir='ltr'>Θέλοντα</span> <span class='ocrx_word' id='word_1_9' title='bbox 588 424 838 502; x_wconf 81' lang='grc' dir='ltr'>δέχεσθαι</span> <span class='ocrx_word' id='word_1_10' title='bbox 894 429 956 483; x_wconf 84' lang='grc' dir='ltr'><strong>τὸ</strong></span> <span class='ocrx_word' id='word_1_11' title='bbox 1018 430 1093 501; x_wconf 78' lang='grc' dir='ltr'>μὴ</span> <span class='ocrx_word' id='word_1_12' title='bbox 1142 427 1391 485; x_wconf 76' lang='grc' dir='ltr'><strong>δεδόσθαι</strong></span> <span class='ocrx_word' id='word_1_13' title='bbox 1441 431 1533 502; x_wconf 78' lang='grc' dir='ltr'>ἦν,</span> <span class='ocrx_word' id='word_1_14' title='bbox 1563 431 1699 492; x_wconf 83' lang='grc' dir='ltr'>τέως</span> <span class='ocrx_word' id='word_1_15' title='bbox 1760 427 1817 486; x_wconf 68' lang='grc' dir='ltr'>δὲ</span> <span class='ocrx_word' id='word_1_16' title='bbox 1863 431 1952 485; x_wconf 77' lang='grc' dir='ltr'>καὶ</span> <span class='ocrx_word' id='word_1_17' title='bbox 1988 431 2306 505; x_wconf 71' lang='grc' dir='ltr'>Αγενέσθαι</span> <span class='ocrx_word' id='word_1_18' title='bbox 2356 433 2500 507; x_wconf 76' lang='grc' dir='ltr'>παρά</span> <span class='ocrx_word' id='word_1_19' title='bbox 2556 454 2614 486; x_wconf 86' lang='grc' dir='ltr'><strong>τε</strong></span> <span class='ocrx_word' id='word_1_20' title='bbox 2670 436 2765 487; x_wconf 74' lang='grc' dir='ltr'><strong>τοῦ</strong></span> <span class='ocrx_word' id='word_1_21' title='bbox 2822 434 3166 511; x_wconf 81' lang='grc' dir='ltr'>πατριάρχου</span> <span class='ocrx_word' id='word_1_22' title='bbox 3235 435 3325 490; x_wconf 82' lang='grc' dir='ltr'>καὶ</span> <span class='ocrx_word' id='word_1_23' title='bbox 3384 441 3562 509; x_wconf 80' lang='grc' dir='ltr'>πάσης</span> <span class='ocrx_word' id='word_1_24' title='bbox 3624 450 3724 512; x_wconf 73' lang='grc' dir='ltr'>τῆς</span> 
     </span>
    </p>
   </div>
   <div class='ocr_carea' id='block_1_5' title="bbox 308 513 1963 596">
    <p class='ocr_par' dir='ltr' id='par_1_5' title="bbox 308 513 1963 596">
     <span class='ocr_line' id='line_1_5' title="bbox 308 513 1963 596; baseline 0.004 -27"><span class='ocrx_word' id='word_1_25' title='bbox 308 514 459 578; x_wconf 73' lang='grc' dir='ltr'>αὖθις</span> <span class='ocrx_word' id='word_1_26' title='bbox 513 513 730 572; x_wconf 78' lang='grc' dir='ltr'><strong>δεδιότα</strong></span> <span class='ocrx_word' id='word_1_27' title='bbox 780 518 857 591; x_wconf 66' lang='grc' dir='ltr'>μὴ</span> <span class='ocrx_word' id='word_1_28' title='bbox 907 516 1057 581; x_wconf 77' lang='grc' dir='ltr'>ὅπως</span> <span class='ocrx_word' id='word_1_29' title='bbox 1119 517 1359 596; x_wconf 73' lang='grc' dir='ltr'>δέχοιτο,</span> <span class='ocrx_word' id='word_1_30' title='bbox 1398 521 1847 596; x_wconf 80' lang='grc' dir='ltr'>προσανατιθέναι</span> <span class='ocrx_word' id='word_1_31' title='bbox 1895 524 1963 595; x_wconf 76' lang='grc' dir='ltr'>τῇ</span> 
     </span>
    </p>
   </div>
   <div class='ocr_carea' id='block_1_6' title="bbox 306 602 1964 685">
    <p class='ocr_par' dir='ltr' id='par_1_6' title="bbox 306 602 1964 685">
     <span class='ocr_line' id='line_1_6' title="bbox 306 602 1964 685; baseline 0.003 -26"><span class='ocrx_word' id='word_1_32' title='bbox 306 602 566 680; x_wconf 82' lang='grc' dir='ltr'><strong>δεσποίνῃ</strong></span> <span class='ocrx_word' id='word_1_33' title='bbox 597 607 696 675; x_wconf 68' lang='grc' dir='ltr'><strong>τὴν</strong></span> <span class='ocrx_word' id='word_1_34' title='bbox 756 607 1046 683; x_wconf 74' lang='grc' dir='ltr'><strong>χορηγίαν,</strong></span> <span class='ocrx_word' id='word_1_35' title='bbox 1080 607 1160 685; x_wconf 78' lang='grc' dir='ltr'><strong>ἐφ’</strong></span> <span class='ocrx_word' id='word_1_36' title='bbox 1193 608 1237 681; x_wconf 84' lang='grc' dir='ltr'>ᾧ</span> <span class='ocrx_word' id='word_1_37' title='bbox 1272 610 1432 664; x_wconf 79' lang='grc' dir='ltr'>αὐτὸν</span> <span class='ocrx_word' id='word_1_38' title='bbox 1498 610 1591 683; x_wconf 80' lang='grc' dir='ltr'>μὶν</span> <span class='ocrx_word' id='word_1_39' title='bbox 1644 609 1964 666; x_wconf 79' lang='grc' dir='ltr'>ἀποστεῖλαι</span> 
     </span>
    </p>
   </div>
   <div class='ocr_carea' id='block_1_7' title="bbox 302 692 1969 771">
    <p class='ocr_par' dir='ltr' id='par_1_7' title="bbox 302 692 1969 771">
     <span class='ocr_line' id='line_1_7' title="bbox 302 692 1969 771; baseline 0.004 -24"><span class='ocrx_word' id='word_1_40' title='bbox 302 696 392 747; x_wconf 79' lang='grc' dir='ltr'><strong>καὶ</strong></span> <span class='ocrx_word' id='word_1_41' title='bbox 417 692 571 758; x_wconf 72' lang='grc' dir='ltr'>αὖθις</span> <span class='ocrx_word' id='word_1_42' title='bbox 602 694 799 769; x_wconf 71' lang='grc' dir='ltr'>φίλους</span> <span class='ocrx_word' id='word_1_43' title='bbox 829 694 1020 769; x_wconf 80' lang='grc' dir='ltr'>ἐκείνῳ</span> <span class='ocrx_word' id='word_1_44' title='bbox 1048 698 1442 771; x_wconf 65' lang='grc' dir='ltr'>νομιζομένους</span> <span class='ocrx_word' id='word_1_45' title='bbox 1503 701 1639 753; x_wconf 76' lang='grc' dir='ltr'>κατά</span> <span class='ocrx_word' id='word_1_46' title='bbox 1694 721 1813 755; x_wconf 86' lang='grc' dir='ltr'>τινα</span> <span class='ocrx_word' id='word_1_47' title='bbox 1870 700 1969 769; x_wconf 77' lang='grc' dir='ltr'><strong>τήν</strong></span> 
     </span>
    </p>
   </div>
   <div class='ocr_carea' id='block_1_8' title="bbox 308 782 1969 861">
    <p class='ocr_par' dir='ltr' id='par_1_8' title="bbox 308 782 1969 861">
     <span class='ocr_line' id='line_1_8' title="bbox 308 782 1969 861; baseline 0.004 -24"><span class='ocrx_word' id='word_1_48' title='bbox 308 784 401 837; x_wconf 79' lang='grc' dir='ltr'><strong>ἀπ’</strong></span> <span class='ocrx_word' id='word_1_49' title='bbox 491 782 653 839; x_wconf 72' lang='grc' dir='ltr'>αὐτοῦ</span> <span class='ocrx_word' id='word_1_50' title='bbox 737 787 1081 859; x_wconf 67' lang='grc' dir='ltr'>παραμυθίαν</span> <span class='ocrx_word' id='word_1_51' title='bbox 1132 808 1190 842; x_wconf 87' lang='grc' dir='ltr'><strong>τε</strong></span> <span class='ocrx_word' id='word_1_52' title='bbox 1245 789 1332 842; x_wconf 77' lang='grc' dir='ltr'><strong>καὶ</strong></span> <span class='ocrx_word' id='word_1_53' title='bbox 1392 787 1691 861; x_wconf 66' lang='grc' dir='ltr'>εὐμένειαν,</span> <span class='ocrx_word' id='word_1_54' title='bbox 1748 791 1847 859; x_wconf 70' lang='grc' dir='ltr'>τὴν</span> <span class='ocrx_word' id='word_1_55' title='bbox 1911 786 1969 843; x_wconf 75' lang='grc' dir='ltr'>δὲ</span> 
     </span>
    </p>
   </div>
   <div class='ocr_carea' id='block_1_9' title="bbox 305 869 1969 955">
    <p class='ocr_par' dir='ltr' id='par_1_9' title="bbox 305 869 1969 955">
     <span class='ocr_line' id='line_1_9' title="bbox 305 869 1969 955; baseline 0.004 -29"><span class='ocrx_word' id='word_1_56' title='bbox 305 869 594 928; x_wconf 87' lang='grc' dir='ltr'>δέσποιναν</span> <span class='ocrx_word' id='word_1_57' title='bbox 660 874 774 946; x_wconf 86' lang='grc' dir='ltr'>μετ’</span> <span class='ocrx_word' id='word_1_58' title='bbox 808 872 1028 929; x_wconf 76' lang='grc' dir='ltr'><strong>ἐκείνων</strong></span> <span class='ocrx_word' id='word_1_59' title='bbox 1083 877 1316 950; x_wconf 86' lang='grc' dir='ltr'>πέμπειν</span> <span class='ocrx_word' id='word_1_60' title='bbox 1377 876 1450 935; x_wconf 75' lang='grc' dir='ltr'><strong>ὠς</strong></span> <span class='ocrx_word' id='word_1_61' title='bbox 1510 879 1601 955; x_wconf 81' lang='grc' dir='ltr'><strong>ἀφ’</strong></span> <span class='ocrx_word' id='word_1_62' title='bbox 1650 878 1846 948; x_wconf 76' lang='grc' dir='ltr'>ἑαυτῆς</span> <span class='ocrx_word' id='word_1_63' title='bbox 1902 878 1969 933; x_wconf 68' lang='grc' dir='ltr'>τὶ</span> 
     </span>
    </p>
   </div>
   <div class='ocr_carea' id='block_1_10' title="bbox 303 962 1967 1042">
    <p class='ocr_par' dir='ltr' id='par_1_10' title="bbox 303 962 1967 1042">
     <span class='ocr_line' id='line_1_10' title="bbox 303 962 1967 1042; baseline 0.003 -27"><span class='ocrx_word' id='word_1_64' title='bbox 303 962 644 1036; x_wconf 84' lang='grc' dir='ltr'>νομίσματα.</span> <span class='ocrx_word' id='word_1_65' title='bbox 675 965 737 1016; x_wconf 89' lang='grc' dir='ltr'><strong>Ὃ</strong></span> <span class='ocrx_word' id='word_1_66' title='bbox 795 962 863 1033; x_wconf 74' lang='grc' dir='ltr'>δὴ</span> <span class='ocrx_word' id='word_1_67' title='bbox 921 964 1011 1020; x_wconf 83' lang='grc' dir='ltr'>καὶ</span> <span class='ocrx_word' id='word_1_68' title='bbox 1074 968 1189 1038; x_wconf 81' lang='grc' dir='ltr'>μετ’</span> <span class='ocrx_word' id='word_1_69' title='bbox 1221 965 1286 1021; x_wconf 82' lang='grc' dir='ltr'>οὐ</span> <span class='ocrx_word' id='word_1_70' title='bbox 1340 965 1484 1021; x_wconf 80' lang='grc' dir='ltr'>πολὺ</span> <span class='ocrx_word' id='word_1_71' title='bbox 1518 969 1843 1042; x_wconf 78' lang='grc' dir='ltr'>πέπρακται,</span> <span class='ocrx_word' id='word_1_72' title='bbox 1876 967 1967 1021; x_wconf 80' lang='grc' dir='ltr'>καὶ</span> 
     </span>
    </p>
   </div>
   <div class='ocr_carea' id='block_1_11' title="bbox 305 1050 1967 1133">
    <p class='ocr_par' dir='ltr' id='par_1_11' title="bbox 305 1050 1967 1133">
     <span class='ocr_line' id='line_1_11' title="bbox 305 1050 1967 1133; baseline 0.004 -27"><span class='ocrx_word' id='word_1_73' title='bbox 305 1050 747 1108; x_wconf 72' lang='grc' dir='ltr'>ἀποστέλλονται</span> <span class='ocrx_word' id='word_1_74' title='bbox 789 1055 816 1108; x_wconf 97' lang='lat'><strong>6</strong></span> <span class='ocrx_word' id='word_1_75' title='bbox 860 1062 960 1124; x_wconf 78' lang='grc' dir='ltr'><strong>τῆς</strong></span> <span class='ocrx_word' id='word_1_76' title='bbox 994 1055 1322 1127; x_wconf 82' lang='grc' dir='ltr'>Ἑκκλησίας</span> <span class='ocrx_word' id='word_1_77' title='bbox 1382 1057 1967 1133; x_wconf 75' lang='grc' dir='ltr'>ὑπομνηματογρᾶφος</span> 
     </span>
    </p>
   </div>
   <div class='ocr_carea' id='block_1_12' title="bbox 310 1144 1968 1222">
    <p class='ocr_par' dir='ltr' id='par_1_12' title="bbox 310 1144 1968 1222">
     <span class='ocr_line' id='line_1_12' title="bbox 310 1144 1968 1222; baseline 0.004 -27"><span class='ocrx_word' id='word_1_78' title='bbox 310 1144 602 1214; x_wconf 85' lang='grc' dir='ltr'>Γεμιστὸς,</span> <span class='ocrx_word' id='word_1_79' title='bbox 648 1144 675 1197; x_wconf 90' lang='lat'><strong>6</strong></span> <span class='ocrx_word' id='word_1_80' title='bbox 729 1148 827 1198; x_wconf 76' lang='grc' dir='ltr'><strong>τοῦ</strong></span> <span class='ocrx_word' id='word_1_81' title='bbox 889 1145 1175 1220; x_wconf 73' lang='grc' dir='ltr'>βασιλικοῦ</span> <span class='ocrx_word' id='word_1_82' title='bbox 1231 1145 1445 1222; x_wconf 73' lang='grc' dir='ltr'>κλήρου</span> <span class='ocrx_word' id='word_1_83' title='bbox 1504 1144 1890 1221; x_wconf 74' lang='grc' dir='ltr'>λαμπαδάριος</span> <span class='ocrx_word' id='word_1_84' title='bbox 1940 1148 1968 1201; x_wconf 89' lang='lat'><strong>6</strong></span> 
     </span>
    </p>
   </div>
   <div class='ocr_carea' id='block_1_13' title="bbox 305 1230 1971 1312">
    <p class='ocr_par' dir='ltr' id='par_1_13' title="bbox 305 1230 1971 1312">
     <span class='ocr_line' id='line_1_13' title="bbox 305 1230 1971 1312; baseline 0.002 -24"><span class='ocrx_word' id='word_1_85' title='bbox 305 1230 641 1303; x_wconf 73' lang='grc' dir='ltr'>Οῗναιώτης,</span> <span class='ocrx_word' id='word_1_86' title='bbox 700 1234 787 1288; x_wconf 81' lang='grc' dir='ltr'><strong>καὶ</strong></span> <span class='ocrx_word' id='word_1_87' title='bbox 876 1234 1057 1309; x_wconf 84' lang='grc' dir='ltr'>τρίτος</span> <span class='ocrx_word' id='word_1_88' title='bbox 1122 1236 1149 1288; x_wconf 92' lang='grc' dir='ltr'>ὁ</span> <span class='ocrx_word' id='word_1_89' title='bbox 1204 1243 1303 1305; x_wconf 80' lang='grc' dir='ltr'><strong>τῆς</strong></span> <span class='ocrx_word' id='word_1_90' title='bbox 1362 1236 1529 1311; x_wconf 82' lang='grc' dir='ltr'>Ἰερᾶς</span> <span class='ocrx_word' id='word_1_91' title='bbox 1606 1236 1971 1312; x_wconf 80' lang='grc' dir='ltr'>ἱερομόναχος</span> 
     </span>
    </p>
   </div>
   <div class='ocr_carea' id='block_1_14' title="bbox 306 1319 1970 1399">
    <p class='ocr_par' dir='ltr' id='par_1_14' title="bbox 306 1319 1970 1399">
     <span class='ocr_line' id='line_1_14' title="bbox 306 1319 1970 1399; baseline 0.001 -21"><span class='ocrx_word' id='word_1_92' title='bbox 306 1319 561 1396; x_wconf 73' lang='grc' dir='ltr'>Μάρκος,</span> <span class='ocrx_word' id='word_1_93' title='bbox 598 1319 788 1398; x_wconf 81' lang='grc' dir='ltr'>ἄνδρες</span> <span class='ocrx_word' id='word_1_94' title='bbox 844 1322 905 1377; x_wconf 77' lang='grc' dir='ltr'><strong>ἐκ</strong></span> <span class='ocrx_word' id='word_1_95' title='bbox 952 1325 1191 1380; x_wconf 76' lang='grc' dir='ltr'>παλαιοῦ</span> <span class='ocrx_word' id='word_1_96' title='bbox 1244 1324 1395 1393; x_wconf 81' lang='grc' dir='ltr'>φίλοι</span> <span class='ocrx_word' id='word_1_97' title='bbox 1448 1324 1635 1398; x_wconf 77' lang='grc' dir='ltr'>ἐκείνῳ</span> <span class='ocrx_word' id='word_1_98' title='bbox 1685 1326 1753 1380; x_wconf 76' lang='grc' dir='ltr'>τὰ</span> <span class='ocrx_word' id='word_1_99' title='bbox 1804 1323 1970 1399; x_wconf 71' lang='grc' dir='ltr'>μαλι-</span> 
     </span>
    </p>
   </div>
   <div class='ocr_carea' id='block_1_15' title="bbox 309 1408 1967 1489">
    <p class='ocr_par' dir='ltr' id='par_1_15' title="bbox 309 1408 1967 1489">
     <span class='ocr_line' id='line_1_15' title="bbox 309 1408 1967 1489; baseline 0.003 -26"><span class='ocrx_word' id='word_1_100' title='bbox 309 1431 436 1478; x_wconf 82' lang='grc' dir='ltr'>στα,</span> <span class='ocrx_word' id='word_1_101' title='bbox 464 1412 547 1473; x_wconf 79' lang='grc' dir='ltr'><strong>οἷς</strong></span> <span class='ocrx_word' id='word_1_102' title='bbox 583 1408 649 1480; x_wconf 78' lang='grc' dir='ltr'>δὴ</span> <span class='ocrx_word' id='word_1_103' title='bbox 682 1412 770 1465; x_wconf 80' lang='grc' dir='ltr'>καὶ</span> <span class='ocrx_word' id='word_1_104' title='bbox 821 1412 968 1486; x_wconf 82' lang='grc' dir='ltr'>παρᾶ</span> <span class='ocrx_word' id='word_1_105' title='bbox 1014 1420 1115 1483; x_wconf 72' lang='grc' dir='ltr'>τῆς</span> <span class='ocrx_word' id='word_1_106' title='bbox 1176 1410 1467 1484; x_wconf 79' lang='grc' dir='ltr'>δεσποίνης</span> <span class='ocrx_word' id='word_1_107' title='bbox 1524 1414 1589 1469; x_wconf 68' lang='grc' dir='ltr'><strong>τὰ</strong></span> <span class='ocrx_word' id='word_1_108' title='bbox 1639 1413 1715 1477; x_wconf 66' lang='grc' dir='ltr'>εἷς</span> <span class='ocrx_word' id='word_1_109' title='bbox 1776 1416 1967 1489; x_wconf 86' lang='grc' dir='ltr'>χρείαν</span> 
     </span>
    </p>
   </div>
   <div class='ocr_carea' id='block_1_16' title="bbox 305 1498 1968 1578">
    <p class='ocr_par' dir='ltr' id='par_1_16' title="bbox 305 1498 1968 1578">
     <span class='ocr_line' id='line_1_16' title="bbox 305 1498 1968 1578; baseline 0.004 -26"><span class='ocrx_word' id='word_1_110' title='bbox 305 1498 835 1557; x_wconf 81' lang='grc' dir='ltr'>συναπεστέλλοντο.</span> <span class='ocrx_word' id='word_1_111' title='bbox 892 1505 981 1573; x_wconf 81' lang='grc' dir='ltr'><strong>Τῷ</strong></span> <span class='ocrx_word' id='word_1_112' title='bbox 1042 1503 1136 1575; x_wconf 74' lang='grc' dir='ltr'>μὲν</span> <span class='ocrx_word' id='word_1_113' title='bbox 1198 1500 1288 1557; x_wconf 78' lang='grc' dir='ltr'>οὖν</span> <span class='ocrx_word' id='word_1_114' title='bbox 1361 1503 1577 1578; x_wconf 79' lang='grc' dir='ltr'>βασιλεῖ</span> <span class='ocrx_word' id='word_1_115' title='bbox 1635 1502 1733 1558; x_wconf 81' lang='grc' dir='ltr'>οὐκ</span> <span class='ocrx_word' id='word_1_116' title='bbox 1788 1504 1854 1572; x_wconf 75' lang='grc' dir='ltr'>ἦν</span> <span class='ocrx_word' id='word_1_117' title='bbox 1916 1504 1968 1566; x_wconf 73' lang='grc' dir='ltr'>ἐς</span> 
     </span>
    </p>
   </div>
   <div class='ocr_carea' id='block_1_17' title="bbox 303 1589 1972 1670">
    <p class='ocr_par' dir='ltr' id='par_1_17' title="bbox 303 1589 1972 1670">
     <span class='ocr_line' id='line_1_17' title="bbox 303 1589 1972 1670; baseline 0.003 -27"><span class='ocrx_word' id='word_1_118' title='bbox 303 1592 576 1644; x_wconf 72' lang='grc' dir='ltr'>τοσοῦτον</span> <span class='ocrx_word' id='word_1_119' title='bbox 631 1590 699 1644; x_wconf 70' lang='grc' dir='ltr'><strong>τὰ</strong></span> <span class='ocrx_word' id='word_1_120' title='bbox 749 1597 849 1659; x_wconf 77' lang='grc' dir='ltr'><strong>τῆς</strong></span> <span class='ocrx_word' id='word_1_121' title='bbox 892 1589 1157 1661; x_wconf 79' lang='grc' dir='ltr'>σπουδῆς,</span> <span class='ocrx_word' id='word_1_122' title='bbox 1190 1591 1335 1647; x_wconf 83' lang='grc' dir='ltr'>ἀλλᾶ</span> <span class='ocrx_word' id='word_1_123' title='bbox 1364 1594 1452 1647; x_wconf 73' lang='grc' dir='ltr'>καὶ</span> <span class='ocrx_word' id='word_1_124' title='bbox 1483 1594 1544 1647; x_wconf 88' lang='grc' dir='ltr'>τὸ</span> <span class='ocrx_word' id='word_1_125' title='bbox 1575 1591 1742 1647; x_wconf 84' lang='grc' dir='ltr'>πλέον</span> <span class='ocrx_word' id='word_1_126' title='bbox 1801 1614 1972 1670; x_wconf 89' lang='grc' dir='ltr'>προσ-</span> 
     </span>
    </p>
   </div>
   <div class='ocr_carea' id='block_1_18' title="bbox 301 1677 1967 1757">
    <p class='ocr_par' dir='ltr' id='par_1_18' title="bbox 301 1677 1967 1757">
     <span class='ocr_line' id='line_1_18' title="bbox 301 1677 1967 1757; baseline 0.003 -24"><span class='ocrx_word' id='word_1_127' title='bbox 301 1680 585 1748; x_wconf 72' lang='grc' dir='ltr'>επεζήτιι,</span> <span class='ocrx_word' id='word_1_128' title='bbox 621 1677 838 1752; x_wconf 74' lang='grc' dir='ltr'>μᾶλλον</span> <span class='ocrx_word' id='word_1_129' title='bbox 897 1678 955 1734; x_wconf 77' lang='grc' dir='ltr'>δὲ</span> <span class='ocrx_word' id='word_1_130' title='bbox 1007 1682 1095 1736; x_wconf 78' lang='grc' dir='ltr'><strong>καὶ</strong></span> <span class='ocrx_word' id='word_1_131' title='bbox 1150 1680 1217 1735; x_wconf 76' lang='grc' dir='ltr'>οὗ</span> <span class='ocrx_word' id='word_1_132' title='bbox 1272 1681 1433 1757; x_wconf 78' lang='grc' dir='ltr'>χάριν</span> <span class='ocrx_word' id='word_1_133' title='bbox 1473 1683 1622 1737; x_wconf 74' lang='grc' dir='ltr'>ταῦτ’</span> <span class='ocrx_word' id='word_1_134' title='bbox 1653 1682 1967 1757; x_wconf 75' lang='grc' dir='ltr'>ἐπράττετο.</span> 
     </span>
    </p>
   </div>
   <div class='ocr_carea' id='block_1_19' title="bbox 2073 518 3724 600">
    <p class='ocr_par' dir='ltr' id='par_1_19' title="bbox 2073 518 3724 600">
     <span class='ocr_line' id='line_1_19' title="bbox 2073 518 3724 600; baseline 0.009 -27"><span class='ocrx_word' id='word_1_135' title='bbox 2073 518 2421 594; x_wconf 74' lang='grc' dir='ltr'>συνόδοο,τὸν</span> <span class='ocrx_word' id='word_1_136' title='bbox 2457 519 2512 575; x_wconf 78' lang='grc' dir='ltr'>δὶ</span> <span class='ocrx_word' id='word_1_137' title='bbox 2554 520 2789 577; x_wconf 69' lang='grc' dir='ltr'>λύσαντα</span> <span class='ocrx_word' id='word_1_138' title='bbox 2825 525 3103 600; x_wconf 63' lang='grc' dir='ltr'>ὑφεωρᾶτο</span> <span class='ocrx_word' id='word_1_139' title='bbox 3142 527 3215 599; x_wconf 80' lang='grc' dir='ltr'>μή</span> <span class='ocrx_word' id='word_1_140' title='bbox 3248 527 3337 581; x_wconf 75' lang='grc' dir='ltr'>καὶ</span> <span class='ocrx_word' id='word_1_141' title='bbox 3372 526 3516 599; x_wconf 81' lang='grc' dir='ltr'>δόξοι</span> <span class='ocrx_word' id='word_1_142' title='bbox 3550 530 3724 587; x_wconf 79' lang='grc' dir='ltr'>ἄλυτα</span> 
     </span>
    </p>
   </div>
   <div class='ocr_carea' id='block_1_20' title="bbox 2070 607 3724 695">
    <p class='ocr_par' dir='ltr' id='par_1_20' title="bbox 2070 607 3724 695">
     <span class='ocr_line' id='line_1_20' title="bbox 2070 607 3724 695; baseline 0.007 -32"><span class='ocrx_word' id='word_1_143' title='bbox 2070 607 2215 663; x_wconf 67' lang='grc' dir='ltr'>λύων</span> <span class='ocrx_word' id='word_1_144' title='bbox 2250 609 2308 665; x_wconf 79' lang='grc' dir='ltr'>ἐκ</span> <span class='ocrx_word' id='word_1_145' title='bbox 2336 616 2432 665; x_wconf 69' lang='grc' dir='ltr'><strong>τοῦ</strong></span> <span class='ocrx_word' id='word_1_146' title='bbox 2464 611 2599 685; x_wconf 82' lang='grc' dir='ltr'>πρὸς</span> <span class='ocrx_word' id='word_1_147' title='bbox 2651 612 2854 667; x_wconf 77' lang='grc' dir='ltr'>ἐκεῖνον</span> <span class='ocrx_word' id='word_1_148' title='bbox 2905 614 2997 667; x_wconf 73' lang='grc' dir='ltr'><strong>τὸν</strong></span> <span class='ocrx_word' id='word_1_149' title='bbox 3055 611 3185 668; x_wconf 87' lang='grc' dir='ltr'>λαὸν</span> <span class='ocrx_word' id='word_1_150' title='bbox 3229 614 3515 693; x_wconf 77' lang='grc' dir='ltr'>ὀλιγώρως</span> <span class='ocrx_word' id='word_1_151' title='bbox 3576 614 3724 695; x_wconf 48' lang='grc' dir='ltr'>ἥσειν</span> 
     </span>
    </p>
   </div>
   <div class='ocr_carea' id='block_1_21' title="bbox 2068 697 3725 782">
    <p class='ocr_par' dir='ltr' id='par_1_21' title="bbox 2068 697 3725 782">
     <span class='ocr_line' id='line_1_21' title="bbox 2068 697 3725 782; baseline 0.005 -30"><span class='ocrx_word' id='word_1_152' title='bbox 2068 699 2227 753; x_wconf 72' lang='grc' dir='ltr'>τοῦτο</span> <span class='ocrx_word' id='word_1_153' title='bbox 2294 700 2387 771; x_wconf 74' lang='grc' dir='ltr'>μὲν</span> <span class='ocrx_word' id='word_1_154' title='bbox 2451 697 2541 754; x_wconf 71' lang='grc' dir='ltr'><strong>διὰ</strong></span> <span class='ocrx_word' id='word_1_155' title='bbox 2596 701 2657 755; x_wconf 86' lang='grc' dir='ltr'><strong>τὸ</strong></span> <span class='ocrx_word' id='word_1_156' title='bbox 2720 703 2795 773; x_wconf 74' lang='grc' dir='ltr'>μὴ</span> <span class='ocrx_word' id='word_1_157' title='bbox 2862 700 2944 755; x_wconf 83' lang='grc' dir='ltr'><strong>ἐπ’</strong></span> <span class='ocrx_word' id='word_1_158' title='bbox 2992 701 3180 775; x_wconf 78' lang='grc' dir='ltr'>ἐκείνῳ</span> <span class='ocrx_word' id='word_1_159' title='bbox 3230 702 3725 782; x_wconf 69' lang='grc' dir='ltr'>πληροφορεῖσθαι,</span> 
     </span>
    </p>
   </div>
   <div class='ocr_carea' id='block_1_22' title="bbox 2068 785 3730 869">
    <p class='ocr_par' dir='ltr' id='par_1_22' title="bbox 2068 785 3730 869">
     <span class='ocr_line' id='line_1_22' title="bbox 2068 785 3730 869; baseline 0.005 -27"><span class='ocrx_word' id='word_1_160' title='bbox 2068 793 2229 843; x_wconf 73' lang='grc' dir='ltr'>τοῦτο</span> <span class='ocrx_word' id='word_1_161' title='bbox 2264 785 2438 842; x_wconf 75' lang='grc' dir='ltr'>δὲκαὶ</span> <span class='ocrx_word' id='word_1_162' title='bbox 2473 788 2561 843; x_wconf 71' lang='grc' dir='ltr'><strong>διὰ</strong></span> <span class='ocrx_word' id='word_1_163' title='bbox 2604 792 2705 859; x_wconf 74' lang='grc' dir='ltr'>τὴν</span> <span class='ocrx_word' id='word_1_164' title='bbox 2768 790 3177 867; x_wconf 71' lang='grc' dir='ltr'>ἐμφαινομένην</span> <span class='ocrx_word' id='word_1_165' title='bbox 3235 798 3331 848; x_wconf 71' lang='grc' dir='ltr'><strong>τοῦ</strong></span> <span class='ocrx_word' id='word_1_166' title='bbox 3385 795 3576 867; x_wconf 84' lang='grc' dir='ltr'>Θρόνου</span> <span class='ocrx_word' id='word_1_167' title='bbox 3640 818 3730 869; x_wconf 83' lang='grc' dir='ltr'>με·</span> 
     </span>
    </p>
   </div>
   <div class='ocr_carea' id='block_1_23' title="bbox 2069 874 3728 959">
    <p class='ocr_par' dir='ltr' id='par_1_23' title="bbox 2069 874 3728 959">
     <span class='ocr_line' id='line_1_23' title="bbox 2069 874 3728 959; baseline 0.005 -28"><span class='ocrx_word' id='word_1_168' title='bbox 2069 878 2304 933; x_wconf 78' lang='grc' dir='ltr'>τάοεσιν.</span> <span class='ocrx_word' id='word_1_169' title='bbox 2336 877 2398 934; x_wconf 78' lang='grc' dir='ltr'>Ὀ</span> <span class='ocrx_word' id='word_1_170' title='bbox 2450 874 2496 931; x_wconf 88' lang='grc' dir='ltr'>δ’</span> <span class='ocrx_word' id='word_1_171' title='bbox 2529 876 2734 939; x_wconf 76' lang='grc' dir='ltr'>ἑννοίας</span> <span class='ocrx_word' id='word_1_172' title='bbox 2790 878 3047 940; x_wconf 64' lang='grc' dir='ltr'>τοιαύτας</span> <span class='ocrx_word' id='word_1_173' title='bbox 3098 876 3432 936; x_wconf 76' lang='grc' dir='ltr'>ὑποϐάλλων</span> <span class='ocrx_word' id='word_1_174' title='bbox 3494 888 3572 955; x_wconf 77' lang='grc' dir='ltr'>τῷ</span> <span class='ocrx_word' id='word_1_175' title='bbox 3632 886 3728 959; x_wconf 84' lang='grc' dir='ltr'><strong>βα-</strong></span> 
     </span>
    </p>
   </div>
   <div class='ocr_carea' id='block_1_24' title="bbox 2073 964 3727 1047">
    <p class='ocr_par' dir='ltr' id='par_1_24' title="bbox 2073 964 3727 1047">
     <span class='ocr_line' id='line_1_24' title="bbox 2073 964 3727 1047; baseline 0.007 -30"><span class='ocrx_word' id='word_1_176' title='bbox 2073 964 2216 1020; x_wconf 82' lang='grc' dir='ltr'>σιλεῖ</span> <span class='ocrx_word' id='word_1_177' title='bbox 2247 967 2273 1021; x_wconf 92' lang='lat'><strong>6</strong></span> <span class='ocrx_word' id='word_1_178' title='bbox 2305 964 2578 1034; x_wconf 57' lang='grc' dir='ltr'>δηλωθεθς</span> <span class='ocrx_word' id='word_1_179' title='bbox 2640 967 2918 1037; x_wconf 81' lang='grc' dir='ltr'>Γαλησίου</span> <span class='ocrx_word' id='word_1_180' title='bbox 2976 970 3041 1037; x_wconf 81' lang='grc' dir='ltr'>ἦν</span> <span class='ocrx_word' id='word_1_181' title='bbox 3072 971 3294 1047; x_wconf 68' lang='grc' dir='ltr'>Ἰωσήφ,</span> <span class='ocrx_word' id='word_1_182' title='bbox 3329 972 3387 1033; x_wconf 81' lang='grc' dir='ltr'>ὃς</span> <span class='ocrx_word' id='word_1_183' title='bbox 3449 972 3508 1026; x_wconf 80' lang='grc' dir='ltr'>οὐ</span> <span class='ocrx_word' id='word_1_184' title='bbox 3566 974 3727 1029; x_wconf 85' lang='grc' dir='ltr'>τόσον</span> 
     </span>
    </p>
   </div>
   <div class='ocr_carea' id='block_1_25' title="bbox 2075 1054 3731 1134">
    <p class='ocr_par' dir='ltr' id='par_1_25' title="bbox 2075 1054 3731 1134">
     <span class='ocr_line' id='line_1_25' title="bbox 2075 1054 3731 1134; baseline 0.005 -26"><span class='ocrx_word' id='word_1_185' title='bbox 2075 1054 2395 1128; x_wconf 78' lang='grc' dir='ltr'>ὑπερεπάθει</span> <span class='ocrx_word' id='word_1_186' title='bbox 2448 1059 2545 1109; x_wconf 75' lang='grc' dir='ltr'><strong>τοῦ</strong></span> <span class='ocrx_word' id='word_1_187' title='bbox 2601 1055 2880 1129; x_wconf 83' lang='grc' dir='ltr'>Ἀρσενίου</span> <span class='ocrx_word' id='word_1_188' title='bbox 2938 1056 3063 1111; x_wconf 80' lang='grc' dir='ltr'>ὅσον</span> <span class='ocrx_word' id='word_1_189' title='bbox 3128 1063 3209 1130; x_wconf 69' lang='grc' dir='ltr'>τῷ</span> <span class='ocrx_word' id='word_1_190' title='bbox 3268 1066 3523 1134; x_wconf 83' lang='grc' dir='ltr'>Γερμανῷ</span> <span class='ocrx_word' id='word_1_191' title='bbox 3586 1063 3731 1133; x_wconf 78' lang='grc' dir='ltr'>ἀπη-</span> 
     </span>
    </p>
   </div>
   <div class='ocr_carea' id='block_1_26' title="bbox 2073 1141 3731 1223">
    <p class='ocr_par' dir='ltr' id='par_1_26' title="bbox 2073 1141 3731 1223">
     <span class='ocr_line' id='line_1_26' title="bbox 2073 1141 3731 1223; baseline 0.006 -27"><span class='ocrx_word' id='word_1_192' title='bbox 2073 1146 2305 1219; x_wconf 72' lang='grc' dir='ltr'>χθάνετο</span> <span class='ocrx_word' id='word_1_193' title='bbox 2332 1141 2419 1197; x_wconf 73' lang='grc' dir='ltr'><strong>διὰ</strong></span> <span class='ocrx_word' id='word_1_194' title='bbox 2448 1145 2547 1212; x_wconf 78' lang='grc' dir='ltr'>τὴν</span> <span class='ocrx_word' id='word_1_195' title='bbox 2582 1143 2641 1198; x_wconf 77' lang='grc' dir='ltr'><strong>ἐκ</strong></span> <span class='ocrx_word' id='word_1_196' title='bbox 2670 1144 2861 1218; x_wconf 80' lang='grc' dir='ltr'>Ορόνου</span> <span class='ocrx_word' id='word_1_197' title='bbox 2911 1151 3167 1201; x_wconf 80' lang='grc' dir='ltr'>ταπεινοῦ</span> <span class='ocrx_word' id='word_1_198' title='bbox 3227 1146 3302 1209; x_wconf 78' lang='grc' dir='ltr'><strong>εἰς</strong></span> <span class='ocrx_word' id='word_1_199' title='bbox 3358 1150 3450 1203; x_wconf 84' lang='grc' dir='ltr'><strong>τὸν</strong></span> <span class='ocrx_word' id='word_1_200' title='bbox 3504 1150 3731 1223; x_wconf 82' lang='grc' dir='ltr'>ὑπέρτα-</span> 
     </span>
    </p>
   </div>
   <div class='ocr_carea' id='block_1_27' title="bbox 2073 1230 3734 1309">
    <p class='ocr_par' dir='ltr' id='par_1_27' title="bbox 2073 1230 3734 1309">
     <span class='ocr_line' id='line_1_27' title="bbox 2073 1230 3734 1309; baseline 0.005 -23"><span class='ocrx_word' id='word_1_201' title='bbox 2073 1254 2164 1287; x_wconf 87' lang='grc' dir='ltr'><strong>τον</strong></span> <span class='ocrx_word' id='word_1_202' title='bbox 2218 1230 2569 1302; x_wconf 78' lang='grc' dir='ltr'>ἒπιπήδησιν.</span> <span class='ocrx_word' id='word_1_203' title='bbox 2616 1236 2701 1303; x_wconf 82' lang='grc' dir='ltr'><strong>Τῷ</strong></span> <span class='ocrx_word' id='word_1_204' title='bbox 2753 1253 2838 1286; x_wconf 91' lang='grc' dir='ltr'><strong>τοι</strong></span> <span class='ocrx_word' id='word_1_205' title='bbox 2886 1233 2975 1287; x_wconf 83' lang='grc' dir='ltr'>καὶ</span> <span class='ocrx_word' id='word_1_206' title='bbox 3035 1234 3282 1309; x_wconf 78' lang='grc' dir='ltr'>ἐσχίζετο</span> <span class='ocrx_word' id='word_1_207' title='bbox 3346 1238 3438 1308; x_wconf 76' lang='grc' dir='ltr'>μὲν</span> <span class='ocrx_word' id='word_1_208' title='bbox 3502 1238 3734 1309; x_wconf 80' lang='grc' dir='ltr'>ἐκεῖνος,</span> 
     </span>
    </p>
   </div>
   <div class='ocr_carea' id='block_1_28' title="bbox 2080 1319 3733 1402">
    <p class='ocr_par' dir='ltr' id='par_1_28' title="bbox 2080 1319 3733 1402">
     <span class='ocr_line' id='line_1_28' title="bbox 2080 1319 3733 1402; baseline 0.003 -26"><span class='ocrx_word' id='word_1_209' title='bbox 2080 1320 2321 1376; x_wconf 75' lang='grc' dir='ltr'>ὑπέτεινε</span> <span class='ocrx_word' id='word_1_210' title='bbox 2353 1319 2409 1375; x_wconf 78' lang='grc' dir='ltr'>δὲ</span> <span class='ocrx_word' id='word_1_211' title='bbox 2461 1320 2551 1375; x_wconf 82' lang='grc' dir='ltr'>καὶ</span> <span class='ocrx_word' id='word_1_212' title='bbox 2609 1325 2689 1393; x_wconf 77' lang='grc' dir='ltr'>τῷ</span> <span class='ocrx_word' id='word_1_213' title='bbox 2747 1322 2963 1396; x_wconf 70' lang='grc' dir='ltr'>βασιλεῖ</span> <span class='ocrx_word' id='word_1_214' title='bbox 3021 1322 3080 1376; x_wconf 80' lang='grc' dir='ltr'>οὐ</span> <span class='ocrx_word' id='word_1_215' title='bbox 3135 1322 3308 1384; x_wconf 76' lang='grc' dir='ltr'>καλὰς</span> <span class='ocrx_word' id='word_1_216' title='bbox 3347 1324 3551 1387; x_wconf 77' lang='grc' dir='ltr'>ἐννοίας</span> <span class='ocrx_word' id='word_1_217' title='bbox 3608 1328 3733 1402; x_wconf 84' lang='grc' dir='ltr'>περὶ</span> 
     </span>
    </p>
   </div>
   <div class='ocr_carea' id='block_1_29' title="bbox 2075 1408 3729 1488">
    <p class='ocr_par' dir='ltr' id='par_1_29' title="bbox 2075 1408 3729 1488">
     <span class='ocr_line' id='line_1_29' title="bbox 2075 1408 3729 1488; baseline 0.003 -24"><span class='ocrx_word' id='word_1_218' title='bbox 2075 1408 2281 1464; x_wconf 79' lang='grc' dir='ltr'>ἐκείνου</span> <span class='ocrx_word' id='word_1_219' title='bbox 2332 1411 2407 1474; x_wconf 86' lang='grc' dir='ltr'><strong>ὡς</strong></span> <span class='ocrx_word' id='word_1_220' title='bbox 2461 1411 2525 1465; x_wconf 79' lang='grc' dir='ltr'>οὗ</span> <span class='ocrx_word' id='word_1_221' title='bbox 2586 1408 2867 1482; x_wconf 73' lang='grc' dir='ltr'>λύσοντος,</span> <span class='ocrx_word' id='word_1_222' title='bbox 2902 1408 2961 1464; x_wconf 75' lang='grc' dir='ltr'>ἄν</span> <span class='ocrx_word' id='word_1_223' title='bbox 3018 1432 3078 1487; x_wconf 81' lang='grc' dir='ltr'>γε</span> <span class='ocrx_word' id='word_1_224' title='bbox 3118 1412 3207 1466; x_wconf 82' lang='grc' dir='ltr'>καὶ</span> <span class='ocrx_word' id='word_1_225' title='bbox 3241 1410 3364 1467; x_wconf 78' lang='grc' dir='ltr'>λύοι</span> <span class='ocrx_word' id='word_1_226' title='bbox 3400 1430 3413 1444; x_wconf 81' lang='grc'><strong><em>⁸</em></strong></span> <span class='ocrx_word' id='word_1_227' title='bbox 3449 1412 3572 1469; x_wconf 72' lang='grc' dir='ltr'>οὔτε</span> <span class='ocrx_word' id='word_1_228' title='bbox 3625 1417 3729 1488; x_wconf 72' lang='grc' dir='ltr'>γὰρ</span> 
     </span>
    </p>
   </div>
   <div class='ocr_carea' id='block_1_30' title="bbox 2076 1496 3734 1575">
    <p class='ocr_par' dir='ltr' id='par_1_30' title="bbox 2076 1496 3734 1575">
     <span class='ocr_line' id='line_1_30' title="bbox 2076 1496 3734 1575; baseline 0.004 -24"><span class='ocrx_word' id='word_1_229' title='bbox 2076 1498 2261 1552; x_wconf 77' lang='grc' dir='ltr'>ἱκανὸν</span> <span class='ocrx_word' id='word_1_230' title='bbox 2314 1499 2442 1553; x_wconf 70' lang='grc' dir='ltr'>εἶναι</span> <span class='ocrx_word' id='word_1_231' title='bbox 2492 1502 2651 1553; x_wconf 73' lang='grc' dir='ltr'>τοῦτο</span> <span class='ocrx_word' id='word_1_232' title='bbox 2709 1500 2855 1573; x_wconf 76' lang='grc' dir='ltr'>παρὰ</span> <span class='ocrx_word' id='word_1_233' title='bbox 2912 1496 3030 1572; x_wconf 77' lang='grc' dir='ltr'><strong>Θεῷ</strong></span> <span class='ocrx_word' id='word_1_234' title='bbox 3112 1501 3202 1554; x_wconf 83' lang='grc' dir='ltr'>καὶ</span> <span class='ocrx_word' id='word_1_235' title='bbox 3275 1499 3559 1575; x_wconf 65' lang='grc' dir='ltr'>αὔταρκες,</span> <span class='ocrx_word' id='word_1_236' title='bbox 3622 1502 3734 1558; x_wconf 73' lang='grc' dir='ltr'>οὔτ’</span> 
     </span>
    </p>
   </div>
   <div class='ocr_carea' id='block_1_31' title="bbox 2077 1587 3734 1667">
    <p class='ocr_par' dir='ltr' id='par_1_31' title="bbox 2077 1587 3734 1667">
     <span class='ocr_line' id='line_1_31' title="bbox 2077 1587 3734 1667; baseline 0.003 -26"><span class='ocrx_word' id='word_1_237' title='bbox 2077 1587 2491 1662; x_wconf 75' lang='grc' dir='ltr'>ἀκατάγνωστον</span> <span class='ocrx_word' id='word_1_238' title='bbox 2541 1593 2620 1660; x_wconf 79' lang='grc' dir='ltr'>τῷ</span> <span class='ocrx_word' id='word_1_239' title='bbox 2683 1588 2917 1663; x_wconf 83' lang='grc' dir='ltr'>βασιλεῖ.</span> <span class='ocrx_word' id='word_1_240' title='bbox 2950 1590 3040 1650; x_wconf 74' lang='grc' dir='ltr'>Ὡς</span> <span class='ocrx_word' id='word_1_241' title='bbox 3089 1595 3217 1664; x_wconf 72' lang='grc' dir='ltr'>γοῦν</span> <span class='ocrx_word' id='word_1_242' title='bbox 3244 1593 3395 1645; x_wconf 78' lang='grc' dir='ltr'>ταῦτ’</span> <span class='ocrx_word' id='word_1_243' title='bbox 3422 1590 3601 1667; x_wconf 83' lang='grc' dir='ltr'>ἔλεγεν</span> <span class='ocrx_word' id='word_1_244' title='bbox 3661 1594 3734 1654; x_wconf 84' lang='grc' dir='ltr'><strong>ὡς</strong></span> 
     </span>
    </p>
   </div>
   <div class='ocr_carea' id='block_1_32' title="bbox 2078 1677 3733 1754">
    <p class='ocr_par' dir='ltr' id='par_1_32' title="bbox 2078 1677 3733 1754">
     <span class='ocr_line' id='line_1_32' title="bbox 2078 1677 3733 1754; baseline 0.002 -21"><span class='ocrx_word' id='word_1_245' title='bbox 2078 1677 2129 1733; x_wconf 84' lang='grc' dir='ltr'>ἐν</span> <span class='ocrx_word' id='word_1_246' title='bbox 2192 1679 2503 1753; x_wconf 80' lang='grc' dir='ltr'>ἀνθρώποις</span> <span class='ocrx_word' id='word_1_247' title='bbox 2580 1678 2653 1740; x_wconf 57' lang='grc' dir='ltr'>εἷς</span> <span class='ocrx_word' id='word_1_248' title='bbox 2736 1678 2941 1754; x_wconf 86' lang='grc' dir='ltr'>πατέρα</span> <span class='ocrx_word' id='word_1_249' title='bbox 3021 1680 3349 1753; x_wconf 86' lang='grc' dir='ltr'>τεταγμένος</span> <span class='ocrx_word' id='word_1_250' title='bbox 3420 1681 3587 1753; x_wconf 80' lang='grc' dir='ltr'>αὐτῷ,</span> <span class='ocrx_word' id='word_1_251' title='bbox 3643 1684 3733 1737; x_wconf 82' lang='grc' dir='ltr'>καὶ</span> 
     </span>
    </p>
   </div>
   <div class='ocr_carea' id='block_1_33' title="bbox 302 1762 3736 1858">
    <p class='ocr_par' dir='ltr' id='par_1_33' title="bbox 302 1762 3736 1858">
     <span class='ocr_line' id='line_1_33' title="bbox 302 1762 3736 1858; baseline 0.001 -36"><span class='ocrx_word' id='word_1_252' title='bbox 302 1766 385 1822; x_wconf 84' lang='grc' dir='ltr'>Τὸ</span> <span class='ocrx_word' id='word_1_253' title='bbox 419 1762 550 1835; x_wconf 79' lang='grc' dir='ltr'>δ’ἦν</span> <span class='ocrx_word' id='word_1_254' title='bbox 582 1765 687 1843; x_wconf 82' lang='grc' dir='ltr'>ἄρα</span> <span class='ocrx_word' id='word_1_255' title='bbox 718 1765 844 1822; x_wconf 80' lang='grc' dir='ltr'>ὅσον</span> <span class='ocrx_word' id='word_1_256' title='bbox 876 1766 927 1823; x_wconf 82' lang='grc' dir='ltr'>ἐν</span> <span class='ocrx_word' id='word_1_257' title='bbox 960 1765 1171 1842; x_wconf 79' lang='grc' dir='ltr'>σπουδῇ</span> <span class='ocrx_word' id='word_1_258' title='bbox 1230 1767 1439 1823; x_wconf 79' lang='grc' dir='ltr'>ἐκείνου</span> <span class='ocrx_word' id='word_1_259' title='bbox 1495 1774 1591 1825; x_wconf 68' lang='grc' dir='ltr'><strong>τοῦ</strong></span> <span class='ocrx_word' id='word_1_260' title='bbox 1650 1771 1966 1840; x_wconf 77' lang='grc' dir='ltr'>ἀνυσθῆναι,</span> <span class='ocrx_word' id='word_1_261' title='bbox 2002 1796 2045 1858; x_wconf 73' lang='grc' dir='ltr'><strong>Β</strong></span> <span class='ocrx_word' id='word_1_262' title='bbox 2080 1768 2283 1831; x_wconf 82' lang='grc' dir='ltr'>πείθειν</span> <span class='ocrx_word' id='word_1_263' title='bbox 2342 1768 2410 1836; x_wconf 75' lang='grc' dir='ltr'>ἦν</span> <span class='ocrx_word' id='word_1_264' title='bbox 2466 1768 2669 1823; x_wconf 77' lang='grc' dir='ltr'>ἐκεῖνον</span> <span class='ocrx_word' id='word_1_265' title='bbox 2724 1766 2784 1822; x_wconf 82' lang='grc' dir='ltr'>ἐκ</span> <span class='ocrx_word' id='word_1_266' title='bbox 2836 1773 2931 1822; x_wconf 78' lang='grc' dir='ltr'><strong>τοῦ</strong></span> <span class='ocrx_word' id='word_1_267' title='bbox 2989 1769 3292 1843; x_wconf 83' lang='grc' dir='ltr'>προχείρου</span> <span class='ocrx_word' id='word_1_268' title='bbox 3346 1776 3436 1824; x_wconf 85' lang='grc' dir='ltr'><strong>καί</strong></span> <span class='ocrx_word' id='word_1_269' title='bbox 3490 1768 3559 1824; x_wconf 87' lang='grc' dir='ltr'><strong>δι’</strong></span> <span class='ocrx_word' id='word_1_270' title='bbox 3589 1769 3736 1827; x_wconf 74' lang='grc' dir='ltr'>ἄλλα</span> 
     </span>
    </p>
   </div>
   <div class='ocr_carea' id='block_1_34' title="bbox 298 1853 1971 1933">
    <p class='ocr_par' dir='ltr' id='par_1_34' title="bbox 298 1853 1971 1933">
     <span class='ocr_line' id='line_1_34' title="bbox 298 1853 1971 1933; baseline 0.004 -26"><span class='ocrx_word' id='word_1_271' title='bbox 298 1854 471 1908; x_wconf 80' lang='grc' dir='ltr'>τόσον</span> <span class='ocrx_word' id='word_1_272' title='bbox 526 1853 579 1909; x_wconf 82' lang='grc' dir='ltr'>ἐν</span> <span class='ocrx_word' id='word_1_273' title='bbox 641 1856 845 1932; x_wconf 76' lang='grc' dir='ltr'>ἀπορίᾳ</span> <span class='ocrx_word' id='word_1_274' title='bbox 898 1862 994 1912; x_wconf 73' lang='lat'><strong>105</strong></span> <span class='ocrx_word' id='word_1_275' title='bbox 1052 1861 1169 1919; x_wconf 80' lang='grc' dir='ltr'><strong>πῶς</strong></span> <span class='ocrx_word' id='word_1_276' title='bbox 1224 1856 1284 1911; x_wconf 78' lang='grc' dir='ltr'>ἂν</span> <span class='ocrx_word' id='word_1_277' title='bbox 1346 1858 1595 1928; x_wconf 83' lang='grc' dir='ltr'>ἀνυσθείη</span> <span class='ocrx_word' id='word_1_278' title='bbox 1679 1858 1769 1913; x_wconf 81' lang='grc' dir='ltr'><strong>καὶ</strong></span> <span class='ocrx_word' id='word_1_279' title='bbox 1825 1860 1971 1933; x_wconf 85' lang='grc' dir='ltr'><strong>παρά</strong></span> 
     </span>
    </p>
   </div>
   <div class='ocr_carea' id='block_1_35' title="bbox 302 1942 479 2007">
    <p class='ocr_par' dir='ltr' id='par_1_35' title="bbox 302 1942 479 2007">
     <span class='ocr_line' id='line_1_35' title="bbox 302 1942 479 2007; baseline 0.006 -10"><span class='ocrx_word' id='word_1_280' title='bbox 302 1942 479 2007; x_wconf 83' lang='grc' dir='ltr'>τίνος.</span> 
     </span>
    </p>
   </div>
   <div class='ocr_carea' id='block_1_36' title="bbox 308 2048 1967 2127">
    <p class='ocr_par' dir='ltr' id='par_1_36' title="bbox 308 2048 1967 2127">
     <span class='ocr_line' id='line_1_36' title="bbox 308 2048 1967 2127; baseline 0.003 -25"><span class='ocrx_word' id='word_1_281' title='bbox 308 2051 398 2119; x_wconf 80' lang='grc' dir='ltr'>ιζ’.</span> <span class='ocrx_word' id='word_1_282' title='bbox 430 2052 621 2114; x_wconf 63' lang='lat' dir='ltr'><strong>&quot;Ome:</strong></span> <span class='ocrx_word' id='word_1_283' title='bbox 654 2052 682 2106; x_wconf 91' lang='lat'><strong>6</strong></span> <span class='ocrx_word' id='word_1_284' title='bbox 717 2052 971 2127; x_wconf 74' lang='grc' dir='ltr'>βασιλεὺς</span> <span class='ocrx_word' id='word_1_285' title='bbox 1004 2048 1323 2127; x_wconf 70' lang='grc' dir='ltr'>ἐϐουλεύετο</span> <span class='ocrx_word' id='word_1_286' title='bbox 1354 2054 1421 2127; x_wconf 74' lang='grc' dir='ltr'><strong>τὰ</strong></span> <span class='ocrx_word' id='word_1_287' title='bbox 1469 2054 1590 2127; x_wconf 86' lang='grc' dir='ltr'>περὶ</span> <span class='ocrx_word' id='word_1_288' title='bbox 1647 2060 1746 2124; x_wconf 79' lang='grc' dir='ltr'><strong>τῆς</strong></span> <span class='ocrx_word' id='word_1_289' title='bbox 1777 2055 1967 2110; x_wconf 72' lang='grc' dir='ltr'>ἑαυτοῦ</span> 
     </span>
    </p>
   </div>
   <div class='ocr_carea' id='block_1_37' title="bbox 783 2122 1503 2200">
    <p class='ocr_par' dir='ltr' id='par_1_37' title="bbox 783 2122 1503 2200">
     <span class='ocr_line' id='line_1_37' title="bbox 783 2122 1503 2200; baseline 0.004 -22"><span class='ocrx_word' id='word_1_290' title='bbox 783 2122 1011 2193; x_wconf 71' lang='grc' dir='ltr'>λύσεως,</span> <span class='ocrx_word' id='word_1_291' title='bbox 1044 2126 1133 2179; x_wconf 76' lang='grc' dir='ltr'>καὶ</span> <span class='ocrx_word' id='word_1_292' title='bbox 1166 2126 1303 2200; x_wconf 90' lang='grc' dir='ltr'>πρὸς</span> <span class='ocrx_word' id='word_1_293' title='bbox 1333 2126 1503 2187; x_wconf 81' lang='grc' dir='ltr'>τίνος.</span> 
     </span>
    </p>
   </div>
   <div class='ocr_carea' id='block_1_38' title="bbox 380 2212 1969 2289">
    <p class='ocr_par' dir='ltr' id='par_1_38' title="bbox 380 2212 1969 2289">
     <span class='ocr_line' id='line_1_38' title="bbox 380 2212 1969 2289; baseline 0.001 -20"><span class='ocrx_word' id='word_1_294' title='bbox 380 2213 586 2276; x_wconf 61' lang='lat' dir='ltr'><strong>&quot;Heus</strong></span> <span class='ocrx_word' id='word_1_295' title='bbox 636 2214 721 2286; x_wconf 86' lang='lat' dir='ltr'><strong>[P.</strong></span> <span class='ocrx_word' id='word_1_296' title='bbox 755 2216 875 2287; x_wconf 83' lang='grc'><strong>196]</strong></span> <span class='ocrx_word' id='word_1_297' title='bbox 933 2216 1027 2288; x_wconf 63' lang='grc' dir='ltr'>μὲν</span> <span class='ocrx_word' id='word_1_298' title='bbox 1086 2215 1177 2271; x_wconf 79' lang='grc' dir='ltr'><strong>οὗν</strong></span> <span class='ocrx_word' id='word_1_299' title='bbox 1238 2216 1336 2285; x_wconf 84' lang='grc' dir='ltr'><strong>τήν</strong></span> <span class='ocrx_word' id='word_1_300' title='bbox 1396 2212 1492 2269; x_wconf 76' lang='grc' dir='ltr'>τοῦ</span> <span class='ocrx_word' id='word_1_301' title='bbox 1552 2212 1754 2289; x_wconf 79' lang='grc' dir='ltr'>δεσμὸῦ</span> <span class='ocrx_word' id='word_1_302' title='bbox 1816 2216 1969 2270; x_wconf 76' lang='grc' dir='ltr'>Λύσιν</span> 
     </span>
    </p>
   </div>
   <div class='ocr_carea' id='block_1_39' title="bbox 313 2434 1971 2506">
    <p class='ocr_par' dir='ltr' id='par_1_39' title="bbox 313 2434 1971 2506">
     <span class='ocr_line' id='line_1_39' title="bbox 313 2434 1971 2506; baseline 0 -17"><span class='ocrx_word' id='word_1_303' title='bbox 313 2448 622 2489; x_wconf 78' lang='lat' dir='ltr'><strong>summam</strong></span> <span class='ocrx_word' id='word_1_304' title='bbox 652 2434 853 2501; x_wconf 83' lang='lat' dir='ltr'><strong>fuisse,</strong></span> <span class='ocrx_word' id='word_1_305' title='bbox 891 2434 942 2490; x_wconf 90' lang='lat' dir='ltr'><strong>si</strong></span> <span class='ocrx_word' id='word_1_306' title='bbox 974 2441 1271 2506; x_wconf 89' lang='lat' dir='ltr'><strong>sperasset</strong></span> <span class='ocrx_word' id='word_1_307' title='bbox 1300 2434 1499 2491; x_wconf 82' lang='lat' dir='ltr'><strong>induci</strong></span> <span class='ocrx_word' id='word_1_308' title='bbox 1529 2452 1664 2491; x_wconf 93' lang='lat' dir='ltr'><strong>eum</strong></span> <span class='ocrx_word' id='word_1_309' title='bbox 1698 2450 1872 2506; x_wconf 82' lang='lat' dir='ltr'><strong>posse</strong></span> <span class='ocrx_word' id='word_1_310' title='bbox 1900 2435 1971 2490; x_wconf 91' lang='lat' dir='ltr'><strong>ad</strong></span> 
     </span>
    </p>
   </div>
   <div class='ocr_carea' id='block_1_40' title="bbox 306 2522 1974 2596">
    <p class='ocr_par' dir='ltr' id='par_1_40' title="bbox 306 2522 1974 2596">
     <span class='ocr_line' id='line_1_40' title="bbox 306 2522 1974 2596; baseline 0.001 -20"><span class='ocrx_word' id='word_1_311' title='bbox 306 2522 492 2578; x_wconf 85' lang='lat' dir='ltr'><strong>istam</strong></span> <span class='ocrx_word' id='word_1_312' title='bbox 516 2540 549 2578; x_wconf 91' lang='lat' dir='ltr'><strong>a</strong></span> <span class='ocrx_word' id='word_1_313' title='bbox 572 2540 633 2579; x_wconf 92' lang='lat' dir='ltr'><strong>se</strong></span> <span class='ocrx_word' id='word_1_314' title='bbox 655 2524 998 2594; x_wconf 84' lang='lat' dir='ltr'><strong>pensionem</strong></span> <span class='ocrx_word' id='word_1_315' title='bbox 1015 2525 1432 2596; x_wconf 90' lang='lat' dir='ltr'><strong>acceptandam</strong></span> <span class='ocrx_word' id='word_1_316' title='bbox 1457 2525 1585 2593; x_wconf 87' lang='lat' dir='ltr'><strong>;sed</strong></span> <span class='ocrx_word' id='word_1_317' title='bbox 1611 2541 1742 2579; x_wconf 91' lang='lat' dir='ltr'><strong>cum</strong></span> <span class='ocrx_word' id='word_1_318' title='bbox 1768 2540 1974 2596; x_wconf 84' lang='lat' dir='ltr'><strong>super-</strong></span> 
     </span>
    </p>
   </div>
   <div class='ocr_carea' id='block_1_41' title="bbox 322 2610 1976 2685">
    <p class='ocr_par' dir='ltr' id='par_1_41' title="bbox 322 2610 1976 2685">
     <span class='ocr_line' id='line_1_41' title="bbox 322 2610 1976 2685; baseline 0.001 -19"><span class='ocrx_word' id='word_1_319' title='bbox 322 2610 570 2668; x_wconf 76' lang='lat' dir='ltr'><strong>stitione</strong></span> <span class='ocrx_word' id='word_1_320' title='bbox 627 2629 819 2684; x_wconf 74' lang='lat' dir='ltr'><strong>ipsum</strong></span> <span class='ocrx_word' id='word_1_321' title='bbox 852 2616 1110 2685; x_wconf 90' lang='lat' dir='ltr'><strong>quadam</strong></span> <span class='ocrx_word' id='word_1_322' title='bbox 1142 2614 1454 2671; x_wconf 79' lang='lat' dir='ltr'><strong>abhorrere</strong></span> <span class='ocrx_word' id='word_1_323' title='bbox 1497 2632 1531 2669; x_wconf 90' lang='lat' dir='ltr'><strong>a</strong></span> <span class='ocrx_word' id='word_1_324' title='bbox 1561 2614 1976 2669; x_wconf 87' lang='lat' dir='ltr'><strong>communione</strong></span> 
     </span>
    </p>
   </div>
   <div class='ocr_carea' id='block_1_42' title="bbox 314 2702 1973 2774">
    <p class='ocr_par' dir='ltr' id='par_1_42' title="bbox 314 2702 1973 2774">
     <span class='ocr_line' id='line_1_42' title="bbox 314 2702 1973 2774; baseline 0.001 -20"><span class='ocrx_word' id='word_1_325' title='bbox 314 2716 673 2771; x_wconf 88' lang='lat' dir='ltr'><strong>quacunque</strong></span> <span class='ocrx_word' id='word_1_326' title='bbox 703 2719 903 2758; x_wconf 91' lang='lat' dir='ltr'><strong>secum</strong></span> <span class='ocrx_word' id='word_1_327' title='bbox 937 2703 1093 2757; x_wconf 77' lang='lat'><strong>390</strong></span> <span class='ocrx_word' id='word_1_328' title='bbox 1125 2702 1498 2774; x_wconf 77' lang='lat' dir='ltr'><strong>intelligeret,</strong></span> <span class='ocrx_word' id='word_1_329' title='bbox 1531 2703 1794 2774; x_wconf 85' lang='lat' dir='ltr'><strong>ingerere</strong></span> <span class='ocrx_word' id='word_1_330' title='bbox 1818 2702 1973 2774; x_wconf 91' lang='lat' dir='ltr'><strong>quod</strong></span> 
     </span>
    </p>
   </div>
   <div class='ocr_carea' id='block_1_43' title="bbox 317 2790 1975 2862">
    <p class='ocr_par' dir='ltr' id='par_1_43' title="bbox 317 2790 1975 2862">
     <span class='ocr_line' id='line_1_43' title="bbox 317 2790 1975 2862; baseline 0.001 -17"><span class='ocrx_word' id='word_1_331' title='bbox 317 2790 749 2862; x_wconf 86' lang='lat' dir='ltr'><strong>scrupulosam</strong></span> <span class='ocrx_word' id='word_1_332' title='bbox 780 2807 984 2848; x_wconf 90' lang='lat' dir='ltr'><strong>senem</strong></span> <span class='ocrx_word' id='word_1_333' title='bbox 1015 2792 1329 2847; x_wconf 72' lang='lat' dir='ltr'><strong>offenderet</strong></span> <span class='ocrx_word' id='word_1_334' title='bbox 1362 2808 1476 2847; x_wconf 92' lang='lat' dir='ltr'><strong>non</strong></span> <span class='ocrx_word' id='word_1_335' title='bbox 1504 2808 1739 2847; x_wconf 90' lang='lat' dir='ltr'><strong>ausum.</strong></span> <span class='ocrx_word' id='word_1_336' title='bbox 1772 2793 1851 2845; x_wconf 87' lang='lat' dir='ltr'><strong>Ac</strong></span> <span class='ocrx_word' id='word_1_337' title='bbox 1903 2807 1975 2847; x_wconf 89' lang='lat' dir='ltr'><strong>ne</strong></span> 
     </span>
    </p>
   </div>
   <div class='ocr_carea' id='block_1_44' title="bbox 316 2881 1971 2951">
    <p class='ocr_par' dir='ltr' id='par_1_44' title="bbox 316 2881 1971 2951">
     <span class='ocr_line' id='line_1_44' title="bbox 316 2881 1971 2951; baseline 0.002 -17"><span class='ocrx_word' id='word_1_338' title='bbox 316 2895 478 2935; x_wconf 88' lang='lat' dir='ltr'><strong>nunc</strong></span> <span class='ocrx_word' id='word_1_339' title='bbox 522 2881 763 2951; x_wconf 87' lang='lat' dir='ltr'><strong>quidem</strong></span> <span class='ocrx_word' id='word_1_340' title='bbox 814 2881 960 2938; x_wconf 84' lang='lat' dir='ltr'><strong>velle</strong></span> <span class='ocrx_word' id='word_1_341' title='bbox 1009 2882 1342 2939; x_wconf 81' lang='lat' dir='ltr'><strong>molestiam</strong></span> <span class='ocrx_word' id='word_1_342' title='bbox 1394 2884 1680 2939; x_wconf 78' lang='lat' dir='ltr'><strong>facessere</strong></span> <span class='ocrx_word' id='word_1_343' title='bbox 1724 2882 1971 2937; x_wconf 78' lang='lat' dir='ltr'><strong>inﬁrmae</strong></span> 
     </span>
    </p>
   </div>
   <div class='ocr_carea' id='block_1_45' title="bbox 313 2968 1972 3043">
    <p class='ocr_par' dir='ltr' id='par_1_45' title="bbox 313 2968 1972 3043">
     <span class='ocr_line' id='line_1_45' title="bbox 313 2968 1972 3043; baseline 0.002 -21"><span class='ocrx_word' id='word_1_344' title='bbox 313 2968 581 3025; x_wconf 90' lang='lat' dir='ltr'><strong>hominis</strong></span> <span class='ocrx_word' id='word_1_345' title='bbox 612 2970 1001 3042; x_wconf 59' lang='lat' dir='ltr'><strong>conscientia),</strong></span> <span class='ocrx_word' id='word_1_346' title='bbox 1036 2973 1283 3043; x_wconf 88' lang='lat' dir='ltr'><strong>ideoque</strong></span> <span class='ocrx_word' id='word_1_347' title='bbox 1317 2977 1671 3028; x_wconf 87' lang='lat' dir='ltr'><strong>metuentem</strong></span> <span class='ocrx_word' id='word_1_348' title='bbox 1706 2988 1778 3026; x_wconf 90' lang='lat' dir='ltr'><strong>ne</strong></span> <span class='ocrx_word' id='word_1_349' title='bbox 1809 2988 1972 3027; x_wconf 82' lang='lat' dir='ltr'><strong>recu-</strong></span> 
     </span>
    </p>
   </div>
   <div class='ocr_carea' id='block_1_46' title="bbox 314 3061 1974 3133">
    <p class='ocr_par' dir='ltr' id='par_1_46' title="bbox 314 3061 1974 3133">
     <span class='ocr_line' id='line_1_46' title="bbox 314 3061 1974 3133; baseline 0.002 -20"><span class='ocrx_word' id='word_1_350' title='bbox 314 3063 483 3114; x_wconf 89' lang='lat' dir='ltr'><strong>saret</strong></span> <span class='ocrx_word' id='word_1_351' title='bbox 528 3061 929 3116; x_wconf 89' lang='lat' dir='ltr'><strong>necessarium</strong></span> <span class='ocrx_word' id='word_1_352' title='bbox 974 3061 1306 3119; x_wconf 78' lang='lat' dir='ltr'><strong>subsidium</strong></span> <span class='ocrx_word' id='word_1_353' title='bbox 1338 3061 1387 3118; x_wconf 91' lang='lat' dir='ltr'><strong>si</strong></span> <span class='ocrx_word' id='word_1_354' title='bbox 1421 3077 1527 3118; x_wconf 91' lang='lat' dir='ltr'><strong>suo</strong></span> <span class='ocrx_word' id='word_1_355' title='bbox 1577 3062 1690 3133; x_wconf 89' lang='lat' dir='ltr'><strong>ipsi</strong></span> <span class='ocrx_word' id='word_1_356' title='bbox 1736 3061 1974 3117; x_wconf 90' lang='lat' dir='ltr'><strong>nomine</strong></span> 
     </span>
    </p>
   </div>
   <div class='ocr_carea' id='block_1_47' title="bbox 313 3147 1964 3223">
    <p class='ocr_par' dir='ltr' id='par_1_47' title="bbox 313 3147 1964 3223">
     <span class='ocr_line' id='line_1_47' title="bbox 313 3147 1964 3223; baseline 0 -19"><span class='ocrx_word' id='word_1_357' title='bbox 313 3147 650 3219; x_wconf 77' lang='lat' dir='ltr'><strong>oﬂ&#39;erretur,</strong></span> <span class='ocrx_word' id='word_1_358' title='bbox 684 3152 1016 3207; x_wconf 89' lang='lat' dir='ltr'><strong>consentire</strong></span> <span class='ocrx_word' id='word_1_359' title='bbox 1046 3169 1107 3207; x_wconf 90' lang='lat' dir='ltr'><strong>se</strong></span> <span class='ocrx_word' id='word_1_360' title='bbox 1139 3155 1202 3207; x_wconf 91' lang='lat' dir='ltr'><strong>ut</strong></span> <span class='ocrx_word' id='word_1_361' title='bbox 1239 3151 1295 3206; x_wconf 89' lang='lat' dir='ltr'><strong>id</strong></span> <span class='ocrx_word' id='word_1_362' title='bbox 1319 3153 1596 3223; x_wconf 63' lang='lat' dir='ltr'><strong>Augustas</strong></span> <span class='ocrx_word' id='word_1_363' title='bbox 1619 3151 1964 3223; x_wconf 88' lang='lat' dir='ltr'><strong>imputetur.</strong></span> 
     </span>
    </p>
   </div>
   <div class='ocr_carea' id='block_1_48' title="bbox 312 3236 1969 3312">
    <p class='ocr_par' dir='ltr' id='par_1_48' title="bbox 312 3236 1969 3312">
     <span class='ocr_line' id='line_1_48' title="bbox 312 3236 1969 3312; baseline 0.002 -21"><span class='ocrx_word' id='word_1_364' title='bbox 312 3236 584 3309; x_wconf 88' lang='lat' dir='ltr'><strong>Denique</strong></span> <span class='ocrx_word' id='word_1_365' title='bbox 611 3239 755 3293; x_wconf 83' lang='lat' dir='ltr'><strong>velle</strong></span> <span class='ocrx_word' id='word_1_366' title='bbox 784 3256 849 3294; x_wconf 86' lang='lat' dir='ltr'><strong>se</strong></span> <span class='ocrx_word' id='word_1_367' title='bbox 878 3240 1035 3295; x_wconf 86' lang='lat' dir='ltr'><strong>mitti</strong></span> <span class='ocrx_word' id='word_1_368' title='bbox 1066 3241 1138 3295; x_wconf 89' lang='lat' dir='ltr'><strong>ad</strong></span> <span class='ocrx_word' id='word_1_369' title='bbox 1171 3257 1306 3295; x_wconf 88' lang='lat' dir='ltr'><strong>eum</strong></span> <span class='ocrx_word' id='word_1_370' title='bbox 1365 3240 1594 3312; x_wconf 87' lang='lat' dir='ltr'><strong>aliquos</strong></span> <span class='ocrx_word' id='word_1_371' title='bbox 1654 3256 1722 3295; x_wconf 87' lang='lat' dir='ltr'><strong>ex</strong></span> <span class='ocrx_word' id='word_1_372' title='bbox 1764 3239 1969 3295; x_wconf 84' lang='lat' dir='ltr'><strong>amicis</strong></span> 
     </span>
    </p>
   </div>
   <div class='ocr_carea' id='block_1_49' title="bbox 310 3328 1969 3398">
    <p class='ocr_par' dir='ltr' id='par_1_49' title="bbox 310 3328 1969 3398">
     <span class='ocr_line' id='line_1_49' title="bbox 310 3328 1969 3398; baseline 0.002 -17"><span class='ocrx_word' id='word_1_373' title='bbox 310 3328 447 3391; x_wconf 85' lang='lat' dir='ltr'><strong>ejus</strong></span> <span class='ocrx_word' id='word_1_374' title='bbox 479 3328 551 3381; x_wconf 91' lang='lat' dir='ltr'><strong>ad</strong></span> <span class='ocrx_word' id='word_1_375' title='bbox 586 3329 903 3398; x_wconf 82' lang='lat' dir='ltr'><strong>quamdam</strong></span> <span class='ocrx_word' id='word_1_376' title='bbox 948 3329 1271 3385; x_wconf 83' lang='lat' dir='ltr'><strong>calamitosi</strong></span> <span class='ocrx_word' id='word_1_377' title='bbox 1304 3330 1462 3385; x_wconf 89' lang='lat' dir='ltr'><strong>senis</strong></span> <span class='ocrx_word' id='word_1_378' title='bbox 1510 3328 1969 3385; x_wconf 87' lang='lat' dir='ltr'><strong>consolationem</strong></span> 
     </span>
    </p>
   </div>
   <div class='ocr_carea' id='block_1_50' title="bbox 312 3418 1970 3489">
    <p class='ocr_par' dir='ltr' id='par_1_50' title="bbox 312 3418 1970 3489">
     <span class='ocr_line' id='line_1_50' title="bbox 312 3418 1970 3489; baseline 0.002 -20"><span class='ocrx_word' id='word_1_379' title='bbox 312 3421 377 3469; x_wconf 86' lang='lat' dir='ltr'><strong>et</strong></span> <span class='ocrx_word' id='word_1_380' title='bbox 405 3418 851 3483; x_wconf 88' lang='lat' dir='ltr'><strong>recreationem,</strong></span> <span class='ocrx_word' id='word_1_381' title='bbox 884 3423 941 3472; x_wconf 91' lang='lat' dir='ltr'><strong>et</strong></span> <span class='ocrx_word' id='word_1_382' title='bbox 966 3418 1039 3473; x_wconf 89' lang='lat' dir='ltr'><strong>iis</strong></span> <span class='ocrx_word' id='word_1_383' title='bbox 1063 3418 1409 3474; x_wconf 77' lang='lat' dir='ltr'><strong>deferendos</strong></span> <span class='ocrx_word' id='word_1_384' title='bbox 1453 3419 1525 3473; x_wconf 93' lang='lat' dir='ltr'><strong>ad</strong></span> <span class='ocrx_word' id='word_1_385' title='bbox 1575 3418 1768 3489; x_wconf 91' lang='lat' dir='ltr'><strong>ipsum</strong></span> <span class='ocrx_word' id='word_1_386' title='bbox 1816 3419 1970 3474; x_wconf 88' lang='lat' dir='ltr'><strong>tradi</strong></span> 
     </span>
    </p>
   </div>
   <div class='ocr_carea' id='block_1_51' title="bbox 315 3502 1972 3577">
    <p class='ocr_par' dir='ltr' id='par_1_51' title="bbox 315 3502 1972 3577">
     <span class='ocr_line' id='line_1_51' title="bbox 315 3502 1972 3577; baseline 0.004 -21"><span class='ocrx_word' id='word_1_387' title='bbox 315 3509 612 3558; x_wconf 90' lang='lat' dir='ltr'><strong>trecentos</strong></span> <span class='ocrx_word' id='word_1_388' title='bbox 644 3502 774 3559; x_wconf 86' lang='lat' dir='ltr'><strong>illos</strong></span> <span class='ocrx_word' id='word_1_389' title='bbox 807 3522 1080 3560; x_wconf 90' lang='lat' dir='ltr'><strong>nummos</strong></span> <span class='ocrx_word' id='word_1_390' title='bbox 1125 3511 1407 3577; x_wconf 86' lang='lat' dir='ltr'><strong>tanquam</strong></span> <span class='ocrx_word' id='word_1_391' title='bbox 1441 3506 1687 3561; x_wconf 88' lang='lat' dir='ltr'><strong>donatos</strong></span> <span class='ocrx_word' id='word_1_392' title='bbox 1736 3507 1810 3561; x_wconf 91' lang='lat' dir='ltr'><strong>ab</strong></span> <span class='ocrx_word' id='word_1_393' title='bbox 1865 3510 1972 3563; x_wconf 84' lang='lat' dir='ltr'><strong>Au-</strong></span> 
     </span>
    </p>
   </div>
   <div class='ocr_carea' id='block_1_52' title="bbox 312 3594 1969 3667">
    <p class='ocr_par' dir='ltr' id='par_1_52' title="bbox 312 3594 1969 3667">
     <span class='ocr_line' id='line_1_52' title="bbox 312 3594 1969 3667; baseline 0.005 -23"><span class='ocrx_word' id='word_1_394' title='bbox 312 3595 515 3661; x_wconf 86' lang='lat' dir='ltr'><strong>gusta,</strong></span> <span class='ocrx_word' id='word_1_395' title='bbox 548 3608 683 3647; x_wconf 91' lang='lat' dir='ltr'><strong>eum</strong></span> <span class='ocrx_word' id='word_1_396' title='bbox 716 3598 871 3649; x_wconf 86' lang='lat' dir='ltr'><strong>certa</strong></span> <span class='ocrx_word' id='word_1_397' title='bbox 902 3594 1299 3665; x_wconf 87' lang='lat' dir='ltr'><strong>promissione</strong></span> <span class='ocrx_word' id='word_1_398' title='bbox 1330 3594 1603 3650; x_wconf 67' lang='lat' dir='ltr'><strong>rediturae</strong></span> <span class='ocrx_word' id='word_1_399' title='bbox 1650 3596 1969 3667; x_wconf 78' lang='lat' dir='ltr'><strong>quotannis</strong></span> 
     </span>
    </p>
   </div>
   <div class='ocr_carea' id='block_1_53' title="bbox 314 3681 1971 3755">
    <p class='ocr_par' dir='ltr' id='par_1_53' title="bbox 314 3681 1971 3755">
     <span class='ocr_line' id='line_1_53' title="bbox 314 3681 1971 3755; baseline 0.004 -21"><span class='ocrx_word' id='word_1_400' title='bbox 314 3681 391 3734; x_wconf 88' lang='lat' dir='ltr'><strong>ab</strong></span> <span class='ocrx_word' id='word_1_401' title='bbox 422 3682 630 3737; x_wconf 89' lang='lat' dir='ltr'><strong>eadem</strong></span> <span class='ocrx_word' id='word_1_402' title='bbox 664 3700 842 3738; x_wconf 91' lang='lat' dir='ltr'><strong>manu</strong></span> <span class='ocrx_word' id='word_1_403' title='bbox 874 3683 1033 3754; x_wconf 89' lang='lat' dir='ltr'><strong>paris</strong></span> <span class='ocrx_word' id='word_1_404' title='bbox 1065 3701 1329 3739; x_wconf 73' lang='lat' dir='ltr'><strong>summae.</strong></span> <span class='ocrx_word' id='word_1_405' title='bbox 1365 3686 1424 3739; x_wconf 91' lang='lat' dir='ltr'><strong>Id</strong></span> <span class='ocrx_word' id='word_1_406' title='bbox 1458 3686 1613 3755; x_wconf 83' lang='lat' dir='ltr'><strong>quod</strong></span> <span class='ocrx_word' id='word_1_407' title='bbox 1666 3702 1783 3739; x_wconf 86' lang='lat' dir='ltr'><strong>nun</strong></span> <span class='ocrx_word' id='word_1_408' title='bbox 1825 3688 1971 3741; x_wconf 88' lang='lat' dir='ltr'><strong>mul-</strong></span> 
     </span>
    </p>
   </div>
   <div class='ocr_carea' id='block_1_54' title="bbox 326 3773 1971 3845">
    <p class='ocr_par' dir='ltr' id='par_1_54' title="bbox 326 3773 1971 3845">
     <span class='ocr_line' id='line_1_54' title="bbox 326 3773 1971 3845; baseline 0.003 -20"><span class='ocrx_word' id='word_1_409' title='bbox 326 3777 386 3825; x_wconf 90' lang='lat' dir='ltr'><strong>to</strong></span> <span class='ocrx_word' id='word_1_410' title='bbox 422 3777 556 3842; x_wconf 92' lang='lat' dir='ltr'><strong>post</strong></span> <span class='ocrx_word' id='word_1_411' title='bbox 589 3773 669 3828; x_wconf 88' lang='lat' dir='ltr'><strong>ita</strong></span> <span class='ocrx_word' id='word_1_412' title='bbox 725 3774 944 3828; x_wconf 81' lang='lat' dir='ltr'><strong>factum</strong></span> <span class='ocrx_word' id='word_1_413' title='bbox 1003 3779 1111 3829; x_wconf 90' lang='lat' dir='ltr'><strong>est.</strong></span> <span class='ocrx_word' id='word_1_414' title='bbox 1173 3774 1435 3845; x_wconf 83' lang='lat' dir='ltr'><strong>Delegati</strong></span> <span class='ocrx_word' id='word_1_415' title='bbox 1494 3775 1650 3829; x_wconf 89' lang='lat' dir='ltr'><strong>enim</strong></span> <span class='ocrx_word' id='word_1_416' title='bbox 1700 3776 1767 3829; x_wconf 92' lang='lat' dir='ltr'><strong>ad</strong></span> <span class='ocrx_word' id='word_1_417' title='bbox 1800 3776 1971 3831; x_wconf 86' lang='lat' dir='ltr'><strong>Arse-</strong></span> 
     </span>
    </p>
   </div>
   <div class='ocr_carea' id='block_1_55' title="bbox 316 3861 1965 3934">
    <p class='ocr_par' dir='ltr' id='par_1_55' title="bbox 316 3861 1965 3934">
     <span class='ocr_line' id='line_1_55' title="bbox 316 3861 1965 3934; baseline 0.002 -18"><span class='ocrx_word' id='word_1_418' title='bbox 316 3861 486 3917; x_wconf 89' lang='lat' dir='ltr'><strong>nium</strong></span> <span class='ocrx_word' id='word_1_419' title='bbox 530 3867 670 3918; x_wconf 91' lang='lat' dir='ltr'><strong>sunt</strong></span> <span class='ocrx_word' id='word_1_420' title='bbox 720 3862 989 3920; x_wconf 73' lang='lat' dir='ltr'><strong>Ecclesia:</strong></span> <span class='ocrx_word' id='word_1_421' title='bbox 1046 3864 1604 3920; x_wconf 86' lang='lat' dir='ltr'><strong>Commentariensis</strong></span> <span class='ocrx_word' id='word_1_422' title='bbox 1646 3864 1965 3934; x_wconf 90' lang='lat' dir='ltr'><strong>Gemistus,</strong></span> 
     </span>
    </p>
   </div>
   <div class='ocr_carea' id='block_1_56' title="bbox 316 3952 1969 4025">
    <p class='ocr_par' dir='ltr' id='par_1_56' title="bbox 316 3952 1969 4025">
     <span class='ocr_line' id='line_1_56' title="bbox 316 3952 1969 4025; baseline 0.002 -20"><span class='ocrx_word' id='word_1_423' title='bbox 316 3967 579 4022; x_wconf 89' lang='lat' dir='ltr'><strong>cumque</strong></span> <span class='ocrx_word' id='word_1_424' title='bbox 612 3953 718 4007; x_wconf 87' lang='lat' dir='ltr'><strong>hoc</strong></span> <span class='ocrx_word' id='word_1_425' title='bbox 766 3953 911 4025; x_wconf 84' lang='lat' dir='ltr'><strong>regii</strong></span> <span class='ocrx_word' id='word_1_426' title='bbox 968 3953 1106 4009; x_wconf 91' lang='lat' dir='ltr'><strong>cleri</strong></span> <span class='ocrx_word' id='word_1_427' title='bbox 1161 3952 1561 4025; x_wconf 88' lang='lat' dir='ltr'><strong>lampadarius</strong></span> <span class='ocrx_word' id='word_1_428' title='bbox 1602 3954 1870 4009; x_wconf 72' lang='lat' dir='ltr'><strong>OEnaeota</strong></span> <span class='ocrx_word' id='word_1_429' title='bbox 1912 3958 1969 4009; x_wconf 88' lang='lat' dir='ltr'><strong>et</strong></span> 
     </span>
    </p>
   </div>
   <div class='ocr_carea' id='block_1_57' title="bbox 316 4040 1966 4112">
    <p class='ocr_par' dir='ltr' id='par_1_57' title="bbox 316 4040 1966 4112">
     <span class='ocr_line' id='line_1_57' title="bbox 316 4040 1966 4112; baseline 0.004 -19"><span class='ocrx_word' id='word_1_430' title='bbox 316 4040 539 4095; x_wconf 88' lang='lat' dir='ltr'><strong>tertiua</strong></span> <span class='ocrx_word' id='word_1_431' title='bbox 566 4041 872 4097; x_wconf 91' lang='lat' dir='ltr'><strong>monaterii</strong></span> <span class='ocrx_word' id='word_1_432' title='bbox 916 4042 1094 4097; x_wconf 74' lang='lat' dir='ltr'><strong>Hieme</strong></span> <span class='ocrx_word' id='word_1_433' title='bbox 1146 4043 1284 4097; x_wconf 88' lang='lat' dir='ltr'><strong>dicti</strong></span> <span class='ocrx_word' id='word_1_434' title='bbox 1336 4041 1661 4098; x_wconf 88' lang='lat' dir='ltr'><strong>monachus</strong></span> <span class='ocrx_word' id='word_1_435' title='bbox 1711 4042 1966 4112; x_wconf 90' lang='lat' dir='ltr'><strong>Marcus,</strong></span> 
     </span>
    </p>
   </div>
   <div class='ocr_carea' id='block_1_58' title="bbox 317 4128 1967 4203">
    <p class='ocr_par' dir='ltr' id='par_1_58' title="bbox 317 4128 1967 4203">
     <span class='ocr_line' id='line_1_58' title="bbox 317 4128 1967 4203; baseline 0.003 -20"><span class='ocrx_word' id='word_1_436' title='bbox 317 4128 431 4184; x_wconf 91' lang='lat' dir='ltr'><strong>viri</strong></span> <span class='ocrx_word' id='word_1_437' title='bbox 476 4146 683 4185; x_wconf 92' lang='lat' dir='ltr'><strong>omnes</strong></span> <span class='ocrx_word' id='word_1_438' title='bbox 722 4130 836 4203; x_wconf 89' lang='lat' dir='ltr'><strong>ipsi</strong></span> <span class='ocrx_word' id='word_1_439' title='bbox 867 4130 1006 4187; x_wconf 91' lang='lat' dir='ltr'><strong>olim</strong></span> <span class='ocrx_word' id='word_1_440' title='bbox 1041 4131 1412 4199; x_wconf 88' lang='lat' dir='ltr'><strong>charissimi;</strong></span> <span class='ocrx_word' id='word_1_441' title='bbox 1462 4131 1562 4203; x_wconf 92' lang='lat' dir='ltr'><strong>qui</strong></span> <span class='ocrx_word' id='word_1_442' title='bbox 1594 4137 1653 4188; x_wconf 92' lang='lat' dir='ltr'><strong>et</strong></span> <span class='ocrx_word' id='word_1_443' title='bbox 1683 4148 1967 4188; x_wconf 89' lang='lat' dir='ltr'><strong>memora-</strong></span> 
     </span>
    </p>
   </div>
   <div class='ocr_carea' id='block_1_59' title="bbox 321 4219 1964 4293">
    <p class='ocr_par' dir='ltr' id='par_1_59' title="bbox 321 4219 1964 4293">
     <span class='ocr_line' id='line_1_59' title="bbox 321 4219 1964 4293; baseline 0.002 -19"><span class='ocrx_word' id='word_1_444' title='bbox 321 4225 452 4274; x_wconf 92' lang='lat' dir='ltr'><strong>tum</strong></span> <span class='ocrx_word' id='word_1_445' title='bbox 488 4219 603 4290; x_wconf 91' lang='lat' dir='ltr'><strong>ipsi</strong></span> <span class='ocrx_word' id='word_1_446' title='bbox 636 4220 709 4275; x_wconf 90' lang='lat' dir='ltr'><strong>ab</strong></span> <span class='ocrx_word' id='word_1_447' title='bbox 742 4222 1004 4293; x_wconf 84' lang='lat' dir='ltr'><strong>Augusta</strong></span> <span class='ocrx_word' id='word_1_448' title='bbox 1033 4221 1366 4277; x_wconf 90' lang='lat' dir='ltr'><strong>subsidium</strong></span> <span class='ocrx_word' id='word_1_449' title='bbox 1398 4226 1803 4293; x_wconf 87' lang='lat' dir='ltr'><strong>apportarunt.</strong></span> <span class='ocrx_word' id='word_1_450' title='bbox 1827 4222 1964 4287; x_wconf 68' lang='lat' dir='ltr'><strong>Qum</strong></span> 
     </span>
    </p>
   </div>
   <div class='ocr_carea' id='block_1_60' title="bbox 315 4307 1967 4383">
    <p class='ocr_par' dir='ltr' id='par_1_60' title="bbox 315 4307 1967 4383">
     <span class='ocr_line' id='line_1_60' title="bbox 315 4307 1967 4383; baseline 0.002 -19"><span class='ocrx_word' id='word_1_451' title='bbox 315 4324 455 4364; x_wconf 90' lang='lat' dir='ltr'><strong>cum</strong></span> <span class='ocrx_word' id='word_1_452' title='bbox 488 4307 668 4365; x_wconf 86' lang='lat' dir='ltr'><strong>altius</strong></span> <span class='ocrx_word' id='word_1_453' title='bbox 698 4316 925 4382; x_wconf 87' lang='lat' dir='ltr'><strong>reputo,</strong></span> <span class='ocrx_word' id='word_1_454' title='bbox 950 4312 1222 4382; x_wconf 89' lang='lat' dir='ltr'><strong>suspicor</strong></span> <span class='ocrx_word' id='word_1_455' title='bbox 1251 4310 1524 4383; x_wconf 90' lang='lat' dir='ltr'><strong>equidem</strong></span> <span class='ocrx_word' id='word_1_456' title='bbox 1574 4328 1689 4367; x_wconf 92' lang='lat' dir='ltr'><strong>non</strong></span> <span class='ocrx_word' id='word_1_457' title='bbox 1713 4310 1819 4366; x_wconf 91' lang='lat' dir='ltr'><strong>hoc</strong></span> <span class='ocrx_word' id='word_1_458' title='bbox 1845 4316 1967 4367; x_wconf 89' lang='lat' dir='ltr'><strong>tan-</strong></span> 
     </span>
    </p>
   </div>
   <div class='ocr_carea' id='block_1_61' title="bbox 310 4400 1967 4471">
    <p class='ocr_par' dir='ltr' id='par_1_61' title="bbox 310 4400 1967 4471">
     <span class='ocr_line' id='line_1_61' title="bbox 310 4400 1967 4471; baseline 0.002 -20"><span class='ocrx_word' id='word_1_459' title='bbox 310 4402 441 4452; x_wconf 92' lang='lat' dir='ltr'><strong>tum</strong></span> <span class='ocrx_word' id='word_1_460' title='bbox 474 4400 534 4453; x_wconf 89' lang='lat' dir='ltr'><strong>in</strong></span> <span class='ocrx_word' id='word_1_461' title='bbox 565 4415 764 4455; x_wconf 88' lang='lat' dir='ltr'><strong>senem</strong></span> <span class='ocrx_word' id='word_1_462' title='bbox 786 4416 990 4470; x_wconf 90' lang='lat' dir='ltr'><strong>parum</strong></span> <span class='ocrx_word' id='word_1_463' title='bbox 1021 4400 1133 4455; x_wconf 87' lang='lat' dir='ltr'><strong>sibi</strong></span> <span class='ocrx_word' id='word_1_464' title='bbox 1162 4417 1395 4471; x_wconf 62' lang='lat' dir='ltr'><strong>aequum</strong></span> <span class='ocrx_word' id='word_1_465' title='bbox 1420 4400 1688 4456; x_wconf 88' lang='lat' dir='ltr'><strong>studium</strong></span> <span class='ocrx_word' id='word_1_466' title='bbox 1718 4417 1786 4456; x_wconf 83' lang='lat' dir='ltr'><strong>ex</strong></span> <span class='ocrx_word' id='word_1_467' title='bbox 1816 4400 1967 4456; x_wconf 85' lang='lat' dir='ltr'><strong>sola-</strong></span> 
     </span>
    </p>
   </div>
   <div class='ocr_carea' id='block_1_62' title="bbox 311 4488 1961 4561">
    <p class='ocr_par' dir='ltr' id='par_1_62' title="bbox 311 4488 1961 4561">
     <span class='ocr_line' id='line_1_62' title="bbox 311 4488 1961 4561; baseline 0.001 -20"><span class='ocrx_word' id='word_1_468' title='bbox 311 4492 439 4542; x_wconf 87' lang='lat' dir='ltr'><strong>tum</strong></span> <span class='ocrx_word' id='word_1_469' title='bbox 487 4488 866 4544; x_wconf 87' lang='lat' dir='ltr'><strong>miseratione</strong></span> <span class='ocrx_word' id='word_1_470' title='bbox 912 4489 1255 4561; x_wconf 88' lang='lat' dir='ltr'><strong>imperatori</strong></span> <span class='ocrx_word' id='word_1_471' title='bbox 1299 4496 1503 4546; x_wconf 90' lang='lat' dir='ltr'><strong>natum</strong></span> <span class='ocrx_word' id='word_1_472' title='bbox 1554 4507 1704 4557; x_wconf 90' lang='lat' dir='ltr'><strong>esse,</strong></span> <span class='ocrx_word' id='word_1_473' title='bbox 1739 4489 1961 4545; x_wconf 88' lang='lat' dir='ltr'><strong>homini</strong></span> 
     </span>
    </p>
   </div>
   <div class='ocr_carea' id='block_1_63' title="bbox 315 4551 2047 4652">
    <p class='ocr_par' dir='ltr' id='par_1_63' title="bbox 315 4551 2047 4652">
     <span class='ocr_line' id='line_1_63' title="bbox 315 4551 2047 4652; baseline 0.002 -20"><span class='ocrx_word' id='word_1_474' title='bbox 315 4578 523 4649; x_wconf 90' lang='lat' dir='ltr'><strong>utique</strong></span> <span class='ocrx_word' id='word_1_475' title='bbox 556 4578 803 4635; x_wconf 89' lang='lat' dir='ltr'><strong>minime</strong></span> <span class='ocrx_word' id='word_1_476' title='bbox 829 4579 1088 4652; x_wconf 88' lang='lat' dir='ltr'><strong>simplici</strong></span> <span class='ocrx_word' id='word_1_477' title='bbox 1109 4585 1211 4636; x_wconf 91' lang='lat' dir='ltr'><strong>aut</strong></span> <span class='ocrx_word' id='word_1_478' title='bbox 1233 4597 1415 4636; x_wconf 90' lang='lat' dir='ltr'><strong>unum</strong></span> <span class='ocrx_word' id='word_1_479' title='bbox 1438 4584 1496 4637; x_wconf 90' lang='lat' dir='ltr'><strong>et</strong></span> <span class='ocrx_word' id='word_1_480' title='bbox 1520 4580 1705 4637; x_wconf 87' lang='lat' dir='ltr'><strong>cuivis</strong></span> <span class='ocrx_word' id='word_1_481' title='bbox 1732 4580 1968 4636; x_wconf 92' lang='lat' dir='ltr'><strong>obvium</strong></span> <span class='ocrx_word' id='word_1_482' title='bbox 2001 4551 2047 4615; x_wconf 69' lang='grc' dir='ltr'>Β</span> 
     </span>
    </p>
   </div>
   <div class='ocr_carea' id='block_1_64' title="bbox 312 4668 1969 4742">
    <p class='ocr_par' dir='ltr' id='par_1_64' title="bbox 312 4668 1969 4742">
     <span class='ocr_line' id='line_1_64' title="bbox 312 4668 1969 4742; baseline 0.001 -21"><span class='ocrx_word' id='word_1_483' title='bbox 312 4672 583 4736; x_wconf 89' lang='lat' dir='ltr'><strong>spectare</strong></span> <span class='ocrx_word' id='word_1_484' title='bbox 618 4668 675 4722; x_wconf 93' lang='lat' dir='ltr'><strong>in</strong></span> <span class='ocrx_word' id='word_1_485' title='bbox 709 4668 780 4723; x_wconf 92' lang='lat' dir='ltr'><strong>iis</strong></span> <span class='ocrx_word' id='word_1_486' title='bbox 833 4686 958 4740; x_wconf 68' lang='lat' dir='ltr'><strong>quae</strong></span> <span class='ocrx_word' id='word_1_487' title='bbox 1011 4674 1209 4740; x_wconf 84' lang='lat' dir='ltr'><strong>ageret</strong></span> <span class='ocrx_word' id='word_1_488' title='bbox 1257 4669 1467 4738; x_wconf 87' lang='lat' dir='ltr'><strong>solito;</strong></span> <span class='ocrx_word' id='word_1_489' title='bbox 1520 4686 1700 4742; x_wconf 89' lang='lat' dir='ltr'><strong>quare</strong></span> <span class='ocrx_word' id='word_1_490' title='bbox 1731 4675 1868 4740; x_wconf 89' lang='lat' dir='ltr'><strong>puto</strong></span> <span class='ocrx_word' id='word_1_491' title='bbox 1901 4668 1969 4723; x_wconf 82' lang='lat' dir='ltr'><strong>i1-</strong></span> 
     </span>
    </p>
   </div>
   <div class='ocr_carea' id='block_1_65' title="bbox 310 4754 1971 4830">
    <p class='ocr_par' dir='ltr' id='par_1_65' title="bbox 310 4754 1971 4830">
     <span class='ocr_line' id='line_1_65' title="bbox 310 4754 1971 4830; baseline 0.002 -22"><span class='ocrx_word' id='word_1_492' title='bbox 310 4754 435 4810; x_wconf 92' lang='lat' dir='ltr'><strong>lum</strong></span> <span class='ocrx_word' id='word_1_493' title='bbox 471 4755 603 4824; x_wconf 87' lang='lat' dir='ltr'><strong>plus</strong></span> <span class='ocrx_word' id='word_1_494' title='bbox 638 4756 695 4811; x_wconf 89' lang='lat' dir='ltr'><strong>in</strong></span> <span class='ocrx_word' id='word_1_495' title='bbox 730 4773 796 4812; x_wconf 91' lang='lat' dir='ltr'><strong>eo</strong></span> <span class='ocrx_word' id='word_1_496' title='bbox 827 4757 1071 4829; x_wconf 90' lang='lat' dir='ltr'><strong>vidisse,</strong></span> <span class='ocrx_word' id='word_1_497' title='bbox 1114 4763 1290 4830; x_wconf 87' lang='lat' dir='ltr'><strong>atque</strong></span> <span class='ocrx_word' id='word_1_498' title='bbox 1323 4759 1433 4814; x_wconf 92' lang='lat' dir='ltr'><strong>hoc</strong></span> <span class='ocrx_word' id='word_1_499' title='bbox 1464 4758 1616 4814; x_wconf 81' lang='lat' dir='ltr'><strong>tacto</strong></span> <span class='ocrx_word' id='word_1_500' title='bbox 1670 4758 1971 4814; x_wconf 86' lang='lat' dir='ltr'><strong>studuisse</strong></span> 
     </span>
    </p>
   </div>
   <div class='ocr_carea' id='block_1_66' title="bbox 314 4844 1969 4918">
    <p class='ocr_par' dir='ltr' id='par_1_66' title="bbox 314 4844 1969 4918">
     <span class='ocr_line' id='line_1_66' title="bbox 314 4844 1969 4918; baseline 0.002 -20"><span class='ocrx_word' id='word_1_501' title='bbox 314 4845 551 4900; x_wconf 83' lang='lat' dir='ltr'><strong>munire</strong></span> <span class='ocrx_word' id='word_1_502' title='bbox 582 4861 647 4899; x_wconf 89' lang='lat' dir='ltr'><strong>ac</strong></span> <span class='ocrx_word' id='word_1_503' title='bbox 678 4844 1048 4917; x_wconf 88' lang='lat' dir='ltr'><strong>complanare</strong></span> <span class='ocrx_word' id='word_1_504' title='bbox 1080 4847 1191 4902; x_wconf 90' lang='lat' dir='ltr'><strong>sibi</strong></span> <span class='ocrx_word' id='word_1_505' title='bbox 1214 4848 1367 4902; x_wconf 89' lang='lat' dir='ltr'><strong>viam</strong></span> <span class='ocrx_word' id='word_1_506' title='bbox 1395 4848 1465 4902; x_wconf 90' lang='lat' dir='ltr'><strong>ad</strong></span> <span class='ocrx_word' id='word_1_507' title='bbox 1488 4847 1820 4917; x_wconf 88' lang='lat' dir='ltr'><strong>antiquum,</strong></span> <span class='ocrx_word' id='word_1_508' title='bbox 1856 4863 1969 4918; x_wconf 87' lang='lat' dir='ltr'><strong>quo</strong></span> 
     </span>
    </p>
   </div>
   <div class='ocr_carea' id='block_1_67' title="bbox 310 4934 1967 5007">
    <p class='ocr_par' dir='ltr' id='par_1_67' title="bbox 310 4934 1967 5007">
     <span class='ocr_line' id='line_1_67' title="bbox 310 4934 1967 5007; baseline 0.002 -19"><span class='ocrx_word' id='word_1_509' title='bbox 310 4934 540 4989; x_wconf 90' lang='lat' dir='ltr'><strong>dudum</strong></span> <span class='ocrx_word' id='word_1_510' title='bbox 572 4934 869 5003; x_wconf 90' lang='lat' dir='ltr'><strong>tendebat,</strong></span> <span class='ocrx_word' id='word_1_511' title='bbox 887 4951 1130 5007; x_wconf 90' lang='lat' dir='ltr'><strong>scopum</strong></span> <span class='ocrx_word' id='word_1_512' title='bbox 1151 4936 1539 4992; x_wconf 82' lang='lat' dir='ltr'><strong>absolutionis</strong></span> <span class='ocrx_word' id='word_1_513' title='bbox 1562 4935 1639 4990; x_wconf 91' lang='lat' dir='ltr'><strong>im</strong></span> <span class='ocrx_word' id='word_1_514' title='bbox 1652 4936 1967 5007; x_wconf 68' lang='lat' dir='ltr'><strong>petrandre;</strong></span> 
     </span>
    </p>
   </div>
   <div class='ocr_carea' id='block_1_68' title="bbox 308 5024 1971 5097">
    <p class='ocr_par' dir='ltr' id='par_1_68' title="bbox 308 5024 1971 5097">
     <span class='ocr_line' id='line_1_68' title="bbox 308 5024 1971 5097; baseline 0.001 -19"><span class='ocrx_word' id='word_1_515' title='bbox 308 5040 485 5095; x_wconf 86' lang='lat' dir='ltr'><strong>quam</strong></span> <span class='ocrx_word' id='word_1_516' title='bbox 520 5039 643 5079; x_wconf 87' lang='lat' dir='ltr'><strong>rem</strong></span> <span class='ocrx_word' id='word_1_517' title='bbox 678 5030 897 5095; x_wconf 89' lang='lat' dir='ltr'><strong>quanto</strong></span> <span class='ocrx_word' id='word_1_518' title='bbox 928 5024 1333 5082; x_wconf 80' lang='lat' dir='ltr'><strong>vehementius</strong></span> <span class='ocrx_word' id='word_1_519' title='bbox 1367 5025 1661 5097; x_wconf 87' lang='lat' dir='ltr'><strong>cupiebat,</strong></span> <span class='ocrx_word' id='word_1_520' title='bbox 1696 5028 1859 5080; x_wconf 89' lang='lat' dir='ltr'><strong>tanto</strong></span> <span class='ocrx_word' id='word_1_521' title='bbox 1884 5042 1971 5080; x_wconf 86' lang='lat' dir='ltr'><strong>so-</strong></span> 
     </span>
    </p>
   </div>
   <div class='ocr_carea' id='block_1_69' title="bbox 308 5112 1968 5187">
    <p class='ocr_par' dir='ltr' id='par_1_69' title="bbox 308 5112 1968 5187">
     <span class='ocr_line' id='line_1_69' title="bbox 308 5112 1968 5187; baseline 0.001 -20"><span class='ocrx_word' id='word_1_522' title='bbox 308 5112 520 5169; x_wconf 87' lang='lat' dir='ltr'><strong>lertius</strong></span> <span class='ocrx_word' id='word_1_523' title='bbox 551 5112 849 5185; x_wconf 85' lang='lat' dir='ltr'><strong>cogitabat</strong></span> <span class='ocrx_word' id='word_1_524' title='bbox 891 5132 1147 5186; x_wconf 87' lang='lat' dir='ltr'><strong>quanam</strong></span> <span class='ocrx_word' id='word_1_525' title='bbox 1195 5115 1414 5187; x_wconf 90' lang='lat' dir='ltr'><strong>optime</strong></span> <span class='ocrx_word' id='word_1_526' title='bbox 1446 5114 1668 5170; x_wconf 87' lang='lat' dir='ltr'><strong>ratione</strong></span> <span class='ocrx_word' id='word_1_527' title='bbox 1701 5119 1758 5170; x_wconf 91' lang='lat' dir='ltr'><strong>et</strong></span> <span class='ocrx_word' id='word_1_528' title='bbox 1791 5131 1824 5170; x_wconf 92' lang='lat' dir='ltr'><strong>a</strong></span> <span class='ocrx_word' id='word_1_529' title='bbox 1854 5129 1968 5184; x_wconf 90' lang='lat' dir='ltr'><strong>quo</strong></span> 
     </span>
    </p>
   </div>
   <div class='ocr_carea' id='block_1_70' title="bbox 314 5202 1515 5276">
    <p class='ocr_par' dir='ltr' id='par_1_70' title="bbox 314 5202 1515 5276">
     <span class='ocr_line' id='line_1_70' title="bbox 314 5202 1515 5276; baseline 0.002 -19"><span class='ocrx_word' id='word_1_530' title='bbox 314 5202 547 5258; x_wconf 81' lang='lat' dir='ltr'><strong>[acilius</strong></span> <span class='ocrx_word' id='word_1_531' title='bbox 580 5203 1006 5276; x_wconf 89' lang='lat' dir='ltr'><strong>honestiusque</strong></span> <span class='ocrx_word' id='word_1_532' title='bbox 1037 5210 1515 5276; x_wconf 86' lang='lat' dir='ltr'><strong>consequeretur.</strong></span> 
     </span>
    </p>
   </div>
   <div class='ocr_carea' id='block_1_71' title="bbox 315 5310 1971 5384">
    <p class='ocr_par' dir='ltr' id='par_1_71' title="bbox 315 5310 1971 5384">
     <span class='ocr_line' id='line_1_71' title="bbox 315 5310 1971 5384; baseline 0.002 -22"><span class='ocrx_word' id='word_1_533' title='bbox 315 5312 402 5365; x_wconf 86' lang='lat' dir='ltr'><strong>t7.</strong></span> <span class='ocrx_word' id='word_1_534' title='bbox 435 5310 499 5367; x_wconf 81' lang='lat' dir='ltr'><strong>Ut</strong></span> <span class='ocrx_word' id='word_1_535' title='bbox 527 5311 715 5367; x_wconf 74' lang='lat' dir='ltr'><strong>modo:</strong></span> <span class='ocrx_word' id='word_1_536' title='bbox 752 5312 1036 5384; x_wconf 62' lang='lat' dir='ltr'><strong>qumierit</strong></span> <span class='ocrx_word' id='word_1_537' title='bbox 1092 5312 1397 5383; x_wconf 76' lang='lat' dir='ltr'><strong>imperator</strong></span> <span class='ocrx_word' id='word_1_538' title='bbox 1441 5328 1563 5370; x_wconf 65' lang='lat' dir='ltr'><strong>suae</strong></span> <span class='ocrx_word' id='word_1_539' title='bbox 1609 5312 1971 5368; x_wconf 73' lang='lat' dir='ltr'><strong>absolutionis</strong></span> 
     </span>
    </p>
   </div>
   <div class='ocr_carea' id='block_1_72' title="bbox 802 5384 1486 5457">
    <p class='ocr_par' dir='ltr' id='par_1_72' title="bbox 802 5384 1486 5457">
     <span class='ocr_line' id='line_1_72' title="bbox 802 5384 1486 5457; baseline -0.001 -18"><span class='ocrx_word' id='word_1_540' title='bbox 802 5384 1176 5456; x_wconf 69' lang='lat' dir='ltr'><strong>inpetrandae,</strong></span> <span class='ocrx_word' id='word_1_541' title='bbox 1208 5387 1257 5441; x_wconf 81' lang='lat' dir='ltr'><strong>et</strong></span> <span class='ocrx_word' id='word_1_542' title='bbox 1296 5402 1331 5440; x_wconf 88' lang='lat' dir='ltr'><strong>a</strong></span> <span class='ocrx_word' id='word_1_543' title='bbox 1361 5401 1486 5457; x_wconf 85' lang='lat' dir='ltr'><strong>quo.</strong></span> 
     </span>
    </p>
   </div>
   <div class='ocr_carea' id='block_1_73' title="bbox 381 5470 1970 5545">
    <p class='ocr_par' dir='ltr' id='par_1_73' title="bbox 381 5470 1970 5545">
     <span class='ocr_line' id='line_1_73' title="bbox 381 5470 1970 5545; baseline 0.001 -18"><span class='ocrx_word' id='word_1_544' title='bbox 381 5470 825 5543; x_wconf 87' lang='lat' dir='ltr'><strong>Cogitationum</strong></span> <span class='ocrx_word' id='word_1_545' title='bbox 857 5491 1029 5545; x_wconf 87' lang='lat' dir='ltr'><strong>porro</strong></span> <span class='ocrx_word' id='word_1_546' title='bbox 1061 5474 1190 5545; x_wconf 88' lang='lat' dir='ltr'><strong>ejus</strong></span> <span class='ocrx_word' id='word_1_547' title='bbox 1223 5491 1454 5530; x_wconf 88' lang='lat' dir='ltr'><strong>summa</strong></span> <span class='ocrx_word' id='word_1_548' title='bbox 1502 5474 1559 5527; x_wconf 92' lang='lat' dir='ltr'><strong>in</strong></span> <span class='ocrx_word' id='word_1_549' title='bbox 1611 5472 1667 5527; x_wconf 91' lang='lat' dir='ltr'><strong>id</strong></span> <span class='ocrx_word' id='word_1_550' title='bbox 1704 5473 1970 5528; x_wconf 80' lang='lat' dir='ltr'><strong>confere-</strong></span> 
     </span>
    </p>
   </div>
   <div class='ocr_carea' id='block_1_74' title="bbox 312 5558 1967 5628">
    <p class='ocr_par' dir='ltr' id='par_1_74' title="bbox 312 5558 1967 5628">
     <span class='ocr_line' id='line_1_74' title="bbox 312 5558 1967 5628; baseline 0.002 -13"><span class='ocrx_word' id='word_1_551' title='bbox 312 5558 516 5628; x_wconf 80' lang='lat' dir='ltr'><strong>batur,</strong></span> <span class='ocrx_word' id='word_1_552' title='bbox 579 5566 643 5617; x_wconf 91' lang='lat' dir='ltr'><strong>ut</strong></span> <span class='ocrx_word' id='word_1_553' title='bbox 701 5564 1024 5620; x_wconf 85' lang='lat' dir='ltr'><strong>curandum</strong></span> <span class='ocrx_word' id='word_1_554' title='bbox 1092 5563 1454 5620; x_wconf 79' lang='lat' dir='ltr'><strong>existimaret</strong></span> <span class='ocrx_word' id='word_1_555' title='bbox 1512 5562 1656 5618; x_wconf 89' lang='lat' dir='ltr'><strong>solvi</strong></span> <span class='ocrx_word' id='word_1_556' title='bbox 1711 5580 1837 5619; x_wconf 88' lang='lat' dir='ltr'><strong>sese</strong></span> <span class='ocrx_word' id='word_1_557' title='bbox 1896 5563 1967 5619; x_wconf 88' lang='lat' dir='ltr'><strong>ab</strong></span> 
     </span>
    </p>
   </div>
   <div class='ocr_carea' id='block_1_75' title="bbox 314 5650 1971 5726">
    <p class='ocr_par' dir='ltr' id='par_1_75' title="bbox 314 5650 1971 5726">
     <span class='ocr_line' id='line_1_75' title="bbox 314 5650 1971 5726; baseline 0.002 -21"><span class='ocrx_word' id='word_1_558' title='bbox 314 5650 710 5709; x_wconf 87' lang='lat' dir='ltr'><strong>anathematis</strong></span> <span class='ocrx_word' id='word_1_559' title='bbox 740 5652 975 5711; x_wconf 88' lang='lat' dir='ltr'><strong>vinculo</strong></span> <span class='ocrx_word' id='word_1_560' title='bbox 1007 5668 1111 5726; x_wconf 92' lang='lat' dir='ltr'><strong>per</strong></span> <span class='ocrx_word' id='word_1_561' title='bbox 1140 5652 1539 5726; x_wconf 85' lang='lat' dir='ltr'><strong>patriarcham</strong></span> <span class='ocrx_word' id='word_1_562' title='bbox 1571 5656 1629 5709; x_wconf 87' lang='lat' dir='ltr'><strong>et</strong></span> <span class='ocrx_word' id='word_1_563' title='bbox 1657 5669 1762 5724; x_wconf 91' lang='lat' dir='ltr'><strong>per</strong></span> <span class='ocrx_word' id='word_1_564' title='bbox 1792 5668 1971 5725; x_wconf 69' lang='lat' dir='ltr'><strong>syno-</strong></span> 
     </span>
    </p>
   </div>
   <div class='ocr_carea' id='block_1_76' title="bbox 2083 1855 3733 1933">
    <p class='ocr_par' dir='ltr' id='par_1_76' title="bbox 2083 1855 3733 1933">
     <span class='ocr_line' id='line_1_76' title="bbox 2083 1855 3733 1933; baseline 0.001 -21"><span class='ocrx_word' id='word_1_565' title='bbox 2083 1858 2178 1930; x_wconf 76' lang='grc' dir='ltr'>μὲν</span> <span class='ocrx_word' id='word_1_566' title='bbox 2236 1859 2375 1933; x_wconf 80' lang='grc' dir='ltr'>πρὸς</span> <span class='ocrx_word' id='word_1_567' title='bbox 2429 1857 2491 1911; x_wconf 87' lang='grc' dir='ltr'>τὸ</span> <span class='ocrx_word' id='word_1_568' title='bbox 2549 1855 2726 1912; x_wconf 80' lang='grc' dir='ltr'>δοκεῖν</span> <span class='ocrx_word' id='word_1_569' title='bbox 2778 1857 2953 1929; x_wconf 76' lang='grc' dir='ltr'>ἱκανὰ,</span> <span class='ocrx_word' id='word_1_570' title='bbox 2989 1857 3227 1929; x_wconf 74' lang='grc' dir='ltr'>μάλιστα</span> <span class='ocrx_word' id='word_1_571' title='bbox 3284 1856 3343 1913; x_wconf 74' lang='grc' dir='ltr'>δὲ</span> <span class='ocrx_word' id='word_1_572' title='bbox 3384 1859 3473 1913; x_wconf 88' lang='grc' dir='ltr'>καὶ</span> <span class='ocrx_word' id='word_1_573' title='bbox 3506 1859 3589 1913; x_wconf 76' lang='grc' dir='ltr'>ὅτι</span> <span class='ocrx_word' id='word_1_574' title='bbox 3648 1860 3733 1915; x_wconf 77' lang='grc' dir='ltr'><strong>ἐπ’</strong></span> 
     </span>
    </p>
   </div>
   <div class='ocr_carea' id='block_1_77' title="bbox 2079 1945 3731 2023">
    <p class='ocr_par' dir='ltr' id='par_1_77' title="bbox 2079 1945 3731 2023">
     <span class='ocr_line' id='line_1_77' title="bbox 2079 1945 3731 2023; baseline 0.001 -21"><span class='ocrx_word' id='word_1_575' title='bbox 2079 1947 2268 2020; x_wconf 77' lang='grc' dir='ltr'>ἐκείνῳ</span> <span class='ocrx_word' id='word_1_576' title='bbox 2299 1946 2768 2023; x_wconf 73' lang='grc' dir='ltr'>πεπληροφόρητο</span> <span class='ocrx_word' id='word_1_577' title='bbox 2814 1948 2880 2002; x_wconf 72' lang='grc' dir='ltr'><strong>τὰ</strong></span> <span class='ocrx_word' id='word_1_578' title='bbox 2930 1945 3115 2001; x_wconf 86' lang='grc' dir='ltr'>πολλὰ</span> <span class='ocrx_word' id='word_1_579' title='bbox 3172 1948 3333 2019; x_wconf 87' lang='grc' dir='ltr'>πατρί</span> <span class='ocrx_word' id='word_1_580' title='bbox 3391 1969 3452 2023; x_wconf 87' lang='grc' dir='ltr'>γε</span> <span class='ocrx_word' id='word_1_581' title='bbox 3502 1955 3731 2021; x_wconf 85' lang='grc' dir='ltr'>νομιζο-</span> 
     </span>
    </p>
   </div>
   <div class='ocr_carea' id='block_1_78' title="bbox 2083 2035 3727 2110">
    <p class='ocr_par' dir='ltr' id='par_1_78' title="bbox 2083 2035 3727 2110">
     <span class='ocr_line' id='line_1_78' title="bbox 2083 2035 3727 2110; baseline 0 -18"><span class='ocrx_word' id='word_1_582' title='bbox 2083 2039 2249 2110; x_wconf 80' lang='grc' dir='ltr'>μένῳ,</span> <span class='ocrx_word' id='word_1_583' title='bbox 2282 2036 2333 2091; x_wconf 81' lang='grc' dir='ltr'>ἐν</span> <span class='ocrx_word' id='word_1_584' title='bbox 2378 2036 2605 2098; x_wconf 85' lang='grc' dir='ltr'>ἐννοίαις</span> <span class='ocrx_word' id='word_1_585' title='bbox 2638 2038 2666 2091; x_wconf 90' lang='grc' dir='ltr'>ὁ</span> <span class='ocrx_word' id='word_1_586' title='bbox 2696 2041 2906 2109; x_wconf 80' lang='grc' dir='ltr'>κρατῶν</span> <span class='ocrx_word' id='word_1_587' title='bbox 2951 2038 3044 2110; x_wconf 76' lang='grc' dir='ltr'><strong>ἦρ,</strong></span> <span class='ocrx_word' id='word_1_588' title='bbox 3076 2037 3165 2090; x_wconf 81' lang='grc' dir='ltr'><strong>καὶ</strong></span> <span class='ocrx_word' id='word_1_589' title='bbox 3218 2035 3434 2109; x_wconf 83' lang='grc' dir='ltr'>μᾶλλον</span> <span class='ocrx_word' id='word_1_590' title='bbox 3497 2037 3579 2092; x_wconf 79' lang='grc' dir='ltr'><strong>ὅτι</strong></span> <span class='ocrx_word' id='word_1_591' title='bbox 3638 2040 3727 2092; x_wconf 82' lang='grc' dir='ltr'>καὶ</span> 
     </span>
    </p>
   </div>
   <div class='ocr_carea' id='block_1_79' title="bbox 2076 2124 3728 2202">
    <p class='ocr_par' dir='ltr' id='par_1_79' title="bbox 2076 2124 3728 2202">
     <span class='ocr_line' id='line_1_79' title="bbox 2076 2124 3728 2202; baseline 0.001 -22"><span class='ocrx_word' id='word_1_592' title='bbox 2076 2128 2138 2181; x_wconf 88' lang='grc' dir='ltr'>τὸ</span> <span class='ocrx_word' id='word_1_593' title='bbox 2187 2125 2397 2202; x_wconf 87' lang='grc' dir='ltr'>σχίσμα</span> <span class='ocrx_word' id='word_1_594' title='bbox 2456 2124 2626 2181; x_wconf 88' lang='grc' dir='ltr'>πλέον</span> <span class='ocrx_word' id='word_1_595' title='bbox 2684 2125 2890 2202; x_wconf 79' lang='grc' dir='ltr'>ἐγένετο</span> <span class='ocrx_word' id='word_1_596' title='bbox 2942 2124 3031 2180; x_wconf 76' lang='grc' dir='ltr'><strong>διὰ</strong></span> <span class='ocrx_word' id='word_1_597' title='bbox 3084 2128 3183 2195; x_wconf 76' lang='grc' dir='ltr'>τὴν</span> <span class='ocrx_word' id='word_1_598' title='bbox 3270 2128 3568 2198; x_wconf 78' lang='grc' dir='ltr'>μετάθεσιν,</span> <span class='ocrx_word' id='word_1_599' title='bbox 3630 2126 3728 2181; x_wconf 62' lang='grc' dir='ltr'><strong>κᾶν</strong></span> 
     </span>
    </p>
   </div>
   <div class='ocr_carea' id='block_1_80' title="bbox 2078 2210 3731 2293">
    <p class='ocr_par' dir='ltr' id='par_1_80' title="bbox 2078 2210 3731 2293">
     <span class='ocr_line' id='line_1_80' title="bbox 2078 2210 3731 2293; baseline 0.002 -24"><span class='ocrx_word' id='word_1_600' title='bbox 2078 2213 2280 2278; x_wconf 80' lang='grc' dir='ltr'>ἐκεῖνος</span> <span class='ocrx_word' id='word_1_601' title='bbox 2340 2212 2721 2291; x_wconf 83' lang='grc' dir='ltr'>κατωλιγώρει</span> <span class='ocrx_word' id='word_1_602' title='bbox 2769 2222 2871 2285; x_wconf 81' lang='grc' dir='ltr'>τῆς</span> <span class='ocrx_word' id='word_1_603' title='bbox 2930 2215 3005 2277; x_wconf 82' lang='grc' dir='ltr'>εἷς</span> <span class='ocrx_word' id='word_1_604' title='bbox 3058 2215 3213 2269; x_wconf 84' lang='grc' dir='ltr'>αὐτὸν</span> <span class='ocrx_word' id='word_1_605' title='bbox 3264 2210 3471 2289; x_wconf 74' lang='grc' dir='ltr'>ὕϐρεως</span> <span class='ocrx_word' id='word_1_606' title='bbox 3525 2216 3614 2271; x_wconf 86' lang='grc' dir='ltr'><strong>καί</strong></span> <span class='ocrx_word' id='word_1_607' title='bbox 3670 2237 3731 2293; x_wconf 80' lang='grc' dir='ltr'><strong>γε</strong></span> 
     </span>
    </p>
   </div>
   <div class='ocr_carea' id='block_1_81' title="bbox 2084 2435 3736 2509">
    <p class='ocr_par' dir='ltr' id='par_1_81' title="bbox 2084 2435 3736 2509">
     <span class='ocr_line' id='line_1_81' title="bbox 2084 2435 3736 2509; baseline 0.003 -20"><span class='ocrx_word' id='word_1_608' title='bbox 2084 2435 2248 2490; x_wconf 90' lang='lat' dir='ltr'><strong>dum.</strong></span> <span class='ocrx_word' id='word_1_609' title='bbox 2284 2439 2358 2492; x_wconf 85' lang='lat' dir='ltr'><strong>Da</strong></span> <span class='ocrx_word' id='word_1_610' title='bbox 2391 2435 2726 2507; x_wconf 85' lang='lat' dir='ltr'><strong>patriarcha</strong></span> <span class='ocrx_word' id='word_1_611' title='bbox 2778 2437 3096 2493; x_wconf 87' lang='lat' dir='ltr'><strong>verebatur</strong></span> <span class='ocrx_word' id='word_1_612' title='bbox 3144 2454 3215 2493; x_wconf 91' lang='lat' dir='ltr'><strong>ne</strong></span> <span class='ocrx_word' id='word_1_613' title='bbox 3267 2454 3475 2509; x_wconf 88' lang='lat' dir='ltr'><strong>parum</strong></span> <span class='ocrx_word' id='word_1_614' title='bbox 3510 2454 3574 2494; x_wconf 90' lang='lat' dir='ltr'><strong>eo</strong></span> <span class='ocrx_word' id='word_1_615' title='bbox 3606 2454 3736 2495; x_wconf 81' lang='lat' dir='ltr'><strong>exo-</strong></span> 
     </span>
    </p>
   </div>
   <div class='ocr_carea' id='block_1_82' title="bbox 2084 2525 3737 2599">
    <p class='ocr_par' dir='ltr' id='par_1_82' title="bbox 2084 2525 3737 2599">
     <span class='ocr_line' id='line_1_82' title="bbox 2084 2525 3737 2599; baseline 0.002 -20"><span class='ocrx_word' id='word_1_616' title='bbox 2084 2528 2267 2580; x_wconf 87' lang='lat' dir='ltr'><strong>rando</strong></span> <span class='ocrx_word' id='word_1_617' title='bbox 2299 2526 2625 2596; x_wconf 78' lang='lat' dir='ltr'><strong>proficeret,</strong></span> <span class='ocrx_word' id='word_1_618' title='bbox 2663 2525 2791 2597; x_wconf 89' lang='lat' dir='ltr'><strong>ipso</strong></span> <span class='ocrx_word' id='word_1_619' title='bbox 2822 2525 3073 2581; x_wconf 89' lang='lat' dir='ltr'><strong>libenter</strong></span> <span class='ocrx_word' id='word_1_620' title='bbox 3106 2526 3347 2599; x_wconf 81' lang='lat' dir='ltr'><strong>quidem</strong></span> <span class='ocrx_word' id='word_1_621' title='bbox 3382 2543 3737 2596; x_wconf 87' lang='lat' dir='ltr'><strong>assensuro;</strong></span> 
     </span>
    </p>
   </div>
   <div class='ocr_carea' id='block_1_83' title="bbox 2083 2615 3740 2689">
    <p class='ocr_par' dir='ltr' id='par_1_83' title="bbox 2083 2615 3740 2689">
     <span class='ocr_line' id='line_1_83' title="bbox 2083 2615 3740 2689; baseline 0.002 -20"><span class='ocrx_word' id='word_1_622' title='bbox 2083 2615 2185 2669; x_wconf 89' lang='lat' dir='ltr'><strong>sed</strong></span> <span class='ocrx_word' id='word_1_623' title='bbox 2217 2616 2495 2687; x_wconf 90' lang='lat' dir='ltr'><strong>quoniam</strong></span> <span class='ocrx_word' id='word_1_624' title='bbox 2528 2615 2737 2687; x_wconf 86' lang='lat' dir='ltr'><strong>exigua</strong></span> <span class='ocrx_word' id='word_1_625' title='bbox 2764 2618 2894 2686; x_wconf 87' lang='lat' dir='ltr'><strong>ejus</strong></span> <span class='ocrx_word' id='word_1_626' title='bbox 2926 2616 3081 2688; x_wconf 89' lang='lat' dir='ltr'><strong>apud</strong></span> <span class='ocrx_word' id='word_1_627' title='bbox 3128 2616 3409 2687; x_wconf 83' lang='lat' dir='ltr'><strong>populum</strong></span> <span class='ocrx_word' id='word_1_628' title='bbox 3442 2622 3499 2673; x_wconf 91' lang='lat' dir='ltr'><strong>et</strong></span> <span class='ocrx_word' id='word_1_629' title='bbox 3549 2618 3740 2689; x_wconf 86' lang='lat' dir='ltr'><strong>gratia</strong></span> 
     </span>
    </p>
   </div>
   <div class='ocr_carea' id='block_1_84' title="bbox 2082 2704 3737 2769">
    <p class='ocr_par' dir='ltr' id='par_1_84' title="bbox 2082 2704 3737 2769">
     <span class='ocr_line' id='line_1_84' title="bbox 2082 2704 3737 2769; baseline 0.001 -10"><span class='ocrx_word' id='word_1_630' title='bbox 2082 2708 2207 2759; x_wconf 90' lang='lat' dir='ltr'><strong>erat</strong></span> <span class='ocrx_word' id='word_1_631' title='bbox 2235 2707 2291 2758; x_wconf 90' lang='lat' dir='ltr'><strong>et</strong></span> <span class='ocrx_word' id='word_1_632' title='bbox 2321 2704 2662 2769; x_wconf 89' lang='lat' dir='ltr'><strong>auctoritas,</strong></span> <span class='ocrx_word' id='word_1_633' title='bbox 2705 2704 3036 2761; x_wconf 90' lang='lat' dir='ltr'><strong>timendum</strong></span> <span class='ocrx_word' id='word_1_634' title='bbox 3082 2706 3380 2761; x_wconf 89' lang='lat' dir='ltr'><strong>videretur</strong></span> <span class='ocrx_word' id='word_1_635' title='bbox 3409 2723 3483 2761; x_wconf 91' lang='lat' dir='ltr'><strong>ne</strong></span> <span class='ocrx_word' id='word_1_636' title='bbox 3516 2705 3737 2761; x_wconf 88' lang='lat' dir='ltr'><strong>invidia</strong></span> 
     </span>
    </p>
   </div>
   <div class='ocr_carea' id='block_1_85' title="bbox 2084 2792 3737 2850">
    <p class='ocr_par' dir='ltr' id='par_1_85' title="bbox 2084 2792 3737 2850">
     <span class='ocr_line' id='line_1_85' title="bbox 2084 2792 3737 2850; baseline 0.001 -2"><span class='ocrx_word' id='word_1_637' title='bbox 2084 2792 2341 2848; x_wconf 78' lang='lat' dir='ltr'><strong>auctoris</strong></span> <span class='ocrx_word' id='word_1_638' title='bbox 2373 2799 2567 2849; x_wconf 87' lang='lat' dir='ltr'><strong>actum</strong></span> <span class='ocrx_word' id='word_1_639' title='bbox 2601 2793 2928 2849; x_wconf 80' lang='lat' dir='ltr'><strong>inﬁrmaret</strong></span> <span class='ocrx_word' id='word_1_640' title='bbox 2975 2802 3030 2850; x_wconf 90' lang='lat' dir='ltr'><strong>et</strong></span> <span class='ocrx_word' id='word_1_641' title='bbox 3078 2794 3257 2850; x_wconf 90' lang='lat' dir='ltr'><strong>talem</strong></span> <span class='ocrx_word' id='word_1_642' title='bbox 3309 2794 3737 2850; x_wconf 88' lang='lat' dir='ltr'><strong>absolutionem</strong></span> 
     </span>
    </p>
   </div>
   <div class='ocr_carea' id='block_1_86' title="bbox 2084 2882 3738 2963">
    <p class='ocr_par' dir='ltr' id='par_1_86' title="bbox 2084 2882 3738 2963">
     <span class='ocr_line' id='line_1_86' title="bbox 2084 2882 3738 2963; baseline 0.001 -26"><span class='ocrx_word' id='word_1_643' title='bbox 2084 2899 2187 2954; x_wconf 91' lang='lat' dir='ltr'><strong>pro</strong></span> <span class='ocrx_word' id='word_1_644' title='bbox 2232 2882 2394 2938; x_wconf 86' lang='lat' dir='ltr'><strong>nulla</strong></span> <span class='ocrx_word' id='word_1_645' title='bbox 2450 2883 2715 2963; x_wconf 87' lang='lat' dir='ltr'><strong>plerique</strong></span> <span class='ocrx_word' id='word_1_646' title='bbox 2775 2883 3056 2953; x_wconf 91' lang='lat' dir='ltr'><strong>irritaque</strong></span> <span class='ocrx_word' id='word_1_647' title='bbox 3105 2883 3409 2957; x_wconf 84' lang='lat' dir='ltr'><strong>haberent,</strong></span> <span class='ocrx_word' id='word_1_648' title='bbox 3461 2887 3738 2953; x_wconf 86' lang='lat' dir='ltr'><strong>tanquam</strong></span> 
     </span>
    </p>
   </div>
   <div class='ocr_carea' id='block_1_87' title="bbox 2084 2971 3738 3042">
    <p class='ocr_par' dir='ltr' id='par_1_87' title="bbox 2084 2971 3738 3042">
     <span class='ocr_line' id='line_1_87' title="bbox 2084 2971 3738 3042; baseline 0.001 -16"><span class='ocrx_word' id='word_1_649' title='bbox 2084 2972 2264 3027; x_wconf 87' lang='lat' dir='ltr'><strong>latam</strong></span> <span class='ocrx_word' id='word_1_650' title='bbox 2299 2972 2370 3026; x_wconf 91' lang='lat' dir='ltr'><strong>ab</strong></span> <span class='ocrx_word' id='word_1_651' title='bbox 2402 2971 2640 3026; x_wconf 91' lang='lat' dir='ltr'><strong>homine</strong></span> <span class='ocrx_word' id='word_1_652' title='bbox 2672 2972 2844 3042; x_wconf 83' lang='lat' dir='ltr'><strong>cujus</strong></span> <span class='ocrx_word' id='word_1_653' title='bbox 2876 2971 3210 3027; x_wconf 70' lang='lat' dir='ltr'><strong>auctoritati</strong></span> <span class='ocrx_word' id='word_1_654' title='bbox 3238 2988 3444 3042; x_wconf 89' lang='lat' dir='ltr'><strong>parum</strong></span> <span class='ocrx_word' id='word_1_655' title='bbox 3468 2972 3738 3039; x_wconf 82' lang='lat' dir='ltr'><strong>fiderent,</strong></span> 
     </span>
    </p>
   </div>
   <div class='ocr_carea' id='block_1_88' title="bbox 2084 3060 3729 3133">
    <p class='ocr_par' dir='ltr' id='par_1_88' title="bbox 2084 3060 3729 3133">
     <span class='ocr_line' id='line_1_88' title="bbox 2084 3060 3729 3133; baseline -0.001 -17"><span class='ocrx_word' id='word_1_656' title='bbox 2084 3066 2146 3116; x_wconf 92' lang='lat' dir='ltr'><strong>et</strong></span> <span class='ocrx_word' id='word_1_657' title='bbox 2177 3061 2246 3115; x_wconf 86' lang='lat' dir='ltr'><strong>de</strong></span> <span class='ocrx_word' id='word_1_658' title='bbox 2279 3078 2394 3132; x_wconf 88' lang='lat' dir='ltr'><strong>quo</strong></span> <span class='ocrx_word' id='word_1_659' title='bbox 2426 3077 2497 3115; x_wconf 92' lang='lat' dir='ltr'><strong>an</strong></span> <span class='ocrx_word' id='word_1_660' title='bbox 2532 3060 2792 3131; x_wconf 86' lang='lat' dir='ltr'><strong>legitime</strong></span> <span class='ocrx_word' id='word_1_661' title='bbox 2825 3065 3129 3133; x_wconf 88' lang='lat' dir='ltr'><strong>promotus</strong></span> <span class='ocrx_word' id='word_1_662' title='bbox 3161 3064 3337 3131; x_wconf 84' lang='lat' dir='ltr'><strong>esset,</strong></span> <span class='ocrx_word' id='word_1_663' title='bbox 3372 3064 3610 3132; x_wconf 89' lang='lat' dir='ltr'><strong>propter</strong></span> <span class='ocrx_word' id='word_1_664' title='bbox 3640 3076 3729 3115; x_wconf 89' lang='lat' dir='ltr'><strong>ve-</strong></span> 
     </span>
    </p>
   </div>
   <div class='ocr_carea' id='block_1_89' title="bbox 2080 3148 3735 3205">
    <p class='ocr_par' dir='ltr' id='par_1_89' title="bbox 2080 3148 3735 3205">
     <span class='ocr_line' id='line_1_89' title="bbox 2080 3148 3735 3205; baseline 0.001 -1"><span class='ocrx_word' id='word_1_665' title='bbox 2080 3150 2250 3204; x_wconf 88' lang='lat' dir='ltr'><strong>titam</strong></span> <span class='ocrx_word' id='word_1_666' title='bbox 2300 3149 2626 3205; x_wconf 89' lang='lat' dir='ltr'><strong>eanonibus</strong></span> <span class='ocrx_word' id='word_1_667' title='bbox 2659 3150 2729 3205; x_wconf 90' lang='lat' dir='ltr'><strong>de</strong></span> <span class='ocrx_word' id='word_1_668' title='bbox 2772 3150 2981 3205; x_wconf 91' lang='lat' dir='ltr'><strong>throno</strong></span> <span class='ocrx_word' id='word_1_669' title='bbox 3013 3150 3071 3203; x_wconf 92' lang='lat' dir='ltr'><strong>in</strong></span> <span class='ocrx_word' id='word_1_670' title='bbox 3105 3150 3355 3205; x_wconf 88' lang='lat' dir='ltr'><strong>thonum</strong></span> <span class='ocrx_word' id='word_1_671' title='bbox 3393 3148 3735 3205; x_wconf 86' lang='lat' dir='ltr'><strong>translatio-</strong></span> 
     </span>
    </p>
   </div>
   <div class='ocr_carea' id='block_1_90' title="bbox 2084 3238 3727 3310">
    <p class='ocr_par' dir='ltr' id='par_1_90' title="bbox 2084 3238 3727 3310">
     <span class='ocr_line' id='line_1_90' title="bbox 2084 3238 3727 3310; baseline -0.001 -17"><span class='ocrx_word' id='word_1_672' title='bbox 2084 3255 2217 3293; x_wconf 88' lang='lat' dir='ltr'><strong>nem</strong></span> <span class='ocrx_word' id='word_1_673' title='bbox 2269 3238 2620 3309; x_wconf 88' lang='lat' dir='ltr'><strong>abigeretur.</strong></span> <span class='ocrx_word' id='word_1_674' title='bbox 2662 3240 2883 3293; x_wconf 89' lang='lat' dir='ltr'><strong>Auctor</strong></span> <span class='ocrx_word' id='word_1_675' title='bbox 2903 3243 2961 3294; x_wconf 91' lang='lat' dir='ltr'><strong>et</strong></span> <span class='ocrx_word' id='word_1_676' title='bbox 2991 3238 3135 3294; x_wconf 72' lang='lat'><strong>291</strong></span> <span class='ocrx_word' id='word_1_677' title='bbox 3182 3243 3492 3310; x_wconf 83' lang='lat' dir='ltr'><strong>suggestor</strong></span> <span class='ocrx_word' id='word_1_678' title='bbox 3519 3238 3727 3308; x_wconf 84' lang='lat' dir='ltr'><strong>hujus-</strong></span> 
     </span>
    </p>
   </div>
   <div class='ocr_carea' id='block_1_91' title="bbox 2082 3327 3723 3399">
    <p class='ocr_par' dir='ltr' id='par_1_91' title="bbox 2082 3327 3723 3399">
     <span class='ocr_line' id='line_1_91' title="bbox 2082 3327 3723 3399; baseline -0.001 -17"><span class='ocrx_word' id='word_1_679' title='bbox 2082 3327 2723 3383; x_wconf 77' lang='lat' dir='ltr'><strong>modisollicitudinum</strong></span> <span class='ocrx_word' id='word_1_680' title='bbox 2750 3334 2784 3381; x_wconf 89' lang='lat' dir='ltr'><strong>A</strong></span> <span class='ocrx_word' id='word_1_681' title='bbox 2802 3332 3012 3399; x_wconf 84' lang='lat' dir='ltr'><strong>ugusto</strong></span> <span class='ocrx_word' id='word_1_682' title='bbox 3037 3328 3344 3399; x_wconf 79' lang='lat' dir='ltr'><strong>fuitsupra</strong></span> <span class='ocrx_word' id='word_1_683' title='bbox 3360 3333 3723 3382; x_wconf 88' lang='lat' dir='ltr'><strong>memoratus</strong></span> 
     </span>
    </p>
   </div>
   <div class='ocr_carea' id='block_1_92' title="bbox 2080 3416 3730 3489">
    <p class='ocr_par' dir='ltr' id='par_1_92' title="bbox 2080 3416 3730 3489">
     <span class='ocr_line' id='line_1_92' title="bbox 2080 3416 3730 3489; baseline -0.002 -17"><span class='ocrx_word' id='word_1_684' title='bbox 2080 3417 2298 3489; x_wconf 90' lang='lat' dir='ltr'><strong>Joseph</strong></span> <span class='ocrx_word' id='word_1_685' title='bbox 2345 3416 2557 3473; x_wconf 88' lang='lat' dir='ltr'><strong>Galesii</strong></span> <span class='ocrx_word' id='word_1_686' title='bbox 2603 3418 2928 3488; x_wconf 65' lang='lat' dir='ltr'><strong>praefectus,</strong></span> <span class='ocrx_word' id='word_1_687' title='bbox 2964 3433 3076 3471; x_wconf 91' lang='lat' dir='ltr'><strong>non</strong></span> <span class='ocrx_word' id='word_1_688' title='bbox 3114 3422 3229 3472; x_wconf 88' lang='lat' dir='ltr'><strong>tam</strong></span> <span class='ocrx_word' id='word_1_689' title='bbox 3266 3416 3363 3471; x_wconf 92' lang='lat' dir='ltr'><strong>ille</strong></span> <span class='ocrx_word' id='word_1_690' title='bbox 3395 3417 3633 3487; x_wconf 90' lang='lat' dir='ltr'><strong>quidem</strong></span> <span class='ocrx_word' id='word_1_691' title='bbox 3672 3418 3730 3470; x_wconf 90' lang='lat' dir='ltr'><strong>in</strong></span> 
     </span>
    </p>
   </div>
   <div class='ocr_carea' id='block_1_93' title="bbox 2083 3506 3733 3577">
    <p class='ocr_par' dir='ltr' id='par_1_93' title="bbox 2083 3506 3733 3577">
     <span class='ocr_line' id='line_1_93' title="bbox 2083 3506 3733 3577; baseline -0.001 -15"><span class='ocrx_word' id='word_1_692' title='bbox 2083 3507 2192 3562; x_wconf 93' lang='lat' dir='ltr'><strong>hoc</strong></span> <span class='ocrx_word' id='word_1_693' title='bbox 2215 3506 2589 3562; x_wconf 87' lang='lat' dir='ltr'><strong>miseratione</strong></span> <span class='ocrx_word' id='word_1_694' title='bbox 2612 3506 2666 3560; x_wconf 92' lang='lat' dir='ltr'><strong>in</strong></span> <span class='ocrx_word' id='word_1_695' title='bbox 2693 3507 3003 3561; x_wconf 89' lang='lat' dir='ltr'><strong>Arsenium</strong></span> <span class='ocrx_word' id='word_1_696' title='bbox 3034 3507 3288 3576; x_wconf 90' lang='lat' dir='ltr'><strong>quadam</strong></span> <span class='ocrx_word' id='word_1_697' title='bbox 3327 3511 3521 3561; x_wconf 88' lang='lat' dir='ltr'><strong>motus</strong></span> <span class='ocrx_word' id='word_1_698' title='bbox 3556 3520 3733 3577; x_wconf 88' lang='lat' dir='ltr'><strong>quam</strong></span> 
     </span>
    </p>
   </div>
   <div class='ocr_carea' id='block_1_94' title="bbox 2080 3593 3735 3666">
    <p class='ocr_par' dir='ltr' id='par_1_94' title="bbox 2080 3593 3735 3666">
     <span class='ocr_line' id='line_1_94' title="bbox 2080 3593 3735 3666; baseline -0.001 -17"><span class='ocrx_word' id='word_1_699' title='bbox 2080 3594 2395 3666; x_wconf 89' lang='lat' dir='ltr'><strong>indulgens</strong></span> <span class='ocrx_word' id='word_1_700' title='bbox 2411 3593 3038 3650; x_wconf 88' lang='lat' dir='ltr'><strong>minimedissimulato</strong></span> <span class='ocrx_word' id='word_1_701' title='bbox 3071 3596 3350 3649; x_wconf 90' lang='lat' dir='ltr'><strong>adversus</strong></span> <span class='ocrx_word' id='word_1_702' title='bbox 3382 3594 3735 3649; x_wconf 89' lang='lat' dir='ltr'><strong>Germanum</strong></span> 
     </span>
    </p>
   </div>
   <div class='ocr_carea' id='block_1_95' title="bbox 2080 3682 3732 3755">
    <p class='ocr_par' dir='ltr' id='par_1_95' title="bbox 2080 3682 3732 3755">
     <span class='ocr_line' id='line_1_95' title="bbox 2080 3682 3732 3755; baseline -0.002 -16"><span class='ocrx_word' id='word_1_703' title='bbox 2080 3684 2411 3755; x_wconf 87' lang='lat' dir='ltr'><strong>edio,quem</strong></span> <span class='ocrx_word' id='word_1_704' title='bbox 2437 3683 2627 3755; x_wconf 87' lang='lat' dir='ltr'><strong>palam</strong></span> <span class='ocrx_word' id='word_1_705' title='bbox 2650 3683 2927 3755; x_wconf 88' lang='lat' dir='ltr'><strong>culpabat</strong></span> <span class='ocrx_word' id='word_1_706' title='bbox 2950 3684 3115 3755; x_wconf 90' lang='lat' dir='ltr'><strong>quasi</strong></span> <span class='ocrx_word' id='word_1_707' title='bbox 3142 3700 3171 3738; x_wconf 93' lang='lat' dir='ltr'><strong>e</strong></span> <span class='ocrx_word' id='word_1_708' title='bbox 3194 3684 3330 3738; x_wconf 89' lang='lat' dir='ltr'><strong>sede</strong></span> <span class='ocrx_word' id='word_1_709' title='bbox 3356 3683 3651 3738; x_wconf 78' lang='lat' dir='ltr'><strong>humiliori</strong></span> <span class='ocrx_word' id='word_1_710' title='bbox 3675 3682 3732 3737; x_wconf 91' lang='lat' dir='ltr'><strong>in</strong></span> 
     </span>
    </p>
   </div>
   <div class='ocr_carea' id='block_1_96' title="bbox 2082 3773 3735 3845">
    <p class='ocr_par' dir='ltr' id='par_1_96' title="bbox 2082 3773 3735 3845">
     <span class='ocr_line' id='line_1_96' title="bbox 2082 3773 3735 3845; baseline -0.001 -16"><span class='ocrx_word' id='word_1_711' title='bbox 2082 3791 2419 3845; x_wconf 89' lang='lat' dir='ltr'><strong>supremam</strong></span> <span class='ocrx_word' id='word_1_712' title='bbox 2476 3774 2625 3829; x_wconf 90' lang='lat' dir='ltr'><strong>saltu</strong></span> <span class='ocrx_word' id='word_1_713' title='bbox 2676 3775 2983 3828; x_wconf 85' lang='lat' dir='ltr'><strong>ambitioso</strong></span> <span class='ocrx_word' id='word_1_714' title='bbox 3017 3789 3120 3828; x_wconf 90' lang='lat' dir='ltr'><strong>nec</strong></span> <span class='ocrx_word' id='word_1_715' title='bbox 3171 3788 3276 3844; x_wconf 88' lang='lat' dir='ltr'><strong>per</strong></span> <span class='ocrx_word' id='word_1_716' title='bbox 3333 3789 3532 3828; x_wconf 90' lang='lat' dir='ltr'><strong>sacras</strong></span> <span class='ocrx_word' id='word_1_717' title='bbox 3576 3773 3735 3843; x_wconf 85' lang='lat' dir='ltr'><strong>leges</strong></span> 
     </span>
    </p>
   </div>
   <div class='ocr_carea' id='block_1_97' title="bbox 2082 3862 3729 3933">
    <p class='ocr_par' dir='ltr' id='par_1_97' title="bbox 2082 3862 3729 3933">
     <span class='ocr_line' id='line_1_97' title="bbox 2082 3862 3729 3933; baseline -0.001 -15"><span class='ocrx_word' id='word_1_718' title='bbox 2082 3880 2358 3919; x_wconf 89' lang='lat' dir='ltr'><strong>concesso</strong></span> <span class='ocrx_word' id='word_1_719' title='bbox 2390 3864 2871 3919; x_wconf 89' lang='lat' dir='ltr'><strong>transcendisset.</strong></span> <span class='ocrx_word' id='word_1_720' title='bbox 2906 3862 3068 3917; x_wconf 90' lang='lat' dir='ltr'><strong>Unde</strong></span> <span class='ocrx_word' id='word_1_721' title='bbox 3106 3878 3238 3916; x_wconf 91' lang='lat' dir='ltr'><strong>cum</strong></span> <span class='ocrx_word' id='word_1_722' title='bbox 3264 3877 3326 3916; x_wconf 87' lang='lat' dir='ltr'><strong>se</strong></span> <span class='ocrx_word' id='word_1_723' title='bbox 3349 3862 3474 3933; x_wconf 91' lang='lat' dir='ltr'><strong>ipse</strong></span> <span class='ocrx_word' id='word_1_724' title='bbox 3497 3862 3570 3916; x_wconf 91' lang='lat' dir='ltr'><strong>ab</strong></span> <span class='ocrx_word' id='word_1_725' title='bbox 3602 3862 3729 3931; x_wconf 89' lang='lat' dir='ltr'><strong>ejus</strong></span> 
     </span>
    </p>
   </div>
   <div class='ocr_carea' id='block_1_98' title="bbox 2082 3950 3735 4022">
    <p class='ocr_par' dir='ltr' id='par_1_98' title="bbox 2082 3950 3735 4022">
     <span class='ocr_line' id='line_1_98' title="bbox 2082 3950 3735 4022; baseline -0.002 -16"><span class='ocrx_word' id='word_1_726' title='bbox 2082 3952 2493 4007; x_wconf 89' lang='lat' dir='ltr'><strong>communione</strong></span> <span class='ocrx_word' id='word_1_727' title='bbox 2524 3952 2869 4022; x_wconf 83' lang='lat' dir='ltr'><strong>segregavit,</strong></span> <span class='ocrx_word' id='word_1_728' title='bbox 2906 3956 3030 4005; x_wconf 91' lang='lat' dir='ltr'><strong>tum</strong></span> <span class='ocrx_word' id='word_1_729' title='bbox 3086 3951 3230 4005; x_wconf 89' lang='lat' dir='ltr'><strong>istas</strong></span> <span class='ocrx_word' id='word_1_730' title='bbox 3281 3967 3432 4020; x_wconf 89' lang='lat' dir='ltr'><strong>quas</strong></span> <span class='ocrx_word' id='word_1_731' title='bbox 3469 3950 3586 4003; x_wconf 80' lang='lat' dir='ltr'><strong>dixi</strong></span> <span class='ocrx_word' id='word_1_732' title='bbox 3637 3950 3735 4003; x_wconf 83' lang='lat' dir='ltr'><strong>ad-</strong></span> 
     </span>
    </p>
   </div>
   <div class='ocr_carea' id='block_1_99' title="bbox 2081 4038 3729 4110">
    <p class='ocr_par' dir='ltr' id='par_1_99' title="bbox 2081 4038 3729 4110">
     <span class='ocr_line' id='line_1_99' title="bbox 2081 4038 3729 4110; baseline -0.001 -16"><span class='ocrx_word' id='word_1_733' title='bbox 2081 4058 2280 4097; x_wconf 88' lang='lat' dir='ltr'><strong>versas</strong></span> <span class='ocrx_word' id='word_1_734' title='bbox 2311 4041 2598 4096; x_wconf 88' lang='lat' dir='ltr'><strong>Germano</strong></span> <span class='ocrx_word' id='word_1_735' title='bbox 2631 4040 3013 4110; x_wconf 89' lang='lat' dir='ltr'><strong>cogitationes</strong></span> <span class='ocrx_word' id='word_1_736' title='bbox 3045 4042 3221 4109; x_wconf 89' lang='lat' dir='ltr'><strong>atque</strong></span> <span class='ocrx_word' id='word_1_737' title='bbox 3256 4038 3598 4092; x_wconf 88' lang='lat' dir='ltr'><strong>lormidines</strong></span> <span class='ocrx_word' id='word_1_738' title='bbox 3622 4038 3729 4093; x_wconf 90' lang='lat' dir='ltr'><strong>im-</strong></span> 
     </span>
    </p>
   </div>
   <div class='ocr_carea' id='block_1_100' title="bbox 2083 4127 3731 4203">
    <p class='ocr_par' dir='ltr' id='par_1_100' title="bbox 2083 4127 3731 4203">
     <span class='ocr_line' id='line_1_100' title="bbox 2083 4127 3731 4203; baseline -0.002 -18"><span class='ocrx_word' id='word_1_739' title='bbox 2083 4131 2366 4203; x_wconf 84' lang='lat' dir='ltr'><strong>peratoris</strong></span> <span class='ocrx_word' id='word_1_740' title='bbox 2398 4129 2592 4185; x_wconf 89' lang='lat' dir='ltr'><strong>animo</strong></span> <span class='ocrx_word' id='word_1_741' title='bbox 2642 4127 2911 4199; x_wconf 85' lang='lat' dir='ltr'><strong>subjecit,</strong></span> <span class='ocrx_word' id='word_1_742' title='bbox 2940 4127 3321 4183; x_wconf 88' lang='lat' dir='ltr'><strong>metuendum</strong></span> <span class='ocrx_word' id='word_1_743' title='bbox 3372 4128 3731 4182; x_wconf 88' lang='lat' dir='ltr'><strong>denuntians</strong></span> 
     </span>
    </p>
   </div>
   <div class='ocr_carea' id='block_1_101' title="bbox 2086 4214 3727 4287">
    <p class='ocr_par' dir='ltr' id='par_1_101' title="bbox 2086 4214 3727 4287">
     <span class='ocr_line' id='line_1_101' title="bbox 2086 4214 3727 4287; baseline -0.003 -13"><span class='ocrx_word' id='word_1_744' title='bbox 2086 4236 2155 4274; x_wconf 88' lang='lat' dir='ltr'><strong>ne</strong></span> <span class='ocrx_word' id='word_1_745' title='bbox 2188 4235 2299 4274; x_wconf 93' lang='lat' dir='ltr'><strong>non</strong></span> <span class='ocrx_word' id='word_1_746' title='bbox 2335 4219 2602 4273; x_wconf 88' lang='lat' dir='ltr'><strong>idoneam</strong></span> <span class='ocrx_word' id='word_1_747' title='bbox 2646 4217 2743 4272; x_wconf 89' lang='lat' dir='ltr'><strong>ille</strong></span> <span class='ocrx_word' id='word_1_748' title='bbox 2775 4215 3013 4271; x_wconf 79' lang='lat' dir='ltr'><strong>haberet</strong></span> <span class='ocrx_word' id='word_1_749' title='bbox 3059 4214 3320 4271; x_wconf 90' lang='lat' dir='ltr'><strong>solvendi</strong></span> <span class='ocrx_word' id='word_1_750' title='bbox 3358 4221 3727 4287; x_wconf 82' lang='lat' dir='ltr'><strong>potestatem,</strong></span> 
     </span>
    </p>
   </div>
   <div class='ocr_carea' id='block_1_102' title="bbox 2083 4304 3731 4380">
    <p class='ocr_par' dir='ltr' id='par_1_102' title="bbox 2083 4304 3731 4380">
     <span class='ocr_line' id='line_1_102' title="bbox 2083 4304 3731 4380; baseline -0.004 -16"><span class='ocrx_word' id='word_1_751' title='bbox 2083 4326 2149 4364; x_wconf 88' lang='lat' dir='ltr'><strong>ac</strong></span> <span class='ocrx_word' id='word_1_752' title='bbox 2182 4309 2332 4380; x_wconf 92' lang='lat' dir='ltr'><strong>quod</strong></span> <span class='ocrx_word' id='word_1_753' title='bbox 2367 4313 2490 4363; x_wconf 90' lang='lat' dir='ltr'><strong>erat</strong></span> <span class='ocrx_word' id='word_1_754' title='bbox 2522 4308 2653 4363; x_wconf 88' lang='lat' dir='ltr'><strong>inde</strong></span> <span class='ocrx_word' id='word_1_755' title='bbox 2696 4323 3085 4377; x_wconf 90' lang='lat' dir='ltr'><strong>consequens,</strong></span> <span class='ocrx_word' id='word_1_756' title='bbox 3127 4305 3175 4360; x_wconf 91' lang='lat' dir='ltr'><strong>si</strong></span> <span class='ocrx_word' id='word_1_757' title='bbox 3211 4323 3242 4359; x_wconf 91' lang='lat' dir='ltr'><strong>a</strong></span> <span class='ocrx_word' id='word_1_758' title='bbox 3273 4305 3377 4359; x_wconf 90' lang='lat' dir='ltr'><strong>tali</strong></span> <span class='ocrx_word' id='word_1_759' title='bbox 3417 4304 3731 4360; x_wconf 86' lang='lat' dir='ltr'><strong>absolutus</strong></span> 
     </span>
    </p>
   </div>
   <div class='ocr_carea' id='block_1_103' title="bbox 2084 4394 3734 4469">
    <p class='ocr_par' dir='ltr' id='par_1_103' title="bbox 2084 4394 3734 4469">
     <span class='ocr_line' id='line_1_103' title="bbox 2084 4394 3734 4469; baseline -0.003 -16"><span class='ocrx_word' id='word_1_760' title='bbox 2084 4398 2295 4453; x_wconf 85' lang='lat' dir='ltr'><strong>fuisset</strong></span> <span class='ocrx_word' id='word_1_761' title='bbox 2317 4397 2764 4469; x_wconf 89' lang='lat' dir='ltr'><strong>imperator,nec</strong></span> <span class='ocrx_word' id='word_1_762' title='bbox 2787 4396 2938 4467; x_wconf 90' lang='lat' dir='ltr'><strong>apud</strong></span> <span class='ocrx_word' id='word_1_763' title='bbox 2960 4395 3141 4449; x_wconf 89' lang='lat' dir='ltr'><strong>Deum</strong></span> <span class='ocrx_word' id='word_1_764' title='bbox 3160 4411 3264 4449; x_wconf 90' lang='lat' dir='ltr'><strong>nec</strong></span> <span class='ocrx_word' id='word_1_765' title='bbox 3288 4395 3441 4465; x_wconf 85' lang='lat' dir='ltr'><strong>apud</strong></span> <span class='ocrx_word' id='word_1_766' title='bbox 3466 4394 3734 4448; x_wconf 88' lang='lat' dir='ltr'><strong>homines</strong></span> 
     </span>
    </p>
   </div>
   <div class='ocr_carea' id='block_1_104' title="bbox 2085 4484 3733 4552">
    <p class='ocr_par' dir='ltr' id='par_1_104' title="bbox 2085 4484 3733 4552">
     <span class='ocr_line' id='line_1_104' title="bbox 2085 4484 3733 4552; baseline -0.002 -13"><span class='ocrx_word' id='word_1_767' title='bbox 2085 4503 2212 4542; x_wconf 90' lang='lat' dir='ltr'><strong>vere</strong></span> <span class='ocrx_word' id='word_1_768' title='bbox 2236 4485 2381 4541; x_wconf 89' lang='lat' dir='ltr'><strong>liber</strong></span> <span class='ocrx_word' id='word_1_769' title='bbox 2405 4503 2437 4540; x_wconf 91' lang='lat' dir='ltr'><strong>a</strong></span> <span class='ocrx_word' id='word_1_770' title='bbox 2458 4486 2582 4540; x_wconf 88' lang='lat' dir='ltr'><strong>diro</strong></span> <span class='ocrx_word' id='word_1_771' title='bbox 2606 4484 2838 4539; x_wconf 90' lang='lat' dir='ltr'><strong>vinculo</strong></span> <span class='ocrx_word' id='word_1_772' title='bbox 2862 4488 3220 4538; x_wconf 89' lang='lat' dir='ltr'><strong>censeretur.</strong></span> <span class='ocrx_word' id='word_1_773' title='bbox 3253 4486 3386 4545; x_wconf 72' lang='lat' dir='ltr'><strong>Qum</strong></span> <span class='ocrx_word' id='word_1_774' title='bbox 3425 4486 3733 4552; x_wconf 87' lang='lat' dir='ltr'><strong>Augustus</strong></span> 
     </span>
    </p>
   </div>
   <div class='ocr_carea' id='block_1_105' title="bbox 2080 4570 3736 4645">
    <p class='ocr_par' dir='ltr' id='par_1_105' title="bbox 2080 4570 3736 4645">
     <span class='ocr_line' id='line_1_105' title="bbox 2080 4570 3736 4645; baseline -0.004 -14"><span class='ocrx_word' id='word_1_775' title='bbox 2080 4576 2329 4631; x_wconf 87' lang='lat' dir='ltr'><strong>audiens</strong></span> <span class='ocrx_word' id='word_1_776' title='bbox 2358 4575 2429 4630; x_wconf 89' lang='lat' dir='ltr'><strong>ab</strong></span> <span class='ocrx_word' id='word_1_777' title='bbox 2462 4591 2527 4630; x_wconf 91' lang='lat' dir='ltr'><strong>eo</strong></span> <span class='ocrx_word' id='word_1_778' title='bbox 2560 4591 2733 4645; x_wconf 87' lang='lat' dir='ltr'><strong>quem</strong></span> <span class='ocrx_word' id='word_1_779' title='bbox 2768 4572 2949 4645; x_wconf 86' lang='lat' dir='ltr'><strong>patris</strong></span> <span class='ocrx_word' id='word_1_780' title='bbox 2982 4572 3237 4626; x_wconf 89' lang='lat' dir='ltr'><strong>habebat</strong></span> <span class='ocrx_word' id='word_1_781' title='bbox 3265 4571 3411 4634; x_wconf 86' lang='lat' dir='ltr'><strong>loco.</strong></span> <span class='ocrx_word' id='word_1_782' title='bbox 3445 4570 3538 4625; x_wconf 92' lang='lat' dir='ltr'><strong>cui</strong></span> <span class='ocrx_word' id='word_1_783' title='bbox 3582 4576 3638 4625; x_wconf 92' lang='lat' dir='ltr'><strong>et</strong></span> <span class='ocrx_word' id='word_1_784' title='bbox 3670 4575 3736 4625; x_wconf 90' lang='lat' dir='ltr'><strong>ut</strong></span> 
     </span>
    </p>
   </div>
   <div class='ocr_carea' id='block_1_106' title="bbox 2082 4661 3737 4731">
    <p class='ocr_par' dir='ltr' id='par_1_106' title="bbox 2082 4661 3737 4731">
     <span class='ocr_line' id='line_1_106' title="bbox 2082 4661 3737 4731; baseline -0.002 -12"><span class='ocrx_word' id='word_1_785' title='bbox 2082 4665 2449 4721; x_wconf 75' lang='lat' dir='ltr'><strong>conscientia:</strong></span> <span class='ocrx_word' id='word_1_786' title='bbox 2474 4681 2591 4718; x_wconf 72' lang='lat' dir='ltr'><strong>suae</strong></span> <span class='ocrx_word' id='word_1_787' title='bbox 2623 4662 2843 4719; x_wconf 80' lang='lat' dir='ltr'><strong>arbitro</strong></span> <span class='ocrx_word' id='word_1_788' title='bbox 2875 4666 2931 4716; x_wconf 87' lang='lat' dir='ltr'><strong>et</strong></span> <span class='ocrx_word' id='word_1_789' title='bbox 2964 4666 3026 4715; x_wconf 92' lang='lat' dir='ltr'><strong>ut</strong></span> <span class='ocrx_word' id='word_1_790' title='bbox 3057 4661 3323 4716; x_wconf 89' lang='lat' dir='ltr'><strong>omnium</strong></span> <span class='ocrx_word' id='word_1_791' title='bbox 3349 4677 3479 4731; x_wconf 59' lang='lat' dir='ltr'><strong>quas</strong></span> <span class='ocrx_word' id='word_1_792' title='bbox 3506 4661 3574 4715; x_wconf 89' lang='lat' dir='ltr'><strong>ad</strong></span> <span class='ocrx_word' id='word_1_793' title='bbox 3603 4677 3737 4731; x_wconf 86' lang='lat' dir='ltr'><strong>pro-</strong></span> 
     </span>
    </p>
   </div>
   <div class='ocr_carea' id='block_1_107' title="bbox 2082 4749 3734 4824">
    <p class='ocr_par' dir='ltr' id='par_1_107' title="bbox 2082 4749 3734 4824">
     <span class='ocr_line' id='line_1_107' title="bbox 2082 4749 3734 4824; baseline -0.004 -15"><span class='ocrx_word' id='word_1_794' title='bbox 2082 4754 2441 4810; x_wconf 90' lang='lat' dir='ltr'><strong>curationem</strong></span> <span class='ocrx_word' id='word_1_795' title='bbox 2501 4756 2835 4824; x_wconf 87' lang='lat' dir='ltr'><strong>spectarent</strong></span> <span class='ocrx_word' id='word_1_796' title='bbox 2886 4751 3223 4806; x_wconf 86' lang='lat' dir='ltr'><strong>animarum</strong></span> <span class='ocrx_word' id='word_1_797' title='bbox 3286 4749 3734 4805; x_wconf 89' lang='lat' dir='ltr'><strong>consultissimo</strong></span> 
     </span>
    </p>
   </div>
   <div class='ocr_carea' id='block_1_108' title="bbox 2084 4840 3735 4917">
    <p class='ocr_par' dir='ltr' id='par_1_108' title="bbox 2084 4840 3735 4917">
     <span class='ocr_line' id='line_1_108' title="bbox 2084 4840 3735 4917; baseline -0.004 -17"><span class='ocrx_word' id='word_1_798' title='bbox 2084 4845 2304 4917; x_wconf 89' lang='lat' dir='ltr'><strong>passim</strong></span> <span class='ocrx_word' id='word_1_799' title='bbox 2338 4844 2537 4899; x_wconf 88' lang='lat' dir='ltr'><strong>habito</strong></span> <span class='ocrx_word' id='word_1_800' title='bbox 2567 4842 2698 4898; x_wconf 81' lang='lat' dir='ltr'><strong>fidei</strong></span> <span class='ocrx_word' id='word_1_801' title='bbox 2730 4841 3047 4914; x_wconf 89' lang='lat' dir='ltr'><strong>plurimam</strong></span> <span class='ocrx_word' id='word_1_802' title='bbox 3080 4840 3595 4911; x_wconf 88' lang='lat' dir='ltr'><strong>venerationisque</strong></span> <span class='ocrx_word' id='word_1_803' title='bbox 3626 4840 3735 4894; x_wconf 89' lang='lat' dir='ltr'><strong>tri-</strong></span> 
     </span>
    </p>
   </div>
   <div class='ocr_carea' id='block_1_109' title="bbox 2082 4931 3733 5000">
    <p class='ocr_par' dir='ltr' id='par_1_109' title="bbox 2082 4931 3733 5000">
     <span class='ocr_line' id='line_1_109' title="bbox 2082 4931 3733 5000; baseline -0.004 -10"><span class='ocrx_word' id='word_1_804' title='bbox 2082 4935 2315 5000; x_wconf 79' lang='lat' dir='ltr'><strong>buebat,</strong></span> <span class='ocrx_word' id='word_1_805' title='bbox 2360 4932 2650 4988; x_wconf 85' lang='lat' dir='ltr'><strong>anxietate</strong></span> <span class='ocrx_word' id='word_1_806' title='bbox 2698 4931 3053 4986; x_wconf 83' lang='lat' dir='ltr'><strong>constrictus</strong></span> <span class='ocrx_word' id='word_1_807' title='bbox 3085 4935 3175 4985; x_wconf 90' lang='lat' dir='ltr'><strong>est</strong></span> <span class='ocrx_word' id='word_1_808' title='bbox 3210 4931 3497 4995; x_wconf 81' lang='lat' dir='ltr'><strong>maxima,</strong></span> <span class='ocrx_word' id='word_1_809' title='bbox 3554 4946 3733 5000; x_wconf 78' lang='lat' dir='ltr'><strong>quam</strong></span> 
     </span>
    </p>
   </div>
   <div class='ocr_carea' id='block_1_110' title="bbox 2083 5018 3731 5094">
    <p class='ocr_par' dir='ltr' id='par_1_110' title="bbox 2083 5018 3731 5094">
     <span class='ocr_line' id='line_1_110' title="bbox 2083 5018 3731 5094; baseline -0.004 -15"><span class='ocrx_word' id='word_1_810' title='bbox 2083 5023 2334 5081; x_wconf 89' lang='lat' dir='ltr'><strong>subinde</strong></span> <span class='ocrx_word' id='word_1_811' title='bbox 2368 5022 2552 5094; x_wconf 88' lang='lat' dir='ltr'><strong>magis</strong></span> <span class='ocrx_word' id='word_1_812' title='bbox 2604 5021 2910 5093; x_wconf 83' lang='lat' dir='ltr'><strong>magisque</strong></span> <span class='ocrx_word' id='word_1_813' title='bbox 2942 5019 3286 5074; x_wconf 89' lang='lat' dir='ltr'><strong>intendebat</strong></span> <span class='ocrx_word' id='word_1_814' title='bbox 3318 5035 3640 5090; x_wconf 69' lang='lat' dir='ltr'><strong>augescens</strong></span> <span class='ocrx_word' id='word_1_815' title='bbox 3673 5018 3731 5072; x_wconf 89' lang='lat' dir='ltr'><strong>in</strong></span> 
     </span>
    </p>
   </div>
   <div class='ocr_carea' id='block_1_111' title="bbox 2084 5104 3733 5168">
    <p class='ocr_par' dir='ltr' id='par_1_111' title="bbox 2084 5104 3733 5168">
     <span class='ocr_line' id='line_1_111' title="bbox 2084 5104 3733 5168; baseline -0.005 -1"><span class='ocrx_word' id='word_1_816' title='bbox 2084 5114 2206 5168; x_wconf 88' lang='lat' dir='ltr'><strong>dies</strong></span> <span class='ocrx_word' id='word_1_817' title='bbox 2238 5112 2499 5168; x_wconf 88' lang='lat' dir='ltr'><strong>scbisma</strong></span> <span class='ocrx_word' id='word_1_818' title='bbox 2529 5111 2851 5166; x_wconf 90' lang='lat' dir='ltr'><strong>multorum</strong></span> <span class='ocrx_word' id='word_1_819' title='bbox 2888 5112 2959 5164; x_wconf 90' lang='lat' dir='ltr'><strong>ob</strong></span> <span class='ocrx_word' id='word_1_820' title='bbox 2995 5108 3278 5163; x_wconf 90' lang='lat' dir='ltr'><strong>invidiam</strong></span> <span class='ocrx_word' id='word_1_821' title='bbox 3327 5104 3733 5163; x_wconf 88' lang='lat' dir='ltr'><strong>translationis</strong></span> 
     </span>
    </p>
   </div>
   <div class='ocr_carea' id='block_1_112' title="bbox 2084 5197 3733 5267">
    <p class='ocr_par' dir='ltr' id='par_1_112' title="bbox 2084 5197 3733 5267">
     <span class='ocr_line' id='line_1_112' title="bbox 2084 5197 3733 5267; baseline -0.005 -11"><span class='ocrx_word' id='word_1_822' title='bbox 2084 5201 2353 5257; x_wconf 89' lang='lat' dir='ltr'><strong>Germani</strong></span> <span class='ocrx_word' id='word_1_823' title='bbox 2388 5200 2867 5255; x_wconf 90' lang='lat' dir='ltr'><strong>communionem</strong></span> <span class='ocrx_word' id='word_1_824' title='bbox 2908 5197 3335 5265; x_wconf 82' lang='lat' dir='ltr'><strong>aversantium,</strong></span> <span class='ocrx_word' id='word_1_825' title='bbox 3368 5197 3494 5267; x_wconf 91' lang='lat' dir='ltr'><strong>ipso</strong></span> <span class='ocrx_word' id='word_1_826' title='bbox 3528 5210 3733 5251; x_wconf 89' lang='lat' dir='ltr'><strong>secure</strong></span> 
     </span>
    </p>
   </div>
   <div class='ocr_carea' id='block_1_113' title="bbox 2085 5289 3733 5360">
    <p class='ocr_par' dir='ltr' id='par_1_113' title="bbox 2085 5289 3733 5360">
     <span class='ocr_line' id='line_1_113' title="bbox 2085 5289 3733 5360; baseline -0.007 -13"><span class='ocrx_word' id='word_1_827' title='bbox 2085 5290 2262 5347; x_wconf 90' lang='lat' dir='ltr'><strong>nimis</strong></span> <span class='ocrx_word' id='word_1_828' title='bbox 2284 5290 2674 5345; x_wconf 90' lang='lat' dir='ltr'><strong>indormiente</strong></span> <span class='ocrx_word' id='word_1_829' title='bbox 2710 5289 2937 5360; x_wconf 66' lang='lat' dir='ltr'><strong>injuria:</strong></span> <span class='ocrx_word' id='word_1_830' title='bbox 2961 5305 3079 5343; x_wconf 68' lang='lat' dir='ltr'><strong>suae</strong></span> <span class='ocrx_word' id='word_1_831' title='bbox 3112 5290 3309 5355; x_wconf 65' lang='lat' dir='ltr'><strong>tantae,</strong></span> <span class='ocrx_word' id='word_1_832' title='bbox 3336 5302 3439 5340; x_wconf 88' lang='lat' dir='ltr'><strong>nec</strong></span> <span class='ocrx_word' id='word_1_833' title='bbox 3480 5298 3733 5355; x_wconf 89' lang='lat' dir='ltr'><strong>purgare</strong></span> 
     </span>
    </p>
   </div>
   <div class='ocr_carea' id='block_1_114' title="bbox 2083 5371 3735 5449">
    <p class='ocr_par' dir='ltr' id='par_1_114' title="bbox 2083 5371 3735 5449">
     <span class='ocr_line' id='line_1_114' title="bbox 2083 5371 3735 5449; baseline -0.008 -12"><span class='ocrx_word' id='word_1_834' title='bbox 2083 5388 2183 5437; x_wconf 87' lang='lat' dir='ltr'><strong>aut</strong></span> <span class='ocrx_word' id='word_1_835' title='bbox 2212 5379 2458 5436; x_wconf 87' lang='lat' dir='ltr'><strong>delinire</strong></span> <span class='ocrx_word' id='word_1_836' title='bbox 2509 5378 2748 5435; x_wconf 90' lang='lat' dir='ltr'><strong>omnino</strong></span> <span class='ocrx_word' id='word_1_837' title='bbox 2792 5377 3131 5449; x_wconf 88' lang='lat' dir='ltr'><strong>gliscentem</strong></span> <span class='ocrx_word' id='word_1_838' title='bbox 3184 5375 3466 5429; x_wconf 85' lang='lat' dir='ltr'><strong>invidiam</strong></span> <span class='ocrx_word' id='word_1_839' title='bbox 3520 5371 3641 5425; x_wconf 91' lang='lat' dir='ltr'><strong>ulla</strong></span> <span class='ocrx_word' id='word_1_840' title='bbox 3674 5386 3735 5424; x_wconf 91' lang='lat' dir='ltr'><strong>re</strong></span> 
     </span>
    </p>
   </div>
   <div class='ocr_carea' id='block_1_115' title="bbox 2082 5462 3733 5529">
    <p class='ocr_par' dir='ltr' id='par_1_115' title="bbox 2082 5462 3733 5529">
     <span class='ocr_line' id='line_1_115' title="bbox 2082 5462 3733 5529; baseline -0.01 -2"><span class='ocrx_word' id='word_1_841' title='bbox 2082 5475 2347 5527; x_wconf 89' lang='lat' dir='ltr'><strong>conante.</strong></span> <span class='ocrx_word' id='word_1_842' title='bbox 2383 5469 2525 5523; x_wconf 84' lang='lat' dir='ltr'><strong>Nam</strong></span> <span class='ocrx_word' id='word_1_843' title='bbox 2564 5469 2795 5523; x_wconf 86' lang='lat' dir='ltr'><strong>tametsi</strong></span> <span class='ocrx_word' id='word_1_844' title='bbox 2836 5482 3043 5521; x_wconf 88' lang='lat' dir='ltr'><strong>omnes</strong></span> <span class='ocrx_word' id='word_1_845' title='bbox 3093 5463 3178 5517; x_wconf 91' lang='lat' dir='ltr'><strong>illi</strong></span> <span class='ocrx_word' id='word_1_846' title='bbox 3231 5462 3569 5517; x_wconf 80' lang='lat' dir='ltr'><strong>nuntiarent</strong></span> <span class='ocrx_word' id='word_1_847' title='bbox 3604 5475 3733 5529; x_wconf 76' lang='lat' dir='ltr'><strong>quae</strong></span> 
     </span>
    </p>
   </div>
   <div class='ocr_carea' id='block_1_116' title="bbox 2082 5548 3733 5617">
    <p class='ocr_par' dir='ltr' id='par_1_116' title="bbox 2082 5548 3733 5617">
     <span class='ocr_line' id='line_1_116' title="bbox 2082 5548 3733 5617; baseline -0.008 0"><span class='ocrx_word' id='word_1_848' title='bbox 2082 5564 2286 5617; x_wconf 89' lang='lat' dir='ltr'><strong>contra</strong></span> <span class='ocrx_word' id='word_1_849' title='bbox 2317 5559 2479 5613; x_wconf 90' lang='lat' dir='ltr'><strong>illum</strong></span> <span class='ocrx_word' id='word_1_850' title='bbox 2518 5559 2860 5614; x_wconf 90' lang='lat' dir='ltr'><strong>dicebantur</strong></span> <span class='ocrx_word' id='word_1_851' title='bbox 2921 5562 2977 5610; x_wconf 89' lang='lat' dir='ltr'><strong>et</strong></span> <span class='ocrx_word' id='word_1_852' title='bbox 3036 5553 3275 5616; x_wconf 80' lang='lat' dir='ltr'><strong>fiebant,</strong></span> <span class='ocrx_word' id='word_1_853' title='bbox 3324 5548 3543 5603; x_wconf 90' lang='lat' dir='ltr'><strong>nemini</strong></span> <span class='ocrx_word' id='word_1_854' title='bbox 3597 5564 3733 5603; x_wconf 83' lang='lat' dir='ltr'><strong>suc-</strong></span> 
     </span>
    </p>
   </div>
   <div class='ocr_carea' id='block_1_117' title="bbox 2083 5636 3731 5720">
    <p class='ocr_par' dir='ltr' id='par_1_117' title="bbox 2083 5636 3731 5720">
     <span class='ocr_line' id='line_1_117' title="bbox 2083 5636 3731 5720; baseline -0.009 -13"><span class='ocrx_word' id='word_1_855' title='bbox 2083 5648 2332 5720; x_wconf 87' lang='lat' dir='ltr'><strong>censuit,</strong></span> <span class='ocrx_word' id='word_1_856' title='bbox 2367 5647 2594 5703; x_wconf 90' lang='lat' dir='ltr'><strong>nullum</strong></span> <span class='ocrx_word' id='word_1_857' title='bbox 2628 5638 3243 5717; x_wconf 83' lang='lat' dir='ltr'><strong>compescuit,nullum</strong></span> <span class='ocrx_word' id='word_1_858' title='bbox 3279 5637 3365 5693; x_wconf 90' lang='lat' dir='ltr'><strong>vel</strong></span> <span class='ocrx_word' id='word_1_859' title='bbox 3392 5636 3731 5709; x_wconf 88' lang='lat' dir='ltr'><strong>minimum,</strong></span> 
     </span>
    </p>
   </div>
  </div>
