4018 6198
390 379 497 436 739
1687 365 1984 421 GEORGII
2021 367 2482 422 racemum;
3637 383 3729 441 7,0

384 502 538 560 οὐδὲν
581 497 753 554 οὐδενὶ
825 492 1095 570 ἠνώχλει,
1159 491 1253 547 κᾶν
1315 491 1509 551 πάντες
1591 486 2029 565 προσήγγελλον.
2063 491 2241 560 Ᾱτὴν
2299 492 2769 569 Νοστογγόνισσαν
2829 493 3193 569 συνέστησανς
3255 497 3314 554 οὗ
3374 500 3578 575 βλέπεις
3627 508 3730 574 τοὺς

381 583 712 646 Μεταϐαλὼν
771 589 898 661 γοῦν
953 590 1054 652 τῆς
1099 583 1327 657 γνώμης
1361 581 1388 636 6
1423 576 1675 656 βασιλεὺς
1731 576 1906 640 πολὺς
1961 579 2028 647 ἦν
2142 581 2422 656 μοναχοῦς
2453 583 2925 660 ἀποφοιτήσαντας
2956 591 3063 641 τὼν
3108 589 3308 660 μονῶν,
3343 593 3424 652 αἶς
3481 590 3730 669 ἐνίδρωσαν

378 677 745 753 ὀριγνώμενος
809 672 897 729 διὰ
978 677 1146 730 ταῦτα
1230 671 1483 741 ἐκστῆναι
1539 673 1636 724 τοῦ
1695 669 1885 743 θρόνου
1938 669 2029 723 τὸν
2134 669 2529 745 ἑγγηράσαντες
2580 679 2699 736 τοῖς
2758 673 3076 745 ἀσκητικοῖς
3134 677 3431 748 πόνοις;εῗ
3461 677 3503 736 δ’
3556 682 3632 738 ἐπὶ
3678 693 3732 754 τῆ

374 765 671 841 Γερμανὸν,
703 760 797 818 κᾶν
835 765 909 836 μὴ
944 761 995 834 ἐξ
1041 763 1233 817 ἑαυτοῦ
1297 760 1482 833 μαθὼν
1545 756 1866 828 ὑπεκσταίη,
1901 756 2030 812 ἀλλ’
2134 759 2376 836 Εὐλογίᾳ
2407 760 2644 836 θαρρεῖς,
2677 760 2805 818 ἀλλ’
2829 761 2916 818 ’ίδε
2943 767 3043 832 τήν
3102 764 3343 844 ἀδελφὴν
3404 768 3558 840 αὐτῆς
3609 747 3733 830 Μάοί

373 851 465 907 οὖν
528 851 701 908 ἄλλον
760 852 1116 928 ἐπιθαρῥῆσαι
1174 844 1567 922 συμϐουλεῦειν
1654 846 1842 918 ἐκείνῳ
1925 847 2023 915 τὴν
2132 849 2246 919 θαν,
2298 831 2388 904 ῗδε
2441 831 2536 913 τᾶξ
2588 850 2753 922 αὐτῆς
2806 854 3123 927 θυγατέρας⁷
3183 831 3332 921 ὄπ’ωξ
3382 862 3458 930 τῷ
3508 831 3731 936 ίᾸῳῃγῳ

377 943 760 1019 ὑποχώρησιν,
794 945 1058 1014 Ἕτοιμος
1089 937 1227 1008 δ“ἦν
1264 939 1340 1002 εἷς
1385 941 1545 993 τοῦτο
1599 937 1661 990 τὸ
1720 936 2026 1010 παραυτίκα
2131 943 2527 1016 προστετήκασι
2578 942 2667 996 καὶ
2728 947 2824 997 σοῦ
2882 943 3244 1019 ὀλιγωροῦσιν
3295 948 3368 1010 ὠς
3429 948 3655 1023 μηδενός.
3681 957 3731 1010 οἱ

371 1033 399 1086 ὁ
430 1032 655 1107 Ἰωσήφ,
691 1027 838 1099 πλὴν
898 1029 1242 1106 ἀνεμφάτως,
1277 1027 1365 1081 καὶ
1421 1026 1494 1088 ὡς
1556 1025 1614 1079 ἂν
1673 1023 1884 1094 οἰηθείη
1941 1045 2022 1086 τις
2132 1027 2189 1084 δὲ
2217 1031 2496 1103 κοσμιγοξ’
2529 1029 2653 1086 ἀλλ’
2684 1030 2783 1086 οὐκ
2811 1027 2927 1108 ἔχω
2958 1055 3044 1088 σοι
3103 1034 3276 1111 λέγειν
3333 1039 3478 1102 δπως
3522 1047 3592 1113 τῷ
3633 1048 3730 1099 Ὑα,

369 1120 688 1194 ἀγνοοῦντος
720 1123 819 1173 τοῦ
855 1119 1122 1194 βασιλέως
1157 1115 1408 1176 ’ἐκεῖνος
1458 1115 1560 1188 γὰρ
1618 1115 1708 1168 καἱ
1761 1111 1815 1177 ἐς
1866 1109 2026 1177 τέλος
2127 1119 2296 1188 κίνθῳ
2347 1122 2694 1194 πρόσκεινται
2742 1122 2833 1175 καὶ
2890 1126 2960 1195 τῇ
3019 1109 3457 1202 Νοστογγονίσσῃ
3524 1109 3729 1208 μοναχῆ,

366 1210 464 1278 τὴν
502 1208 734 1283 ὑποψίαν
767 1207 966 1278 ταύτην
999 1209 1086 1278 [Ρ.
1127 1208 1247 1278 197]
1283 1202 1688 1279 διεφυλάττετο.
2127 1210 2187 1278 ἢν
2215 1205 2453 1285 ἀδελφὴν
2488 1207 2635 1271 οἶδας
2667 1209 2827 1264 οὖσαν
2880 1189 3172 1275 Θεοδοσίας
3213 1189 3319 1269 Qui
3364 1189 3598 1274 ’Iugq'v;ou

2128 1297 2451 1374 εἷρημένων.
2483 1296 2547 1353 Τί
2578 1303 2707 1373 γοῦν
2761 1321 2845 1354 σοι
2899 1299 3098 1356 λοιπὸν
3158 1301 3670 1383 ἐναπολειφθήσεται,
3696 1312 3732 1367 εἳ

2125 1407 2189 1462 γε
2238 1387 2328 1442 καὶ
2387 1386 2640 1463 βασιλεὺς
2712 1389 2956 1444 ἀπειπὼν
3037 1390 3332 1466 ἀπολείψοι
3390 1416 3488 1466 σε;
3538 1403 3731 1456 σπεῦσον

2129 1477 2264 1550 μετὰ
2293 1484 2458 1549 τιμῆς
2489 1474 2745 1547 ἐξελθεῖν,
2777 1477 2852 1541 ὡς
2906 1479 3095 1554 καιρὸν
3151 1475 3301 1556 ἔχεις
3327 1487 3422 1537 τοῦ
3461 1484 3544 1562 ἀφ’
3572 1487 3730 1544 ἑαυτοῦ

2124 1564 2401 1640 πράττειν,
2437 1567 2512 1638 μή
2574 1587 2692 1629 πως
2744 1565 3060 1622 ἐπιστάντος
3122 1589 3208 1623 σοι
3257 1575 3356 1625 τοῦ
3411 1578 3590 1648 καιροῦ
3633 1579 3730 1642 καθ’

364 1673 568 1748 Ἰωσὴφ
597 1674 675 1742 τῷ
705 1673 968 1744 Γερμανῴ
998 1669 1239 1742 προσιὼν
1299 1665 1351 1720 ἐν
1387 1667 1635 1740 σχήματι
1697 1659 2019 1736 συμϐούλου
2124 1656 2183 1748 6v
2241 1650 2566 1726 ἀϐουλήτως
2623 1653 2876 1730 πράττειν
2933 1657 3340 1735 ἀναγκασθήσῃ,
3390 1663 3478 1716 καὶ
3546 1663 3731 1738 γέλωτα

369 1762 615 1834 χρηστοῦ
670 1760 769 1828 τήν
830 1758 1198 1834 πατριαρχίαν
1257 1749 1639 1810 συνεϐούλευεν
1699 1753 2014 1811 ἀποθέσθαι.
2125 1741 2344 1823 ὄφλοις,
2374 1745 2686 1820 ἀποχωρῶν
2715 1752 2817 1815 τῆς
2848 1744 3143 1817 ἐκκλησίας
3202 1752 3294 1804 καὶ
3333 1748 3491 1807 ἄκων.
3521 1757 3730 1811 »Ταῦτα

363 1847 550 1904 Πολὺν
610 1849 715 1924 γὰρ
768 1848 904 1902 εἶναι
961 1832 1052 1901 τὸν
1111 1847 1382 1921 τάραχον,
1413 1843 1503 1899 καὶ
1537 1843 1644 1919 οὐχ
1675 1842 1792 1897 οἷόν
1820 1834 2010 1896 τ’ἕσε-
2044 1849 2090 1913 Β
2127 1837 2219 1914 μὲν
2271 1832 2366 1889 οὖν
2423 1833 2627 1896 ἐκεῖνος
2671 1832 2722 1888 ἐν
2781 1834 3066 1908 ὑποθήκης
3117 1838 3310 1912 τρόπῳ
3338 1842 3472 1916 πρὸς
3523 1845 3608 1899 τὸν
3656 1844 3729 1900 ἐπὶ

365 1939 488 1992 σθαι
551 1923 631 2001 ἐς
665 1923 872 2011 μακρὰν
931 1935 1207 2010 ἀντισχεῖν
1276 1933 1505 2001 ἐκείνου,
1545 1932 1641 1987 κᾶν
1692 1930 1815 1986 ὅσον
1869 1931 2016 2003 παρα
2122 1931 2220 1983 τοῦ
2277 1924 2674 1999 πατριαρχείου
2733 1928 3011 1998 συνεῖραι·
3072 1923 3200 1981 ἀλλ’
3250 1929 3286 1999 ἡ
3347 1925 3514 2004 ὄρεξις
3565 1932 3729 2008 προσί-

359 2031 458 2082 τοῦ
494 2024 762 2101 βασιλὲως
820 2023 1106 2099 συνέχοιτο
1141 2043 1154 2056 ·
1189 2019 1523 2092 ἀπαυδήσειν
1580 2021 1684 2096 γάρ
1733 2039 1866 2075 ποτε
1920 2019 2011 2073 vati
2121 2036 2281 2073 στατο
2337 2016 2437 2067 τοῦ
2495 2011 2804 2082 ἀκούοντος,
2832 2013 2921 2068 καὶ
2980 2014 3009 2068 ὁ
3063 2011 3238 2092 λέγων
3297 2016 3397 2073 οὐκ
3423 2014 3609 2085 ἔπειθε.
3640 2027 3730 2078 Ποῦ

359 2099 520 2172 αὐτὸν
580 2115 806 2191 βασιλέα
858 2114 1096 2187 μαθόντα
1151 2113 1213 2167 τὸ
1272 2111 1502 2187 σχίσμα.
1538 2135 1565 2162 ‹‹
1608 2113 1670 2166 Ί]
1723 2109 1832 2184 οὐχ
1882 2110 2010 2180 ὁρᾷς
2119 2106 2222 2181 γὰρ
2275 2103 2365 2159 καὶ
2418 2101 2492 2164 εἷς
2550 2105 2671 2156 νοῦν
2727 2099 2938 2176 ἐκείνῳ,
2969 2101 3046 2166 ὠς
3102 2105 3192 2159 καὶ
3255 2106 3503 2181 βασιλεὺς
3533 2110 3728 2166 ἐπινεύει

360 2207 554 2261 ὁπόσοι
611 2224 671 2259 τε
727 2202 869 2280 ἀμφὶ
921 2203 1014 2257 τὸν
1045 2202 1320 2256 Ὑάκινθον
1354 2198 1548 2255 ὁπόσοι
1584 2199 1634 2254 τ’
1665 2197 1818 2262 αὖθις
1870 2195 2010 2271 ἀμφὶ
2119 2197 2286 2248 ταῦτα
2341 2190 2431 2246 καὶ
2487 2190 2555 2244 τά
2607 2194 2708 2256 τῆς
2757 2185 3078 2264 συμϐουλῆς
3107 2194 3316 2272 Ἰωσήφ
3347 2195 3537 2253 ἐκεῖθεν
3584 2220 3728 2274 προα-

356 2295 457 2363 τὴν
518 2289 805 2348 Θεοδοσίαν
859 2291 949 2346 καὶ
1005 2292 1097 2345 τὸν
1155 2287 1489 2366 αὐτάδελφον
1535 2286 1702 2356 αὐτῆς
1754 2287 2008 2354 Ἰωάννην
2119 2284 2544 2356 νακὲκρουσται;
2577 2281 2797 2351 Ἔμεινε
2851 2285 2977 2356 γοῦν
3034 2282 3124 2336 καὶ
3181 2281 3260 2338 ἔτι
3301 2286 3389 2340 καὶ
3422 2284 3730 2345 ἐπεστοίϐασι

358 2383 448 2438 τὸν
479 2389 582 2452 τῆς
611 2383 836 2456 Μάρθας
884 2380 974 2434 καὶ
1021 2380 1118 2449 τὴν
1178 2376 1475 2456 ἐτεροθαλῆ
1532 2375 1775 2454 ἀδελφὴν
1837 2374 2011 2430 αὐτῶν
2118 2368 2421 2446 κληρικοός
2451 2389 2510 2423 τε
2537 2367 2626 2423 καὶ
2656 2367 2918 2446 ἰεράρχας
2960 2377 3323 2449 χειροτονῶν,
3355 2374 3565 2454 ἀφορῶν
3614 2379 3727 2455 πρὸς

372 1371 464 1439 ιη’.
503 1362 702 1430 Ὅπως
867 1367 1065 1443 Ἰωσήφ
1126 1369 1206 1443 τῷ
1292 1367 1554 1443 Γερμανῷ
1637 1356 2018 1417 συνεϐούλευεν

773 1436 1064 1501 ἀποθέσθαι
1093 1439 1192 1506 τὴν
1221 1436 1610 1511 πατριαρχίαν.

437 1582 541 1637 Καὶ
583 1578 650 1650 δὴ
707 1583 804 1636 τοῦ
869 1577 1136 1654 βασιλέως
1196 1573 1462 1648 ἐνδόντος,
1495 1575 1546 1629 ἐν
1605 1573 1943 1651 ἀπορρήτοις
1990 1573 2019 1628 6

2113 2591 2306 2647 verint
2344 2589 2404 2644 in
2456 2589 2991 2646 exauctorationem
3022 2593 3152 2648 tui?
3182 2594 3311 2650 Non
3343 2596 3528 2653 cernis
3554 2614 3728 2655 mona-

2115 2679 2256 2736 chos
2304 2677 2609 2735 turmatim
2662 2678 2733 2733 ad
2765 2679 2970 2734 eadem
3014 2683 3338 2754 urgendum
3390 2692 3727 2758 erumpentes

2111 2769 2408 2834 claustris,
2441 2767 2659 2839 quibus
2698 2767 3084 2825 insenuerant
3121 2773 3397 2830 asceticis
3428 2774 3726 2832 insudando

357 2606 422 2658 ut
451 2600 728 2673 oportuit,
762 2598 1024 2655 nascenti
1054 2601 1111 2654 et
1135 2596 1464 2665 augescenti
1499 2596 1653 2652 malo
1684 2595 2005 2651 remedium

354 2690 590 2762 objecit.
624 2693 849 2746 Mutata
879 2688 1058 2760 igitur
1088 2686 1380 2742 sententia
1414 2685 1733 2757 imperator
1782 2683 2004 2738 multus

344 2780 469 2850 jam
504 2778 708 2843 eratfin
733 2777 1115 2848 disquirendo
1137 2791 1341 2831 secum
1362 2790 1478 2845 qua
1500 2773 1753 2828 maxime
1775 2772 2002 2828 ratione

350 2872 549 2942 posset
569 2867 845 2938 consequi
871 2870 936 2920 ut
967 2881 997 2921 e
1029 2864 1239 2920 throno
1257 2867 1584 2919 Germanus
1607 2865 1998 2918 amoveretur.

351 2957 635 3028 Cupiebat
691 2943 1003 3012 consilium
1065 2953 1217 3008 ultro
1269 2952 1403 3006 inde
1462 2951 1769 3007 recedendi
1803 2967 1906 3022 per
1936 2966 1999 3006 se

350 3045 520 3101 illum
554 3061 780 3116 capere.
814 3043 975 3110 Quod
1008 3059 1142 3097 cum
1174 3041 1224 3097 ei
1255 3056 1570 3113 suggerere
1614 3040 1804 3111 pudor
1851 3055 1997 3094 suus

350 3151 466 3190 non
525 3133 762 3200 sineret,
820 3132 1059 3202 optabat
1111 3129 1382 3185 alicunde
1432 3129 1684 3199 aliquem
1719 3127 1998 3183 exsistere

348 3223 599 3278 liberum
633 3220 1007 3287 monitorem,
1040 3219 1140 3290 qui
1191 3220 1436 3274 suadere
1485 3217 1705 3273 homini
1754 3218 1994 3272 auderet

352 3313 596 3383 utquod
629 3326 831 3365 omnes
873 3309 1274 3364 desiderarent
1321 3311 1630 3377 occuparet
1671 3304 1873 3361 volens
1906 3305 1991 3360 fa-

351 3417 478 3455 cere
509 3415 574 3454 ac
603 3399 716 3453 vim
751 3397 992 3451 arbitrio
1026 3401 1416 3466 praeverteret.
1458 3395 1840 3450 Commodum
1887 3393 1991 3448 ad-

353 3488 464 3542 fuit
495 3488 553 3540 in
585 3487 641 3540 id
676 3484 852 3540 ofﬁcii
887 3489 1125 3554 paratus
1165 3484 1291 3554 ipse
1328 3483 1554 3553 primus
1584 3481 1862 3537 tricarum
1896 3499 1991 3536 ar-

355 3575 498 3632 til‘ex
526 3574 732 3630 talium
763 3571 1070 3643 Josephus,
1105 3572 1365 3626 monitus
1395 3576 1611 3638 tamen,
1661 3576 1718 3626 et
1747 3570 1990 3626 instinc-

349 3669 414 3720 tu
449 3679 670 3734 pronus
700 3663 760 3716 in
795 3660 974 3729 idem,
1009 3659 1266 3732 periculo
1297 3659 1453 3714 velut
1481 3659 1710 3731 proprio
1759 3663 1991 3714 tentan-

349 3754 491 3809 dum
523 3752 582 3808 id
614 3767 867 3816 sumere,
903 3766 1007 3806 nec
1034 3749 1207 3822 292
1232 3767 1344 3819 pra:
1379 3766 1438 3804 se
1463 3749 1610 3804 ferre
1640 3765 1988 3805 consensum

348 3843 408 3898 in
444 3841 552 3896 hoc
583 3839 770 3896 ullum
805 3843 902 3894 aut
936 3837 1352 3894 conscientiam
1386 3837 1662 3909 Augusti;
1691 3853 1864 3909 quam
1895 3837 1992 3892 ille

345 3931 678 3986 cautionem
711 3929 782 3984 ad
817 3929 992 3983 tinem
1026 3944 1212 3998 usque
1261 3926 1478 3998 negotii
1530 3925 1778 3982 fideliter
1824 3925 1989 3982 adhi-

348 4021 497 4090 buit,
529 4018 930 4091 suspicionem
971 4016 1106 4072 talis
1164 4015 1482 4072 molitionis
1524 4016 1595 4070 ab
1644 4017 1993 4087 imperatore

343 4115 632 4178 avertens,
665 4113 723 4164 et
755 4107 939 4164 videri
971 4106 1249 4162 aii‘ectans
1281 4105 1514 4177 preprio
1545 4104 1781 4161 nomine
1811 4121 1875 4160 ac
1900 4105 1994 4175 ju-

344 4197 498 4252 dicio
528 4197 586 4252 id
618 4212 807 4268 agere.

345 4348 437 4404 48.
503 4348 565 4404 Ut
615 4347 891 4418 Josephus
961 4347 1232 4418 Germano
1289 4341 1528 4400 suaserit
1579 4341 1991 4400 abdicationem

957 4416 1387 4488 patriam/ratus.
1855 4436 1857 4438 ·

417 4545 604 4617 Igitur
655 4542 804 4600 clam
863 4543 1232 4598 concedenda
1288 4541 1640 4611 imperatore
1693 4537 1992 4611 Josephus

341 4651 554 4690 arcano
586 4633 943 4690 Germanum
973 4633 1199 4702 adiens,
1224 4630 1414 4702 specie
1445 4645 1510 4684 ac
1537 4645 1787 4700 persona
1810 4629 1990 4684 bene-
2023 4621 2071 4684 D

349 4723 463 4780 voli
496 4721 814 4778 consiliarii
849 4721 1146 4793 suggessit
1177 4721 1392 4792 optime
1425 4719 1713 4774 facturum
1741 4717 1908 4772 illum
1943 4717 1993 4772 si

345 4811 501 4868 ultro
554 4811 953 4884 patriarchatu
1023 4811 1256 4866 cederet
1289 4826 1303 4864 :
1335 4807 1726 4863 intumescere
1777 4807 1993 4880 quippe

343 4901 646 4974 vulgarem
678 4900 1055 4957 oﬁ‘ensionem
1092 4899 1148 4953 in
1185 4897 1398 4953 molem
1435 4897 1664 4952 invidia:
1701 4901 1814 4952 tam
1847 4896 1991 4952 valiv

343 4993 504 5060 dam,
533 4991 628 5046 cui
661 5007 814 5060 mox,
849 4989 946 5045 ubi
999 4987 1173 5061 paulo
1207 4986 1340 5059 plus
1389 5003 1449 5042 se
1504 4986 1993 5053 corroboraverit,

345 5080 785 5152 perrumpenda:
812 5095 914 5151 par
946 5094 1061 5132 non
1095 5076 1173 5130 sit
1196 5075 1452 5131 fururus.
1486 5075 1600 5130 Nec
1630 5074 1847 5131 faventi
1881 5075 1992 5130 sibi

341 5172 610 5242 Augusto
644 5168 894 5224 nimium
926 5167 1130 5221 ﬁderet
1161 5183 1174 5221 :
1210 5170 1266 5220 et
1294 5164 1489 5235 ipsum
1534 5163 1691 5219 enim
1744 5180 1847 5234 pro
1892 5180 1994 5218 sua

343 5257 654 5331 sapientia,
688 5255 867 5314 simul
909 5255 1225 5311 invaluisse
1281 5252 1541 5309 schisma
1599 5251 1829 5319 viderit,
1889 5253 1995 5308 niti

338 5352 546 5404 contra
579 5349 893 5403 torrentem
947 5345 1170 5400 frustra
1200 5345 1258 5398 et
1288 5340 1544 5412 pernicie
1579 5344 1740 5395 certa
1771 5339 1996 5396 desitu-

344 5453 499 5493 rum.
558 5458 578 5486 ι
631 5441 720 5492 An
753 5435 935 5502 enim,
961 5433 1240 5498 addebat,
1269 5447 1384 5486 non
1418 5429 1580 5485 vides
1613 5445 1791 5499 quam
1822 5430 1994 5485 multi

343 5541 475 5581 cum
512 5523 854 5597 llyacintho,
879 5537 1060 5594 quam
1089 5519 1260 5576 multi
1278 5534 1482 5575 rursus
1519 5532 1651 5573 cum
1671 5516 1997 5575 TheodOsia

338 5616 634 5685 fratreque
695 5611 885 5684 ipsius
943 5611 1170 5667 Joanne
1226 5608 1463 5663 Martha
1516 5604 1637 5662 ﬁlio
1688 5611 1746 5662 et
1797 5624 1996 5666 sorore

341 5701 553 5756 horum
615 5718 684 5756 ex
734 5699 846 5754 alio
901 5702 1144 5769 parente
1200 5695 1666 5768 Nostongonissa
1695 5697 1996 5768 conspira-

2110 2856 2454 2914 laboribus?
2483 2859 2695 2912 Contra
2716 2873 2845 2928 quae
2868 2857 2919 2913 si
2950 2858 3209 2931 Eulogiaa
3241 2864 3502 2934 potentia
3531 2872 3579 2920 te
3602 2865 3724 2921 satis

2109 2946 2405 3002 munitum
2439 2950 2637 3017 putas,
2669 2951 2729 3001 at
2757 2952 3027 3016 reputare
3059 2953 3115 3004 te
3144 2958 3380 3022 oportet
3409 2969 3545 3025 opes
3572 2953 3725 3010 ferme

2108 3051 2280 3107 pares
2311 3036 2370 3089 in
2397 3035 2748 3090 contrariam
2783 3052 2899 3090 non
2958 3038 3136 3094 dubie
3180 3042 3396 3097 additae
3445 3043 3722 3099 factionem

2106 3125 2324 3180 sororis
2356 3125 2484 3194 ejus
2506 3124 2765 3179 Marthae.
2804 3126 3122 3183 Considera
3162 3131 3386 3202 quippe
3411 3133 3553 3188 tilias
3571 3133 3723 3204 hujus

2111 3218 2172 3268 ut
2201 3213 2477 3268 studeant
2507 3212 2769 3282 Arsenio,
2801 3220 2869 3268 ut
2897 3214 2955 3270 in
2988 3217 3119 3286 ejus
3141 3218 3399 3275 favorem
3445 3222 3724 3277 vehemen-

2107 3305 2196 3356 ter
2217 3301 2582 3366 incumbant,
2621 3307 2685 3356 ut
2708 3308 2760 3356 te
2783 3320 2885 3374 pro
2929 3305 3092 3360 nullo
3113 3312 3172 3361 et
3191 3311 3528 3379 suposititio
3559 3311 3720 3382 palam

2105 3398 2410 3462 spernant.
2453 3390 2559 3453 Qui
2593 3391 2950 3448 saeculares?
2978 3395 3170 3451 dicere
3208 3398 3318 3452 tibi
3353 3416 3550 3456 vereor
3577 3416 3722 3470 quam

2103 3479 2396 3535 indivulse
2427 3479 2764 3535 adhaereant
2791 3481 3116 3554 Hyacintho
3167 3490 3223 3540 et
3277 3487 3719 3560 Nostongonisse

2103 3567 2406 3625 monachae
2435 3585 2610 3639 quam
2645 3568 2982 3626 Theodosia:
3014 3589 3080 3628 ac
3132 3573 3382 3633 Joannis
3427 3580 3591 3634 modo
3620 3595 3720 3634 me-

2102 3663 2466 3713 moratorum
2485 3674 2741 3713 sororem
2768 3659 2944 3715 nosti.
2969 3662 3118 3726 Quid
3142 3663 3325 3734 igitur
3345 3666 3449 3722 tibi
3481 3668 3575 3722 ﬁet
3603 3667 3716 3722 reli-

2102 3747 2224 3818 qui.
2249 3745 2298 3800 si
2350 3750 2652 3814 Augustus
2703 3751 2861 3802 metu
2915 3749 3257 3808 schismatis
3289 3755 3555 3825 adigatur
3580 3756 3644 3810 ad
3673 3761 3718 3809 te

2102 3835 2519 3890 deserendum?
2542 3834 2842 3906 Prasverte,
2869 3836 2919 3893 si
2940 3838 3084 3894 mihi
3117 3841 3724 3915 credis,ignominiam,

2102 3929 2159 3980 et
2206 3923 2418 3978 festina
2455 3939 2590 3979 cum
2641 3924 2860 3981 honore
2901 3927 3037 3983 inde
3067 3930 3244 3997 exire,
3272 3933 3429 3988 unde
3461 3950 3586 3989 mox
3614 3949 3724 3988 cum

2105 4012 2259 4068 293
2293 4012 2574 4068 dedecore
2623 4015 3027 4072 extrudendus
3075 4033 3160 4072 es.
3211 4019 3396 4077 Breve
3444 4027 3727 4078 restattuo

2103 4101 2365 4173 spatium
2414 4101 2677 4170 arbitrio,
2713 4103 2904 4160 brevis
2935 4113 3027 4162 est
3055 4109 3288 4165 occasio
3320 4111 3637 4168 voluntarie
3677 4127 3729 4164 ac

2103 4189 2339 4246 laudate
2371 4191 2750 4262 defungendi.
2774 4194 2830 4248 Si
2856 4194 3128 4267 negligis,
3145 4201 3351 4256 statim
3371 4207 3595 4273 tempus
3614 4202 3727 4255 ade-

2104 4279 2178 4334 rit
2197 4279 2454 4350 quojam
2478 4286 2716 4337 coactus
2749 4287 2806 4337 et
2839 4299 2974 4338 cum
2998 4284 3117 4342 risu
3140 4289 3490 4346 aamulorum
3512 4288 3728 4346 ecclesia

2105 4368 2323 4424 invitus
2371 4370 2647 4425 excedere
2702 4372 3095 4443 compelleris.
3128 4397 3158 4428 ι»
3206 4376 3342 4434 Haec
3393 4380 3513 4446 illo,
3547 4380 3636 4434 fidi
3672 4393 3725 4431 se

2105 4455 2333 4512 consilii
2357 4458 2701 4514 benevolum
2729 4466 3026 4518 auctorem
3047 4464 3264 4533 ferens,
3300 4466 3723 4540 patriarchalem

2106 4545 2452 4618 dignitatem
2511 4547 2740 4619 gerenti
2797 4552 3118 4623 suggessit.
3176 4555 3290 4611 Sed
3349 4574 3465 4614 non
3546 4553 3728 4628 reperit

2103 4635 2329 4690 aditum
2385 4637 2444 4691 in
2503 4637 2803 4693 audientis
2860 4640 3054 4698 animo
3122 4644 3408 4701 aviditate
3462 4647 3518 4702 in
3573 4648 3726 4716 gustu

2105 4726 2408 4797 praesentis
2461 4726 2596 4781 boui
2647 4727 2838 4783 deﬁxa
2913 4739 3298 4804 preoccupato
3375 4735 3564 4807 qualis
3632 4735 3730 4787 ista

2105 4830 2336 4885 cunque
2382 4817 2682 4888 suggestio
2718 4833 2731 4871 :
2761 4820 3056 4888 quomodo
3087 4823 3247 4878 enim
3301 4825 3358 4880 id
3413 4819 3724 4897 persuaderi

2107 4903 2220 4958 sibi
2273 4903 2602 4960 Germanus
2655 4905 2893 4975 sineret,
2945 4909 3224 4978 ignorans
3274 4930 3393 4985 quo
3450 4913 3728 4968 inclinaret

2103 4991 2444 5064 imperator,
2477 5010 2543 5049 ac
2592 5010 2663 5051 ne
2721 4997 3009 5067 suspicari
3071 5000 3312 5070 quidem
3363 5003 3557 5057 valens
3603 4998 3726 5055 talia

2105 5081 2214 5137 sibi
2247 5087 2394 5137 nutu
2421 5083 2688 5152 ejusdem
2737 5101 2804 5140 ac
2855 5086 3119 5158 impulsu
3171 5091 3462 5162 proponi?
3497 5086 3727 5146 Perstitit

2100 5169 2282 5241 igitur
2334 5171 2526 5227 adhuc
2587 5172 2646 5226 in
2707 5177 3006 5246 proposito
3075 5181 3307 5235 tuendae
3361 5176 3723 5252 possessionis

2106 5259 2303 5315 throni
2335 5277 2514 5332 seque
2545 5261 2602 5316 in
2636 5279 2705 5318 ea
2733 5263 3030 5336 ﬁrmandi,
3062 5268 3133 5322 ad
3167 5268 3274 5324 hoc
3305 5269 3720 5326 aﬂ'ectanstuno

2105 5365 2239 5404 cum
2272 5349 2524 5406 maxime
2559 5368 2734 5407 usum
2769 5359 3064 5412 ostentare
3114 5356 3374 5414 labantis
3422 5353 3722 5430 potestatis,

2107 5437 2278 5510 quasi
2326 5455 2451 5494 eam
2499 5439 2608 5495 sibi
2641 5441 2828 5498 multo
2876 5443 3038 5500 illius
3067 5447 3341 5503 exercitio
3373 5446 3558 5518 magis
3585 5457 3719 5500 asse-

2105 5531 2280 5584 reret.
2316 5527 2676 5600 Frequentes
2713 5547 2819 5604 ego
2850 5532 3198 5591 clericorum
3247 5541 3302 5593 et
3345 5537 3722 5608 episcoporum

2107 5617 2510 5675 ordinationes
2565 5619 2912 5692 celebravit,
2955 5624 3140 5680 fretus
3187 5623 3413 5681 scilicet
3465 5622 3722 5681 ostentato

2108 5705 2394 5779 principis
2428 5707 2642 5779 favore,
2676 5709 2778 5781 qui
2811 5716 3005 5769 tamen
3050 5712 3372 5771 ludibrium
3422 5728 3631 5772 merum
3671 5710 3718 5763 et
