4018 6198
371 349 479 406 743

1670 314 1972 372 GEORGII
2011 310 2473 367 PACHYMERE

3626 313 3715 368 ’744

370 476 501 528 Wa”
563 458 785 540 ἀφανείᾳ
839 455 924 527 (οὗ
969 451 1072 528 γὰρ
1105 447 1293 505 εἶῶντο
1350 451 1430 519 τῷ
1491 441 1802 516 πατριάρχῃ
1859 455 2011 491 συνο·
2047 435 2099 502 Α
2131 433 2220 488 καὶ
2250 435 2386 510 πρὸς
2445 436 2508 490 τὸ
2559 435 2864 510 μοναχικὸν
2905 430 3294 490 ἀποκλίνουσα.
3347 433 3512 501 Συνῆν
3542 429 3591 488 δὲ
3614 435 3724 489 τοῦ-

1119 537 1152 540 ,-
1445 534 1458 540 -
1724 529 1737 540 .
1933 524 1942 540 .
2337 525 2350 540 ς
2461 523 2474 540 .
2529 526 2540 540 .
2772 522 2799 533 .-
2941 527 2954 540 .
3025 524 3070 540 ι,
3300 521 3312 540 ,
3687 525 3698 540 .

375 555 586 626 παδεῗν)
611 524 678 606 τά
708 554 804 617 τῆς
835 543 1075 618 ἀνάγκης
1107 537 1373 614 ἀλγεινῶς
1407 534 1522 607 μὲν,
1555 528 1681 586 ἀλλ’
1715 524 2020 602 ἀναγκαίως

373 613 618 718 δείφερον
683 638 779 692 Καὶ
816 637 842 689 6
879 635 971 708 μὲν
1024 629 1210 707 φθάνει
1257 627 1345 680 τὸν
1401 624 1517 700 βίον
1559 619 1618 675 ἐκ
1645 622 1740 674 τοῦ
1787 613 2020 686 πλησίον

375 701 708 806 ὑπεξελθὼν,
759 723 1034 782 Ὑάκινθος
1083 717 1140 773 δὲ
1194 715 1283 771 σὺν
1338 719 1452 775 τοῖς
1503 711 1635 788 ἀμφ’
1689 707 1888 763 ἐκεῖνον
1931 703 2022 758 τὸν

371 793 662 899 βασίλικὸν
712 815 1072 893 ὑφπρώμενος
1104 802 1296 886 φόϐον,
1352 803 1466 899 ἐπεί
1515 799 1604 856 καὶ
1649 800 1748 868 την
1783 793 2021 899 ἆδελνςρῆν

378 883 593 967 δκείνου
649 909 871 980 Μάρθαν
930 902 1074 975 ἑώρα
1131 900 1210 968 τῷ
1268 893 1580 967 πατριάρχῃ
1626 883 2022 961 προσκειμένην

372 1003 438 1054 τὰ
492 997 750 1072 μάλιστα,
808 991 988 1065 ἐκείνῃ
1042 985 1108 1056 δὴ
1158 987 1485 1061 προσῳοιτᾷ,
1535 979 1623 1035 καὶ
1668 998 1774 1032 που
1804 993 2026 1049 παρεισ-

377 1063 568 1151 δῦςΙτά
621 1086 672 1148 ἐς
700 1083 908 1160 τροφὴν
964 1063 1175 1133 -ἐκεῐθεν
1213 1075 1350 1149 εἶχε,
1385 1069 1553 1144 μηδὲν
1604 1071 1699 1122 τοῦ
1761 1063 2030 1140 βασιλέως

372 1175 608 1238 εἰδότος.
646 1152 746 1230 Ἦν
797 1152 886 1226 οὖν
940 1172 1010 1242 τῇ
1069 1167 1290 1239 μοναχῇ
1348 1160 1548 1236 Μάρθα
1595 1158 1682 1212 καὶ
1718 1157 1746 1210 6
1777 1152 2032 1221 Ἰωάννης

369 1263 510 1328 υἱός.
577 1265 760 1338 Τρίῶν
817 1261 922 1335 γὰρ
982 1256 1118 1329 αὐτῇ
1175 1259 1282 1309 τῶν
1343 1249 1582 1327 ἀρρένων
1636 1243 1832 1310 ὄντων,
1871 1244 1896 1297 ὁ
1932 1243 2026 1314 μὲν

371 1330 699 1430 Μιχαὴλτε
729 1330 1202 1423 καὶ-Ἀνδρόνικος
1255 1347 1487 1410 συνῆσαν
1535 1341 1630 1430 τῷ.
1670 1332 1905 1412 βασιλεῖ,
1938 1330 2029 1386 καὶ

381 1448 495 1520 μετ’
526 1445 590 1500 οὐ
623 1440 767 1498 πολὺ
819 1438 1031 1494 τούτων
1064 1437 1091 1489 6
1127 1436 1222 1507 μὶν
1252 1431 1315 1486 τὸ
1341 1433 1440 1484 τοῦ
1475 1425 1717 1501 μεγάλου
1758 1443 2029 1498 πριμικη-

381 1508 508 1608 ρίου
556 1533 771 1606 ἀξίωμα
803 1528 830 1583 6
860 1523 1114 1601 Μιχαὴλ,
1149 1515 1472 1608 ὕστερονδὲΔ
1488 1512 1560 1569 ὥν
1609 1517 1714 1608 τοῦ.
1752 1508 2032 1608 Ἀνδρὲνίῖ

381 1597 501 1696 κου,
557 1597 705 1696 παρᾶ
760 1618 855 1673 τοῦ
910 1617 1238 1689 κρατοῦντος
1295 1600 1620 1679 ἐλάμϐανεν,
1682 1603 1868 1678 ἅτερος
1908 1597 1965 1654 δὲ
2004 1599 2032 1652 6

379 1691 728 1786 Ἀνδρόνικος
779 1710 946 1782 μέγας
998 1699 1364 1760 κονοσταῦλος
1417 1694 1855 1771 προεχειρίζετο·
1909 1691 2035 1766 παρ’

380 1805 446 1873 ἢν
478 1800 653 1856 αἰτίαν
709 1799 795 1854 καὶ
854 1795 942 1851 ἐπῖ
974 1799 1090 1854 ταῖς
1138 1795 1327 1864 τιμαῖς
1385 1785 1678 1858 ζηλοῦντος
1733 1786 1830 1837 τοῦ
1887 1780 2032 1855 πρώ-
2067 1803 2110 1867 Β
2142 1789 2686 1862 παρασκευαζομένου
2728 1834 2742 1858 ,

379 1871 481 1946 του
550 1888 783 1944 πλεῖστα
853 1877 1208 1958 ξυμϐεϐήκει,
1276 1879 1351 1940 ὡς
1405 1875 1542 1930 κατὰ
1605 1872 1773 1927 τόπον
1835 1871 2033 1931 ἱκανῶς

385 1977 636 2052 ἐροῦμεν.
672 1974 770 2028 Καὶ
804 1973 856 2027 οἱ
890 1972 983 2045 μὶν
1045 1966 1140 2023 δύο
1199 1965 1340 2020 οὕτω
1396 1964 1626 2031 συνήτην
1680 1964 1759 2031 τῷ
1795 1958 2032 2034 βασιλεῖ,

389 2063 562 2138 μηδὲν
623 2061 1234 2136 πολυπραγμονοῦντες·
1296 2055 1323 2107 6
1384 2050 1428 2106 δ’
1493 2049 1744 2118 Ἰωάννης
1813 2046 2032 2119 ὕστερος

388 2137 460 2209 ὥν
488 2155 624 2216 τὲως
661 2153 756 2227 μὲν
795 2151 932 2225 πρὸς
983 2151 1079 2202 τοῦ
1133 2146 1278 2210 θείου
1334 2141 1422 2197 καὶ
1455 2138 1721 2194 δεσπότου
1781 2137 2033 2194 Ἰωάννου

390 2243 581 2316 ἐκείνῳ
622 2237 1169 2311 καθυπηρετοὺμενος
1219 2228 1551 2298 ἐπαιδεύετο,
1602 2228 1700 2295 τήν
1735 2224 1792 2281 δῖε
1826 2225 2035 2300 μητέρα

389 2327 792 2408 προσκειμένην
847 2325 1064 2403 βλέπων
1126 2326 1203 2393 τῷ
1259 2317 1573 2394 πατριάρῖῃ
1619 2315 1707 2370 καὶ
1760 2313 1921 2374 αὐτὸς
1953 2311 2036 2368 ἐκ·

387 2404 578 2483 τὺπως
611 2418 834 2490 ἐζήλου,
869 2441 898 2469 «
932 2415 1024 2483 Μὴ
1057 2414 1190 2486 δίψη,
1231 2411 1306 2483 μή
1334 2408 1488 2483 θίγῃς
1519 2428 1546 2460 ο
1589 2405 1751 2481 μέχρι
1795 2404 1886 2459 καὶ
1923 2407 2030 2458 τῶν

387 2508 781 2565 εὐτελεστάτων
869 2504 1171 2580 ὑποφωνῶν
1252 2497 1341 2553 καὶ
1399 2494 1850 2570 διατδβρούμενος.
1930 2491 2035 2547 Σὺν

392 2597 580 2670 ἐκείνῳ
610 2597 678 2665 ἦν
735 2593 824 2649 καὶ
853 2595 887 2661 ἡ
924 2589 1132 2668 ἀδελφή
1190 2585 1447 2643 Θεοδοσία
1501 2590 1616 2645 τοῖς
1649 2583 1833 2645 αὐτοῖς
1865 2602 2034 2657 προσ-

389 2669 621 2763 ἐχουσα,
675 2681 784 2754 ἤδη
816 2685 1181 2758 κεχηρωμενη
1226 2679 1322 2732 τοῦ
1353 2672 1546 2750 ἀνδρὸς
1600 2669 2036 2730 Βαλανειδιώτου

393 2901 632 2959 cinthus
664 2904 858 2955 autem
917 2912 1049 2952 cum
1095 2893 1218 2949 suis
1246 2895 1304 2948 et
1334 2892 1590 2946 defuncti
1625 2888 2044 2960 superstitibus

397 2992 605 3048 amicis
680 2991 826 3045 iram
904 2983 1275 3058 imperatoris
1350 2987 1642 3046 metuens,
1700 2980 2040 3052 praesidium

395 3083 673 3138 adversus
730 3094 855 3133 eam
927 3074 1037 3131 sibi
1098 3073 1478 3144 quaerendum
1536 3071 1691 3140 apud
1746 3069 2037 3124 Martham

393 3169 619 3243 putavit
648 3170 776 3238 ejus
806 3182 1086 3231 sororem,
1120 3178 1295 3234 quam
1321 3161 1698 3231 commpdum
1729 3174 2035 3231 perspexe-

397 3267 482 3315 ral
518 3259 706 3314 favere
738 3254 1057 3329 plurimum
1090 3257 1148 3307 et
1179 3249 1482 3306 condolere
1513 3246 1754 3319 expulso
1789 3247 2035 3318 patriar-

397 3349 540 3405 chae.
574 3347 723 3417 Ergo
751 3346 820 3400 ad
853 3360 980 3398 eam
1024 3341 1311 3396 ventitans
1335 3339 1478 3392 adeo
1511 3353 1572 3392 se
1622 3337 1947 3392 insinuavit
1977 3335 2037 3390 in

397 3438 526 3505 ejus
556 3433 825 3507 gratiam,
856 3430 1116 3486 utetiam
1149 3427 1363 3482 victum
1399 3426 1533 3480 inde
1563 3424 2039 3492 haberet,horum

396 3524 602 3596 ignaro
635 3521 904 3576 funditus
935 3516 1218 3589 principe.
1255 3516 1391 3570 Erat
1442 3530 1612 3585 porro
1643 3511 1881 3566 Marthaa
1917 3526 2040 3565 mo-

398 3611 594 3667 nachae
642 3609 897 3664 Joannes
943 3605 1118 3660 filius.
1151 3605 1292 3659 Tres
1342 3602 1496 3658 enim
1532 3599 1630 3655 illa
1678 3617 1809 3655 cum
1855 3614 2045 3654 mares

394 3700 720 3772 genuisset,
748 3711 953 3752 eorum
989 3692 1230 3748 Michael
1255 3696 1310 3746 et
1340 3689 1712 3744 Andronicus
1743 3689 1896 3760 apud
1933 3689 2047 3742 im-

396 3793 721 3860 peratorem
755 3789 940 3850 erant,
975 3799 1122 3855 quos
1169 3781 1340 3836 etiam
1375 3779 1473 3834 ille
1525 3795 1649 3833 .non
1683 3777 1867 3832 multo
1918 3779 2049 3848 post

397 3879 516 3934 haec
549 3875 872 3933 honoribus
908 3871 1176 3929 ornavit:
1234 3885 1370 3925 nam
1421 3866 1665 3923 Michael
1718 3868 1911 3921 minor
1943 3867 2046 3918 An-

398 3966 638 4022 dronico
671 3963 866 4036 magni
904 3960 1218 4034 primicerii
1269 3957 1616 4030 dignitatem
1661 3955 1732 4010 ab
1785 3958 2048 4025 Augusto

398 4055 638 4126 accepit,
670 4053 1038 4109 Andronicus
1088 4065 1336 4119 magnus
1383 4045 1762 4101 conostaulus
1793 4043 2049 4100 declara-

393 4149 492 4200 tus
508 4151 593 4199 est
620 4160 632 4208 ;
651 4159 752 4214 per
766 4158 943 4212 quam
963 4138 1346 4196 ambitionem
1376 4135 1682 4203 honorum,
1700 4133 2052 4188 {ambulante

396 4233 586 4304 primo
620 4231 892 4296 alterum,
945 4227 1131 4284 multa
1177 4227 1327 4282 inter
1357 4227 1565 4280 fratres
1616 4223 1986 4294 contigerunt
2020 4239 2053 4276 a

399 4321 566 4376 nobis
601 4318 980 4375 memoranda
1026 4321 1312 4388 quantum
1346 4315 1454 4370 erit
1493 4329 1640 4386 opus
1670 4329 1776 4367 suo
1807 4310 1954 4367 loco.
1991 4312 2052 4366 In

397 4410 555 4466 hunc
585 4409 824 4464 modum
859 4407 918 4462 hi
953 4407 1194 4478 quidem
1228 4406 1342 4460 duo
1379 4405 1434 4459 in
1470 4401 1835 4473 imperatoris
1871 4401 2053 4456 comi-

395 4504 518 4554 tatu
578 4499 987 4564 versabantur,
1045 4495 1191 4551 nihil
1245 4494 1338 4550 his
1405 4510 1466 4549 se
1527 4492 1948 4548 immiscentcs.
1983 4493 2058 4546 At

2132 544 2240 585 τοις
2294 525 2360 578 τΞι
2418 523 2552 579 αὐτά
2600 522 2873 602 φρονοῦσα
2932 527 2966 593 ἡ
3025 521 3462 598 Νπστογγόνισσα
3520 525 3724 598 μοναχὴν

2125 609 2190 680 ἤν
2235 612 2530 688 ἐτεροθαλῆ
2567 615 2594 668 6
2627 614 2793 688 λόγος
2843 610 3074 682 ἐδείκνυ,
3118 614 3200 666 ὅτι
3250 611 3308 666 ἐκ
3355 611 3609 687 πρπτὲρας
3649 634 3730 687 γυ-

2125 702 2309 764 ναικὸς
2350 707 2430 775 τῷ
2483 703 2875 778 Ταρχανειώτῃ
2923 700 3238 777 γεγέννητο.
3286 703 3446 755 Ἦσαν
3479 697 3565 752 οῦν
3611 701 3734 754 οὗτοι

2126 791 2316 853 πάντες
2392 793 2471 858 τῷ
2527 793 2794 864 Ὑακίνθῳ
2863 790 3135 862 συνόντες,
3200 789 3288 844 καὶ
3350 786 3620 858 ζηλοῦντες
3667 787 3737 842 iv.-

2127 879 2310 942 τόπως
2357 881 2489 956 ὑπὲρ
2537 884 2633 936 τοῦ
2682 882 3030 956 πατριάρχου
3089 882 3293 945 κακῶς,
3345 875 3388 930 ὦ
3431 876 3582 948 νόμοι
3623 878 3738 931 θεῖοι

2129 969 2218 1022 καὶ
2278 966 2426 1039 δίκη,
2487 969 2888 1044 ἐξορισθέντος.
2952 967 3129 1024 Ἀλλᾶ
3185 971 3354 1023 ταῦτα
3405 966 3494 1039 μὲν
3547 965 3615 1028 εἷς
3654 987 3739 1020 το-

2131 1078 2348 1113 σουτον.

2131 1217 2198 1272 κ’.
2240 1218 2430 1292 ’Ὁπως
2468 1217 2559 1292 καί
2608 1215 2709 1292 *διὰ
2763 1221 2860 1272 τοῦ
2921 1213 3172 1292 Σάρδεων
3234 1212 3463 1282 Χαλαζά
3511 1212 3749 1292 ἐπιχειρεῖ

2347 1290 2375 1343 ὁ
2412 1288 2666 1364 βασιλεὺς
2705 1294 2784 1361 τῷ
2822 1287 3255 1364 πατριάρχοῦντι
3287 1290 3565 1360 Γερμανῷ.

2209 1432 2295 1507 [Ρ.
2326 1435 2453 1506 200]
2485 1433 2548 1489 Ὀ
2593 1431 2650 1487 δὲ
2699 1452 2759 1508 γε
2810 1430 3069 1507 βασιλεῦς
3117 1431 3205 1486 καὶ
3259 1427 3439 1499 ἄλλην
3488 1433 3660 1502 πεῖραν
3691 1431 3754 1499 τῷ

2135 1525 2567 1596 πατριαρχοῦντι
2599 1521 2802 1596 ἀρτύει.
2836 1523 2948 1578 Τοῦ
2991 1519 3092 1595 γὰρ
3147 1517 3374 1587 Χαλαζᾶ
3423 1514 3656 1589 Σάρδεων
3686 1515 3754 1592 ἐς),

2133 1609 2319 1664 ἱκανὸν
2371 1614 2442 1683 τῇ
2476 1609 2886 1667 Κωνσταντίνου
2938 1607 3490 1684 προσδιατρίψαντος,
3527 1605 3630 1661 ἐπεὶ
3663 1604 3751 1661 ἔδει

2137 1699 2272 1771 πρὸς
2338 1700 2436 1768 τὴν
2494 1698 2774 1774 λαχοῦσαν
2831 1698 3036 1754 ἐκεῖνον
3094 1695 3447 1771 ἀποδημεῖν,
3499 1695 3573 1757 εἷς
3623 1699 3758 1750 τοῦτο

2832 1790 3114 1860 ὑποθήκας
3200 1785 3511 1862 ἐμπιστέὑει
3591 1787 3637 1842 οἱ
3705 1782 3763 1840 δι’

2143 1877 2471 1955 ἀπορρήτων
2501 1880 2528 1933 ὁ
2565 1878 2821 1954 βασιλεῦς
2875 1878 2957 1957 ἐφ’
3009 1879 3054 1950 ᾧ
3094 1878 3128 1948 ἢ
3163 1879 3606 1952 αὑτοπροσώπως
3639 1876 3764 1930 ivtu-

2147 1972 2265 2041 χεῖν
2294 1972 2372 2040 τῷ
2418 1969 2733 2043 πατριάρχῃ
2784 1967 2874 2023 καὶ
2929 1969 2999 2022 τὰ
3049 1967 3187 2022 αὐτὰ
3245 1971 3325 2037 τῷ
3380 1967 3577 2042 Ἰωσὴφ
3623 1963 3763 2018 εἰπεῖν

2143 2056 2279 2131 πρὸς
2336 2055 2563 2125 ἐκεῖνον,
2612 2056 2646 2126 ἢ
2706 2057 2796 2112 καὶ
2840 2060 3046 2131 γράψαι
3094 2056 3184 2111 καὶ
3215 2052 3521 2110 ἐπιστεῖλαι
3581 2050 3763 2126 μᾶλλον

2146 2143 2204 2200 ἐκ
2231 2143 2595 2217 Χαλκηδόνος
2651 2145 2968 2220 ἐξορμῶντα
3023 2146 3159 2220 πρὸς
3207 2146 3308 2213 τὴν
3370 2141 3768 2213 άνατολήν.Καὶ

2145 2236 2206 2290 τὸ
2263 2235 2482 2309 σκέμμα
2538 2236 2611 2298 ὡς
2674 2235 2808 2312 βαθῦ
2865 2257 2924 2291 τε
2953 2236 3042 2290 καὶ
3101 2235 3393 2309 εὐπρεπὲς.
3455 2233 3530 2291 Τό
3585 2254 3638 2287 τε
3683 2233 3766 2308 γάρ

2151 2322 2434 2399 ὑψίθρονον
2469 2325 2614 2400 παρᾶ
2642 2324 2766 2386 τοὺς
2825 2323 3031 2386 ἄλλους
3083 2324 3294 2400 λέγειον
3329 2323 3465 2399 πρὸς
3500 2321 3683 2376 ἐκεῖνον
3711 2321 3770 2375 τὰ

2146 2412 2282 2466 αὐτά
2312 2409 2516 2484 ἐδίδου,
2548 2413 2638 2468 καὶ
2669 2413 2730 2468 τὸ
2763 2412 3105 2489 χειροτονίας
3139 2408 3269 2467 ὄντα
3307 2412 3403 2467 τὸν
3455 2407 3686 2483 Σάρδεων
3713 2406 3767 2477 ἦν

2147 2503 2175 2556 6
2209 2502 2484 2576 Ἀρσένιος
2515 2503 2616 2557 οὐκ
2649 2500 2894 2577 ἐδέχετο,
2927 2505 3150 2557 τοιαῦτα
3198 2505 3281 2572 τῷ
3313 2500 3626 2574 πατριάρχῃ
3654 2518 3770 2572 παρ-

2145 2596 2336 2660 αινεῖν,
2370 2588 2488 2646 δὲον
2547 2592 2673 2667 παρ’
2730 2591 2895 2646 αὐτοῦ
2937 2589 3148 2666 δεχθεὶς
3206 2589 3445 2665 ἀγαπᾷν,
3499 2585 3771 2648 δεικνύντος

2147 2676 2207 2733 ἂν
2240 2678 2322 2751 εἴη
2357 2681 2432 2744 ὡς
2475 2679 2616 2736 ἄλλο
2662 2701 2714 2735 τι
2750 2679 3042 2755 βαθύτερον
3087 2679 3412 2746 ὑπορύσσων
3456 2681 3670 2733 τοιαῦτα
3695 2674 3773 2730 λέ·

2155 2893 2391 2959 studiis,
2422 2909 2551 2964 quas
2581 2893 2758 2949 vidua
2788 2893 2989 2950 relicta
3021 2898 3207 2950 morte
3241 2894 3618 2950 Balanidiom
3659 2908 3774 2948 con-

2146 2982 2308 3054 jugis
2366 2983 2436 3037 ad
2497 2983 2883 3038 monasticam
2963 3001 3025 3039 se
3080 2985 3259 3038 vitam
3324 2988 3635 3055 receperat.
3694 2981 3777 3036 llis

2150 3071 2484 3127 adhaerebat
2509 3073 2781 3127 concordi
2813 3073 3101 3128 sententia
3143 3073 3612 3146 Nostongonissa
3639 3070 3782 3126 etiam

2152 3161 2459 3227 monacha,
2515 3177 2693 3232 quam
2745 3161 2955 3216 horum
3003 3179 3068 3217 ex
3119 3169 3283 3233 patre
3333 3179 3592 3218 sororem
3625 3175 3779 3232 supra

2151 3249 2490 3315 memoravi,
2526 3249 2800 3321 quoniam
2853 3268 2921 3306 ex
2971 3250 3148 3323 priori
3197 3252 3454 3323 conjuge
3485 3268 3519 3306 a
3554 3249 3777 3306 Tarcha-

2143 3339 2302 3394 niota
2323 3341 2520 3411 genita
2551 3340 2760 3395 fuerat.
2785 3340 3002 3396 Horum
3027 3346 3154 3396 erat
3173 3340 3447 3396 omnium
3482 3345 3638 3396 arcta
3660 3355 3777 3394 con-

2146 3428 2485 3484 suetudinis
2511 3432 2566 3482 et
2597 3429 2978 3484 consiliorum
3013 3446 3145 3484 cum
3179 3429 3508 3501 Hyacintho
3545 3426 3778 3483 necessi-

2145 3514 2309 3581 tudo,
2343 3516 2566 3570 ardenti
2603 3518 2817 3586 pariter
2849 3518 3056 3572 atl‘ectu
3089 3517 3549 3574 condolentibus
3581 3515 3783 3572 cunctis

2149 3605 2363 3659 misero
2408 3605 2673 3672 Arsenio,
2723 3605 2944 3677 injuste
2992 3607 3047 3677 (ο
3091 3606 3194 3677 jus
3244 3607 3460 3679 fasque
3494 3605 3506 3660 l
3541 3622 3572 3660 ο
3602 3604 3783 3660 divina

2152 3693 2307 3764 leges
2340 3692 2382 3763 ε)
2407 3710 2435 3749 e
2468 3695 2606 3749 sede
2641 3693 3017 3765 patriarchali
3049 3695 3107 3750 in
3141 3694 3420 3751 exsilium
3455 3695 3658 3766 eiecto.
3688 3691 3784 3748 Sed

2152 3782 2272 3838 haec
2304 3783 2610 3839 hactenus.

2151 3943 2241 4000 20.
2281 3944 2345 4000 Ut
2383 3959 2482 4016 per
2529 3941 2854 3998 Sardensem
2885 3943 3191 4016 Clialazam
3242 3943 3455 3998 iterum
3506 3945 3790 4016 imperator

2424 4013 2762 4070 Germanum
2790 4015 3171 4086 patriarcham
3222 4017 3545 4072 tenta-verit.

2229 4143 2300 4193 At
2325 4138 2644 4210 imperator
2666 4139 3007 4211 patriarchas
3033 4157 3241 4196 novam
3273 4141 3526 4196 alteram
3549 4136 3795 4195 tentatio-

2157 4245 2290 4284 nem
2332 4229 2656 4285 adornavit.
2677 4230 2819 4284 Cum
2843 4230 3001 4286 enim
3023 4231 3296 4286 Sardium
3319 4231 3638 4303 episcopus
3663 4227 3794 4286 Cha-

2157 4317 2282 4373 laza
2312 4322 2403 4373 sat
2428 4319 2527 4373 diu
2559 4319 3062 4391 Constantinopoli
3117 4326 3384 4377 moratus
3435 4321 3666 4376 ditl‘erre
3695 4331 3795 4372 non

2160 4412 2360 4478 posset
2385 4423 2558 4461 suum
2593 4407 2652 4462 in
2679 4408 2972 4479 propriam
3008 4407 3317 4464 ecclesiam
3351 4409 3797 4476 reditum,atque

2162 4496 2306 4552 adeo
2336 4495 2393 4550 in
2431 4495 2730 4567 procinctu
2763 4497 2892 4565 ejus
2925 4497 3302 4568 profectionis
3332 4494 3794 4568 esset,egitclam

393 4588 650 4643 Joannes
675 4586 962 4641 ambobus
999 4584 1189 4639 minor
1239 4587 1375 4638 natu
1411 4582 1692 4638 hactenus
1722 4579 1778 4635 in
1823 4579 2042 4634 familia
2075 4567 2120 4630 Β
2151 4599 2285 4640 cum
2319 4599 2384 4639 eo
2418 4584 2736 4655 imperator
2767 4589 2830 4640 ut
2861 4567 2960 4640 aut
2991 4586 3166 4642 verbo
3216 4603 3442 4656 coram,
3495 4567 3796 4654 antequam

399 4681 457 4732 et
488 4674 768 4746 obsequio
801 4673 989 4730 aulico
1025 4673 1176 4728 296
1211 4670 1483 4726 avunculi
1517 4670 1768 4741 despotaa
1797 4667 2045 4724 Joannis

401 4764 779 4820 educabatur.
811 4763 914 4816 Hic
947 4766 1190 4816 matrem
1224 4760 1537 4814 observans
1568 4756 1842 4812 benevole
1875 4758 2046 4811 affec-

399 4857 520 4906 tam
569 4850 913 4923 patriarchre
973 4849 1030 4902 in
1083 4848 1233 4902 hanc
1261 4864 1322 4902 se
1373 4853 1618 4917 partem,
1677 4845 2050 4902 vehementer

401 4941 577 4996 etiam
599 4940 954 4995 incumbens
985 4936 1388 5007 mmulansque
1407 4952 1584 5006 supra
1611 4934 2049 5002 modum,addi-

417 5032 602 5100 derat,
637 5030 780 5084 adeo
812 5033 873 5082 ut
900 5043 1070 5082 nemo
1101 5043 1165 5080 eo
1199 5023 1584 5096 frequentius,
1624 5040 1796 5078 nemo
1837 5040 2056 5096 pugna-

407 5121 534 5175 cius
567 5119 765 5174 tritam
798 5117 957 5172 illam
995 5115 1306 5171 formulam
1357 5112 1753 5169 aversantium
1788 5130 2056 5170 commu-

409 5208 646 5263 nionem
680 5207 934 5261 adversre
969 5210 1250 5276 tanquam
1279 5204 1530 5276 profanae
1564 5201 1832 5258 factionis
1860 5202 2055 5258 verbis

409 5297 697 5368 lactisque
727 5299 1062 5368 usurparet,
1103 5295 1171 5348 ad
1223 5309 1458 5348 omnem
1509 5308 1817 5348 occursum
1861 5296 2054 5364 partes

408 5386 700 5443 tuentium
723 5385 1038 5440 Germani:
1075 5407 1094 5433 α
1122 5383 1268 5439 Cave
1295 5382 1618 5452 contingas,
1655 5403 1680 5428 »
1708 5379 2055 5451 inclamans,

413 5474 826 5548 superstitione
859 5489 1046 5545 usque
1077 5471 1147 5527 ad
1182 5471 1411 5526 minimi
1437 5486 1668 5541 quoque
1690 5487 1754 5524 ac
1784 5469 2061 5526 levissimi

416 5581 558 5619 usus
612 5561 1146 5620 fastidiosissimam
1197 5557 1654 5614 declinationem
1701 5559 2057 5615 abundante.

416 5651 561 5708 Cum
591 5669 657 5709 eo
686 5651 744 5707 in
773 5651 866 5709 his
898 5654 1023 5707 erat
1045 5647 1368 5706 Theodosia
1391 5665 1558 5704 soror
1577 5645 1786 5705 iisdem
1820 5649 2062 5721 praedita

2156 4675 2359 4741 abirel,
2393 4679 2494 4730 aut
2524 4675 2760 4746 scriptis
2792 4675 3158 4733 Chalcedone
3191 4677 3250 4732 in
3305 4679 3581 4750 digressu
3609 4687 3796 4730 versus

2155 4763 2451 4820 Orientem
2485 4764 2699 4820 litteris
2724 4766 2924 4820 eadem
2946 4766 3291 4837 patriarcha
3324 4769 3666 4838 suggereret
3685 4775 3797 4832 qua:

2158 4852 2375 4908 frustra
2403 4852 2698 4924 Josepbus
2743 4859 3028 4909 suaserat.
3055 4854 3274 4910 Callide
3306 4855 3362 4910 id
3399 4853 3796 4924 excogitatum,

2159 4947 2360 5014 utpote
2392 4942 2461 4996 ad
2498 4957 2660 5013 spem
2693 4957 3007 4998 successus
3041 4960 3157 4998 non
3187 4960 3393 5013 parum
3419 4937 3794 4997 accommoda-

2159 5033 2308 5097 tum,
2338 5028 2652 5084 consilium
2685 5030 2835 5097 fuit;
2866 5047 3000 5086 nam
3035 5035 3093 5086 et
3125 5030 3497 5088 auctoritatis
3545 5027 3796 5084 habitura

2163 5118 2482 5189 plurimum
2535 5119 2733 5174 suasio
2799 5119 2945 5174 291
3012 5119 3319 5175 videbatur
3366 5119 3440 5174 ab
3500 5112 3791 5173 eminentis

2163 5207 2356 5263 throni
2384 5206 2645 5262 antistite
2686 5208 2965 5278 profecta,
2997 5213 3056 5263 et
3109 5211 3361 5264 maxime
3397 5210 3693 5278 purgatam
3730 5200 3791 5256 ab

2164 5296 2324 5352 omni
2370 5296 2705 5368 suspicione
2752 5297 3008 5368 partium
3069 5297 3325 5352 futuram
3371 5296 3632 5352 eamdem
3685 5291 3793 5346 erat

2166 5385 2874 5453 consentaneum,idcirco
2907 5387 3063 5456 quod
3087 5403 3222 5442 cum
3255 5385 3538 5441 Arsenius
3562 5379 3786 5439 Sarden-

2167 5474 2250 5530 sis
2281 5473 2711 5530 ordinationem
2736 5474 3043 5531 admittere
3075 5492 3179 5547 pro
3213 5475 3471 5546 legitime
3500 5469 3784 5533 renuisset,

2170 5561 2357 5634 palam
2391 5562 2484 5618 hic
2518 5562 2590 5619 ab
2620 5561 2946 5620 Arseniana
2975 5563 3226 5620 factione
3277 5561 3664 5618 alienissimus
3688 5568 3785 5627 pu-

2170 5651 2430 5708 tabatur.
2491 5651 2640 5720 Quin
2699 5652 2807 5710 hac
2858 5653 2988 5725 ipsa
3045 5669 3114 5709 ex
3171 5669 3346 5710 causa
3405 5647 3780 5706 insinuabatur
