3920 6196
178 287 265 344 745

1174 286 1273 339 ΒΕ
1306 282 1675 345 MICHAELE
1714 280 2160 338 ΡΑωοιοοο
2196 285 2330 338 LIB.
2370 287 2467 339 ιν.

3435 290 3543 346 746

181 432 258 488 γοι
280 431 331 465 τε
355 411 432 464 καὶ
463 403 829 481 συμϐουλεύοι
862 407 914 461 oi
943 405 1158 483 ἀφεῖναι
1187 407 1278 460 τὸν
1318 403 1529 477 θρόνον.
1578 402 1641 457 Εἰ
1690 404 1764 475 μή
1799 407 1852 472 Α
1884 404 1974 458 τὸν
2010 406 2291 477 γράψαντα
2320 403 2401 479 ἐφ’
2432 405 2580 481 ᾧπερ
2609 406 2819 480 κριθείη
2850 413 3073 465 τοιαῦτα
3101 413 3238 485 πρὸς
3269 414 3361 468 τὸν
3393 417 3547 486 πρῶ,

180 525 220 555 τι
248 498 373 554 ἄλλο
395 500 511 573 γὰρ,
544 495 670 551 ἀλλ’
723 494 811 552 οὖν
839 498 901 551 τὸ
941 504 1041 566 τῆς
1076 496 1410 569 μεταθέσεως
1442 492 1501 546 ἂν
1536 494 1621 546 καὶ
1655 494 1779 566 παρ’

182 589 345 651 ἄλλοις
371 589 440 648 ὡς
470 585 723 661 ἔγκλημα
752 590 829 656 τῷ
863 586 1266 657 μετατιθεμένῳ
1308 582 1531 656 ἰσχυρὸν
1584 579 1780 651 ἐδόκει,

181 678 295 732 ὣστε
336 678 415 730 καὶ
473 674 738 748 ἐκχωρεῖν
800 673 1212 746 ἀναγκάζεσθαιο
1274 670 1400 725 ἀλλ’
1448 667 1539 721 οὖν
1594 669 1779 741 ἐκείνῳ

179 767 299 839 παρὰ
349 764 591 819 τοιούτου
646 766 743 816 τοῦ
800 763 890 815 ἀπ’
946 761 1177 837 Ἐφέσου
1216 757 1536 834 Νικφφόρου
1564 757 1783 830 τὴνάρο

178 851 479 928 χιερωσύνην
543 846 767 906 λαϐόντι
823 849 1150 924 προσίστατο
1211 846 1268 901 ἂν
1314 848 1383 901 τὰ
1434 844 1665 919 μεγάλα,
1709 845 1782 905 ὡς

179 943 227 996 οὐ
259 940 451 1013 μᾶλλον
484 940 686 995 ἐκεῖνον
718 936 1093 1006 καταδικάζειν
1126 939 1160 1006 ἢ
1190 936 1400 1002 ἑαυτὸν,
1442 938 1665 988 τοιαῦτα
1695 933 1787 988 λέ-

178 1052 326 1104 γοντι.
356 1033 419 1085 ’Ἃ
450 1027 517 1099 δὴ
551 1029 640 1083 καὶ
669 1029 760 1083 τὸν
793 1030 1234 1100 πατριαρχοῦντα
1259 1024 1385 1079 τότε
1434 1018 1676 1077 λαϐόντα
1722 1022 1788 1075 τὰ

174 1124 279 1194 παρ’
328 1120 531 1173 ἐκείνου
589 1120 911 1191 γράμματα,
966 1111 1153 1182 ἐπειδὴ
1204 1118 1294 1168 τὸν
1337 1112 1603 1187 Θρᾳκικὸν
1651 1109 1787 1164 ἐκεῖ·

178 1228 250 1268 νος
298 1206 612 1281 περαιωθείς
658 1206 937 1278 Βόσπορον
969 1204 1063 1275 ἅμ’
1111 1197 1361 1257 ἐπέϐαινε
1387 1208 1486 1269 τῆς
1517 1200 1646 1259 νεὼς
1697 1198 1785 1252 καὶ

176 1298 267 1369 ἅμα
314 1295 512 1349 τοιαῦτ’
566 1295 695 1347 ἄττα
746 1292 998 1362 κινητικά
1051 1290 1188 1366 πρὸς
1248 1290 1576 1363 παραίτησιν
1634 1285 1789 1361 ἔγρα-

176 1405 273 1461 φεν,
320 1384 391 1444 εἰς
422 1382 522 1437 οὐκ
552 1382 753 1455 ἀγαθάς
815 1380 1072 1442 ὑπονοίας
1128 1377 1306 1453 ἐνῆγε,
1362 1378 1450 1431 καὶ
1493 1376 1566 1437 ὡς
1600 1375 1699 1429 οὐκ
1728 1374 1787 1429 ἂν

175 1472 351 1535 ἐκεῖνος
376 1471 611 1543 τολμώη
645 1473 869 1524 τοιαῦτα
899 1469 1125 1543 γράφειν
1179 1467 1267 1521 καὶ
1324 1467 1414 1519 τὸν
1447 1469 1664 1538 πρῶτον
1693 1483 1789 1517 κα-

175 1556 433 1634 θυϐρίζειν,
485 1559 531 1613 εἰ
595 1560 668 1631 μή
703 1560 755 1632 γ’
789 1557 1019 1613 ἂλλοθεν
1071 1557 1186 1630 εἶχε
1214 1556 1277 1609 τὸ
1308 1551 1607 1629 ἐγχωροῦν.
1641 1553 1791 1612 Τέως

173 1646 220 1705 δέ
243 1652 386 1725 πείρᾳ
413 1652 475 1703 τὸ
506 1655 734 1723 πρᾶγμα
764 1644 950 1707 διδοὺς
1008 1645 1255 1719 παραυτά
1310 1644 1446 1717 πρὸς
1483 1642 1573 1695 τὸν
1640 1642 1791 1715 βασι-

173 1739 253 1794 λέα
302 1741 528 1810 πέμπειν
586 1738 660 1797 ὡς
717 1738 861 1810 εἶχεν
917 1733 1053 1809 ἔγνω
1107 1735 1169 1788 τὸ
1207 1732 1457 1808 γράμμα,
1494 1730 1789 1804 μαρτύριον

173 1830 247 1883 τὸν
274 1828 462 1882 ἐκεῖθεν
498 1821 870 1899 ἐκϐησόμενον
902 1829 1008 1878 τῶν
1040 1819 1319 1897 παρόντων
1354 1822 1573 1893 θέμενος
1624 1819 1790 1891 ἀψευ-

176 1916 414 1986 δέστατον,
472 1916 550 1977 ὡς
584 1915 631 1969 εἴ
665 1916 759 1986 μὶν
794 1915 1095 1988 ἐπαΛγήσει
1136 1917 1252 1972 τοῖς
1299 1916 1577 1986 γραφεῖσιν
1612 1911 1639 1963 ὁ
1693 1910 1792 1983 βα-

173 2005 325 2069 σιλεὺς
379 2006 474 2061 κάν
534 2003 698 2075 δεινῷ
756 2004 910 2071 θήσει
963 2002 1026 2056 τὸ
1082 2007 1325 2077 πρᾶγμα,
1376 1998 1513 2054 ὥστε
1540 1999 1629 2053 καὶ
1653 1997 1789 2051 ἀπο-

174 2095 386 2151 στὲλλειν
443 2094 537 2148 καὶ
603 2090 954 2168 ὑποστρέφειν
1038 2093 1117 2163 [Ρ.
1192 2089 1318 2161 201]
1374 2086 1787 2161 καταναγκάζειν

163 2310 776 2378 commendabaturque
807 2305 1095 2361 Germano
1121 2304 1277 2359 velut
1306 2303 1601 2358 sincerum
1624 2305 1680 2357 et
1705 2318 1774 2356 ex

162 2417 268 2456 vero
294 2401 484 2456 studio
520 2398 849 2470 profectum
880 2393 1187 2450 consilium
1220 2394 1358 2448 talis
1387 2391 1773 2461 auctoris,cui

163 2490 395 2561 privatim
429 2487 583 2543 utile
612 2489 923 2558 appareret
952 2486 1213 2554 perstare
1262 2482 1318 2536 in
1371 2481 1772 2552 patriarchatu

162 2579 507 2646 Germanum,
542 2594 578 2632 a
608 2591 725 2647 quo
759 2572 959 2644 utique
989 2589 1092 2644 pro
1122 2587 1256 2627 vero
1288 2570 1561 2642 episcopo
1594 2585 1775 2641 agno-

163 2677 407 2726 sceretur.
438 2673 635 2735 Quare
668 2669 731 2719 ut
757 2664 809 2719 is
838 2669 1035 2718 tamen
1084 2662 1208 2733 ipse
1257 2665 1463 2716 contra
1512 2660 1779 2731 proprias

164 2758 411 2815 utilitates
434 2770 741 2814 secessum
764 2753 899 2809 inde
922 2750 1270 2817 consuleret,
1298 2766 1479 2822 prona
1501 2754 1623 2803 erat
1644 2765 1778 2803 con-

157 2848 351 2917 jectura
380 2844 808 2903 occultioribus
829 2857 957 2896 eum
984 2840 1337 2912 quibusdam
1363 2843 1419 2894 et
1439 2838 1687 2892 diversis
1710 2837 1782 2890 ab

162 2938 219 2991 iis
247 2955 361 3009 qua;
390 2937 571 3009 vulgo
603 2932 996 3003 allegarentur
1028 2929 1353 2984 rationibus
1380 2927 1613 2983 moveri.
1640 2925 1781 2980 Nam

160 3028 286 3097 quod
318 3029 384 3081 ab
410 3027 555 3080 aliis
589 3023 773 3094 excipi
808 3020 1022 3077 soleret
1051 3024 1252 3074 contra
1302 3015 1658 3073 Germanum
1714 3016 1784 3068 de

1890 513 1980 545 τον
2014 492 2317 565 ἐκθέμενος,
2351 491 2521 562 δῆλον
2556 496 2687 550 εἶναι
2722 498 2796 561 ὡς
2852 498 2950 553 οὐκ
2974 497 3183 563 εἰδότος
3233 506 3328 556 τοῦ
3386 506 3541 578 βασι-

1893 579 2032 641 λέως
2064 576 2270 654 προέϐη
2306 585 2491 653 ταῦτα,
2552 585 2640 637 καὶ
2696 585 2956 662 ἀσφαλῶς
3012 588 3157 664 ἔχειν
3192 576 3430 654 ἐντεῦθεν
3464 595 3542 647 εἶ-

1892 690 1976 722 ναι
2007 676 2109 737 τῆς
2165 672 2557 733 καταστάσεως·
2594 674 2643 726 εἴ
2689 671 2746 727 δὲ
2781 677 2964 746 μαθὼν
2997 680 3123 752 παρ’
3165 677 3318 734 οὐδὲν
3389 683 3540 751 θήσει

1893 759 1958 811 τὰ
1985 754 2357 833 γεγραμμένα,
2419 759 2563 816 ἀλλά
2592 764 2919 837 προφάσεσιν
2966 765 3202 823 ἐπειλύει
3234 771 3323 823 καὶ
3378 770 3539 837 ἀναρ-

1892 852 1958 916 τᾷ
2016 848 2089 908 ὡς
2149 848 2284 901 κατὰ
2308 849 2493 914 καιρὸν
2518 848 2654 912 Ἷσως
2690 854 2957 924 ζητήσων,
3018 854 3053 923 ἢ
3092 855 3182 909 καί
3210 855 3396 920 ἄλλως
3421 828 3541 922 mihi:

1898 935 2248 991 ἐπιστείλειεν
2337 938 2409 998 ὡς
2494 936 2652 1008 δῆθεν
2736 942 3059 997 καταπαύων
3148 948 3236 1001 καὶ
3297 950 3541 1023 ἡμερῶν,

1895 1026 2207 1079 τούντεῦθεν
2271 1028 2345 1097 μή
2406 1027 2540 1081 εἶναι
2580 1026 2747 1083 πλέον
2782 1031 2856 1092 εἲς
2887 1031 2949 1085 τὸ
3003 1038 3188 1104 μαθεῖν
3221 1035 3294 1097 ὡς
3328 1036 3354 1089 ὁ
3390 1039 3546 1097 Bact—

1898 1112 2022 1174 λεὺς
2081 1113 2204 1189 περὶ
2264 1114 2423 1169 αὐτὸν
2474 1116 2781 1191 ἡψικόρησε
2847 1122 2935 1174 καὶ
2994 1122 3169 1197 βουλῇ
3227 1124 3423 1179 τούτου
3478 1128 3545 1181 τὰ

1895 1206 2117 1256 τοιαῦτα
2176 1203 2498 1277 γέγραπται.
2548 1207 2711 1261 Ταῦτ’
2772 1206 2823 1261 ἐν
2882 1214 2955 1279 νῷ
3012 1210 3256 1282 θέμενος,
3289 1216 3543 1282 προσθεὶς

1898 1288 1959 1343 ἐκ
2012 1292 2341 1363 μηνυμάτων
2403 1294 2488 1347 καὶ
2551 1293 2779 1367 ἀλγεινά
2830 1298 2905 1357 ὡς
2937 1296 3168 1353 λυποῖτο
3197 1300 3543 1369 τὰπλεῖστα,

1900 1377 2161 1450 ἐκπέμπει
2219 1381 2312 1435 τὸν
2364 1384 2425 1436 τὸ
2455 1383 2688 1457 γράμμα
2719 1381 3124 1457 διακομίσοντα.
3183 1389 3239 1441 Ὀ
3272 1387 3329 1442 δὲ
3360 1384 3542 1445 λαϐὼν

1896 1488 1955 1521 τε
2005 1469 2096 1522 καὶ
2156 1469 2413 1545 ἀναγνοὺς
2447 1472 2553 1545 οὐχ
2583 1471 2734 1533 ὅπως
2766 1479 2883 1537 τοῖς
2937 1476 3339 1550 γεγραμμένοις
3370 1479 3548 1548 ἐπήλ-

1897 1576 2083 1630 γησεν,
2113 1556 2241 1612 ἀλλ’
2300 1561 2413 1613 οἷον
2448 1560 2633 1613 ἑαυτὸν
2686 1560 3068 1631 ἐπαλαστήσας
3127 1565 3171 1617 εἰ
3232 1566 3374 1621 οὕτω
3430 1572 3548 1630 ταῖς

1898 1649 2005 1698 τῶν
2038 1649 2238 1698 κοινῶν
2273 1652 2477 1719 σειραῖς
2510 1648 2939 1722 σοσφιγγόμενος
2998 1652 3085 1705 καὶ
3118 1655 3239 1727 περὶ
3300 1660 3396 1709 τοῦ
3443 1677 3550 1711 πα-

1901 1735 2168 1807 τριάρχου
2226 1736 2529 1811 φροντίζειν
2600 1735 3023 1813 έπαναγκάζοιτο
3058 1782 3072 1803 ,
3130 1740 3321 1796 αὐτίκα
3380 1743 3549 1817 μηδὲν

1907 1820 2189 1892 μελλήσας
2254 1822 2443 1895 μηνύει
2501 1825 2575 1885 ὡς
2634 1850 2660 1876 ‹‹
2699 1827 2786 1881 Ἐν
2821 1826 3008 1899 χερσὶν
3037 1827 3195 1890 αὐτὸς
3252 1828 3396 1905 ἔχεις
3454 1835 3545 1889 τὸν

1900 1907 2088 1985 ἄνδρα,
2148 1909 2290 1965 οὕτω
2319 1917 2425 1966 τῶν
2477 1913 2718 1967 κανόνων
2771 1912 3054 1983 διδόντων,
3087 1916 3175 1971 καὶ
3231 1919 3282 1972 οἱ
3332 1920 3455 1991 περὶ
3489 1922 3549 1975 σὶ

1899 1998 2106 2054 πολλοὶ
2137 2004 2243 2055 τῶν
2274 2000 2538 2056 τοιούτων
2570 2003 2772 2077 κριταὶ,
2822 2004 2912 2058 καί
2941 2026 3026 2059 σοι
3055 2007 3120 2060 τὰ
3166 2008 3290 2081 περί
3337 2007 3543 2064 τούτων

1903 2094 2083 2159 ζητεῖν
2136 2088 2419 2167 ἐφειμένον
2478 2091 2622 2146 ποίει
2681 2092 2757 2154 ὡς
2817 2091 3027 2167 βούλει·
3089 2094 3544 2174 βασιλεῖγάροῦ

1883 2301 2038 2359 clare
2068 2303 2424 2375 intelligeret
2454 2307 2596 2377 quid
2636 2323 2860 2363 arcanas
2893 2307 2986 2363 his
3018 2309 3087 2365 de
3108 2311 3282 2367 rebus
3311 2318 3543 2369 senten-

1883 2393 1974 2446 tias
2005 2392 2380 2464 imperatoris
2415 2395 2613 2450 animo
2643 2398 2935 2453 subesset.
2966 2399 3024 2452 Si
3057 2399 3214 2455 enim
3247 2401 3392 2457 visis
3440 2402 3541 2457 lit-

1887 2481 2027 2536 teris
2058 2482 2316 2537 dolorem
2350 2483 2711 2553 significaret
2743 2490 2799 2540 et
2833 2486 3143 2557 displicere
3176 2488 3286 2543 sibi
3325 2492 3540 2545 factum

1888 2572 2242 2640 ostenderet,
2296 2572 2676 2644 mitteretque
2738 2579 2866 2645 post
2927 2576 3188 2647 epistolae
3250 2585 3550 2636 auctorem

1891 2658 1989 2731 qui
2022 2676 2153 2715 eum
2189 2677 2251 2715 ex
2289 2661 2497 2717 itinere
2532 2666 2851 2719 retractum
2905 2664 3410 2740 Constantinopoli
3463 2669 3543 2725 si-

1891 2754 2132 2815 sterent,
2167 2752 2549 2821 repetendum
2583 2752 2787 2823 utique
2818 2754 3102 2809 rationem
3136 2756 3432 2827 injudicio
3459 2758 3537 2814 le-

1893 2838 2097 2910 gitimo
2130 2838 2500 2896 irreverentia
2531 2842 2683 2910 ausi,
2717 2857 2832 2911 quo
2864 2843 2933 2897 ad
2969 2844 3292 2916 principem
3347 2864 3545 2902 sacro-

1896 2946 2023 2983 rum
2054 2927 2163 2983 tale
2187 2929 2470 2999 scriptum
2494 2947 2601 2985 suo
2625 2931 2861 2986 nomine
2884 2949 2997 2988 non
3023 2934 3351 2991 dubitasset
3382 2938 3520 2993 dare

1897 3021 2036 3071 tunc
2110 3034 2249 3072 sane
2309 3019 2427 3072 fore
2486 3019 2861 3074 manifestum
2926 3021 3126 3092 ignaro
3189 3024 3541 3096 imperatore

162 3116 520 3172 translatione
577 3114 759 3182 sedis,
810 3110 963 3182 apud
1015 3108 1365 3163 Sardensem
1418 3110 1780 3160 momentum
1819 3122 1862 3188 ρ
1902 3105 2218 3177 contigisse
2249 3105 2380 3174 ista,
2415 3110 2471 3162 et
2502 3124 2774 3170 securum
2802 3109 2911 3164 sibi
2944 3114 3164 3167 statum
3195 3129 3262 3168 ea
3283 3130 3351 3169 ex
3380 3121 3546 3186 parte

161 3204 346 3261 habere
375 3204 611 3259 nullum
648 3200 1027 3256 manifestum
1060 3202 1345 3261 erat,cum
1382 3196 1535 3249 hunc
1564 3198 1792 3250 consta-

165 3301 235 3348 ret
262 3296 325 3349 ab
353 3312 418 3349 eo
450 3291 792 3366 patriarcha
823 3304 991 3343 suam
1026 3287 1237 3357 ipsius,
1272 3301 1450 3354 quam
1504 3300 1604 3353 pro
1653 3282 1794 3349 legi-

166 3385 290 3438 tima
314 3385 618 3443 tuebatur,
651 3378 1078 3434 ordinationem
1113 3374 1427 3444 accepisse,
1463 3388 1632 3442 quem
1667 3386 1792 3424 om-

167 3490 255 3529 nes
284 3476 498 3529 scirent
529 3471 607 3525 ab
638 3467 930 3539 Ephesius.
957 3466 1094 3519 sede
1146 3464 1202 3517 in
1254 3458 1793 3530 Constantinopoli-

164 3572 337 3617 tanarn
368 3563 554 3617 fuisse
589 3553 1282 3617 translatum.0uomodo
1315 3551 1471 3606 enim
1504 3551 1555 3605 is
1585 3566 1652 3605 ex
1683 3549 1798 3603 ista

160 3651 545 3707 translationis
613 3665 682 3703 ex
752 3642 1271 3714 Adrianopolitano
1338 3642 1550 3695 throno
1620 3654 1799 3692 causa

164 3741 413 3797 Germani
445 3736 884 3812 promotionem
919 3737 1116 3804 posset
1144 3731 1367 3785 irritam
1402 3730 1611 3784 ducere
1641 3728 1797 3781 vide-

164 3832 223 3897 ri,
252 3832 345 3901 qui
369 3826 689 3900 Nicephori
715 3824 1031 3878 transitum
1053 3837 1120 3876 ex
1140 3819 1433 3890 Ephesina
1460 3818 1516 3871 in
1550 3818 1799 3888 patriar-

166 3921 369 3975 chalem
391 3920 565 3975 urbis
589 3916 785 3971 sedem
812 3929 926 3966 non
948 3910 1139 3966 solum
1167 3925 1268 3979 pro
1303 3907 1583 3963 canonico
1616 3921 1799 3976 agno-

168 4016 329 4076 verat,
361 4010 463 4064 sed
499 4006 679 4061 etiam
714 4020 746 4057 a
775 4000 879 4056 tali
904 4004 1143 4070 accepta
1174 4013 1279 4052 sua
1310 3995 1498 4067 ipsius
1548 3996 1799 4063 inaugu-

169 4099 373 4153 ratione
421 4099 482 4150 in
536 4092 892 4149 Sardensem
943 4088 1166 4153 sedem,
1197 4086 1368 4155 cujus
1399 4100 1459 4139 se
1484 4099 1681 4139 verum
1710 4084 1802 4153 ju-

172 4192 433 4257 stumque
455 4184 833 4258 proﬁteretur
856 4174 1523 4249 possessorem,rejicere
1540 4172 1807 4242 nequiret

169 4276 295 4345 quin
316 4293 377 4330 se
400 4276 533 4345 ipse
555 4272 885 4326 damnaret.
902 4266 1090 4330 Quare
1107 4264 1265 4318 aliud
1290 4261 1592 4333 quidpiam
1622 4262 1807 4315 idem-

169 4378 264 4431 que
284 4376 570 4433 magnum
596 4374 703 4429 par
721 4360 846 4409 erat
866 4351 1183 4409 existimari
1208 4350 1807 4415 vidisseSardensem,

173 4467 275 4522 quo
297 4454 366 4506 ad
388 4458 514 4507 tam
536 4447 902 4517 inopinatam
927 4439 1363 4512 suggestionem
1392 4435 1807 4508 impelleretur.

175 4540 319 4595 Talis
348 4556 493 4611 ergo
524 4532 837 4607 epistolam
871 4532 1169 4586 sententiae
1209 4544 1336 4598 quas
1388 4524 1810 4580 abdicationem

173 4630 598 4697 patriarchatus
626 4620 978 4685 consuleret,
1010 4617 1287 4688 scriptam
1343 4616 1413 4670 ad
1465 4630 1525 4669 se
1572 4614 1812 4682 trajecto

180 4718 419 4790 Bosporo
452 4736 488 4772 a
521 4728 732 4769 navem
764 4711 835 4764 ad
869 4709 1196 4763 discessum
1228 4704 1651 4760 conscendente
1682 4706 1811 4754 Sar-

180 4807 352 4873 densi,
387 4806 728 4861 Germanus
759 4797 1073 4868 accipiens,
1104 4795 1161 4849 in
1201 4792 1534 4865 perplexam
1588 4790 1813 4859 ingres—

182 4912 274 4949 sus
327 4893 738 4964 suspicionem
788 4891 896 4955 est,
942 4886 1147 4939 merito
1196 4888 1473 4953 reputans
1512 4895 1817 4948 nunquam

182 4984 348 5041 fuisse
378 4988 657 5039 futurum
681 4984 741 5032 ut
774 4975 872 5030 ille
904 4975 1143 5028 auderet
1173 4972 1285 5027 ista
1316 4971 1568 5026 scribere
1602 4984 1667 5022 ac
1698 4967 1815 5039 pri-

182 5090 330 5129 mum
363 5090 428 5129 se
458 5075 765 5127 auctorem
798 5067 945 5119 ferre
975 5061 1204 5117 consilii
1252 5057 1664 5115 contumeliosi
1721 5074 1821 5127 pa-

180 5164 649 5231 triarchae,quem
682 5154 872 5228 palam
895 5155 1168 5224 probaret
1199 5148 1663 5221 imperator,nisi
1689 5147 1821 5202 huic

180 5252 322 5308 haud
354 5253 666 5323 ingratum
697 5246 755 5299 id
787 5259 914 5299 esse
948 5240 1360 5313 perspexisset.
1390 5240 1537 5309 Ergo
1589 5238 1821 5307 experi-

182 5347 438 5397 mentum
474 5337 670 5394 dubiis
700 5334 782 5389 rei
810 5347 1018 5403 capere
1056 5336 1279 5385 certum
1329 5327 1549 5392 volens,
1602 5326 1821 5397 episto-

182 5430 287 5485 lam
336 5447 468 5487 eam
525 5425 725 5483 statim
780 5422 848 5477 ad
883 5421 1295 5492 imperatorem
1331 5418 1528 5484 mittit,
1557 5416 1709 5471 298
1737 5422 1826 5471 te-

185 5521 528 5575 stimonium
561 5531 629 5572 ex
658 5516 867 5569 eventu
898 5508 1343 5565 veracissimam
1378 5506 1646 5562 omnium
1694 5521 1824 5576 qua;

184 5614 314 5664 tunc
372 5605 584 5664 haberi
635 5604 877 5674 possent
932 5597 1267 5654 eliciturum
1321 5611 1452 5651 sese
1496 5597 1683 5663 ratus,
1713 5609 1829 5664 quo

503 5726 760 5785 Primos.
808 5719 915 5780 Gn.
963 5715 1218 5777 GXLlll.

1903 3210 2046 3249 esse.
2085 3194 2140 3248 Si
2174 3198 2369 3249 autem
2405 3213 2461 3251 re
2492 3196 2723 3265 cognita
2760 3202 2946 3253 totum
2998 3199 3141 3254 illud
3194 3204 3546 3274 scriptarum

1903 3288 2124 3337 temere
2157 3282 2482 3338 litterarum
2518 3285 2736 3340 crimen
2774 3286 3064 3341 videretur
3094 3289 3263 3343 nihili
3313 3292 3548 3364 ducere,

1907 3373 2005 3426 sed
2041 3376 2349 3441 praetextas
2381 3372 2431 3426 ei
2464 3374 2799 3427 excusando
2830 3381 3115 3444 quaereret
3148 3379 3554 3449 autjudicium

1908 3461 2295 3532 suspenderat
2316 3467 2598 3532 tanquam
2624 3462 2893 3518 videlicet
2924 3464 2981 3518 in
3016 3470 3278 3538 tempore
3304 3471 3374 3524 de
3408 3471 3556 3527 facto

1908 3550 2324 3619 inquisiturus,
2358 3549 2447 3604 vel
2483 3550 2532 3604 si
2565 3550 2740 3605 etiam
2775 3568 2891 3607 non
2925 3553 3124 3624 ignoto
3156 3555 3264 3625 ipsi
3312 3558 3559 3614 artificio

1911 3638 2259 3693 rescriberet
2306 3637 2646 3692 humaniter
2695 3640 2862 3709 quasi
2904 3642 3272 3699 demulcendi
3309 3662 3373 3700 ac
3406 3646 3563 3700 miti-

1909 3727 2081 3796 gandi
2118 3727 2464 3791 ofﬁcio,tum
2495 3743 2637 3781 sane
2671 3744 2784 3782 non
2819 3729 2939 3783 fore
2969 3730 3080 3785 sibi
3104 3738 3560 3803 exspectandum

1910 3814 2193 3870 indicium
2223 3817 2437 3869 certius
2465 3816 2534 3869 ad
2570 3816 2739 3885 plane
2770 3816 3216 3886 intelligendum
3247 3821 3557 3892 imperato-

1911 3904 1991 3958 ris
2025 3903 2293 3957 satietate
2323 3905 2446 3971 jam
2499 3904 2590 3956 sui
2650 3904 2800 3971 capti
2861 3905 3104 3960 consilio
3154 3912 3211 3960 et
3252 3909 3554 3967 voluntate

1911 3992 2052 4048 talia
2084 3991 2265 4045 fuisse
2312 3992 2551 4061 scripta.
2596 3991 2712 4046 Hoc
2761 3993 2958 4047 animo
3006 3996 3368 4068 consilioque
3412 4003 3553 4055 Ger-

1913 4098 2123 4135 manus
2174 4086 2471 4149 acceptam
2524 4096 2557 4133 a
2602 4081 2894 4150 Sardensi,
2940 4083 3219 4151 adjuncta
3267 4087 3380 4141 alia
3428 4105 3461 4142 a
3493 4105 3556 4145 se

1914 4170 2158 4242 scripta,
2207 4184 2324 4239 qua
2372 4169 2733 4239 significaret
2780 4170 3153 4228 vehementer
3191 4192 3257 4231 ea
3285 4193 3347 4232 se
3379 4194 3437 4233 re
3468 4180 3552 4234 of-

1917 4260 2147 4313 fensum
2182 4258 2239 4311 in
2274 4274 2380 4312 suo
2414 4257 2758 4327 gravissimo
2792 4258 2988 4316 dolore
3020 4263 3091 4317 ad
3126 4269 3327 4320 notum
3360 4283 3563 4339 exper-

1918 4354 2163 4418 tumque
2196 4347 2585 4417 imperatoriaa
2616 4346 2815 4418 gratias
2848 4352 3184 4418 prrssidium
3228 4355 3565 4427 confugere,

1921 4453 2023 4507 per
2044 4437 2223 4491 ﬁdum
2250 4435 2546 4490 hominem
2574 4436 2641 4489 ad
2669 4435 3084 4507 imperatorem
3114 4442 3311 4497 mittit.
3338 4444 3437 4499 Ille
3463 4462 3567 4500 au-

1845 4495 1890 4557 D
1922 4495 2038 4579 iezn
2072 4526 2327 4595 acceptis
2362 4524 2646 4595 lectisque
2697 4495 2911 4581 litteris
2960 4529 3102 4583 adeo
3153 4495 3572 4590 noni-indoluit

1918 4613 2090 4668 amici
2125 4630 2322 4677 causa,
2359 4618 2423 4667 ut
2456 4630 2563 4668 sua
2596 4614 2791 4683 potius
2822 4632 2972 4687 aegre
3005 4618 3197 4674 ferens
3229 4627 3573 4690 quereretur

1922 4704 2124 4773 inique
2156 4719 2354 4757 secum
2390 4703 2609 4773 agi.cui
2641 4704 2797 4759 curis
2829 4705 3166 4775 reipublicae
3206 4712 3571 4779 gravissimis

1924 4808 2204 4862 Oppresso
2237 4792 2413 4845 etiam
2447 4791 2770 4847 alienarum
2804 4794 2873 4849 de
2905 4797 3239 4865 patriarcha
3282 4800 3571 4856 sollicitu-

1928 4880 2132 4935 dinum
2165 4879 2327 4933 nulla
2360 4880 2766 4937 misericordia
2796 4899 2944 4938 onus
2976 4886 3330 4954 injiceretur.
3353 4890 3575 4962 Hisque

1926 4970 2306 5039 indignanter
2341 4968 2517 5024 dictis
2567 4971 2767 5025 statim
2817 4988 3130 5031 conversus
3181 4978 3249 5031 ad
3298 4980 3572 5034 nuntium

1928 5074 2278 5128 responsum
2329 5058 2378 5112 ei
2431 5059 2587 5128 quod
2636 5060 2872 5115 referret
2926 5065 3266 5133 patriarcha
3317 5068 3372 5121 in
3424 5069 3575 5123 hanc

1930 5147 2281 5203 sententiam
2334 5147 2608 5213 reddidit,
2665 5147 2877 5203 habere
2926 5150 3119 5221 ipsum
3174 5154 3467 5211 hominem
3516 5156 3576 5210 in

1932 5235 2416 5306 manu,potestati
2443 5236 2825 5306 utiquejuxta
2849 5242 3252 5313 praescriptum
3278 5259 3578 5299 sacrorum

1935 5341 2225 5380 canonum
2262 5324 2593 5393 subjectum
2627 5342 2766 5380 sure.
2801 5328 2952 5382 299
3004 5332 3221 5387 Adesse
3266 5332 3376 5402 ipsi
3427 5330 3581 5385 anti-

1934 5416 2105 5470 stites
2157 5414 2393 5478 multos,
2427 5412 2717 5483 legitimos
2745 5416 2947 5471 talium
2974 5419 3227 5487 judices.
3259 5420 3388 5484 Iret,
3418 5434 3582 5489 quaa-

1934 5505 2186 5560 stionem
2222 5502 2578 5571 institueret,
2610 5508 2808 5574 ageret
2837 5507 2991 5575 quod
3024 5507 3195 5563 vellet
3228 5525 3241 5563 :
3274 5509 3586 5579 imperato-

1935 5608 2060 5648 rem
2091 5592 2247 5648 enim
2296 5592 2353 5645 in
2400 5592 2694 5663 ejusmodi
2744 5595 2975 5664 negotia
3021 5612 3135 5652 non
3185 5612 3247 5652 se
3294 5596 3581 5669 ingerere,

3186 5716 3265 5775 24
