4018 6198
417 283 530 340 747
1723 276 2024 334 GEORGII
2061 277 2069 329 l

2178 273 2523 329 IHYMERB
3654 280 3740 337 748

423 408 584 482 μετὸν
640 405 869 470 τούτων,
929 400 1075 458 ἀλλά
1130 400 1469 478 πραγμάτων
1523 403 1616 456 καὶ
1648 396 1897 476 θορύϐων
1953 396 2062 454 τῶν
2096 401 2149 467 Α
2178 391 2625 469 προσϐιάζεσθαι,
2662 394 2707 449 εί
2745 396 2818 466 μή
2851 415 2912 469 γε
2966 393 3181 465 ἀκούοι,
3243 395 3329 449 καὶ
3374 393 3508 452 οὐδὲν
3558 398 3748 461 ἐλλείπει

419 498 539 552 κατ’
566 495 748 563 αὐτὸν,
779 489 1006 547 πολλῶν
1041 487 1209 547 ὄντων
1243 493 1332 547 καὶ
1363 497 1530 546 ταῦτα
1555 492 1642 546 καὶ
1679 488 2002 564 ἀναγκαίων.
2037 511 2064 538 ι)
2175 485 2482 560 προθυμίας
2517 504 2573 538 τε
2603 483 2692 538 καὶ
2727 482 3004 553 θελήσεως
3057 488 3154 538 τοῦ
3190 484 3264 556 μὴ
3307 483 3504 560 ἀνάγειν
3554 490 3629 544 καὶ
3675 495 3746 548 πί.

421 584 585 640 Ταῦτ’
651 582 961 654 ἀντιμαθὼν
1015 581 1250 642 ἀκούσας
1308 582 1334 635 6
1386 583 1735 655 πατριάρχης
1770 577 1911 653 ἔγνω
1969 578 2069 644 τὴν
2176 572 2265 629 λιν
2324 573 2506 630 αὐτόν.
2569 573 2711 648 Πρὸς
2764 578 2953 647 Κρῆτα
3008 569 3053 626 δ’
3111 573 3357 647 ἒκρήτιζε
3381 576 3592 637 πάντως.
3620 582 3748 635 Ταῦτ’

417 670 638 743 σκῆψιν,
692 669 782 724 καὶ
841 669 1146 744 ἀντιλέγειν
1203 667 1350 724 ὅλως
1410 668 1508 724 οὐκ
1566 667 1710 743 ἔχων
1773 664 2067 741 (μηδὲγὰρ
2176 659 2278 737 ἄρα
2318 663 2563 723 κάκεῖνος
2618 662 2708 717 τὸν
2769 662 2864 734 μὲν
2913 662 3217 736 ἀγνοοῦντα
3271 672 3636 737 προσεποιεῖτο,
3683 671 3750 724 καὶ

414 757 600 834 ἐριστὰ
626 758 693 813 τὰ
722 759 860 836 πρὸς
912 758 1141 835 βασιλέα
1170 758 1307 814 εἶναι
1344 757 1552 831 ἐκείνῳ)
1611 757 1912 828 ἐξίστασθαι
1973 759 2069 810 τοῦ
2176 753 2339 828 χάριν
2370 759 2469 820 τῆς
2500 751 2778 825 εὐμενείας
2810 751 2988 826 λέγειν
3019 753 3109 807 καὶ
3159 751 3237 816 εἷς
3289 753 3349 807 τὸ
3403 755 3512 824 ἑξῆς
3564 755 3749 828 εἰδήσειν

415 867 812 926 πατριαρχειου
843 848 1286 922 παρεσκευάζετο.

2176 929 2442 999 ἀσθενείᾳ,
2506 929 2599 984 καὶ
2651 930 2790 1003 πρὸς
2817 931 2882 985 τὸ
2935 927 3143 985 διδόναι
3201 932 3292 985 καὶ
3345 932 3635 1007 παραίτησιν
3681 940 3755 990 τοῦ

2174 1026 2276 1088 τῆς
2331 1019 2962 1081 Κωνσταντινουπόλεως
3011 1020 3208 1094 θρόνου
3257 1021 3344 1075 καὶ
3401 1020 3511 1076 λίαν
3562 1022 3758 1096 ἀσμὲνως

2177 1106 2401 1183 ἔχοντα,
2454 1109 2516 1176 ἢν
2571 1108 2662 1162 καὶ
2721 1105 2975 1183 δέχεσθαι
3029 1108 3288 1178 ἀντηξίου
3336 1109 3422 1163 καὶ
3454 1110 3652 1184 βασιλέα
3691 1113 3760 1167 καὶ

2175 1199 2303 1262 τοὺς
2359 1199 2634 1273 παρόντας
2691 1199 2997 1274 ἀρχιερεῖς,
3045 1201 3141 1272 ἅμ’
3199 1195 3440 1256 ἐκϐαλὼν
3465 1201 3549 1255 καὶ
3599 1198 3764 1267 δεικνὺς

422 1292 586 1370 ἤγετο
619 1291 676 1348 δὲ
724 1296 758 1363 ἠ
789 1297 886 1348 τοῦ
914 1293 1105 1361 τιμίου
1137 1296 1366 1366 σταυροῦ
1397 1293 1582 1367 ἑορτὴ,
1639 1293 1701 1360 ἦν
1749 1291 1840 1346 καὶ
1889 1292 2069 1364 Ὓψωο
2174 1289 2236 1343 τὸ
2293 1287 2541 1363 γράμμα·
2578 1283 2719 1359 μηδὲ
2749 1288 2852 1362 γὰρ
2884 1287 2942 1342 ἂν
2975 1291 3072 1341 τοῦ
3103 1286 3324 1359 λοιποῦ,
3381 1287 3470 1343 κᾶν
3518 1288 3566 1343 εἴ
3583 1311 3627 1344 τι
3655 1312 3764 1363 συμ-

418 1404 501 1438 σιν
560 1382 926 1453 ὀνομάζομεν.
986 1383 1072 1438 Ἐν
1126 1381 1292 1454 ταύτῃ
1321 1385 1452 1454 γοῦν
1492 1382 1559 1434 τὰ
1589 1379 1790 1434 ὕστατα
1821 1378 2068 1435 στολισά-
2177 1371 2332 1446 ϐαίη,
2391 1376 2491 1444 τὴν
2545 1376 2872 1451 προστασίαν
2903 1370 3226 1449 λαμϐάνειν,
3277 1375 3373 1432 κᾶν
3413 1377 3767 1454 αὐτὸςτάναγχά-

420 1491 606 1544 μενος,
636 1469 730 1525 καὶ
754 1469 977 1530 τελέσας
1008 1471 1120 1542 ἅμα
1181 1470 1278 1541 μὲν
1332 1471 1433 1536 τὴν
1494 1468 1701 1542 ὕψωσιν
1751 1473 1848 1523 τοῦ
1909 1489 2072 1523 σταυ-
2181 1469 2262 1533 ζοι
2306 1465 2335 1518 6
2396 1463 2675 1538 βασιλεύς.
2708 1463 2849 1521 Τότε
2897 1468 3189 1539 τοιγαροῦν
3219 1467 3248 1520 ὁ
3304 1470 3504 1541 κρατῶν
3557 1463 3679 1540 ἔχων
3727 1469 3766 1522 ἐν

415 1563 537 1632 ροῦ,
565 1560 677 1631 ἅμα
705 1557 763 1613 δὲ
791 1560 880 1612 καὶ
911 1560 1008 1627 τήν
1043 1559 1191 1612 θείαν
1224 1556 1554 1632 ἱερουργίαν,
1595 1564 1696 1625 τῆς
1728 1557 1896 1626 αὐτῆς
1928 1557 2071 1628 ἠμὲ-
2177 1553 2337 1628 χερσὶ
2396 1558 2642 1629 φανερῶς
2673 1552 2702 1606 ’ὁ
2735 1551 2788 1608 ἐν
2817 1549 3015 1625 ἀδήλῳ
3045 1548 3332 1623 ἐϐούλετο,
3386 1558 3478 1609 τοῦ
3509 1555 3593 1627 μὲν
3642 1553 3766 1610 αὐτὸν

417 1667 513 1723 ρας
571 1647 730 1720 ὀψίας
787 1645 973 1716 δείλης
1032 1647 1344 1720 ἀποχωρεῖ,
1402 1645 1492 1700 καὶ
1551 1645 1690 1719 πρὸς
1740 1649 1806 1699 τα
1841 1645 1892 1699 ὲν
1949 1649 2068 1706 ταῖς
2176 1642 2266 1696 καὶ
2342 1639 2508 1696 πάλιν
2578 1642 3044 1717 προσαναγκάζειν
3101 1641 3315 1711 ἀνῆκε,
3374 1646 3554 1718 σχῆμα
3601 1641 3769 1706 δεικνὺς

420 1737 734 1812 Μαγγάνοις
763 1735 928 1790 αὐτοῦ
965 1733 1162 1790 κελλία
1214 1735 1284 1789 τά
1338 1733 1475 1809 πρὸς
1533 1733 1802 1798 θάλασσαν
1857 1731 2071 1806 ᾠκοδο-
2103 1764 2149 1830 Β
2181 1731 2528 1799 ἀπειπόντος,
2582 1730 2645 1786 τὸ
2703 1728 2751 1785 δ’
2780 1729 3046 1806 ἀγάλλειν
3081 1729 3268 1794 ἄλλως
3299 1732 3387 1787 καὶ
3422 1737 3572 1805 τιμᾷν
3598 1733 3766 1807 ᾑρεῖτο.

425 1824 645 1898 μημὲνα
699 1823 873 1879 ἐλθὼν
920 1823 1147 1898 ἡσύχως
1193 1821 1398 1898 διάγειν
1434 1823 1548 1879 ἐκεῖ
1572 1829 1673 1878 τοῦ
1706 1825 1827 1900 βίου
1859 1824 2068 1897 ᾑρεῖτο.
2103 1817 2147 1830 ν
2184 1820 2284 1878 Καὶ
2345 1821 2413 1875 τὰ
2467 1824 2657 1895 πρῶτα
2691 1820 2786 1893 μὲν
2843 1819 2910 1875 τὰ
2940 1817 3208 1876 δοκοῦντᾶ
3248 1822 3301 1875 οἱ
3331 1821 3449 1897 περὶ
3479 1821 3768 1897 πατριάρχου

427 1912 587 1969 Ἀλλ’
644 1915 757 1987 ἅμα
811 1911 885 1986 ἓῳ
917 1911 1205 1990 φωσκοῦσῃ
1256 1912 1343 1967 καὶ
1379 1914 1406 1967 6
1441 1912 1696 1987 βασιλεὺς
1726 1911 1957 1974 ἀκούσας
1992 1912 2075 1967 εὖο
2185 1912 2384 1965 ἐκεῖνον
2444 1911 2655 1986 ἠρώτα,
2715 1914 2794 1981 τῷ
2853 1905 3171 1982 σύμϐουλον
3230 1912 3500 1982 ἀξιοῦσθαι
3549 1911 3622 1967 ἐπ’
3647 1909 3770 1984 ἄλλῳ

429 2004 524 2067 θῦς
552 2001 832 2081 ἐφίσταται
859 2003 971 2076 ἅμα
1007 2002 1100 2075 μὲν
1144 1999 1460 2076 συγκλήτῳ,
1517 2003 1629 2074 ἅμα
1689 1998 1737 2055 δ’
1766 2001 2078 2077 ἀρχιερεῦσι
2185 2000 2624 2073 προστησομὲνῳ
2697 1998 2979 2074 ἐξημερῶν
3052 2000 3118 2055 τὰ
3174 2008 3279 2070 τῆς
3346 2001 3504 2056 αὐτοῦ
3549 2001 3774 2076 παραιτή-

429 2091 521 2146 καὶ
581 2091 740 2147 παντὶ
797 2096 878 2164 τῷ
927 2098 1027 2160 τῆς
1084 2089 1376 2161 ἐκκλησίας
1434 2088 1794 2165 πληρώματι,
1851 2093 1941 2144 καί
1984 2090 2076 2144 τὸν
2187 2108 2345 2151 σεως·
2405 2090 2516 2144 εἶτα
2573 2088 2664 2144 καὶ
2721 2090 2784 2144 τὸ
2815 2096 3021 2166 πατέρα
3075 2086 3223 2166 ἔχειν
3284 2090 3439 2146 αὐτὸν
3485 2090 3566 2145 καὶ
3593 2093 3771 2166 γράφειν

430 2177 778 2254 λυπούμενον
834 2185 1265 2255 προσποιεῖται,
1324 2179 1415 2234 καὶ
1474 2179 1661 2250 ἀξιοῖ,
1717 2180 1805 2234 καὶ
1863 2176 2082 2234 ἀπειλεῖ
2187 2177 2739 2257 προσεφιλοτιμεῖτο,
2799 2179 2856 2233 ’ὀν
2909 2178 3142 2250 ἐκεῖνος,
3196 2181 3272 2242 ὡς
3332 2179 3552 2256 λέγεται,
3603 2183 3776 2254 πρῶτος

420 1012 517 1068 ια’.
595 1012 785 1072 ’Ὀπως
879 1009 1074 1080 ἐξῆλθε
1157 1013 1287 1134 τοῦό
1350 1007 1748 1084 πατριαρχείου
1835 1008 1863 1061 ὁ
1941 1013 2060 1080 Γερ-

1152 1103 1252 1134 uav
1295 1101 1340 1134 ζ.

1151 1101 1340 1153 μανος.

495 1209 577 1280 [Ρ.
627 1207 755 1278 202]
814 1205 936 1273 Μὴν
1024 1204 1120 1276 μὲν
1205 1202 1511 1281 ἐφειστήκει
1566 1204 1692 1258 τότε
1743 1201 2066 1276 Γανμηλιὼν,

423 2379 571 2436 satis
599 2378 913 2434 habentem
943 2377 1082 2434 alibi
1114 2379 1266 2450 quod
1299 2383 1481 2446 curet,
1517 2378 1908 2450 plurimisque
1945 2382 2066 2435 tam

424 2468 806 2524 tumultuosis
839 2485 1015 2540 quam
1045 2467 1391 2524 necessariis
1424 2467 1666 2540 publicai
1698 2467 2072 2523 administra-

417 2557 596 2612 tionis
623 2557 834 2612 officiis
859 2556 1326 2612 districtum.His
1349 2557 1700 2611 renuntiatis
1734 2556 2068 2628 patriarcha

423 2645 661 2718 agnovit
690 2646 928 2701 tandem
961 2645 1101 2717 quid
1131 2644 1427 2718 princeps,
1463 2646 1898 2712 quantumlibet
1945 2647 2066 2700 dis-

422 2734 733 2800 simulans,
783 2740 1039 2807 cuperet.
1091 2739 1170 2790 Ac
1219 2743 1414 2790 certus
1466 2751 1580 2790 non
1630 2735 1904 2790 rcluctari
1949 2736 2068 2807 (va-

424 2840 558 2879 nam
592 2823 746 2879 enim
782 2828 838 2880 et
875 2823 1115 2879 stultam
1165 2828 1367 2878 contra
1415 2823 1768 2879 intellectam
1819 2824 2071 2894 impera-

423 2915 568 2970 toris
599 2913 960 2970 voluntatem
994 2914 1427 2969 contentionem
1461 2913 1605 2986 fore)
1636 2915 1706 2969 ad
1742 2913 2068 2969 cedendum

423 3001 820 3075 patriarchatu
854 3018 917 3058 se
945 3002 1216 3057 accinxit.

2177 2376 2443 2440 omnino,
2475 2384 2576 2432 aut
2606 2376 2894 2448 quidquid
2927 2378 3318 2452 contingeret,
3343 2380 3696 2436 remissurum
3721 2377 3775 2433 de

2177 2465 2606 2536 proposito,aut
2634 2465 2846 2520 iterum
2879 2466 3284 2523 admissurum
3313 2465 3684 2540 patriarchalis
3699 2480 3773 2521 ec-

2178 2553 2367 2609 clesiae
2399 2554 2686 2625 regimen,
2711 2553 2798 2609 vel
2831 2555 2881 2610 si
2913 2562 3379 2627 Augustus-sese
3409 2557 3476 2613 ad
3506 2557 3559 2612 id
3585 2556 3774 2626 adigere

2178 2643 2679 2700 conaretur.Tunc
2708 2644 3026 2713 imperator
3057 2645 3284 2701 habens
3306 2648 3428 2717 jam
3458 2646 3513 2700 in
3544 2645 3774 2700 manibus

2179 2734 2333 2806 quod
2355 2735 2507 2789 votis
2528 2734 2719 2790 tacitis
2743 2739 3198 2806 optarat,partes
3218 2741 3418 2793 tamen
3433 2735 3600 2794 semel
3613 2750 3772 2792 susce-

2183 2827 2312 2894 ptas
2343 2838 2512 2892 agere
2551 2823 2960 2892 perseveravit,
3012 2827 3394 2892 contendens,
3439 2825 3576 2880 citra
3614 2828 3772 2878 tamen

2179 2911 2490 2982 imperium
2513 2928 2578 2966 ac
2597 2911 2820 2978 vim,ne
2841 2913 2898 2967 in
2920 2914 3234 2969 recusandi
3257 2915 3497 2971 consilio
3519 2916 3774 2987 perstaret,

2181 3002 2529 3072 cunctisque
2540 3001 2805 3073 gestibus
2818 3017 2886 3057 ac
2901 3003 3087 3057 modis
3102 3019 3414 3074 personam
3429 3019 3570 3074 aegre
3583 2999 3776 3057 ferenti

2099 3129 2142 3194 Ο
2182 3090 2538 3161 exprimens,
2556 3105 2768 3145 aecum
2788 3089 2889 3145 diu
2908 3089 3053 3145 nihil
3075 3092 3407 3162 proficeret,
3430 3091 3589 3164 quasi
3602 3091 3778 3156 victus,

2180 3179 2251 3233 ad
2286 3180 2642 3249 propositum
2676 3184 2831 3234 certe
2862 3179 3258 3250 profitendum
3303 3182 3658 3236 verissimum
3701 3179 3778 3232 de-

2178 3268 2468 3323 scendens
2518 3282 2750 3339 semper
2791 3284 2918 3336 81118
2967 3269 3174 3324 eximie
3225 3271 3598 3342 impensaque
3633 3270 3778 3322 hono-

2179 3355 2365 3410 randi.
2399 3357 2562 3421 Quod
2594 3356 2834 3426 exsequi
2864 3357 3040 3427 cmpit
3069 3361 3202 3413 ante
3235 3360 3435 3414 omnia
3479 3356 3777 3414 benevolen-

2179 3444 2406 3500 tissime
2429 3445 2691 3516 roganda
2703 3444 2979 3500 Germani
3001 3448 3302 3503 sententia
3321 3448 3474 3503 circa
3487 3447 3778 3503 electionem

2181 3537 2539 3590 successoris
2560 3536 2893 3608 ejus,plane
2925 3553 3039 3607 prce
3064 3553 3128 3592 se
3159 3539 3402 3595 ferendo
3434 3542 3511 3608 (et
3537 3555 3598 3594 ω
3623 3537 3783 3592 videli-

2178 3629 2269 3680 cet
2295 3624 2423 3696 ipso
2454 3624 2713 3681 detinere
2742 3627 3139 3697 satagendo,ei
3173 3645 3296 3699 qua
3323 3629 3378 3684 ei
3405 3632 3714 3700 superesset
3735 3624 3779 3678 in

2179 3714 2373 3786 ipsum
2399 3713 2643 3768 offensio
2667 3719 2968 3785 penetrata
2991 3715 3785 3790 forsitaanugustiarcanavo-

2179 3800 2610 3872 luntate,cujus
2639 3808 2796 3858 esset
2825 3811 3092 3875 respectu
3120 3806 3190 3860 ad
3228 3807 3650 3862 abdicationem
3678 3819 3782 3858 coa-

2180 3896 2333 3958 ctus)
2355 3889 2486 3961 plan
2496 3891 3172 3963 e,inquam,declarando
3199 3910 3263 3950 se
3283 3895 3526 3952 omnino
3542 3895 3674 3950 velle
3691 3891 3785 3964 ple-

641 3143 731 3198 21.
771 3144 834 3200 [Ιι
867 3143 1168 3198 Germanus
1193 3141 1582 3214 patriai-chum
1612 3143 1852 3198 cesserit.

492 3267 710 3322 Mensis
731 3266 942 3322 inierat
964 3265 1326 3337 September,
1347 3270 1403 3320 et
1425 3265 1707 3337 agebatur
1725 3265 2068 3320 veneranda:

418 3356 610 3412 crucis
635 3355 1028 3426 festum,quod
1059 3353 1475 3409 Exaltationem
1500 3353 1890 3425 appellamus.
1918 3355 1978 3408 In
2001 3370 2070 3409 ea

420 3444 602 3500 sacris
637 3443 908 3498 ultimum
939 3443 1200 3498 vestibus
1235 3441 1500 3510 indutus,
1536 3443 1738 3514 sicque
1778 3444 2070 3497 celebrata

417 3532 610 3588 crucis
639 3531 1009 3597 exultatione,
1042 3548 1322 3602 sacraque
1352 3530 1464 3586 diei
1496 3533 1624 3601 ejus
1674 3530 1913 3602 liturgia
1962 3530 2070 3587 rite

420 3622 924 3690 functus,vespere
945 3619 1056 3674 sub
1083 3621 1493 3691 crepusculum
1519 3619 1889 3686 recedit,etin
1907 3637 2070 3688 suas,

421 3727 570 3783 quas
601 3710 711 3766 sibi
745 3711 814 3766 ad
849 3725 1010 3765 mare
1039 3708 1094 3764 in
1129 3708 1438 3780 Manganis
1467 3709 2070 3772 extruxerat,cellulas

421 3815 550 3856 sese
575 3799 858 3871 recipiens
881 3799 1076 3869 quiete
1101 3796 1217 3852 illic
1240 3797 1514 3869 deinceps
1536 3797 1727 3852 vivere
1740 3797 2068 3855 constituit.

420 3891 494 3946 At
524 3889 783 3945 diluculo
815 3893 1060 3962 posterae
1087 3887 1200 3942 diei
1227 3888 1430 3943 audita
1454 3904 1512 3942 re
1534 3888 1852 3959 imperator
1872 3890 2069 3944 statim

422 3979 632 4046 adfuit,
667 3996 783 4034 una
813 3993 944 4033 cum
977 3981 1184 4032 senatu
1233 3980 1290 4030 ct
1339 3976 1631 4047 episcopis
1682 3976 2075 4048 universoque

421 4069 558 4126 cleri
594 4083 927 4140 corpore,ac
960 4065 1156 4121 dolere
1187 4081 1249 4120 se
1281 4064 1570 4120 simulans
1601 4070 1730 4120 orat
1769 4070 1834 4120 ut
1879 4082 2072 4121 rever-

420 4163 598 4225 tatur,
648 4161 704 4213 et
734 4163 1076 4212 coacturum
1110 4171 1172 4210 se
1207 4155 1484 4224 minatur,
1519 4153 1632 4208 nisi
1666 4155 1940 4224 precibus
1971 4171 2073 4210 an-

420 4246 859 4318 nuat;denique
891 4245 1037 4299 nihil
1070 4246 1140 4299 ad
1176 4261 1406 4299 omnem
1437 4243 1555 4299 veri
1589 4243 1769 4298 studii
1803 4243 2073 4299 volunta-

418 4339 612 4408 tisque
637 4336 1123 4408 significationem
1157 4333 1268 4389 sibi
1302 4335 1438 4388 facit
1469 4332 1701 4403 reliqui,
1751 4333 2070 4403 quominus
2179 4334 2282 4390 tali
2305 4333 2676 4406 titulo,quem
2700 4335 3160 4406 splendidiorem
3186 4338 3438 4394 faciebat
3458 4339 3785 4397 attributum,

420 4444 488 4484 ex
519 4427 714 4482 animo
746 4441 958 4496 cupere
989 4440 1422 4496 procurareque
1452 4421 1598 4477 velle
1630 4426 1936 4493 putaretur
1977 4439 2072 4477 re-
2104 4497 2124 4498 ί
2182 4428 2246 4478 ut
2277 4424 2590 4492 ferebatur,
2622 4441 2655 4479 a
2676 4424 2964 4480 Germano
2989 4425 3177 4496 primo
3199 4428 3468 4483 omnium
3489 4421 3785 4498 imperatori

421 4517 607 4574 ditum
641 4519 767 4588 ejus
799 4516 872 4572 ad
905 4515 1298 4570 thronum.Ad
1334 4530 1401 4569 ea
1421 4516 1912 4578 Germanus,cum
1937 4517 2066 4569 Cre-
2098 4497 2142 4560 D
2173 4512 2494 4584 gloriosum
2525 4529 2849 4584 cognomen
2878 4515 3012 4569 novi
3041 4517 3418 4573 Constantini
3450 4534 3462 4573 :
3496 4497 3627 4588 quid
3655 4513 3782 4569 enim

420 4610 597 4672 tensi,
632 4613 696 4662 ut
724 4608 959 4675 dicitur,
987 4606 1292 4674 cretizans,
1325 4612 1377 4660 et
1409 4605 1466 4659 in
1499 4603 1871 4659 simulatione
1901 4603 2068 4675 igno-
2180 4601 2374 4671 majus
2407 4602 2587 4656 videri
2621 4607 2846 4672 poterat
2876 4619 3053 4675 quam
3101 4605 3159 4659 in
3211 4607 3400 4678 patris
3449 4606 3698 4661 affectum
3740 4605 3785 4656 et

421 4700 590 4756 randi
608 4697 1142 4754 mentemintimam
1159 4696 1440 4767 principis
1453 4694 1716 4767 gnaviter
1728 4695 2069 4766 persistens,
2179 4691 2588 4746 auctoritatem
2613 4707 2647 4746 a
2669 4707 2816 4747 novo
2839 4694 3224 4749 Constantino
3247 4694 3498 4767 suscipi?
3518 4693 3624 4750 Nec
3644 4690 3786 4748 omit-

425 4788 713 4861 plurimas
745 4803 807 4842 se
845 4785 1191 4857 benignitati
1224 4786 1353 4855 ejus
1385 4788 1559 4839 tanta:
1591 4788 1648 4838 et
1671 4799 1841 4855 agere
1862 4782 1987 4853 jam
2016 4788 2072 4837 et
2179 4786 2292 4834 tam
2327 4779 2724 4851 qualicunque
2757 4781 3062 4838 occasione
3093 4783 3166 4839 de
3195 4783 3310 4840 ista
3361 4781 3784 4839 nomenclatione

423 4872 1814 4948 deincepssemperhabiturumreferrequehaud
1833 4877 2068 4927 cuncta-
2177 4869 2467 4940 explicare
2497 4868 2717 4941 aliquid
2751 4871 3262 4944 distinctius.Ejus
3292 4875 3556 4930 inventor
3582 4871 3782 4944 quidem

422 4965 750 5030 turum,ubi
777 4968 991 5036 posset,
1007 4963 1224 5034 gratias
1249 4962 1548 5033 respondit
1577 4979 1589 5017 :
1616 4961 1770 5016 800
1795 4965 2068 5017 caeterum
2177 4963 2233 5013 et
2259 4958 2486 5030 primus
2517 4958 2724 5014 artifex
2754 4959 3086 5016 Germanus
3118 4961 3374 5030 fuit,sua
3398 4963 3636 5033 quadam
3665 4959 3714 5012 in
3738 4955 3781 5009 id

422 5055 588 5112 senio
619 5071 680 5110 se
713 5058 768 5108 et
799 5052 1141 5107 infirmitate
1172 5053 1444 5115 fractum,
1479 5050 1734 5122 indeque
1784 5050 2067 5121 imparem
2175 5047 2626 5117 excogitandum
2651 5055 2956 5118 provectus
2981 5051 3180 5106 innata
3200 5050 3398 5106 indole
3431 5045 3782 5121 obsequiosis-

417 5145 581 5200 oneri
615 5147 787 5199 tanta:
819 5141 1375 5206 administrationis,
1399 5141 1466 5195 ad
1504 5139 1896 5194 libentissime
1926 5142 2070 5194 dan.
2176 5137 2324 5192 sime
2353 5137 2722 5207 gratificandi
2755 5139 3401 5212 regnantibus.Excepit
3421 5146 3604 5195 autem
3628 5139 3781 5206 impe—

417 5236 553 5290 dam
579 5233 687 5288 rite
709 5237 1048 5304 conceptam
1075 5231 1397 5286 cessionem
1413 5227 2070 5299 Constantinopolitanae
2178 5232 2338 5282 rator
2357 5243 2468 5281 non
2493 5232 2558 5282 ut
2579 5225 2832 5298 elogium
2852 5232 3070 5284 temere
3093 5229 3482 5296 delatum,sed
3505 5233 3564 5284 ut
3583 5227 3709 5284 σοι
3735 5221 3779 5277 id

418 5327 575 5383 sedis
607 5329 940 5397 promptum
969 5327 1358 5394 paratumque
1389 5335 1794 5390 esse,eamque
1824 5323 1888 5373 ut
1920 5317 2068 5374 acci-
2177 5315 2233 5370 in
2263 5333 2378 5386 quo
2403 5317 2652 5387 perspici
2677 5318 3151 5388 gauderetquam
3169 5319 3276 5374 sibi
3294 5333 3626 5374 nonvanum
3642 5327 3780 5370 omen

420 5420 627 5488 perent
648 5430 851 5485 rogare
873 5413 1289 5484 imperatorem
1315 5417 1367 5466 et
1391 5413 1709 5481 praesentes
1741 5407 2064 5478 episcopos.
2177 5405 2386 5460 fuisset
2416 5404 2726 5460 domestici
2756 5405 2970 5462 veteris
2999 5408 3312 5477 cujusdam
3339 5406 3690 5481 augurii,quo
3715 5414 3781 5465 se,

420 5504 610 5560 Simul
643 5519 711 5558 ea
739 5503 940 5558 dicens
969 5501 1246 5570 scriptam
1279 5497 1562 5554 cessionis
1591 5494 1902 5551 formulam
1936 5512 2067 5568 pcr-
2177 5499 2243 5548 ut
2273 5492 2907 5559 aiebat,recordabatur
2934 5495 3386 5553 Constantinum
3419 5513 3452 5553 a
3481 5492 3774 5568 parentibus

423 5591 851 5663 rexit,graviter
880 5588 1116 5646 edicens
1145 5605 1216 5646 ne
1243 5591 1543 5659 sperarent
1573 5585 1978 5658 acquieturum
2005 5601 2066 5642 se
2174 5582 2417 5640 vocitari
2450 5583 2764 5655 puerulum
2797 5584 3065 5643 solitum.
3120 5590 3268 5643 Sunt
3312 5590 3504 5644 tamen
3548 5583 3639 5657 qui
3679 5591 3772 5636 non

2182 3994 2325 4034 num
2377 3979 2428 4033 ei
2488 3979 2796 4034 arbitrium
2859 3981 3080 4036 servari
3138 3983 3296 4039 circa
3353 3982 3631 4039 delectum
3681 3977 3785 4036 novi

2181 4067 2548 4139 patriarchae.
2598 4069 2837 4124 Addidit
2891 4070 3036 4140 quin
3088 4071 3265 4126 etiam
3325 4088 3391 4128 se
3438 4072 3609 4144 patris
3651 4069 3787 4125 dein-

2182 4172 2318 4228 ceps
2377 4155 2503 4212 loco
2561 4156 2759 4228 ipsum
2818 4158 3034 4214 habere
3087 4160 3436 4228 decrevisse,
3490 4158 3787 4217 celebravit-

2182 4262 2295 4317 que
2327 4247 2504 4301 istum
2537 4246 2818 4302 honorem
2872 4248 3109 4319 scriptis
3158 4249 3208 4305 ei
3260 4251 3569 4307 ambitiose
3612 4245 3787 4304 litteris

2177 841 2276 896 οὐκ
2306 837 2490 911 ὤκνει,
2542 840 2702 896 αὐτὸν
2764 839 2810 895 δ’
2870 841 3005 895 εἶναι
3046 844 3191 916 γήρᾳ
3246 847 3661 917 κατειργασμένον
3684 849 3751 902 καὶ
3827 847 3830 850 ’

3927 3131 3932 3154 l

3923 3173 3933 3284 ἐ

3925 3297 3932 3342 l
