4018 6198
216 322 321 379 ’749

1280 330 1378 383 DE
1412 327 1785 383 MICHAELE
1824 325 2271 385 PALBOLOGO
2306 328 2439 383 LIB.
2480 330 2579 382 IV.

3524 336 3634 394 750

216 454 323 504 τῶν
378 446 570 505 ἄλλων
596 450 715 505 νέον
776 451 1181 507 Κωνσταντῖνον
1214 454 1561 529 προσεπευφή
1575 472 1684 524 μει.
1716 450 1781 506 Τί
1813 448 1871 504 δὲ
1898 463 1951 528 Α
1983 455 2233 525 προνοεῖν
2287 452 2538 525 περιττὸν
2597 450 2781 515 ἄλλως
2810 454 2901 507 καὶ
2941 454 3039 510 οὐκ
3068 454 3355 533 ἀναγκαῖον
3384 463 3501 524 τοῖς
3533 465 3624 519 καὶ

220 545 405 612 μεῖζον
458 542 591 594 εἶναι
644 545 740 594 τοῦ
799 542 872 602 εἷς
929 540 1133 617 πατέρα
1184 544 1444 616 τετάχθαι
1477 547 1556 613 τῷ
1586 543 1691 612 νέῳ
1723 548 1869 594 Κων-

216 630 480 703 σταντίνῳ
509 632 599 684 καὶ
654 630 900 705 βατιλεῖ;
960 632 1039 687 Τὰ
1098 634 1201 705 γάρ
1262 632 1385 705 περὶ
1436 631 1633 685 τούτου
1665 630 1870 685 πλατο·-

214 724 320 780 κῶς
381 720 576 787 εἰπεῖν,
636 719 782 791 ἔταξε
837 722 931 792 μὲν
986 722 1261 794 Γερμανὸς
1294 725 1512 794 πρῶτος
1543 725 1621 790 τῷ
1656 720 1872 795 βασιλεῖ

214 808 607 882 χαριζόμενος,
643 812 762 869 οἷος
813 808 1015 870 ἐκεῖνος
1074 811 1173 877 τὴν
1230 811 1364 883 πρὸς
1416 808 1541 869 τοὺς
1600 807 1869 881 ἄρχοντας

214 897 528 971 θεραπείαν,
565 895 989 969 ὗπεραπεδὲξατο
1023 896 1080 952 δὲ
1108 900 1196 952 καὶ
1234 898 1487 973 βασιλεὺς
1521 898 1593 957 ὡς
1629 899 1711 969 [Ρ.
1744 900 1871 966 203]

214 986 324 1060 οὐχ
356 986 551 1049 ἀπλως
582 982 913 1058 συμϐάντος,
946 985 1073 1041 ἀλλ’
1126 986 1207 1042 ὅτι
1240 987 1371 1041 ποτὲ
1402 986 1657 1056 νηπιόοεν
1718 992 1871 1040 Κων-

214 1081 506 1135 σταντῖνος
538 1077 684 1147 παρὰ
727 1076 999 1149 πατέρων,
1060 1078 1137 1137 ὡς
1195 1073 1399 1150 ἔλεγεν,
1453 1073 1642 1144 ἤκουε.
1693 1076 1759 1130 0".
1818 1072 1875 1128 δὶ

212 1164 483 1231 διανουήλ
543 1164 814 1238 λέγουσιν·
866 1166 895 1219 ’ὁ
946 1166 1033 1219 καὶ
1064 1165 1470 1239 ἀληθικώτερον
1506 1164 1663 1237 οἶμαι
1698 1162 1785 1217 διὰ
1813 1164 1874 1217 τὸ

212 1255 343 1327 παρ’
402 1254 535 1307 αὐτὸ
593 1249 993 1329 προφοίϐασμα
1050 1254 1409 1328 ίσαριθμῆσον
1466 1252 1533 1307 τὰ
1593 1254 1761 1325 μὲτρα
1810 1251 1877 1305 τὰ

208 1346 312 1395 τοῦ
366 1343 509 1416 βίου,
571 1349 669 1410 τῆς
718 1342 971 1413 κλήσεώς
1000 1344 1058 1397 τε
1091 1364 1235 1416 φημι
1264 1343 1353 1397 καὶ
1380 1340 1770 1412 τοὺπωνῦμου.
1804 1342 1875 1395 ’⁷0

210 1429 279 1498 δὴ
317 1432 407 1485 καί
441 1453 587 1495 τινας
618 1429 884 1509 ἕσφαΛΛεν
920 1431 1179 1493 ίστῶντας
1242 1431 1372 1493 τοὺς
1417 1431 1675 1505 γρόνους,
1708 1428 1761 1490 ἐς
1790 1426 1874 1483 δε-

210 1522 446 1574 καεπτά.
510 1521 587 1576 Τὸ
639 1521 738 1594 γὰρ
805 1520 1191 1593 ΙΙαλαιολόγος
1248 1518 1477 1595 Μιχαὴλ
1540 1522 1786 1594 στοιχεῖα
1838 1518 1878 1587 ζ’

213 1609 394 1683 φέρει.
457 1607 855 1679 Προσνείμενον
908 1607 965 1663 δὲ
1010 1610 1072 1663 τὸ
1103 1608 1366 1677 Μανουήλ
1396 1609 1486 1662 τὸν
1516 1607 1880 1681 εἷκοσιτὲταρ-

208 1720 311 1753 τον
342 1705 445 1766 τῆς
506 1697 784 1773 βασιλείας
835 1701 1037 1773 γρόνον
1094 1697 1371 1769 ἐδήλωσεν
1424 1702 1693 1774 ἄντικρυς.
1744 1697 1879 1751 Τότε

1977 540 2065 592 τὸν
2132 539 2255 601 τοὺς
2316 540 2570 603 νεοσσοὺς
2623 547 2729 596 τῶν
2788 543 3034 618 κοράκων
3092 546 3359 623 τρέφοντα
3405 546 3618 625 ἔχουσι.

1978 627 2131 697 Πλὴν
2166 627 2310 683 ἀλλά
2365 630 2453 683 καὶ
2512 632 2544 699 ἡ
2606 630 2711 703 ἐμὴ
2772 630 3031 700 ἐκκλησία
3088 658 3116 686 ››
3162 634 3388 707 (ἐδήλου
3421 636 3478 693 δὲ
3518 643 3617 710 τήν

1979 716 2459 792 Ἀδριανούπολιν)
2519 745 2546 771 ‹‹
2604 721 2694 774 τὸν
2768 721 2899 793 ἐμὸν
2973 721 3231 799 ἅρχιερὲα
3287 726 3623 800 πλουτοῦσα,

1980 801 2096 880 ἔχει
2146 810 2359 881 τρέφειν
2409 809 2497 863 καὶ
2529 807 2713 886 ἄμφω,
2746 812 2956 884 σύναιμα
3012 813 3099 867 καὶ
3157 821 3626 894 Θεῷιχορηγοῦν-

1979 917 2051 949 τι.
2085 919 2112 946 )›
2147 900 2321 951 Ταῦτα
2383 899 2477 969 μὶν
2532 899 2621 951 οὖν
2653 899 2776 954 τότε
2804 901 2830 953 ὁ
2886 903 3157 973 Γερμανὸς
3206 905 3293 959 ἐπὶ
3352 913 3481 960 πᾶσι
3511 914 3631 972 τοῖς

1981 980 2347 1057 προϐληθεῖσι
2393 986 2834 1059 παραιτούμενος
2882 987 3083 1065 ἔλεγεν.
3128 992 3226 1049 Ἠν
3282 992 3328 1047 δ’
3358 996 3417 1049 ’ὀν
3450 994 3629 1072 ἔλεγεν

1985 1074 2175 1127 ἑαυτοῦ
2226 1079 2292 1147 τῇ
2354 1073 2809 1148 Ἀδριανουπόλει
2843 1077 3281 1154 ἐπικηρυχθέντα
3325 1087 3439 1155 μετ’
3468 1085 3628 1140 αὐτὸν

1985 1164 2111 1235 παρ’
2144 1162 2310 1217 αὐτοῦ
2342 1163 2369 1217 ὁ
2402 1165 2619 1237 ἀνεψιὸς
2667 1165 2871 1220 ἐκείνου
2928 1168 3196 1242 Βαρλαὰμ
3251 1170 3346 1225 εἶτ’
3395 1173 3490 1226 οὖν
3544 1180 3637 1229 Βα-

1986 1249 2211 1316 σίλειος,
2245 1252 2305 1314 ὃς
2334 1254 2468 1328 πρὸς
2506 1256 2599 1325 μὲν
2623 1254 2690 1308 τὰ
2719 1253 2797 1317 εἷς
2834 1260 3203 1327 πνευματικὴν
3235 1257 3514 1315 πολιτείαν
3542 1262 3632 1317 καὶ

1987 1338 2106 1394 λίαν
2137 1339 2356 1413 ἀμελῶς
2389 1342 2532 1417 εἶχεν
2543 1387 2556 1401 .

1986 1500 2092 1573 κβ’.
2148 1502 2271 1569 Περὶ
2325 1506 2422 1555 τοῦ
2478 1500 2992 1629 νιΔδριιπέιουΞτόλεως
3046 1505 3329 1562 Βασιλείου
3382 1506 3478 1564 εἴτ’
3536 1508 3627 1565 οὖν

2706 1595 2770 1629 ao
2816 1596 2949 1629 ααυ..

2706 1595 2949 1650 αρΛααμ.

2057 1701 2143 1771 [Α.
2172 1701 2299 1771 204]
2329 1697 2553 1761 Ἀλλως
2585 1698 2642 1755 δὲ
2698 1700 3040 1778 φιλόκοσμος
3072 1701 3146 1757 ὣν
3172 1702 3367 1767 ’ίπποις
3398 1707 3627 1783 ἐχρῆτο,

205 1792 348 1861 γοῦν
409 1788 501 1841 καὶ
534 1787 653 1861 περῖ
686 1794 784 1855 τῆς
838 1788 959 1842 κατ’
1018 1788 1221 1843 ἐκεῖνον
1265 1792 1710 1862 προσκοποῦντες
1740 1805 1875 1855 προ·
1909 1830 1954 1894 Β
1987 1782 2097 1841 ἔστι
2130 1785 2174 1841 δ’
2210 1789 2297 1841 ὅτε
2352 1790 2443 1843 καὶ
2492 1788 2715 1853 ὅπλοις,
2762 1792 2851 1845 καὶ
2908 1793 3426 1869 προσεφιλοτιμεῖτο
3456 1782 3633 1869 ὁμόσε

287 1878 299 1893 .
500 1878 512 1894 ,
684 1877 696 1894 ,
782 1875 861 1894 ,χι
1326 1877 1384 1894 εκ
1488 1879 1498 1894 .
1722 1877 1812 1894 νλ.
2052 1883 2069 1892 -
2232 1876 2251 1894 ς
2349 1878 2359 1894 ρ
2612 1884 2637 1894 -
2732 1880 2956 1894 ...-...-
3135 1882 3246 1894 ..-_
3463 1887 3474 1894 .
3604 1892 3627 1894 μ

205 1878 368 1938 νοίας
423 1878 512 1930 καί
545 1898 607 1949 γε
640 1877 742 1930 οὐκ
772 1875 931 1950 ὀλίγα
970 1877 1623 1952 προσεπαγγελλομένου,
1664 1901 1690 1925 ‹‹
1722 1877 1876 1947 Ὀψε-

203 1988 305 2021 ται
364 1966 495 2026 Θεὸς
524 1968 616 2020 τὸν
646 1965 721 2027 εἷς
749 1966 811 2019 τὸ
842 1967 1153 2039 ποιμαίνειν
1195 1967 1459 2042 αὐτάρκη,
1511 1966 1647 2041 πρὸς
1699 1962 1756 2019 δὲ
1786 1964 1873 2019 καὶ

211 2054 650 2127 συνεπιλήψεταί
702 2055 755 2107 οἱ
812 2059 918 2109 τῶν
952 2057 1111 2129 ἱερῶν
1162 2059 1455 2129 μεριμνῶν.
1493 2055 1562 2108 Τὸ
1588 2052 1640 2107 δ’
1673 2053 1748 2114 εἷς
1779 2073 1876 2107 πα-

205 2145 348 2219 τέρα
375 2143 637 2217 τετάχθαι
687 2148 768 2214 τῷ
820 2142 1034 2217 βασιλεῖ
1071 2145 1209 2217 μέγα
1264 2144 1354 2215 μὲν
1406 2143 1494 2197 καὶ
1551 2140 1737 2202 ἄλλως
1796 2162 1877 2195 σι-

210 2233 375 2305 μνόν·
436 2232 583 2301 πλὴν
619 2231 675 2286 ὅν
708 2232 796 2286 καὶ
830 2232 961 2293 Θεὸς
994 2231 1069 2295 εἰς
1097 2232 1363 2295 υἱοθεσίαν
1405 2226 1868 2307 προσεπελάϐετο,

204 2322 295 2383 τίς
349 2322 533 2383 ἱκανὸς
591 2321 667 2384 εἰς
722 2319 929 2393 πατέρα
980 2321 1280 2391 κεκλῆσθαι
1334 2321 1540 2393 τούτῳ,
1594 2319 1639 2373 εί
1701 2320 1775 2391 μὴ
1809 2319 1868 2373 ’ὸν

209 2412 428 2473 ὲκεῖνος
490 2412 585 2483 μὲν
652 2406 819 2483 μόνος
850 2409 993 2480 ἄξιον
1025 2409 1098 2471 εἷς
1139 2411 1239 2478 τήν
1271 2409 1615 2485 ἐπιτροπείαν
1647 2412 1823 2483 κρινεῖ
1853 2427 1866 2477 ;

199 2502 269 2555 τὸ
338 2500 523 2573 μεντοι
582 2520 646 2574 γε
700 2500 809 2554 τῶν
868 2499 1170 2574 ἀναγκαίων
1225 2497 1667 2575 προμηθεύεσθαί
1696 2519 1747 2552 τι
1774 2496 1864 2551 καὶ

210 2717 698 2787 Constantinum,
750 2717 849 2772 sed
880 2716 1210 2772 Manualem
1262 2715 1624 2788 appellatum
1668 2714 1727 2769 ln
1774 2713 1864 2768 in-

209 2808 408 2863 fantia
474 2806 815 2861 Michaelem
887 2805 1272 2876 Palaologum
1342 2804 1730 2877 prodiderint.
1803 2802 1864 2857 Id

211 2897 377 2969 quod
423 2895 695 2966 equidem
740 2900 881 2965 puto
909 2895 1131 2965 verius,
1172 2894 1327 2966 quod
1370 2893 1453 2949 sic
1483 2898 1689 2949 eventu
1734 2907 1868 2962 per-

208 2988 517 3058 petratum
548 2988 827 3055 appareat
860 2982 1189 3054 auspicium
1220 3000 1512 3039 enumero
1537 2982 1865 3036 litterarum

203 3077 347 3145 ejus
367 3073 877 3129 nominisductum
900 3074 966 3126 ad
988 3072 1663 3144 pradostinatumipsius
1688 3071 1867 3141 impe-

205 3166 304 3220 rio
327 3163 613 3235 temporis
634 3161 881 3233 spatium
906 3162 1309 3217 indicandum.
1336 3161 1481 3218 Nam
1511 3160 1559 3215 is
1579 3177 1862 3215 numerus
1897 3143 1936 3210 C

205 3258 363 3311 tunc
395 3258 625 3308 tantum
660 3270 789 3307 cum
836 3268 1077 3306 numero
1107 3267 1395 3305 annorum
1429 3250 1642 3319 quibus
1674 3250 1863 3320 impe-

204 3347 369 3399 ravit
416 3344 700 3406 convenit,
752 3357 885 3394 cum
937 3358 1051 3395 non
1097 3340 1221 3394 sola
1262 3340 1379 3394 veri
1413 3342 1539 3408 ejus
1584 3339 1862 3407 nominis,

201 3436 316 3491 sed
352 3438 636 3507 praeterea
667 3433 1036 3503 cognominis
1072 3432 1245 3487 istius
1276 3430 1562 3486 elementa
1597 3431 1655 3484 in
1690 3447 1863 3484 unam

205 3525 782 3580 conflatasummam
804 3522 1040 3577 fuerint.
1066 3521 1211 3576 Nam
1234 3520 1369 3574 inde
1391 3523 1661 3591 deceptos
1686 3536 1865 3592 quos-

208 3617 358 3669 dam
393 3613 687 3675 novimus,
712 3611 809 3681 qui
831 3616 1216 3681 regnaturum
1244 3610 1400 3663 bunc
1426 3608 1745 3679 principem
1773 3625 1871 3662 an-

204 3704 315 3758 nis
346 3704 633 3757 duntaxat
665 3702 1080 3770 septemdecim
1113 3704 1582 3762 autumaverant,
1614 3715 1680 3752 eo
1713 3698 1868 3768 quod

207 3806 439 3848 nomen
477 3792 583 3845 hoc
613 3788 857 3844 Michael
885 3788 1240 3859 Palaologus
1264 3787 1504 3841 totidem
1528 3790 1753 3840 constet
1776 3785 1869 3840 lit-

206 3883 392 3944 teris,
427 3896 541 3933 non
558 3879 1090 3932 animadvertentes
1110 3877 1552 3947 adjungendum
1567 3875 1705 3929 huic
1729 3874 1871 3929 fuis-

206 3988 277 4026 se
296 3972 754 4039 cognomentum
779 3964 1086 4031 Manuelis,
1107 3966 1277 4035 cujus
1299 3963 1603 4018 elementis
1618 3963 1687 4017 ad
1713 3962 1872 4033 prio-

208 4077 279 4115 ra
301 4055 728 4129 septemdecim
746 4053 961 4109 additis
979 4069 1259 4107 numerus
1274 4051 1872 4122 absolveturqustuor

204 4153 270 4202 et
298 4144 525 4215 viginti,
552 4142 877 4215 quotannis
899 4141 1080 4195 fuisse
1098 4141 1268 4195 illum
1288 4141 1711 4210 imperaturum
1730 4155 1869 4193 even

203 4242 275 4291 ta
306 4236 812 4288 demonstrarunt.
834 4234 996 4285 Tunc
1019 4229 1201 4301 igitur
1217 4244 1349 4284 cum
1383 4233 1657 4299 praterea
1684 4228 1869 4298 impe-

200 4326 383 4377 rator
413 4320 813 4374 effunderetur
842 4319 901 4372 in
933 4332 1167 4371 omnem
1202 4314 1693 4386 signiﬁcationem
1727 4315 1869 4369 libe-

210 4410 372 4467 ralis
404 4408 843 4475 beuevolentia,
868 4407 1022 4461 ultro
1048 4405 1371 4477 pollicendo
1389 4420 1601 4459 census
1618 4420 1867 4471 annuos,

1984 1883 2103 1937 τοῖς
2154 1876 2445 1949 πολεμίοις
2480 1884 2703 1954 χωρῶν.
2732 1882 2898 1935 Ταῦτ’
2928 1880 3030 1953 ἄρα
3066 1882 3151 1936 καὶ
3187 1889 3387 1951 ζῶντος
3422 1887 3517 1957 μὲν
3536 1892 3633 1941 τοῦ

1986 1966 2133 2024 θείου
2182 1965 2235 2019 ἐν
2295 1969 2623 2043 καταγνώσει
2684 1974 2850 2023 ταῦτα
2888 1971 3139 2045 πράττων
3191 1975 3629 2048 συνεγινώσκετο.

1985 2049 2203 2128 ὕστερον
2230 2052 2287 2108 δὲ
2313 2056 2401 2109 καὶ
2448 2054 2633 2111 ἄλλων
2666 2054 3101 2131 προστριϐἑντων
3130 2060 3276 2132 αὐτῷ
3315 2083 3631 2138 κατηγορη-

1988 2145 2193 2215 μάτων,
2226 2148 2322 2198 τοῦ
2354 2146 2609 2218 γέροντος
2664 2146 3121 2220 μεταλλάξαντος,
3184 2149 3298 2204 ἐπεὶ
3332 2152 3408 2214 εἰς
3454 2154 3628 2228 κρίσιν

1981 2232 2324 2303 καλούμενος
2358 2232 2443 2286 ἐπὶ
2475 2233 2717 2298 πολλαῖς
2761 2237 2996 2309 ἡμέραις
3024 2238 3116 2291 τὸν
3150 2237 3452 2309 ἐπίληπτον
3504 2244 3629 2298 ὑπε-

1977 2320 2189 2393 κρίνετο
2220 2322 2296 2382 ὡς
2327 2328 2744 2397 προσποιεῖσθαι
2803 2323 2971 2397 μηδὲν
3023 2330 3131 2381 τῶν
3192 2331 3311 2392 καθ’
3361 2329 3520 2385 αὐτὸν
3554 2330 3629 2385 εί-

1980 2406 2147 2480 δὲναι,
2179 2408 2337 2471 τέλος
2396 2410 2649 2487 ὑφίστατο
2678 2413 2776 2481 τήν
2828 2414 2933 2467 ἀπὸ
2965 2421 3065 2482 τῆς
3125 2414 3351 2471 συνόδου
3380 2420 3627 2492 καθαίρε-

1978 2519 2081 2557 σιν,
2138 2500 2242 2553 Καὶ
2271 2498 2425 2561 εὐθὺς
2488 2502 2604 2573 μεθ’
2660 2503 2873 2576 ἡμέρας
2906 2503 2934 2557 ὁ
2976 2501 3163 2566 ἐκστὰς
3193 2502 3350 2575 δῆθεν
3379 2503 3625 2585 ἔμφρων,

1976 2713 2259 2769 visionem
2287 2714 2494 2784 victus,
2522 2717 2719 2773 minus
2742 2734 2870 2774 eam
2896 2720 3043 2775 duco
3064 2722 3628 2791 necessariam,eum

1978 2802 2182 2873 utique
2215 2805 2523 2861 nutritium
2557 2805 2911 2863 habentibus
2945 2810 3043 2880 qui
3069 2810 3256 2880 pascit
3283 2811 3476 2882 pullos
3502 2829 3634 2868 cor-

1976 2906 2201 2946 vorum.
2242 2896 2522 2949 Caeterum
2555 2900 2611 2949 et
2644 2912 2773 2951 mea
2799 2898 2952 2953 ειη
2977 2898 3223 2953 ecclesia
3246 2899 3635 2971 (Adrianopo-

1978 2980 2220 3036 litanam
2254 2983 2619 3054 designabat)
2652 2984 2930 3057 illiquem
2964 2986 3014 3041 ei
3037 2987 3359 3044 domestica
3377 2988 3634 3046 mihine-

1977 3070 2333 3125 cessitudine
2354 3072 2667 3127 obnoxium
2687 3074 3011 3129 antistitem
3036 3076 3284 3146 prafeci,
3309 3094 3406 3132 eas
3430 3079 3628 3148 copias

1977 3160 2311 3231 suppeditat
2333 3178 2460 3231 qua
2492 3163 2563 3217 ad
2580 3179 2686 3218 nos
2716 3180 2880 3235 aque
2905 3166 3107 3220 ambos
3129 3165 3370 3221 alendos
3393 3167 3626 3224 abunde

1977 3249 2117 3303 sint.
2149 3248 2305 3304 'l'alis
2336 3254 2477 3305 tunc
2508 3251 2908 3307 Germanifuit
2932 3254 3133 3321 oratio,
3160 3270 3288 3325 qua
3312 3255 3421 3326 ipsi
3446 3256 3621 3309 obtu-

1978 3338 2123 3392 lerat
2158 3339 2477 3409 imperator
2508 3356 2789 3410 generose
2813 3343 3160 3398 recusantis.
3195 3343 3327 3398 Fuit
3350 3347 3542 3398 autem
3567 3345 3617 3401 is

1978 3444 2152 3497 quem
2185 3427 2331 3482 dixit
2361 3445 2394 3482 a
2424 3446 2483 3483 se
2501 3429 2591 3483 sui
2610 3429 2735 3484 loco
2760 3431 3136 3501 praepositum
3164 3432 3430 3488 Ecclesia
3448 3433 3619 3487 Adri-

1977 3517 2382 3586 anopolitana,
2401 3518 2587 3588 ipsius
2604 3535 2670 3572 ex
2685 3520 2861 3574 fratre
2877 3520 2960 3573 vel
2980 3536 3175 3575 sorore
3192 3520 3478 3587 Barlaam,
3505 3520 3619 3576 alio

1978 3606 2214 3659 nomine
2248 3606 2495 3661 Basilius
2553 3608 2770 3675 dictus,
2802 3625 3002 3663 eorum
3038 3626 3166 3681 qua
3184 3611 3253 3663 ad
3280 3609 3624 3679 religionem

1981 3700 2038 3747 et
2085 3710 2312 3749 sacram
2345 3695 2721 3765 disciplinam
2767 3696 3141 3766 pertinebant
3170 3698 3489 3752 admodum
3524 3713 3625 3753 ne~

1981 3782 2229 3853 gligens.

1978 3876 2066 3928 22.
2102 3873 2174 3926 De
2218 3887 2462 3941 episcopo
2495 3871 2918 3943 Adrianopoleos
2948 3875 3153 3928 Basilio
3177 3875 3294 3929 sive
3334 3876 3622 3930 Barlaam.

2049 3965 2333 4016 Caeterum
2368 3960 2561 4014 decori
2596 3960 2792 4015 cultus
2821 3962 3122 4016 studiosus
3152 3964 3321 4032 equis
3349 3964 3624 4018 utebatur

1978 4050 2275 4104 interdum
2300 4054 2356 4103 et
2397 4049 2600 4113 armis,
2622 4050 2676 4102 in
2708 4065 2823 4119 quo
2845 4050 3021 4104 etiam
3046 4051 3355 4105 ambitiose
3372 4066 3620 4121 genero-

1980 4140 2206 4194 sitatem
2226 4142 2519 4192 ostentare
2534 4138 2787 4205 amabat,
2804 4139 3072 4193 cominus
3088 4140 3468 4210 congrediens
3481 4157 3615 4197 cum

1980 4227 2269 4282 hostibus.
2304 4227 2371 4280 Et
2402 4226 2521 4280 hac
2545 4226 2916 4296 quidemjam
2942 4233 3067 4282 tum
3111 4233 3322 4299 patruo
3370 4229 3620 4300 vivente,

1979 4316 2409 4389 parvipendens
2451 4316 2579 4384 ejus
2615 4321 2911 4386 utcunque
2944 4318 3301 4373 contrarium
3334 4318 3420 4373 vel
3456 4319 3619 4389 judi-

1980 4409 2131 4461 cium
2162 4405 2249 4459 vel
2282 4404 2639 4475 exemplum,
2673 4404 2865 4475 palam
2900 4406 3136 4462 actitare
3165 4424 3298 4462 cum
3331 4412 3621 4477 cernatur,

207 4504 664 4573 proventusque
692 4495 980 4567 copiosos,
1015 4496 1086 4549 ad
1120 4511 1186 4549 ea
1218 4493 1395 4548 simul
1419 4494 1617 4547 omnia
1639 4492 1871 4547 Germa-
1916 4512 1961 4576 D
1993 4495 2233 4563 impune
2263 4493 2419 4559 tulit,
2443 4494 2672 4548 veniam
2698 4494 2943 4563 juvenili
2966 4494 3181 4550 levitati
3202 4496 3394 4567 gravis
3417 4505 3468 4551 et
3490 4513 3627 4567 gra-

202 4605 338 4645 nus
373 4586 677 4658 respondit
696 4584 751 4638 in
776 4584 931 4639 hunc
954 4583 1192 4638 modum
1215 4600 1226 4636 :
1246 4582 1406 4644 Quod
1430 4581 1679 4650 primum
1701 4582 1887 4635 defers

205 4682 285 4733 ut
318 4691 723 4732 successorem
778 4689 975 4727 meum
1008 4673 1333 4735 nominem,
1366 4671 1680 4725 minimeid
1706 4686 1876 4741 Opus,

204 4772 351 4831 est;
390 4763 718 4835 providebit
748 4761 1016 4817 Ecclesia
1050 4778 1168 4816 sua
1201 4761 1356 4815 Deus
1388 4760 1653 4814 idoneum
1685 4765 1876 4829 pasto-

210 4872 348 4911 rem
385 4861 441 4909 et
471 4853 522 4907 ei
556 4852 843 4924 propitius
874 4852 1108 4921 adjutor
1132 4854 1454 4919 auctorque
1488 4848 1673 4901 aderit
1703 4849 1761 4901 in
1786 4864 1876 4902 sa-

211 4947 343 5002 Cris
375 4947 504 5014 ejus
528 4944 721 4997 ardua
755 4942 1072 4997 functionis
1097 4941 1276 4995 curis.
1302 4940 1449 5010 Eligi
1475 4939 1684 4993 deinde
1706 4956 1876 4993 assu-

209 5034 431 5104 mique
464 5048 553 5087 me
576 5032 636 5085 in
673 5032 893 5085 Patrem
922 5030 1293 5101 imperatoris
1310 5044 1580 5099 magnam
1606 5027 1874 5097 equidem

210 5139 351 5179 rem
386 5127 443 5176 et
474 5137 725 5176 summa
756 5119 1119 5191 dignationis
1151 5119 1432 5173 honorem
1483 5134 1611 5172 esse
1636 5116 1875 5185 judico:

208 5226 433 5265 verum
468 5211 599 5279 ejus
626 5224 797 5279 quem
833 5208 987 5262 Deus
1006 5206 1354 5278 adoptarein
1372 5206 1557 5259 tilium
1574 5206 1875 5275 estdigna-

219 5306 353 5367 tus,
390 5299 527 5369 quis
560 5298 734 5352 homo
768 5314 829 5352 se
860 5296 1035 5351 talem
1071 5297 1211 5351 ferat
1243 5300 1308 5349 ut
1334 5301 1482 5350 recte
1503 5294 1691 5349 vocari
1718 5298 1879 5364 pater

211 5389 438 5463 possit,
490 5387 606 5441 nisi
639 5402 809 5455 quem
843 5386 967 5457 ipse
1017 5387 1189 5450 Deus,
1222 5390 1279 5439 et
1311 5384 1548 5455 quidem
1582 5382 1742 5437 solus
1775 5398 1878 5436 nec

211 5476 481 5535 humani
502 5482 829 5546 praventus
846 5471 1876 5545 prarogativasuii‘ragii,dignumju-

208 5565 513 5624 dicaverit
543 5564 636 5619 cui
672 5563 1114 5635 gubernandum
1150 5562 1483 5617 committat
1512 5560 1829 5615 Ecclesiam
1852 5560 1879 5614 ?

204 5654 393 5723 Quod
418 5655 545 5727 jam
580 5654 791 5708 attinet
824 5652 893 5707 ad
922 5650 1215 5707 obblatam
1242 5650 1382 5706 mihi
1412 5648 1723 5705 necessarii
1743 5666 1878 5721 pro-

1996 4583 2129 4638 tiosi
2170 4582 2325 4637 senis
2367 4582 2717 4637 conciliante
2752 4584 3119 4638 verecundia.
3163 4585 3369 4640 Postea
3406 4590 3628 4652 tamen,

1987 4688 2118 4726 cum
2162 4671 2410 4725 aliorum
2441 4686 2675 4740 quoque
2723 4671 3113 4742 impactorum
3160 4672 3270 4741 ipsi
3317 4674 3635 4729 criminum

1985 4760 2298 4814 invidiosis
2331 4760 2810 4814 accusationibus
2835 4764 3218 4829 premeretur,
3242 4763 3515 4831 seuejam
3540 4763 3637 4817 de-

1989 4852 2192 4904 functo
2225 4848 2443 4902 citatus
2467 4849 2536 4902 ad
2572 4848 2879 4903 dicendam
2914 4865 3176 4919 causam,
3199 4850 3403 4906 multis
3424 4852 3634 4907 diebus

1986 4938 2265 4994 simulata
2336 4936 2571 4991 insania
2618 4942 2674 4991 et
2723 4954 2824 5009 per
2870 4955 2998 4994 eam
3044 4955 3251 4995 secura
3298 4939 3629 5011 ignorantia

1987 5027 2356 5082 molitionum
2403 5042 2529 5096 qua
2562 5026 2616 5080 in
2649 5026 2844 5097 ipsum
2887 5032 3288 5096 struebantur,
3333 5028 3625 5099 judicium

1985 5115 2221 5170 eludere
2252 5120 2497 5169 conatus
2523 5116 2920 5187 nequidquam
2948 5122 3055 5187 est,
3080 5118 3303 5189 synodo
3327 5108 3630 5173 nihilomi-

1976 5222 2098 5283 nus
2142 5202 2567 5275 depositionem
2623 5206 2751 5274 ejus
2783 5208 2891 5260 rite
2928 5206 3318 5274 decernente;
3350 5224 3477 5277 qua
3536 5221 3630 5260 res

1986 5294 2071 5348 illi
2118 5292 2553 5349 simulationem
2586 5294 2830 5350 excusit.
2882 5295 3027 5352 Nam
3069 5294 3165 5350 ille
3196 5294 3357 5365 prius
3409 5293 3634 5349 scilicet

1986 5383 2178 5453 impos
2211 5381 2446 5436 mentis.
2481 5397 2586 5436 nec
2618 5388 2718 5437 aut
2750 5384 2944 5439 sciens
2972 5384 3111 5455 quid
3147 5384 3203 5437 in
3237 5399 3298 5438 se
3327 5387 3630 5453 pararetur

1988 5476 2090 5526 aut
2120 5472 2259 5542 quid
2296 5475 2490 5541 ageret
2511 5470 2719 5541 quidve
2748 5478 3067 5544 pateretur,
3091 5477 3154 5525 ut
3173 5470 3353 5525 videri
3376 5469 3627 5540 volebat,

1986 5562 2150 5632 pensi
2176 5560 2421 5627 habens,
2445 5560 2621 5630 capit
2640 5566 2874 5632 repente
2898 5575 3126 5632 sapere,
3149 5566 3207 5614 et
3228 5560 3641 5629 imperatorem

1988 5650 2192 5706 adiens
2237 5648 2442 5713 oravit,
2475 5649 2696 5704 sineret
2740 5666 2803 5705 sa
2838 5650 3081 5720 obsequi
3137 5652 3358 5704 natura
3406 5646 3649 5721 propria
