4018 6198
258 282 371 337 753

1326 290 1414 342 DE
1453 291 1829 345 MJCHAKLE
1869 288 2316 344 PALEOLOGO
2351 290 2484 342 LIB.
2525 291 2620 342 IV.

3585 287 3693 343 754

263 408 527 483 ἐπράχθη
588 408 804 484 εὔχαρι,
836 410 926 463 καὶ
990 409 1242 475 ὑπελθεῖν
1295 410 1526 487 ἄρχουσι
1579 410 1919 485 δυναμένοις,
1949 414 2002 481 Α
2037 408 2092 464 δέ
2140 431 2201 485 γε
2251 410 2569 481 Μιτυλήνης
2626 414 2926 486 Γρηγόριος
2969 411 3027 465 ἐκ
3056 410 3296 466 παλαιοῦ
3358 413 3534 487 φέρων
3587 414 3688 483 τὴν

260 499 352 552 καὶ
392 502 580 567 ζητεῖν
638 499 771 572 ὕπερ
821 496 1032 567 αλλων,
1091 500 1179 553 καὶ
1240 496 1433 576 ἁϐραῖς
1486 501 1774 575 τραπέζαις
1832 500 1925 555 σὺν

269 584 561 663 διαφόροις
639 585 807 648 οἷ’νοις
864 608 922 641 τε
978 588 1066 642 καί
1114 591 1423 663 τραγήμασι
1500 590 1627 653 τοὺς
1678 587 1925 649 πολλοὺς

261 676 470 745 ἓστιᾷν,
533 676 624 729 καὶ
685 675 898 749 μᾶλλον
960 678 1110 739 ’ὀσοις
1145 680 1171 732 ὁ
1208 680 1327 754 βίος
1386 678 1589 753 ἄπορος
1647 679 1735 733 καὶ
1790 679 1924 732 ἀπα-

261 763 477 836 λαμνος
504 764 725 834 καὶτῆς
776 766 890 818 κατ’
952 765 1147 828 αὐτοὺς
1197 764 1474 841 ἀναδοχῆς
1531 766 1788 843 ἔχρῃζον.
1820 772 1923 821 Τοῦ

252 859 387 929 γοῦν
419 854 677 908 τοιούτου
728 852 1160 927 καταδεξαμενου
1218 858 1313 924 τήν
1372 860 1575 934 ψῆφον,
1610 858 1637 910 6
1673 856 1923 930 βασιλεὺς

258 942 340 1005 εἷς
367 944 719 1019 πατριάρχην
779 947 972 996 τοῦτον
1034 939 1430 1017 προϐάλλεται,
1495 946 1666 1018 μηνὸς
1726 953 1919 1021 Σκιρο-

255 1037 532 1110 φοριῶνος
594 1032 815 1106 εἰκοστῇ
880 1030 1050 1106 ὀγδόῃ
1102 1039 1203 1101 τῆς
1260 1031 1489 1105 δεκάτης
1550 1036 1918 1106 ὲπινεμτίσεως

249 1125 355 1177 τοῦ
415 1122 583 1192 ’ςψοέ
626 1116 798 1189 ἔτους,
837 1116 1317 1193 Ἑκατομϐαιῶνος
1366 1122 1423 1177 δὲ
1474 1125 1744 1197 νουμηνίᾳ
1790 1144 1915 1199 χει-

254 1210 580 1285 ροτονηθεὶς
643 1209 721 1271 εἷς
776 1211 1065 1285 ἀρχιερέας
1124 1209 1392 1270 τελὲσται.
1454 1214 1586 1288 Ηερὶ
1632 1211 1688 1267 δὲ
1726 1235 1787 1288 γε
1817 1216 1915 1283 τήν

254 1299 613 1374 χειροτονίαν
637 1298 727 1353 καὶ
757 1300 1005 1353 τοιοῦτόν
1037 1321 1088 1353 τι
1119 1300 1344 1374 γίνεται,

257 1402 364 1460 κδ’.
485 1406 675 1485 Ὅπως,
768 1403 1308 1478 παραδοκιμηθὲντος
1405 1414 1501 1463 τοῦ
1596 1412 1913 1485 Ἡρακλείας

332 1473 802 1555 μιναχᾶιηὸντος
847 1473 966 1555 ’τῇς
1035 1473 1380 1553 χειροτονίας
1450 1485 1547 1555 τοῦ
1615 1473 1911 1555 ι’ἐρμανοῦ,

335 1550 364 1602 ὁ
389 1547 716 1616 Μιτυλήνης
747 1547 1383 1624 Γρηγὸριοξχέιροτονεῖ
1409 1554 1501 1606 τὸν
1537 1547 1760 1629 Ἰωστξιρ.

335 1648 417 1718 [Ρ.
448 1648 575 1718 206]
617 1646 677 1703 Ὁ
708 1646 811 1720 γὰρ
870 1648 1113 1721 Ηιναχᾶς
1173 1651 1415 1724 μοναχὸς
1460 1653 1605 1726 παρὰ
1636 1659 1912 1729 Γερμανοῦ

254 1736 363 1801 τὴν
429 1734 771 1808 χειροτονίαν
845 1732 1132 1808 δεξάμενος
1207 1738 1530 1809 Ἡρακλείας
1602 1749 1703 1809 τῆς
1778 1744 1914 1797 κατᾶ

256 1824 483 1898 Θρᾴκην
541 1824 608 1892 ἦν
665 1824 1033 1898 ἀρχιποίμην,
1066 1825 1111 1896 ᾧ
1151 1823 1217 1894 δὴ
1262 1829 1348 1881 καὶ
1406 1831 1709 1903 προνόμιον
1770 1832 1910 1887 ἐστιν

254 1912 321 1967 ἐκ
377 1911 619 1967 παλαιοῦ
680 1909 1048 1985 δικαιουμένῳ
1098 1913 1157 1969 ἐκ
1196 1917 1507 1984 Βυζαντίου,
1543 1920 1617 1980 ὡς
1667 1922 1913 1984 ἀνέκαθεν

252 1999 554 2061 τελοῦντος
632 2002 735 2055 ὑπὸ
816 2002 915 2068 τήν
979 2002 1343 2077 Ἡράκλειαν,
1408 2008 1499 2061 τὸν
1567 2013 1912 2088 πατριάργην

252 2095 620 2165 χειροτονεῖν.
681 2091 1175 2164 ’Λπεπροσποιεῖτο
1232 2099 1362 2169 γοῦν
1410 2098 1510 2165 τὴν
1570 2098 1660 2152 ἀπ’
1708 2100 1914 2157 ἐκείνου

255 2179 612 2255 χειροτονίαν
646 2180 675 2233 ὁ
702 2180 926 2253 Ἰωσήφ.
984 2181 1134 2236 Καὶὸ
1165 2188 1375 2255 κρατῶν
1432 2188 1596 2264 σοφόν
1636 2210 1687 2243 τι
1738 2196 1910 2246 ποιῶν

253 2268 468 2323 ἐκεῖνον
525 2274 647 2323 τότε
698 2268 1087 2344 προσκαλεῖται
1145 2272 1282 2347 πρὸς
1312 2276 1378 2327 τὰ
1408 2274 1694 2350 ἀνάκτορα,
1756 2278 1806 2333 ἐν
1833 2286 1914 2353 τῷ

250 2360 377 2411 κατ’
439 2356 613 2411 ἐκεῖνα
669 2361 781 2429 ναῷ
842 2357 1323 2435 λειτουργήσοντα.
1383 2364 1486 2417 Καὶ
1548 2362 1645 2433 δὴν
1702 2366 1911 2432 ἐκεῖνος

257 2447 362 2519 μὶν
392 2446 498 2501 ὑπὸ
538 2444 739 2519 πολλῷ
801 2452 976 2519 μισθῷ
1031 2449 1129 2517 τὴν
1189 2448 1526 2528 λειτουργίαν
1583 2453 1850 2531 ἐπλήρου,
1883 2459 1911 2513 6

243 2663 650 2734 mio,quando
680 2667 805 2717 erat
834 2663 1069 2734 opus,in
1094 2669 1907 2743 mansuetudine,injustitia,

244 2752 314 2806 in
357 2751 613 2823 benigno
638 2751 834 2806 animo
863 2757 919 2807 et
950 2754 1347 2824 simplicitate,
1383 2775 1498 2813 uno
1534 2763 1708 2818 verbo
1738 2764 1794 2817 in
1835 2765 1913 2819 ir-

250 2840 716 2912 reprehensibili
749 2842 1334 2914 conversatione,non
1364 2852 1557 2903 tamen
1581 2851 1911 2923 negligebat

255 2930 699 2986 humanitatem
716 2931 1161 2988 consuetudinis
1176 2933 1691 3005 urbanze,frontem
1718 2941 1908 2997 laetam

244 3020 545 3077 exhibens
563 3018 1783 3095 occursibus,obvioscomplectens,blando
1800 3050 1913 3087 ser-
1962 3050 1965 3051 ν

233 3125 424 3165 mone
446 3107 857 3177 detinens,non
894 3110 1167 3166 renidens
1198 3114 1499 3181 modo,sed
1533 3122 1587 3172 et
1619 3118 1677 3173 in
1711 3122 1895 3177 risum
1929 3107 1970 3173 C

227 3216 299 3255 se
338 3196 671 3265 eﬂ‘undens,
700 3197 749 3251 si
782 3197 923 3269 quid
949 3200 1485 3273 faceteaquoquam
1509 3206 1653 3262 forte
1674 3210 1895 3265 dicere-

230 3293 346 3343 tur
375 3292 479 3339 aut
510 3284 704 3355 lepide
738 3287 897 3341 fieret
918 3288 986 3341 ad
1024 3290 1459 3357 gratiam.ldem
1495 3313 1607 3350 non
1634 3298 1898 3361 ignorare

233 3383 436 3432 artem
470 3375 814 3430 insinuandi
838 3394 899 3431 se
941 3380 1009 3431 ad
1043 3380 1357 3452 principes,
1383 3385 1454 3437 ab
1480 3385 1571 3441 his
1602 3389 1757 3445 805
1798 3407 1899 3460 pro

233 3466 382 3522 aliis
410 3464 789 3536 petendi,non
824 3466 1082 3537 refugere
1106 3470 1175 3523 ad
1200 3470 1477 3529 delicatas
1503 3492 1896 3539 mensas,cum

233 3554 401 3608 vinis
428 3554 571 3607 varii
597 3555 1417 3627 generisetbellariis,multos
1438 3564 1612 3617 etiam
1642 3567 1901 3636 vulgaris

236 3644 431 3700 sortis
462 3643 761 3709 adhibere,
798 3645 1116 3714 praesertim
1169 3648 1384 3717 quibus
1419 3652 1563 3707 ratio
1596 3654 1786 3709 victus
1843 3656 1899 3709 in

236 3738 376 3787 arto
399 3738 691 3795 esset,nec
727 3748 825 3799 per
845 3749 906 3787 se
933 3732 1288 3790 hobantibus
1313 3755 1414 3794 nec
1440 3757 1643 3809 parare
1666 3743 1903 3798 aliunde

239 3820 738 3894 gnaris,ideoque
781 3821 1183 3893 indigentibus
1235 3826 1507 3897 hospitali
1544 3831 1905 3902 benignitate

240 3909 779 3966 amicorum.Hunc
810 3910 983 3965 talem
1011 3913 1173 3979 justo
1206 3916 1619 3988 suffragiorum
1647 3938 1903 3992 compro-

242 4002 459 4055 batum
498 4015 741 4052 numero
774 4000 843 4052 ad
872 4001 1328 4070 patriarchatum
1361 4005 1678 4079 imperator
1699 4011 1905 4076 evexit,

250 4086 485 4143 mensis
545 4088 880 4143 Decembris
938 4090 1031 4144 die
1080 4097 1281 4147 octava
1325 4112 1502 4165 supra
1536 4098 1905 4168 vigesimum,

244 4176 603 4234 Indictionis
625 4177 1028 4242 decimae,anni
1060 4181 1218 4236 6775.
1247 4183 1375 4237 Mox
1398 4185 1663 4241 kalendis
1687 4188 1903 4245 Janua-

245 4267 357 4323 riis
389 4265 820 4321 ordinationem
854 4267 1006 4321 idem
1050 4272 1437 4341 episcopalem
1489 4276 1597 4329 rite
1651 4280 1905 4349 aerepit;

247 4356 405 4412 crica
440 4371 616 4425 quam
652 4356 1054 4412 caeremoniam
1089 4359 1203 4414 tale
1236 4362 1805 4438 quiddachontigit.

248 4474 345 4527 24.
384 4472 450 4551 Ut
483 4470 806 4551 posthabito
839 4473 1155 4551 Heracleam
1189 4478 1458 4551 Binacha,
1491 4483 1631 4551 quod
1688 4483 1731 4537 is
1758 4485 1906 4538 ordi-

334 4547 514 4625 natus.
552 4545 825 4625 fuissetp
864 4543 1148 4625 Gerrnano,
1192 4543 1566 4619 Milylenenéz‘s
1614 4559 1911 4625 Gregorius

332 4615 623 4685 Josephum
655 4614 1019 4670 ordinat-erit.

329 4710 626 4766 Pinachas
651 4712 1102 4785 monachus,qui
1125 4716 1550 4776 ordinationem
1570 4740 1603 4777 a
1624 4723 1911 4781 Germano

261 4806 597 4871 acceperat,
633 4800 918 4857 Heracleas
950 4804 1208 4861 Thracia":
1243 4808 1720 4883 archiepiscopus
1767 4820 1913 4881 erat,

258 4898 318 4947 et
349 4891 402 4945 ei
438 4894 499 4944 ut
534 4890 633 4944 tali
664 4891 1033 4963 competebat
1062 4911 1129 4949 ex
1162 4897 1511 4968 antiquojus
1535 4903 1913 4958 consecrandi

260 4979 896 5050 Constantinopolitani
918 4982 1281 5052 patriarchae,
1308 4988 1440 5041 inde
1467 4990 1641 5045 ducta
1692 4993 1914 5048 ratione

262 5068 585 5141 privilegii,
627 5068 781 5139 quod
835 5069 976 5125 urbs
1024 5075 1340 5143 Byzantina
1390 5077 1594 5147 primis
1645 5079 1913 5135 Ecclesiae

264 5157 641 5229 temporibus
658 5158 779 5212 sedi
798 5160 1161 5217 lleracleeusi
1181 5164 1386 5220 {uisset
1407 5168 1915 5225 subdita.Nolebat

272 5252 469 5303 autem
504 5245 799 5317 Josephus
824 5247 1257 5319 impositionem
1284 5271 1563 5310 manuum
1592 5258 1662 5311 ab
1685 5258 1795 5313 isto
1818 5276 1912 5313 ac-

268 5337 481 5408 cipere.
520 5336 709 5404 Hujus
742 5338 1083 5408 expediendi
1117 5342 1250 5396 nodi
1306 5344 1589 5399 rationem
1642 5355 1917 5418 opportu-

269 5440 409 5479 nam
440 5422 786 5494 excogitavit
812 5423 1149 5495 imperator.
1190 5430 1506 5487 Pinacham
1556 5436 1823 5491 videlicet
1857 5438 1912 5493 in

271 5512 427 5566 aedes
460 5512 871 5583 imperatorias
895 5517 1142 5571 accitum
1167 5518 1438 5588 palatinis
1457 5522 1638 5577 sacris
1656 5528 1913 5598 prazficit,

272 5602 473 5658 missis
504 5600 626 5657 illic
660 5602 1015 5661 sacriﬁcium
1068 5606 1317 5663 solemni
1344 5608 1457 5664 ritu
1500 5620 1870 5682 peracturum
1900 5635 1916 5689 ;

2035 500 2380 575 χειροτονίαν
2442 507 2771 575 χειροτονεῖν
2831 501 2923 554 τὸν
2980 498 3325 576 πατριάρχην
3390 500 3687 575 ἐκλέγεται.

2035 588 2206 645 ’Ὸλου
2245 594 2372 664 γοῦν
2427 594 2523 643 τοῦ
2558 590 2728 661 μηνὸς
2784 590 2989 644 ἐκείνου
3022 592 3049 643 6
3081 590 3355 665 βασιλεὺς,
3414 589 3528 644 ἐπεὶ
3586 592 3684 646 οὐκ

2034 677 2099 745 ἧν
2133 677 2315 749 ἐκείνῳ
2364 684 2461 747 τῆς
2516 682 2611 731 τοῦ
2667 679 2976 754 ἀφορισμοῦ
3031 675 3238 740 λύσεως
3297 679 3678 753 προόργιαίτε-

2036 764 2367 841 ρον,ἐδίδου
2425 772 2503 838 τῷ
2562 768 2875 842 πατριάρχῃ
2931 768 3117 840 καιρὸν
3172 768 3264 821 σὺν
3309 773 3431 829 τοῖς
3491 767 3681 843 ἀρχιε-

2032 860 2180 929 ρεῦσι
2214 856 2528 910 σκέπτεσθαι
2581 861 2697 919 πῶς
2753 854 2811 908 ἂν
2868 856 2956 910 καὶ
3017 857 3151 910 κατὰ
3205 856 3405 929 τρόπον
3436 857 3681 932 γενηται,

2029 940 2440 1019 προλαμϐάνων
2506 945 2665 1005 αὐτὸς
2719 944 2945 1015 ἑκάστης
3007 942 3095 999 διά
3140 950 3240 999 τοῦ
3275 946 3429 999 πάντ’
3491 944 3687 1015 ἐκκλη-

2030 1040 2158 1109 ροῦν
2194 1033 2418 1111 ῥᾳδίως,
2466 1035 2585 1109 περῖ
2622 1036 2762 1089 ὅσων
2800 1037 2827 1089 6
2861 1039 3217 1111 πατριάρχης
3272 1036 3475 1091 ἐκεῖνον
3510 1038 3686 1107 ἠξίου,

2029 1122 2188 1180 εὔοδα
2228 1131 2403 1179 ποιεῖν
2458 1126 2523 1179 τὰ
2552 1132 2650 1194 τῆς
2684 1124 2912 1187 λυσεως.
2947 1128 3037 1186 Ἐς
3087 1130 3344 1180 τοσοῦτον
3375 1127 3474 1200 γὰρ
3506 1125 3685 1195 ἡδέως

2026 1214 2191 1268 αὐτοῦ
2224 1213 2477 1288 λέγοντος
2522 1212 2737 1283 ἤκουεν,
2795 1215 2931 1269 ὥστε
2988 1214 3077 1268 καὶ
3125 1212 3191 1281 δὴ
3248 1215 3489 1288 ὁρισμῶν
3545 1237 3685 1287 πεμ-

2024 1302 2279 1376 πομένων
2365 1301 2670 1378 ἑκασταχοῦ
2732 1308 2833 1367 τῆς
2900 1308 3005 1358 τῶν
3076 1302 3370 1373 Ῥωμαίων
3451 1301 3682 1374 ἐπικρα-

2023 1394 2168 1453 τείας
2228 1390 2582 1465 προσέταττεν
2671 1392 2831 1453 αὐτὰς
2903 1390 2969 1459 δὴ
3022 1394 3115 1453 τὰς
3178 1396 3275 1446 τοῦ
3333 1392 3681 1466 πατριάρχου

2022 1481 2233 1559 γραφὰς
2265 1463 2381 1536 άντὶ
2430 1481 2869 1557 προσταγμάτων
2905 1479 3053 1536 ἰδίων
3116 1478 3366 1557 δέχεσθαι
3414 1463 3547 1543 τοὺς*
3577 1463 3682 1534 ἐπ’

2024 1570 2288 1642 ἐξουσίας,
2369 1569 2889 1645 προσπειλουμένων
2947 1571 3035 1625 καὶ
3087 1570 3364 1626 κολάσεων
3422 1576 3538 1632 τοῖς
3597 1572 3674 1643 μὴ

2021 1662 2156 1714 κατὰ
2212 1661 2277 1714 τά
2345 1659 2751 1736 ἐπιτεταγμένα,
2810 1661 2941 1734 ὑπὲρ
3001 1663 3127 1714 ὅτου
3185 1658 3244 1714 ἂν
3303 1660 3391 1714 καὶ
3449 1660 3674 1733 γράψοι,

2019 1748 2353 1805 τελὲσουσιν.
2388 1752 2603 1819 ἸΙνοιξε
2638 1747 2819 1821 μέντοι
2878 1749 2967 1803 καὶ
3027 1749 3272 1824 φυλακάς
3304 1750 3393 1802 καὶ
3423 1746 3670 1809 πολλοὺς

2021 1843 2128 1892 τῶν
2188 1838 2652 1913 ἐγκεκλεισμὲνων
2708 1837 2942 1909 ἐξείλετο
2990 1843 3100 1892 τῶν
3158 1835 3391 1909 δεσμῶν,
3451 1834 3669 1890 καταδί-

2022 1946 2150 1987 κους
2212 1928 2548 1997 συμπαθείας
2613 1926 2840 1997 ἠξίωσεν
2881 1974 2893 1991 ,
2944 1926 3336 2000 ἐξωρισμὲνους
3406 1923 3672 1978 ἀνεκαλὲ-

2025 2035 2177 2082 σατο,
2208 2016 2297 2069 καὶ
2326 2019 2407 2078 οἷς
2439 2016 2697 2091 ἀπεχθῶς
2752 2016 2869 2090 εἶχε
2922 2015 3189 2076 κάκείνοις
3251 2012 3545 2085 ἐξιλεοῦτο,
3576 2017 3673 2067 τοῦ

2023 2106 2367 2181 πατριάρχου
2402 2105 2791 2178 μισιτεύοντος,

2020 2272 2111 2322 κε’.
2214 2268 2403 2328 ’Όπως
2481 2265 2681 2341 ἐλύθην
2732 2270 2831 2321 τοῦ
2904 2268 3224 2341 ,ἀφορισμοῦ
3300 2266 3328 2320 6
3408 2263 3664 2341 βασιλεὺς

2552 2340 2697 2412 παρᾶ
2754 2348 2851 2393 τοὸ
2902 2340 3127 2417 Ἰωσήφ,

2090 2464 2172 2535 [Ρ.
2201 2464 2327 2537 207]
2379 2464 2607 2534 Ἐπὲστη
2668 2467 2798 2539 γοῦν
2855 2466 2889 2534 ἡ
2938 2465 3108 2537 μηνὸς
3166 2466 3481 2534 Ληιαιῶνος
3540 2458 3665 2517 δευ-

2021 2695 2193 2749 quem
2220 2678 2317 2735 ille
2340 2679 2621 2735 honorem
2650 2680 3111 2753 quaestuingenti
3132 2680 3516 2749 conjunctum
3533 2696 3668 2751 pro-

2022 2773 2149 2839 pter
2180 2768 2474 2823 ditissima
2505 2769 2795 2841 stipendia
2841 2769 3133 2839 ejusmodi
3179 2769 3445 2840 fungenti
3477 2768 3667 2824 ofﬁcio

2023 2858 2254 2911 decreta
2310 2860 2447 2911 dum
2481 2856 2731 2912 libenter
2756 2858 3053 2929 accipiens
3086 2856 3163 2911 ibi
3196 2857 3473 2922 celebrat,
3499 2858 3669 2929 Mity-

2024 2945 2279 3000 lenensis
2313 2946 2648 3019 Gregorius,
2685 2947 2965 3001 adversus
3023 2947 3192 3016 cujus
3234 2946 3666 3001 ordinationem

2022 3040 2220 3105 utpote
2246 3036 2545 3106 antiquam
2581 3034 2744 3089 nulla
2782 3040 2905 3090 erat
2957 3035 3237 3105 exceptio,
3297 3034 3537 3107 eligitur
3594 3035 3665 3089 ad

2010 3124 2402 3179 ordinandum
2439 3124 2851 3195 patriarcham.
2886 3125 3099 3179 Totum
3140 3141 3311 3195 porro
3363 3123 3654 3194 reliquum

2008 3214 2353 3268 Januarium
2390 3230 2650 3267 mensem
2684 3213 3125 3283 imperatov,cui
3150 3212 3438 3268 nihilerat
3471 3212 3661 3284 magis

2010 3308 2275 3374 Optatum
2310 3319 2484 3372 quam
2522 3302 2875 3357 solutionem
2898 3302 3308 3368 anathematis,
3333 3302 3426 3356 cui
3454 3301 3660 3370 subja-

2010 3392 2195 3457 cebat,
2228 3392 2335 3446 rite
2367 3408 2431 3445 ac
2463 3393 2634 3445 modo
2666 3391 2808 3445 nulli
2845 3391 3149 3446 calumniae
3182 3389 3429 3445 obnoxio
3450 3406 3655 3444 conse-

2010 3482 2133 3552 qui,
2165 3480 2455 3535 concessit
2486 3498 2629 3535 novo
2663 3480 3002 3551 patriarchae
3038 3484 3100 3535 ut
3134 3497 3230 3549 per
3283 3479 3467 3535 otium
3515 3496 3649 3534 cum

2009 3571 2233 3626 caeteris
2266 3570 2556 3641 episcopis
2588 3570 2983 3624 consideraret
3015 3584 3270 3639 quanam
3304 3567 3401 3622 illa
3455 3572 3653 3639 posset

2011 3659 2233 3713 ratione
2258 3662 2477 3729 optima
2509 3658 3001 3726 conﬁci,interim,
3044 3658 3196 3729 quod
3233 3658 3302 3712 ad
3339 3673 3400 3711 se
3433 3658 3652 3710 attine—

2013 3753 2119 3812 ret,
2154 3747 2316 3801 nulla
2347 3747 2438 3801 die
2469 3748 2745 3801 omittens
2778 3746 3210 3800 studiosissime
3261 3747 3414 3799 306
3448 3752 3653 3799 cuncta

2012 3837 2271 3907 exsequi,
2306 3853 2432 3905 quae
2462 3836 2547 3889 vei
2586 3835 2910 3889 necessaria
2944 3834 3025 3888 vel
3060 3839 3392 3905 opportuna
3429 3850 3655 3905 [πωρο-

2014 3926 2195 3981 rando
2225 3925 2455 3994 negotio
2488 3930 2824 3994 suggereret
2869 3923 3223 3991 patriarcha,
3256 3922 3425 3989 cujus
3461 3936 3657 3990 preces

2014 4030 2217 4069 omnes
2253 4029 2319 4067 ac
2349 4014 2518 4083 signa
2562 4012 2877 4066 voluntatis
2937 4011 3379 4083 promptissima
3424 4009 3659 4079 quidvis

2016 4101 2298 4171 largiendi
2335 4100 2612 4154 facilitate
2644 4099 2843 4153 statim
2878 4097 3167 4168 explebat,
3217 4098 3359 4152 adeo
3408 4097 3660 4150 libenter

2016 4188 2490 4259 illum,quidquid
2514 4189 2579 4241 ad
2614 4204 2674 4242 se
2706 4189 2964 4253 referret,
2988 4187 3232 4241 audiens
3263 4185 3660 4254 continuoque

2016 4279 2352 4351 indulgens,
2388 4283 2452 4333 ut
2483 4278 2656 4333 etiam
2693 4276 2889 4332 missis
2947 4292 3420 4347 quoquoversum
3454 4273 3661 4328 edictis

2018 4386 2119 4441 per
2151 4386 2353 4423 omnes
2386 4367 2614 4439 imperii
2645 4373 2832 4422 terras
2864 4366 3145 4431 sanxerit,
3190 4371 3253 4419 ut
3302 4364 3504 4418 litteras
3559 4381 3659 4434 pa-

1942 4483 1989 4544 D
2018 4457 2282 4513 triarchas
2308 4458 2752 4527 prescriptacqne
2766 4455 3091 4509 voluntates
3107 4469 3455 4524 quocunque
3469 4452 3662 4506 missas

2021 4562 2055 4599 a
2081 4545 2309 4598 cunctis
2342 4542 2600 4597 locorum
2637 4543 3085 4611 magistratibus
3126 4540 3211 4594 sic
3261 4540 3666 4610 exciperentur

2024 4637 2079 4688 et
2119 4632 2476 4686 exsecutioni
2510 4633 2947 4696 mandarentur,
2984 4636 3263 4699 tanquam
3314 4630 3360 4683 si
3420 4646 3545 4700 quae
3593 4628 3664 4682 iis

2024 4722 2455 4787 indicabantur,
2490 4720 2922 4790 qualiacunque
2954 4718 3161 4786 forent,
3193 4718 3319 4788 ipse
3350 4718 3668 4788 imperator

2014 4810 2315 4881 jussisset,
2346 4810 2522 4864 minis
2556 4810 2733 4863 etiam
2768 4825 3067 4879 poenarum
3096 4807 3357 4879 gravium
3392 4806 3665 4876 ascriptis

2020 4900 2079 4954 in
2132 4916 2230 4954 eos
2274 4899 2373 4969 qui
2424 4914 2593 4954 secus
2642 4898 2939 4952 fecissent.
2992 4898 3236 4965 Aperuit
3284 4897 3427 4969 quin
3487 4897 3661 4951 etiam

2022 4989 2319 5046 custodias
2353 4988 2637 5059 publicas,
2671 4996 2726 5043 et
2754 4988 2969 5043 multos
2999 4988 3119 5042 illic
3141 4990 3506 5042 detentorum
3542 4988 3666 5041 vin-

2023 5080 2169 5134 culis
2203 5079 2412 5146 solvit;
2473 5078 2770 5133 damnatis
2829 5094 3062 5148 quoque
3115 5076 3360 5147 gratiam
3418 5075 3668 5130 indulsit

2022 5166 2295 5238 supplicii
2329 5167 2570 5232 decreti,
2603 5165 2831 5221 exsules
2864 5165 3174 5231 revocavit,
3205 5171 3262 5220 et
3302 5165 3516 5236 quibus
3548 5168 3670 5219 erat

2026 5258 2211 5311 iratus
2243 5257 2595 5311 condonavit
2626 5256 2899 5323 offensas,
2928 5254 3321 5309 intercedente
3344 5251 3669 5325 patriarcha

2128 5411 2220 5465 25.
2258 5411 2319 5466 Ut
2347 5410 2561 5465 solum:
2619 5410 2965 5537 anajhemqlte
2997 5408 3299 5476 imperator
3327 5406 3497 5465 luerit
3526 5420 3559 5456 a

2757 5497 2879 5537 oseD
2922 5495 2971 5535 ο.

2757 5495 2971 5551 osepno.

2098 5615 2301 5673 Adfuit
2329 5615 2572 5673 tandem
2605 5615 2836 5672 decreta
2885 5608 3255 5682 imperatoris
3312 5606 3665 5666 absolutioni
