4018 6198
400 307 514 366 755

1708 299 2013 357 GEORGII
2051 295 2395 352 PACHYME
2401 299 2514 351 RE

3641 305 3729 362 756

405 431 554 508 τέρα.
587 429 706 484 καθ’
734 427 801 494 ἢν
832 425 922 478 καὶ
951 423 987 492 ἠ
1020 417 1320 492 Ἐκκλησία
1375 419 1494 496 ἄγει
1523 423 1621 491 τὴν
1654 428 1752 492 τῆς
1781 427 2052 476 Ὑπαπαν-
2081 421 2132 487 Α
2163 416 2306 479 εἰκὸς
2373 421 2748 491 προσκυνήσας
2803 422 2893 476 καὶ
2949 421 3354 495 συνταξάμενος,
3414 420 3588 498 ἐχώρει
3634 430 3740 500 πρὸς

409 525 507 590 τῆς
565 516 777 590 ἑορτήν.
839 511 940 567 Καὶ
988 512 1016 565 6
1065 509 1413 586 πατρίαρχης
1469 511 1680 583 σύναμα
1737 515 1894 565 πᾶσιν
1951 510 2056 584 ἀρ-

412 609 684 683 χιερεῦσιν
733 601 836 655 ὑπὸ
892 599 1090 670 πολλῷ
1142 604 1220 671 τῷ
1277 603 1383 653 τῶν
1444 597 1748 672 λαμπάδων
1802 600 1936 676 φωτὶ
1965 599 2054 652 καὶ

414 695 606 768 ὕμνοις
661 695 729 764 τῇ
788 691 950 763 ἑορτῇ
991 689 1308 761 πρέπουσιν,
1354 684 1430 742 ἔτι
1492 685 1549 742 δέ
1607 688 1696 742 καὶ
1752 693 1870 751 ταῖς
1928 687 2058 761 ὑπὲρ

419 782 689 862 βασιλέως
718 780 854 854 πρὸς
882 779 1041 833 ’Θεὸν
1099 777 1376 848 ἱκετείαις,
1429 778 1501 839 ὡς
1561 775 1666 832 ἔδει
1707 779 1798 832 καὶ
1829 796 2062 850 περιφα-

414 878 522 934 νὼς
571 869 970 945 παννυχεύσας,
1045 867 1143 934 τὴν
1197 866 1344 941 ἱεράν
1400 865 1745 941 λειτουργίαν
1802 865 2060 921 ἐπιτελεῖ.

419 962 520 1020 Καὶ
549 958 658 1030 ἤδη
711 959 783 1020 ὡς
825 955 1025 1026 ἤνυστο
1083 962 1249 1023 πᾶσα,
1305 960 1402 1010 τοῦ
1467 953 1734 1031 βασιλέως
1767 955 1817 1010 ἐν
1851 955 2063 1030 βασιλι-

415 1056 538 1114 καῖς
587 1046 878 1121 ἱσταμένου
929 1043 1281 1122 δορυφορίαις
1328 1043 1539 1117 σῦναμα
1589 1044 1879 1120 συγκλήτῳ
1917 1046 2062 1118 πάσῃ

417 1140 508 1196 καὶ
564 1137 835 1208 πολιτείᾳ,
897 1141 1015 1196 τοῖς
1067 1134 1244 1208 ἁγίοις
1296 1133 1638 1208 προσεγγίζει
1698 1133 1927 1206 θυρίοις,
1960 1139 2064 1187 τῶν

421 1228 721 1304 ἀρχιερέων
779 1222 931 1279 ἔνδον
989 1227 1086 1277 τοῦ
1150 1223 1400 1297 βήματος
1457 1222 1780 1293 ἱσταμένων.
1836 1224 2064 1285 Ἀποθέ-

425 1338 583 1392 μενος
613 1314 704 1370 οὖν
732 1315 831 1381 τὴν
862 1311 951 1366 ἐπὶ
981 1315 1080 1380 τῆς
1107 1309 1351 1388 κεφαλῆς
1406 1311 1744 1385 καλύπτραν,
1803 1311 2068 1386 ἀκαΛῦφῳ

421 1410 488 1480 τῇ
518 1403 729 1480 κεφαλῇ
761 1401 1086 1476 προσπίπτει
1141 1405 1256 1471 Θεῷ
1307 1399 1396 1454 καὶ
1452 1399 1578 1454 ποσὶ
1636 1399 2066 1474 προηγουμένως

423 1501 521 1552 τοῦ
550 1495 916 1570 πατριάρχου,
949 1491 1038 1545 καὶ
1083 1491 1200 1564 μεθ’
1233 1491 1314 1544 δτι
1365 1496 1570 1564 θερμῆς
1627 1497 1725 1558 τῆς
1759 1491 2069 1564 προθέσεως

426 1587 524 1654 τὴν
556 1581 910 1659 συγχώρησιν
959 1579 1172 1649 ἐξαιτεῖ,
1224 1575 1521 1652 ὁμολογῶν
1575 1577 1980 1653 μεγαλοφώνως
2011 1579 2069 1633 τὸ

428 1673 718 1745 τόλμημα.
779 1671 872 1724 Καὶ
939 1666 1004 1736 δὴ
1063 1667 1147 1721 ἐπ’
1199 1665 1422 1730 ἐδάσους
1477 1667 1729 1740 κειμένου
1785 1673 1882 1722 τοῦ
1919 1670 2070 1744 βασι-

2165 507 2230 560 τά
2306 507 2614 582 ἀνάκτορα.
2683 511 2932 581 Ἐπέταξε
2991 509 3049 566 δὲ
3104 511 3194 566 καὶ
3250 509 3325 582 τῷ
3381 511 3740 589 ἐγκεκλεισμένῳ

2165 598 2300 650 κατᾶ
2342 597 2404 651 τὸ
2460 603 2566 652 τῶν
2622 600 2968 669 Νικητιατῶν
3026 608 3128 666 τῆς
3191 596 3478 670 Δακίϐύζης
3528 603 3740 679 φροῦριον

2169 685 2394 760 Ἰωάννῃ
2455 685 2530 748 εἷς
2586 697 2794 762 τροφῆς
2855 691 3171 760 οἶκονομίαν
3231 689 3317 743 καὶ
3375 687 3648 762 ἐνδυμάτων
3693 697 3745 748 τὶ

2172 775 2348 843 ἱκανὰ,
2389 778 2696 852 πολυωρῶν
2757 778 2958 833 ἐκεῖνον
3020 781 3280 853 συχνάκις
3337 779 3419 832 καὶ
3470 786 3572 842 τοῖς
3621 782 3744 856 ἀναγ-

2172 866 2351 928 καίοις
2405 868 2518 920 καθ’
2580 869 2808 938 ἒκαστην
2862 866 3056 942 σχεδὸν
3107 866 3601 945 φιλοφρονούμενος.
3643 873 3750 927 Ἐν’.

2174 956 2351 1008 τεῦθεν
2387 957 2474 1009 καὶ
2518 957 2654 1030 πρὸς
2713 958 2811 1026 τὴν
2869 956 3201 1032 διεξαγωγὴν
3232 961 3336 1010 τῶν
3392 961 3570 1010 κοινῶν
3620 979 3750 1012 σπου-

2176 1041 2451 1116 δαιότερον
2473 1046 2746 1118 τρέπεται.

2174 1161 2282 1235 πςξ.
2343 1161 2470 1235 Περὶ
2530 1166 2643 1235 τοῦ,
2682 1159 2891 1232 κήδους
2947 1167 3042 1217 τοῦ
3101 1184 3157 1218 τε
3212 1161 3609 1235 Ταρχάνειώτου
3655 1164 3752 1220 Ἀν-

2249 1230 2498 1311 δρονίκου
2601 1230 2748 1311 νίλοῦ-
2820 1241 2918 1303 τῆς
3017 1239 3114 1287 τοῦ
3220 1230 3476 1311 βασιλέως
3564 1232 3758 1311 ἀδελφῆς

2250 1306 2471 1375 Μάρθας
2504 1348 2517 1372 ,
2577 1305 2667 1360 καὶ
2739 1310 2842 1371 τῆς
2899 1309 3162 1382 θυγατρὸς
3219 1304 3314 1361 τοῦ
3370 1304 3570 1360 δυτικοῦ
3617 1304 3760 1363 Ἰωάν-

2245 1397 2362 1431 νου.

2251 1497 2335 1562 [Ρ.
2368 1495 2494 1566 208]
2553 1494 2655 1550 Καὶ
2716 1492 2828 1548 ἐπεὶ
2887 1493 3052 1548 πάλιν
3115 1490 3433 1548 ἁνοιδαίνειν
3488 1491 3664 1567 ὥρμων
3709 1493 3759 1549 τὰ

2180 1579 2388 1649 δυτικά,
2441 1587 2538 1636 τοῦ
2597 1581 2860 1637 δεσπότου
2916 1581 3150 1658 Μιχαὴλ
3185 1582 3234 1655 ἐξ
3285 1583 3549 1656 άνθρόπων
3592 1583 3763 1659 γεγονὸ-

2176 1692 2289 1740 τος,
2322 1670 2413 1724 κάὶ
2453 1671 2544 1724 τὸν
2595 1671 2688 1743 μὲν
2740 1671 3058 1747 Νικηφόρον
3107 1671 3194 1725 ἐπὶ
3242 1674 3312 1742 τῇ
3345 1669 3451 1742 ἰδίᾳ
3478 1670 3609 1745 ἀρχῇ
3636 1692 3762 1725 κατα-

431 1763 590 1833 λέως,
622 1762 649 1815 6
680 1759 1031 1834 πατριάρχης
1086 1758 1290 1832 χάρτην
1348 1756 1447 1810 ἀνὰ
1494 1762 1687 1832 χεῖρας
1735 1756 1879 1832 ἔχων
1922 1759 2071 1833 ᾧπερ
2102 1783 2150 1848 Β
2181 1759 2486 1833 λείψαντος,
2516 1765 2596 1832 τῷ
2627 1757 2683 1814 δέ
2715 1781 2778 1834 γε
2806 1760 2952 1831 νόθῳ
2999 1760 3219 1834 Ἰωάννῃ
3271 1760 3453 1834 χώραν
3497 1759 3586 1813 οὐκ
3609 1757 3763 1834 ὀλίγην

426 1855 462 1922 ἡ
521 1851 879 1925 συγχώρησις
931 1847 1311 1920 ἐνεγέγραπτο,
1372 1843 1580 1916 διεξιὼν
1639 1847 1727 1900 καὶ
1783 1847 1960 1921 ῥητῶς
2009 1850 2071 1902 τὸ

427 1939 831 2013 πλημμάλημα
886 1936 1062 2012 λέγων
1118 1936 1179 1989 τὸ
1221 1934 1308 1989 ἐπὶ
1363 1939 1442 2006 τῷ
1487 1939 1583 1989 τοῦ
1619 1935 1885 2009 βασιλέως
1918 1935 2067 1992 παιδὶ

432 2025 650 2099 δηλαδή
681 2025 922 2090 Ἰωάννη.
962 2025 1260 2098 συνεχώρει
1304 2028 1484 2098 τρανῷ
1535 2029 1615 2096 τῷ
1670 2025 1924 2095 στόματι,
1982 2028 2070 2080 καὶ

429 2118 512 2173 ἐπ’
542 2118 702 2172 αὐτὸν
733 2115 906 2175 ἄΛλος
934 2114 1025 2168 καὶ
1061 2114 1175 2185 μετ’
1222 2111 1423 2167 ἐκεῖνον
1463 2109 1646 2185 ἕτερος
1704 2115 1790 2168 καὶ
1852 2116 2075 2184 κσθεξῆς

428 2209 479 2262 οἱ
537 2208 768 2276 πάντες,
826 2205 871 2276 ᾧ
930 2202 1011 2280 ἐφ’
1068 2203 1274 2274 ἑκάστῳ
1332 2202 1773 2277 προσπίπτοντος
1826 2205 1914 2258 καὶ
1971 2207 2072 2273 τὴν

428 2297 778 2371 συγχώρησιν
811 2293 1159 2364 αἰτουμένου,
1212 2290 1408 2345 ἐκεῖνοι
1440 2293 1558 2345 καθ’
1602 2289 1694 2345 ἕνα
1740 2293 1829 2346 τὸν
1864 2292 2074 2367 χάρτην

429 2384 649 2459 ἔχοντες
679 2383 779 2436 ἀνά
815 2386 1028 2456 χεῖρας,
1087 2381 1176 2434 τὸν
1227 2378 1386 2434 αὐτὸν
1452 2381 1531 2452 τῷ
1585 2381 1896 2456 πατριάρχῃ
1953 2403 2075 2435 συν-

432 2475 680 2549 εχώρουν
735 2471 960 2544 τρόπον,
1022 2468 1266 2525 πῶλλῶν
1327 2469 1609 2544 χεομένων
1667 2467 2076 2544 διακρύων,καὶ

436 2561 648 2634 μᾶλλον
707 2564 816 2614 τῶν
848 2559 906 2613 ἐκ
933 2565 1032 2626 τῆς
1091 2556 1428 2632 συγκλήτου,
1460 2559 1597 2631 πρὸς
1646 2558 1944 2630 ὲξιλέωσιν.
1980 2560 2076 2614 Καὶ

427 2650 590 2713 τέλος
647 2649 872 2710 ἀναστὰς
929 2647 1017 2701 καὶ
1050 2647 1271 2724 ’τρόφου
1328 2647 1477 2722 ἱεροῦ
1538 2648 1845 2722 μετασχὼνΙ
1883 2648 1970 2702 καὶ
2003 2650 2077 2712 ὡς

429 2867 850 2940 dies,secunda
882 2864 1101 2920 mensis
1136 2863 1457 2933 Februarii,
1490 2881 1608 2936 qua
1639 2865 1892 2923 Ecclesia
1924 2869 2076 2924 cele-

429 2961 561 3016 brat
579 2959 796 3014 l'estum
819 2955 1216 3028 Hypapantes;
1230 2958 1287 3008 et
1308 2953 1641 3025 patriarcha
1655 2973 1787 3012 cum
1804 2959 2079 3014 omnibus

428 3048 722 3123 episcopis
753 3048 820 3102 ad
854 3045 1094 3100 multam
1121 3043 1462 3115 lampadum
1491 3045 1676 3102 lucem
1711 3047 1945 3118 hymnis
1977 3049 2081 3104 de-

2183 1848 2633 1921 διανενεμηκότος
2685 1847 2847 1921 ῗδίαν,
2903 1850 2992 1902 καὶ
3045 1851 3072 1903 6
3122 1850 3215 1922 μὶν
3273 1848 3572 1923 Νικηφόρος
3620 1849 3768 1922 ἠγάπα

2181 1937 2427 2012 κατέχεον
2482 1938 2548 1992 τὰ
2617 1938 2828 2005 ἑαυτοῦ,
2889 1939 2916 1992 6
2976 1936 3033 1992 δὲ
3103 1939 3355 2008 Ἰωάννης
3423 1937 3506 1992 καὶ
3563 1938 3675 2011 ὑπὲρ
3719 1935 3770 1990 τὰ

2185 2025 2492 2099 ἐσκαμμένα
2520 2024 2698 2096 πηδᾷν
2749 2026 2986 2100 ὠρέγετο
3045 2028 3135 2081 καὶ
3166 2031 3275 2081 τῶν
3304 2031 3400 2081 τοῦ
3431 2025 3643 2100 ἀδελφοῦ
3670 2026 3770 2079 ἀπο-

2184 2115 2455 2190 σχόμενος
2508 2121 2615 2170 τῶν
2669 2115 2952 2190 ἡμετέρων
3011 2119 3384 2191 προσήπτετο,
3437 2114 3683 2170 σκυλεύων
3721 2114 3768 2168 τὸ

2184 2205 2516 2278 προστυχὸν,
2548 2203 2781 2276 πολέμῳ
2839 2206 2934 2276 μὲν
2975 2204 3179 2259 ἐκεῖνον
3213 2207 3241 2258 ὁ
3283 2201 3527 2279 βασιλεὺς
3585 2204 3770 2275 μετιέναι

2186 2294 2286 2347 οὐκ
2315 2291 2607 2365 ἐδοκίμαζε
2639 2293 2972 2367 θερμουργὸν
3007 2295 3137 2348 ὅντα
3173 2293 3266 2347 καὶ
3310 2292 3424 2347 νέον
3466 2293 3627 2367 ἀρχῆς
3663 2292 3775 2363 ἀψά-

2191 2401 2372 2454 μενον,
2407 2379 2476 2434 δι’
2531 2381 2754 2454 εἰρήνης
2785 2379 2830 2435 δ’
2864 2381 3116 2436 ὑπελθεῖν
3167 2383 3255 2436 καὶ
3305 2380 3436 2435 κατὰ
3463 2378 3614 2448 κῆδος
3649 2379 3774 2432 σπέν-

2189 2468 2369 2534 δεσθαι
2406 2468 2603 2542 πολλῷ
2658 2476 2904 2546 κρεῖττον
2954 2473 3143 2546 ἡγεῖτο
3199 2475 3299 2525 τοῦ
3329 2469 3598 2542 πολεμεῖν.
3647 2469 3773 2530 Ὅθεν

2187 2561 2277 2616 καὶ
2311 2555 2618 2634 πρεσϐείαις
2649 2561 2743 2632 μὶν
2795 2561 2857 2614 τὸ
2916 2561 3156 2633 σκληρὸν
3216 2559 3420 2614 ἐκείνου
3453 2557 3684 2632 μαλάσσει
3707 2556 3775 2610 καὶ

2188 2647 2436 2719 αὔθαδες,
2469 2647 2583 2703 ἐπεὶ
2643 2646 2688 2703 δ’
2743 2648 2947 2711 ἐκεῖνος
3004 2648 3095 2704 καὶ
3153 2648 3354 2723 ὡραίαν
3411 2648 3576 2723 γάμου
3627 2645 3774 2722 Erga-ss

2186 2871 2434 2939 tumque
2465 2867 2753 2937 copiosas,
2797 2865 3046 2920 sollicite
3093 2865 3370 2938 deinceps
3416 2881 3537 2920 eum
3583 2877 3772 2926 curans,

2191 2958 2397 3013 multis
2429 2957 2702 3023 subinde,
2736 2957 2834 3026 qui
2868 2972 2998 3012 eum
3033 2955 3384 3012 necessariis
3413 2955 3564 3025 large
3603 2967 3772 3024 suppe-

2189 3047 2449 3103 ditandis
2480 3044 2948 3115 consolarentur,
2981 3050 3036 3100 et
3066 3045 3178 3100 sibi
3221 3061 3422 3099 carum
3471 3059 3590 3098 esse
3629 3039 3778 3096 verbis

429 3138 740 3196 cantandis
758 3134 2075 3210 solemnitaticonsentaneis,imperatorequo-
2109 3142 2152 3208 ο
2192 3137 2484 3206 rebusque
2514 3151 2689 3205 quam
2721 3135 3156 3189 ofﬁciosissime
3187 3138 3556 3199 testarentur,
3577 3129 3780 3186 missita-

433 3246 546 3301 que
577 3245 716 3284 suas
764 3233 880 3282 Deo
913 3240 1115 3296 preces
1164 3223 1513 3294 suppliciter
1557 3224 1852 3293 offerente,
1879 3227 2080 3298 splen-

433 3320 591 3382 dide,
625 3324 690 3372 ut
728 3318 874 3370 ritus
924 3320 981 3369 et
1029 3330 1157 3368 mos
1206 3313 1504 3384 legitimus
1564 3316 1859 3384 poscebat,
1915 3322 2081 3371 nocte

436 3405 794 3480 pervigilata,
819 3421 1044 3459 sacram
1079 3402 1378 3473 liturgiam
1435 3403 1786 3471 celebravit;
1843 3423 1970 3476 quas
2020 3410 2085 3460 ut

437 3502 670 3568 peracta
699 3500 821 3549 tota
852 3498 962 3560 est,
991 3493 1328 3563 imperator,
1381 3491 1481 3562 qui
1522 3499 1764 3547 eatenus
1815 3511 2078 3549 seorsum

437 3583 960 3654 steterat,stipante
989 3580 1148 3652 regio
1171 3579 1468 3646 satellitio,
1501 3597 1618 3635 una
1647 3598 1780 3637 cum
1812 3583 2083 3639 universo

439 3678 644 3729 senatu
678 3678 734 3728 et
782 3671 996 3726 civium
1049 3685 1308 3739 corpore,
1356 3671 1673 3737 procedens
1723 3671 1979 3726 admovit
2023 3690 2084 3728 se

433 3763 617 3818 sacris
649 3758 1148 3830 valvis,episcopis
1180 3759 1336 3812 intra
1367 3764 1596 3828 septum
1644 3759 1843 3816 altaris
1875 3761 2082 3816 stanti-

433 3853 565 3908 bus.
597 3851 678 3906 lhi
715 3849 809 3903 ille
843 3851 1068 3918 abjecto
1101 3846 1308 3918 Capitis
1344 3847 1621 3917 tegmine,
1659 3849 1816 3903 nudo
1849 3849 2082 3916 vertice,

430 3958 620 3997 coram
647 3941 793 3995 ειη
829 3945 945 3993 Deo
977 3937 1308 4007 procidens,
1342 3936 1411 3989 ad
1448 3937 1624 4006 pedes
1647 3943 1778 3992 ante
1803 3939 2000 3993 omnia
2022 3955 2083 3994 se

432 4033 504 4086 ab
531 4030 662 4100 jicit
687 4026 1028 4099 patriarchae
1053 4032 1106 4080 et
1138 4042 1313 4096 quam
1338 4025 1750 4080 ardentissima
1785 4027 2083 4098 supplica-

431 4124 589 4176 tione
621 4122 847 4171 veniam
887 4115 1088 4182 poscit.
1123 4115 1409 4168 confitens
1444 4131 1655 4185 magna
1701 4132 1840 4169 voce
1890 4117 2082 4172 scelus

434 4225 634 4265 suum.
667 4206 829 4259 Tune
865 4201 1380 4273 patriarcha,humi
1404 4202 1489 4255 sic
1517 4209 1783 4272 prostrat'
1830 4205 2080 4275 impera-

435 4304 578 4363 tore,
612 4295 869 4348 chartam
907 4307 1082 4360 quam
1112 4291 1167 4342 in
1206 4289 1478 4344 manibus
1502 4291 1756 4346 habebat
1806 4300 1859 4346 et
1911 4294 1964 4346 in
2015 4310 2083 4348 ea

437 4386 714 4456 scriptam
737 4381 1045 4436 formulam
1072 4377 1460 4432 absolutionis
1491 4379 1711 4448 legens,
1730 4386 1783 4434 et
1808 4382 2082 4437 distincte

437 4473 830 4549 pronuntians
850 4470 1075 4524 facinus
1095 4468 1362 4538 iniquum
1391 4467 1446 4520 in
1475 4468 1658 4522 {ilium
1687 4471 2080 4539 imperatoris,

433 4564 705 4620 videlicet
756 4561 1063 4622 Joannem,
1116 4563 1487 4622 attentalum,
1548 4558 1690 4612 illud
1745 4560 2080 4631 imperatori

433 4654 592 4710 clara
623 4667 756 4705 voce
789 4647 1154 4704 condonavit.
1191 4651 1328 4701 Post
1362 4645 1517 4700 hunc
1547 4650 1814 4702 eamdem
1868 4649 2083 4719 pariter

433 4741 749 4798 formulam
785 4739 1044 4793 recitavit
1075 4736 1224 4790 alius
1265 4736 1602 4806 episcopus,
1651 4737 1786 4792 inde
1818 4737 1991 4804 alius,
2025 4743 2082 4793 et

436 4834 522 4889 sic
551 4831 752 4886 ordine
787 4827 1039 4881 universi
1077 4826 1337 4896 legentes
1370 4841 1400 4878 e
1432 4827 1672 4897 scripto,
1709 4844 1899 4882 coram
1939 4845 2082 4883 uno-

436 4935 671 4994 quoque
702 4920 961 4987 ipsorum
995 4915 1252 4969 vicissim
1292 4930 1350 4969 se
1385 4922 1789 4986 prosternente
1821 4921 2081 4987 Augusto

434 5017 492 5068 et
521 5010 748 5064 veniam
783 5007 947 5062 enixe
981 5004 1332 5075 postulante,
1366 4994 1613 5070 cunctis,
1649 5007 1801 5060 sicut
1836 5009 2080 5076 patriar-

434 5107 545 5159 cha
568 5105 802 5166 fecerat,
837 5096 1342 5151 coandonantibus
1379 5111 1389 5149 :
1427 5096 1628 5150 multis
1663 5099 1810 5150 inter
1842 5098 1961 5151 haec
2005 5098 2082 5152 la-

434 5189 860 5265 crymantibus,
898 5188 1216 5255 praesertim
1257 5200 1287 5237 e
1337 5189 1566 5250 senatu,
1617 5201 1680 5238 ac
1733 5185 1827 5239 Dei
1879 5203 2080 5256 pacem

435 5277 837 5339 exorantibus.
869 5273 1126 5329 Tandem
1163 5288 1414 5341 surgens
1446 5273 1720 5342 princeps
1770 5289 1933 5328 sacro
1969 5275 2081 5327 im-

436 5370 682 5443 pertitus
713 5365 885 5435 epulo
917 5369 1026 5429 est,
1060 5363 1170 5417 sub
1205 5362 1357 5430 quod
1392 5361 1586 5415 debita
1610 5361 1712 5416 rite
1745 5363 2082 5416 adcretione

434 5462 799 5532 perfunctus,
848 5453 1101 5507 salutato
1153 5452 1402 5516 denique
1461 5455 1633 5515 coetu,
1688 5453 1742 5502 in
1803 5450 2078 5518 palatium

434 5542 967 5603 recessit.Decrevit
1000 5545 1194 5592 autem
1232 5539 1456 5593 incluso
1491 5539 1639 5607 apud
1680 5539 1989 5593 Nicetiatas
2025 5541 2078 5594 in

434 5650 568 5691 arce
601 5631 900 5701 Daeibyzze
933 5626 1144 5683 Joanni
1176 5625 1488 5697 pensiones
1519 5626 1578 5680 in
1635 5626 1849 5682 victum
1902 5629 2078 5686 vesti-

2193 3226 2288 3280 tis.
2326 3225 2614 3293 Hincjam
2648 3223 2988 3278 solutiorem
3047 3223 3318 3278 animum
3373 3223 3443 3277 ad
3500 3218 3777 3292 reipublica

2195 3313 2659 3386 procurationem
2688 3312 3016 3368 studiosius
3047 3313 3236 3367 vertit.

2191 3431 2280 3485 26.
2315 3431 2387 3485 De
2416 3431 2662 3497 nuptiali
2687 3429 2887 3498 fmdere
2932 3431 3080 3484 inter
3111 3429 3525 3484 Tarchoniotam
3550 3425 3778 3482 Androni-

2263 3519 2384 3557 cum
2416 3501 2600 3570 ﬁlium
2629 3502 2858 3556 Μανιὴιπ
2897 3501 3100 3556 sororis
3140 3504 3520 3572 imperatoris,
3558 3503 3603 3554 et
3643 3498 3779 3567 ﬁliam

2261 3573 2492 3630 Joannis
2525 3576 2583 3628 in
2612 3573 2908 3631 Occidente
2935 3573 3296 3629 dominantis.

2263 3672 2514 3726 Tumere
2546 3670 2754 3725 deinde
2776 3688 2982 3726 rursus
3003 3676 3061 3726 et
3091 3671 3415 3725 tumultum
3441 3666 3636 3724 minari
3654 3662 3780 3719 Occi-

2193 3761 2292 3815 dui
2326 3763 2548 3814 tractus
2572 3775 2663 3814 res
2687 3766 3005 3830 cmperunt,
3026 3762 3270 3830 despota
3293 3757 3557 3814 Michaele
3575 3760 3778 3810 mortuo.

2195 3851 2249 3904 Is
2277 3849 2668 3920 principatum
2701 3849 2936 3919 quidem
2967 3866 3140 3903 suum
3194 3849 3456 3919 legitimo
3505 3842 3782 3902 transmisit

2193 3938 2515 3992 successori
2559 3937 2884 4009 Nicephoro
2919 3936 3056 4007 ﬁlio,
3093 3938 3253 3991 fratri
3291 3943 3482 3992 autem
3506 3937 3622 4004 ejus
3642 3931 3781 3988 notho

2190 4027 2402 4082 Joanni
2439 4043 2553 4080 non
2607 4043 2841 4096 parvam
2898 4027 3196 4097 regionem
3256 4026 3538 4096 prepriam
3586 4021 3781 4091 excepit,

2193 4133 2306 4187 qua
2342 4117 2388 4170 is
2413 4116 2521 4169 sibi
2559 4114 2836 4184 peculiari
2874 4116 3165 4170 frueretur
3187 4114 3365 4182 ;308
3389 4132 3452 4168 ac
3480 4113 3783 4182 Nicephorus

2192 4205 2429 4276 quidem
2465 4209 2776 4258 contentus
2811 4221 2917 4258 sua
2949 4211 3104 4260 sorte
3131 4207 3328 4276 quiete
3352 4202 3783 4276 agebat,J0annes

2192 4311 2324 4348 vero
2373 4293 2618 4362 inquieti
2667 4293 2754 4346 vir
2810 4293 3051 4363 ingenii,
3113 4301 3372 4349 zestuans
3420 4296 3562 4348 intra
3613 4287 3782 4342 limites

2194 4388 2477 4453 angustos
2507 4387 2564 4436 et
2594 4398 2898 4452 erumpere
2931 4383 3210 4451 gestiens,
3249 4384 3445 4438 fratris
3492 4391 3666 4435 tamen
3716 4375 3784 4428 di-

2193 4474 2348 4526 tione
2378 4471 2727 4536 abstinebat,
2763 4476 2994 4526 nostras
3019 4472 3128 4525 sibi
3165 4472 3450 4527 finitimas
3499 4464 3783 4524 incursabat

2193 4565 2395 4626 terras,
2443 4576 2623 4630 agens
2669 4558 2978 4630 ferensque
3014 4561 3304 4632 quidquid
3366 4561 3684 4615 occurreret.
3727 4551 3782 4604 Es

2191 4650 2404 4718 injuria
2433 4648 2751 4718 imperator
2782 4649 3013 4719 cognita
3045 4650 3196 4704 bello
3231 4656 3421 4705 tamen
3452 4643 3777 4702 adoriendum

2190 4755 2304 4793 non
2373 4738 2596 4807 putavit
2655 4738 2932 4806 juvenem
2993 4739 3403 4808 prefervidum
3456 4742 3509 4792 et
3572 4735 3779 4789 novitate

2193 4828 2554 4898 principatus
2583 4828 2906 4897 projectum
2934 4827 3004 4881 ad
3025 4827 3357 4881 audendum
3385 4825 3616 4898 quidvis,
3636 4820 3781 4875 tutius

2190 4916 2509 4971 arbitratus
2541 4915 2843 4969 insinuare
2875 4932 2934 4969 se
2959 4915 3328 4986 ipsifpacatis
3361 4915 3591 4977 artibus,
3619 4914 3666 4965 et
3684 4905 3782 4962 alii-

2193 5006 2390 5061 uitatis
2441 5023 2573 5060 cum
2622 5006 3059 5060 necessitudine
3109 5005 3420 5060 conciliare
3466 5004 3585 5059 sibi.
3632 5001 3779 5064 Ουδτθ

2194 5097 2438 5151 lerocem
2473 5097 2602 5165 ejus
2659 5097 2923 5149 animum
2978 5094 3265 5167 legatione
3311 5095 3518 5149 blande
3570 5083 3776 5160 supplici

2191 5185 2502 5253 deliniens,
2539 5184 2833 5239 hominem
2889 5185 2960 5239 ad
3009 5202 3208 5256 pacem
3266 5183 3523 5239 invitavit
3575 5171 3776 5247 nuptiali

2191 5274 2403 5329 findere
2430 5275 2801 5338 firmandam,
2830 5273 3154 5344 lilia,quam
3192 5276 3238 5328 is
3273 5273 3515 5328 habebat
3541 5265 3774 5324 nubilem,

2192 5364 2427 5419 cuidam
2469 5381 2538 5417 ex
2587 5364 2963 5433 imperatoris
3013 5363 3462 5432 consanguineis
3501 5352 3775 5429 jungenda.

2193 5455 2326 5508 Erat
2356 5452 2445 5506 hic
2473 5452 2726 5507 JOannes
2748 5451 2942 5505 indole
2967 5456 3263 5514 strenuus,
3285 5467 3457 5504 manu
3499 5448 3772 5519 promptus,

2193 5542 2426 5612 ingenio
2459 5559 2739 5612 praeceps,
2775 5547 2828 5593 et
2863 5557 3212 5610 quocunque
3237 5540 3602 5603 incumberet,
3641 5530 3768 5584 vebe'

2191 5629 2382 5700 niens,
2415 5630 2486 5685 ad
2520 5629 2639 5684 haec
2675 5645 2780 5685 usu
2815 5629 3099 5701 preditus
3131 5631 3210 5684 rei
3243 5627 3510 5685 militaris
3536 5626 3693 5688 tanto,
3723 5619 3771 5671 ul
