  <div class='ocr_page' id='page_1' title='image "/cluster/home/n/w/nwhite01/storage/ocr_20150623/143/hvd.32044073502585/384.png"; bbox 0 0 3920 6196; ppageno 0'>
   <div class='ocr_carea' id='block_1_1' title="bbox 211 250 307 305">
    <p class='ocr_par' dir='ltr' id='par_1_1' title="bbox 211 250 307 305">
     <span class='ocr_line' id='line_1_1' title="bbox 211 250 307 305; baseline -0.031 0"><span class='ocrx_word' id='word_1_1' title='bbox 211 250 307 305; x_wconf 83' lang='grc'><strong>757</strong></span> 
     </span>
    </p>
   </div>
   <div class='ocr_carea' id='block_1_2' title="bbox 212 361 2168 448">
    <p class='ocr_par' dir='ltr' id='par_1_2' title="bbox 212 361 2168 448">
     <span class='ocr_line' id='line_1_2' title="bbox 212 361 2168 448; baseline -0.005 -19"><span class='ocrx_word' id='word_1_2' title='bbox 212 370 502 448; x_wconf 76' lang='grc' dir='ltr'>θυγατέρα,</span> <span class='ocrx_word' id='word_1_3' title='bbox 557 364 813 424; x_wconf 75' lang='grc' dir='ltr'>ἐϐούλετο</span> <span class='ocrx_word' id='word_1_4' title='bbox 873 364 964 422; x_wconf 81' lang='grc' dir='ltr'>διὰ</span> <span class='ocrx_word' id='word_1_5' title='bbox 1020 365 1223 437; x_wconf 76' lang='grc' dir='ltr'>κήδους</span> <span class='ocrx_word' id='word_1_6' title='bbox 1284 361 1683 441; x_wconf 86' lang='grc' dir='ltr'>βεϐαιώσασθαι</span> <span class='ocrx_word' id='word_1_7' title='bbox 1740 368 1837 436; x_wconf 80' lang='grc' dir='ltr'>τὴν</span> <span class='ocrx_word' id='word_1_8' title='bbox 1871 371 2055 437; x_wconf 79' lang='grc' dir='ltr'>Ατει,</span> <span class='ocrx_word' id='word_1_9' title='bbox 2116 367 2168 420; x_wconf 85' lang='grc' dir='ltr'><strong>οἶ</strong></span> 
     </span>
    </p>
   </div>
   <div class='ocr_carea' id='block_1_3' title="bbox 211 454 1841 537">
    <p class='ocr_par' dir='ltr' id='par_1_3' title="bbox 211 454 1841 537">
     <span class='ocr_line' id='line_1_3' title="bbox 211 454 1841 537; baseline -0.015 -18"><span class='ocrx_word' id='word_1_10' title='bbox 211 464 442 537; x_wconf 72' lang='grc' dir='ltr'>εἰρήνην.</span> <span class='ocrx_word' id='word_1_11' title='bbox 494 461 595 513; x_wconf 77' lang='grc' dir='ltr'><strong>νυν</strong></span> <span class='ocrx_word' id='word_1_12' title='bbox 644 460 743 533; x_wconf 71' lang='grc' dir='ltr'><strong>γὰρ</strong></span> <span class='ocrx_word' id='word_1_13' title='bbox 794 458 882 512; x_wconf 82' lang='grc' dir='ltr'><strong>καὶ</strong></span> <span class='ocrx_word' id='word_1_14' title='bbox 914 454 1101 519; x_wconf 82' lang='grc' dir='ltr'>ἄλλως</span> <span class='ocrx_word' id='word_1_15' title='bbox 1144 458 1171 511; x_wconf 91' lang='grc' dir='ltr'>ὁ</span> <span class='ocrx_word' id='word_1_16' title='bbox 1204 456 1456 527; x_wconf 79' lang='grc' dir='ltr'><strong>Ἰωάννης</strong></span> <span class='ocrx_word' id='word_1_17' title='bbox 1488 454 1841 531; x_wconf 63' lang='grc' dir='ltr'><strong>δραστήριος,</strong></span> 
     </span>
    </p>
   </div>
   <div class='ocr_carea' id='block_1_4' title="bbox 211 545 1841 621">
    <p class='ocr_par' dir='ltr' id='par_1_4' title="bbox 211 545 1841 621">
     <span class='ocr_line' id='line_1_4' title="bbox 211 545 1841 621; baseline -0.004 -16"><span class='ocrx_word' id='word_1_18' title='bbox 211 552 278 613; x_wconf 87' lang='grc' dir='ltr'>ὡς</span> <span class='ocrx_word' id='word_1_19' title='bbox 322 550 406 604; x_wconf 79' lang='grc' dir='ltr'><strong>καὶ</strong></span> <span class='ocrx_word' id='word_1_20' title='bbox 581 551 687 601; x_wconf 85' lang='grc' dir='ltr'><strong>τῶν</strong></span> <span class='ocrx_word' id='word_1_21' title='bbox 722 545 1170 617; x_wconf 69' lang='grc' dir='ltr'><strong>ἐπιτηδευμάτων</strong></span> <span class='ocrx_word' id='word_1_22' title='bbox 1202 545 1472 620; x_wconf 67' lang='grc' dir='ltr'>ταχύτητι</span> <span class='ocrx_word' id='word_1_23' title='bbox 1504 546 1595 600; x_wconf 78' lang='grc' dir='ltr'><strong>σὺν</strong></span> <span class='ocrx_word' id='word_1_24' title='bbox 1619 546 1689 616; x_wconf 71' lang='grc' dir='ltr'>τῇ</span> <span class='ocrx_word' id='word_1_25' title='bbox 1717 545 1841 618; x_wconf 75' lang='grc' dir='ltr'>περὶ</span> 
     </span>
    </p>
   </div>
   <div class='ocr_carea' id='block_1_5' title="bbox 206 634 1842 713">
    <p class='ocr_par' dir='ltr' id='par_1_5' title="bbox 206 634 1842 713">
     <span class='ocr_line' id='line_1_5' title="bbox 206 634 1842 713; baseline -0.003 -21"><span class='ocrx_word' id='word_1_26' title='bbox 206 642 289 701; x_wconf 73' lang='grc' dir='ltr'>τὰς</span> <span class='ocrx_word' id='word_1_27' title='bbox 345 638 521 713; x_wconf 82' lang='grc' dir='ltr'>μάχας</span> <span class='ocrx_word' id='word_1_28' title='bbox 579 636 785 690; x_wconf 83' lang='grc' dir='ltr'>συνέσει</span> <span class='ocrx_word' id='word_1_29' title='bbox 844 635 934 689; x_wconf 82' lang='grc' dir='ltr'><strong>καὶ</strong></span> <span class='ocrx_word' id='word_1_30' title='bbox 989 635 1110 690; x_wconf 86' lang='grc' dir='ltr'>λίαν</span> <span class='ocrx_word' id='word_1_31' title='bbox 1170 635 1566 711; x_wconf 82' lang='grc' dir='ltr'>ἀριστουργεῖν,</span> <span class='ocrx_word' id='word_1_32' title='bbox 1624 636 1713 689; x_wconf 80' lang='grc' dir='ltr'><strong>καὶ</strong></span> <span class='ocrx_word' id='word_1_33' title='bbox 1768 634 1842 695; x_wconf 85' lang='grc' dir='ltr'><strong>εἷς</strong></span> 
     </span>
    </p>
   </div>
   <div class='ocr_carea' id='block_1_6' title="bbox 208 723 1840 797">
    <p class='ocr_par' dir='ltr' id='par_1_6' title="bbox 208 723 1840 797">
     <span class='ocr_line' id='line_1_6' title="bbox 208 723 1840 797; baseline -0.006 -12"><span class='ocrx_word' id='word_1_34' title='bbox 208 729 313 789; x_wconf 81' lang='grc' dir='ltr'>δέος</span> <span class='ocrx_word' id='word_1_35' title='bbox 367 730 456 781; x_wconf 80' lang='grc' dir='ltr'>τὸν</span> <span class='ocrx_word' id='word_1_36' title='bbox 517 723 784 795; x_wconf 81' lang='grc' dir='ltr'>δεσπότην</span> <span class='ocrx_word' id='word_1_37' title='bbox 818 723 1089 785; x_wconf 74' lang='grc' dir='ltr'>πολλάκις</span> <span class='ocrx_word' id='word_1_38' title='bbox 1132 723 1314 791; x_wconf 82' lang='grc' dir='ltr'>ἐτίθει,</span> <span class='ocrx_word' id='word_1_39' title='bbox 1369 728 1590 797; x_wconf 78' lang='grc' dir='ltr'>μήπως</span> <span class='ocrx_word' id='word_1_40' title='bbox 1620 724 1707 778; x_wconf 84' lang='grc' dir='ltr'><strong>καὶ</strong></span> <span class='ocrx_word' id='word_1_41' title='bbox 1745 723 1840 777; x_wconf 82' lang='grc' dir='ltr'>αὐ-</span> 
     </span>
    </p>
   </div>
   <div class='ocr_carea' id='block_1_7' title="bbox 202 812 1844 888">
    <p class='ocr_par' dir='ltr' id='par_1_7' title="bbox 202 812 1844 888">
     <span class='ocr_line' id='line_1_7' title="bbox 202 812 1844 888; baseline -0.004 -15"><span class='ocrx_word' id='word_1_42' title='bbox 202 820 284 874; x_wconf 83' lang='grc' dir='ltr'>τὸν</span> <span class='ocrx_word' id='word_1_43' title='bbox 312 813 769 887; x_wconf 80' lang='grc' dir='ltr'>ἐπιτηδευόμενος</span> <span class='ocrx_word' id='word_1_44' title='bbox 798 812 1235 888; x_wconf 73' lang='grc' dir='ltr'>παρακρούσαιτο</span> <span class='ocrx_word' id='word_1_45' title='bbox 1280 814 1369 867; x_wconf 83' lang='grc' dir='ltr'>καί</span> <span class='ocrx_word' id='word_1_46' title='bbox 1426 813 1494 887; x_wconf 76' lang='grc' dir='ltr'>τῇ</span> <span class='ocrx_word' id='word_1_47' title='bbox 1545 820 1645 881; x_wconf 79' lang='grc' dir='ltr'>τῆς</span> <span class='ocrx_word' id='word_1_48' title='bbox 1685 812 1844 882; x_wconf 88' lang='grc' dir='ltr'>νίκης</span> 
     </span>
    </p>
   </div>
   <div class='ocr_carea' id='block_1_8' title="bbox 202 899 1842 978">
    <p class='ocr_par' dir='ltr' id='par_1_8' title="bbox 202 899 1842 978">
     <span class='ocr_line' id='line_1_8' title="bbox 202 899 1842 978; baseline -0.004 -16"><span class='ocrx_word' id='word_1_49' title='bbox 202 905 371 977; x_wconf 78' lang='grc' dir='ltr'>ἀδοξίᾳ</span> <span class='ocrx_word' id='word_1_50' title='bbox 420 899 742 978; x_wconf 78' lang='grc' dir='ltr'>περιϐαλεῖν</span> <span class='ocrx_word' id='word_1_51' title='bbox 779 900 1063 972; x_wconf 80' lang='grc' dir='ltr'>δυνηθείη.</span> <span class='ocrx_word' id='word_1_52' title='bbox 1124 902 1222 956; x_wconf 82' lang='grc' dir='ltr'>Διά</span> <span class='ocrx_word' id='word_1_53' title='bbox 1251 906 1415 956; x_wconf 75' lang='grc' dir='ltr'>ταῦτα</span> <span class='ocrx_word' id='word_1_54' title='bbox 1463 902 1552 956; x_wconf 86' lang='grc' dir='ltr'><strong>καὶ</strong></span> <span class='ocrx_word' id='word_1_55' title='bbox 1613 900 1842 963; x_wconf 77' lang='grc' dir='ltr'>σπεύσας</span> 
     </span>
    </p>
   </div>
   <div class='ocr_carea' id='block_1_9' title="bbox 201 990 1839 1070">
    <p class='ocr_par' dir='ltr' id='par_1_9' title="bbox 201 990 1839 1070">
     <span class='ocr_line' id='line_1_9' title="bbox 201 990 1839 1070; baseline -0.004 -20"><span class='ocrx_word' id='word_1_56' title='bbox 201 997 225 1051; x_wconf 78' lang='grc' dir='ltr'><strong>ὁ</strong></span> <span class='ocrx_word' id='word_1_57' title='bbox 281 992 532 1070; x_wconf 68' lang='grc' dir='ltr'>βασιλεὺς</span> <span class='ocrx_word' id='word_1_58' title='bbox 590 993 709 1047; x_wconf 79' lang='grc' dir='ltr'>Λίαν</span> <span class='ocrx_word' id='word_1_59' title='bbox 772 997 954 1069; x_wconf 75' lang='grc' dir='ltr'>σοφῶς</span> <span class='ocrx_word' id='word_1_60' title='bbox 1010 1012 1069 1046; x_wconf 84' lang='grc' dir='ltr'><strong>τε</strong></span> <span class='ocrx_word' id='word_1_61' title='bbox 1100 991 1189 1045; x_wconf 88' lang='grc' dir='ltr'><strong>καὶ</strong></span> <span class='ocrx_word' id='word_1_62' title='bbox 1220 990 1480 1069; x_wconf 80' lang='grc' dir='ltr'>ἀσφαλῶς</span> <span class='ocrx_word' id='word_1_63' title='bbox 1506 992 1607 1060; x_wconf 77' lang='grc' dir='ltr'>τήν</span> <span class='ocrx_word' id='word_1_64' title='bbox 1634 991 1839 1046; x_wconf 79' lang='grc' dir='ltr'>ἐκείνου</span> 
     </span>
    </p>
   </div>
   <div class='ocr_carea' id='block_1_10' title="bbox 198 1078 1839 1161">
    <p class='ocr_par' dir='ltr' id='par_1_10' title="bbox 198 1078 1839 1161">
     <span class='ocr_line' id='line_1_10' title="bbox 198 1078 1839 1161; baseline -0.004 -21"><span class='ocrx_word' id='word_1_65' title='bbox 198 1078 702 1161; x_wconf 72' lang='grc' dir='ltr'>προκατελάμϐανεν</span> <span class='ocrx_word' id='word_1_66' title='bbox 784 1078 1011 1150; x_wconf 69' lang='grc' dir='ltr'>εὔνοιαν,</span> <span class='ocrx_word' id='word_1_67' title='bbox 1088 1080 1179 1135; x_wconf 87' lang='grc' dir='ltr'><strong>καὶ</strong></span> <span class='ocrx_word' id='word_1_68' title='bbox 1261 1081 1360 1148; x_wconf 85' lang='grc' dir='ltr'>τήν</span> <span class='ocrx_word' id='word_1_69' title='bbox 1427 1079 1687 1154; x_wconf 87' lang='grc' dir='ltr'>θυγατέρα</span> <span class='ocrx_word' id='word_1_70' title='bbox 1743 1085 1839 1134; x_wconf 69' lang='grc' dir='ltr'>τοῦ</span> 
     </span>
    </p>
   </div>
   <div class='ocr_carea' id='block_1_11' title="bbox 198 1169 1840 1245">
    <p class='ocr_par' dir='ltr' id='par_1_11' title="bbox 198 1169 1840 1245">
     <span class='ocr_line' id='line_1_11' title="bbox 198 1169 1840 1245; baseline -0.005 -14"><span class='ocrx_word' id='word_1_71' title='bbox 198 1174 433 1232; x_wconf 84' lang='grc' dir='ltr'>Ἰωάννου</span> <span class='ocrx_word' id='word_1_72' title='bbox 489 1177 573 1244; x_wconf 82' lang='grc' dir='ltr'>τῷ</span> <span class='ocrx_word' id='word_1_73' title='bbox 632 1174 838 1245; x_wconf 72' lang='grc' dir='ltr'>ἀνεψιῷ</span> <span class='ocrx_word' id='word_1_74' title='bbox 895 1170 1061 1225; x_wconf 74' lang='grc' dir='ltr'>αὐτοῦ</span> <span class='ocrx_word' id='word_1_75' title='bbox 1117 1169 1206 1225; x_wconf 77' lang='grc' dir='ltr'>καὶ</span> <span class='ocrx_word' id='word_1_76' title='bbox 1247 1170 1349 1241; x_wconf 74' lang='grc' dir='ltr'>υἱῷ</span> <span class='ocrx_word' id='word_1_77' title='bbox 1377 1174 1455 1241; x_wconf 81' lang='grc' dir='ltr'>τῷ</span> <span class='ocrx_word' id='word_1_78' title='bbox 1483 1176 1583 1238; x_wconf 79' lang='grc' dir='ltr'>τῆς</span> <span class='ocrx_word' id='word_1_79' title='bbox 1622 1170 1840 1243; x_wconf 81' lang='grc' dir='ltr'>Μάρθας</span> 
     </span>
    </p>
   </div>
   <div class='ocr_carea' id='block_1_12' title="bbox 193 1257 1838 1340">
    <p class='ocr_par' dir='ltr' id='par_1_12' title="bbox 193 1257 1838 1340">
     <span class='ocr_line' id='line_1_12' title="bbox 193 1257 1838 1340; baseline -0.004 -21"><span class='ocrx_word' id='word_1_80' title='bbox 193 1262 540 1340; x_wconf 75' lang='grc' dir='ltr'><strong>Ἀνδρονίκῳ,</strong></span> <span class='ocrx_word' id='word_1_81' title='bbox 599 1263 821 1335; x_wconf 79' lang='grc' dir='ltr'>πέμψας</span> <span class='ocrx_word' id='word_1_82' title='bbox 874 1259 965 1315; x_wconf 79' lang='grc' dir='ltr'><strong>καὶ</strong></span> <span class='ocrx_word' id='word_1_83' title='bbox 1029 1258 1119 1314; x_wconf 75' lang='grc' dir='ltr'>σὺν</span> <span class='ocrx_word' id='word_1_84' title='bbox 1179 1258 1277 1314; x_wconf 78' lang='grc' dir='ltr'>οὐκ</span> <span class='ocrx_word' id='word_1_85' title='bbox 1326 1257 1487 1335; x_wconf 76' lang='grc' dir='ltr'>ὀλίγῃ</span> <span class='ocrx_word' id='word_1_86' title='bbox 1533 1263 1671 1333; x_wconf 79' lang='grc' dir='ltr'>τιμῇ</span> <span class='ocrx_word' id='word_1_87' title='bbox 1703 1258 1838 1332; x_wconf 89' lang='grc' dir='ltr'>ἀγα-</span> 
     </span>
    </p>
   </div>
   <div class='ocr_carea' id='block_1_13' title="bbox 194 1346 1837 1428">
    <p class='ocr_par' dir='ltr' id='par_1_13' title="bbox 194 1346 1837 1428">
     <span class='ocr_line' id='line_1_13' title="bbox 194 1346 1837 1428; baseline -0.004 -21"><span class='ocrx_word' id='word_1_88' title='bbox 194 1354 333 1428; x_wconf 84' lang='grc' dir='ltr'>γὼν,</span> <span class='ocrx_word' id='word_1_89' title='bbox 401 1352 483 1413; x_wconf 86' lang='grc' dir='ltr'>εἷς</span> <span class='ocrx_word' id='word_1_90' title='bbox 538 1352 715 1427; x_wconf 81' lang='grc' dir='ltr'>γάμον</span> <span class='ocrx_word' id='word_1_91' title='bbox 776 1346 955 1405; x_wconf 79' lang='grc' dir='ltr'>ἐδίδου</span> <span class='ocrx_word' id='word_1_92' title='bbox 990 1394 1006 1418; x_wconf 90' lang='grc'><strong>,</strong></span> <span class='ocrx_word' id='word_1_93' title='bbox 1065 1348 1351 1420; x_wconf 74' lang='grc' dir='ltr'><strong>ὀνομάζων</strong></span> <span class='ocrx_word' id='word_1_94' title='bbox 1408 1348 1458 1418; x_wconf 79' lang='grc' dir='ltr'><strong>ἐξ</strong></span> <span class='ocrx_word' id='word_1_95' title='bbox 1512 1346 1837 1419; x_wconf 72' lang='grc' dir='ltr'>ἀξιωμάτων</span> 
     </span>
    </p>
   </div>
   <div class='ocr_carea' id='block_1_14' title="bbox 191 1434 1833 1517">
    <p class='ocr_par' dir='ltr' id='par_1_14' title="bbox 191 1434 1833 1517">
     <span class='ocr_line' id='line_1_14' title="bbox 191 1434 1833 1517; baseline -0.004 -21"><span class='ocrx_word' id='word_1_96' title='bbox 191 1444 273 1497; x_wconf 87' lang='grc' dir='ltr'>τὸν</span> <span class='ocrx_word' id='word_1_97' title='bbox 318 1437 570 1517; x_wconf 79' lang='grc' dir='ltr'>γαμϐρὸν</span> <span class='ocrx_word' id='word_1_98' title='bbox 634 1440 802 1514; x_wconf 81' lang='grc' dir='ltr'>μέγαν</span> <span class='ocrx_word' id='word_1_99' title='bbox 860 1434 1255 1506; x_wconf 78' lang='grc' dir='ltr'>κονοσταῦλον,</span> <span class='ocrx_word' id='word_1_100' title='bbox 1319 1437 1411 1491; x_wconf 89' lang='grc' dir='ltr'>τὸν</span> <span class='ocrx_word' id='word_1_101' title='bbox 1468 1435 1525 1492; x_wconf 70' lang='grc' dir='ltr'>δὲ</span> <span class='ocrx_word' id='word_1_102' title='bbox 1581 1438 1833 1511; x_wconf 84' lang='grc' dir='ltr'>πενθερὸν</span> 
     </span>
    </p>
   </div>
   <div class='ocr_carea' id='block_1_15' title="bbox 192 1523 1832 1603">
    <p class='ocr_par' dir='ltr' id='par_1_15' title="bbox 192 1523 1832 1603">
     <span class='ocr_line' id='line_1_15' title="bbox 192 1523 1832 1603; baseline -0.006 -16"><span class='ocrx_word' id='word_1_103' title='bbox 192 1528 432 1599; x_wconf 67' lang='grc' dir='ltr'>Ἰωάννην</span> <span class='ocrx_word' id='word_1_104' title='bbox 522 1523 1011 1603; x_wconf 84' lang='grc' dir='ltr'>σεϐαστοκράτορα.</span> <span class='ocrx_word' id='word_1_105' title='bbox 1103 1526 1198 1583; x_wconf 85' lang='grc' dir='ltr'>Καὶ</span> <span class='ocrx_word' id='word_1_106' title='bbox 1272 1530 1352 1597; x_wconf 75' lang='grc' dir='ltr'><strong>τῷ</strong></span> <span class='ocrx_word' id='word_1_107' title='bbox 1441 1526 1533 1598; x_wconf 71' lang='grc' dir='ltr'>μὲν</span> <span class='ocrx_word' id='word_1_108' title='bbox 1616 1527 1832 1599; x_wconf 78' lang='grc' dir='ltr'><strong>Ἰωάννῃ</strong></span> 
     </span>
    </p>
   </div>
   <div class='ocr_carea' id='block_1_16' title="bbox 193 1612 1832 1688">
    <p class='ocr_par' dir='ltr' id='par_1_16' title="bbox 193 1612 1832 1688">
     <span class='ocr_line' id='line_1_16' title="bbox 193 1612 1832 1688; baseline -0.004 -14"><span class='ocrx_word' id='word_1_109' title='bbox 193 1617 469 1675; x_wconf 55' lang='lat' dir='ltr'><strong>imi-laeto</strong></span> <span class='ocrx_word' id='word_1_110' title='bbox 528 1616 619 1673; x_wconf 74' lang='grc' dir='ltr'>διὰ</span> <span class='ocrx_word' id='word_1_111' title='bbox 681 1621 868 1685; x_wconf 76' lang='grc' dir='ltr'>ταῦτα,</span> <span class='ocrx_word' id='word_1_112' title='bbox 924 1617 1014 1670; x_wconf 86' lang='grc' dir='ltr'><strong>καὶ</strong></span> <span class='ocrx_word' id='word_1_113' title='bbox 1073 1615 1195 1670; x_wconf 81' lang='grc' dir='ltr'>ὅσον</span> <span class='ocrx_word' id='word_1_114' title='bbox 1256 1615 1316 1669; x_wconf 84' lang='grc' dir='ltr'><strong>τὸ</strong></span> <span class='ocrx_word' id='word_1_115' title='bbox 1380 1616 1542 1688; x_wconf 82' lang='grc' dir='ltr'>μέρος</span> <span class='ocrx_word' id='word_1_116' title='bbox 1604 1612 1832 1683; x_wconf 82' lang='grc' dir='ltr'>ἐκείνου,</span> 
     </span>
    </p>
   </div>
   <div class='ocr_carea' id='block_1_17' title="bbox 1441 1526 1533 1598">
    <p class='ocr_par' dir='ltr' id='par_1_17' title="bbox 1441 1526 1533 1598">
     <span class='ocr_line' id='line_1_17' title="bbox 1441 1526 1533 1598; baseline -0.022 -18"><span class='ocrx_word' id='word_1_117' title='bbox 1441 1526 1533 1598; x_wconf 70' lang='grc' dir='ltr'>μὲν</span> 
     </span>
    </p>
   </div>
   <div class='ocr_carea' id='block_1_18' title="bbox 1229 245 2528 302">
    <p class='ocr_par' dir='ltr' id='par_1_18' title="bbox 1229 245 2528 302">
     <span class='ocr_line' id='line_1_18' title="bbox 1229 245 2528 302; baseline 0 -2"><span class='ocrx_word' id='word_1_118' title='bbox 1229 247 1326 300; x_wconf 82' lang='lat' dir='ltr'><strong>DE</strong></span> <span class='ocrx_word' id='word_1_119' title='bbox 1364 246 1737 300; x_wconf 78' lang='lat' dir='ltr'><strong>MICHAELB</strong></span> <span class='ocrx_word' id='word_1_120' title='bbox 1776 245 2222 301; x_wconf 69' lang='lat' dir='ltr'><strong>PALEOLOGO</strong></span> <span class='ocrx_word' id='word_1_121' title='bbox 2256 249 2390 302; x_wconf 83' lang='lat' dir='ltr'><strong>LIB.</strong></span> <span class='ocrx_word' id='word_1_122' title='bbox 2430 248 2528 301; x_wconf 82' lang='lat' dir='ltr'><strong>IV.</strong></span> 
     </span>
    </p>
   </div>
   <div class='ocr_carea' id='block_1_19' title="bbox 3492 243 3602 299">
    <p class='ocr_par' dir='ltr' id='par_1_19' title="bbox 3492 243 3602 299">
     <span class='ocr_line' id='line_1_19' title="bbox 3492 243 3602 299; baseline 0.009 -1"><span class='ocrx_word' id='word_1_123' title='bbox 3492 243 3602 299; x_wconf 82' lang='grc'><strong>758</strong></span> 
     </span>
    </p>
   </div>
   <div class='ocr_carea' id='block_1_20' title="bbox 2224 365 3596 445">
    <p class='ocr_par' dir='ltr' id='par_1_20' title="bbox 2224 365 3596 445">
     <span class='ocr_line' id='line_1_20' title="bbox 2224 365 3414 424; baseline 0.003 -3"><span class='ocrx_word' id='word_1_124' title='bbox 2224 365 2268 421; x_wconf 83' lang='grc' dir='ltr'>δ’</span> <span class='ocrx_word' id='word_1_125' title='bbox 2335 368 2347 385; x_wconf 70' lang='grc'><strong>⁸</strong></span> <span class='ocrx_word' id='word_1_126' title='bbox 2404 369 2417 388; x_wconf 85' lang='grc'><strong>’</strong></span> <span class='ocrx_word' id='word_1_127' title='bbox 2473 368 2496 423; x_wconf 82' lang='grc' dir='ltr'>ἐ</span> <span class='ocrx_word' id='word_1_128' title='bbox 2567 367 2581 422; x_wconf 82' lang='grc' dir='ltr'><strong>ί</strong></span> <span class='ocrx_word' id='word_1_129' title='bbox 2794 365 2922 424; x_wconf 87' lang='grc' dir='ltr'>λλ’</span> <span class='ocrx_word' id='word_1_130' title='bbox 3049 366 3080 423; x_wconf 76' lang='grc' dir='ltr'>ὅ</span> <span class='ocrx_word' id='word_1_131' title='bbox 3302 368 3317 387; x_wconf 78' lang='grc'><strong>“</strong></span> <span class='ocrx_word' id='word_1_132' title='bbox 3402 368 3414 388; x_wconf 87' lang='grc'><strong>’</strong></span> 
     </span>
     <span class='ocr_line' id='line_1_21' title="bbox 2329 388 3596 445; baseline 0.002 -23"><span class='ocrx_word' id='word_1_133' title='bbox 2329 388 2400 422; x_wconf 88' lang='grc' dir='ltr'><strong>υπ</strong></span> <span class='ocrx_word' id='word_1_134' title='bbox 2499 388 2558 423; x_wconf 89' lang='grc' dir='ltr'><strong>κε</strong></span> <span class='ocrx_word' id='word_1_135' title='bbox 2584 390 2662 440; x_wconf 89' lang='grc' dir='ltr'>νῳ</span> <span class='ocrx_word' id='word_1_136' title='bbox 2717 389 2788 424; x_wconf 90' lang='grc' dir='ltr'>πο</span> <span class='ocrx_word' id='word_1_137' title='bbox 2871 389 2921 423; x_wconf 89' lang='grc' dir='ltr'>οι</span> <span class='ocrx_word' id='word_1_138' title='bbox 2958 389 3017 423; x_wconf 88' lang='grc' dir='ltr'><strong>τε</strong></span> <span class='ocrx_word' id='word_1_139' title='bbox 3081 389 3199 430; x_wconf 87' lang='grc' dir='ltr'>ντες</span> <span class='ocrx_word' id='word_1_140' title='bbox 3229 390 3318 423; x_wconf 87' lang='grc' dir='ltr'><strong>και</strong></span> <span class='ocrx_word' id='word_1_141' title='bbox 3355 390 3596 445; x_wconf 88' lang='grc' dir='ltr'>μεγιστοι</span> 
     </span>
    </p>
   </div>
   <div class='ocr_carea' id='block_1_21' title="bbox 1952 454 3595 532">
    <p class='ocr_par' dir='ltr' id='par_1_21' title="bbox 1952 454 3595 532">
     <span class='ocr_line' id='line_1_22' title="bbox 1952 454 3595 532; baseline 0.002 -22"><span class='ocrx_word' id='word_1_142' title='bbox 1952 456 2027 517; x_wconf 80' lang='grc' dir='ltr'>εἰς</span> <span class='ocrx_word' id='word_1_143' title='bbox 2112 454 2390 531; x_wconf 70' lang='grc' dir='ltr'>λοχαγοὺς</span> <span class='ocrx_word' id='word_1_144' title='bbox 2448 455 2535 510; x_wconf 81' lang='grc' dir='ltr'>καί</span> <span class='ocrx_word' id='word_1_145' title='bbox 2609 458 3005 532; x_wconf 86' lang='grc' dir='ltr'>ταγματάρχας</span> <span class='ocrx_word' id='word_1_146' title='bbox 3059 457 3149 512; x_wconf 78' lang='grc' dir='ltr'><strong>καὶ</strong></span> <span class='ocrx_word' id='word_1_147' title='bbox 3211 457 3462 529; x_wconf 83' lang='grc' dir='ltr'>κόμητας</span> <span class='ocrx_word' id='word_1_148' title='bbox 3506 459 3595 513; x_wconf 83' lang='grc' dir='ltr'><strong>καὶ</strong></span> 
     </span>
    </p>
   </div>
   <div class='ocr_carea' id='block_1_22' title="bbox 1949 547 3596 621">
    <p class='ocr_par' dir='ltr' id='par_1_22' title="bbox 1949 547 3596 621">
     <span class='ocr_line' id='line_1_23' title="bbox 1949 547 3596 621; baseline 0.003 -22"><span class='ocrx_word' id='word_1_149' title='bbox 1949 548 2261 621; x_wconf 72' lang='grc' dir='ltr'>ναυάρχους</span> <span class='ocrx_word' id='word_1_150' title='bbox 2337 548 2620 601; x_wconf 69' lang='grc' dir='ltr'>ἐτάττοντο</span> <span class='ocrx_word' id='word_1_151' title='bbox 2658 591 2670 602; x_wconf 92' lang='grc'>.</span> <span class='ocrx_word' id='word_1_152' title='bbox 2756 549 2815 605; x_wconf 86' lang='grc' dir='ltr'>Ὁ</span> <span class='ocrx_word' id='word_1_153' title='bbox 2873 550 2976 621; x_wconf 77' lang='grc' dir='ltr'>γὰρ</span> <span class='ocrx_word' id='word_1_154' title='bbox 3028 548 3223 610; x_wconf 82' lang='grc' dir='ltr'>στόλος</span> <span class='ocrx_word' id='word_1_155' title='bbox 3276 547 3451 609; x_wconf 78' lang='grc' dir='ltr'>πολὺς</span> <span class='ocrx_word' id='word_1_156' title='bbox 3508 552 3596 604; x_wconf 86' lang='grc' dir='ltr'><strong>καὶ</strong></span> 
     </span>
    </p>
   </div>
   <div class='ocr_carea' id='block_1_23' title="bbox 1950 634 3599 711">
    <p class='ocr_par' dir='ltr' id='par_1_23' title="bbox 1950 634 3599 711">
     <span class='ocr_line' id='line_1_24' title="bbox 1950 634 3599 711; baseline 0.001 -22"><span class='ocrx_word' id='word_1_157' title='bbox 1950 634 2187 696; x_wconf 91' lang='grc' dir='ltr'>πολλαῖς</span> <span class='ocrx_word' id='word_1_158' title='bbox 2242 635 2423 689; x_wconf 78' lang='grc' dir='ltr'>ναυσὶν</span> <span class='ocrx_word' id='word_1_159' title='bbox 2454 637 2763 711; x_wconf 64' lang='grc' dir='ltr'>ἐξηρτύετο,</span> <span class='ocrx_word' id='word_1_160' title='bbox 2792 636 2885 698; x_wconf 77' lang='grc' dir='ltr'><strong>τὰς</strong></span> <span class='ocrx_word' id='word_1_161' title='bbox 2923 636 3104 709; x_wconf 88' lang='grc' dir='ltr'>μέντοι</span> <span class='ocrx_word' id='word_1_162' title='bbox 3136 659 3195 711; x_wconf 88' lang='grc' dir='ltr'><strong>γε</strong></span> <span class='ocrx_word' id='word_1_163' title='bbox 3224 642 3352 699; x_wconf 73' lang='grc' dir='ltr'>ναῦς</span> <span class='ocrx_word' id='word_1_164' title='bbox 3410 635 3599 711; x_wconf 78' lang='grc' dir='ltr'>ἄνδρες</span> 
     </span>
    </p>
   </div>
   <div class='ocr_carea' id='block_1_24' title="bbox 1951 724 3600 800">
    <p class='ocr_par' dir='ltr' id='par_1_24' title="bbox 1951 724 3600 800">
     <span class='ocr_line' id='line_1_25' title="bbox 1951 724 3600 800; baseline 0.001 -22"><span class='ocrx_word' id='word_1_165' title='bbox 1951 726 2227 795; x_wconf 71' lang='grc' dir='ltr'>ἒπλήρουν</span> <span class='ocrx_word' id='word_1_166' title='bbox 2284 724 2570 794; x_wconf 76' lang='grc' dir='ltr'>νεανικοὶ,</span> <span class='ocrx_word' id='word_1_167' title='bbox 2630 726 2723 786; x_wconf 72' lang='grc' dir='ltr'>τὰς</span> <span class='ocrx_word' id='word_1_168' title='bbox 2779 725 2954 800; x_wconf 77' lang='grc' dir='ltr'>ὁρμάς</span> <span class='ocrx_word' id='word_1_169' title='bbox 3012 726 3237 786; x_wconf 78' lang='grc' dir='ltr'>καὶτὰς</span> <span class='ocrx_word' id='word_1_170' title='bbox 3295 725 3600 800; x_wconf 77' lang='grc' dir='ltr'>προθυμίας</span> 
     </span>
    </p>
   </div>
   <div class='ocr_carea' id='block_1_25' title="bbox 1950 814 3595 892">
    <p class='ocr_par' dir='ltr' id='par_1_25' title="bbox 1950 814 3595 892">
     <span class='ocr_line' id='line_1_26' title="bbox 1950 814 3501 870; baseline 0.002 -2"><span class='ocrx_word' id='word_1_171' title='bbox 1950 814 2879 870; x_wconf 55' lang='grc' dir='ltr'><strong>λσς-ξ”-“”λ</strong></span> <span class='ocrx_word' id='word_1_172' title='bbox 3172 820 3197 830; x_wconf 58' lang='grc' dir='ltr'><strong><em>ν</em></strong></span> 
     </span>
     <span class='ocr_line' id='line_1_27' title="bbox 2010 814 3595 892; baseline 0.001 -24"><span class='ocrx_word' id='word_1_173' title='bbox 2010 835 2295 892; x_wconf 60' lang='grc' dir='ltr'>φυκτικο,</span> <span class='ocrx_word' id='word_1_174' title='bbox 2360 836 2409 867; x_wconf 89' lang='grc' dir='ltr'>οι</span> <span class='ocrx_word' id='word_1_175' title='bbox 2470 836 2567 868; x_wconf 72' lang='lat' dir='ltr'><strong>an:</strong></span> <span class='ocrx_word' id='word_1_176' title='bbox 2621 837 2721 884; x_wconf 77' lang='grc' dir='ltr'><strong>την</strong></span> <span class='ocrx_word' id='word_1_177' title='bbox 2771 837 2840 870; x_wconf 86' lang='grc' dir='ltr'><strong>πο</strong></span> <span class='ocrx_word' id='word_1_178' title='bbox 2890 837 2932 869; x_wconf 87' lang='grc' dir='ltr'><strong>ιν</strong></span> <span class='ocrx_word' id='word_1_179' title='bbox 2984 814 3296 889; x_wconf 87' lang='grc' dir='ltr'>Γασμουλοι</span> <span class='ocrx_word' id='word_1_180' title='bbox 3328 822 3444 886; x_wconf 90' lang='grc' dir='ltr'>(ους</span> <span class='ocrx_word' id='word_1_181' title='bbox 3476 838 3533 869; x_wconf 89' lang='grc' dir='ltr'><strong>αν</strong></span> <span class='ocrx_word' id='word_1_182' title='bbox 3568 818 3595 870; x_wconf 91' lang='grc' dir='ltr'>ὁ</span> 
     </span>
    </p>
   </div>
   <div class='ocr_carea' id='block_1_26' title="bbox 1948 900 3595 979">
    <p class='ocr_par' dir='ltr' id='par_1_26' title="bbox 1948 900 3595 979">
     <span class='ocr_line' id='line_1_28' title="bbox 1948 900 3595 979; baseline 0.001 -22"><span class='ocrx_word' id='word_1_183' title='bbox 1948 904 2218 975; x_wconf 87' lang='grc' dir='ltr'>Ῥωμαῖος</span> <span class='ocrx_word' id='word_1_184' title='bbox 2298 900 2517 977; x_wconf 84' lang='grc' dir='ltr'>διγενεῖς</span> <span class='ocrx_word' id='word_1_185' title='bbox 2599 901 2767 972; x_wconf 75' lang='grc' dir='ltr'>εἶ’ποι)</span> <span class='ocrx_word' id='word_1_186' title='bbox 2855 905 2915 958; x_wconf 76' lang='grc' dir='ltr'><strong>εκ</strong></span> <span class='ocrx_word' id='word_1_187' title='bbox 2970 904 3258 976; x_wconf 82' lang='grc' dir='ltr'>Ῥωμαίων</span> <span class='ocrx_word' id='word_1_188' title='bbox 3326 910 3595 979; x_wconf 83' lang='grc' dir='ltr'>γυναικῶν</span> 
     </span>
    </p>
   </div>
   <div class='ocr_carea' id='block_1_27' title="bbox 1948 990 3594 1067">
    <p class='ocr_par' dir='ltr' id='par_1_27' title="bbox 1948 990 3594 1067">
     <span class='ocr_line' id='line_1_29' title="bbox 1948 990 3594 1067; baseline 0.002 -21"><span class='ocrx_word' id='word_1_189' title='bbox 1948 994 2289 1067; x_wconf 69' lang='grc' dir='ltr'>γεννηθέντες</span> <span class='ocrx_word' id='word_1_190' title='bbox 2345 998 2461 1053; x_wconf 88' lang='grc' dir='ltr'>τοῖς</span> <span class='ocrx_word' id='word_1_191' title='bbox 2496 992 2753 1062; x_wconf 79' lang='grc' dir='ltr'><strong>Ἰταλοῖς,</strong></span> <span class='ocrx_word' id='word_1_192' title='bbox 2796 990 2959 1047; x_wconf 73' lang='grc' dir='ltr'>ἄλλοι</span> <span class='ocrx_word' id='word_1_193' title='bbox 3013 1014 3071 1047; x_wconf 90' lang='grc' dir='ltr'><strong>τε</strong></span> <span class='ocrx_word' id='word_1_194' title='bbox 3121 993 3369 1048; x_wconf 85' lang='grc' dir='ltr'>πλεῖστοι</span> <span class='ocrx_word' id='word_1_195' title='bbox 3400 993 3459 1047; x_wconf 81' lang='grc' dir='ltr'><strong>ἐκ</strong></span> <span class='ocrx_word' id='word_1_196' title='bbox 3487 1000 3594 1049; x_wconf 87' lang='grc' dir='ltr'><strong>τῶν</strong></span> 
     </span>
    </p>
   </div>
   <div class='ocr_carea' id='block_1_28' title="bbox 1949 1079 3592 1159">
    <p class='ocr_par' dir='ltr' id='par_1_28' title="bbox 1949 1079 3592 1159">
     <span class='ocr_line' id='line_1_30' title="bbox 1949 1079 3592 1159; baseline 0.001 -22"><span class='ocrx_word' id='word_1_197' title='bbox 1949 1084 2246 1149; x_wconf 85' lang='grc' dir='ltr'>Λακώνων,</span> <span class='ocrx_word' id='word_1_198' title='bbox 2308 1081 2399 1145; x_wconf 80' lang='grc' dir='ltr'><strong>οὒς</strong></span> <span class='ocrx_word' id='word_1_199' title='bbox 2454 1083 2543 1136; x_wconf 82' lang='grc' dir='ltr'><strong>καὶ</strong></span> <span class='ocrx_word' id='word_1_200' title='bbox 2579 1082 2862 1150; x_wconf 85' lang='grc' dir='ltr'>Τζάκωνας</span> <span class='ocrx_word' id='word_1_201' title='bbox 2893 1082 3346 1159; x_wconf 73' lang='grc' dir='ltr'>παραφθείροντες</span> <span class='ocrx_word' id='word_1_202' title='bbox 3380 1079 3592 1158; x_wconf 77' lang='grc' dir='ltr'>ἔλεγον,</span> 
     </span>
    </p>
   </div>
   <div class='ocr_carea' id='block_1_29' title="bbox 1948 1169 3590 1245">
    <p class='ocr_par' dir='ltr' id='par_1_29' title="bbox 1948 1169 3590 1245">
     <span class='ocr_line' id='line_1_31' title="bbox 1948 1169 3590 1245; baseline 0.001 -19"><span class='ocrx_word' id='word_1_203' title='bbox 1948 1170 2039 1235; x_wconf 79' lang='grc' dir='ltr'>οὓς</span> <span class='ocrx_word' id='word_1_204' title='bbox 2070 1169 2128 1225; x_wconf 81' lang='grc' dir='ltr'>ἔκ</span> <span class='ocrx_word' id='word_1_205' title='bbox 2151 1192 2210 1225; x_wconf 90' lang='grc' dir='ltr'><strong>τε</strong></span> <span class='ocrx_word' id='word_1_206' title='bbox 2259 1170 2472 1243; x_wconf 81' lang='grc' dir='ltr'>Μορέου</span> <span class='ocrx_word' id='word_1_207' title='bbox 2532 1171 2758 1225; x_wconf 74' lang='grc' dir='ltr'>καὶτῶν</span> <span class='ocrx_word' id='word_1_208' title='bbox 2803 1169 3031 1225; x_wconf 77' lang='grc' dir='ltr'>δυτικῶν</span> <span class='ocrx_word' id='word_1_209' title='bbox 3070 1176 3269 1245; x_wconf 85' lang='grc' dir='ltr'>μερῶν,</span> <span class='ocrx_word' id='word_1_210' title='bbox 3327 1172 3438 1243; x_wconf 77' lang='grc' dir='ltr'>ἅμα</span> <span class='ocrx_word' id='word_1_211' title='bbox 3497 1174 3590 1243; x_wconf 75' lang='grc' dir='ltr'><strong>μὲν</strong></span> 
     </span>
    </p>
   </div>
   <div class='ocr_carea' id='block_1_30' title="bbox 1944 1257 3592 1335">
    <p class='ocr_par' dir='ltr' id='par_1_30' title="bbox 1944 1257 3592 1335">
     <span class='ocr_line' id='line_1_32' title="bbox 1944 1257 3592 1335; baseline -0.001 -20"><span class='ocrx_word' id='word_1_212' title='bbox 1944 1259 2335 1333; x_wconf 78' lang='grc' dir='ltr'>πολλοὺς,ἅμα</span> <span class='ocrx_word' id='word_1_213' title='bbox 2363 1257 2419 1314; x_wconf 71' lang='grc' dir='ltr'>δὲ</span> <span class='ocrx_word' id='word_1_214' title='bbox 2447 1260 2536 1314; x_wconf 81' lang='grc' dir='ltr'><strong>καὶ</strong></span> <span class='ocrx_word' id='word_1_215' title='bbox 2573 1258 2877 1335; x_wconf 76' lang='grc' dir='ltr'>μαχίμους,</span> <span class='ocrx_word' id='word_1_216' title='bbox 2913 1261 3025 1333; x_wconf 77' lang='grc' dir='ltr'>ἅμα</span> <span class='ocrx_word' id='word_1_217' title='bbox 3047 1261 3255 1334; x_wconf 81' lang='grc' dir='ltr'>γυναιξὶ</span> <span class='ocrx_word' id='word_1_218' title='bbox 3277 1260 3364 1313; x_wconf 82' lang='grc' dir='ltr'><strong>καὶ</strong></span> <span class='ocrx_word' id='word_1_219' title='bbox 3386 1260 3592 1322; x_wconf 86' lang='grc' dir='ltr'>τέκνοις</span> 
     </span>
    </p>
   </div>
   <div class='ocr_carea' id='block_1_31' title="bbox 1947 1346 3590 1421">
    <p class='ocr_par' dir='ltr' id='par_1_31' title="bbox 1947 1346 3590 1421">
     <span class='ocr_line' id='line_1_33' title="bbox 1947 1346 3590 1421; baseline -0.002 -17"><span class='ocrx_word' id='word_1_220' title='bbox 1947 1348 2023 1413; x_wconf 81' lang='grc' dir='ltr'>εἷς</span> <span class='ocrx_word' id='word_1_221' title='bbox 2052 1347 2625 1403; x_wconf 81' lang='grc' dir='ltr'>Κωνσταντινούπολιν</span> <span class='ocrx_word' id='word_1_222' title='bbox 2664 1350 2957 1421; x_wconf 78' lang='grc' dir='ltr'>μετῴκιζεν</span> <span class='ocrx_word' id='word_1_223' title='bbox 3015 1349 3043 1401; x_wconf 84' lang='grc' dir='ltr'>ὁ</span> <span class='ocrx_word' id='word_1_224' title='bbox 3093 1352 3323 1419; x_wconf 84' lang='grc' dir='ltr'>κρατῶν.</span> <span class='ocrx_word' id='word_1_225' title='bbox 3355 1349 3521 1400; x_wconf 87' lang='grc' dir='ltr'>Ἦσαν</span> <span class='ocrx_word' id='word_1_226' title='bbox 3546 1346 3590 1401; x_wconf 87' lang='grc' dir='ltr'>δ’</span> 
     </span>
    </p>
   </div>
   <div class='ocr_carea' id='block_1_32' title="bbox 1944 1434 3595 1510">
    <p class='ocr_par' dir='ltr' id='par_1_32' title="bbox 1944 1434 3595 1510">
     <span class='ocr_line' id='line_1_34' title="bbox 1944 1434 3595 1510; baseline -0.002 -20"><span class='ocrx_word' id='word_1_227' title='bbox 1944 1435 2130 1499; x_wconf 86' lang='grc' dir='ltr'>αὐτοῖς</span> <span class='ocrx_word' id='word_1_228' title='bbox 2184 1434 2275 1489; x_wconf 82' lang='grc' dir='ltr'><strong>καὶ</strong></span> <span class='ocrx_word' id='word_1_229' title='bbox 2307 1434 2383 1497; x_wconf 86' lang='grc' dir='ltr'><strong>εἷς</strong></span> <span class='ocrx_word' id='word_1_230' title='bbox 2417 1434 2701 1510; x_wconf 81' lang='grc' dir='ltr'>ὑπηρετῶν</span> <span class='ocrx_word' id='word_1_231' title='bbox 2733 1435 2879 1507; x_wconf 81' lang='grc' dir='ltr'>τάξιν</span> <span class='ocrx_word' id='word_1_232' title='bbox 2938 1436 2991 1489; x_wconf 74' lang='grc' dir='ltr'>οἱ</span> <span class='ocrx_word' id='word_1_233' title='bbox 3038 1434 3373 1507; x_wconf 86' lang='grc' dir='ltr'>πανταχόθεν</span> <span class='ocrx_word' id='word_1_234' title='bbox 3401 1454 3595 1508; x_wconf 85' lang='grc' dir='ltr'>προσε-</span> 
     </span>
    </p>
   </div>
   <div class='ocr_carea' id='block_1_33' title="bbox 1946 1520 3593 1598">
    <p class='ocr_par' dir='ltr' id='par_1_33' title="bbox 1946 1520 3593 1598">
     <span class='ocr_line' id='line_1_35' title="bbox 1946 1520 3593 1598; baseline -0.002 -19"><span class='ocrx_word' id='word_1_235' title='bbox 1946 1522 2171 1593; x_wconf 87' lang='grc' dir='ltr'>λῶντες,</span> <span class='ocrx_word' id='word_1_236' title='bbox 2200 1524 2274 1586; x_wconf 88' lang='grc' dir='ltr'>ὡς</span> <span class='ocrx_word' id='word_1_237' title='bbox 2303 1523 2456 1586; x_wconf 78' lang='grc' dir='ltr'>εἷ’τις</span> <span class='ocrx_word' id='word_1_238' title='bbox 2481 1522 2626 1578; x_wconf 75' lang='grc' dir='ltr'>εἷ’ποι</span> <span class='ocrx_word' id='word_1_239' title='bbox 2648 1529 2797 1591; x_wconf 85' lang='grc' dir='ltr'>νηῶν</span> <span class='ocrx_word' id='word_1_240' title='bbox 2829 1523 2903 1585; x_wconf 55' lang='grc' dir='ltr'>εἷς</span> <span class='ocrx_word' id='word_1_241' title='bbox 2931 1523 2991 1577; x_wconf 87' lang='grc' dir='ltr'>τὸ</span> <span class='ocrx_word' id='word_1_242' title='bbox 3009 1524 3238 1598; x_wconf 85' lang='grc' dir='ltr'>πρόσθεν</span> <span class='ocrx_word' id='word_1_243' title='bbox 3262 1520 3468 1594; x_wconf 71' lang='grc' dir='ltr'>ἐλάται,</span> <span class='ocrx_word' id='word_1_244' title='bbox 3502 1521 3593 1584; x_wconf 74' lang='grc' dir='ltr'>οὓς</span> 
     </span>
    </p>
   </div>
   <div class='ocr_carea' id='block_1_34' title="bbox 1943 1611 3593 1689">
    <p class='ocr_par' dir='ltr' id='par_1_34' title="bbox 1943 1611 3593 1689">
     <span class='ocr_line' id='line_1_36' title="bbox 1943 1611 3593 1689; baseline -0.002 -21"><span class='ocrx_word' id='word_1_245' title='bbox 1943 1616 2226 1688; x_wconf 73' lang='grc' dir='ltr'>πανταχοῦ</span> <span class='ocrx_word' id='word_1_246' title='bbox 2255 1618 2362 1667; x_wconf 85' lang='grc' dir='ltr'><strong>τῶν</strong></span> <span class='ocrx_word' id='word_1_247' title='bbox 2395 1614 2511 1668; x_wconf 90' lang='grc' dir='ltr'>κατ’</span> <span class='ocrx_word' id='word_1_248' title='bbox 2540 1611 2822 1689; x_wconf 72' lang='grc' dir='ltr'>αἰγιαλοὺς</span> <span class='ocrx_word' id='word_1_249' title='bbox 2871 1616 3072 1687; x_wconf 80' lang='grc' dir='ltr'>χωρῶν</span> <span class='ocrx_word' id='word_1_250' title='bbox 3132 1612 3333 1674; x_wconf 70' lang='grc' dir='ltr'>καλούς</span> <span class='ocrx_word' id='word_1_251' title='bbox 3388 1633 3447 1666; x_wconf 89' lang='grc' dir='ltr'><strong>τε</strong></span> <span class='ocrx_word' id='word_1_252' title='bbox 3502 1614 3593 1665; x_wconf 82' lang='grc' dir='ltr'><strong>καὶ</strong></span> 
     </span>
    </p>
   </div>
   <div class='ocr_carea' id='block_1_35' title="bbox 192 1700 3591 1807">
    <p class='ocr_par' dir='ltr' id='par_1_35' title="bbox 192 1700 3591 1807">
     <span class='ocr_line' id='line_1_37' title="bbox 192 1700 3591 1807; baseline -0.002 -45"><span class='ocrx_word' id='word_1_253' title='bbox 192 1708 471 1783; x_wconf 71' lang='grc' dir='ltr'>ἀνακωχὰς</span> <span class='ocrx_word' id='word_1_254' title='bbox 530 1706 593 1761; x_wconf 78' lang='grc' dir='ltr'>οὐ</span> <span class='ocrx_word' id='word_1_255' title='bbox 650 1706 746 1767; x_wconf 77' lang='grc' dir='ltr'>τὰς</span> <span class='ocrx_word' id='word_1_256' title='bbox 811 1704 1009 1779; x_wconf 82' lang='grc' dir='ltr'>μικρὰς</span> <span class='ocrx_word' id='word_1_257' title='bbox 1062 1705 1210 1778; x_wconf 71' lang='grc' dir='ltr'>εἶχον</span> <span class='ocrx_word' id='word_1_258' title='bbox 1263 1705 1331 1758; x_wconf 80' lang='grc' dir='ltr'>τὰ</span> <span class='ocrx_word' id='word_1_259' title='bbox 1385 1708 1492 1757; x_wconf 84' lang='grc' dir='ltr'><strong>τῶν</strong></span> <span class='ocrx_word' id='word_1_260' title='bbox 1551 1702 1831 1774; x_wconf 82' lang='grc' dir='ltr'>Ῥωμαίων</span> <span class='ocrx_word' id='word_1_261' title='bbox 1866 1700 2235 1807; x_wconf 80' lang='grc' dir='ltr'><strong>Βπλείστους</strong></span> <span class='ocrx_word' id='word_1_262' title='bbox 2264 1701 2518 1773; x_wconf 80' lang='grc' dir='ltr'>ἀπέταξεν</span> <span class='ocrx_word' id='word_1_263' title='bbox 2577 1702 2605 1755; x_wconf 90' lang='grc' dir='ltr'>ὁ</span> <span class='ocrx_word' id='word_1_264' title='bbox 2644 1706 2877 1774; x_wconf 83' lang='grc' dir='ltr'>κρατῶν·</span> <span class='ocrx_word' id='word_1_265' title='bbox 2933 1702 2998 1755; x_wconf 85' lang='grc' dir='ltr'>οὑ</span> <span class='ocrx_word' id='word_1_266' title='bbox 3055 1700 3157 1775; x_wconf 81' lang='grc' dir='ltr'>γὰρ</span> <span class='ocrx_word' id='word_1_267' title='bbox 3216 1701 3283 1769; x_wconf 82' lang='grc' dir='ltr'>ἦν</span> <span class='ocrx_word' id='word_1_268' title='bbox 3330 1700 3591 1776; x_wconf 78' lang='grc' dir='ltr'>ἀσφαλῶς</span> 
     </span>
     <span class='ocr_line' id='line_1_38' title="bbox 389 1787 3463 1807; baseline 0 0"><span class='ocrx_word' id='word_1_269' title='bbox 389 1797 399 1807; x_wconf 78' lang='grc' dir='ltr'><strong><em>ι</em></strong></span> <span class='ocrx_word' id='word_1_270' title='bbox 622 1794 688 1807; x_wconf 59' lang='grc' dir='ltr'><strong>ΑΩ</strong></span> <span class='ocrx_word' id='word_1_271' title='bbox 785 1796 798 1807; x_wconf 75' lang='grc' dir='ltr'>ι</span> <span class='ocrx_word' id='word_1_272' title='bbox 876 1790 917 1807; x_wconf 62' lang='grc' dir='ltr'><strong>λι</strong></span> <span class='ocrx_word' id='word_1_273' title='bbox 1033 1792 1045 1807; x_wconf 69' lang='grc' dir='ltr'>ι</span> <span class='ocrx_word' id='word_1_274' title='bbox 1124 1798 1144 1807; x_wconf 60' lang='grc' dir='ltr'><strong>υ</strong></span> <span class='ocrx_word' id='word_1_275' title='bbox 1240 1791 1257 1807; x_wconf 69' lang='lat'><strong><em>\</em></strong></span> <span class='ocrx_word' id='word_1_276' title='bbox 1384 1798 1408 1807; x_wconf 73' lang='grc' dir='ltr'><strong>-ι</strong></span> <span class='ocrx_word' id='word_1_277' title='bbox 1493 1792 1505 1807; x_wconf 65' lang='grc' dir='ltr'><strong>ς</strong></span> <span class='ocrx_word' id='word_1_278' title='bbox 2051 1792 2061 1807; x_wconf 80' lang='grc'><strong><em>1</em></strong></span> <span class='ocrx_word' id='word_1_279' title='bbox 2268 1792 2281 1807; x_wconf 79' lang='lat'><strong><em>\</em></strong></span> <span class='ocrx_word' id='word_1_280' title='bbox 2407 1789 2445 1807; x_wconf 54' lang='grc' dir='ltr'><strong>ις</strong></span> <span class='ocrx_word' id='word_1_281' title='bbox 2615 1791 2626 1806; x_wconf 63' lang='grc'><strong>1</strong></span> <span class='ocrx_word' id='word_1_282' title='bbox 2730 1792 2781 1807; x_wconf 62' lang='grc' dir='ltr'>τοι</span> <span class='ocrx_word' id='word_1_283' title='bbox 2924 1791 2934 1807; x_wconf 85' lang='grc' dir='ltr'><strong><em>Ι</em></strong></span> <span class='ocrx_word' id='word_1_284' title='bbox 3107 1790 3119 1807; x_wconf 68' lang='grc' dir='ltr'><em>ι</em></span> <span class='ocrx_word' id='word_1_285' title='bbox 3240 1789 3251 1807; x_wconf 65' lang='lat'><strong>3</strong></span> <span class='ocrx_word' id='word_1_286' title='bbox 3303 1791 3317 1806; x_wconf 61' lang='grc' dir='ltr'>ἱ</span> <span class='ocrx_word' id='word_1_287' title='bbox 3417 1787 3463 1807; x_wconf 56' lang='grc' dir='ltr'><strong>νκ</strong></span> 
     </span>
    </p>
   </div>
   <div class='ocr_carea' id='block_1_36' title="bbox 193 1790 1830 1872">
    <p class='ocr_par' dir='ltr' id='par_1_36' title="bbox 193 1790 1830 1872">
     <span class='ocr_line' id='line_1_39' title="bbox 193 1790 1830 1872; baseline -0.004 -21"><span class='ocrx_word' id='word_1_288' title='bbox 193 1797 582 1872; x_wconf 77' lang='grc' dir='ltr'>στρατεύματα.</span> <span class='ocrx_word' id='word_1_289' title='bbox 618 1794 695 1852; x_wconf 75' lang='grc' dir='ltr'>Οὐ</span> <span class='ocrx_word' id='word_1_290' title='bbox 731 1796 837 1867; x_wconf 74' lang='grc' dir='ltr'>μὴν</span> <span class='ocrx_word' id='word_1_291' title='bbox 872 1790 930 1848; x_wconf 74' lang='grc' dir='ltr'>δὲ</span> <span class='ocrx_word' id='word_1_292' title='bbox 960 1792 1048 1847; x_wconf 85' lang='grc' dir='ltr'><strong>καὶ</strong></span> <span class='ocrx_word' id='word_1_293' title='bbox 1079 1798 1187 1847; x_wconf 85' lang='grc' dir='ltr'><strong>τῶν</strong></span> <span class='ocrx_word' id='word_1_294' title='bbox 1240 1791 1449 1847; x_wconf 83' lang='grc' dir='ltr'>λοιπῶν</span> <span class='ocrx_word' id='word_1_295' title='bbox 1481 1792 1830 1869; x_wconf 77' lang='grc' dir='ltr'>ἀποπεφρυν-</span> 
     </span>
    </p>
   </div>
   <div class='ocr_carea' id='block_1_37' title="bbox 192 1880 1834 1956">
    <p class='ocr_par' dir='ltr' id='par_1_37' title="bbox 192 1880 1834 1956">
     <span class='ocr_line' id='line_1_40' title="bbox 192 1880 1834 1956; baseline -0.003 -15"><span class='ocrx_word' id='word_1_296' title='bbox 192 1886 337 1956; x_wconf 79' lang='grc' dir='ltr'>τίκει,</span> <span class='ocrx_word' id='word_1_297' title='bbox 394 1883 552 1941; x_wconf 81' lang='grc' dir='ltr'><strong>ἀλλά</strong></span> <span class='ocrx_word' id='word_1_298' title='bbox 609 1883 783 1946; x_wconf 75' lang='grc' dir='ltr'>πολὺς</span> <span class='ocrx_word' id='word_1_299' title='bbox 841 1887 906 1953; x_wconf 77' lang='grc' dir='ltr'>ἧν</span> <span class='ocrx_word' id='word_1_300' title='bbox 966 1880 1109 1938; x_wconf 82' lang='grc' dir='ltr'>ἔνθεν</span> <span class='ocrx_word' id='word_1_301' title='bbox 1176 1883 1268 1954; x_wconf 73' lang='grc' dir='ltr'>μὲν</span> <span class='ocrx_word' id='word_1_302' title='bbox 1331 1882 1389 1937; x_wconf 81' lang='grc' dir='ltr'>ἐκ</span> <span class='ocrx_word' id='word_1_303' title='bbox 1445 1881 1720 1951; x_wconf 70' lang='grc' dir='ltr'>θαλάσσης</span> <span class='ocrx_word' id='word_1_304' title='bbox 1756 1886 1834 1953; x_wconf 85' lang='grc' dir='ltr'>τῷ</span> 
     </span>
    </p>
   </div>
   <div class='ocr_carea' id='block_1_38' title="bbox 193 1967 1833 2049">
    <p class='ocr_par' dir='ltr' id='par_1_38' title="bbox 193 1967 1833 2049">
     <span class='ocr_line' id='line_1_41' title="bbox 193 1967 1833 2049; baseline -0.003 -20"><span class='ocrx_word' id='word_1_305' title='bbox 193 1980 414 2046; x_wconf 80' lang='grc' dir='ltr'>ναυτικῷ</span> <span class='ocrx_word' id='word_1_306' title='bbox 478 1975 786 2049; x_wconf 79' lang='grc' dir='ltr'>χρώμενος,</span> <span class='ocrx_word' id='word_1_307' title='bbox 846 1972 1044 2035; x_wconf 81' lang='grc' dir='ltr'>ἐκεῖθεν</span> <span class='ocrx_word' id='word_1_308' title='bbox 1105 1970 1161 2025; x_wconf 73' lang='grc' dir='ltr'><strong>δὲ</strong></span> <span class='ocrx_word' id='word_1_309' title='bbox 1193 1972 1329 2025; x_wconf 83' lang='grc' dir='ltr'><strong>κατά</strong></span> <span class='ocrx_word' id='word_1_310' title='bbox 1365 1979 1465 2044; x_wconf 79' lang='grc' dir='ltr'>γῆν</span> <span class='ocrx_word' id='word_1_311' title='bbox 1496 1967 1833 2046; x_wconf 83' lang='grc' dir='ltr'>Τριϐαλλοῖς</span> 
     </span>
    </p>
   </div>
   <div class='ocr_carea' id='block_1_39' title="bbox 191 2060 1837 2137">
    <p class='ocr_par' dir='ltr' id='par_1_39' title="bbox 191 2060 1837 2137">
     <span class='ocr_line' id='line_1_42' title="bbox 191 2060 1837 2137; baseline -0.003 -19"><span class='ocrx_word' id='word_1_312' title='bbox 191 2085 242 2119; x_wconf 81' lang='grc' dir='ltr'><strong>τε</strong></span> <span class='ocrx_word' id='word_1_313' title='bbox 290 2066 376 2119; x_wconf 77' lang='grc' dir='ltr'><strong>καὶ</strong></span> <span class='ocrx_word' id='word_1_314' title='bbox 439 2062 744 2137; x_wconf 77' lang='grc' dir='ltr'>Ἰλλυριοῖς</span> <span class='ocrx_word' id='word_1_315' title='bbox 805 2061 1163 2136; x_wconf 78' lang='grc' dir='ltr'>προσεπέχων</span> <span class='ocrx_word' id='word_1_316' title='bbox 1200 2104 1213 2116; x_wconf 95' lang='grc'><strong>.</strong></span> <span class='ocrx_word' id='word_1_317' title='bbox 1278 2061 1375 2114; x_wconf 70' lang='grc' dir='ltr'><strong>Καὶ</strong></span> <span class='ocrx_word' id='word_1_318' title='bbox 1452 2060 1514 2113; x_wconf 82' lang='grc' dir='ltr'>τὸ</span> <span class='ocrx_word' id='word_1_319' title='bbox 1587 2061 1837 2114; x_wconf 83' lang='grc' dir='ltr'>ναυτικὸν</span> 
     </span>
    </p>
   </div>
   <div class='ocr_carea' id='block_1_40' title="bbox 192 2149 1837 2228">
    <p class='ocr_par' dir='ltr' id='par_1_40' title="bbox 192 2149 1837 2228">
     <span class='ocr_line' id='line_1_43' title="bbox 192 2149 1837 2228; baseline -0.002 -21"><span class='ocrx_word' id='word_1_320' title='bbox 192 2153 309 2228; x_wconf 78' lang='grc' dir='ltr'>ἦγεν</span> <span class='ocrx_word' id='word_1_321' title='bbox 363 2153 509 2227; x_wconf 77' lang='grc' dir='ltr'><strong>ἀνήρ</strong></span> <span class='ocrx_word' id='word_1_322' title='bbox 571 2157 813 2226; x_wconf 76' lang='grc' dir='ltr'>γενναῖος</span> <span class='ocrx_word' id='word_1_323' title='bbox 862 2152 888 2205; x_wconf 88' lang='grc' dir='ltr'>ὁ</span> <span class='ocrx_word' id='word_1_324' title='bbox 952 2149 1442 2225; x_wconf 83' lang='grc' dir='ltr'>Φιλανθρωπηνὸς,</span> <span class='ocrx_word' id='word_1_325' title='bbox 1485 2149 1837 2224; x_wconf 83' lang='grc' dir='ltr'>πρωτοστρά-</span> 
     </span>
    </p>
   </div>
   <div class='ocr_carea' id='block_1_41' title="bbox 188 2237 1837 2316">
    <p class='ocr_par' dir='ltr' id='par_1_41' title="bbox 188 2237 1837 2316">
     <span class='ocr_line' id='line_1_44' title="bbox 188 2237 1837 2316; baseline -0.002 -20"><span class='ocrx_word' id='word_1_326' title='bbox 188 2263 287 2316; x_wconf 85' lang='grc' dir='ltr'><strong>τωρ</strong></span> <span class='ocrx_word' id='word_1_327' title='bbox 339 2244 436 2315; x_wconf 68' lang='grc' dir='ltr'>μὲν</span> <span class='ocrx_word' id='word_1_328' title='bbox 496 2242 545 2315; x_wconf 73' lang='grc' dir='ltr'><strong>ἐξ</strong></span> <span class='ocrx_word' id='word_1_329' title='bbox 598 2241 768 2314; x_wconf 83' lang='grc' dir='ltr'>ἀξίας,</span> <span class='ocrx_word' id='word_1_330' title='bbox 798 2244 896 2294; x_wconf 75' lang='grc' dir='ltr'><strong>τοῦ</strong></span> <span class='ocrx_word' id='word_1_331' title='bbox 957 2237 1013 2293; x_wconf 72' lang='grc' dir='ltr'><strong>δὲ</strong></span> <span class='ocrx_word' id='word_1_332' title='bbox 1075 2238 1314 2313; x_wconf 87' lang='grc' dir='ltr'>μεγάλου</span> <span class='ocrx_word' id='word_1_333' title='bbox 1372 2237 1564 2300; x_wconf 81' lang='grc' dir='ltr'>δουκὸς</span> <span class='ocrx_word' id='word_1_334' title='bbox 1599 2239 1837 2314; x_wconf 83' lang='grc' dir='ltr'>Λάσκαρι</span> 
     </span>
    </p>
   </div>
   <div class='ocr_carea' id='block_1_42' title="bbox 191 2326 1836 2405">
    <p class='ocr_par' dir='ltr' id='par_1_42' title="bbox 191 2326 1836 2405">
     <span class='ocr_line' id='line_1_45' title="bbox 191 2326 1836 2405; baseline -0.002 -19"><span class='ocrx_word' id='word_1_335' title='bbox 191 2331 379 2405; x_wconf 73' lang='grc' dir='ltr'>ἐξώρου</span> <span class='ocrx_word' id='word_1_336' title='bbox 433 2327 597 2393; x_wconf 80' lang='grc' dir='ltr'>ὄντος</span> <span class='ocrx_word' id='word_1_337' title='bbox 655 2328 763 2400; x_wconf 76' lang='grc' dir='ltr'><strong>ἤδη</strong></span> <span class='ocrx_word' id='word_1_338' title='bbox 793 2330 883 2383; x_wconf 80' lang='grc' dir='ltr'><strong>καὶ</strong></span> <span class='ocrx_word' id='word_1_339' title='bbox 935 2330 1011 2401; x_wconf 73' lang='grc' dir='ltr'>μὴ</span> <span class='ocrx_word' id='word_1_340' title='bbox 1060 2326 1177 2382; x_wconf 68' lang='grc' dir='ltr'>ο⁹ίου</span> <span class='ocrx_word' id='word_1_341' title='bbox 1210 2349 1265 2382; x_wconf 90' lang='grc' dir='ltr'><strong>τε</strong></span> <span class='ocrx_word' id='word_1_342' title='bbox 1294 2326 1561 2399; x_wconf 89' lang='grc' dir='ltr'>πολέμοις</span> <span class='ocrx_word' id='word_1_343' title='bbox 1608 2329 1836 2403; x_wconf 77' lang='grc' dir='ltr'>ἐνασχο-</span> 
     </span>
    </p>
   </div>
   <div class='ocr_carea' id='block_1_43' title="bbox 192 2416 1840 2495">
    <p class='ocr_par' dir='ltr' id='par_1_43' title="bbox 192 2416 1840 2495">
     <span class='ocr_line' id='line_1_46' title="bbox 192 2416 1840 2495; baseline -0.002 -20"><span class='ocrx_word' id='word_1_344' title='bbox 192 2420 390 2484; x_wconf 85' lang='grc' dir='ltr'>λεῖσθαι</span> <span class='ocrx_word' id='word_1_345' title='bbox 454 2421 549 2475; x_wconf 74' lang='grc' dir='ltr'><strong>καὶ</strong></span> <span class='ocrx_word' id='word_1_346' title='bbox 606 2420 813 2495; x_wconf 88' lang='grc' dir='ltr'>μάχαις</span> <span class='ocrx_word' id='word_1_347' title='bbox 856 2420 917 2473; x_wconf 90' lang='grc' dir='ltr'>τὸ</span> <span class='ocrx_word' id='word_1_348' title='bbox 971 2424 1146 2494; x_wconf 87' lang='grc' dir='ltr'>γῆρας</span> <span class='ocrx_word' id='word_1_349' title='bbox 1207 2416 1416 2490; x_wconf 83' lang='grc' dir='ltr'>ἀνέχων</span> <span class='ocrx_word' id='word_1_350' title='bbox 1478 2420 1558 2489; x_wconf 89' lang='grc' dir='ltr'><strong>[Ρ.</strong></span> <span class='ocrx_word' id='word_1_351' title='bbox 1590 2420 1719 2491; x_wconf 77' lang='grc'><strong>209]</strong></span> <span class='ocrx_word' id='word_1_352' title='bbox 1750 2418 1840 2472; x_wconf 88' lang='grc' dir='ltr'><strong>καὶ</strong></span> 
     </span>
    </p>
   </div>
   <div class='ocr_carea' id='block_1_44' title="bbox 191 2504 1839 2583">
    <p class='ocr_par' dir='ltr' id='par_1_44' title="bbox 191 2504 1839 2583">
     <span class='ocr_line' id='line_1_47' title="bbox 191 2504 1839 2583; baseline -0.002 -19"><span class='ocrx_word' id='word_1_353' title='bbox 191 2511 279 2577; x_wconf 73' lang='grc' dir='ltr'>τὴν</span> <span class='ocrx_word' id='word_1_354' title='bbox 302 2508 519 2564; x_wconf 80' lang='grc' dir='ltr'>ἐκείνου</span> <span class='ocrx_word' id='word_1_355' title='bbox 548 2508 696 2579; x_wconf 76' lang='grc' dir='ltr'>τάξιν</span> <span class='ocrx_word' id='word_1_356' title='bbox 729 2505 1088 2583; x_wconf 82' lang='grc' dir='ltr'>ἀναπληρῶν.</span> <span class='ocrx_word' id='word_1_357' title='bbox 1144 2505 1241 2559; x_wconf 87' lang='grc' dir='ltr'><strong>Καὶ</strong></span> <span class='ocrx_word' id='word_1_358' title='bbox 1296 2506 1323 2560; x_wconf 86' lang='grc' dir='ltr'>ὁ</span> <span class='ocrx_word' id='word_1_359' title='bbox 1367 2506 1463 2577; x_wconf 73' lang='grc' dir='ltr'><strong>μὲν</strong></span> <span class='ocrx_word' id='word_1_360' title='bbox 1520 2504 1839 2581; x_wconf 81' lang='grc' dir='ltr'>Φιλανθρω·</span> 
     </span>
    </p>
   </div>
   <div class='ocr_carea' id='block_1_45' title="bbox 193 2594 1842 2675">
    <p class='ocr_par' dir='ltr' id='par_1_45' title="bbox 193 2594 1842 2675">
     <span class='ocr_line' id='line_1_48' title="bbox 193 2594 1842 2675; baseline -0.001 -24"><span class='ocrx_word' id='word_1_361' title='bbox 193 2599 353 2669; x_wconf 74' lang='grc' dir='ltr'>πηνὸς</span> <span class='ocrx_word' id='word_1_362' title='bbox 386 2598 687 2675; x_wconf 72' lang='grc' dir='ltr'>ἇπεφέρετο</span> <span class='ocrx_word' id='word_1_363' title='bbox 740 2598 809 2651; x_wconf 81' lang='grc' dir='ltr'><strong>τά</strong></span> <span class='ocrx_word' id='word_1_364' title='bbox 864 2600 1107 2671; x_wconf 89' lang='grc' dir='ltr'>πρωτεῖα</span> <span class='ocrx_word' id='word_1_365' title='bbox 1136 2595 1224 2649; x_wconf 83' lang='grc' dir='ltr'>καί</span> <span class='ocrx_word' id='word_1_366' title='bbox 1281 2599 1404 2656; x_wconf 88' lang='grc' dir='ltr'>τοῖς</span> <span class='ocrx_word' id='word_1_367' title='bbox 1434 2594 1587 2657; x_wconf 76' lang='grc' dir='ltr'>ὅλοις</span> <span class='ocrx_word' id='word_1_368' title='bbox 1615 2594 1842 2650; x_wconf 78' lang='grc' dir='ltr'>ἐπεστάο</span> 
     </span>
    </p>
   </div>
   <div class='ocr_carea' id='block_1_46' title="bbox 194 2813 1842 2887">
    <p class='ocr_par' dir='ltr' id='par_1_46' title="bbox 194 2813 1842 2887">
     <span class='ocr_line' id='line_1_49' title="bbox 194 2813 1842 2887; baseline -0.002 -14"><span class='ocrx_word' id='word_1_369' title='bbox 194 2833 261 2873; x_wconf 88' lang='lat' dir='ltr'><strong>ne</strong></span> <span class='ocrx_word' id='word_1_370' title='bbox 291 2818 540 2873; x_wconf 77' lang='lat' dir='ltr'><strong>fratrem</strong></span> <span class='ocrx_word' id='word_1_371' title='bbox 575 2814 813 2887; x_wconf 84' lang='lat' dir='ltr'><strong>quidem</strong></span> <span class='ocrx_word' id='word_1_372' title='bbox 841 2829 1017 2870; x_wconf 89' lang='lat' dir='ltr'><strong>suum</strong></span> <span class='ocrx_word' id='word_1_373' title='bbox 1067 2819 1152 2870; x_wconf 93' lang='lat' dir='ltr'><strong>tot</strong></span> <span class='ocrx_word' id='word_1_374' title='bbox 1198 2814 1569 2871; x_wconf 77' lang='lat' dir='ltr'><strong>successibus</strong></span> <span class='ocrx_word' id='word_1_375' title='bbox 1616 2813 1842 2870; x_wconf 82' lang='lat' dir='ltr'><strong>bellicis</strong></span> 
     </span>
    </p>
   </div>
   <div class='ocr_carea' id='block_1_47' title="bbox 196 2902 1840 2975">
    <p class='ocr_par' dir='ltr' id='par_1_47' title="bbox 196 2902 1840 2975">
     <span class='ocr_line' id='line_1_50' title="bbox 196 2902 1840 2975; baseline -0.004 -13"><span class='ocrx_word' id='word_1_376' title='bbox 196 2906 417 2962; x_wconf 84' lang='lat' dir='ltr'><strong>clarum</strong></span> <span class='ocrx_word' id='word_1_377' title='bbox 454 2908 762 2975; x_wconf 88' lang='lat' dir='ltr'><strong>despotam</strong></span> <span class='ocrx_word' id='word_1_378' title='bbox 790 2903 1076 2958; x_wconf 82' lang='lat' dir='ltr'><strong>Joannem</strong></span> <span class='ocrx_word' id='word_1_379' title='bbox 1109 2908 1237 2958; x_wconf 90' lang='lat' dir='ltr'><strong>tuto</strong></span> <span class='ocrx_word' id='word_1_380' title='bbox 1270 2920 1402 2958; x_wconf 90' lang='lat' dir='ltr'><strong>cum</strong></span> <span class='ocrx_word' id='word_1_381' title='bbox 1443 2920 1510 2957; x_wconf 90' lang='lat' dir='ltr'><strong>eo</strong></span> <span class='ocrx_word' id='word_1_382' title='bbox 1556 2902 1840 2957; x_wconf 76' lang='lat' dir='ltr'><strong>committi</strong></span> 
     </span>
    </p>
   </div>
   <div class='ocr_carea' id='block_1_48' title="bbox 197 2994 1839 3068">
    <p class='ocr_par' dir='ltr' id='par_1_48' title="bbox 197 2994 1839 3068">
     <span class='ocr_line' id='line_1_51' title="bbox 197 2994 1839 3068; baseline -0.005 -16"><span class='ocrx_word' id='word_1_383' title='bbox 197 3012 358 3068; x_wconf 88' lang='lat' dir='ltr'><strong>posse</strong></span> <span class='ocrx_word' id='word_1_384' title='bbox 390 2995 721 3065; x_wconf 80' lang='lat' dir='ltr'><strong>imperator</strong></span> <span class='ocrx_word' id='word_1_385' title='bbox 750 2994 1289 3057; x_wconf 87' lang='lat' dir='ltr'><strong>duceret,metuens</strong></span> <span class='ocrx_word' id='word_1_386' title='bbox 1314 2995 1552 3047; x_wconf 83' lang='lat' dir='ltr'><strong>Martem</strong></span> <span class='ocrx_word' id='word_1_387' title='bbox 1578 3007 1839 3046; x_wconf 86' lang='lat' dir='ltr'><strong>commu-</strong></span> 
     </span>
    </p>
   </div>
   <div class='ocr_carea' id='block_1_49' title="bbox 196 3080 1844 3153">
    <p class='ocr_par' dir='ltr' id='par_1_49' title="bbox 196 3080 1844 3153">
     <span class='ocr_line' id='line_1_52' title="bbox 196 3080 1844 3153; baseline -0.004 -13"><span class='ocrx_word' id='word_1_388' title='bbox 196 3101 319 3140; x_wconf 86' lang='lat' dir='ltr'><strong>nem</strong></span> <span class='ocrx_word' id='word_1_389' title='bbox 334 3082 797 3153; x_wconf 86' lang='lat' dir='ltr'><strong>anticipitesque</strong></span> <span class='ocrx_word' id='word_1_390' title='bbox 812 3080 1135 3152; x_wconf 68' lang='lat' dir='ltr'><strong>praeliorum</strong></span> <span class='ocrx_word' id='word_1_391' title='bbox 1149 3097 1456 3147; x_wconf 89' lang='lat' dir='ltr'><strong>casus,nec</strong></span> <span class='ocrx_word' id='word_1_392' title='bbox 1473 3081 1617 3135; x_wconf 84' lang='lat' dir='ltr'>satis</span> <span class='ocrx_word' id='word_1_393' title='bbox 1635 3080 1844 3145; x_wconf 80' lang='lat' dir='ltr'><strong>fidens,</strong></span> 
     </span>
    </p>
   </div>
   <div class='ocr_carea' id='block_1_50' title="bbox 196 3171 1848 3241">
    <p class='ocr_par' dir='ltr' id='par_1_50' title="bbox 196 3171 1848 3241">
     <span class='ocr_line' id='line_1_53' title="bbox 196 3171 1848 3241; baseline -0.004 -12"><span class='ocrx_word' id='word_1_394' title='bbox 196 3175 239 3229; x_wconf 88' lang='lat' dir='ltr'><strong>si</strong></span> <span class='ocrx_word' id='word_1_395' title='bbox 270 3174 565 3229; x_wconf 77' lang='lat' dir='ltr'><strong>bellarent</strong></span> <span class='ocrx_word' id='word_1_396' title='bbox 601 3171 872 3236; x_wconf 86' lang='lat' dir='ltr'><strong>invicem,</strong></span> <span class='ocrx_word' id='word_1_397' title='bbox 910 3186 1209 3241; x_wconf 84' lang='lat' dir='ltr'><strong>nunquam</strong></span> <span class='ocrx_word' id='word_1_398' title='bbox 1240 3176 1585 3225; x_wconf 89' lang='lat' dir='ltr'><strong>eventurum</strong></span> <span class='ocrx_word' id='word_1_399' title='bbox 1634 3175 1696 3223; x_wconf 92' lang='lat' dir='ltr'><strong>ut</strong></span> <span class='ocrx_word' id='word_1_400' title='bbox 1745 3175 1848 3223; x_wconf 82' lang='lat' dir='ltr'><strong>aut</strong></span> 
     </span>
    </p>
   </div>
   <div class='ocr_carea' id='block_1_51' title="bbox 194 3258 1849 3333">
    <p class='ocr_par' dir='ltr' id='par_1_51' title="bbox 194 3258 1849 3333">
     <span class='ocr_line' id='line_1_54' title="bbox 194 3258 1849 3333; baseline -0.002 -18"><span class='ocrx_word' id='word_1_401' title='bbox 194 3263 243 3318; x_wconf 80' lang='lat' dir='ltr'><strong>vi</strong></span> <span class='ocrx_word' id='word_1_402' title='bbox 258 3267 463 3333; x_wconf 88' lang='lat' dir='ltr'><strong>aperta</strong></span> <span class='ocrx_word' id='word_1_403' title='bbox 482 3278 550 3315; x_wconf 90' lang='lat' dir='ltr'><strong>su</strong></span> <span class='ocrx_word' id='word_1_404' title='bbox 563 3263 798 3331; x_wconf 85' lang='lat' dir='ltr'><strong>peratus</strong></span> <span class='ocrx_word' id='word_1_405' title='bbox 816 3264 919 3313; x_wconf 89' lang='lat' dir='ltr'><strong>aut</strong></span> <span class='ocrx_word' id='word_1_406' title='bbox 938 3259 1138 3314; x_wconf 81' lang='lat' dir='ltr'><strong>fraude</strong></span> <span class='ocrx_word' id='word_1_407' title='bbox 1155 3258 1588 3313; x_wconf 85' lang='lat' dir='ltr'><strong>circumventus</strong></span> <span class='ocrx_word' id='word_1_408' title='bbox 1602 3258 1849 3329; x_wconf 83' lang='lat' dir='ltr'><strong>despota</strong></span> 
     </span>
    </p>
   </div>
   <div class='ocr_carea' id='block_1_52' title="bbox 195 3346 1846 3423">
    <p class='ocr_par' dir='ltr' id='par_1_52' title="bbox 195 3346 1846 3423">
     <span class='ocr_line' id='line_1_55' title="bbox 195 3346 1846 3423; baseline -0.004 -17"><span class='ocrx_word' id='word_1_409' title='bbox 195 3351 627 3423; x_wconf 65' lang='lat' dir='ltr'><strong>prasteritarum</strong></span> <span class='ocrx_word' id='word_1_410' title='bbox 649 3348 859 3403; x_wconf 87' lang='lat' dir='ltr'><strong>decora</strong></span> <span class='ocrx_word' id='word_1_411' title='bbox 879 3347 1210 3418; x_wconf 89' lang='lat' dir='ltr'><strong>palmarum</strong></span> <span class='ocrx_word' id='word_1_412' title='bbox 1237 3348 1510 3416; x_wconf 88' lang='lat' dir='ltr'><strong>pudenda</strong></span> <span class='ocrx_word' id='word_1_413' title='bbox 1534 3346 1699 3401; x_wconf 88' lang='lat' dir='ltr'><strong>clade</strong></span> <span class='ocrx_word' id='word_1_414' title='bbox 1721 3363 1846 3400; x_wconf 90' lang='lat' dir='ltr'><strong>cor-</strong></span> 
     </span>
    </p>
   </div>
   <div class='ocr_carea' id='block_1_53' title="bbox 196 3437 1846 3512">
    <p class='ocr_par' dir='ltr' id='par_1_53' title="bbox 196 3437 1846 3512">
     <span class='ocr_line' id='line_1_56' title="bbox 196 3437 1846 3512; baseline -0.004 -17"><span class='ocrx_word' id='word_1_415' title='bbox 196 3444 516 3512; x_wconf 84' lang='lat' dir='ltr'><strong>rumperet.</strong></span> <span class='ocrx_word' id='word_1_416' title='bbox 552 3438 682 3492; x_wconf 69' lang='lat' dir='ltr'><strong>Hasc</strong></span> <span class='ocrx_word' id='word_1_417' title='bbox 713 3454 815 3508; x_wconf 89' lang='lat' dir='ltr'><strong>pro</strong></span> <span class='ocrx_word' id='word_1_418' title='bbox 847 3454 955 3492; x_wconf 88' lang='lat' dir='ltr'><strong>sua</strong></span> <span class='ocrx_word' id='word_1_419' title='bbox 987 3437 1297 3507; x_wconf 78' lang='lat' dir='ltr'><strong>prudentia</strong></span> <span class='ocrx_word' id='word_1_420' title='bbox 1328 3438 1647 3507; x_wconf 82' lang='lat' dir='ltr'><strong>imperator</strong></span> <span class='ocrx_word' id='word_1_421' title='bbox 1679 3453 1846 3507; x_wconf 87' lang='lat' dir='ltr'><strong>repu-</strong></span> 
     </span>
    </p>
   </div>
   <div class='ocr_carea' id='block_1_54' title="bbox 194 3525 1847 3601">
    <p class='ocr_par' dir='ltr' id='par_1_54' title="bbox 194 3525 1847 3601">
     <span class='ocr_line' id='line_1_57' title="bbox 194 3525 1847 3601; baseline -0.002 -18"><span class='ocrx_word' id='word_1_422' title='bbox 194 3533 343 3594; x_wconf 87' lang='lat' dir='ltr'><strong>tans,</strong></span> <span class='ocrx_word' id='word_1_423' title='bbox 382 3528 629 3601; x_wconf 88' lang='lat' dir='ltr'><strong>provido</strong></span> <span class='ocrx_word' id='word_1_424' title='bbox 660 3541 988 3595; x_wconf 89' lang='lat' dir='ltr'><strong>securoque</strong></span> <span class='ocrx_word' id='word_1_425' title='bbox 1026 3525 1271 3580; x_wconf 91' lang='lat' dir='ltr'><strong>consilio</strong></span> <span class='ocrx_word' id='word_1_426' title='bbox 1321 3542 1727 3594; x_wconf 74' lang='lat' dir='ltr'><strong>praeoccupare</strong></span> <span class='ocrx_word' id='word_1_427' title='bbox 1782 3541 1847 3580; x_wconf 90' lang='lat' dir='ltr'><strong>ac</strong></span> 
     </span>
    </p>
   </div>
   <div class='ocr_carea' id='block_1_55' title="bbox 195 3614 1845 3685">
    <p class='ocr_par' dir='ltr' id='par_1_55' title="bbox 195 3614 1845 3685">
     <span class='ocr_line' id='line_1_58' title="bbox 195 3614 1845 3685; baseline -0.002 -15"><span class='ocrx_word' id='word_1_428' title='bbox 195 3618 492 3673; x_wconf 85' lang='lat' dir='ltr'><strong>devincire</strong></span> <span class='ocrx_word' id='word_1_429' title='bbox 541 3615 655 3670; x_wconf 87' lang='lat' dir='ltr'><strong>sibi</strong></span> <span class='ocrx_word' id='word_1_430' title='bbox 695 3614 1089 3685; x_wconf 88' lang='lat' dir='ltr'><strong>periculosum</strong></span> <span class='ocrx_word' id='word_1_431' title='bbox 1138 3614 1539 3668; x_wconf 86' lang='lat' dir='ltr'><strong>adversarium</strong></span> <span class='ocrx_word' id='word_1_432' title='bbox 1575 3614 1845 3677; x_wconf 75' lang='lat' dir='ltr'><strong>decrevil,</strong></span> 
     </span>
    </p>
   </div>
   <div class='ocr_carea' id='block_1_56' title="bbox 194 3702 1847 3775">
    <p class='ocr_par' dir='ltr' id='par_1_56' title="bbox 194 3702 1847 3775">
     <span class='ocr_line' id='line_1_59' title="bbox 194 3702 1847 3775; baseline -0.002 -13"><span class='ocrx_word' id='word_1_433' title='bbox 194 3712 248 3761; x_wconf 87' lang='lat' dir='ltr'><strong>et</strong></span> <span class='ocrx_word' id='word_1_434' title='bbox 267 3710 631 3762; x_wconf 75' lang='lat' dir='ltr'><strong>consecutus</strong></span> <span class='ocrx_word' id='word_1_435' title='bbox 657 3704 810 3775; x_wconf 91' lang='lat' dir='ltr'><strong>quod</strong></span> <span class='ocrx_word' id='word_1_436' title='bbox 846 3707 1072 3774; x_wconf 82' lang='lat' dir='ltr'><strong>optaret</strong></span> <span class='ocrx_word' id='word_1_437' title='bbox 1094 3702 1420 3769; x_wconf 83' lang='lat' dir='ltr'><strong>videbatur,</strong></span> <span class='ocrx_word' id='word_1_438' title='bbox 1457 3702 1574 3757; x_wconf 86' lang='lat' dir='ltr'><strong>ﬁlia</strong></span> <span class='ocrx_word' id='word_1_439' title='bbox 1603 3704 1847 3758; x_wconf 86' lang='lat' dir='ltr'><strong>Joannis</strong></span> 
     </span>
    </p>
   </div>
   <div class='ocr_carea' id='block_1_57' title="bbox 194 3791 1844 3866">
    <p class='ocr_par' dir='ltr' id='par_1_57' title="bbox 194 3791 1844 3866">
     <span class='ocr_line' id='line_1_60' title="bbox 194 3791 1844 3866; baseline -0.003 -15"><span class='ocrx_word' id='word_1_440' title='bbox 194 3797 386 3864; x_wconf 80' lang='lat' dir='ltr'><strong>istius,</strong></span> <span class='ocrx_word' id='word_1_441' title='bbox 411 3797 488 3850; x_wconf 92' lang='lat' dir='ltr'><strong>de</strong></span> <span class='ocrx_word' id='word_1_442' title='bbox 518 3810 638 3866; x_wconf 89' lang='lat' dir='ltr'><strong>qua</strong></span> <span class='ocrx_word' id='word_1_443' title='bbox 668 3793 808 3863; x_wconf 86' lang='lat' dir='ltr'><strong>dixi,</strong></span> <span class='ocrx_word' id='word_1_444' title='bbox 842 3791 1152 3863; x_wconf 88' lang='lat' dir='ltr'><strong>splendido</strong></span> <span class='ocrx_word' id='word_1_445' title='bbox 1185 3809 1219 3846; x_wconf 93' lang='lat' dir='ltr'><strong>a</strong></span> <span class='ocrx_word' id='word_1_446' title='bbox 1250 3808 1312 3846; x_wconf 86' lang='lat' dir='ltr'><strong>se</strong></span> <span class='ocrx_word' id='word_1_447' title='bbox 1348 3793 1531 3846; x_wconf 85' lang='lat' dir='ltr'><strong>misso</strong></span> <span class='ocrx_word' id='word_1_448' title='bbox 1564 3793 1844 3847; x_wconf 88' lang='lat' dir='ltr'><strong>comitatu</strong></span> 
     </span>
    </p>
   </div>
   <div class='ocr_carea' id='block_1_58' title="bbox 195 3879 1845 3956">
    <p class='ocr_par' dir='ltr' id='par_1_58' title="bbox 195 3879 1845 3956">
     <span class='ocr_line' id='line_1_61' title="bbox 195 3879 1845 3956; baseline -0.003 -16"><span class='ocrx_word' id='word_1_449' title='bbox 195 3902 221 3940; x_wconf 82' lang='grc' dir='ltr'>θ</span> <span class='ocrx_word' id='word_1_450' title='bbox 250 3891 500 3956; x_wconf 84' lang='lat' dir='ltr'><strong>paterna</strong></span> <span class='ocrx_word' id='word_1_451' title='bbox 527 3884 703 3937; x_wconf 89' lang='lat' dir='ltr'><strong>domo</strong></span> <span class='ocrx_word' id='word_1_452' title='bbox 734 3880 1302 3951; x_wconf 83' lang='lat' dir='ltr'><strong>Constantinopolim</strong></span> <span class='ocrx_word' id='word_1_453' title='bbox 1340 3881 1615 3947; x_wconf 88' lang='lat' dir='ltr'><strong>deducta,</strong></span> <span class='ocrx_word' id='word_1_454' title='bbox 1669 3879 1845 3935; x_wconf 88' lang='lat' dir='ltr'><strong>collo-</strong></span> 
     </span>
    </p>
   </div>
   <div class='ocr_carea' id='block_1_59' title="bbox 193 3968 1847 4040">
    <p class='ocr_par' dir='ltr' id='par_1_59' title="bbox 193 3968 1847 4040">
     <span class='ocr_line' id='line_1_62' title="bbox 193 3968 1847 4040; baseline -0.002 -13"><span class='ocrx_word' id='word_1_455' title='bbox 193 3974 373 4028; x_wconf 85' lang='lat' dir='ltr'><strong>canda</strong></span> <span class='ocrx_word' id='word_1_456' title='bbox 424 3968 837 4026; x_wconf 77' lang='lat' dir='ltr'><strong>Tarchaniotas</strong></span> <span class='ocrx_word' id='word_1_457' title='bbox 884 3969 1215 4023; x_wconf 86' lang='lat' dir='ltr'><strong>Andronico</strong></span> <span class='ocrx_word' id='word_1_458' title='bbox 1268 3969 1517 4040; x_wconf 78' lang='lat' dir='ltr'><strong>Augusti</strong></span> <span class='ocrx_word' id='word_1_459' title='bbox 1572 3969 1765 4038; x_wconf 86' lang='lat' dir='ltr'><strong>nepoti</strong></span> <span class='ocrx_word' id='word_1_460' title='bbox 1817 3986 1847 4023; x_wconf 92' lang='lat' dir='ltr'><strong>e</strong></span> 
     </span>
    </p>
   </div>
   <div class='ocr_carea' id='block_1_60' title="bbox 191 4059 1845 4130">
    <p class='ocr_par' dir='ltr' id='par_1_60' title="bbox 191 4059 1845 4130">
     <span class='ocr_line' id='line_1_63' title="bbox 191 4059 1845 4130; baseline -0.002 -13"><span class='ocrx_word' id='word_1_461' title='bbox 191 4078 384 4118; x_wconf 74' lang='lat' dir='ltr'><strong>sorore</strong></span> <span class='ocrx_word' id='word_1_462' title='bbox 416 4060 670 4129; x_wconf 74' lang='lat' dir='ltr'><strong>Martha,</strong></span> <span class='ocrx_word' id='word_1_463' title='bbox 704 4059 939 4130; x_wconf 74' lang='lat' dir='ltr'><strong>quando</strong></span> <span class='ocrx_word' id='word_1_464' title='bbox 971 4074 1253 4129; x_wconf 89' lang='lat' dir='ltr'><strong>generum</strong></span> <span class='ocrx_word' id='word_1_465' title='bbox 1287 4059 1505 4130; x_wconf 84' lang='lat' dir='ltr'><strong>pariter</strong></span> <span class='ocrx_word' id='word_1_466' title='bbox 1543 4075 1845 4114; x_wconf 84' lang='lat' dir='ltr'><strong>socerum-</strong></span> 
     </span>
    </p>
   </div>
   <div class='ocr_carea' id='block_1_61' title="bbox 194 4148 1845 4224">
    <p class='ocr_par' dir='ltr' id='par_1_61' title="bbox 194 4148 1845 4224">
     <span class='ocr_line' id='line_1_64' title="bbox 194 4148 1845 4224; baseline -0.002 -18"><span class='ocrx_word' id='word_1_467' title='bbox 194 4168 301 4224; x_wconf 88' lang='lat' dir='ltr'><strong>que</strong></span> <span class='ocrx_word' id='word_1_468' title='bbox 334 4152 505 4207; x_wconf 87' lang='lat' dir='ltr'><strong>novis</strong></span> <span class='ocrx_word' id='word_1_469' title='bbox 535 4150 923 4223; x_wconf 87' lang='lat' dir='ltr'><strong>amplissimis</strong></span> <span class='ocrx_word' id='word_1_470' title='bbox 952 4148 1339 4220; x_wconf 70' lang='lat' dir='ltr'><strong>imperatoriae</strong></span> <span class='ocrx_word' id='word_1_471' title='bbox 1371 4148 1513 4204; x_wconf 71' lang='lat' dir='ltr'><strong>aulas</strong></span> <span class='ocrx_word' id='word_1_472' title='bbox 1545 4149 1845 4221; x_wconf 84' lang='lat' dir='ltr'><strong>dignitati-</strong></span> 
     </span>
    </p>
   </div>
   <div class='ocr_carea' id='block_1_62' title="bbox 193 4237 1843 4312">
    <p class='ocr_par' dir='ltr' id='par_1_62' title="bbox 193 4237 1843 4312">
     <span class='ocr_line' id='line_1_65' title="bbox 193 4237 1843 4312; baseline -0.002 -17"><span class='ocrx_word' id='word_1_473' title='bbox 193 4257 300 4312; x_wconf 91' lang='lat' dir='ltr'><strong>qus</strong></span> <span class='ocrx_word' id='word_1_474' title='bbox 330 4240 695 4307; x_wconf 85' lang='lat' dir='ltr'><strong>bonestavit,</strong></span> <span class='ocrx_word' id='word_1_475' title='bbox 731 4242 999 4310; x_wconf 87' lang='lat' dir='ltr'><strong>nepotem</strong></span> <span class='ocrx_word' id='word_1_476' title='bbox 1052 4237 1287 4306; x_wconf 88' lang='lat' dir='ltr'><strong>quidem</strong></span> <span class='ocrx_word' id='word_1_477' title='bbox 1339 4254 1509 4293; x_wconf 89' lang='lat' dir='ltr'><strong>suum</strong></span> <span class='ocrx_word' id='word_1_478' title='bbox 1566 4254 1843 4308; x_wconf 84' lang='lat' dir='ltr'><strong>magnum</strong></span> 
     </span>
    </p>
   </div>
   <div class='ocr_carea' id='block_1_63' title="bbox 196 4326 1842 4393">
    <p class='ocr_par' dir='ltr' id='par_1_63' title="bbox 196 4326 1842 4393">
     <span class='ocr_line' id='line_1_66' title="bbox 196 4326 1842 4393; baseline -0.004 -9"><span class='ocrx_word' id='word_1_479' title='bbox 196 4328 633 4393; x_wconf 88' lang='lat' dir='ltr'><strong>conostaulum,</strong></span> <span class='ocrx_word' id='word_1_480' title='bbox 701 4326 989 4382; x_wconf 87' lang='lat' dir='ltr'><strong>Joannem</strong></span> <span class='ocrx_word' id='word_1_481' title='bbox 1057 4330 1251 4381; x_wconf 85' lang='lat' dir='ltr'><strong>autem</strong></span> <span class='ocrx_word' id='word_1_482' title='bbox 1320 4326 1842 4381; x_wconf 86' lang='lat' dir='ltr'><strong>sebastocraturem</strong></span> 
     </span>
    </p>
   </div>
   <div class='ocr_carea' id='block_1_64' title="bbox 1941 1787 3586 1867">
    <p class='ocr_par' dir='ltr' id='par_1_64' title="bbox 1941 1787 3586 1867">
     <span class='ocr_line' id='line_1_67' title="bbox 1941 1787 3586 1867; baseline -0.002 -21"><span class='ocrx_word' id='word_1_483' title='bbox 1941 1792 2191 1867; x_wconf 85' lang='grc' dir='ltr'>κατέχειν</span> <span class='ocrx_word' id='word_1_484' title='bbox 2223 1792 2320 1860; x_wconf 78' lang='grc' dir='ltr'>τήν</span> <span class='ocrx_word' id='word_1_485' title='bbox 2350 1789 2511 1846; x_wconf 85' lang='grc' dir='ltr'>πόλιν</span> <span class='ocrx_word' id='word_1_486' title='bbox 2545 1791 2673 1852; x_wconf 76' lang='grc' dir='ltr'>τοὺς</span> <span class='ocrx_word' id='word_1_487' title='bbox 2730 1791 3057 1863; x_wconf 80' lang='grc' dir='ltr'>Ῥωμαίους,</span> <span class='ocrx_word' id='word_1_488' title='bbox 3091 1790 3164 1851; x_wconf 85' lang='grc' dir='ltr'>ὡς</span> <span class='ocrx_word' id='word_1_489' title='bbox 3196 1789 3356 1851; x_wconf 74' lang='grc' dir='ltr'>αὐτὸς</span> <span class='ocrx_word' id='word_1_490' title='bbox 3415 1787 3586 1865; x_wconf 81' lang='grc' dir='ltr'>ἔλεγε,</span> 
     </span>
    </p>
   </div>
   <div class='ocr_carea' id='block_1_65' title="bbox 1949 1879 2874 1955">
    <p class='ocr_par' dir='ltr' id='par_1_65' title="bbox 1949 1879 2874 1955">
     <span class='ocr_line' id='line_1_68' title="bbox 1949 1879 2874 1955; baseline 0.001 -20"><span class='ocrx_word' id='word_1_491' title='bbox 1949 1883 2023 1954; x_wconf 79' lang='grc' dir='ltr'>μὴ</span> <span class='ocrx_word' id='word_1_492' title='bbox 2055 1882 2117 1935; x_wconf 86' lang='grc' dir='ltr'>τὸ</span> <span class='ocrx_word' id='word_1_493' title='bbox 2147 1887 2247 1934; x_wconf 78' lang='grc' dir='ltr'>πᾶν</span> <span class='ocrx_word' id='word_1_494' title='bbox 2282 1879 2874 1955; x_wconf 70' lang='grc' dir='ltr'>θαλασσοκρατοῦντας.</span> 
     </span>
    </p>
   </div>
   <div class='ocr_carea' id='block_1_66' title="bbox 1943 1994 3593 2069">
    <p class='ocr_par' dir='ltr' id='par_1_66' title="bbox 1943 1994 3593 2069">
     <span class='ocr_line' id='line_1_69' title="bbox 1943 1994 3593 2069; baseline -0.004 -17"><span class='ocrx_word' id='word_1_495' title='bbox 1943 1999 2041 2069; x_wconf 56' lang='grc' dir='ltr'>κζ’)</span> <span class='ocrx_word' id='word_1_496' title='bbox 2075 1998 2266 2059; x_wconf 83' lang='grc' dir='ltr'>’Όπως</span> <span class='ocrx_word' id='word_1_497' title='bbox 2297 1997 2383 2051; x_wconf 79' lang='grc' dir='ltr'><strong>καὶ</strong></span> <span class='ocrx_word' id='word_1_498' title='bbox 2420 1998 2647 2058; x_wconf 69' lang='grc' dir='ltr'>ὁπόσαις</span> <span class='ocrx_word' id='word_1_499' title='bbox 2696 1994 2953 2069; x_wconf 78' lang='grc' dir='ltr'>δυνάμεσι</span> <span class='ocrx_word' id='word_1_500' title='bbox 3017 1995 3445 2069; x_wconf 68' lang='grc' dir='ltr'>στρατηγοιῖντος</span> <span class='ocrx_word' id='word_1_501' title='bbox 3496 1996 3593 2069; x_wconf 76' lang='grc' dir='ltr'><strong>τοῦ</strong></span> 
     </span>
    </p>
   </div>
   <div class='ocr_carea' id='block_1_67' title="bbox 2018 2064 3595 2142">
    <p class='ocr_par' dir='ltr' id='par_1_67' title="bbox 2018 2064 3595 2142">
     <span class='ocr_line' id='line_1_70' title="bbox 2018 2064 3595 2142; baseline -0.003 -19"><span class='ocrx_word' id='word_1_502' title='bbox 2018 2066 2302 2135; x_wconf 85' lang='grc' dir='ltr'>δεσπότου,</span> <span class='ocrx_word' id='word_1_503' title='bbox 2334 2070 2421 2123; x_wconf 78' lang='grc' dir='ltr'><strong>καὶ</strong></span> <span class='ocrx_word' id='word_1_504' title='bbox 2459 2070 2545 2142; x_wconf 69' lang='grc' dir='ltr'>ἐπὶ</span> <span class='ocrx_word' id='word_1_505' title='bbox 2576 2074 2692 2131; x_wconf 88' lang='grc' dir='ltr'>τοῖς</span> <span class='ocrx_word' id='word_1_506' title='bbox 2724 2064 2964 2142; x_wconf 69' lang='grc' dir='ltr'>δυτίκοῖς</span> <span class='ocrx_word' id='word_1_507' title='bbox 2995 2064 3259 2142; x_wconf 64' lang='grc' dir='ltr'>συχνάκις</span> <span class='ocrx_word' id='word_1_508' title='bbox 3289 2064 3595 2140; x_wconf 80' lang='grc' dir='ltr'>ἐπιχωριά-</span> 
     </span>
    </p>
   </div>
   <div class='ocr_carea' id='block_1_68' title="bbox 2022 2139 2982 2210">
    <p class='ocr_par' dir='ltr' id='par_1_68' title="bbox 2022 2139 2982 2210">
     <span class='ocr_line' id='line_1_71' title="bbox 2022 2139 2982 2210; baseline 0.001 -16"><span class='ocrx_word' id='word_1_509' title='bbox 2022 2147 2232 2210; x_wconf 89' lang='grc' dir='ltr'>ζοντος,</span> <span class='ocrx_word' id='word_1_510' title='bbox 2256 2143 2321 2195; x_wconf 82' lang='grc' dir='ltr'><strong>τά</strong></span> <span class='ocrx_word' id='word_1_511' title='bbox 2348 2140 2646 2195; x_wconf 69' lang='grc' dir='ltr'>ἀνατολικὰ</span> <span class='ocrx_word' id='word_1_512' title='bbox 2678 2139 2982 2195; x_wconf 86' lang='grc' dir='ltr'>ἀπώλοντο.</span> 
     </span>
    </p>
   </div>
   <div class='ocr_carea' id='block_1_69' title="bbox 2017 2235 3598 2313">
    <p class='ocr_par' dir='ltr' id='par_1_69' title="bbox 2017 2235 3598 2313">
     <span class='ocr_line' id='line_1_72' title="bbox 2017 2235 3598 2313; baseline -0.003 -20"><span class='ocrx_word' id='word_1_513' title='bbox 2017 2239 2138 2293; x_wconf 87' lang='grc' dir='ltr'><strong>Τῶν</strong></span> <span class='ocrx_word' id='word_1_514' title='bbox 2171 2239 2271 2313; x_wconf 80' lang='grc' dir='ltr'><strong>γάρ</strong></span> <span class='ocrx_word' id='word_1_515' title='bbox 2330 2238 2469 2292; x_wconf 84' lang='grc' dir='ltr'><strong>κατά</strong></span> <span class='ocrx_word' id='word_1_516' title='bbox 2520 2245 2623 2312; x_wconf 77' lang='grc' dir='ltr'>γῆν</span> <span class='ocrx_word' id='word_1_517' title='bbox 2673 2235 2939 2307; x_wconf 82' lang='grc' dir='ltr'>δεσπότης</span> <span class='ocrx_word' id='word_1_518' title='bbox 2988 2237 3247 2306; x_wconf 88' lang='grc' dir='ltr'>Ἰωάννης</span> <span class='ocrx_word' id='word_1_519' title='bbox 3296 2235 3598 2310; x_wconf 68' lang='grc' dir='ltr'>ἐξηγούμε-</span> 
     </span>
    </p>
   </div>
   <div class='ocr_carea' id='block_1_70' title="bbox 1947 2324 3603 2404">
    <p class='ocr_par' dir='ltr' id='par_1_70' title="bbox 1947 2324 3603 2404">
     <span class='ocr_line' id='line_1_73' title="bbox 1947 2324 3603 2404; baseline -0.001 -24"><span class='ocrx_word' id='word_1_520' title='bbox 1947 2348 2039 2388; x_wconf 88' lang='grc' dir='ltr'>νος</span> <span class='ocrx_word' id='word_1_521' title='bbox 2069 2324 2317 2388; x_wconf 86' lang='grc' dir='ltr'>πολλοὺς</span> <span class='ocrx_word' id='word_1_522' title='bbox 2346 2330 2436 2382; x_wconf 82' lang='grc' dir='ltr'><strong>καὶ</strong></span> <span class='ocrx_word' id='word_1_523' title='bbox 2501 2327 2774 2403; x_wconf 82' lang='grc' dir='ltr'>μεγάλους</span> <span class='ocrx_word' id='word_1_524' title='bbox 2835 2328 2981 2402; x_wconf 75' lang='grc' dir='ltr'>εἶχεν</span> <span class='ocrx_word' id='word_1_525' title='bbox 3041 2327 3123 2404; x_wconf 76' lang='grc' dir='ltr'>ὑφ’</span> <span class='ocrx_word' id='word_1_526' title='bbox 3179 2326 3324 2397; x_wconf 77' lang='grc' dir='ltr'>αὐτῷ</span> <span class='ocrx_word' id='word_1_527' title='bbox 3373 2346 3603 2399; x_wconf 86' lang='grc' dir='ltr'>στρατη-</span> 
     </span>
    </p>
   </div>
   <div class='ocr_carea' id='block_1_71' title="bbox 1948 2412 3602 2492">
    <p class='ocr_par' dir='ltr' id='par_1_71' title="bbox 1948 2412 3602 2492">
     <span class='ocr_line' id='line_1_74' title="bbox 1948 2412 3602 2492; baseline -0.002 -22"><span class='ocrx_word' id='word_1_528' title='bbox 1948 2416 2098 2492; x_wconf 77' lang='grc' dir='ltr'>γοὺς,</span> <span class='ocrx_word' id='word_1_529' title='bbox 2154 2417 2217 2471; x_wconf 88' lang='grc' dir='ltr'>τὸ</span> <span class='ocrx_word' id='word_1_530' title='bbox 2275 2414 2334 2471; x_wconf 74' lang='grc' dir='ltr'>δὲ</span> <span class='ocrx_word' id='word_1_531' title='bbox 2393 2418 2778 2492; x_wconf 88' lang='grc' dir='ltr'>στρατιωτικὸν</span> <span class='ocrx_word' id='word_1_532' title='bbox 2840 2419 2891 2471; x_wconf 68' lang='grc' dir='ltr'><strong>έν</strong></span> <span class='ocrx_word' id='word_1_533' title='bbox 2962 2415 3267 2490; x_wconf 81' lang='grc' dir='ltr'>ἀλλαγίοις,</span> <span class='ocrx_word' id='word_1_534' title='bbox 3328 2416 3402 2479; x_wconf 85' lang='grc' dir='ltr'>ὡς</span> <span class='ocrx_word' id='word_1_535' title='bbox 3449 2412 3602 2469; x_wconf 80' lang='grc' dir='ltr'>αὐτοὶ</span> 
     </span>
    </p>
   </div>
   <div class='ocr_carea' id='block_1_72' title="bbox 1952 2503 3601 2581">
    <p class='ocr_par' dir='ltr' id='par_1_72' title="bbox 1952 2503 3601 2581">
     <span class='ocr_line' id='line_1_75' title="bbox 1952 2503 3601 2581; baseline -0.002 -22"><span class='ocrx_word' id='word_1_536' title='bbox 1952 2511 2103 2579; x_wconf 85' lang='grc' dir='ltr'>φαῖεν</span> <span class='ocrx_word' id='word_1_537' title='bbox 2160 2503 2219 2559; x_wconf 83' lang='grc' dir='ltr'>ἂν</span> <span class='ocrx_word' id='word_1_538' title='bbox 2280 2507 2331 2559; x_wconf 73' lang='grc' dir='ltr'>οἱ</span> <span class='ocrx_word' id='word_1_539' title='bbox 2390 2505 2478 2560; x_wconf 69' lang='grc' dir='ltr'><strong>ἐπὶ</strong></span> <span class='ocrx_word' id='word_1_540' title='bbox 2524 2511 2629 2560; x_wconf 89' lang='grc' dir='ltr'><strong>τῶν</strong></span> <span class='ocrx_word' id='word_1_541' title='bbox 2694 2505 2989 2581; x_wconf 86' lang='grc' dir='ltr'>ταγμάτων</span> <span class='ocrx_word' id='word_1_542' title='bbox 3061 2503 3550 2579; x_wconf 80' lang='grc' dir='ltr'>κοινολογούμενοι</span> <span class='ocrx_word' id='word_1_543' title='bbox 3586 2547 3601 2573; x_wconf 86' lang='grc'><strong>,</strong></span> 
     </span>
    </p>
   </div>
   <div class='ocr_carea' id='block_1_73' title="bbox 1949 2594 3599 2673">
    <p class='ocr_par' dir='ltr' id='par_1_73' title="bbox 1949 2594 3599 2673">
     <span class='ocr_line' id='line_1_76' title="bbox 1949 2594 3599 2673; baseline 0 -24"><span class='ocrx_word' id='word_1_544' title='bbox 1949 2594 2229 2659; x_wconf 79' lang='grc' dir='ltr'>πλείστοις</span> <span class='ocrx_word' id='word_1_545' title='bbox 2286 2597 2600 2654; x_wconf 86' lang='grc' dir='ltr'>συνίσταντο</span> <span class='ocrx_word' id='word_1_546' title='bbox 2637 2641 2650 2654; x_wconf 94' lang='grc'><strong>.</strong></span> <span class='ocrx_word' id='word_1_547' title='bbox 2711 2600 2811 2655; x_wconf 86' lang='grc' dir='ltr'>Ἦν</span> <span class='ocrx_word' id='word_1_548' title='bbox 2890 2600 2991 2673; x_wconf 81' lang='grc' dir='ltr'>γὰρ</span> <span class='ocrx_word' id='word_1_549' title='bbox 3044 2598 3107 2652; x_wconf 90' lang='grc' dir='ltr'>τὸ</span> <span class='ocrx_word' id='word_1_550' title='bbox 3186 2595 3599 2671; x_wconf 80' lang='grc' dir='ltr'>Παφλαγονικὸν</span> 
     </span>
    </p>
   </div>
   <div class='ocr_carea' id='block_1_74' title="bbox 1952 2813 3603 2887">
    <p class='ocr_par' dir='ltr' id='par_1_74' title="bbox 1952 2813 3603 2887">
     <span class='ocr_line' id='line_1_77' title="bbox 1952 2813 3603 2887; baseline 0.001 -17"><span class='ocrx_word' id='word_1_551' title='bbox 1952 2819 2102 2870; x_wconf 88' lang='lat' dir='ltr'><strong>state</strong></span> <span class='ocrx_word' id='word_1_552' title='bbox 2132 2813 2362 2870; x_wconf 90' lang='lat' dir='ltr'><strong>cunctis</strong></span> <span class='ocrx_word' id='word_1_553' title='bbox 2411 2813 2719 2869; x_wconf 89' lang='lat' dir='ltr'><strong>navalibus</strong></span> <span class='ocrx_word' id='word_1_554' title='bbox 2769 2815 2955 2887; x_wconf 82' lang='lat' dir='ltr'><strong>copiis</strong></span> <span class='ocrx_word' id='word_1_555' title='bbox 3004 2815 3332 2885; x_wconf 64' lang='lat' dir='ltr'><strong>prafectus,</strong></span> <span class='ocrx_word' id='word_1_556' title='bbox 3382 2815 3493 2870; x_wconf 90' lang='lat' dir='ltr'><strong>sub</strong></span> <span class='ocrx_word' id='word_1_557' title='bbox 3542 2829 3603 2871; x_wconf 73' lang='lat' dir='ltr'><strong>se</strong></span> 
     </span>
    </p>
   </div>
   <div class='ocr_carea' id='block_1_75' title="bbox 1952 2902 3603 2974">
    <p class='ocr_par' dir='ltr' id='par_1_75' title="bbox 1952 2902 3603 2974">
     <span class='ocr_line' id='line_1_78' title="bbox 1952 2902 3603 2974; baseline -0.001 -17"><span class='ocrx_word' id='word_1_558' title='bbox 1952 2909 2149 2957; x_wconf 89' lang='lat' dir='ltr'><strong>autem</strong></span> <span class='ocrx_word' id='word_1_559' title='bbox 2174 2902 2431 2957; x_wconf 89' lang='lat' dir='ltr'><strong>habebat</strong></span> <span class='ocrx_word' id='word_1_560' title='bbox 2453 2902 2671 2957; x_wconf 87' lang='lat' dir='ltr'><strong>multos</strong></span> <span class='ocrx_word' id='word_1_561' title='bbox 2697 2908 2753 2957; x_wconf 91' lang='lat' dir='ltr'><strong>et</strong></span> <span class='ocrx_word' id='word_1_562' title='bbox 2781 2904 3070 2959; x_wconf 83' lang='lat' dir='ltr'><strong>maximos</strong></span> <span class='ocrx_word' id='word_1_563' title='bbox 3092 2902 3282 2958; x_wconf 87' lang='lat' dir='ltr'><strong>titulis</strong></span> <span class='ocrx_word' id='word_1_564' title='bbox 3306 2903 3603 2974; x_wconf 65' lang='lat' dir='ltr'><strong>praefectu-</strong></span> 
     </span>
    </p>
   </div>
   <div class='ocr_carea' id='block_1_76' title="bbox 1957 2991 3601 3063">
    <p class='ocr_par' dir='ltr' id='par_1_76' title="bbox 1957 2991 3601 3063">
     <span class='ocr_line' id='line_1_79' title="bbox 1957 2991 3601 3063; baseline -0.001 -16"><span class='ocrx_word' id='word_1_565' title='bbox 1957 3009 2156 3047; x_wconf 90' lang='lat' dir='ltr'><strong>rarum</strong></span> <span class='ocrx_word' id='word_1_566' title='bbox 2217 2991 2594 3046; x_wconf 85' lang='lat' dir='ltr'><strong>inferioribus</strong></span> <span class='ocrx_word' id='word_1_567' title='bbox 2648 2992 2927 3063; x_wconf 83' lang='lat' dir='ltr'><strong>insignes,</strong></span> <span class='ocrx_word' id='word_1_568' title='bbox 2985 2993 3281 3057; x_wconf 86' lang='lat' dir='ltr'><strong>tribunos,</strong></span> <span class='ocrx_word' id='word_1_569' title='bbox 3327 2992 3601 3047; x_wconf 89' lang='lat' dir='ltr'><strong>ordinum</strong></span> 
     </span>
    </p>
   </div>
   <div class='ocr_carea' id='block_1_77' title="bbox 1957 3080 3606 3152">
    <p class='ocr_par' dir='ltr' id='par_1_77' title="bbox 1957 3080 3606 3152">
     <span class='ocr_line' id='line_1_80' title="bbox 1957 3080 3606 3152; baseline 0.001 -17"><span class='ocrx_word' id='word_1_570' title='bbox 1957 3080 2523 3148; x_wconf 86' lang='lat' dir='ltr'><strong>ductores,comites,</strong></span> <span class='ocrx_word' id='word_1_571' title='bbox 2546 3080 3119 3136; x_wconf 86' lang='lat' dir='ltr'><strong>navarchos.Classis</strong></span> <span class='ocrx_word' id='word_1_572' title='bbox 3141 3080 3359 3152; x_wconf 90' lang='lat' dir='ltr'><strong>quippe</strong></span> <span class='ocrx_word' id='word_1_573' title='bbox 3390 3095 3606 3151; x_wconf 87' lang='lat' dir='ltr'><strong>magna</strong></span> 
     </span>
    </p>
   </div>
   <div class='ocr_carea' id='block_1_78' title="bbox 1955 3169 3602 3242">
    <p class='ocr_par' dir='ltr' id='par_1_78' title="bbox 1955 3169 3602 3242">
     <span class='ocr_line' id='line_1_81' title="bbox 1955 3169 3602 3242; baseline -0.001 -17"><span class='ocrx_word' id='word_1_574' title='bbox 1955 3175 2099 3239; x_wconf 87' lang='lat' dir='ltr'><strong>erat,</strong></span> <span class='ocrx_word' id='word_1_575' title='bbox 2134 3169 2357 3240; x_wconf 84' lang='lat' dir='ltr'><strong>ingenti</strong></span> <span class='ocrx_word' id='word_1_576' title='bbox 2391 3172 2670 3223; x_wconf 88' lang='lat' dir='ltr'><strong>constans</strong></span> <span class='ocrx_word' id='word_1_577' title='bbox 2716 3186 2961 3224; x_wconf 84' lang='lat' dir='ltr'><strong>numero</strong></span> <span class='ocrx_word' id='word_1_578' title='bbox 3010 3170 3246 3225; x_wconf 87' lang='lat' dir='ltr'><strong>navium</strong></span> <span class='ocrx_word' id='word_1_579' title='bbox 3294 3169 3602 3242; x_wconf 88' lang='lat' dir='ltr'><strong>plenarum</strong></span> 
     </span>
    </p>
   </div>
   <div class='ocr_carea' id='block_1_79' title="bbox 1957 3259 3605 3331">
    <p class='ocr_par' dir='ltr' id='par_1_79' title="bbox 1957 3259 3605 3331">
     <span class='ocr_line' id='line_1_82' title="bbox 1957 3259 3605 3331; baseline 0 -17"><span class='ocrx_word' id='word_1_580' title='bbox 1957 3260 2095 3314; x_wconf 84' lang='lat' dir='ltr'><strong>ﬂore</strong></span> <span class='ocrx_word' id='word_1_581' title='bbox 2128 3259 2409 3331; x_wconf 89' lang='lat' dir='ltr'><strong>pugnacis</strong></span> <span class='ocrx_word' id='word_1_582' title='bbox 2438 3264 2495 3314; x_wconf 90' lang='lat' dir='ltr'><strong>et</strong></span> <span class='ocrx_word' id='word_1_583' title='bbox 2522 3259 2700 3313; x_wconf 69' lang='lat' dir='ltr'><strong>avidae</strong></span> <span class='ocrx_word' id='word_1_584' title='bbox 2733 3260 3064 3330; x_wconf 67' lang='lat' dir='ltr'><strong>praedarum</strong></span> <span class='ocrx_word' id='word_1_585' title='bbox 3088 3259 3605 3329; x_wconf 85' lang='lat' dir='ltr'><strong>juventutis.Pars</strong></span> 
     </span>
    </p>
   </div>
   <div class='ocr_carea' id='block_1_80' title="bbox 1957 3346 3608 3418">
    <p class='ocr_par' dir='ltr' id='par_1_80' title="bbox 1957 3346 3608 3418">
     <span class='ocr_line' id='line_1_83' title="bbox 1957 3346 3608 3418; baseline 0 -15"><span class='ocrx_word' id='word_1_586' title='bbox 1957 3347 2135 3418; x_wconf 88' lang='lat' dir='ltr'><strong>hujus</strong></span> <span class='ocrx_word' id='word_1_587' title='bbox 2158 3364 2226 3402; x_wconf 83' lang='lat' dir='ltr'><strong>ex</strong></span> <span class='ocrx_word' id='word_1_588' title='bbox 2250 3347 2393 3402; x_wconf 92' lang='lat' dir='ltr'><strong>urbe</strong></span> <span class='ocrx_word' id='word_1_589' title='bbox 2416 3346 2861 3417; x_wconf 88' lang='lat' dir='ltr'><strong>Gasmuli,quos</strong></span> <span class='ocrx_word' id='word_1_590' title='bbox 2894 3353 3194 3402; x_wconf 75' lang='lat' dir='ltr'><strong>Romanus</strong></span> <span class='ocrx_word' id='word_1_591' title='bbox 3228 3348 3608 3418; x_wconf 87' lang='lat' dir='ltr'><strong>digenes,hoc</strong></span> 
     </span>
    </p>
   </div>
   <div class='ocr_carea' id='block_1_81' title="bbox 1957 3436 3607 3507">
    <p class='ocr_par' dir='ltr' id='par_1_81' title="bbox 1957 3436 3607 3507">
     <span class='ocr_line' id='line_1_84' title="bbox 1957 3436 3607 3507; baseline -0.001 -14"><span class='ocrx_word' id='word_1_592' title='bbox 1957 3441 2047 3493; x_wconf 91' lang='lat' dir='ltr'><strong>est</strong></span> <span class='ocrx_word' id='word_1_593' title='bbox 2077 3436 2295 3507; x_wconf 89' lang='lat' dir='ltr'><strong>duplici</strong></span> <span class='ocrx_word' id='word_1_594' title='bbox 2331 3437 2539 3491; x_wconf 88' lang='lat' dir='ltr'><strong>mistos</strong></span> <span class='ocrx_word' id='word_1_595' title='bbox 2570 3453 2779 3507; x_wconf 85' lang='lat' dir='ltr'><strong>genere</strong></span> <span class='ocrx_word' id='word_1_596' title='bbox 2812 3438 3047 3505; x_wconf 77' lang='lat' dir='ltr'><strong>diceret,</strong></span> <span class='ocrx_word' id='word_1_597' title='bbox 3082 3454 3112 3492; x_wconf 90' lang='lat' dir='ltr'><strong>e</strong></span> <span class='ocrx_word' id='word_1_598' title='bbox 3146 3436 3424 3492; x_wconf 79' lang='lat' dir='ltr'><strong>Romanis</strong></span> <span class='ocrx_word' id='word_1_599' title='bbox 3474 3453 3607 3492; x_wconf 88' lang='lat' dir='ltr'><strong>mu-</strong></span> 
     </span>
    </p>
   </div>
   <div class='ocr_carea' id='block_1_82' title="bbox 1957 3524 3607 3597">
    <p class='ocr_par' dir='ltr' id='par_1_82' title="bbox 1957 3524 3607 3597">
     <span class='ocr_line' id='line_1_85' title="bbox 1957 3524 3607 3597; baseline 0 -17"><span class='ocrx_word' id='word_1_600' title='bbox 1957 3526 2200 3581; x_wconf 89' lang='lat' dir='ltr'><strong>lieribus</strong></span> <span class='ocrx_word' id='word_1_601' title='bbox 2222 3531 2279 3581; x_wconf 90' lang='lat' dir='ltr'><strong>et</strong></span> <span class='ocrx_word' id='word_1_602' title='bbox 2307 3526 2446 3579; x_wconf 88' lang='lat' dir='ltr'><strong>viris</strong></span> <span class='ocrx_word' id='word_1_603' title='bbox 2483 3526 2642 3580; x_wconf 84' lang='lat' dir='ltr'><strong>Italis</strong></span> <span class='ocrx_word' id='word_1_604' title='bbox 2678 3531 2867 3589; x_wconf 86' lang='lat' dir='ltr'><strong>natos,</strong></span> <span class='ocrx_word' id='word_1_605' title='bbox 2902 3524 3000 3581; x_wconf 80' lang='lat' dir='ltr'><strong>alii</strong></span> <span class='ocrx_word' id='word_1_606' title='bbox 3035 3525 3296 3597; x_wconf 81' lang='lat' dir='ltr'><strong>plerique</strong></span> <span class='ocrx_word' id='word_1_607' title='bbox 3327 3542 3395 3581; x_wconf 86' lang='lat' dir='ltr'><strong>ex</strong></span> <span class='ocrx_word' id='word_1_608' title='bbox 3427 3527 3607 3580; x_wconf 88' lang='lat' dir='ltr'><strong>Laco-</strong></span> 
     </span>
    </p>
   </div>
   <div class='ocr_carea' id='block_1_83' title="bbox 1959 3613 3604 3685">
    <p class='ocr_par' dir='ltr' id='par_1_83' title="bbox 1959 3613 3604 3685">
     <span class='ocr_line' id='line_1_86' title="bbox 1959 3613 3604 3685; baseline 0.001 -17"><span class='ocrx_word' id='word_1_609' title='bbox 1959 3614 2133 3669; x_wconf 89' lang='lat' dir='ltr'><strong>nibus</strong></span> <span class='ocrx_word' id='word_1_610' title='bbox 2168 3613 2295 3683; x_wconf 87' lang='lat' dir='ltr'><strong>(bos</strong></span> <span class='ocrx_word' id='word_1_611' title='bbox 2324 3614 2537 3685; x_wconf 82' lang='lat' dir='ltr'><strong>vulgus</strong></span> <span class='ocrx_word' id='word_1_612' title='bbox 2564 3619 2833 3683; x_wconf 87' lang='lat' dir='ltr'><strong>corrupte</strong></span> <span class='ocrx_word' id='word_1_613' title='bbox 2864 3614 3162 3669; x_wconf 84' lang='lat' dir='ltr'><strong>Tzaconas</strong></span> <span class='ocrx_word' id='word_1_614' title='bbox 3200 3614 3409 3685; x_wconf 82' lang='lat' dir='ltr'><strong>vocat),</strong></span> <span class='ocrx_word' id='word_1_615' title='bbox 3455 3630 3604 3685; x_wconf 88' lang='lat' dir='ltr'><strong>quos</strong></span> 
     </span>
    </p>
   </div>
   <div class='ocr_carea' id='block_1_84' title="bbox 1958 3701 3604 3772">
    <p class='ocr_par' dir='ltr' id='par_1_84' title="bbox 1958 3701 3604 3772">
     <span class='ocr_line' id='line_1_87' title="bbox 1958 3701 3604 3772; baseline 0.001 -15"><span class='ocrx_word' id='word_1_616' title='bbox 1958 3704 2039 3757; x_wconf 89' lang='lat' dir='ltr'><strong>uti</strong></span> <span class='ocrx_word' id='word_1_617' title='bbox 2069 3719 2137 3757; x_wconf 90' lang='lat' dir='ltr'><strong>ex</strong></span> <span class='ocrx_word' id='word_1_618' title='bbox 2160 3702 2467 3770; x_wconf 90' lang='lat' dir='ltr'><strong>Moreo,sic</strong></span> <span class='ocrx_word' id='word_1_619' title='bbox 2500 3701 2646 3757; x_wconf 88' lang='lat' dir='ltr'><strong>alios</strong></span> <span class='ocrx_word' id='word_1_620' title='bbox 2680 3719 2745 3755; x_wconf 84' lang='lat' dir='ltr'><strong>ex</strong></span> <span class='ocrx_word' id='word_1_621' title='bbox 2778 3702 3053 3756; x_wconf 86' lang='lat' dir='ltr'><strong>Occiduis</strong></span> <span class='ocrx_word' id='word_1_622' title='bbox 3089 3702 3604 3772; x_wconf 80' lang='lat' dir='ltr'><strong>partibus,multos</strong></span> 
     </span>
    </p>
   </div>
   <div class='ocr_carea' id='block_1_85' title="bbox 1957 3790 3602 3861">
    <p class='ocr_par' dir='ltr' id='par_1_85' title="bbox 1957 3790 3602 3861">
     <span class='ocr_line' id='line_1_88' title="bbox 1957 3790 3602 3861; baseline 0.001 -15"><span class='ocrx_word' id='word_1_623' title='bbox 1957 3792 2389 3861; x_wconf 82' lang='lat' dir='ltr'><strong>bellicososque</strong></span> <span class='ocrx_word' id='word_1_624' title='bbox 2421 3807 2552 3845; x_wconf 91' lang='lat' dir='ltr'><strong>cum</strong></span> <span class='ocrx_word' id='word_1_625' title='bbox 2597 3790 2873 3845; x_wconf 88' lang='lat' dir='ltr'><strong>uxoribus</strong></span> <span class='ocrx_word' id='word_1_626' title='bbox 2894 3801 2947 3845; x_wconf 86' lang='lat' dir='ltr'><strong>et</strong></span> <span class='ocrx_word' id='word_1_627' title='bbox 2967 3790 3168 3846; x_wconf 89' lang='lat' dir='ltr'><strong>liberis</strong></span> <span class='ocrx_word' id='word_1_628' title='bbox 3189 3791 3602 3847; x_wconf 84' lang='lat' dir='ltr'><strong>Constantino-</strong></span> 
     </span>
    </p>
   </div>
   <div class='ocr_carea' id='block_1_86' title="bbox 1957 3879 3599 3951">
    <p class='ocr_par' dir='ltr' id='par_1_86' title="bbox 1957 3879 3599 3951">
     <span class='ocr_line' id='line_1_89' title="bbox 1957 3879 3599 3951; baseline -0.001 -17"><span class='ocrx_word' id='word_1_629' title='bbox 1957 3880 2136 3951; x_wconf 85' lang='lat' dir='ltr'><strong>polim</strong></span> <span class='ocrx_word' id='word_1_630' title='bbox 2162 3882 2230 3934; x_wconf 86' lang='lat' dir='ltr'><strong>ad</strong></span> <span class='ocrx_word' id='word_1_631' title='bbox 2259 3881 2460 3934; x_wconf 90' lang='lat' dir='ltr'><strong>urbem</strong></span> <span class='ocrx_word' id='word_1_632' title='bbox 2487 3880 2974 3949; x_wconf 80' lang='lat' dir='ltr'><strong>frequentandam</strong></span> <span class='ocrx_word' id='word_1_633' title='bbox 2999 3879 3318 3948; x_wconf 85' lang='lat' dir='ltr'><strong>imperator</strong></span> <span class='ocrx_word' id='word_1_634' title='bbox 3338 3884 3599 3933; x_wconf 89' lang='lat' dir='ltr'><strong>transtu-</strong></span> 
     </span>
    </p>
   </div>
   <div class='ocr_carea' id='block_1_87' title="bbox 1955 3967 3605 4038">
    <p class='ocr_par' dir='ltr' id='par_1_87' title="bbox 1955 3967 3605 4038">
     <span class='ocr_line' id='line_1_90' title="bbox 1955 3967 3605 4038; baseline 0 -15"><span class='ocrx_word' id='word_1_635' title='bbox 1955 3967 2121 4023; x_wconf 86' lang='lat' dir='ltr'><strong>lerat.</strong></span> <span class='ocrx_word' id='word_1_636' title='bbox 2159 3969 2417 4022; x_wconf 86' lang='lat' dir='ltr'><strong>Aderant</strong></span> <span class='ocrx_word' id='word_1_637' title='bbox 2439 3967 2530 4020; x_wconf 88' lang='lat' dir='ltr'><strong>his</strong></span> <span class='ocrx_word' id='word_1_638' title='bbox 2552 3968 2785 4021; x_wconf 88' lang='lat' dir='ltr'><strong>abunde</strong></span> <span class='ocrx_word' id='word_1_639' title='bbox 2810 3968 2909 4038; x_wconf 89' lang='lat' dir='ltr'><strong>qui</strong></span> <span class='ocrx_word' id='word_1_640' title='bbox 2944 3968 3230 4021; x_wconf 85' lang='lat' dir='ltr'><strong>servirent</strong></span> <span class='ocrx_word' id='word_1_641' title='bbox 3260 3968 3605 4023; x_wconf 86' lang='lat' dir='ltr'><strong>ministeriis</strong></span> 
     </span>
    </p>
   </div>
   <div class='ocr_carea' id='block_1_88' title="bbox 1958 4054 3605 4127">
    <p class='ocr_par' dir='ltr' id='par_1_88' title="bbox 1958 4054 3605 4127">
     <span class='ocr_line' id='line_1_91' title="bbox 1958 4054 3605 4127; baseline 0 -15"><span class='ocrx_word' id='word_1_642' title='bbox 1958 4056 2210 4112; x_wconf 86' lang='lat' dir='ltr'><strong>nauticis</strong></span> <span class='ocrx_word' id='word_1_643' title='bbox 2232 4058 2625 4123; x_wconf 89' lang='lat' dir='ltr'><strong>undecunque</strong></span> <span class='ocrx_word' id='word_1_644' title='bbox 2652 4057 3013 4127; x_wconf 89' lang='lat' dir='ltr'><strong>coacti,quos</strong></span> <span class='ocrx_word' id='word_1_645' title='bbox 3038 4054 3411 4111; x_wconf 87' lang='lat' dir='ltr'><strong>Proselontas</strong></span> <span class='ocrx_word' id='word_1_646' title='bbox 3433 4055 3605 4127; x_wconf 86' lang='lat' dir='ltr'><strong>vulgo</strong></span> 
     </span>
    </p>
   </div>
   <div class='ocr_carea' id='block_1_89' title="bbox 1955 4144 3605 4215">
    <p class='ocr_par' dir='ltr' id='par_1_89' title="bbox 1955 4144 3605 4215">
     <span class='ocr_line' id='line_1_92' title="bbox 1955 4144 3605 4215; baseline -0.001 -15"><span class='ocrx_word' id='word_1_647' title='bbox 1955 4151 2183 4210; x_wconf 80' lang='lat' dir='ltr'><strong>vocant,</strong></span> <span class='ocrx_word' id='word_1_648' title='bbox 2217 4144 2384 4215; x_wconf 87' lang='lat' dir='ltr'><strong>quasi</strong></span> <span class='ocrx_word' id='word_1_649' title='bbox 2422 4145 2614 4198; x_wconf 89' lang='lat' dir='ltr'><strong>dicere</strong></span> <span class='ocrx_word' id='word_1_650' title='bbox 2650 4144 2883 4197; x_wconf 80' lang='lat' dir='ltr'><strong>navium</strong></span> <span class='ocrx_word' id='word_1_651' title='bbox 2919 4145 2977 4197; x_wconf 91' lang='lat' dir='ltr'><strong>in</strong></span> <span class='ocrx_word' id='word_1_652' title='bbox 3030 4144 3321 4199; x_wconf 89' lang='lat' dir='ltr'><strong>anteriora</strong></span> <span class='ocrx_word' id='word_1_653' title='bbox 3368 4146 3605 4215; x_wconf 88' lang='lat' dir='ltr'><strong>propul-</strong></span> 
     </span>
    </p>
   </div>
   <div class='ocr_carea' id='block_1_90' title="bbox 1957 4232 3605 4303">
    <p class='ocr_par' dir='ltr' id='par_1_90' title="bbox 1957 4232 3605 4303">
     <span class='ocr_line' id='line_1_93' title="bbox 1957 4232 3605 4303; baseline -0.001 -14"><span class='ocrx_word' id='word_1_654' title='bbox 1957 4252 2143 4299; x_wconf 88' lang='lat' dir='ltr'><strong>sores,</strong></span> <span class='ocrx_word' id='word_1_655' title='bbox 2172 4232 2562 4288; x_wconf 86' lang='lat' dir='ltr'><strong>valentissimi</strong></span> <span class='ocrx_word' id='word_1_656' title='bbox 2594 4232 2870 4303; x_wconf 86' lang='lat' dir='ltr'><strong>remiges,</strong></span> <span class='ocrx_word' id='word_1_657' title='bbox 2904 4249 3051 4303; x_wconf 91' lang='lat' dir='ltr'><strong>quos</strong></span> <span class='ocrx_word' id='word_1_658' title='bbox 3084 4249 3114 4287; x_wconf 91' lang='lat' dir='ltr'><strong>e</strong></span> <span class='ocrx_word' id='word_1_659' title='bbox 3145 4236 3352 4289; x_wconf 86' lang='lat' dir='ltr'><strong>cuncta</strong></span> <span class='ocrx_word' id='word_1_660' title='bbox 3383 4232 3605 4288; x_wconf 90' lang='lat' dir='ltr'><strong>circum</strong></span> 
     </span>
    </p>
   </div>
   <div class='ocr_carea' id='block_1_91' title="bbox 1955 4320 3604 4393">
    <p class='ocr_par' dir='ltr' id='par_1_91' title="bbox 1955 4320 3604 4393">
     <span class='ocr_line' id='line_1_94' title="bbox 1955 4320 3604 4393; baseline -0.002 -14"><span class='ocrx_word' id='word_1_661' title='bbox 1955 4342 2056 4379; x_wconf 86' lang='lat' dir='ltr'><strong>ora</strong></span> <span class='ocrx_word' id='word_1_662' title='bbox 2079 4322 2378 4378; x_wconf 87' lang='lat' dir='ltr'><strong>maritima</strong></span> <span class='ocrx_word' id='word_1_663' title='bbox 2409 4322 2857 4376; x_wconf 89' lang='lat' dir='ltr'><strong>robustissimos</strong></span> <span class='ocrx_word' id='word_1_664' title='bbox 2879 4327 2935 4377; x_wconf 91' lang='lat' dir='ltr'><strong>et</strong></span> <span class='ocrx_word' id='word_1_665' title='bbox 2957 4320 3241 4391; x_wconf 90' lang='lat' dir='ltr'><strong>plurimos</strong></span> <span class='ocrx_word' id='word_1_666' title='bbox 3264 4322 3604 4393; x_wconf 84' lang='lat' dir='ltr'><strong>congregari</strong></span> 
     </span>
    </p>
   </div>
   <div class='ocr_carea' id='block_1_92' title="bbox 194 4406 3605 4486">
    <p class='ocr_par' dir='ltr' id='par_1_92' title="bbox 194 4406 3605 4486">
     <span class='ocr_line' id='line_1_95' title="bbox 194 4406 3605 4486; baseline -0.002 -12"><span class='ocrx_word' id='word_1_667' title='bbox 194 4434 421 4474; x_wconf 85' lang='lat' dir='ltr'><strong>creans.</strong></span> <span class='ocrx_word' id='word_1_668' title='bbox 476 4420 539 4473; x_wconf 88' lang='lat' dir='ltr'><strong>In</strong></span> <span class='ocrx_word' id='word_1_669' title='bbox 592 4417 749 4471; x_wconf 89' lang='lat' dir='ltr'><strong>hunc</strong></span> <span class='ocrx_word' id='word_1_670' title='bbox 798 4416 1038 4471; x_wconf 91' lang='lat' dir='ltr'><strong>modum</strong></span> <span class='ocrx_word' id='word_1_671' title='bbox 1088 4431 1200 4486; x_wconf 90' lang='lat' dir='ltr'><strong>pax</strong></span> <span class='ocrx_word' id='word_1_672' title='bbox 1250 4430 1381 4469; x_wconf 87' lang='lat' dir='ltr'><strong>cum</strong></span> <span class='ocrx_word' id='word_1_673' title='bbox 1433 4415 1585 4469; x_wconf 76' lang='lat'><strong>309</strong></span> <span class='ocrx_word' id='word_1_674' title='bbox 1628 4413 1852 4469; x_wconf 77' lang='lat' dir='ltr'><strong>Joanne</strong></span> <span class='ocrx_word' id='word_1_675' title='bbox 1884 4406 1927 4469; x_wconf 92' lang='lat' dir='ltr'><strong>D</strong></span> <span class='ocrx_word' id='word_1_676' title='bbox 1962 4415 2265 4468; x_wconf 87' lang='lat' dir='ltr'><strong>curaverat</strong></span> <span class='ocrx_word' id='word_1_677' title='bbox 2286 4410 3137 4483; x_wconf 77' lang='lat' dir='ltr'><strong>Augustus,intelligens,310</strong></span> <span class='ocrx_word' id='word_1_678' title='bbox 3160 4412 3313 4481; x_wconf 89' lang='lat' dir='ltr'><strong>quod</strong></span> <span class='ocrx_word' id='word_1_679' title='bbox 3342 4412 3605 4467; x_wconf 87' lang='lat' dir='ltr'><strong>etdicere</strong></span> 
     </span>
    </p>
   </div>
   <div class='ocr_carea' id='block_1_93' title="bbox 196 4503 1847 4578">
    <p class='ocr_par' dir='ltr' id='par_1_93' title="bbox 196 4503 1847 4578">
     <span class='ocr_line' id='line_1_96' title="bbox 196 4503 1847 4578; baseline -0.002 -16"><span class='ocrx_word' id='word_1_680' title='bbox 196 4508 605 4573; x_wconf 88' lang='lat' dir='ltr'><strong>constituta,et</strong></span> <span class='ocrx_word' id='word_1_681' title='bbox 635 4505 802 4578; x_wconf 88' lang='lat' dir='ltr'><strong>quies</strong></span> <span class='ocrx_word' id='word_1_682' title='bbox 834 4505 905 4560; x_wconf 90' lang='lat' dir='ltr'><strong>ab</strong></span> <span class='ocrx_word' id='word_1_683' title='bbox 940 4504 1046 4559; x_wconf 88' lang='lat' dir='ltr'><strong>hac</strong></span> <span class='ocrx_word' id='word_1_684' title='bbox 1079 4503 1317 4573; x_wconf 91' lang='lat' dir='ltr'><strong>quidem</strong></span> <span class='ocrx_word' id='word_1_685' title='bbox 1351 4508 1512 4574; x_wconf 79' lang='lat' dir='ltr'><strong>parte</strong></span> <span class='ocrx_word' id='word_1_686' title='bbox 1542 4503 1847 4558; x_wconf 47' lang='lat' dir='ltr'><strong>securitas.</strong></span> 
     </span>
    </p>
   </div>
   <div class='ocr_carea' id='block_1_94' title="bbox 196 4592 1843 4671">
    <p class='ocr_par' dir='ltr' id='par_1_94' title="bbox 196 4592 1843 4671">
     <span class='ocr_line' id='line_1_97' title="bbox 196 4592 1843 4671; baseline -0.005 -16"><span class='ocrx_word' id='word_1_687' title='bbox 196 4616 307 4671; x_wconf 88' lang='lat' dir='ltr'><strong>que</strong></span> <span class='ocrx_word' id='word_1_688' title='bbox 340 4615 459 4653; x_wconf 91' lang='lat' dir='ltr'><strong>non</strong></span> <span class='ocrx_word' id='word_1_689' title='bbox 494 4596 704 4668; x_wconf 84' lang='lat' dir='ltr'><strong>exigua</strong></span> <span class='ocrx_word' id='word_1_690' title='bbox 730 4596 962 4649; x_wconf 79' lang='lat' dir='ltr'><strong>ﬁrmata</strong></span> <span class='ocrx_word' id='word_1_691' title='bbox 1003 4594 1287 4649; x_wconf 79' lang='lat' dir='ltr'><strong>Romanis</strong></span> <span class='ocrx_word' id='word_1_692' title='bbox 1336 4599 1426 4649; x_wconf 83' lang='lat' dir='ltr'><strong>est</strong></span> <span class='ocrx_word' id='word_1_693' title='bbox 1472 4592 1843 4648; x_wconf 87' lang='lat' dir='ltr'><strong>exercitibus.</strong></span> 
     </span>
    </p>
   </div>
   <div class='ocr_carea' id='block_1_95' title="bbox 195 4681 1847 4758">
    <p class='ocr_par' dir='ltr' id='par_1_95' title="bbox 195 4681 1847 4758">
     <span class='ocr_line' id='line_1_98' title="bbox 195 4681 1847 4758; baseline -0.005 -14"><span class='ocrx_word' id='word_1_694' title='bbox 195 4690 301 4744; x_wconf 82' lang='lat' dir='ltr'><strong>Sed</strong></span> <span class='ocrx_word' id='word_1_695' title='bbox 336 4704 435 4744; x_wconf 87' lang='lat' dir='ltr'><strong>me</strong></span> <span class='ocrx_word' id='word_1_696' title='bbox 467 4686 690 4758; x_wconf 87' lang='lat' dir='ltr'><strong>reliqua</strong></span> <span class='ocrx_word' id='word_1_697' title='bbox 720 4700 924 4739; x_wconf 89' lang='lat' dir='ltr'><strong>curare</strong></span> <span class='ocrx_word' id='word_1_698' title='bbox 953 4684 1274 4755; x_wconf 88' lang='lat' dir='ltr'><strong>imperator</strong></span> <span class='ocrx_word' id='word_1_699' title='bbox 1307 4681 1660 4754; x_wconf 85' lang='lat' dir='ltr'><strong>negligebat,</strong></span> <span class='ocrx_word' id='word_1_700' title='bbox 1712 4681 1847 4736; x_wconf 90' lang='lat' dir='ltr'><strong>hinc</strong></span> 
     </span>
    </p>
   </div>
   <div class='ocr_carea' id='block_1_96' title="bbox 198 4769 1848 4847">
    <p class='ocr_par' dir='ltr' id='par_1_96' title="bbox 198 4769 1848 4847">
     <span class='ocr_line' id='line_1_99' title="bbox 198 4769 1848 4847; baseline -0.004 -16"><span class='ocrx_word' id='word_1_701' title='bbox 198 4776 438 4847; x_wconf 87' lang='lat' dir='ltr'><strong>quidem</strong></span> <span class='ocrx_word' id='word_1_702' title='bbox 462 4776 521 4829; x_wconf 92' lang='lat' dir='ltr'><strong>in</strong></span> <span class='ocrx_word' id='word_1_703' title='bbox 546 4774 695 4829; x_wconf 89' lang='lat' dir='ltr'><strong>mari</strong></span> <span class='ocrx_word' id='word_1_704' title='bbox 722 4776 962 4828; x_wconf 87' lang='lat' dir='ltr'><strong>strenue</strong></span> <span class='ocrx_word' id='word_1_705' title='bbox 987 4770 1176 4826; x_wconf 87' lang='lat' dir='ltr'><strong>classe</strong></span> <span class='ocrx_word' id='word_1_706' title='bbox 1209 4788 1328 4826; x_wconf 87' lang='lat' dir='ltr'><strong>rem</strong></span> <span class='ocrx_word' id='word_1_707' title='bbox 1364 4787 1593 4842; x_wconf 78' lang='lat' dir='ltr'><strong>gerens,</strong></span> <span class='ocrx_word' id='word_1_708' title='bbox 1630 4771 1759 4823; x_wconf 86' lang='lat' dir='ltr'><strong>inde</strong></span> <span class='ocrx_word' id='word_1_709' title='bbox 1788 4769 1848 4824; x_wconf 89' lang='lat' dir='ltr'><strong>in</strong></span> 
     </span>
    </p>
   </div>
   <div class='ocr_carea' id='block_1_97' title="bbox 198 4858 1850 4933">
    <p class='ocr_par' dir='ltr' id='par_1_97' title="bbox 198 4858 1850 4933">
     <span class='ocr_line' id='line_1_100' title="bbox 198 4858 1850 4933; baseline -0.004 -13"><span class='ocrx_word' id='word_1_710' title='bbox 198 4866 536 4920; x_wconf 79' lang='lat' dir='ltr'><strong>continente</strong></span> <span class='ocrx_word' id='word_1_711' title='bbox 561 4879 678 4918; x_wconf 91' lang='lat' dir='ltr'><strong>non</strong></span> <span class='ocrx_word' id='word_1_712' title='bbox 700 4860 942 4933; x_wconf 88' lang='lat' dir='ltr'><strong>segnius</strong></span> <span class='ocrx_word' id='word_1_713' title='bbox 963 4859 1344 4915; x_wconf 88' lang='lat' dir='ltr'><strong>terrestribus</strong></span> <span class='ocrx_word' id='word_1_714' title='bbox 1359 4859 1540 4932; x_wconf 88' lang='lat' dir='ltr'><strong>cepiis</strong></span> <span class='ocrx_word' id='word_1_715' title='bbox 1563 4858 1850 4914; x_wconf 85' lang='lat' dir='ltr'><strong>Triballos</strong></span> 
     </span>
    </p>
   </div>
   <div class='ocr_carea' id='block_1_98' title="bbox 197 4948 1847 5026">
    <p class='ocr_par' dir='ltr' id='par_1_98' title="bbox 197 4948 1847 5026">
     <span class='ocr_line' id='line_1_101' title="bbox 197 4948 1847 5026; baseline -0.005 -17"><span class='ocrx_word' id='word_1_716' title='bbox 197 4954 550 5026; x_wconf 82' lang='lat' dir='ltr'><strong>Illyriosque</strong></span> <span class='ocrx_word' id='word_1_717' title='bbox 580 4952 901 5008; x_wconf 86' lang='lat' dir='ltr'><strong>observans</strong></span> <span class='ocrx_word' id='word_1_718' title='bbox 928 4954 983 5005; x_wconf 90' lang='lat' dir='ltr'><strong>et</strong></span> <span class='ocrx_word' id='word_1_719' title='bbox 1012 4951 1244 5004; x_wconf 87' lang='lat' dir='ltr'><strong>admoto</strong></span> <span class='ocrx_word' id='word_1_720' title='bbox 1277 4949 1415 5004; x_wconf 90' lang='lat' dir='ltr'><strong>mali</strong></span> <span class='ocrx_word' id='word_1_721' title='bbox 1449 4954 1604 5004; x_wconf 88' lang='lat' dir='ltr'><strong>metu</strong></span> <span class='ocrx_word' id='word_1_722' title='bbox 1651 4948 1709 5003; x_wconf 91' lang='lat' dir='ltr'><strong>in</strong></span> <span class='ocrx_word' id='word_1_723' title='bbox 1760 4948 1847 5003; x_wconf 84' lang='lat' dir='ltr'><strong>of-</strong></span> 
     </span>
    </p>
   </div>
   <div class='ocr_carea' id='block_1_99' title="bbox 196 5037 1852 5111">
    <p class='ocr_par' dir='ltr' id='par_1_99' title="bbox 196 5037 1852 5111">
     <span class='ocr_line' id='line_1_102' title="bbox 196 5037 1852 5111; baseline -0.005 -13"><span class='ocrx_word' id='word_1_724' title='bbox 196 5044 327 5098; x_wconf 80' lang='lat' dir='ltr'><strong>ﬁcio</strong></span> <span class='ocrx_word' id='word_1_725' title='bbox 350 5043 686 5099; x_wconf 88' lang='lat' dir='ltr'><strong>continens.</strong></span> <span class='ocrx_word' id='word_1_726' title='bbox 718 5039 905 5095; x_wconf 84' lang='lat' dir='ltr'><strong>Classi</strong></span> <span class='ocrx_word' id='word_1_727' title='bbox 938 5043 1182 5111; x_wconf 64' lang='lat' dir='ltr'><strong>praeerat</strong></span> <span class='ocrx_word' id='word_1_728' title='bbox 1216 5037 1731 5109; x_wconf 85' lang='lat' dir='ltr'><strong>Philantropenus,</strong></span> <span class='ocrx_word' id='word_1_729' title='bbox 1765 5038 1852 5090; x_wconf 85' lang='lat' dir='ltr'><strong>vir</strong></span> 
     </span>
    </p>
   </div>
   <div class='ocr_carea' id='block_1_100' title="bbox 195 5128 1849 5203">
    <p class='ocr_par' dir='ltr' id='par_1_100' title="bbox 195 5128 1849 5203">
     <span class='ocr_line' id='line_1_103' title="bbox 195 5128 1849 5203; baseline -0.004 -16"><span class='ocrx_word' id='word_1_730' title='bbox 195 5132 392 5198; x_wconf 78' lang='lat' dir='ltr'><strong>fortis,</strong></span> <span class='ocrx_word' id='word_1_731' title='bbox 417 5132 702 5203; x_wconf 87' lang='lat' dir='ltr'><strong>dignitate</strong></span> <span class='ocrx_word' id='word_1_732' title='bbox 725 5128 961 5183; x_wconf 88' lang='lat' dir='ltr'><strong>interim</strong></span> <span class='ocrx_word' id='word_1_733' title='bbox 993 5131 1401 5199; x_wconf 87' lang='lat' dir='ltr'><strong>protostrator,</strong></span> <span class='ocrx_word' id='word_1_734' title='bbox 1426 5133 1692 5181; x_wconf 68' lang='lat' dir='ltr'><strong>caeterum</strong></span> <span class='ocrx_word' id='word_1_735' title='bbox 1730 5144 1849 5181; x_wconf 89' lang='lat' dir='ltr'><strong>ma-</strong></span> 
     </span>
    </p>
   </div>
   <div class='ocr_carea' id='block_1_101' title="bbox 195 5216 1848 5291">
    <p class='ocr_par' dir='ltr' id='par_1_101' title="bbox 195 5216 1848 5291">
     <span class='ocr_line' id='line_1_104' title="bbox 195 5216 1848 5291; baseline -0.003 -16"><span class='ocrx_word' id='word_1_736' title='bbox 195 5223 292 5291; x_wconf 87' lang='lat' dir='ltr'><strong>gni</strong></span> <span class='ocrx_word' id='word_1_737' title='bbox 326 5221 498 5277; x_wconf 90' lang='lat' dir='ltr'><strong>ducis</strong></span> <span class='ocrx_word' id='word_1_738' title='bbox 534 5220 828 5285; x_wconf 87' lang='lat' dir='ltr'><strong>Lascaris,</strong></span> <span class='ocrx_word' id='word_1_739' title='bbox 858 5234 977 5272; x_wconf 73' lang='lat' dir='ltr'><strong>tevo</strong></span> <span class='ocrx_word' id='word_1_740' title='bbox 1000 5219 1120 5288; x_wconf 87' lang='lat' dir='ltr'><strong>jam</strong></span> <span class='ocrx_word' id='word_1_741' title='bbox 1154 5216 1305 5271; x_wconf 72' lang='lat' dir='ltr'><strong>effeti</strong></span> <span class='ocrx_word' id='word_1_742' title='bbox 1336 5233 1441 5272; x_wconf 88' lang='lat' dir='ltr'><strong>nec</strong></span> <span class='ocrx_word' id='word_1_743' title='bbox 1470 5233 1572 5286; x_wconf 87' lang='lat' dir='ltr'><strong>per</strong></span> <span class='ocrx_word' id='word_1_744' title='bbox 1621 5220 1848 5271; x_wconf 67' lang='lat' dir='ltr'><strong>aetatem</strong></span> 
     </span>
    </p>
   </div>
   <div class='ocr_carea' id='block_1_102' title="bbox 198 5305 1851 5381">
    <p class='ocr_par' dir='ltr' id='par_1_102' title="bbox 198 5305 1851 5381">
     <span class='ocr_line' id='line_1_105' title="bbox 198 5305 1851 5381; baseline -0.002 -17"><span class='ocrx_word' id='word_1_745' title='bbox 198 5310 317 5366; x_wconf 83' lang='lat' dir='ltr'><strong>fere</strong></span> <span class='ocrx_word' id='word_1_746' title='bbox 348 5310 710 5381; x_wconf 88' lang='lat' dir='ltr'><strong>decrepitam</strong></span> <span class='ocrx_word' id='word_1_747' title='bbox 743 5307 1000 5379; x_wconf 90' lang='lat' dir='ltr'><strong>amplius</strong></span> <span class='ocrx_word' id='word_1_748' title='bbox 1050 5306 1169 5376; x_wconf 84' lang='lat' dir='ltr'><strong>apti</strong></span> <span class='ocrx_word' id='word_1_749' title='bbox 1224 5305 1379 5361; x_wconf 88' lang='lat' dir='ltr'><strong>curis</strong></span> <span class='ocrx_word' id='word_1_750' title='bbox 1431 5305 1851 5375; x_wconf 80' lang='lat' dir='ltr'><strong>laboribusque</strong></span> 
     </span>
    </p>
   </div>
   <div class='ocr_carea' id='block_1_103' title="bbox 199 5394 1849 5464">
    <p class='ocr_par' dir='ltr' id='par_1_103' title="bbox 199 5394 1849 5464">
     <span class='ocr_line' id='line_1_106' title="bbox 199 5394 1849 5464; baseline -0.003 -10"><span class='ocrx_word' id='word_1_751' title='bbox 199 5399 452 5464; x_wconf 87' lang='lat' dir='ltr'><strong>bellicis,</strong></span> <span class='ocrx_word' id='word_1_752' title='bbox 485 5401 542 5455; x_wconf 89' lang='lat' dir='ltr'><strong>in</strong></span> <span class='ocrx_word' id='word_1_753' title='bbox 568 5399 670 5453; x_wconf 86' lang='lat' dir='ltr'><strong>illo</strong></span> <span class='ocrx_word' id='word_1_754' title='bbox 695 5397 936 5452; x_wconf 77' lang='lat' dir='ltr'><strong>maximi</strong></span> <span class='ocrx_word' id='word_1_755' title='bbox 960 5395 1199 5450; x_wconf 83' lang='lat' dir='ltr'><strong>honoris</strong></span> <span class='ocrx_word' id='word_1_756' title='bbox 1224 5394 1390 5450; x_wconf 83' lang='lat' dir='ltr'><strong>titulo</strong></span> <span class='ocrx_word' id='word_1_757' title='bbox 1415 5395 1849 5449; x_wconf 83' lang='lat' dir='ltr'><strong>successionem</strong></span> 
     </span>
    </p>
   </div>
   <div class='ocr_carea' id='block_1_104' title="bbox 202 5483 1847 5560">
    <p class='ocr_par' dir='ltr' id='par_1_104' title="bbox 202 5483 1847 5560">
     <span class='ocr_line' id='line_1_107' title="bbox 202 5483 1847 5560; baseline -0.004 -18"><span class='ocrx_word' id='word_1_758' title='bbox 202 5496 569 5560; x_wconf 84' lang='lat' dir='ltr'><strong>exspectans,</strong></span> <span class='ocrx_word' id='word_1_759' title='bbox 601 5490 941 5556; x_wconf 83' lang='lat' dir='ltr'><strong>intcreaque</strong></span> <span class='ocrx_word' id='word_1_760' title='bbox 972 5484 1163 5540; x_wconf 75' lang='lat' dir='ltr'><strong>locum</strong></span> <span class='ocrx_word' id='word_1_761' title='bbox 1197 5485 1323 5553; x_wconf 84' lang='lat' dir='ltr'><strong>ejus</strong></span> <span class='ocrx_word' id='word_1_762' title='bbox 1349 5500 1413 5538; x_wconf 88' lang='lat' dir='ltr'><strong>ac</strong></span> <span class='ocrx_word' id='word_1_763' title='bbox 1445 5484 1597 5539; x_wconf 76' lang='lat' dir='ltr'><strong>vices</strong></span> <span class='ocrx_word' id='word_1_764' title='bbox 1626 5483 1847 5538; x_wconf 85' lang='lat' dir='ltr'><strong>obiens.</strong></span> 
     </span>
    </p>
   </div>
   <div class='ocr_carea' id='block_1_105' title="bbox 202 5574 1851 5649">
    <p class='ocr_par' dir='ltr' id='par_1_105' title="bbox 202 5574 1851 5649">
     <span class='ocr_line' id='line_1_108' title="bbox 202 5574 1851 5649; baseline -0.002 -15"><span class='ocrx_word' id='word_1_765' title='bbox 202 5581 283 5634; x_wconf 79' lang='lat' dir='ltr'><strong>Ac</strong></span> <span class='ocrx_word' id='word_1_766' title='bbox 338 5576 833 5649; x_wconf 85' lang='lat' dir='ltr'><strong>Philantropenus</strong></span> <span class='ocrx_word' id='word_1_767' title='bbox 891 5574 1127 5645; x_wconf 88' lang='lat' dir='ltr'><strong>quidem</strong></span> <span class='ocrx_word' id='word_1_768' title='bbox 1178 5589 1455 5644; x_wconf 88' lang='lat' dir='ltr'><strong>suprema</strong></span> <span class='ocrx_word' id='word_1_769' title='bbox 1512 5577 1636 5629; x_wconf 84' lang='lat' dir='ltr'><strong>erat</strong></span> <span class='ocrx_word' id='word_1_770' title='bbox 1690 5578 1851 5644; x_wconf 77' lang='lat' dir='ltr'><strong>pote-</strong></span> 
     </span>
    </p>
   </div>
   <div class='ocr_carea' id='block_1_106' title="bbox 1958 4499 3600 4571">
    <p class='ocr_par' dir='ltr' id='par_1_106' title="bbox 1958 4499 3600 4571">
     <span class='ocr_line' id='line_1_109' title="bbox 1958 4499 3600 4571; baseline -0.001 -15"><span class='ocrx_word' id='word_1_771' title='bbox 1958 4501 2206 4567; x_wconf 90' lang='lat' dir='ltr'><strong>solebat,</strong></span> <span class='ocrx_word' id='word_1_772' title='bbox 2242 4516 2545 4571; x_wconf 88' lang='lat' dir='ltr'><strong>nunquam</strong></span> <span class='ocrx_word' id='word_1_773' title='bbox 2579 4499 2635 4553; x_wconf 90' lang='lat' dir='ltr'><strong>in</strong></span> <span class='ocrx_word' id='word_1_774' title='bbox 2675 4500 2816 4555; x_wconf 90' lang='lat' dir='ltr'><strong>urbe</strong></span> <span class='ocrx_word' id='word_1_775' title='bbox 2847 4516 3085 4571; x_wconf 87' lang='lat' dir='ltr'><strong>securos</strong></span> <span class='ocrx_word' id='word_1_776' title='bbox 3117 4504 3409 4554; x_wconf 83' lang='lat' dir='ltr'><strong>Romanos</strong></span> <span class='ocrx_word' id='word_1_777' title='bbox 3461 4502 3600 4565; x_wconf 82' lang='lat' dir='ltr'><strong>fore,</strong></span> 
     </span>
    </p>
   </div>
   <div class='ocr_carea' id='block_1_107' title="bbox 1958 4586 3508 4645">
    <p class='ocr_par' dir='ltr' id='par_1_107' title="bbox 1958 4586 3508 4645">
     <span class='ocr_line' id='line_1_110' title="bbox 1958 4586 3508 4645; baseline -0.001 -1"><span class='ocrx_word' id='word_1_778' title='bbox 1958 4591 2071 4645; x_wconf 92' lang='lat' dir='ltr'><strong>nisi</strong></span> <span class='ocrx_word' id='word_1_779' title='bbox 2104 4595 2224 4645; x_wconf 88' lang='lat' dir='ltr'><strong>toto</strong></span> <span class='ocrx_word' id='word_1_780' title='bbox 2256 4590 2371 4645; x_wconf 85' lang='lat' dir='ltr'><strong>late</strong></span> <span class='ocrx_word' id='word_1_781' title='bbox 2402 4589 2547 4642; x_wconf 88' lang='lat' dir='ltr'><strong>mari</strong></span> <span class='ocrx_word' id='word_1_782' title='bbox 2584 4586 2769 4642; x_wconf 84' lang='lat' dir='ltr'><strong>classe</strong></span> <span class='ocrx_word' id='word_1_783' title='bbox 2798 4588 3015 4642; x_wconf 89' lang='lat' dir='ltr'><strong>invicta</strong></span> <span class='ocrx_word' id='word_1_784' title='bbox 3044 4588 3508 4643; x_wconf 85' lang='lat' dir='ltr'><strong>dominarentur.</strong></span> 
     </span>
    </p>
   </div>
   <div class='ocr_carea' id='block_1_108' title="bbox 1955 4701 3602 4773">
    <p class='ocr_par' dir='ltr' id='par_1_108' title="bbox 1955 4701 3602 4773">
     <span class='ocr_line' id='line_1_111' title="bbox 1955 4701 3602 4773; baseline 0 -14"><span class='ocrx_word' id='word_1_785' title='bbox 1955 4707 2129 4761; x_wconf 82' lang='lat' dir='ltr'><strong>27.Ut</strong></span> <span class='ocrx_word' id='word_1_786' title='bbox 2161 4704 2421 4759; x_wconf 77' lang='lat' dir='ltr'><strong>Romanis</strong></span> <span class='ocrx_word' id='word_1_787' title='bbox 2450 4702 2715 4757; x_wconf 72' lang='lat' dir='ltr'><strong>maximi:</strong></span> <span class='ocrx_word' id='word_1_788' title='bbox 2741 4703 2933 4771; x_wconf 79' lang='lat' dir='ltr'><strong>copiis,</strong></span> <span class='ocrx_word' id='word_1_789' title='bbox 2965 4701 3100 4757; x_wconf 81' lang='lat' dir='ltr'><strong>duce</strong></span> <span class='ocrx_word' id='word_1_790' title='bbox 3128 4702 3347 4773; x_wconf 77' lang='lat' dir='ltr'><strong>despota</strong></span> <span class='ocrx_word' id='word_1_791' title='bbox 3373 4706 3602 4771; x_wconf 79' lang='lat' dir='ltr'><strong>Joanne,</strong></span> 
     </span>
    </p>
   </div>
   <div class='ocr_carea' id='block_1_109' title="bbox 2028 4773 3604 4859">
    <p class='ocr_par' dir='ltr' id='par_1_109' title="bbox 2028 4773 3604 4859">
     <span class='ocr_line' id='line_1_112' title="bbox 2028 4773 3604 4859; baseline 0.001 -30"><span class='ocrx_word' id='word_1_792' title='bbox 2028 4777 2234 4859; x_wconf 43' lang='lat' dir='ltr'><strong>crearo.</strong></span> <span class='ocrx_word' id='word_1_793' title='bbox 2270 4775 2331 4829; x_wconf 74' lang='lat' dir='ltr'><strong>in</strong></span> <span class='ocrx_word' id='word_1_794' title='bbox 2389 4776 2652 4833; x_wconf 74' lang='lat' dir='ltr'><strong>Occiduos</strong></span> <span class='ocrx_word' id='word_1_795' title='bbox 2716 4778 2928 4828; x_wconf 78' lang='lat' dir='ltr'><strong>tractus</strong></span> <span class='ocrx_word' id='word_1_796' title='bbox 2995 4773 3219 4839; x_wconf 74' lang='lat' dir='ltr'><strong>aversis,</strong></span> <span class='ocrx_word' id='word_1_797' title='bbox 3277 4777 3604 4831; x_wconf 75' lang='lat' dir='ltr'><strong>Orientales</strong></span> 
     </span>
    </p>
   </div>
   <div class='ocr_carea' id='block_1_110' title="bbox 2025 4856 2315 4919">
    <p class='ocr_par' dir='ltr' id='par_1_110' title="bbox 2025 4856 2315 4919">
     <span class='ocr_line' id='line_1_113' title="bbox 2025 4856 2315 4919; baseline -0.007 -16"><span class='ocrx_word' id='word_1_798' title='bbox 2025 4856 2315 4919; x_wconf 66' lang='lat' dir='ltr'><strong>perierint.</strong></span> 
     </span>
    </p>
   </div>
   <div class='ocr_carea' id='block_1_111' title="bbox 2030 4943 3607 5011">
    <p class='ocr_par' dir='ltr' id='par_1_111' title="bbox 2030 4943 3607 5011">
     <span class='ocr_line' id='line_1_114' title="bbox 2030 4943 3607 5011; baseline -0.001 -12"><span class='ocrx_word' id='word_1_799' title='bbox 2030 4945 2174 4999; x_wconf 83' lang='lat' dir='ltr'><strong>Nam</strong></span> <span class='ocrx_word' id='word_1_800' title='bbox 2210 4950 2365 4999; x_wconf 87' lang='lat' dir='ltr'><strong>terra</strong></span> <span class='ocrx_word' id='word_1_801' title='bbox 2411 4945 2471 4999; x_wconf 91' lang='lat' dir='ltr'><strong>in</strong></span> <span class='ocrx_word' id='word_1_802' title='bbox 2518 4949 2641 5000; x_wconf 84' lang='lat' dir='ltr'><strong>tuto</strong></span> <span class='ocrx_word' id='word_1_803' title='bbox 2693 4961 2785 4999; x_wconf 90' lang='lat' dir='ltr'><strong>res</strong></span> <span class='ocrx_word' id='word_1_804' title='bbox 2836 4943 3208 5011; x_wconf 89' lang='lat' dir='ltr'><strong>videbantur,</strong></span> <span class='ocrx_word' id='word_1_805' title='bbox 3256 4943 3479 4999; x_wconf 89' lang='lat' dir='ltr'><strong>Joanne</strong></span> <span class='ocrx_word' id='word_1_806' title='bbox 3528 4945 3607 4999; x_wconf 91' lang='lat' dir='ltr'><strong>ibi</strong></span> 
     </span>
    </p>
   </div>
   <div class='ocr_carea' id='block_1_112' title="bbox 1960 5033 3614 5105">
    <p class='ocr_par' dir='ltr' id='par_1_112' title="bbox 1960 5033 3614 5105">
     <span class='ocr_line' id='line_1_115' title="bbox 1960 5033 3614 5105; baseline 0 -16"><span class='ocrx_word' id='word_1_807' title='bbox 1960 5036 2206 5105; x_wconf 88' lang='lat' dir='ltr'><strong>despota</strong></span> <span class='ocrx_word' id='word_1_808' title='bbox 2238 5034 2442 5089; x_wconf 90' lang='lat' dir='ltr'><strong>multis</strong></span> <span class='ocrx_word' id='word_1_809' title='bbox 2476 5034 2870 5104; x_wconf 80' lang='lat' dir='ltr'><strong>maximisque</strong></span> <span class='ocrx_word' id='word_1_810' title='bbox 2899 5050 3008 5089; x_wconf 89' lang='lat' dir='ltr'><strong>suo</strong></span> <span class='ocrx_word' id='word_1_811' title='bbox 3040 5049 3102 5087; x_wconf 90' lang='lat' dir='ltr'><strong>se</strong></span> <span class='ocrx_word' id='word_1_812' title='bbox 3132 5033 3381 5089; x_wconf 86' lang='lat' dir='ltr'><strong>ducibus</strong></span> <span class='ocrx_word' id='word_1_813' title='bbox 3412 5050 3614 5089; x_wconf 88' lang='lat' dir='ltr'><strong>nume-</strong></span> 
     </span>
    </p>
   </div>
   <div class='ocr_carea' id='block_1_113' title="bbox 1960 5121 3611 5194">
    <p class='ocr_par' dir='ltr' id='par_1_113' title="bbox 1960 5121 3611 5194">
     <span class='ocr_line' id='line_1_116' title="bbox 1960 5121 3611 5194; baseline -0.002 -15"><span class='ocrx_word' id='word_1_814' title='bbox 1960 5140 2126 5179; x_wconf 88' lang='lat' dir='ltr'><strong>rosas</strong></span> <span class='ocrx_word' id='word_1_815' title='bbox 2177 5128 2235 5177; x_wconf 91' lang='lat' dir='ltr'><strong>et</strong></span> <span class='ocrx_word' id='word_1_816' title='bbox 2275 5123 2461 5178; x_wconf 87' lang='lat' dir='ltr'><strong>bonas</strong></span> <span class='ocrx_word' id='word_1_817' title='bbox 2518 5125 2719 5194; x_wconf 85' lang='lat' dir='ltr'><strong>copias</strong></span> <span class='ocrx_word' id='word_1_818' title='bbox 2776 5125 3033 5191; x_wconf 77' lang='lat' dir='ltr'><strong>regente.</strong></span> <span class='ocrx_word' id='word_1_819' title='bbox 3087 5121 3464 5177; x_wconf 81' lang='lat' dir='ltr'><strong>Conflabatur</strong></span> <span class='ocrx_word' id='word_1_820' title='bbox 3517 5123 3611 5177; x_wconf 89' lang='lat' dir='ltr'><strong>hic</strong></span> 
     </span>
    </p>
   </div>
   <div class='ocr_carea' id='block_1_114' title="bbox 1961 5210 3610 5282">
    <p class='ocr_par' dir='ltr' id='par_1_114' title="bbox 1961 5210 3610 5282">
     <span class='ocr_line' id='line_1_117' title="bbox 1961 5210 3610 5282; baseline -0.002 -15"><span class='ocrx_word' id='word_1_821' title='bbox 1961 5212 2251 5267; x_wconf 85' lang='lat' dir='ltr'><strong>exercitus</strong></span> <span class='ocrx_word' id='word_1_822' title='bbox 2284 5229 2353 5267; x_wconf 86' lang='lat' dir='ltr'><strong>ex</strong></span> <span class='ocrx_word' id='word_1_823' title='bbox 2383 5213 2792 5268; x_wconf 68' lang='lat' dir='ltr'><strong>differentibus</strong></span> <span class='ocrx_word' id='word_1_824' title='bbox 2824 5210 3166 5282; x_wconf 85' lang='lat' dir='ltr'><strong>corporibus</strong></span> <span class='ocrx_word' id='word_1_825' title='bbox 3198 5216 3256 5265; x_wconf 90' lang='lat' dir='ltr'><strong>et</strong></span> <span class='ocrx_word' id='word_1_826' title='bbox 3286 5212 3447 5265; x_wconf 91' lang='lat' dir='ltr'><strong>velut</strong></span> <span class='ocrx_word' id='word_1_827' title='bbox 3492 5210 3610 5264; x_wconf 85' lang='lat' dir='ltr'><strong>col-</strong></span> 
     </span>
    </p>
   </div>
   <div class='ocr_carea' id='block_1_115' title="bbox 1960 5299 3608 5375">
    <p class='ocr_par' dir='ltr' id='par_1_115' title="bbox 1960 5299 3608 5375">
     <span class='ocr_line' id='line_1_118' title="bbox 1960 5299 3608 5375; baseline -0.002 -18"><span class='ocrx_word' id='word_1_828' title='bbox 1960 5303 2108 5374; x_wconf 89' lang='lat' dir='ltr'><strong>legis</strong></span> <span class='ocrx_word' id='word_1_829' title='bbox 2161 5302 2439 5367; x_wconf 87' lang='lat' dir='ltr'><strong>militum,</strong></span> <span class='ocrx_word' id='word_1_830' title='bbox 2492 5321 2618 5375; x_wconf 76' lang='lat' dir='ltr'><strong>quae</strong></span> <span class='ocrx_word' id='word_1_831' title='bbox 2670 5302 2897 5372; x_wconf 80' lang='lat' dir='ltr'><strong>Allagio</strong></span> <span class='ocrx_word' id='word_1_832' title='bbox 2948 5300 3139 5355; x_wconf 89' lang='lat' dir='ltr'><strong>solent</strong></span> <span class='ocrx_word' id='word_1_833' title='bbox 3187 5299 3477 5371; x_wconf 89' lang='lat' dir='ltr'><strong>appellare</strong></span> <span class='ocrx_word' id='word_1_834' title='bbox 3507 5300 3608 5370; x_wconf 91' lang='lat' dir='ltr'><strong>qui</strong></span> 
     </span>
    </p>
   </div>
   <div class='ocr_carea' id='block_1_116' title="bbox 1962 5388 3606 5459">
    <p class='ocr_par' dir='ltr' id='par_1_116' title="bbox 1962 5388 3606 5459">
     <span class='ocr_line' id='line_1_119' title="bbox 1962 5388 3606 5459; baseline -0.004 -12"><span class='ocrx_word' id='word_1_835' title='bbox 1962 5392 2308 5447; x_wconf 79' lang='lat' dir='ltr'><strong>militarium</strong></span> <span class='ocrx_word' id='word_1_836' title='bbox 2338 5392 2620 5448; x_wconf 88' lang='lat' dir='ltr'><strong>vocabula</strong></span> <span class='ocrx_word' id='word_1_837' title='bbox 2651 5392 2922 5445; x_wconf 86' lang='lat' dir='ltr'><strong>ordinum</strong></span> <span class='ocrx_word' id='word_1_838' title='bbox 2957 5389 3155 5459; x_wconf 87' lang='lat' dir='ltr'><strong>lingua</strong></span> <span class='ocrx_word' id='word_1_839' title='bbox 3187 5388 3435 5441; x_wconf 83' lang='lat' dir='ltr'><strong>eﬂ&#39;erunt</strong></span> <span class='ocrx_word' id='word_1_840' title='bbox 3478 5388 3606 5442; x_wconf 90' lang='lat' dir='ltr'><strong>vul-</strong></span> 
     </span>
    </p>
   </div>
   <div class='ocr_carea' id='block_1_117' title="bbox 1961 5482 3600 5555">
    <p class='ocr_par' dir='ltr' id='par_1_117' title="bbox 1961 5482 3600 5555">
     <span class='ocr_line' id='line_1_120' title="bbox 1961 5482 3600 5555; baseline -0.002 -18"><span class='ocrx_word' id='word_1_841' title='bbox 1961 5484 2105 5555; x_wconf 85' lang='lat' dir='ltr'><strong>gari.</strong></span> <span class='ocrx_word' id='word_1_842' title='bbox 2144 5486 2334 5537; x_wconf 91' lang='lat' dir='ltr'><strong>Unum</strong></span> <span class='ocrx_word' id='word_1_843' title='bbox 2368 5488 2492 5538; x_wconf 86' lang='lat' dir='ltr'><strong>erat</strong></span> <span class='ocrx_word' id='word_1_844' title='bbox 2540 5482 3058 5554; x_wconf 83' lang='lat' dir='ltr'><strong>Paphlagonicum,</strong></span> <span class='ocrx_word' id='word_1_845' title='bbox 3112 5493 3492 5531; x_wconf 85' lang='lat' dir='ltr'><strong>numerosum</strong></span> <span class='ocrx_word' id='word_1_846' title='bbox 3544 5484 3600 5534; x_wconf 90' lang='lat' dir='ltr'><strong>et</strong></span> 
     </span>
    </p>
   </div>
   <div class='ocr_carea' id='block_1_118' title="bbox 1964 5565 3598 5645">
    <p class='ocr_par' dir='ltr' id='par_1_118' title="bbox 1964 5565 3598 5645">
     <span class='ocr_line' id='line_1_121' title="bbox 1964 5565 3598 5645; baseline -0.002 -17"><span class='ocrx_word' id='word_1_847' title='bbox 1964 5572 2473 5645; x_wconf 82' lang='lat' dir='ltr'><strong>maximum,aliud</strong></span> <span class='ocrx_word' id='word_1_848' title='bbox 2505 5590 2639 5629; x_wconf 88' lang='lat' dir='ltr'><strong>cum</strong></span> <span class='ocrx_word' id='word_1_849' title='bbox 2669 5576 2727 5627; x_wconf 88' lang='lat' dir='ltr'><strong>et</strong></span> <span class='ocrx_word' id='word_1_850' title='bbox 2757 5571 2950 5641; x_wconf 91' lang='lat' dir='ltr'><strong>ipsum</strong></span> <span class='ocrx_word' id='word_1_851' title='bbox 2984 5565 3360 5623; x_wconf 87' lang='lat' dir='ltr'><strong>multitudine</strong></span> <span class='ocrx_word' id='word_1_852' title='bbox 3387 5570 3513 5623; x_wconf 88' lang='lat' dir='ltr'><strong>tum</strong></span> <span class='ocrx_word' id='word_1_853' title='bbox 3541 5569 3598 5625; x_wconf 89' lang='lat' dir='ltr'><strong>vi</strong></span> 
     </span>
    </p>
   </div>
  </div>
