3920 6196
352 267 468 325 759
520 254 523 259 '
1659 259 1965 318 unoan
2001 246 2471 322 racemum
3612 271 3700 328 760

359 390 506 449 πολύ
560 411 619 445 τε
646 387 735 444 καὶ
768 387 1051 460 μέγιστον,
1108 383 1175 453 ἦν
1236 379 1283 437 δ’
1313 380 1364 456 ἐξ
1407 381 1713 453 Ἀλιζώνων
1746 382 2004 438 πλεῖστον
2035 386 2086 452 Α
2114 385 2214 455 τὴν
2267 390 2375 442 τῶν
2428 387 2594 445 ἐθνῶν
2653 388 2916 463 ἐπίθεσιν,
2970 388 3106 454 ἄπας
3141 388 3199 446 δὲ
3229 388 3384 466 ζυγὸς
3412 388 3591 454 ἐκεῖνος
3616 398 3701 449 τῶν

361 481 453 537 καὶ
507 478 574 532 τὰ
603 476 678 537 είς
705 472 952 545 πόλεμον
1004 470 1229 546 ἀγαθὸν,
1284 469 1375 533 οὒς
1422 473 1510 525 καὶ
1563 470 1919 535 Μεσοθινίτας
1982 472 2008 525 ὁ

363 568 544 627 κοινὸς
575 563 719 619 εἶ’ποι
752 561 940 636 λόγος.
976 562 1143 617 Ἦσαν
1191 554 1337 623 ἔνθεν
1392 562 1485 634 μὲν
1534 566 1760 634 Θρᾷκες,
1810 560 2008 624 ἐκεῖθεν

364 653 704 727 δὲ.Φρύγες,
754 651 900 716 ἔνθεν
949 652 1044 723 μὲν
1094 647 1417 721 Μακεδόνες,
1463 650 1661 705 ἐκεῖθεν
1708 648 1765 706 δὲ
1813 651 2011 719 Μυσοὶ,

357 748 452 800 καί
502 746 675 817 Κᾶρες
727 741 892 797 ἄλλοι
921 740 1012 796 καὶ
1050 738 1275 796 πολλοί.
1327 741 1401 796 Τὸ
1452 739 1510 795 ἐκ
1540 737 1867 816 Μαγεδῶνος
1923 739 2013 794 καί

360 855 423 909 γε
478 833 540 887 τὸ
592 832 855 896 Σκυθικὸν
915 837 1150 906 προσῆν,
1210 830 1297 883 καὶ
1355 830 1418 883 τὸ
1458 829 1660 899 ξενικὸν
1722 829 2010 899 Ἰταλικὸν,

361 922 618 979 πλεῖστον
679 920 842 977 ἄλλο.
904 920 1007 976 Καὶ
1064 917 1255 980 ἁπλῶς
1288 917 1445 996 φάναι
1476 920 1537 972 τὸ
1568 916 1696 972 ὅλον
1730 918 1779 973 ἐν
1814 919 2010 973 ἀνυπο-

361 1015 539 1085 στάτῳ
569 1009 795 1082 δυνάμει
859 1012 1255 1083 συνεκροτεῖτο,
1309 1006 1401 1069 οὓς
1461 1012 1624 1062 κινῶν
1660 1009 1686 1062 ὁ
1745 1005 2011 1079 δεσπότης

362 1096 595 1179 φοϐερὸς
645 1100 713 1169 ἧν
751 1098 966 1175 ὅπηπερ
1024 1098 1304 1168 ἐπισταίη,
1353 1098 1443 1152 καὶ
1481 1095 1693 1170 μᾶλλον
1726 1103 1841 1159 τοῖς
1872 1095 2019 1152 δυτι-

360 1197 498 1254 κοῖς.
534 1193 613 1264 [Ρ.
645 1192 771 1262 210]
806 1191 937 1261 ΙΙαρ’
997 1190 1057 1257 ἦν
1120 1187 1292 1242 αἰτίαν
1337 1188 1425 1241 καὶ
1477 1187 1542 1241 τὰ
1597 1194 1697 1257 τῆς
1741 1187 2012 1253 ἀνατολῆς

772 1283 798 1291 ι.-
1045 1281 1072 1291 α-
1339 1275 1388 1294 ’ί
1442 1275 1455 1295 Ι
1729 1275 1743 1295 ‘
1820 1275 1840 1296 ,-

361 1279 699 1353 ὲξησθένουν,
732 1298 838 1331 των
892 1279 1114 1351 Περσων
1165 1275 1601 1352 ἐπιθαρρουντων
1650 1297 1740 1331 και
1791 1270 2016 1330 εισϐαλ-

361 1370 571 1426 λὸντων
628 1374 748 1433 ταῖς
805 1367 1017 1443 χώραις
1074 1367 1222 1441 παρᾶ
1280 1372 1452 1421 πᾶσαν
1514 1371 1612 1420 τοῦ
1667 1364 2017 1427 κωλύσοντος

367 1458 624 1534 ἐρημίαν.
678 1460 838 1521 ⁶Οθεν
895 1453 1364 1530 καὶιΜαίανδρος
1427 1456 1519 1529 μὶν
1582 1456 1854 1529 ἐξῳκιῖτο,
1916 1456 2018 1511 οὐκ

370 1546 576 1625 ἀνδρῶν
637 1547 802 1621 μόνον
859 1551 967 1601 τῶν
1025 1545 1076 1601 ἐν
1140 1544 1423 1607 πλείσταις
1478 1555 1538 1599 τε
1592 1545 1680 1600 καὶ
1742 1544 2019 1621 μεγίσταις

369 1639 604 1715 χώραις,
663 1635 926 1692 ἀλλὰκαὶ
983 1635 1162 1690 αὐτων
1224 1639 1508 1711 μοναχῶν.
1562 1633 1745 1706 ἈΑλη
1778 1636 1879 1712 γὰρ
1912 1637 2017 1692 ΙΙα-

370 1725 620 1796 λαιστίνη
649 1728 677 1781 ὁ
721 1729 907 1801 χῶρος
958 1725 986 1778 ὁ
1036 1724 1158 1796 περὶ
1207 1722 1517 1798 Μαίανδρον
1550 1724 1641 1793 ἦν,
1692 1724 1752 1778 οὗ
1814 1726 2014 1801 βοσκη-

374 1775 620 1796 ”“*’“’“”“Ι
655 1775 673 1781 ⁷
724 1775 905 1801 ΑοήΓ⁷τ
966 1775 981 1778 ⁷
1044 1775 1155 1796 "'l"
1208 1775 1508 1798 —'_VV777'_IV'V
1558 1775 1641 1793 7",
1699 1775 1745 1778 "
1814 1775 1983 1801 Γ“”’”Ί

372 1816 555 1890 μάτων
614 1814 703 1870 καὶ
765 1813 928 1887 μόνον
985 1812 1210 1886 αὐξῆσαι
1270 1812 1463 1887 ἀγέλας
1493 1812 1584 1867 καὶ
1616 1813 1871 1885 ποίμνια,
1904 1811 2017 1869 οὐδ’
2050 1775 2095 1840 Β

364 1904 575 1979 ἀνδρῶν
628 1904 795 1978 φορὰν
849 1901 1084 1978 ἐνεγκεῖν
1135 1902 1359 1977 ἀγαθὸς,
1418 1898 1564 1955 ἀλλὰ
1617 1901 1707 1955 καὶ
1762 1906 2019 1978 μοναχῶν

367 1992 811 2069 οὐρανοπολιτῶν
873 1991 1121 2068 ἒπιγείων
1182 1994 1441 2055 συστῆσαι
1472 1989 1725 2061 πληθῦας
1778 1989 2019 2067 ἄριστος,

365 2083 513 2155 παρὰ
539 2087 797 2137 τοσοῦτον
851 2080 934 2135 ἐπ’
980 2077 1177 2144 ἄλλοις
1230 2081 1297 2135 τὰ
1349 2084 1591 2155 πρωτεῖα
1648 2081 1827 2156 φέρων
1884 2081 2023 2156 πρὸς

366 2170 739 2242 Παλαιστίνην
789 2171 915 2246 παρ’
966 2169 1091 2225 ὅσον
1144 2169 1221 2224 ἑνὶ
1268 2170 1357 2224 καὶ
1398 2169 1633 2243 μεγίστῳ
1663 2172 1885 2240 ἡττᾶτο,
1941 2174 2021 2242 τῷ

367 2262 463 2323 τὰς
542 2254 822 2333 διατριϐὰς
900 2257 1071 2314 ἐκεῖσε
1138 2256 1381 2335 γενέσθαι
1437 2257 1535 2313 τοῦ
1593 2257 1728 2331 ἐμοῦ
1788 2264 2023 2332 Χριστοῦ

372 2350 462 2405 καὶ
522 2354 701 2406 Θεοῦ.
765 2348 865 2405 Καὶ
926 2347 1070 2402 οὕτω
1128 2347 1225 2420 μὲν
1282 2348 1400 2402 κατ’
1459 2345 1648 2423 ὀλίγον
1710 2345 2021 2421 Μαίανδρος

373 2440 689 2513 ήρημοῦτο,
748 2436 1165 2512 εἰσχωρούντων
1236 2435 1503 2511 ἐνδοτέρω
1557 2440 1666 2492 τῶν
1719 2435 1890 2492 ἐκεῖσε
1937 2435 2027 2493 διὰ

378 2658 438 2712 et
469 2657 592 2710 arte
622 2655 913 2725 praestans
944 2650 1157 2706 bellica
1186 2666 1256 2705 ex
1284 2649 1685 2717 Halizonibus,
1718 2666 1867 2720 quos
1911 2650 2028 2705 Me—

377 2743 695 2801 sothinitas
727 2741 966 2813 vulgare
996 2740 1155 2795 dicat
1185 2738 1428 2795 idioma.
1476 2743 1655 2795 Erant
1703 2740 1841 2794 item
1891 2739 2029 2795 hinc

377 2833 618 2907 quidem
644 2831 916 2896 Thraces,
950 2830 1093 2885 inde
1114 2834 1307 2884 autem
1340 2827 1617 2901 Phryges,
1650 2828 1812 2885 illinc
1846 2828 2028 2884 Mace-

375 2925 580 2988 dones,
612 2920 833 2976 isthinc
863 2918 1274 2992 Mysi,aliunde
1302 2918 1495 2986 Cares,
1526 2923 1583 2973 et
1611 2917 1671 2972 hi
1704 2916 2022 2973 numerosi.

374 3013 521 3069 Tum
550 3011 650 3084 qui
679 3027 748 3067 ex
795 3009 1117 3082 Magedone
1160 3013 1454 3064 venerant.
1507 3007 1695 3079 Super
1741 3006 1835 3062 bis
1881 3008 2015 3079 Scy-

376 3103 550 3158 thicae
574 3099 755 3172 copiae
786 3105 843 3154 et
872 3102 1081 3154 exterae
1111 3096 1348 3167 Italicae,
1369 3096 1755 3169 plurimaeque
1785 3096 1933 3166 alia),
1957 3113 2025 3151 ex

352 3192 599 3265 quibus
632 3189 915 3245 membris
944 3202 1288 3251 unum,vere
1318 3185 2024 3253 dicam,valentissimum

380 3288 439 3336 et
456 3277 857 3338 ineluctabilis
884 3276 1155 3348 potentiae
1187 3274 1551 3330 coalescebat
1580 3291 1822 3345 corpus;
1856 3275 2027 3343 cujus

384 3370 550 3441 quasi
584 3369 821 3423 animus
851 3365 1112 3435 despota,
1145 3364 1284 3417 dum
1340 3362 1486 3417 illud
1542 3368 1729 3418 movet
1774 3368 1830 3417 et
1879 3379 2026 3434 quo-

385 3472 616 3526 cunque
682 3453 1042 3516 circumfert,
1099 3450 1379 3505 terribilis
1438 3451 1651 3519 ubique
1708 3452 2027 3521 apparebat

385 3542 703 3618 praesertim
737 3543 795 3595 in
844 3539 1113 3595 Occiduis
1154 3539 1465 3604 tractibus,
1515 3539 1614 3593 ubi
1665 3540 2025 3609 frequentius

388 3633 709 3699 militabat;
744 3646 871 3701 quaa
904 3644 1083 3684 causa
1114 3628 1224 3683 fuit
1254 3645 1357 3682 cur
1387 3627 1557 3683 limes
1588 3626 1896 3684 Orientalis
1928 3630 2023 3683 de-

382 3718 930 3778 bilitaretur.Persis
945 3717 1209 3773 absentia
1222 3717 1427 3789 praesid
1441 3717 1559 3771 ioru
1572 3734 1621 3770 m
1640 3719 1767 3788 ejus
1781 3717 2023 3773 vexandi

381 3813 653 3867 ﬁduciam
670 3806 1518 3873 sumentibus,incursantibus
1533 3823 1597 3862 ac
1612 3806 1912 3862 latrocinio
1926 3823 2020 3862 va-

378 3903 676 3959 stantibus
709 3901 956 3956 miseras
987 3897 1115 3952 illas
1146 3896 1601 3967 regiones,nullo
1634 3896 1802 3967 plane
1836 3897 2021 3967 prohi-

378 3993 571 4047 bente.
611 3992 805 4061 Itaque
836 3988 1128 4044 Maeander
1157 3988 1423 4053 domo,ut
1454 3985 1537 4039 sic
1571 3985 1781 4051 dicam,
1818 3988 2022 4040 cedere

379 4087 615 4137 coactus
650 4080 819 4151 plane
850 4077 1151 4132 desolatus
1182 4081 1292 4143 est,
1325 4092 1439 4129 non
1474 4073 1606 4129 aliis
1639 4075 1829 4129 solum
1860 4074 2017 4129 incoo

376 4170 453 4225 lis
484 4169 870 4241 plurimarum
904 4165 1135 4220 illarum
1169 4163 1790 4234 amplissimarumque
1833 4162 2017 4233 regio-

378 4273 543 4323 num,
586 4257 687 4311 sed
738 4256 882 4325 ipsis
927 4254 1103 4307 etiam
1164 4252 1299 4306 inde
1355 4252 1571 4323 passim
1627 4252 2020 4322 migrantibus

375 4344 702 4410 monachis,
726 4343 841 4397 alia
870 4341 1158 4415 siquidem
1193 4340 1496 4396 Palaastina
1524 4346 1679 4395 terra
1704 4340 1801 4394 illa
1835 4340 2017 4394 unde-

375 4449 609 4505 cunque
667 4432 941 4489 Meandro
1000 4430 1158 4485 amni
1219 4435 1499 4501 pretenta
1550 4430 1728 4483 videri
1783 4446 1849 4484 ac
1901 4429 2015 4485 dici

314 4570 327 4573 μ
375 4504 586 4596 potuit,
620 4524 835 4594 quippe
869 4538 979 4575 non
1015 4525 1205 4575 solum
1239 4518 1369 4574 laeta
1402 4520 1633 4590 pascuis
1668 4524 1723 4573 et
1770 4534 2013 4591 gregum
2053 4504 2093 4567 ί)

376 4618 895 4682 armentorumque
940 4610 1137 4681 opima
1168 4608 1414 4680 genitrix
1446 4608 1751 4680 altrixque,
1778 4626 1887 4663 non
1920 4625 2015 4662 so-

373 4701 494 4757 lum
543 4699 847 4755 hominum
898 4716 1134 4770 quoque
1182 4699 1500 4753 multorum
1547 4704 1604 4754 et
1646 4700 2015 4769 egregiorum

376 4792 555 4855 ferax,
598 4789 696 4843 seu‘l
753 4794 1026 4858 praeterea
1076 4789 1220 4842 3H
1280 4788 1720 4857 monachorum,
1772 4787 1880 4842 hoc
1929 4793 2018 4842 est

377 4879 503 4935 cmli
526 4878 741 4934 civium
769 4878 825 4931 in
852 4877 1024 4932 terris
1056 4876 1578 4948 peregrinantium,
1611 4878 1931 4933 condendis
1960 4884 2014 4932 et

375 4985 661 5024 concursu
690 4966 1137 5021 lectissimorum
1159 4974 1559 5037 convenluque
1578 4966 2017 5038 frcqucntandis

373 5057 682 5129 aptissima
712 5055 979 5124 coloniis,
1011 5058 1174 5109 tanto
1206 5055 1263 5109 in
1298 5054 1520 5109 creteris
1558 5056 1867 5111 Palaestina
1916 5075 2015 5111 su-

374 5146 587 5220 perior,
640 5148 858 5216 quanto
907 5144 962 5199 in
994 5160 1105 5198 uno
1134 5145 1542 5215 ei,eodemque
1577 5146 1854 5213 maxime,
1889 5148 2015 5201 sine

372 5234 763 5293 controversia
792 5233 967 5299 cedit,
1002 5233 1156 5304 quod
1193 5232 1311 5287 haec
1343 5232 1621 5287 nimirum
1656 5233 1767 5288 vita
1792 5239 1848 5288 et
1877 5250 2012 5289 con-

371 5323 701 5381 versatione
759 5321 986 5376 Domini
1047 5320 1157 5376 mci
1207 5327 1264 5376 et
1310 5320 1405 5376 Dei
1464 5320 1674 5376 Christi
1736 5324 2016 5378 honorata

373 5432 489 5487 prie
521 5411 751 5469 cunctis
785 5411 978 5465 fuerit.
1013 5410 1208 5465 Talem
1243 5411 1315 5466 ob
1348 5427 1589 5466 causam
1622 5414 1927 5478 Maeander,
1955 5416 2016 5466 ut

374 5500 802 5573 dixi,paulatim
839 5501 1105 5554 desertus
1135 5507 1192 5554 et
1221 5500 1279 5554 in
1317 5500 1691 5555 Solitudinem
1746 5501 2016 5557 redactus

374 5597 479 5664 est,
509 5592 913 5649 recedentibus
943 5590 1003 5647 in
1031 5590 1306 5648 interiore
1336 5592 1438 5663 qui
1467 5591 1633 5664 prius
1674 5591 1795 5648 illic
1842 5592 2007 5648 babi~

2120 475 2513 551 Νεοκάστρων,
2570 473 2788 536 ’Ἀϐαλά
2837 500 2896 534 τε
2952 479 3041 535 καὶ
3100 480 3374 554 Καΰστρου
3427 485 3586 554 χῶραι
3632 483 3701 537 καὶ

2121 563 2382 640 Μαγεδὼν
2414 568 2501 621 καὶ
2534 570 2569 637 ἡ
2622 569 2954 644 περίπυστος
2986 570 3161 644 Καρία
3219 576 3359 624 πᾶσα
3379 574 3485 630 τοῖς
3523 569 3710 646 ἐχθροῖς

2119 656 2512 730 κατετρὲχοντο
2546 677 2561 692 ο
2637 658 2746 714 Έῶ
2811 657 2992 731 λέγειν
3071 662 3334 733 Τραχεῖαν
3407 657 3491 712 καὶ
3545 658 3709 714 Στάδια

2122 742 2425 815 Στρόϐιλόν
2483 766 2541 800 τε
2596 746 2686 801 καὶ
2741 747 2806 801 τὰ
2866 748 3151 820 ἀντιπέραν
3209 744 3412 814 Ῥόδου,
3445 745 3614 821 ἃχθὶς
3638 749 3710 802 καὶ

2120 832 2311 905 πρώην
2376 834 2479 888 ὑπὸ
2534 834 2840 908 Ῥωμαίους
2887 834 3150 890 τελοῦντα
3206 834 3412 910 ἐχθρῶν
3468 833 3515 890 ὲν
3567 835 3711 911 ὀλίγῳ

2122 916 2305 1000 χρόνῳ
2335 920 2577 996 ἐγένοντο
2609 924 2946 998 ὁρμητήρια.
3006 924 3083 979 Τὰ
3139 922 3198 979 δὲ
3253 923 3386 999 πρὸς
3430 925 3604 998 θατέρᾳ
3636 927 3712 979 θα-

2124 1008 2296 1084 λάσσῃ
2337 1009 2504 1087 φῦλα,
2550 1008 2644 1065 ἵνα
2703 1012 2779 1085 μή
2838 1012 2903 1066 τά
2960 1010 3097 1085 μέσα
3156 1010 3320 1087 λὲγω,
3351 1010 3443 1066 ὅσα
3467 1032 3520 1066 τε
3547 1012 3593 1065 ἐν
3618 1014 3713 1069 Ma-

2124 1096 2447 1173 ρυανδηνοῖς
2503 1120 2561 1154 τε
2615 1100 2705 1155 καὶ
2759 1101 2996 1158 Μόσυσιν
3038 1101 3131 1155 καὶ
3162 1098 3261 1155 ὅσα
3287 1099 3337 1153 ἐν
3365 1105 3475 1161 τοῖς
3524 1100 3716 1174 μεγαθύ-

2126 1208 2250 1262 μοις
2307 1189 2542 1250 Ἐνετοῖς
2593 1184 2723 1243 ὄντα
2776 1193 2844 1263 τῇ
2900 1189 3186 1262 Ῥωμαίων
3232 1190 3517 1260 ὑπήκουον,
3547 1188 3625 1242 σὺν
3654 1192 3718 1251 οἷς

2122 1275 2211 1330 καὶ
2269 1270 2346 1332 ἔτι
2402 1277 2469 1331 τά
2524 1275 2675 1333 ἔνδον
2731 1277 2899 1354 μέχρι
2958 1277 3305 1354 Σαγγάρεως,
3364 1277 3447 1332 ἐπὶ
3494 1282 3712 1332 τοσοῦτον

2123 1366 2389 1441 ἠφάνιστο
2420 1365 2560 1421 ὥστε
2603 1367 2695 1421 καὶ
2726 1365 3124 1442 Μαρυανδηνοῦ
3162 1370 3503 1441 θρηνητῆρος
3527 1365 3713 1441 χρῄζειν

2123 1455 2286 1526 ἀξίως
2332 1456 2483 1511 τάκεῖ
2534 1458 2925 1532 θρηνήσοντος.
2976 1462 3096 1512 Τῶν
3126 1457 3229 1533 γὰρ
3261 1452 3551 1529 δυνάμεων,
3601 1454 3719 1512 πολ-

2126 1544 2237 1600 λῶν
2295 1567 2353 1600 τε
2408 1554 2499 1601 καί
2557 1548 2878 1620 θαυμαστῶν
2941 1547 3140 1615 οὐσῶν,
3190 1541 3715 1623 συγκατατριῶμὲνων

2122 1638 2240 1696 τοῖς
2292 1632 2533 1699 δυτικοῖς
2589 1637 2677 1691 καὶ
2736 1638 2854 1691 κατ’
2911 1636 3093 1712 ὀλίγον
3155 1633 3578 1709 δαπανωμένων,
3624 1639 3721 1697 τοῖς

2124 1726 2241 1780 κατ’
2295 1725 2568 1797 ἀνατολὴν
2627 1725 2885 1789 τοσοῦτος
2944 1728 2972 1782 ὁ
3028 1724 3281 1788 κίνδυνος
3327 1726 3588 1802 περιέστη,
3611 1725 3720 1778 ὥστε

2130 1812 2260 1887 μηδ’
2305 1814 2381 1877 εἰς
2439 1815 2606 1885 αὐτὴν
2664 1816 2988 1891 Ἡράκλειαν
3017 1818 3118 1885 τήν
3149 1819 3253 1870 τοῦ
3285 1815 3485 1870 Πόντου
3529 1811 3725 1890 βαδίζειν

2128 1904 2261 1958 εἶναι
2320 1908 2456 1979 πεζῇ
2507 1904 2636 1968 τοὺς
2671 1904 3035 1982 ὁρμωμένους
3089 1904 3149 1960 ἐκ
3183 1903 3419 1973 πόλεως,
3464 1907 3563 1958 τῶν
3590 1902 3729 1957 ἐκεῖσε

2131 1993 2296 2065 ὁρίων
2350 1998 2429 2065 τῷ
2487 1996 2753 2070 Σαγγάρει
2808 1992 3324 2070 περικλεισθὲντων,
3379 1992 3466 2048 καὶ
3511 1995 3608 2047 τῶν
3652 1990 3729 2045 πὲ-

2132 2102 2226 2157 ραν
2283 2083 2499 2137 πάντων
2560 2082 2708 2139 λείαν
2766 2082 3065 2159 γεγονότων
3126 2082 3189 2138 οὗ
3243 2086 3461 2152 Μυσῶν,
3515 2077 3642 2136 ἀλλά
3679 2099 3728 2153 γε

2133 2175 2352 2245 Περσῶν
2438 2173 2593 2228 Μόνα
2649 2170 2707 2228 δὲ
2756 2175 2824 2227 τὰ
2874 2173 3013 2249 πρὸς
3061 2170 3338 2227 Θάλασσαν
3368 2171 3589 2249 φρούρια
3626 2188 3731 2223 κατ-

2132 2258 2475 2337 ελείφθησαν,
2550 2261 2618 2316 τὰ
2689 2262 2813 2336 περί
2886 2283 2945 2316 τε
3001 2265 3276 2337 Κρῶμναν
3334 2261 3420 2316 καὶ
3475 2260 3731 2331 ’Ἄμαστριν

2131 2348 2221 2403 καὶ
2265 2351 2401 2406 Τῖον
2457 2350 2548 2404 καὶ
2603 2349 2949 2425 Ἡράκλειαν,
2979 2350 3161 2405 τόπων
3207 2350 3448 2423 ὀνόματα
3480 2346 3603 2420 μόνα
3647 2345 3732 2398 σώ-

2136 2442 2313 2507 ζοντα·
2363 2437 2396 2494 ἂ
2453 2437 2519 2510 δὴ
2578 2438 2625 2495 εί
2687 2442 2763 2515 μή
2823 2444 2890 2516 τῇ
2923 2438 3169 2515 θαλάσσῃ
3229 2443 3623 2517 προσεχρῶντο,
3658 2432 3732 2491 καὶ

2142 2656 2405 2709 taverant
2426 2658 2662 2727 prepter
2680 2653 3052 2711 incursiones
3075 2653 3463 2710 barbararum
3496 2650 3734 2721 gentium.

2139 2740 2485 2798 Universum
2514 2747 2711 2798 autem
2734 2744 2949 2815 jugum
2979 2743 3126 2798 illud
3158 2743 3398 2799 arcibus
3429 2755 3599 2813 nuper
3633 2754 3735 2793 conc

2138 2832 2279 2888 ditis
2308 2839 2480 2889 antea
2509 2834 3026 2890 inscssum.Abuta
3055 2850 3296 2907 quoque
3324 2838 3381 2890 et
3404 2833 3612 2888 assiste:
3629 2830 3737 2900 Cay-

2138 2924 2259 2977 stro
2289 2923 2558 2995 regiones
2588 2929 2645 2979 et
2671 2924 2956 2996 Magedon
2987 2928 3043 2979 et
3070 2922 3294 2996 inclyta
3323 2922 3504 2987 Caria,
3535 2920 3734 2990 impune

2132 3008 2395 3066 hostium
2429 3012 2899 3083 grassationibus
2927 3011 3444 3068 conculcabantur.
3476 3010 3627 3068 Mitto
3665 3006 3737 3062 di-

2137 3114 2267 3154 cere
2296 3101 2621 3157 Tracheam
2653 3107 2710 3157 et
2738 3101 2954 3167 stadia,
2988 3101 3317 3157 Strobitum
3345 3110 3401 3156 et
3425 3101 3564 3156 sitas
3602 3113 3629 3152 θ
3666 3110 3736 3149 τε·

2135 3186 2304 3257 gione
2337 3188 2525 3244 Rhodi
2551 3194 2760 3255 terras,
2780 3206 2907 3255 quea
2939 3189 3067 3244 loca
3093 3188 3270 3260 paulo
3292 3192 3462 3244 antea
3489 3190 3736 3242 Romano-

2138 3292 2267 3330 rum
2315 3278 2581 3348 subjeeta
2633 3277 2840 3333 ditioni
2897 3278 3109 3350 exiguo
3166 3282 3430 3349 tempore
3484 3275 3734 3331 latronum

2136 3365 2504 3436 receptacula
2535 3367 3037 3437 barbarorumque
3067 3366 3286 3422 stativa
3317 3367 3466 3420 facta
3487 3366 3629 3419 sunt.
3649 3358 3737 3415 0b-

2134 3468 2313 3507 versm
2347 3457 2543 3508 autem
2568 3469 2637 3508 ex
2659 3457 2822 3525 parte
2844 3453 3026 3508 altera
3050 3452 3201 3507 mari
3222 3452 3514 3518 nationes,
3532 3454 3592 3504 ut
3619 3443 3735 3502 nihil

2135 3542 2206 3596 de
2238 3542 2448 3598 mediis
2478 3543 2692 3608 dicam,
2724 3558 2791 3597 ac
2821 3546 3107 3613 quantum
3141 3542 3197 3596 in
3232 3538 3647 3613 Maryandenis,
3687 3533 3733 3588 in

2132 3632 2525 3704 Mossynibus,
2554 3632 2611 3686 in
2648 3632 3039 3703 magnanimis
3069 3631 3271 3686 Enetis
3318 3631 3571 3703 gentium
3616 3626 3735 3680 loco-

2133 3738 2382 3792 rumque
2406 3721 2774 3786 censebatur,
2806 3726 3018 3776 cuncta
3050 3721 3318 3776 Romano
3349 3718 3601 3788 subjects
3642 3714 3728 3767 im-

2133 3809 2314 3881 perio,
2355 3810 2654 3882 simulque
2700 3809 2792 3864 his
2844 3810 3123 3864 interiora
3174 3825 3363 3880 usque
3416 3808 3485 3863 ad
3535 3815 3730 3860 amnem

2130 3898 2457 3969 Sangarim,
2492 3898 2575 3953 ita
2606 3900 2875 3955 universa
2904 3904 3127 3953 vastata
3151 3899 3565 3967 destructaque
3601 3893 3730 3952 sunt,

2133 3994 2196 4042 ut
2218 3988 2611 4060 Maryandenu
2624 4004 2676 4042 m
2692 3987 2962 4060 lugubris
2975 3992 3183 4043 cantus
3196 3987 3479 4041 artiﬁcem
3503 3980 3733 4039 adbibere

2130 4077 2336 4132 debeat
2368 4080 2464 4146 qui
2500 4078 2617 4132 haec
2646 4076 2799 4133 volet
2832 4094 2933 4148 pro
2966 4076 3249 4147 dignitate
3279 4075 3589 4145 deplorare.
3613 4068 3729 4124 Nam

2130 4167 2315 4237 cepiis
2376 4166 2680 4231 Romanis,
2731 4183 2858 4238 quae
2909 4167 3107 4221 multas
3156 4164 3532 4234 miriﬁczeque
3574 4159 3730 4219 erant.

2130 4256 2504 4311 morantibus
2537 4255 2593 4309 in
2627 4256 2881 4312 Occiduo
2916 4261 3130 4325 tractu,
3173 4262 3229 4310 et
3276 4254 3351 4308 iis
3395 4249 3587 4324 paucis
3629 4259 3730 4316 qua:

2128 4345 2344 4400 relictas
2398 4344 2786 4399 Orientalium
2847 4343 3114 4416 praesidio
3164 4344 3399 4398 fuerant
3425 4338 3629 4397 sensim
3654 4333 3732 4389 ab-

2127 4434 2405 4505 sumptis,
2457 4433 2515 4488 in
2564 4438 2798 4488 tantum
2844 4432 3182 4488 infestantis
3227 4432 3438 4487 itinera
3480 4420 3731 4483 latrocinii

2126 4522 2449 4594 periculum
2476 4522 2738 4590 increvit,
2771 4527 2834 4576 ut
2856 4539 2926 4577 ne
2952 4520 3288 4577 Heracleam
3315 4519 3545 4592 quidem
3574 4526 3731 4583 usque

2125 4613 2423 4667 Ponticam
2459 4611 2548 4667 via
2591 4613 2852 4667 terrestri
2897 4610 3096 4665 liceret
3144 4627 3213 4665 ex
3263 4610 3408 4664 urbe
3454 4598 3729 4679 proﬁcisci,

2126 4702 2343 4756 finibus
2368 4701 2527 4757 illinc
2559 4700 2789 4773 imperii
2820 4699 3062 4770 Sangari
3095 4700 3249 4755 312
3282 4688 3727 4761 circumscriptiS,

2125 4790 2617 4862 ulterioribusque
2645 4790 2817 4862 plane
2847 4788 3074 4844 cunctis
3104 4788 3164 4842 in
3199 4787 3455 4859 praedam
3483 4798 3590 4838 non
3628 4778 3728 4847 My-

2125 4880 2455 4945 sorum,sed
2482 4879 2785 4935 Persarum
2810 4877 3178 4934 eondonatis.
3201 4873 3502 4930 Maritime
3531 4870 3726 4923 tantum

2123 4985 2287 5024 arces
2333 4973 2564 5024 retentae
2612 4975 2907 5037 utcunque
2956 4971 3097 5020 sunt
3141 4965 3296 5020 circa
3346 4962 3638 5017 Cromnam
3683 4952 3731 5004 el

2125 5056 2420 5111 Amastrin
2456 5061 2512 5111 et
2540 5055 2711 5109 Tium
2739 5059 2795 5109 et
2823 5054 3177 5118 Heracleam,
3205 5050 3332 5107 sola
3362 5049 3608 5104 locorum
3650 5053 3732 5092 n0-

2124 5146 2283 5200 mina
2305 5150 2637 5212 servantes;
2671 5160 2797 5214 quae
2822 5142 2932 5197 nisi
2958 5147 3227 5213 prompto
3251 5138 3430 5195 maris
3451 5134 3520 5190 ad
3540 5126 3725 5188 auxitis

2123 5240 2448 5307 opportune
2497 5233 2836 5305 accipienda
2884 5232 3231 5287 commercio
3280 5231 3590 5288 uterentur,
3635 5216 3726 5271 du-

2123 5327 2264 5382 dum
2299 5326 2500 5398 utique
2534 5325 2824 5380 fortunam
2858 5322 3125 5379 eamdem
3159 5321 3392 5377 urbium
3416 5313 3724 5403 aclocorum

2126 5418 2342 5489 quibus
2364 5417 2634 5485 adjacent
2672 5414 3092 5485 experirentur,
3125 5428 3374 5483 cumque
3405 5406 3526 5462 istis
3552 5398 3727 5489 ditioni

2125 5480 2365 5562 ές)τεὶοω
2398 5505 2640 5575 adjectis
2676 5502 2938 5557 Romano
2971 5502 3214 5572 imperio
3246 5480 3568 5571 periissem.
3590 5480 3722 5553 Quod

2124 5598 2322 5652 autem
2352 5596 2410 5649 in
2444 5594 2663 5651 exitum
2689 5592 2900 5649 barum
2933 5590 3363 5664 provinciarum
3388 5580 3721 5654 cooperatum
