4018 6198
284 333 395 390 761

1358 340 1452 393 DE
1489 336 1864 394 MICHAEIJ!
1904 333 2348 389 PAMOLOGO
2385 337 2518 389 LIB.
2559 336 2652 390 IV.

3603 346 3711 402 762

287 463 478 527 ταῦτα,
508 464 617 514 τῶν
654 464 854 536 χωρῶν
886 461 1266 537 κατεχομένων
1320 467 1441 524 τοῖς
1494 462 1738 536 Πέρσαις.
1771 457 1943 514 πάλαι
1975 463 2023 528 Α
2054 457 2154 530 γὰρ
2211 457 2278 526 ἦν
2341 457 2636 532 ἡσυχάζειν
2697 459 2942 531 αὐτοὺς,
3005 461 3132 518 ἀλλ’
3198 462 3564 540 εἷ’σδυομένοις
3611 493 3708 535 τας

286 548 346 602 ἃν
401 555 525 610 ταῖς
584 551 798 624 χώραις
857 552 946 604 καὶ
1007 551 1139 606 αὐτᾶ
1197 550 1608 607 συναπώλοντο.
1664 551 1754 606 uEN
1799 546 1857 602 δὲ
1880 547 1941 602 τὸ

287 638 615 693 συντελέσειν
645 643 714 712 τῇ
773 638 978 694 τούτων
1039 639 1285 711 ἀπωλείᾳ
1334 641 1424 694 καὶ
1479 644 1588 694 τῶν
1627 636 1813 694 ἄλλων
1850 637 1943 710 μὲ-

280 748 492 801 γιστον,
545 728 622 791 ὡς
680 727 839 789 αὐτὸς
900 729 928 781 6
990 728 1245 804 βασιλεὺς
1295 729 1514 803 ὕστερον
1573 725 1775 802 ἔλεγεν,
1856 725 1945 780 ὅτε

287 815 483 889 μικρὸν
518 817 626 890 πρὸ
676 815 905 870 θανάτου
945 821 1128 872 πατῶν
1184 819 1274 871 τὸν
1301 817 1468 872 τόπον
1525 816 1669 890 ἐώρα
1720 813 1811 869 σὺν
1845 813 1944 868 οὐκ

282 902 462 976 ὀλίγῳ
493 905 585 958 καὶ
617 908 782 958 ταῦτα
839 910 1072 980 στρατῷ,
1131 906 1220 959 καὶ
1276 905 1343 960 τὰ
1399 904 1628 960 πλεῖστα
1681 901 1943 975 κατῳκτί-

283 997 430 1062 ζετο,
532 997 643 1047 τῶν
684 993 1053 1066 πεμπομένων
1105 993 1276 1048 ἐκεῖσε
1329 998 1638 1069 ταξιαρχῶν
1671 992 1940 1066 γλισχρό-

280 1102 390 1151 της
421 1101 479 1136 τε
509 1081 599 1135 καὶ
660 1078 929 1158 φειδωλία
984 1085 1067 1159 [Ρ.
1108 1084 1235 1155 211]
1267 1083 1356 1137 καὶ
1387 1086 1423 1152 ἡ
1457 1082 1544 1138 ἐπὶ
1596 1087 1676 1154 τῷ
1723 1076 1940 1154 λαμϐά-

272 1191 393 1223 νειν
424 1168 638 1240 σπουδή
668 1171 741 1225 πύ
772 1171 1200 1247 περιοριζομένη
1267 1173 1449 1248 μέτρῳ
1509 1173 1596 1226 καὶ
1645 1171 1815 1245 κόρῳ,
1847 1171 1936 1224 καὶ

278 1260 320 1328 ἢ
383 1259 586 1314 ἐκεῖθεν
643 1261 777 1334 πρὸς
834 1262 926 1315 τὸν
994 1265 1299 1334 κρατοῦντα
1374 1259 1706 1336 ψευδολογία
1765 1257 1933 1332 μηδὲν

264 1347 728 1421 ἐκστρατεύοντα,
787 1350 859 1411 ὡς
921 1349 1200 1424 ὀλίγιστόν
1259 1371 1310 1404 τι
1365 1348 1640 1418 ἀπώλετο,
1713 1349 1788 1409 ὡς
1846 1346 1931 1402 ἐπὶ

269 1444 500 1512 μικροῖς
533 1442 566 1508 ἡ
603 1440 795 1511 ζημία,
847 1439 920 1492 ὡς
947 1439 1008 1492 τὸ
1039 1445 1141 1493 πᾶν
1202 1439 1290 1493 ἐπὶ
1346 1438 1661 1514 κεφαλαίοις
1718 1440 1933 1492 ’ἰσταται

271 1527 376 1581 καί
425 1528 488 1582 τὸ
519 1529 801 1601 ἄφαιρεθὲν
859 1525 1104 1597 σπουδῆς
1161 1528 1362 1602 ὀλίγης
1411 1525 1814 1596 ἀνακαλεῖσθαι,
1846 1525 1935 1581 καὶ

265 1613 460 1670 τᾶλλα
491 1617 571 1678 οἷς
604 1617 874 1691 συνεχέσι
909 1617 1148 1690 ποτίμος
1209 1618 1303 1690 μὲν
1357 1622 1436 1689 τῷ
1465 1616 1798 1694 φαινομένῳ,
1833 1614 1934 1670 άλ-

264 1710 475 1778 μυροῖς
507 1703 564 1760 δὲ
606 1709 673 1779 τῇ
707 1705 938 1776 ἀληθείᾳ
987 1707 1081 1768 τὰς
1145 1705 1428 1782 βασιλικάς
1489 1707 1652 1768 ἀκοάς
1707 1710 1929 1780 περιην-

261 1792 448 1848 τλουν
506 1794 594 1848 καὶ
653 1796 952 1869 γράφοντες
1007 1817 1071 1850 το
1127 1796 1216 1849 καὶ
1276 1794 1725 1868 διαμηνυόμενοι.
1768 1795 1843 1851 Τὸ
1874 1791 1931 1850 δὲ

252 1888 372 1952 τῆς
400 1883 680 1959 στρατείας
719 1880 910 1955 αἶίτιον,
943 1885 1016 1946 ὡς
1075 1884 1162 1938 ταὶ
1227 1888 1388 1938 τοῦτο
1419 1885 1580 1946 αὐτὸς
1614 1885 1642 1938 ὁ
1677 1881 1930 1958 βασιλεὺς

254 1970 576 2047 ὡμολόγει,
608 1973 671 2027 τὸ
730 1974 990 2049 suppeter
1055 1973 1270 2048 σχίσμα
1327 1982 1426 2043 τῆς
1477 1973 1810 2042 Ἐκκλησίας
1838 1975 1924 2028 καί

251 2059 332 2113 τὸ
381 2059 529 2114 πολὺ
577 2065 684 2114 τῶν
716 2061 1102 2116 ἀνυποτάκτων
1163 2059 1500 2136 ῥακενδυτῶν
1547 2082 1604 2116 τε
1659 2060 1748 2115 καί
1800 2082 1930 2115 σακ-

248 2144 523 2226 κοφόρων
581 2150 820 2219 πλῆθος,
880 2151 970 2205 καὶ
1003 2152 1030 2205 ὁ
1061 2149 1237 2212 πολὺς
1288 2150 1504 2206 ἐκείνων
1535 2152 1768 2226 φορυτὸς
1819 2155 1925 2205 τῶν

253 2237 346 2300 εἷς
407 2238 566 2292 αὐτὸν
627 2239 1127 2314 κατηγορημάτων,
1185 2240 1276 2294 καὶ
1331 2243 1366 2310 ἡ
1427 2241 1562 2316 πρὸς
1613 2245 1780 2294 ταῦτα
1829 2245 1926 2295 τοῦ

261 2323 548 2402 βασιλέως
596 2324 775 2382 δειλία
829 2330 928 2398 τήν
985 2328 1314 2384 ἀποστασίαν
1378 2329 1794 2391 ὑποπτεύοντος.
1845 2330 1923 2387 Οὐ

247 2455 358 2510 vel
381 2455 636 2512 maxime
665 2461 774 2526 est,
803 2457 914 2512 hoc
949 2456 1262 2528 tuit,prout
1291 2461 1417 2529 ipse
1447 2473 1576 2514 sero
1601 2473 1924 2529 agnoscens

249 2545 578 2601 confessus
627 2545 949 2618 imperator
981 2551 1090 2613 est,
1137 2547 1371 2617 quando
1402 2546 1576 2619 paulo
1607 2552 1741 2602 ante
1773 2563 1921 2602 mor—

246 2638 385 2690 tem
419 2650 485 2690 ea
514 2634 644 2691 loca
688 2652 820 2691 cum
863 2635 1122 2692 exercitu
1175 2653 1289 2691 non
1342 2635 1571 2692 modico
1615 2637 1922 2708 perambu-

241 2723 395 2780 lans
417 2723 604 2780 oculis
626 2725 826 2780 omnia
848 2725 1121 2780 ﬁdelibus
1151 2725 1404 2795 subjecit
1434 2730 1490 2780 et
1509 2723 1661 2781 clare
1681 2740 1916 2796 perspe-

248 2819 361 2870 cta
393 2815 710 2870 miseratus
737 2813 1062 2886 plurimum
1094 2820 1183 2869 est
1213 2816 1619 2886 praefectorum
1656 2815 1756 2885 qui
1778 2813 1916 2868 illuc

241 2903 652 2960 mittebantur
673 2904 959 2960 tenacitas
981 2909 1038 2958 et
1068 2920 1240 2959 avara
1270 2903 1637 2975 parcimonia
1661 2919 1796 2958 cum
1823 2919 1913 2957 ar-

240 2994 420 3049 denti
469 2993 760 3049 immensa
807 2991 1143 3065 inexplebili
1214 2994 1476 3064 undique
1525 2990 1797 3062 capiendi
1848 3006 1912 3044 ac

232 3081 606 3154 congerendi
640 3081 917 3137 aviditate
947 3083 1282 3153 conjuncta.
1317 3081 1544 3146 Quibus
1595 3079 1913 3134 accedebat

2051 548 2158 598 τῶν
2190 545 2490 620 ἀνθρώπων
2539 547 2714 609 οἰκίας
2768 549 2944 626 σφίσιν
3004 550 3071 618 ἧν
3106 552 3166 606 ἐκ
3218 556 3523 629 προχείρου
3581 581 3709 613 συν-

2053 633 2214 708 είρειν
2242 635 2309 688 τὰ
2338 634 2526 690 πολλᾶ
2555 637 2690 691 κατὰ
2751 638 3044 713 βασιλέως,
3077 641 3152 703 ὡς
3200 644 3290 697 τὸν
3350 643 3704 721 κληρονόμον

2057 722 2388 794 ἀδικήσειεν,
2449 727 2523 789 ὡς
2589 725 2852 799 ἐξελάσειε
2899 733 2994 784 τοῦ
3053 732 3246 805 Θρόνου
3298 736 3388 789 τὸν
3444 739 3710 813 πατριάρ-

2052 832 2184 887 χην.
2221 813 2375 869 Ἀλλ’
2407 816 2459 868 οἱ
2492 817 2668 888 ὅρκοι,
2702 816 2830 871 ἀλλ’
2879 820 2932 872 αἱ
2984 822 3263 892 συνθῆκαι,
3319 823 3465 880 ἀλλά
3492 829 3553 881 τὸ
3613 830 3702 884 καὶ

2049 903 2130 971 τὸ,
2166 905 2248 964 οἷς
2294 903 2491 958 ἐκεῖνοι
2550 905 2643 976 μὲν
2712 907 3026 981 πορίζεσθαι
3083 911 3255 985 εἶχον,
3312 912 3542 969 πλεῖστα
3597 923 3707 971 τῶν

2049 991 2356 1046 ἀκουόντων
2403 990 2909 1066 ἀπολαμϐάνοντες,
2944 997 3040 1069 ἐμὲ
3098 996 3175 1071 δὲ,
3231 1003 3416 1077 φησὶν,
3454 1005 3509 1056 οἱ
3543 1003 3705 1082 φόϐοι

2047 1081 2134 1134 καὶ
2171 1083 2224 1135 αἱ
2258 1079 2454 1136 δειλίαι
2509 1083 2875 1158 περιίσταντο,
2914 1089 2988 1158 μή
3041 1089 3131 1141 καὶ
3181 1111 3236 1144 τι
3282 1096 3388 1145 τῶν
3449 1079 3699 1166 ἀϐουλή-

2044 1191 2151 1224 των
2207 1171 2606 1242 νεωτερισθείη.
2665 1174 2756 1242 Ἐξ
2826 1175 2901 1228 ὧν
2960 1172 3268 1231 συνέϐαινον
3333 1180 3582 1254 ὑποψίαι,
3642 1186 3702 1246 ἅς

2045 1257 2252 1333 ἀνάγκη
2313 1257 2725 1337 φυλαττόμενον
2809 1263 3225 1328 ἀποκεκλεῖσθαι
3297 1269 3386 1321 καὶ
3451 1273 3698 1345 ἠρεμεῖν,

2043 1348 2106 1402 τὸ
2137 1349 2254 1401 καθ’
2283 1349 2445 1402 αὑτὸν
2495 1348 2889 1424 πολυωροῦντα
2946 1353 3034 1406 καὶ
3068 1354 3132 1406 τὰ
3187 1359 3295 1407 τῶν
3357 1361 3697 1431 πραγμάτων

2042 1442 2159 1497 τοῖς
2189 1441 2452 1511 τυχοῦσιν
2498 1437 2876 1512 ἐπιτρέποντα.
2929 1442 3090 1496 Ταῦτ’
3140 1439 3291 1517 ἔλεγε
3352 1443 3446 1516 μὲν
3480 1445 3699 1522 ὕστερον

2045 1526 2073 1580 ὁ
2130 1530 2344 1600 κρατῶν
2395 1526 2534 1602 πρὸς
2614 1528 2703 1582 τὸν
2753 1526 3160 1602 Ἀλεξανδρείας
3221 1533 3572 1602 Ἀθανάσιον,
3628 1538 3704 1600 ὡς

2043 1615 2206 1677 αὐτὸς
2237 1618 2374 1688 ἡμῖν
2428 1616 2786 1692 ἀπήγγειλεν,
2833 1619 2921 1672 ὅτε
2977 1620 3148 1674 συνὼν
3202 1623 3451 1685 κάκεῖνος
3482 1623 3569 1679 ἐπὶ
3601 1633 3700 1696 τῆς

2043 1703 2387 1779 ἐκστρατείας
2469 1707 2606 1760 κατὰ
2683 1707 3027 1782 παραμυθίαν
3115 1713 3194 1780 τῷ
3283 1710 3500 1785 βασιλεῖ
3555 1715 3698 1791 ἑώρα

2044 1793 2138 1866 μὲν
2166 1793 2260 1855 τὰς
2313 1798 2421 1849 τῶν
2481 1798 2682 1870 χωρῶν
2741 1797 2898 1868 οὲραν
2931 1800 3028 1850 τοῦ
3088 1799 3411 1872 Σαγγάρεως
3472 1802 3693 1877 ἐρημώ-

2041 1903 2172 1950 σεις,
2205 1884 2473 1953 κατήκουε
2521 1881 2578 1937 δὲ
2632 1888 2740 1938 τῶν
2791 1883 3058 1938 τοιούτων
3117 1884 3565 1961 ἐποικτιζομένου
3596 1898 3692 1946 τοῦ

2037 1974 2366 2044 κρατοῦντος
2419 1975 2536 2031 ταῖς
2596 1969 2956 2046 ἐρημώσεσιν.
3019 1972 3190 2028 Ἀλλά
3243 1979 3410 2030 ταῦτα
3472 1977 3566 2050 μὲν
3598 1978 3690 2033 καὶ

2035 2064 2198 2136 ἡμεῖς
2227 2064 2362 2117 κατᾶ
2390 2065 2558 2118 τόπον
2590 2063 2817 2138 ἐροῦμεν
2863 2063 3224 2142 πλατύτερον.

2034 2171 2141 2240 κη’.
2177 2170 2304 2245 Περὶ
2333 2174 2453 2253 τοῦ-
2476 2173 2592 2253 κατ’
2651 2170 2976 2253 Ἐκκλησίαν
3035 2174 3367 2253 σχίσματος,
3427 2176 3522 2231 καὶ
3552 2179 3678 2253 περί

2387 2247 2493 2298 τῶν
2540 2249 3010 2314 Παντεποπτηνῶν
3047 2252 3327 2320 μοναχῶν.

2109 2332 2189 2404 [Ρ.
2213 2333 2342 2401 212]
2388 2331 2523 2388 Τότε
2581 2329 2638 2386 δὲ
2691 2333 2781 2387 καὶ
2837 2339 2957 2394 ταῖς
3018 2332 3301 2404 ἀληθείαις
3356 2335 3418 2390 τὸ
3473 2336 3682 2411 σχίσμα

2033 2457 2378 2528 principem,
2435 2459 2778 2531 passimque
2843 2461 3301 2518 invidiosissime
3359 2464 3680 2520 criminan-

2029 2547 2178 2601 tium
2211 2547 2282 2602 ab
2305 2547 2407 2602 illo
2428 2551 2616 2603 tutore
2637 2549 3183 2621 circrumscriptum
3209 2569 3684 2626 oppressumque

2029 2634 2248 2690 nefarie
2291 2635 2607 2706 pupillum,
2655 2638 2725 2692 ab
2774 2640 2977 2694 eodem
3037 2640 3254 2696 avitam
3308 2643 3682 2715 patriamque

2026 2722 2407 2780 hereditatem
2441 2725 2670 2798 imperii
2704 2726 2966 2797 legitimo
3008 2730 3332 2785 successori
3366 2736 3422 2786 et
3444 2748 3678 2802 posses-

2025 2812 2141 2867 sori
2171 2813 2421 2882 Augusti
2454 2814 2571 2869 filio
2602 2815 2983 2871 interversam
3016 2817 3414 2888 iniquissime,
3448 2819 3541 2875 his
3575 2821 3678 2875 ad-

2023 2899 2208 2955 ditam
2238 2902 2582 2972 ejectionem
2616 2903 2676 2957 in
2708 2904 2980 2958 exsilium
3026 2906 3320 2961 deturbati
3355 2908 3425 2962 de
3458 2907 3674 2962 throno

2022 2990 2386 3060 patriarchae,
2447 2996 2776 3062 cunctaque
2828 2993 2940 3048 ista
3000 2994 3255 3064 perjurio
3309 2996 3668 3067 perﬁdiaque

2021 3078 2322 3134 cumulata
2353 3081 2424 3134 ab
2457 3095 2522 3134 eo
2554 3080 2652 3150 qui
2705 3080 2866 3135 nullo
2902 3082 3294 3152 jurisjurandi
3330 3099 3445 3154 quo
3477 3102 3540 3139 se
3567 3086 3674 3138 ob-

230 3172 510 3229 indidem
545 3179 682 3228 nata
734 3173 1156 3228 circumventio
1192 3171 1478 3244 principis
1521 3169 1909 3226 mandacissi-
1942 3207 1985 3273 C
2025 3167 2666 3236 strinxisset,fcederum
2702 3186 2830 3240 quae
2854 3171 3145 3227 sanxisset
3175 3181 3442 3244 respectu
3479 3174 3597 3228 haec
3618 3179 3676 3230 et

232 3261 364 3318 mis
397 3261 623 3333 decepti
657 3261 1040 3316 relationibus
1080 3261 1530 3317 vaferrimorum
1579 3261 1906 3327 hominum,

237 3352 357 3424 qui
391 3350 636 3421 privatis
667 3350 792 3405 suis
843 3349 1170 3406 rationibus
1222 3349 1479 3422 pernicie
1526 3348 1761 3421 publica
1792 3364 1905 3402 non

239 3439 600 3495 dubitantes
634 3438 940 3494 consulere
996 3437 1405 3509 imperatorem
1440 3438 1512 3492 ab
1544 3438 1907 3508 expeditione

235 3529 310 3584 in
347 3543 447 3582 eas
496 3532 711 3597 partes,
742 3532 828 3596 ;ut
879 3532 1003 3582 erat
1047 3543 1304 3594 necesse,
1356 3527 1752 3599 suscipienda,
1803 3527 1899 3581 de-

243 3615 568 3690 prehendi,
615 3615 663 3669 si
696 3632 788 3670 res
837 3631 1032 3670 coram
1095 3619 1381 3686 paterent,
1414 3621 1469 3669 et
1517 3615 1751 3670 multari
1787 3632 1904 3670 me-

242 3709 517 3771 tuentes,
551 3703 910 3768 avertebant,
945 3703 1221 3759 elevando
1247 3703 1906 3774 fallacissimejacturas

241 3796 464 3859 factas,
500 3801 550 3848 et
575 3797 637 3847 ut
670 3809 918 3863 quaeque
950 3809 1114 3847 arces
1143 3798 1246 3847 aut
1294 3793 1467 3848 urbes
1496 3799 1676 3863 captae
1709 3809 1741 3847 a
1772 3793 1903 3847 Per-

242 3885 336 3938 sis
367 3881 880 3945 erant,minimum
907 3881 961 3934 id
986 3882 1265 3952 quiddam
1290 3886 1346 3936 et
1377 3885 1657 3937 momenti
1687 3881 1905 3936 nullius

240 3989 383 4028 esse
435 3971 729 4025 dicendo:
782 3970 973 4040 capita
1005 3971 1158 4025 enim
1210 3971 1338 4042 ipsa
1389 3987 1584 4025 rerum
1628 3976 1684 4026 et
1735 3971 1905 4041 quasi

236 4062 443 4118 claves
477 4059 686 4113 limitis
711 4059 897 4114 adhuc
925 4059 1362 4126 teneri,minuta
1392 4061 1505 4114 ista
1526 4077 1680 4114 nunc
1710 4059 1904 4114 ablata

238 4150 488 4223 quoties
521 4147 780 4203 volemus
798 4147 1005 4220 exiguo
1035 4155 1245 4203 conatu
1280 4149 1696 4219 recuperanda.
1731 4149 1903 4219 Ejus-

240 4238 407 4295 modi
468 4236 808 4292 vanissimis
863 4237 1214 4292 commentis
1259 4242 1383 4292 tum
1434 4238 1654 4309 scripto
1704 4239 1902 4309 procul

237 4327 476 4393 missis,
512 4331 635 4380 tum
681 4342 817 4382 voce
867 4343 1062 4382 coram
1113 4326 1442 4396 inculcatis,
1491 4329 1766 4381 lactatum
1802 4327 1904 4380 im-

239 4415 519 4491 perantis
554 4415 820 4470 animum
856 4415 1178 4471 indormire
1202 4416 1372 4471 malis
1404 4417 1569 4471 facile
1602 4416 1766 4471 initio
1802 4432 1902 4471 cu-

239 4506 539 4562 rabilibus
570 4504 877 4575 cogebant,
911 4505 1057 4559 nihil
1092 4504 1257 4576 pensi
1299 4505 1602 4570 habentes,
1637 4507 1776 4560 dum
1811 4523 1901 4560 res

2025 3255 2128 3311 illa
2157 3257 2436 3327 (plurima
2467 3255 2768 3326 sigillatim
2814 3261 3264 3331 exaggerabant)
3297 3267 3667 3332 attentasset,

2018 3348 2196 3416 atque
2226 3345 2318 3401 his
2343 3345 2958 3418 vulgozplausibilibus
2978 3349 3340 3420 p0pulariter
3365 3351 3670 3405 buccinan-

2019 3435 2109 3490 dis
2140 3436 2587 3507 emungentium
2621 3437 2869 3507 pecunia
2893 3437 3189 3492 credulam
3228 3439 3452 3508 plebem
3487 3441 3673 3494 etiar-

2017 3541 2121 3597 gas
2135 3525 2567 3580 corradentium
2587 3527 2955 3598 praedas,quo
2980 3527 3324 3583 minusillos
3348 3529 3671 3586 abstituros

2018 3619 2138 3670 tam
2177 3615 2302 3668 utili
2341 3614 2608 3685 privatim
2634 3620 2822 3685 empto
2873 3620 2998 3670 erat
3045 3617 3381 3685 verisimile,
3416 3649 3482 3658 --
3515 3635 3668 3688 cum,

2019 3708 2283 3778 inquam,
2318 3707 2438 3760 haec
2489 3705 2824 3778 intelligens
2875 3712 3179 3778 Augustus
3228 3710 3568 3764 formidaret
3600 3726 3672 3765 ne

2016 3801 2138 3850 tam
2189 3795 2636 3850 vehementibus
2680 3796 3035 3851 seditionum
3090 3797 3289 3851 flabris
3338 3805 3551 3868 apertae
3581 3815 3674 3854 re-

2021 3884 2294 3939 bellionis
2324 3888 2378 3936 et
2397 3883 2532 3936 belli
2566 3883 2751 3936 civilis
2776 3885 3445 3953 incendium,aagerrime
3473 3892 3670 3956 postea

2019 3971 2961 4042 restinguendum,inﬂammaretu
2975 3991 3012 4039 r,
3027 3974 3096 4027 ad
3125 3975 3509 4028 necessariam
3530 3992 3668 4046 pra:-

2018 4062 2348 4116 cautionem
2374 4060 2511 4114 mali
2535 4061 2704 4123 tanti,
2727 4069 2902 4131 atque
2936 4062 3002 4114 ad
3039 4061 3452 4132 explorandam
3478 4065 3670 4135 inspe-

2019 4151 2207 4206 ctione
2240 4148 2510 4215 praasenti
2540 4166 2742 4204 eorum
2767 4150 2939 4204 ﬁdem
2976 4151 3190 4221 quibus
3237 4167 3350 4205 non
3385 4153 3526 4207 satis
3556 4154 3670 4208 sibi

2020 4239 2342 4311 perspectis
2375 4255 2538 4293 arces
2559 4244 2612 4293 et
2641 4239 2970 4310 provincias
2993 4239 3571 4302 commiserat,istam
3605 4259 3668 4297 se

2019 4329 2434 4400 profectionem
2465 4327 2797 4398 suscepisse
2830 4328 3041 4381 deinde
3073 4327 3390 4382 declaravit
3422 4329 3668 4400 ipsemet

2018 4416 2289 4471 familiari
2325 4433 2594 4471 sermone
2633 4416 2948 4471 Athanasio
2996 4416 3387 4472 Alexandrino
3421 4421 3666 4490 patriar-

2016 4506 2158 4574 chae,
2182 4505 2341 4560 illius
2372 4511 2494 4558 tum
2533 4505 2642 4574 ipsi
2670 4505 2775 4558 vias
2806 4505 3395 4572 comiti,contidenter
3414 4508 3530 4563 viro
3562 4509 3663 4564 tali

238 4592 950 4667 agerentsuas,insidiari
975 4593 1234 4648 credulis
1265 4594 1596 4665 principum
1635 4595 1898 4656 auribus,
1933 4573 1979 4635 Ι)
2012 4611 2149 4648 suas
2184 4594 2360 4648 animi
2395 4593 2778 4664 aegritudines
2802 4597 2858 4648 et
2891 4611 3002 4647 non
3035 4611 3216 4649 vanos
3250 4601 3441 4652 metus
3474 4600 3665 4670 suspi-

237 4691 298 4740 et
331 4684 419 4737 eis
449 4682 756 4736 infundere
795 4683 962 4752 quasi
996 4681 1184 4751 plenis
1233 4683 1454 4752 poculis
1486 4683 1743 4737 exitialia
1770 4683 1898 4752 qui-

236 4775 377 4828 dem
414 4787 656 4834 venena,
692 4769 791 4824 sed
821 4775 943 4825 arte
975 4771 1316 4826 assentandi
1349 4770 1431 4826 sie
1480 4771 1666 4825 diluta
1695 4773 1896 4826 condi-

234 4868 424 4932 taque
459 4865 521 4913 ut
551 4859 711 4913 virus
743 4875 946 4912 eorum
983 4876 1094 4912 non
1132 4860 1468 4914 sentiretur.
1495 4859 1668 4914 Porro
1704 4860 1896 4924 istam,

233 4952 313 5005 de
346 4965 467 5021 qua
520 4947 660 5010 dixi,
723 4962 914 5001 seram
966 4947 1212 5018 perditis
1263 4949 1439 5002 rebus
1493 4948 1549 5000 in
1613 4949 1724 5000 ista
1773 4947 1898 5002 loca

231 5037 677 5111 expeditionem
707 5037 1078 5107 imperatoris
1113 5038 1235 5108 ipse
1259 5038 1549 5092 fatebatur
1579 5053 1611 5092 a
1641 5053 1702 5091 se
1736 5042 1893 5092 metu

231 5125 612 5198 erumpentis
650 5126 776 5193 jam
841 5125 898 5178 in
951 5133 1211 5196 apertam
1263 5127 1574 5198 perniciem
1629 5125 1893 5180 Ecclesia

232 5215 589 5272 schismatis
623 5214 776 5268 313
812 5218 1170 5284 susceptam.
1205 5219 1347 5270 Cum
1380 5215 1534 5270 enim
1569 5216 1802 5270 timeret
1833 5215 1891 5269 in

227 5311 406 5360 tanta
433 5302 716 5357 colluvies
746 5300 1018 5355 claustris
1049 5318 1419 5372 egressarum
1465 5319 1709 5356 excusso
1745 5304 1891 5373 jugo

226 5394 564 5465 disciplina:
596 5391 1053 5462 vagantiumque
1094 5408 1558 5462 quoquoversum
1604 5408 1889 5462 pannoso-

225 5503 367 5542 rum
405 5482 777 5554 quorundam
811 5485 868 5534 et
888 5481 1075 5534 saccis
1102 5481 1355 5535 cilicinis
1379 5481 1762 5546 horrentium,
1801 5481 1889 5535 in-

226 5572 607 5631 sinuentium
641 5586 702 5624 se
735 5567 946 5636 obviis,
980 5570 1264 5625 domuum
1312 5570 1521 5623 intima
1577 5576 1886 5641 penetran-

221 5664 412 5732 tium,
472 5663 688 5716 cuncta
745 5656 1124 5730 implentium
1191 5659 1764 5717 murmurationihus
1827 5661 1886 5718 in

2009 4684 2324 4752 cionesque
2345 4683 2774 4753 aperiens,quae
2799 4683 2896 4737 ille
2913 4685 3158 4737 audiens
3205 4702 3318 4739 non
3356 4686 3663 4742 omittebat

2009 4788 2122 4843 qua
2148 4776 2373 4841 poterat
2396 4770 2790 4825 consolatione
2829 4770 3279 4828 delinire.Porro
3303 4790 3370 4828 ex
3401 4775 3512 4828 isto
3534 4775 3662 4846 ipso

2007 4877 2113 4914 nos
2148 4860 2265 4914 haec
2306 4861 2508 4914 eadem
2550 4861 2894 4928 Athanasio,
2927 4862 3130 4916 audita
3161 4867 3285 4917 tum
3317 4864 3429 4918 sibi
3465 4870 3662 4934 postea

2007 4949 3108 5021 referente,cognovimus.Addobatque
3133 4951 3243 5006 ista
3274 4954 3578 5008 occasione
3601 4971 3662 5010 se

2004 5036 2190 5092 oculis
2223 5053 2541 5107 usurpasse
2568 5037 2965 5092 miserrimum
2986 5039 3156 5110 plane
3177 5057 3243 5095 ac
3276 5043 3658 5098 meritissimo

2005 5127 2270 5196 praesenti
2295 5126 2796 5197 3|4imperatori
2825 5126 3192 5198 deploratum
3220 5134 3440 5184 statum
3465 5131 3653 5202 regio-

2005 5234 2140 5271 num
2165 5216 2919 5288 ultraSangarim,exti-ema
2939 5219 3208 5274 vastitate
3230 5221 3650 5276 desolatarum.

2003 5305 2210 5360 Verum
2233 5306 2344 5360 ista
2371 5323 2474 5360 nos
2497 5322 2730 5376 quoque
2752 5307 2942 5362 fusius
2964 5324 3351 5379 exsequemur
3373 5326 3477 5363 suo
3502 5309 3648 5362 loco.

2068 5450 2158 5503 28.
2239 5449 2310 5504 De
2385 5448 2644 5505 Ecclesiae
2700 5451 3017 5520 schismate,
3096 5461 3150 5506 et
3227 5451 3650 5521 Ραηερροριεηίε

2664 5522 2964 5577 monachis.

2069 5661 2186 5718 Hoc
2217 5678 2389 5734 porro
2419 5665 2683 5734 tempore
2713 5663 2772 5720 in
2808 5679 2924 5734 quo
2954 5664 3277 5720 enarrando
3317 5679 3643 5739 versamur,
