3920 6196
355 287 462 344 763

1652 281 1956 341 GEORGII
1995 286 2462 342 PACHYMEBB

2128 286 2462 342 IHYMEBB
3591 289 3676 345 ⁸164

357 421 458 484 τῆς
499 411 823 480 Ἐκκλησίας
879 406 1164 478 ηὐξάνετο,
1221 410 1294 471 ὡς
1351 407 1444 463 λαὶ
1501 409 1617 464 κατ’
1677 405 1851 463 οἷ’κίαν
1880 407 2008 473 τοὺς
2037 411 2090 477 Α
2118 413 2199 481 τῷ
2230 409 2335 464 ἀπὸ
2363 415 2459 465 τοῦ
2507 412 2850 487 πατριάρχου
2910 411 3221 488 ἆφορισμῷ,
3251 409 3306 464 ὃν
3339 410 3594 488 ἀφωρίσθαι
3619 413 3686 468 ἐπὶ

363 507 510 563 ἐντος
545 500 856 574 διῃρῆσθαι.
889 498 980 553 καὶ
1037 497 1228 564 ἄλλως
1287 504 1382 571 μὲν
1430 501 1636 575 πατέρα
1662 496 1882 574 διάγειν,
1909 497 2007 555 ἄλ·

361 593 470 651 λως
501 587 547 641 δ’
579 589 716 655 υἱὸν,
749 587 835 642 καὶ
893 589 1102 661 μητέρα
1155 589 1243 643 καὶ
1306 587 1590 664 θυγατέρα,
1649 588 1739 642 καὶ
1791 589 2004 665 νύμφην

360 678 445 732 καὶ
507 679 781 751 πενθεράν.
842 681 1010 732 Ἦσαν
1069 675 1125 732 δὲ
1178 677 1402 739 πλείους
1480 678 1568 732 καὶ
1630 678 1680 731 οἱ
1738 677 1860 752 περὶ
1915 677 2007 730 τὸν

373 767 625 820 Υάκινθον
675 769 935 841 μοναχοί,
995 767 1213 822 ἄστατοί
1245 787 1388 828 τινες
1441 766 1527 820 καὶ
1590 766 1667 830 εἷς
1711 767 1916 827 τόπους
1949 764 2009 820 ἐκ

355 850 538 910 τόπων
568 855 944 928 πλανώμενοι,
1010 857 1140 930 ὑπὲρ
1170 861 1266 910 τοῦ
1319 854 1663 930 πατριάρχου
1719 854 2006 924 ζηλοῦντες

358 943 741 1020 ἐξορισθὲντος.
775 943 979 1001 ’Ἄλλοι
1015 944 1072 999 δέ
1103 966 1166 1020 γε
1216 947 1306 1000 καὶ
1339 946 1414 1009 εἰς
1472 947 1664 1021 ἀρετὴν
1722 939 2008 1015 διαϐεϐοη-

365 1034 515 1108 μένοι
550 1029 609 1088 ἔκ
636 1055 694 1088 τε
723 1038 820 1088 τοῦ
882 1033 1156 1100 Γαλησίου
1212 1033 1302 1088 καὶ
1337 1034 1530 1109 ἐτέρων
1592 1038 1792 1106 μονῶν,
1833 1033 1908 1095 ὡς
1955 1035 2007 1087 οἱ

359 1122 482 1177 τότε
537 1127 603 1187 τῆ
661 1127 761 1177 τοῦ
845 1124 1231 1178 Παντεπὸπτου
1317 1122 1458 1196 μονῇ
1538 1124 2005 1195 προσκαθήμενοι,

365 1210 762 1288 ἀπορραγέντες
816 1219 917 1282 τῆς
968 1213 1209 1286 ποίμνης
1268 1209 1492 1273 ἕκαστος
1539 1213 1638 1279 τής
1697 1209 1836 1272 ἰδίας
1892 1211 2007 1266 καθ’

365 1302 587 1366 ἑαυτοὺς
617 1300 804 1372 διέζων
842 1301 968 1376 μηδ’
1011 1305 1315 1357 ὁπωστιοῦν
1374 1299 1466 1356 τὸν
1527 1302 1728 1379 Ἰωσήφ
1786 1301 1861 1362 εἷς
1890 1322 2008 1356 κοι-

360 1391 552 1446 νωνίαν
586 1389 904 1466 δεχόμενοι,
935 1396 1096 1446 τοῦτο
1154 1393 1248 1464 μὲν
1301 1393 1374 1452 ὡς
1405 1389 1495 1445 καὶ
1526 1389 1689 1445 αὐτοῦ
1721 1386 2006 1453 ἐπιϐάντος

364 1477 522 1549 δῆθεν
555 1485 651 1535 τοῦ
701 1481 895 1556 θρόνου
953 1480 1039 1535 ἐπὶ
1096 1485 1174 1552 τῷ
1229 1480 1506 1554 πτερνῖοαι
1561 1481 1651 1534 τὸν
1712 1480 2008 1554 Γερμανὸν,

359 1573 522 1624 τοῦτο
556 1569 612 1624 δὲ
642 1571 731 1623 καὶ
766 1571 840 1632 ὡς
870 1568 1033 1624 αὐτοῦ
1063 1569 1124 1624 τὸ
1173 1573 1392 1644 πρῶτον
1449 1568 1582 1640 ὑπὲρ
1613 1573 1712 1622 τοῦ
1743 1570 2006 1644 πατριάρ-

363 1678 468 1733 χου
504 1656 801 1729 ζηλοῦντος
832 1659 922 1713 καὶ
950 1659 1049 1726 τήν
1077 1663 1172 1713 τοῦ
1222 1662 1502 1734 Γερμανοῦ
1559 1657 1843 1712 κοινωνίαν
1879 1659 2011 1712 ἀπο-

2114 502 2193 570 τῷ
2228 500 2303 572 μή
2343 501 2434 554 τὸν
2497 499 2723 576 βασιλέα
2783 499 2856 561 εἰς
2913 501 3279 572 πνευματικὴν
3320 500 3520 571 υἱότητα
3567 498 3691 577 δέχε-

2118 589 2259 644 σθαι.
2295 590 2362 645 Οἱ
2397 586 2441 643 δ’
2474 589 2561 644 ἐπὶ
2592 597 2690 658 τῆς
2719 593 2816 643 τοὺ
2867 589 3250 643 Ιιαντεπόπτου
3285 596 3441 659 μονῆς
3495 591 3687 664 μοναχοὶ

2116 677 2204 730 καὶ
2261 678 2597 754 ἀπεθάρρουν
2670 678 2760 732 καὶ
2820 677 3409 753 παρῥησιαστικὼτερον
3477 673 3689 748 ἔϐαλλον,

2118 767 2228 838 ἅμα
2263 768 2357 839 μὲν
2406 769 2478 830 ὡς
2522 762 2834 840 ἐπιϐήτορι,
2893 769 3003 840 ἅμα
3062 764 3120 820 δὲ
3173 766 3260 820 καὶ
3292 767 3359 826 ὡς
3387 767 3691 842 ἀφωρισμένῳ

2115 860 2194 927 τῷ
2247 861 2676 932 πατριαρχοῦντι
2765 855 3048 931 ἐπέχνντις
3081 897 3094 909 .
3183 857 3438 918 Ἐντεῦθεν
3501 856 3697 931 γὰρκαὶ

2121 943 2255 1019 μέγα
2320 967 2371 999 τι
2442 944 2882 1020 συνελογίζοντο,
2943 945 3006 999 τὸ
3063 943 3155 998 καὶ
3213 942 3352 998 λύειν
3408 943 3575 1008 ἄλυτα,
3621 944 3695 998 καὶ

2121 1032 2336 1106 μᾶλλον
2371 1034 2447 1098 εἷς
2474 1040 2648 1109 κρῖμα
2675 1035 2764 1088 καὶ
2816 1033 2892 1096 εἷς
2951 1032 3218 1099 ἐπίτασιν,
3250 1031 3353 1106 οὐχ
3379 1033 3510 1092 ὅπως
3537 1031 3693 1103 ἆμετό-

2120 1140 2257 1197 χως,
2291 1121 2437 1178 ἀλλά
2465 1124 2556 1178 καὶ
2613 1129 2731 1188 τοῖς
2787 1123 2970 1184 αὐτοῖς
3029 1121 3350 1196 ἐνεχόμενον
3399 1121 3482 1174 τὸν
3512 1119 3694 1178 λύοντα.

2121 1209 2344 1278 Πολλὴν
2376 1208 2433 1266 δὲ
2476 1212 2566 1266 καὶ
2595 1213 2693 1281 τήν
2754 1210 2813 1266 ἐκ
2872 1208 3050 1285 λόγων
3103 1209 3367 1286 ἐπιφέρειν
3423 1207 3702 1276 πιθανότητα

2119 1303 2232 1374 ἅμα
2263 1301 2358 1372 μὲν
2389 1305 2469 1373 τῷ
2520 1305 2627 1356 τῶν
2683 1300 2994 1374 προσώπων
3051 1303 3198 1376 σφῶν
3233 1291 3516 1368 σεϐασμίῳ,
3544 1294 3636 1367 ἅμα
3659 1292 3704 1348 δὶ

2114 1394 2206 1448 καὶ
2235 1398 2316 1465 τῷ
2366 1391 2641 1463 συζηλοῦν
2702 1391 2928 1452 ἐκείνοις
2989 1391 3120 1464 ὑπερ
3154 1393 3251 1444 τοῦ
3278 1385 3588 1463 πατριάρχου
3633 1385 3704 1439 τὸν

2117 1482 2300 1550 Ἰωσή,
2359 1482 2418 1536 ’ὸν
2465 1481 2557 1536 καὶ
2605 1482 2678 1543 ὡς
2732 1481 2997 1556 ὀστράκου
3057 1478 3439 1551 μεταπεσόντος
3493 1473 3570 1530 ἰπὶ
3630 1477 3706 1527 τοῦ

2116 1575 2520 1646 πατριαρχικοῦ
2603 1570 2800 1645 θρόνου
2857 1568 3060 1639 ἤκουον
3135 1567 3458 1642 ἐφιζάνοντα.
3510 1563 3703 1622 Τούτους

2117 1661 2242 1735 περὶ
2300 1658 2560 1715 πλείστου
2614 1659 2946 1730 ποιούμενος
2993 1656 3028 1728 ἤ
3079 1657 3279 1721 πείθειν
3311 1655 3529 1725 ἢποιεῖν
3578 1652 3710 1707 ἔκπο-

358 1749 697 1821 τρεπομένου
728 1749 817 1803 καὶ
861 1752 978 1809 τοῖς
1008 1745 1204 1809 ἄλλοις
1258 1749 1682 1821 προτρέποντος,
1710 1746 1920 1822 ’Έγκλη
1935 1767 2008 1819 μα
2042 1775 2087 1839 Β
2119 1747 2225 1803 δὼν
2276 1748 2466 1821 (ὀξεῖαι
2496 1747 2597 1823 γὰρ
2628 1745 2810 1808 ἀκίδες
2851 1746 2986 1801 κοτὰ
3043 1746 3230 1820 ψυχὴν
3290 1739 3706 1810 εὐσυνειόητοῦσαν

361 1833 406 1890 δ’
438 1838 552 1912 εἶχε
583 1837 672 1892 καὶ
707 1837 863 1898 οὗτος
895 1834 1032 1890 ἴδιον
1071 1841 1252 1909 μεῖζον
1293 1840 1391 1890 τοῦ
1442 1831 1839 1909 προλαϐόντος.
1870 1835 2008 1890 ἐκεῖ·

357 1947 449 1990 νος
481 1926 575 1999 μὶν
602 1927 702 2000 γὰρ
742 1930 810 1999 τῇ
874 1926 1154 1998 μεταθέσει
1210 1925 1595 2000 προσέκρουεν,
1629 1926 1656 1979 ὁ
1715 1923 1759 1980 δ’
1810 1927 2008 2003 Ἰωσηφ

363 2053 752 2125 minimejam
781 2054 975 2109 dubiis
1009 2054 1338 2125 iisdemque
1370 2053 1600 2125 magnis
1634 2053 2014 2108 incrementis

367 2143 629 2200 schisma
655 2143 922 2198 Ecclesiae
947 2159 1266 2215 augescens
1291 2143 1554 2214 quotidie
1576 2141 1880 2214 gliscebat,
1902 2142 2016 2196 uti-

369 2234 622 2304 qnejam
645 2231 703 2286 in
732 2233 1014 2288 domuum
1043 2231 1254 2286 intima
1275 2237 1572 2302 receptum
1607 2231 1857 2286 funestis
1878 2248 2016 2286 con-

371 2319 880 2390 junctissimorum
904 2319 1189 2374 dissidiis.
1205 2323 1444 2374 Fervere
1464 2319 1766 2389 ibijurgiis
1785 2325 2016 2387 cuncta,

372 2413 536 2478 patre
575 2424 708 2463 cum
744 2408 885 2478 ﬁlio,
920 2409 1039 2464 tilia
1069 2425 1204 2463 cum
1254 2413 1461 2477 matre,
1497 2425 1646 2464 nuru
1683 2425 1814 2464 cum
1848 2424 2017 2463 socru

374 2497 728 2563 commissis,
760 2496 1071 2565 declaratis
1105 2497 1164 2551 in
1191 2502 1382 2568 partes
1402 2497 1731 2552 contrarias
1763 2498 2018 2567 pertina-

372 2586 543 2656 cique
593 2586 964 2640 contentione
997 2586 1384 2657 propugnatis
1409 2585 1652 2655 judiciis
1696 2591 1753 2640 et
1782 2585 2016 2643 studiis.

370 2673 787 2730 Valentissima
815 2678 938 2729 erat
958 2673 1268 2745 Hyacinthi
1289 2673 1483 2744 factio,
1508 2673 1729 2745 ingenti
1752 2678 2020 2745 promota

373 2780 617 2819 numero
638 2779 918 2836 vagorum
948 2763 1340 2834 quorumdam
1373 2767 1432 2818 et
1463 2763 1600 2818 hinc
1629 2763 1785 2829 inde,
1810 2779 2019 2818 rursus

372 2852 533 2908 illinc
556 2852 691 2919 huc,
724 2852 1157 2923 inquietissime
1179 2852 1544 2908 cursantium
1574 2853 2018 2910 monachorum.

373 2943 476 2998 His
509 2941 875 2996 intoleranda
919 2941 1361 2998 declamabatur
1402 2941 1629 2997 Arsenii
1679 2940 2022 3014 patriarchas

370 3030 592 3101 injusta
622 3029 678 3084 in
707 3029 977 3085 exsilium
1003 3029 1232 3100 ejectio,
1261 3029 1654 3102 omnibusque
1677 3030 1868 3084 modis
1897 3031 2022 3099 eju-

2119 1839 2171 1892 οἱ
2201 1836 2448 1913 ἔλεγχοι)
2479 1837 2852 1912 εὐπροσώπως
2895 1841 3102 1910 χρῆται
3151 1839 3232 1906 τῷ
3264 1830 3487 1909 βασιλεῖ,
3514 1832 3586 1903 [Ρ.
3609 1827 3713 1898 213]

2117 1927 2207 1980 καὶ
2252 1923 2440 1994 ἐπειδὴ
2495 1926 2558 1980 τὸ
2615 1925 2818 1989 πείθειν
2880 1924 2980 1978 οὐκ
3033 1927 3098 1994 ἦν
3155 1920 3286 1996 (ποῖ)
3340 1923 3436 1994 γάρ
3469 1923 3505 1992 ;)
3553 1914 3715 1990 ἄνδρας

2124 2053 2367 2109 vetitum
2393 2054 2441 2109 ei
2465 2053 2604 2109 olim
2630 2070 2662 2108 a
2683 2053 3018 2125 patriarcha
3038 2053 3246 2107 fuisset
3270 2051 3472 2105 habere
3491 2048 3718 2116 deinceps

2127 2143 2536 2213 imperatorem
2572 2141 2697 2198 loco
2720 2141 3046 2213 spiritualis
3071 2139 3175 2196 ﬁlii
3199 2145 3258 2195 ct
3278 2139 3430 2194 illius
3449 2131 3718 2192 confessio-

2128 2247 2250 2296 nes,
2287 2237 2353 2285 ut
2396 2236 2566 2286 antea
2615 2235 3021 2298 consueverat,
3055 2231 3110 2284 in
3155 2233 3450 2300 posterum
3482 2221 3716 2293 accipere,

2121 2311 2281 2391 "quod
2316 2320 2503 2375 facere
2551 2324 2749 2374 tamen
2781 2320 3125 2391 perexisset.
3159 2321 3348 2388 Atque
3378 2317 3479 2370 hoc
3520 2317 3723 2380 utroque

2130 2411 2369 2465 nomine
2401 2415 2524 2464 tum
2558 2408 2846 2464 invaseris
2879 2408 2936 2462 in
2957 2407 3073 2462 veri
3105 2406 3388 2461 antistitis
3411 2399 3628 2456 viventis
3655 2396 3722 2451 lo-

2130 2514 2287 2567 cum,
2313 2502 2516 2553 contra
2555 2498 2642 2552 fas
2690 2495 2928 2566 intrusi,
2963 2502 3087 2551 tum
3118 2490 3590 2551 cxcommunicati
3618 2503 3724 2559 pro-

2129 2592 2260 2657 pter
2309 2586 2630 2642 conscitam
2679 2585 2912 2656 culpam
2957 2585 3129 2655 cujus
3180 2577 3550 2654 prohibitioni
3578 2575 3730 2630 fuerat

2128 2676 2522 2732 anathematis
2553 2675 2680 2745 ipso
2722 2677 2872 2730 facto
2904 2672 3247 2729 incnrrendi
3289 2665 3626 2726 denuntiatio
3651 2677 3732 2718 an-

2129 2780 2294 2819 nexa.
2333 2763 2747 2835 Pantepopteni
2791 2762 3115 2834 praesertim
3165 2756 3439 2815 monachi
3484 2750 3731 2809 liberrime

2127 2853 2641 2923 audacissimeque
2684 2851 2950 2906 omnium
3009 2849 3338 2921 Josephum
3389 2840 3732 2914 exagitabant,

2128 2942 2371 2998 alteram
2399 2941 2458 2996 in
2485 2939 2691 3012 primis
2714 2937 3189 2994 criminationem
3213 2936 3572 2993 vehementer
3593 2938 3732 2994 exag-

2126 3039 2416 3105 gerantes.
2451 3033 2700 3103 ejusque
2739 3030 3154 3102 indignitatem
3206 3023 3562 3099 argumentis
3586 3037 3612 3076 e
3632 3018 3734 3087 iure

370 3121 532 3175 sdem
569 3119 937 3190 procuranda
988 3117 1279 3174 restitutio
1336 3135 1440 3189 pro
1506 3119 1677 3174 unico
1707 3118 2018 3174 videbatur
2047 3121 2091 3187 C
2128 3139 2195 3178 ac
2245 3120 2564 3193 disciplina
2611 3120 3008 3176 ecclesiastica
3057 3119 3330 3190 speciose
3377 3112 3618 3172 collectis
3656 3106 3733 3160 de-

369 3213 663 3279 proposita
715 3225 913 3280 scopo.
945 3208 1353 3281 Exsurgebant
1401 3207 1640 3264 aliunde
1671 3209 2014 3278 prodibant-

370 3314 506 3368 que,
539 3296 653 3351 alia
701 3298 968 3368 quaedam
1017 3297 1400 3352 vociferantes
1449 3297 1818 3352 emendanda
1862 3298 2018 3351 fama

369 3385 604 3440 virtutis
635 3383 838 3454 inclyti
863 3384 1094 3439 sodales
1114 3384 1329 3439 Galesii
1353 3384 1598 3440 cmnobii
1623 3401 1844 3440 necnon
1870 3401 2017 3455 quo-

370 3473 641 3528 rumdam
673 3473 945 3536 aliorum,
977 3475 1060 3527 uti
1094 3472 1194 3544 qui
1226 3473 1284 3527 in
1317 3489 1385 3528 ea
1413 3476 1768 3544 tempestate
1797 3473 1855 3527 in
1890 3491 2016 3528 mo-

369 3561 628 3616 nasterio
665 3561 1035 3630 Pantepoptse
1067 3560 1220 3614 dicto
1262 3561 1665 3629 morabantur,
1699 3579 1732 3616 a
1762 3578 1868 3616 suo
1899 3562 2018 3616 sin-

371 3647 492 3721 guli
552 3647 736 3702 avulsi
809 3664 985 3718 grege
1043 3653 1102 3702 et
1157 3648 1373 3703 viritim
1434 3648 1842 3716 consulentes,
1902 3651 2020 3705 dux

371 3743 694 3809 auctorque
752 3738 863 3794 sibi
926 3739 1200 3809 quisque.
1261 3744 1582 3795 Commune
1640 3739 1732 3793 his
1788 3741 2018 3796 cunctis

372 3827 612 3900 Josephi
645 3827 890 3882 recentis
930 3827 1274 3899 patriarchas
1327 3827 1495 3898 plane
1543 3830 2015 3884 communionem

371 3916 650 3985 aversari,
683 3933 789 3972 nec
818 3932 953 3972 eum
1007 3917 1116 3972 rite
1156 3922 1487 3988 promotum
1521 3933 1856 3988 agnoscere,
1891 3923 2015 3972 tum

370 4008 524 4078 quod
560 4011 617 4061 et
648 4007 772 4077 ipse
802 4006 1118 4062 invasisset
1159 4007 1381 4062 scilicet
1413 4006 1669 4062 alienum
1712 4007 2018 4075 thronum,

371 4097 749 4169 supplantato
783 4095 1033 4167 indeque
1065 4097 1303 4152 detruso
1325 4096 1642 4164 Germano;
1677 4102 1800 4150 tum
1827 4098 1898 4151 ob
1930 4099 2018 4151 in-

373 4187 919 4256 constantiam,qua
943 4187 1206 4242 miserari
1231 4190 1399 4241 antea
1423 4186 1635 4242 solitus
1661 4189 1886 4242 Arsenii
1913 4188 2022 4242 for-

376 4279 578 4328 tunam
604 4279 660 4328 et
681 4290 811 4328 eum
835 4274 1262 4330 restituendum
1288 4275 1705 4346 pairiarchatui
1727 4275 2021 4342 dicere,ex

373 4379 556 4432 eoque
576 4363 829 4417 aversari
847 4365 1321 4419 communionem
1358 4381 1491 4418 cum
1511 4364 1798 4420 Germano
1816 4369 1872 4419 et
1891 4365 2019 4420 aliis

373 4452 755 4507 aversandam
791 4452 1058 4518 suadere,
1081 4453 1225 4506 adeo
1249 4453 1374 4522 jam
1403 4453 1696 4508 contraria
1731 4452 2020 4523 prioribus

368 4539 486 4594 illis
519 4538 694 4594 dictis
726 4539 992 4610 actisque
1025 4541 1178 4595 facta
1219 4541 1573 4607 ostenderat,
1609 4541 1664 4595 in
1701 4546 1924 4611 partem
1960 4559 2022 4596 se

370 4630 636 4684 inserens
658 4629 868 4698 agnitae
895 4629 1004 4682 sibi
1030 4645 1263 4700 quoque
1282 4630 1692 4701 damnataeque
1719 4631 1911 4700 palam
1937 4631 2020 4684 in-

362 4717 626 4789 jurize,et
648 4716 841 4772 locum
863 4717 1128 4773 insidens
1150 4719 1305 4773 unde
1329 4718 1529 4790 inique
1547 4717 1859 4790 depulsum
1881 4735 2020 4789 que-

369 4813 495 4862 stus
527 4811 682 4861 esset
712 4806 998 4861 viventem
1024 4807 1215 4862 adhuc
1243 4808 1637 4878 patriarcham
1664 4808 2019 4879 legitimum.

368 4895 583 4949 Verum
620 4894 729 4950 hoc
759 4911 893 4950 cum
928 4899 1086 4950 esset
1127 4895 1210 4950 illi
1252 4912 1566 4951 commune
1596 4914 1730 4952 cum
1764 4897 1877 4952 alio
1907 4897 2019 4952 cri-

372 5000 527 5052 men,
561 4983 674 5039 alia
728 4988 850 5040 erat
905 4983 1218 5054 peculiaris
1267 5001 1394 5054 quis
1450 4984 1614 5039 illum
1647 4985 2024 5040 vehementer

370 5073 646 5145 gravabat
668 5073 910 5128 invidia.
929 5073 1000 5128 Ut
1017 5072 1170 5127 enim
1192 5072 1522 5128 Germanus
1545 5089 1723 5144 supra
1741 5073 2019 5143 injuriam

369 5161 590 5218 exclusi
620 5163 850 5218 Arsenii
897 5162 1134 5234 propria
1176 5161 1479 5218 laborabat
1510 5162 1754 5216 infamia
1785 5167 2018 5216 mutatae

370 5260 572 5306 contra
585 5268 839 5306 canones
859 5253 958 5306 sed
971 5254 1085 5306 iset
1098 5249 1724 5321 (:onstantinopolitani
1743 5266 1809 5304 ex
1821 5251 1899 5303 Ad
1912 5250 2020 5305 ria-

373 5341 711 5413 n0politano
743 5342 1071 5396 transcensi
1123 5340 1340 5409 throni,
1370 5337 1454 5394 sic
1499 5343 1554 5394 et
1601 5339 1929 5395 offendebat
1958 5339 2015 5394 in

373 5431 525 5487 315
549 5431 802 5502 Josepho
829 5434 1102 5502 probrum
1131 5431 1213 5485 illi
1239 5430 1338 5484 uni
1371 5427 1723 5483 conveniens
1746 5428 2017 5499 idemque

372 5521 485 5575 late
517 5521 910 5587 d.ll'amatum,
945 5523 1096 5591 quod
1130 5519 1294 5574 illum
1329 5519 1563 5574 aiebant
1595 5518 1647 5571 in
1683 5534 2014 5573 excommu-

372 5610 725 5668 nicationem
777 5610 1116 5681 incurrisse,
1166 5609 1278 5668 sub
1321 5609 1493 5680 cujus
1544 5607 2014 5666 interminatione

2130 3215 2552 3279 monstrantes,
2583 3210 2738 3280 quod
2791 3225 2906 3264 non
2948 3213 3182 3263 tantum
3218 3204 3511 3262 absolvere
3538 3194 3734 3254 absolu-

2126 3299 2303 3353 tionis
2337 3299 2700 3369 incapacem,
2737 3297 2996 3369 privatus
3041 3295 3171 3369 ipse
3225 3291 3565 3351 nominatim
3587 3284 3736 3357 juris-

2128 3387 2406 3443 dictionis
2452 3390 2758 3458 potestate,
2807 3391 3191 3453 attentasset;
3245 3384 3346 3440 sed
3396 3383 3733 3452 preterquam

2128 3494 2336 3548 expers
2367 3475 2738 3532 auctoritatis
2766 3474 3024 3530 solvendi
3060 3473 3332 3540 alterius,
3366 3472 3532 3527 etiam
3561 3466 3736 3536 ligatus

2129 3566 2253 3638 ipse
2286 3582 2520 3637 quoque
2561 3574 2615 3620 et
2653 3565 2936 3620 contracti
2981 3564 3350 3634 conscitique
3398 3549 3733 3616 analhemalis

2127 3653 2363 3710 vinculo
2410 3653 2788 3714 constrictus.
2822 3653 2981 3708 istud
3023 3652 3223 3718 ipsum
3262 3642 3733 3734 praesumpsissett

2130 3744 2188 3796 ίη
2221 3760 2338 3814 QUO
2395 3759 2506 3796 non
2567 3745 2826 3798 oratione
2876 3746 3131 3809 tantum,
3184 3739 3315 3795 loco
3379 3738 3572 3806 utique
3619 3729 3735 3782 vecti

2131 3832 2463 3904 plausibili,
2521 3833 2593 3886 ad
2662 3831 3137 3904 persuadendum
3210 3828 3510 3888 valebant,
3573 3829 3738 3875 verum

2127 3920 2302 3976 etiam
2357 3922 2700 3976 auctoritate
2760 3924 2998 3992 propter
3053 3919 3319 3990 speciem
3389 3904 3735 3972 sanctimoniae

2131 4026 2510 4082 personaeque
2554 4026 2620 4065 ac
2668 4009 2788 4065 oris
2841 4001 3382 4064 commendabilem
3441 3999 3736 4082 reveritain-

2131 4081 2244 4170 que
2273 4098 2445 4170 vulgo
2485 4098 2854 4169 gravitatem,
2889 4098 3247 4170 persuadere
3294 4108 3524 4164 semper
3547 4081 3740 4160 quidvis

2130 4186 2422 4253 idoneam,
2457 4191 2582 4242 tum
2615 4192 2810 4242 autem
2843 4186 3106 4242 efﬁcacia
3144 4180 3514 4241 ineluctabili
3543 4173 3740 4233 trahen-

2131 4279 2269 4341 tem,
2305 4277 2560 4346 quando,
2595 4281 2659 4331 ut
2687 4282 2827 4332 tunc
2867 4294 2978 4331 usu
3011 4276 3307 4339 veniebat,
3340 4273 3538 4330 eodem
3566 4260 3741 4334 impe"

2131 4363 2331 4420 lebant
2354 4381 2466 4436 quo
2491 4366 2687 4420 studia
2703 4371 2912 4437 sponte
2935 4365 3365 4438 plerarumque
3386 4352 3742 4418 incurrebant.

2124 4455 2248 4525 jam
2284 4471 2384 4526 per
2435 4471 2496 4509 se
2546 4455 2969 4510 incredibiliter
3017 4454 3392 4510 infensorum
3438 4444 3668 4518 Josepho
3694 4442 3743 4491 ut

2134 4544 2466 4599 subsessori
2501 4543 2745 4609 Arsenii,
2777 4560 2999 4615 proque
3033 4542 3133 4598 illo
3167 4543 3298 4598 solo
3332 4557 3464 4596 vero
3494 4532 3742 4608 legitimo-

2132 4649 2266 4702 que,
2300 4634 2471 4703 cujus
2494 4649 2834 4705 oppressam
2869 4634 3273 4689 innocentiam
3304 4630 3593 4686 vindicare
3611 4623 3744 4690 opt-a-

2133 4721 2296 4789 bant,
2346 4721 2676 4792 patriarcha
2727 4726 3134 4778 momentanea
3183 4719 3579 4781 conversione,
3617 4705 3744 4762 velut

2134 4810 2442 4864 temerario
2464 4809 2671 4881 tegula
2694 4811 2885 4882 lapsu,
2902 4813 3138 4881 repente
3156 4808 3470 4880 supposito
3488 4800 3748 4860 subintru-

2132 4914 2315 4969 eoque
2334 4898 3288 4970 pseudoantistiti.QueIosephus
3306 4895 3476 4951 initia
3493 4885 3746 4947 tumultus

2132 4986 2627 5055 animadverteris,
2655 4991 2712 5041 et
2743 4987 2986 5042 minime
3015 4985 3448 5043 contemnenda
3472 4983 3615 5037 recte
3633 4987 3746 5029 cen-

2131 5091 2288 5142 sens,
2309 5075 2482 5130 talem
2510 5091 2711 5131 eorum
2735 5076 3157 5146 sopiendorum
3184 5075 3474 5130 rationem
3498 5067 3746 5132 iniit.qll83

2130 5163 2312 5219 multo
2343 5165 2838 5220 vehementiorem
2869 5165 2927 5220 in
2970 5166 3166 5235 ipsum
3201 5163 3439 5220 invidiae
3484 5160 3746 5215 ﬂammam

2131 5253 2656 5310 accenderet.Cum
2681 5254 2837 5310 enim
2869 5254 3132 5310 adhibito
3156 5255 3215 5308 in
3242 5250 3558 5308 consilium
3580 5241 3748 5298 dolore

2127 5347 2369 5396 contum
2381 5341 2502 5397 eliae
2526 5343 2793 5414 propriis,
2809 5344 2980 5411 cujus
2999 5341 3274 5398 acerrimi
3293 5344 3437 5396 sunt
3451 5329 3659 5393 stimuli
3676 5343 3744 5381 er-

2128 5446 2202 5502 ga
2217 5431 2329 5484 sibi
2352 5437 2505 5486 recte
2517 5432 2785 5487 conscias
2805 5437 3149 5496 mentes,om
3160 5431 3305 5486 nino
3325 5430 3438 5485 sibi
3453 5420 3746 5482 faciendum

2125 5519 2438 5575 statuisset
2478 5526 2542 5575 ut
2585 5526 2854 5576 auctores
2903 5521 3129 5591 injuriae
3164 5537 3291 5591 qua
3319 5511 3746 5574 conﬂictabatur,

2123 5613 2225 5666 aut
2253 5609 2326 5665 de
2375 5610 2668 5668 sententia
2723 5611 3038 5668 deduceret
3065 5614 3173 5667 aut
3203 5610 3280 5667 de
3309 5607 3502 5665 medio
3531 5597 3746 5659 tolleret:
