3920 6196
220 333 315 389 765
1256 339 1354 393 ΒΕ
1392 338 1764 393 MICHAELE
1802 336 2247 393 PALEOLOGO
2280 340 2414 393 LIB.
2456 340 2553 393 IV.

3481 340 3590 398 766

223 456 542 531 ἀμειλίκτους
567 459 666 527 τὴν
697 454 959 531 ἔνστασιν,
1016 460 1267 530 κολάζειν
1327 462 1587 536 ᾑροῦντο.
1617 460 1826 517 Ἀνατί-
1857 465 1913 529 Α
1940 464 2036 515 τοῦ
2096 462 2351 533 σώματος
2384 461 2644 537 ἰσχυρῶς,
2677 463 2751 525 ὡς
2791 462 3063 525 πολλάκις
3090 467 3186 518 τοῦ
3222 464 3396 535 μηνὸς
3425 465 3459 533 ἢ
3493 466 3586 521 καὶ

220 550 342 602 Garat
370 547 541 601 τοίνυν
580 550 642 602 τὰ
697 550 821 620 περὶ
850 549 1057 605 τούτων
1103 556 1180 622 τῷ
1232 550 1610 625 Ἀκροπολίτῃ
1656 557 1831 624 Fam?-

215 636 304 711 γῖῳ
328 637 408 690 καὶ
438 636 513 697 εἰς
566 637 860 711 λογοθὲτας
896 640 1116 714 μεγάλῳ
1146 641 1231 694 καὶ
1262 644 1412 717 σοφῷ
1451 641 1517 695 τὰ
1569 639 1825 712 μάλιστα,

214 726 336 792 πλὴν
362 723 830 799 κατημελημένως
860 732 969 782 τῶν
1003 728 1080 790 εἲς
1134 727 1438 798 συνείδησιν
1483 728 1691 803 ἔχοντι,
1726 726 1826 783 Καὶ

213 812 267 880 δὴ
317 815 393 868 ἐπὶ
450 815 621 876 οἰκίας
670 815 946 891 ἐπαγαγὼν
998 817 1258 892 χαλεπῶς
1307 818 1553 892 ᾐκίζετο,
1605 818 1826 891 δαίρων,

208 904 521 977 κρεμαννύων
550 951 563 975 ,
620 906 927 976 μαστίζων,
980 907 1108 968 τοὺς
1158 905 1214 962 δὲ
1264 929 1326 982 γε
1366 909 1648 980 κρείττους
1694 906 1826 960 ἐκεί-

208 1014 295 1045 νων
341 993 423 1046 καὶ
473 995 680 1065 ἀτιμῶν
728 1000 809 1067 τῷ
836 996 909 1048 δι’
952 996 1154 1069 ἀγορᾶς
1211 992 1559 1070 θριαμϐεύειν
1610 998 1823 1068 ἀτίμως

1135 1084 1565 1159 πεπλασμέναις,
1628 1084 1825 1159 ἄνδρας

205 1170 328 1225 πολὺ
380 1173 438 1226 τὸ
496 1171 817 1244 ἆξιοπρεπές
870 1172 1099 1248 ἔχοντας
1158 1174 1219 1229 ἐκ
1267 1181 1363 1230 τοῦ
1417 1177 1539 1251 βίου
1588 1177 1677 1229 καὶ
1725 1182 1822 1243 τῆς

206 1265 328 1335 σφῶν
360 1262 747 1331 καταστάσεως,
781 1263 872 1325 οὓς
922 1264 1012 1317 καὶ
1066 1265 1198 1336 μετὰ
1242 1267 1306 1319 τὸ
1350 1270 1562 1340 πικρῶς
1595 1266 1670 1326 ὡς
1704 1265 1817 1318 οἶόν

200 1369 248 1402 τε
276 1348 536 1419 μετελθεῖν
582 1352 811 1426 ἐξορίαις
864 1350 1066 1421 ἐδίδου,
1114 1354 1242 1416 τοὺς
1287 1357 1527 1427 καθάπαξ
1575 1361 1674 1423 τῆς
1721 1358 1821 1430 γῆς

200 1437 272 1490 καὶ
323 1443 422 1491 τῶν
468 1439 677 1513 γηΐνων
734 1441 1127 1515 ἐξωρισμένους
1164 1489 1177 1502 ,
1244 1445 1345 1500 Καὶ
1401 1444 1524 1499 τότε
1586 1444 1821 1517 πρώτως

202 1526 408 1590 πολλοῖς
465 1528 733 1585 ἐπέκλασε
787 1532 881 1593 τὰς
938 1530 1270 1603 συνειδήσεις
1328 1536 1354 1589 6
1387 1535 1606 1611 Ἰωσὴφ,
1637 1535 1726 1588 καὶ
1752 1538 1820 1608 τῇ

201 1617 379 1670 τούτων
436 1618 730 1692 παραθέσει
776 1623 803 1675 6
853 1617 1148 1696 προλαϐὼν
1198 1624 1260 1677 τὸ
1308 1630 1549 1698 κρεῖττον
1607 1623 1823 1701 ἐφέρετο

200 1706 262 1767 ὡς
304 1705 462 1778 μηδὲν
514 1707 713 1782 μηδενὶ
766 1709 1077 1784 ἐνοχλήσας
1134 1714 1323 1776 καθότι
1354 1713 1442 1767 καὶ
1497 1711 1726 1788 λέγοιεν.
1759 1717 1823 1793 ᾪ

201 1792 255 1862 δὴ
299 1797 380 1849 καὶ
430 1798 456 1850 6
510 1803 730 1871 κρατῶν
773 1800 859 1853 καὶ
890 1801 1043 1865 αὖθις
1066 1801 1293 1876 ἐχρῆτο,
1326 1803 1415 1856 καὶ
1444 1801 1648 1877 πατέρα
1679 1803 1819 1857 ὠνό-

201 1889 327 1955 μαζε,
383 1887 466 1940 καὶ
532 1887 613 1951 εἷς
674 1889 879 1962 βουλὴν
941 1891 1074 1965 εἶχε,
1134 1890 1222 1945 καὶ
1275 1890 1349 1951 εἷς
1396 1888 1582 1945 πολλὰ
1612 1890 1819 1965 ἐχρῆτο

198 1972 535 2046 συλλήπτορι,
566 1978 654 2030 καὶ
684 1974 860 2046 ἡδέως
910 1978 1082 2045 ἤκουε
1139 1979 1540 2051 μεσιτεύοντος.
1583 1982 1682 2036 Ἦν
1715 1981 1817 2057 γὰρ

197 2061 220 2113 6
265 2061 534 2135 ἅνθρωπος
595 2066 681 2118 καὶ
741 2070 821 2137 τῷ
878 2066 1073 2139 κόσμῳ
1122 2070 1446 2145 σύντροφος,
1500 2070 1587 2122 καὶ
1649 2066 1817 2131 δεινὸς

208 1080 278 1135 ἐπ’
349 1082 541 1145 αἰτίαις
612 1084 890 1146 κακίσταις
968 1087 1057 1138 καὶ

197 2150 412 2214 ὑπελθεῖν
473 2153 738 2228 ἄρχουσι,
793 2156 881 2208 καὶ
915 2162 1095 2210 πεῖσαι
1124 2152 1212 2211 ὅτε
1258 2159 1467 2232 καιρὸς,
1527 2158 1613 2212 καέ
1647 2158 1817 2231 θυμὸν

197 2237 396 2310 μαλάξαι
445 2243 541 2296 καὶ
600 2244 869 2318 ἀγριᾶναι·
932 2247 1064 2320 Εἶχε
1119 2244 1175 2301 δὲ
1233 2246 1323 2300 σὺν
1382 2250 1450 2320 τῇ
1489 2247 1682 2321 γνώμῃ
1729 2248 1817 2301 καὶ

197 2455 354 2525 primo
386 2474 498 2513 non
544 2459 898 2514 succedente
963 2461 1280 2533 (quomodo
1340 2462 1493 2517 enim
1556 2464 1826 2519 homines

195 2551 334 2616 capto
362 2548 765 2602 communiter
796 2550 1017 2620 impetu
1050 2552 1203 2605 316
1235 2551 1691 2607 irrevocabiliter
1722 2571 1822 2607 ru-

194 2641 330 2689 entes
359 2635 580 2691 blande
611 2654 677 2691 ac
708 2638 1026 2708 tranquille
1067 2640 1404 2696 dedocendo
1455 2642 1709 2712 placaret
1754 2659 1821 2697 ac

192 2724 442 2798 sisteret?)
466 2728 740 2799 potentia
764 2728 1274 2803 imperatoris,pr0
1301 2733 1488 2804 gratia
1520 2750 1635 2805 qua
1666 2736 1816 2805 apud

195 2812 337 2869 illum
365 2817 668 2888 praecipua
698 2819 952 2885 valebat,
978 2821 1047 2875 ad
1080 2819 1328 2876 alterum
1361 2822 1735 2878 efﬁciendum
1767 2824 1821 2878 vi

192 2920 319 2959 sava
340 2907 1025 2965 incnbuit.Demandavit
1045 2915 1236 2965 autem
1262 2912 1559 2983 negotium
1577 2913 1819 2983 Georgio

189 2996 503 3067 Acropolitze
528 2998 689 3053 inter
713 2998 1041 3070 logothetas
1065 3007 1362 3072 magno,et
1385 3001 1441 3056 in
1469 3003 1672 3070 primis
1695 3019 1823 3059 eru-

188 3083 288 3139 dito
308 3085 771 3157 callidoque,sed
796 3092 1165 3146 conscientias
1192 3107 1398 3161 parum
1438 3093 1821 3157 temerae,mi-

189 3173 512 3247 nimumque
550 3177 719 3246 pensi
754 3176 967 3234 habere
998 3179 1057 3234 in
1092 3180 1267 3235 rebus
1297 3180 1569 3252 gerendis
1601 3183 1821 3237 credito

189 3264 305 3333 quid
338 3265 420 3319 fas
448 3272 510 3320 et
546 3265 809 3321 ofﬁcium
845 3270 1240 3324 moneret.llle
1268 3270 1445 3339 igitur
1474 3271 1679 3325 domos
1710 3272 1818 3326 ob-

188 3353 294 3407 iens
316 3354 665 3424 patriarchae
689 3356 1104 3413 obtrectatores
1126 3358 1448 3430 prehensos
1469 3360 1817 3429 abducebat,

188 3456 400 3511 vexans,
433 3446 696 3505 caedens,
731 3447 1135 3516 proscindens,
1182 3450 1574 3519 suspendens,
1624 3451 1819 3520 flagel-

189 3529 417 3603 lans,qui
442 3550 585 3588 vero
609 3534 761 3588 inter
784 3535 916 3589 illos
939 3539 1261 3591 eminerent
1282 3538 1820 3608 dignitate,probris

187 3619 569 3677 dehonestans
602 3639 669 3677 ac
715 3640 815 3694 per
864 3626 988 3679 fora
1034 3624 1425 3695 ignominiose
1481 3629 1815 3695 traducens,

187 3711 463 3776 pretentis
498 3725 673 3778 verae,
707 3727 882 3781 quam
915 3713 1164 3779 celabat,
1196 3729 1385 3767 cauete
1427 3714 1819 3770 odiosissimis

183 3796 347 3866 iisque
376 3798 653 3853 confictis
686 3798 1053 3868 criminibus,
1087 3802 1435 3857 intolerabili
1489 3802 1686 3873 utique
1736 3812 1815 3876 ly-

181 3890 399 3943 rannide
431 3890 578 3942 viris
611 3895 747 3943 ante
778 3890 1108 3958 conspicuis
1132 3891 1493 3947 etinotfenso
1518 3909 1693 3947 cursu
1724 3895 1819 3948 ho-

180 3977 317 4029 noris
346 3983 598 4032 eatenus
630 3977 683 4030 in
720 3977 834 4031 vita
866 3979 1024 4044 usis;
1073 3996 1217 4049 quos
1271 3981 1447 4034 etiam
1500 3987 1814 4052 postquam

178 4064 263 4118 tali
310 4066 633 4121 acerbitate
673 4067 1087 4135 deformasset,
1121 4070 1291 4123 exilio
1326 4072 1637 4137 multabat,
1672 4071 1815 4125 nihil

179 4161 418 4209 sanetam
455 4155 749 4210 reveritus
784 4156 1203 4226 professionem
1241 4157 1669 4228 religiosorum,
1717 4161 1812 4229 qui

179 4245 330 4298 semel
355 4246 633 4299 abdicato
662 4246 883 4299 mundo
907 4244 1133 4300 exsules
1158 4263 1217 4300 se
1239 4252 1403 4301 terrae
1428 4249 1495 4302 ad
1524 4248 1812 4303 coalestem

180 4332 309 4387 ultro
335 4334 845 4388 conversationem
876 4334 1337 4389 transtulissent.
1366 4336 1641 4391 Fructum
1675 4354 1811 4391 con-

178 4421 275 4476 silii
308 4423 439 4479 talis
472 4424 636 4477 hunc
666 4421 960 4493 Josephus
992 4423 1150 4491 tulit,
1182 4429 1245 4478 ut
1277 4424 1594 4479 multorum
1630 4428 1727 4496 qui
1764 4427 1813 4482 ei

176 4510 442 4567 hactenus
456 4512 815 4567 studuerant
830 4511 934 4567 hac
948 4512 1220 4567 violentia
1236 4514 1623 4568 conscientias
1639 4516 1812 4569 offen-

1938 557 2037 619 τῆς
2070 546 2374 622 ἒϐδομάδος
2432 550 2603 606 ἐνίοτε
2659 549 2927 626 πρόσοδον
2968 554 3237 606 ποιεῖσθαι
3269 554 3405 627 πρὸς
3440 556 3588 627 βασι-

1940 636 2057 708 λὲα,
2089 643 2250 693 τοῦτο
2315 641 2407 712 μὲν
2452 640 2540 693 καὶ
2572 640 2662 716 ἀφ’
2692 640 2903 711 ἑαυτοῦ,
2952 644 3113 694 τοῦτο
3146 638 3203 693 δὲ
3242 641 3327 693 καὶ
3380 640 3581 695 καλού-

1943 748 2124 799 μενος.

1934 846 2035 918 κθί.
2066 850 2251 905 Ὅπως
2285 842 2673 898 ἀποστέλλεται
2708 845 2781 899 εἷς
2815 844 3066 898 Παιονίαν
3118 845 3248 916 μετὰ
3276 849 3371 918 τοῦ
3415 843 3581 918 μεγα-

2009 914 2338 990 λουᾼδουκὸς
2370 920 2465 970 τοῦ
2494 917 2728 990 Agis-itam:
2861 914 3578 990 προπατριαρχεύσαςλΓερ-

2011 988 2192 1059 μανὸς,
2225 988 2467 1041 κάκεῖθεν
2515 986 2692 1061 ἤγαγε
2740 986 2954 1065 νύμφήν
3013 986 3092 1059 τῷ
3144 986 3248 1043 τοῧ
3303 986 3576 1063 βασιλέως

2009 1061 2132 1132 υἱῷ,
2164 1061 2251 1114 καὶ
2286 1062 2656 1136 προσεστέφθη
2671 1082 2783 1113 σαν.

2006 1177 2089 1247 [Ρ.
2120 1177 2245 1247 214]
2304 1176 2451 1230 Ἐπεὶ
2515 1172 2571 1228 δὲ
2621 1195 2711 1228 και
2767 1176 2793 1228 ὁ
2825 1174 2941 1235 υἱὸς
2972 1180 3051 1246 τῷ
3086 1172 3300 1247 βασιλεῖ
3323 1171 3574 1247 ἤνδρωτο

1933 1262 2299 1340 Ἀνδρόνικος,
2356 1265 2415 1318 ’ὀν
2475 1264 2562 1318 καὶ
2616 1264 2691 1324 εἰς
2757 1261 3031 1337 βασιλεῖαν
3094 1260 3352 1336 διάδοχον
3384 1262 3457 1325 ὡς
3485 1264 3573 1316 καὶ

1929 1358 2037 1409 τῶν
2093 1354 2278 1409 ἄλλων
2333 1352 2592 1428 πρότερον
2655 1352 3055 1425 προητοίμαζε,
3104 1352 3192 1405 καὶ
3227 1349 3332 1405 ἔδει
3382 1371 3577 1423 συναρ-

1936 1444 2148 1517 μόττειν
2204 1444 2365 1497 αὐτὸν
2423 1448 2490 1516 τῇ
2532 1443 2811 1517 πρεπούσῃ
2870 1442 3107 1516 συζύγῳ,
3167 1441 3229 1494 τὸ
3289 1441 3383 1512 μὲν
3439 1439 3577 1513 πρὸς

1930 1532 2056 1594 τοὺς
2116 1530 2362 1593 Ἰταλοὺς
2412 1527 2799 1607 πρεσϐεύεσθαι
2860 1528 3062 1591 εύὸδως
3123 1530 3222 1584 οὐκ
3288 1530 3423 1602 εἶχε,
3482 1532 3578 1581 τοῦ

1933 1621 2220 1695 Καρούλου
2283 1621 2477 1694 μεταξὺ
2545 1622 2798 1693 κειμένου
2849 1620 2983 1674 κατᾶ
3038 1621 3135 1687 τὴν
3198 1617 3458 1686 Πουλίαν,
3519 1616 3576 1671 ὅν

1932 1713 2018 1766 καὶ
2082 1710 2274 1785 ἐχθρὸν
2324 1711 2626 1785 ἀκήρυκτον
2671 1710 2861 1763 ἑαυτοῦ
2905 1708 2993 1762 καὶ
3040 1707 3325 1779 Ῥωμαίων
3385 1705 3577 1781 ἐγίνω-

1856 1841 1898 1903 B
1934 1822 2025 1855 σκε
2083 1798 2172 1855 διὰ
2224 1801 2322 1869 τήν
2382 1799 2545 1853 πόλιν
2596 1799 2772 1853 καὶτὸ
2807 1798 2939 1869 μετὰ
2994 1800 3089 1851 τοῦ
3124 1793 3458 1851 Βαλὸουΐνου
3491 1793 3579 1847 ἐπὶ

1997 1895 2016 1903 _
2214 1890 2225 1903 .
2355 1888 2367 1903 .
2418 1893 2444 1903 ..
2588 1886 2652 1903 ,με
2796 1884 2857 1903 ηις
2978 1885 2992 1903 κ
3099 1886 3111 1903 κ
3185 1892 3237 1903 ..
3354 1885 3367 1903 κ

1928 1895 2042 1952 τοῖς
2075 1890 2258 1943 παισὶν
2312 1888 2486 1943 αότῶν
2548 1886 2736 1957 κῆδοςο
2788 1884 2897 1957 ἤδη
2931 1885 3032 1961 γὰρ
3060 1886 3150 1939 τὸν
3185 1885 3378 1960 Μαφρὲ
3409 1903 3574 1937 κατα-

1930 1978 2094 2040 λύσας
2144 1976 2506 2053 ἐμεγαλύνετο
2724 1978 2751 2030 ὁ
2809 1976 3072 2050 πρότερον
3134 1973 3341 2041 κόντος,
3376 1973 3450 2035 ὡς
3480 1975 3575 2025 τοῦ

1931 2068 2098 2144 ῥηγὸς
2129 2068 2407 2142 Φραγγίας
2438 2064 2798 2143 αὐτάδελφος·
2861 2068 3021 2119 τοῦτο
3072 2063 3172 2139 γάρ
3228 2062 3279 2115 οἱ
3310 2059 3397 2115 καί
3445 2082 3580 2132 συμ-

1928 2158 2319 2235 πεφωνημένος
2365 2156 2555 2230 μισθὸς
2582 2158 2647 2225 ἦν
2695 2156 2839 2231 παρὰ
2867 2163 2966 2223 τῆς
2998 2151 3326 2223 Ἐκκλησίας
3356 2158 3457 2220 τῆς
3486 2150 3574 2205 ἐπὶ

1927 2252 2008 2320 τῷ
2039 2248 2229 2323 Μαφρὲ
2258 2245 2651 2301 ἀποπατοῦντι
2684 2247 2885 2319 ὁρμῆς,
2919 2244 2976 2297 ἂν
3031 2242 3105 2306 εἷς
3160 2241 3317 2302 τέλος
3375 2241 3574 2313 νικῴη.

1936 2481 2084 2536 opus
2106 2469 2279 2532 esset;
2300 2469 2426 2519 tum
2451 2464 2684 2518 eosdem
2712 2462 2943 2535 placare
2964 2460 3375 2530 concitareque
3407 2458 3581 2527 prout

1938 2572 2026 2610 res
2055 2559 2375 2627 poscerent.
2412 2554 2735 2608 Accedebat
2756 2552 2847 2606 his
2878 2550 3057 2605 animi
3090 2549 3258 2604 bonis
3289 2552 3345 2602 et
3376 2563 3576 2616 corpo-

1935 2645 2014 2698 ris
2045 2644 2222 2699 rubur
2252 2642 2520 2714 palatinas
2556 2641 2773 2695 militiae
2797 2640 3097 2695 laboribus
3122 2654 3255 2707 par:
3286 2653 3389 2690 nec
3420 2633 3575 2689 enim

1936 2734 2084 2788 317
2122 2733 2278 2798 huic,
2315 2736 2378 2786 ut
2410 2730 2611 2786 multis
2636 2731 2788 2796 aliis,
2824 2729 3089 2784 obstabat
3120 2726 3388 2781 valetudo
3430 2740 3578 2793 quo-

1938 2823 2137 2878 minus
2163 2822 2377 2891 saapius
2408 2822 2466 2875 in
2501 2837 2723 2890 mense,
2756 2819 3049 2873 interdum
3102 2816 3234 2886 plus
3285 2812 3463 2869 semel
3515 2811 3575 2866 in

1936 2912 2323 2978 hebdomade,
2347 2910 2533 2965 adiret
2554 2910 2987 2981 imperatorem,
3024 2904 3236 2975 partim
3260 2902 3412 2957 ultro
3446 2916 3577 2971 par-

1933 3001 2038 3056 tim
2071 3000 2409 3056 accersitus.

1929 3118 2018 3171 29.
2058 3118 2120 3173 Ut
2151 3118 2348 3170 missus
2384 3116 2441 3169 in
2475 3112 2824 3168 Pannoniam
2856 3128 2979 3185 cum
3008 3124 3205 3185 magno
3253 3106 3417 3185 duce.
3441 3106 3574 3158 Las-

2004 3190 2123 3243 cari
2169 3186 2568 3257 expatriarcha
2617 3189 2926 3241 Germanus
2956 3181 3083 3257 inde
3112 3194 3362 3257 sponsam
3394 3181 3571 3257 impe:

2001 3260 2204 3315 rotari:
2240 3248 2361 3329 ﬁlio
2408 3258 2648 3326 duxerit,
2693 3266 2859 3326 utque
2904 3254 3032 3309 novi
3088 3248 3272 3323 sponsi
3329 3248 3576 3305 coronati

1998 3337 2143 3387 sunt.

2000 3448 2284 3513 Quoniam
2310 3463 2441 3501 vero
2466 3448 2590 3517 jam
2622 3445 2681 3498 in
2713 3444 2901 3497 virum
2936 3441 3267 3497 adoleverat
3291 3437 3446 3491 filius
3470 3436 3577 3489 im-

1929 3542 2215 3609 peratoris
2272 3536 2659 3603 Andronicus,
2696 3549 2866 3605 quem
2900 3532 2951 3587 is
2994 3537 3057 3585 ut
3114 3526 3573 3601 primogenitum

1929 3628 2040 3683 sibi
2103 3626 2467 3698 principatus
2528 3639 2930 3679 successorem
2992 3618 3347 3683 destinabat,
3406 3614 3577 3683 eique

1930 3722 2236 3787 prepterea
2264 3716 2534 3769 idoneam
2563 3716 2685 3783 jam
2724 3729 2876 3765 nunc
2900 3710 3202 3777 conjugem
3228 3704 3574 3776 expediebat

1923 3803 2711 3876 jungere,circumspiciebat
2740 3802 3041 3869 Augustus
3074 3796 3169 3851 ubi
3193 3795 3261 3849 ad
3288 3795 3343 3847 id
3369 3798 3564 3863 aptam

1928 3894 2232 3949 inveniret.
2257 3895 2334 3946 Ac
2357 3909 2428 3945 ne
2451 3890 2620 3944 talem
2649 3890 2706 3941 in
2732 3888 2895 3942 Italia
2918 3889 3201 3955 quaereret
3226 3880 3571 3952 prohibebat

1928 3999 2183 4054 praesens
2217 3980 2294 4034 ibi
2346 3984 2531 4034 status
2565 3993 2780 4033 rerum.
2809 3976 3109 4045 Regnabat
3132 3972 3189 4023 in
3218 3968 3564 4039 Apulia,hoc

1924 4078 2013 4126 est
2030 4072 2084 4124 in
2108 4076 2267 4141 parte
2289 4066 2756 4123 ItaliznOricnlali
2777 4054 3565 4130 obversaimperio,Carolus,

1925 4159 2117 4232 palam
2141 4165 2198 4214 et
2220 4156 2673 4212 irrevocabititer
2695 4145 3354 4220 ConstantinOpolitanis
3378 4145 3570 4198 infen-

1924 4268 2027 4305 sus
2049 4250 2122 4304 ob
2145 4252 2397 4319 ereptam
2422 4245 2645 4301 Latinis
2670 4243 2869 4297 urbem
2893 4242 3260 4310 ejectumque
3282 4234 3415 4288 inde
3439 4232 3573 4287 Bal-

1924 4338 2440 4408 duinum,quicum
2464 4336 2574 4407 ipsi
2600 4332 2903 4388 affinitatis
2921 4334 3079 4383 arcta
3096 4324 3466 4381 necessitudo
3484 4321 3570 4375 in-

1924 4426 2275 4488 tercedebat,
2309 4424 2506 4478 liberis
2545 4422 2854 4477 amborum
2908 4416 3196 4473 connubio
3248 4411 3563 4467 fcederatis.

1923 4516 2109 4577 Quare
2144 4515 2516 4568 manifestum
2552 4517 2676 4565 erat
2705 4510 2911 4580 legatis
2944 4502 3298 4566 Romanis,si
3333 4502 3475 4555 forte
3505 4500 3563 4555 in

177 4600 315 4655 deret
351 4603 457 4656 abs
492 4617 674 4671 seque
708 4600 989 4656 alienaret
1020 4601 1371 4657 voluntates.
1408 4604 1810 4675 Apparuitque
1844 4591 1888 4655 D
1922 4602 2259 4657 ulteriorem
2296 4601 2665 4655 mitterentur
2698 4598 2922 4654 Italiam
2958 4595 3086 4649 filim
3118 4592 3427 4662 cujusdam
3469 4588 3565 4644 ille

171 4688 291 4743 inde
306 4696 532 4761 quanto
551 4690 769 4744 saniori
790 4690 1033 4745 consilio
1050 4692 1319 4745 decessor
1335 4694 1463 4760 ejus
1483 4692 1811 4746 Germanus

174 4778 221 4829 in
243 4778 611 4834 incommodo
635 4779 815 4833 simili
842 4779 1049 4834 fuisset
1080 4781 1665 4847 usus,contumeliam
1691 4784 1812 4837 dis-

176 4866 539 4931 simulans,et
569 4868 785 4921 nemini
815 4868 1233 4937 molestiameo
1256 4870 1493 4923 nomine
1521 4870 1813 4924 facessens

174 4959 308 5024 quod
344 4958 401 5011 in
436 4974 498 5011 se
532 4957 767 5027 quidvis
801 4957 972 5011 aliter
1000 4974 1178 5027 quam
1209 4958 1383 5012 vellet
1429 4959 1814 5027 comperisset

172 5044 402 5099 dictum.
428 5047 580 5115 Ergo
616 5044 708 5098 hic
741 5046 914 5099 etiam
951 5052 1081 5116 post
1112 5063 1337 5112 casum;
1363 5052 1418 5100 et
1448 5048 1716 5101 redactus
1753 5048 1809 5101 in

173 5136 445 5201 ordinem,
508 5134 944 5189 existimatione
995 5137 1297 5207 gratiaque
1346 5137 1559 5197 floruit.
1610 5143 1812 5207 gratus

172 5226 269 5293 ipsi
304 5225 759 5296 principi.Pater
790 5225 859 5278 ab
890 5240 956 5278 eo
983 5232 1246 5291 vocatus,
1271 5226 1327 5280 in
1362 5227 1671 5281 consilium
1708 5228 1811 5280 ad-

170 5311 829 5382 hibitus,proeuratione
861 5312 1216 5367 demandata
1246 5316 1609 5381 negotiozum
1636 5315 1813 5369 hono-

172 5404 340 5459 ratus.
378 5405 439 5452 et
467 5399 716 5451 libenter
738 5413 804 5451 ac
834 5398 1040 5453 effectu
1076 5400 1505 5471 impetrationis
1536 5410 1813 5469 sequente

171 5488 398 5541 auditus
431 5503 559 5540 eum
597 5502 699 5555 pro
755 5486 961 5541 amicis
1012 5489 1418 5544 intercederet.
1474 5496 1607 5545 Erat
1654 5491 1809 5547 enim

170 5575 335 5629 homo
388 5575 715 5629 innutritus
769 5578 1011 5642 mundo,
1066 5580 1250 5633 multo
1300 5595 1405 5633 usu
1441 5581 1565 5632 vita:
1599 5581 1809 5646 civilis,

166 5665 456 5720 insinuare
476 5681 538 5721 se
559 5664 928 5738 principibus
950 5668 1169 5740 sciens,
1196 5670 1661 5743 persuadereque
1682 5688 1809 5743 quae

1922 4690 2385 4762 imperitantium
2401 4695 2661 4760 Augusto
2678 4687 2793 4741 ﬁlio
2810 4684 3239 4757 poscendze,per
3254 4680 3567 4734 irreconci-

1922 4783 2157 4837 liabiter
2178 4783 2417 4835 infestos
2438 4786 2697 4835 Romano
2720 4777 2945 4833 nomini
2970 4783 3257 4830 terrarum
3285 4772 3565 4826 marium-

1923 4888 2035 4943 que
2067 4875 2290 4925 tractus
2324 4871 2523 4934 iter,ut
2555 4864 3069 4932 necessarium,ita
3100 4862 3340 4918 minime
3372 4865 3563 4915 tutum

1923 4959 2201 5013 fore.Jam
2226 4958 2380 5012 enim
2410 4957 2701 5012 Mant‘redo
2716 4955 2925 5009 aemulo
2941 4951 3207 5024 perculso
3221 4951 3567 5019 abjectoque

1923 5048 2106 5101 victor
2136 5047 2398 5112 Carolus,
2434 5048 2607 5100 frater
2635 5045 2787 5115 regis
2820 5044 3092 5110 Francize,
3126 5056 3195 5094 ex
3221 5045 3391 5093 conto
3443 5038 3564 5091 sive

1923 5136 2156 5199 comite,
2189 5137 2380 5206 qualis
2413 5136 2577 5207 prius
2612 5134 2947 5196 vocabatur,
2984 5131 3208 5201 regium
3259 5126 3563 5197 magniﬁce

1923 5242 2133 5278 nomen
2170 5222 2801 5296 assumpserat,ampla
2829 5238 2895 5276 ea
2927 5219 3190 5274 mercede
3222 5217 3293 5271 ab
3324 5214 3567 5270 ecclesia

1923 5320 2331 5369 remuneratus
2388 5316 2459 5369 ob
2524 5320 2792 5367 navatam
2853 5310 2901 5364 ei
2953 5309 3179 5363 fidelem
3236 5311 3291 5359 et
3342 5305 3563 5358 felicem

1922 5422 2157 5475 operam
2191 5404 2249 5457 in
2286 5403 2569 5467 Mant'redi
2604 5401 2923 5455 defectione
2958 5396 3293 5452 ulciscenda
3325 5393 3566 5461 ipsoque

1922 5494 2123 5550 rebelli
2157 5492 2541 5564 proﬂigando.
2576 5496 2709 5546 Haec
2742 5494 3022 5560 reputans
3070 5484 3387 5555 imperator
3431 5477 3563 5530 ani-

1922 5601 2082 5638 mum
2118 5589 2173 5636 et
2203 5598 2337 5652 spes
2370 5581 2540 5635 vertit
2571 5582 2627 5633 in
2682 5579 3059 5639 Pannoniam,
3108 5586 3291 5641 eoque
3340 5567 3559 5637 legatos

1922 5672 2178 5729 decrevit
2201 5672 2453 5725 mittere.
2490 5669 2605 5723 Rex
2637 5669 2714 5721 ibi
2747 5667 3162 5722 dominabatur
3190 5662 3414 5730 partem
3446 5654 3558 5710 R0-
