4018 6198
363 255 472 311 767

1669 251 1972 308 GEORGII
2008 250 2470 308 PACHYHERB
3619 254 3705 308 768

369 381 519 436 Ἐπεὶ
581 381 745 432 ταῦτα
777 422 792 447 ,
855 370 996 447 ἔγνω
1052 373 1187 448 πρὸς
1247 372 1482 436 Παίονας
1547 373 1646 442 τήν
1723 365 2009 448 πρεσϐείαν
2042 370 2383 452 Ατεμένους
2413 380 2512 442 τῆς
2540 378 2637 428 τοῦ
2667 377 2800 428 Θεοῦ
2857 371 3034 447 Λόγου
3083 369 3298 448 σοφίας,
3350 373 3442 426 τοῦ
3486 376 3712 450 πατριάρ-

369 467 598 522 στεῖλαι·
659 468 686 519 6
751 464 853 538 γὰρ
887 463 985 538 ῥήξ
1045 461 1263 517 ἐκείνων
1311 463 1428 524 υἱὸς
1485 465 1552 531 ἦν
1585 463 1932 536 Ῥωμογενής
1963 462 2020 515 ἐκ

370 556 577 629 μητρὸς
605 558 682 625 τῷ
715 553 841 629 ῥηγὶ
875 551 1160 627 γεννηθεὶς
1199 557 1299 620 τῆς
1344 554 1440 604 τοῦ
1487 549 1724 605 παλαιοῦ
1778 550 2015 623 Λάσκαρι

364 641 669 716 θυγατρός.
731 644 892 716 Τρεῖς
947 640 1047 714 γάρ
1116 639 1303 712 ἐκείνῳ
1365 637 1707 714 βασιλεύοντι
1763 635 2019 708 τηνικάδε

365 733 650 806 θυγατέρες
711 732 871 799 ἦσαν,
931 730 1065 798 αὕτη
1118 729 1215 802 μία
1249 775 1261 798 ,
1320 728 1410 782 καὶ
1471 727 1754 800 θαυμαστή
1806 726 2014 802 Εἴρηνη

366 817 609 894 δευτέρα,
669 821 729 887 ἢν
787 819 814 872 6
874 819 1131 886 Ἰωάννης
1164 817 1312 891 σχὼν
1364 811 1677 870 ἐϐασίλευσε
1704 815 1796 870 τὸν
1829 828 2014 878 πενθε-

366 911 458 984 ρὸν
513 906 898 980 διαδεξάμενος
931 952 944 972 ,
1005 907 1093 960 καὶ
1145 906 1300 981 τρίτη
1360 908 1394 974 ἡ
1444 909 1522 976 τῷ
1578 902 1800 980 μεγάλῳ
1845 905 2018 978 κυρίῳ

363 999 502 1052 κατὰ
526 999 623 1066 τὴν
655 997 816 1052 πόλιν
869 993 1148 1059 ἐκδοθεῖσα
1198 992 1450 1052 Ιεζύδοκία.
1493 994 1578 1064 Ἐξ
1627 993 1836 1064 ἐκείνης
1885 998 2014 1068 γοῦν

360 1094 459 1157 τῆς
488 1088 757 1160 προτέρας
803 1087 830 1141 ὁ
883 1092 982 1154 τῆς
1013 1083 1270 1144 Παιονίας
1429 1087 1508 1154 τῷ
1551 1081 1680 1158 ῥηγὶ
1711 1083 1800 1137 καὶ
1852 1083 2016 1158 πατρὶ

364 1176 645 1252 γεννηθεὶς
720 1181 949 1250 γυναῖκα
1006 1173 1144 1227 πάνυ
1211 1172 1413 1247 ὡραίαν
1474 1171 1533 1226 ἐκ
1601 1171 1867 1245 Κομάνων
1927 1172 2016 1227 καὶ

363 1263 755 1340 αἰχμάλωτον,
807 1263 882 1325 ὡς
927 1261 1204 1336 λέγουσιν,
1238 1259 1410 1331 ἐαυτῷ
1441 1258 1530 1315 διὰ
1573 1261 1636 1314 τὸ
1685 1259 1892 1322 κάλλος
1921 1261 2016 1336 ἀρ-

367 1352 678 1425 μυσάμενος
731 1351 993 1428 θυγατέρα
1048 1355 1227 1426 γεννᾷ.
1284 1349 1491 1420 Ταύτην
1559 1351 1632 1411 ὡς
1682 1348 1870 1424 εὐγενῆ
1925 1351 2017 1405 καὶ

363 1442 564 1497 ἐκτῶν
599 1441 916 1515 Λασκαρίων
967 1438 1340 1514 καταγομένην
1401 1437 1786 1513 συναρμόττειν
1846 1439 1874 1492 6
1927 1439 2018 1514 βα-

363 1530 548 1592 σιλεὺς
578 1525 841 1584 ἐϐούλετο
871 1530 950 1601 τῷ
980 1530 1103 1600 υἱῷ.
1159 1528 1262 1583 Καὶ
1295 1525 1362 1595 δὴ
1412 1527 1488 1590 εἷς
1533 1522 1819 1599 πρεσϐείαν
1871 1527 2017 1582 me.

361 1641 516 1695 γεται
548 1621 672 1694 περὶ
716 1619 924 1673 τούτων
955 1619 1047 1672 τὸν
1102 1617 1207 1671 ἀπὸ
1256 1617 1611 1692 πατριαρχῶν
1660 1621 1852 1670 τοῦτον
1883 1622 2016 1690 Γερ-

365 1711 528 1782 μανὸν
581 1709 669 1763 καὶ
729 1711 818 1764 τὸν
885 1707 1050 1782 μέγαν
1100 1705 1268 1761 δοῦκα
1314 1707 1403 1761 τὸν
1450 1706 1717 1780 Λάσκαριν
1758 1753 1771 1774 ,
1817 1705 2013 1780 ἔξωρον

361 1796 469 1868 ἤδη
522 1793 675 1869 ὄντα,
709 1795 798 1852 διὰ
829 1798 890 1851 τὸ
938 1796 1074 1872 πρὸς
1127 1795 1329 1850 ἐκεῖνον
1371 1795 1542 1850 αὐτοῦ
1583 1797 1858 1870 συγγενές’
1921 1801 2016 1850 τοῦ

360 1889 464 1962 γὰρ
519 1886 749 1941 πάππου
806 1887 897 1941 τὸν
949 1887 1120 1940 τόπον
1175 1889 1256 1956 τῷ
1313 1883 1438 1960 ῥηγὶ
1498 1881 1748 1960 ἐπλήρου
1780 1884 1877 1938 ὅσα
1925 1884 2015 1938 καὶ

361 1973 598 2053 ἀδελφὸς
659 1980 758 2029 τοῦ
818 1976 1058 2049 Λάσκαρι
1101 1973 1392 2046 βασιλέως.
1425 1975 1494 2029 Οἳ
1527 1971 1592 2042 δὴ
1625 1974 1716 2028 καὶ
1748 1973 2014 2028 ἀπελθόν-

359 2087 446 2127 τες
505 2069 644 2139 πεζῇ
699 2065 767 2120 τά
819 2071 918 2133 τῆς
977 2059 1260 2140 πρεσϐείας
1293 2061 1590 2138 ἐπλήρουν,
1645 2064 1732 2118 καὶ
1789 2066 1888 2133 τὴν
1920 2067 2017 2118 τοῦ

367 2155 541 2230 ῥηγὸς
575 2156 838 2229 θυγατέρα
888 2159 967 2225 τῷ
1023 2155 1127 2225 υἱῷ
1171 2151 1268 2207 τοῖ’)
1313 2153 1397 2225 [Ρ.
1427 2155 1554 2225 215]
1599 2151 1870 2228 βασιλέως
1926 2153 2016 2208 καὶ

369 2243 589 2318 βασιλεῖ
635 2244 858 2318 νύμφην
918 2244 1190 2322 φέρουσιν,
1331 2241 1398 2310 δὴ
1457 2243 1545 2296 καὶ
1597 2245 1794 2298 ’Ἅνναν
1842 2240 2018 2315 ὄνομα

366 2332 582 2402 τίθησιν
641 2333 668 2385 6
723 2336 963 2406 κρατῶν,
1021 2329 1110 2386 καί
1165 2337 1481 2405 περιφανεῖς
1509 2330 1637 2392 τοὺς
1676 2332 1886 2407 γάμους
1935 2353 2018 2386 τε·

361 2417 452 2474 λεῖ
513 2419 648 2495 αὐτῇ
694 2441 751 2476 τε
779 2421 866 2474 καὶ
923 2424 1002 2492 τῷ
1034 2421 1137 2492 υἱῷ
1178 2419 1266 2474 ἐπὶ
1322 2423 1419 2474 τοῦ
1468 2418 1612 2483 θείου
1642 2419 1730 2474 καὶ
1767 2417 2010 2496 μεγάλου

363 2639 522 2694 mani
555 2638 784 2710 generis
816 2655 885 2694 ex
929 2642 1113 2694 matre
1160 2637 1401 2694 trahens
1449 2636 1698 2693 senioris
1747 2637 2012 2694 Lascaris

367 2727 504 2782 lilia.
541 2727 685 2782 Huic
719 2727 873 2782 enim
904 2728 1056 2798 apud
1091 2742 1196 2782 nos
1223 2726 1568 2797 imperantis
1597 2730 1717 2783 tres
1752 2731 2012 2781 tantum-

365 2817 540 2872 modo
565 2816 696 2872 ﬁlias
723 2818 978 2885 fuerunt,
1015 2832 1263 2886 quarum
1291 2833 1406 2870 una
1427 2816 1547 2888 regi
1579 2825 1760 2887 nupta
1782 2816 2013 2872 Panno-

362 2903 472 2957 niae
490 2903 676 2974 ipsius
698 2903 799 2958 filii
823 2920 977 2958 nunc
996 2905 2016 2975 regnantisgenitrixexstitit.A|tera

366 2992 579 3048 Joanni
604 2993 727 3048 viro
751 2992 1066 3065 imperium
1093 3010 1126 3047 a
1148 3009 1346 3048 socero
1369 2993 1791 3048 transmissum
1815 3010 2012 3048 secum

2048 1758 2095 1822 B

2128 480 2234 535 χου
2285 464 2485 536 Ἰωσὴφ
2544 459 2966 536 εύλογήσαντος.
3027 459 3123 514 Καὶ
3183 460 3328 520 αὖθις
3375 464 3464 514 τοῦ
3509 460 3716 526 ἐπιόντος

2127 548 2279 614 ἔτους
2348 552 2520 622 μηνὸς
2564 555 2960 626 Μουνυχιῶνος
3021 547 3188 623 ὀγδόῃ
3226 546 3509 623 βασιλικῶς
3559 550 3716 614 αὐτοὺς

2127 638 2221 693 σὺν
2251 644 2332 712 τῷ
2353 645 2783 715 πατριαρχοῦντι
2835 640 2862 692 6
2920 637 3175 714 βασιλεὺς
3206 637 3295 692 καὶ
3341 640 3508 710 πατὴρ
3535 649 3721 714 ταινιοῖ,

2126 726 2215 782 καί
2247 729 2298 782 οἱ
2331 729 2403 789 ὡς
2457 727 2670 802 βασιλεῖ
2699 730 2766 783 τά
2821 732 2920 792 τῆς
2955 729 3238 799 θεραπείας
3296 728 3423 800 πρὸς
3477 727 3533 782 τὸ
3587 751 3722 802 μεγα-

2129 815 2403 893 λειότερον
2467 817 2778 875 ἁποτάττει.
2841 816 3034 874 Τάττει
3096 814 3152 870 δὲ
3182 817 3356 888 τούτῳ
3401 818 3485 870 καὶ
3508 818 3720 891 τρίατῶν

2129 907 2395 984 ὀφφικίων
2454 905 2604 968 ἰδίως
2663 911 2738 970 ὡς
2797 909 3080 982 ἀναγκαῖα,
3131 905 3340 960 καὶτὸν
3392 906 3481 976 μὲν
3527 903 3725 962 Λιῦαδά-

2129 1015 2245 1069 ριον
2275 998 2568 1069 πιγκὲρνην
2629 996 3051 1064 ἀποκαθίστησι,
3109 995 3202 1049 τὸν
3259 991 3314 1048 δὲ
3368 1015 3429 1067 γε
3481 996 3723 1068 Βρυέννιον

2127 1082 2212 1138 ἐπὶ
2249 1091 2348 1152 τῆς
2392 1085 2664 1159 τραπὲζης
2720 1089 2877 1157 τιμᾷ,
2937 1085 3026 1139 καὶ
3057 1083 3239 1159 τρίτον
3296 1084 3386 1138 τὸν
3434 1082 3488 1137 ἐκ
3532 1089 3726 1159 Χριστοῦ

2127 1171 2345 1235 πόλεως
2377 1173 2801 1247 Τζαμπλάκωνα
2847 1177 3008 1229 τατᾶν
3046 1180 3146 1243 τῆς
3198 1170 3367 1241 αὐλῆς
3412 1171 3562 1227 αὐτοῦ
3601 1171 3727 1248 ἐγκα-

2128 1265 2374 1332 θίστησιν
2413 1308 2424 1319 .
2487 1265 2821 1339 Εὐτρέπιστο
2883 1267 3070 1337 μέντοι
3127 1265 3308 1336 τούτῳ
3363 1263 3448 1318 καὶ
3506 1263 3731 1338 βακτηρία

2132 1352 2390 1428 βασιλική
2423 1361 2602 1429 χρυσῆ
2641 1352 2938 1426 ὑπόξυλος,
2995 1352 3047 1416 ἐς
3109 1351 3138 1408 ὃ
3187 1357 3400 1426 κρατεῖν
3427 1352 3610 1420 ταύτην
3659 1352 3728 1406 ἐπὶ

2125 1447 2233 1497 τῶν
2295 1443 2453 1506 θείων
2513 1441 2736 1516 ὕμνων,
2788 1443 2862 1505 ὡς
2919 1441 3081 1510 ἔθος,
3128 1441 3221 1495 σὺν
3279 1445 3357 1512 τῷ
3409 1441 3598 1514 πατρί.
3648 1442 3728 1495 Καὶ

2128 1530 2377 1608 ἐπράχθη
2432 1531 2522 1586 καὶ
2553 1529 2700 1603 τόδε,
2750 1532 2886 1602 ἅπαξ
2917 1531 2952 1601 ἢ
3000 1533 3091 1586 καὶ
3120 1529 3368 1604 δεύτερον
3419 1533 3452 1599 ἦ
3482 1533 3565 1584 καὶ
3591 1528 3727 1584 πλέον

2126 1623 2287 1692 ἡμῶν
2343 1617 2570 1674 ἰδόντων
2630 1625 2954 1695 κρατοῦντα.
2988 1623 3214 1676 Ἔπειτα
3247 1617 3398 1690 δόξαν
3428 1623 3502 1690 τῷ
3552 1618 3731 1693 βασιλεῖ

2127 1709 2280 1781 (μίαν
2309 1709 2412 1783 γὰρ
2445 1710 2576 1762 εἶναι
2624 1709 2723 1776 τὴν
2771 1709 2975 1784 ἀρχὴν,
3029 1708 3302 1783 βακτηρία
3349 1704 3406 1762 δὲ
3449 1713 3543 1775 τῆς
3586 1707 3733 1781 ἀρχῆς

2127 1791 2429 1870 σύμϐολον,
2465 1799 2665 1871 χρῆναι
2697 1798 2754 1850 νὶ
2784 1798 2873 1851 καὶ
2901 1796 3101 1866 ταύτην
3137 1795 3268 1869 μίαν
3302 1797 3452 1866 εἶναι)
3491 1792 3572 1849 διὰ
3594 1799 3730 1850 ταῦτα

2124 1887 2368 1956 ἠθέτητα
2410 1889 2594 1941 τοῦτο.
2646 1884 2839 1956 Ἐδόθη
2876 1882 2934 1940 δὲ
2980 1886 3069 1940 καὶ
3117 1885 3466 1958 προστάσσειν
3503 1885 3582 1938 καὶ
3629 1884 3732 1938 ὑπο·

2125 1973 2351 2052 γράφειν
2378 1974 2700 2050 βασιλικῶς,
2733 1972 2880 2042 πλῆν
2915 1973 2976 2029 ού
3005 1973 3360 2049 μηνολογεῖν,
3391 1973 3460 2034 ὡς
3493 1969 3617 2043 ἔθος,
3638 1976 3733 2033 τοῖς

2129 2062 2462 2139 βασιλεῦσιν,
2513 2062 2661 2119 ἀλλά
2706 2065 2926 2142 γράφειν
2981 2061 3025 2118 δ’
3083 2061 3325 2138 ἐρυθρῶν
3375 2061 3542 2133 οἰκείᾳ
3593 2060 3732 2136 χειρὶ,

2126 2177 2152 2204 ‹‹
2191 2149 2534 2228 Ἀνδρόνικος
2584 2154 2820 2226 Χριστοῦ
2870 2152 3056 2227 χάριτι
3103 2149 3360 2226 βασιλεὺς
3409 2149 3730 2224 Ῥωμαίων.»

2121 2243 2189 2296 Οἱ
2222 2239 2279 2296 δὲ
2325 2241 2462 2316 πρὸς
2488 2241 2580 2296 τὸν
2624 2240 2831 2314 πατέρα
2865 2243 2918 2295 οἱ
2949 2237 3102 2314 ὅρκοι
3131 2241 3224 2294 καὶ
3261 2237 3482 2314 βασιλέα
3513 2241 3630 2311 μετᾶ
3653 2239 3731 2306 τήν

2125 2330 2200 2392 εἷς
2245 2331 2374 2385 Θεὸν
2422 2329 2508 2384 καὶ
2565 2331 2665 2398 τήν
2729 2329 3056 2399 Ἐκκλησίαν
3118 2327 3404 2407 ἐγγράφως
3455 2326 3725 2406 ἀσφάλειαν,

2127 2419 2199 2481 ὡς
2239 2420 2314 2492 μή
2349 2414 2722 2490 ἐπιϐουλεύοι,
2755 2417 2880 2474 ἀλλ’
2929 2418 3310 2488 ὑποτάττοιτο,
3337 2419 3422 2473 καὶ
3455 2417 3564 2474 λίαν
3593 2416 3727 2493 ἀσφα-

2123 2655 2218 2695 mo
2236 2639 2379 2694 dum
2408 2655 2697 2710 suprema
2716 2637 2989 2711 dignitati
3019 2638 3595 2703 convenientem,th
3612 2653 3726 2708 pre-

2124 2728 2326 2783 ticiens
2395 2727 2669 2797 palatinis
2725 2729 3001 2799 Augusta:
3059 2727 3359 2798 majestati
3427 2725 3729 2784 necessariis

2123 2816 2354 2872 ofﬁciis.
2387 2817 2526 2872 Nam
2547 2817 3289 2887 Libadariumintperatoris
3303 2817 3430 2872 novi
3449 2817 3727 2885 pincernam

2123 2905 2455 2970 constituit,
2489 2905 2841 2978 Bryennium
2876 2911 3071 2960 autem
3104 2905 3415 2962 honoravit
3441 2905 3580 2962 819
3609 2919 3726 2974 prs:-

2126 2993 2349 3049 fectura
2380 3011 2596 3049 mensae
2627 2994 2826 3065 regiae;
2861 2995 3095 3050 tertium
3129 2995 3388 3066 denique
3416 3011 3482 3050 ex
3507 2993 3726 3049 Christo-

362 3081 580 3149 attulit;
606 3081 775 3136 tertia
801 3063 1054 3153 denique
1086 3081 1340 3137 Eudocia
1372 3099 1584 3154 magno
1615 3083 1769 3154 apud
1807 3084 2011 3136 urbem
2045 3063 2088 3131 (ἶ
2128 3082 2243 3154 poli
2275 3063 2759 3154 'lzamplaconem
2793 3084 2998 3138 Tatam
3031 3083 3178 3138 aulas
3212 3063 3404 3156 ipsius
3441 3081 3725 3138 declaravit.

361 3171 600 3226 domino
631 3170 850 3225 elocata
881 3174 987 3225 est.
1013 3170 1165 3226 8I8
1198 3171 1278 3225 Ex
1311 3171 1500 3242 prima
1529 3181 1692 3227 ortus
1722 3171 1822 3241 qui
1856 3187 2010 3226 nunc

361 3259 648 3330 regnabat
681 3259 736 3312 in
770 3259 1091 3328 Pannonia,
1127 3259 1282 3314 ﬁlius
1313 3265 1372 3314 et
1403 3259 1584 3316 haeres
1615 3261 1767 3330 regis
1811 3261 2011 3332 patris,

367 3363 604 3402 uxorem
638 3364 667 3401 e
697 3347 974 3401 Comanis
1005 3347 1294 3418 captivam
1326 3347 1488 3414 olim,
1523 3349 1622 3404 sed
1659 3348 1928 3418 insignis,
1954 3355 2016 3402 ut

367 3438 551 3503 aiunt,
591 3435 787 3489 forma
813 3436 1020 3490 merito
1045 3452 1076 3490 e
1098 3437 1381 3492 servitute
1405 3439 1458 3490 in
1488 3453 1729 3508 regnum
1754 3442 2012 3492 evectam

364 3525 606 3591 habuit;
640 3539 707 3578 ex
740 3541 923 3594 eaque
953 3525 1158 3596 genuit
1188 3523 1392 3592 filiam,
1426 3543 1602 3596 quam
1638 3531 1701 3579 ut
1753 3527 2014 3581 Romano

373 3613 690 3668 Lascaricm
713 3613 902 3684 gentis
929 3612 1302 3683 praenobilem
1331 3614 1619 3686 sanguine
1642 3616 1880 3686 dignam
1905 3615 2013 3669 im-

372 3709 609 3774 perator
638 3702 802 3755 duxit
849 3717 1022 3772 quam
1076 3701 1196 3756 tilio
1239 3707 1295 3756 et
1341 3703 1642 3771 designato
1691 3705 2013 3758 successori

365 3791 756 3862 desponderet
785 3791 1167 3862 suo.Legatos
1198 3791 1380 3861 igitur
1409 3792 1479 3846 ad
1515 3791 1670 3846 illam
1710 3792 2010 3864 postulan—

365 3882 499 3936 dum
525 3879 663 3934 illuc
685 3879 1264 3948 destinans,idoneos
1288 3881 1355 3935 ad
1382 3883 1496 3936 tale
1518 3882 1812 3952 negotium
1847 3889 2013 3953 puta-

365 3973 452 4025 vit
480 3970 948 4040 expatriarcbam
983 3970 1338 4026 Germanum
1391 3971 1681 4043 simulque
1730 3988 2012 4044 magnum

364 4062 571 4115 ducem
601 4058 919 4123 Lascarim,
955 4058 1350 4130 emeritasjam
1374 4059 1593 4116 licetac
1626 4078 1831 4131 parum
1865 4068 2011 4132 aptae

365 4150 639 4221 gerendis
672 4150 848 4203 rebus
874 4149 1062 4204 astatis
1091 4150 1283 4204 virum
1319 4166 1331 4204 :
1367 4151 1467 4204 sed
1501 4151 1666 4204 illum
1701 4152 1912 4205 eximie
1940 4153 2010 4205 ad

366 4238 516 4292 hanc
549 4237 786 4306 quidem
821 4237 1226 4292 tractationem
1262 4239 1696 4294 commendavit
1720 4256 1923 4296 nomen
1959 4247 2016 4295 et

364 4326 1009 4395 consanguinitas,qum
1033 4327 1086 4380 in
1114 4344 1305 4398 regem
1330 4328 1575 4398 virginis
1598 4331 1900 4400 poscenda
1927 4349 2014 4400 pn-

2123 3176 2370 3228 Paratus
2389 3172 2896 3242 Augustojuniori
2924 3189 3159 3245 quoque
3190 3179 3284 3229 est
3315 3172 3548 3228 baculus
3571 3171 3728 3241 regius

2123 3278 2266 3316 auro
2288 3261 2546 3316 exterius
2569 3262 3107 3325 obductus,intime
3137 3260 3569 3334 ligneus,quem
3600 3266 3727 3314 tene-

2124 3356 2212 3406 ret
2243 3351 2312 3405 de
2364 3367 2522 3406 more
2571 3367 2704 3405 cum
2753 3355 2938 3422 patre,
2990 3351 3227 3422 quoties
3278 3351 3487 3407 divinis
3536 3348 3725 3418 hymnis

2125 3440 2646 3511 interesset.ldque
2674 3441 2892 3495 factum
2918 3445 3008 3494 est
3029 3440 3452 3510 semel,iterum
3477 3438 3724 3494 autetiam

2125 3529 2362 3600 saepius,
2389 3529 2560 3584 nobis
2591 3528 2946 3584 videntibus.
2982 3528 3150 3584 Aliud
3191 3535 3393 3600 postea
3421 3529 3593 3584 visum
3635 3529 3725 3582 Au-

2125 3623 2296 3690 gusto
2321 3617 2714 3672 seniori.Nam
2742 3633 2874 3672 cum
2903 3623 3204 3687 reputaret
3237 3635 3420 3673 unum
3452 3633 3570 3672 esse
3596 3613 3724 3687 prin-

2125 3709 2715 3779 cipatum,utcunque
2742 3708 3244 3762 communicatum
3265 3705 3726 3780 principibusdun-

2131 3796 2264 3862 bus,
2299 3801 2599 3866 sceptrum
2634 3795 2863 3867 imperii
2917 3795 3253 3867 symbolum
3307 3811 3488 3850 unum
3533 3798 3723 3848 tantum

2123 3886 2353 3940 ostendi
2385 3886 2662 3954 deinceps
2721 3889 2987 3956 oportere
3013 3886 3267 3941 censuit.
3288 3887 3564 3942 Concessa
3585 3881 3724 3937 etiam

2124 3975 2459 4029 Andronico
2482 3978 2571 4028 est
2593 3973 2843 4029 facultas
2865 3975 3056 4030 edicta
3077 3971 3724 4040 condendi,subscriben-

2123 4065 2301 4133 dique
2323 4063 2544 4118 chartis
2558 4063 2673 4134 regi
2686 4062 2732 4117 is
2749 4067 2810 4117 ut
2825 4063 3209 4134 imperatores
3224 4062 3726 4132 solent,exceptata-

2124 4169 2255 4208 men
2287 4151 2654 4222 appositione
2686 4152 3114 4223 mensis,quam
3149 4153 3266 4208 sibi
3292 4155 3619 4208 reservatam
3647 4142 3724 4200 uni

2121 4241 2305 4297 voluit
2328 4242 2524 4296 senior
2557 4247 2887 4313 Augustus,
2919 4243 3002 4297 ita
3032 4247 3097 4296 ut
3127 4242 3250 4297 tilio
3283 4242 3342 4297 in
3376 4239 3603 4312 imperio
3634 4231 3727 4290 col-

2125 4333 2264 4404 legas
2299 4331 2499 4387 liceret
2529 4331 2721 4386 solum
2770 4336 3006 4388 extense
3056 4349 3122 4388 ac
3173 4333 3322 4388 citra
3369 4326 3724 4401 compendium

363 4422 511 4471 trem
546 4416 952 4470 auctoritatem
988 4418 1040 4472 ei
1082 4419 1252 4488 quasi
1303 4419 1391 4472 avi
1448 4418 1762 4485 tribuebat,
1817 4425 2019 4492 utpote
2050 4422 2095 4485 D
2130 4423 2384 4478 scribere
2407 4422 2640 4476 rubrica
2663 4437 2838 4476 manu
2870 4423 3183 4493 propriain
3208 4423 3367 4478 hunc
3393 4421 3726 4477 modum.An-

373 4522 652 4577 germano
675 4505 921 4577 Augusti
946 4507 1214 4562 Lascaris
1235 4507 1517 4577 genitoris
1538 4509 1664 4578 ejus
1690 4509 1914 4562 matris.
1952 4510 2017 4564 Hi

361 4596 631 4651 terrestri
668 4595 875 4650 itinere
907 4612 1023 4666 quo
1055 4597 1505 4652 destinabantur
1537 4597 1763 4670 peristi,
1791 4600 2021 4672 negotio

366 4703 396 4742 e
427 4685 724 4740 sententia
749 4687 1032 4752 confecto,
1061 4685 1220 4740 brevi
1247 4686 1489 4741 reduces
1514 4687 1693 4742 tiliam
1720 4689 2023 4743 memorati

371 4773 527 4843 regis
552 4789 825 4839 sponsam
863 4773 1160 4827 adducunt
1197 4773 1313 4828 filio
1339 4774 1734 4845 imperatoris,
1765 4777 1881 4846 jam
1912 4777 2021 4848 ipsi

371 4862 603 4933 imperii
640 4862 928 4932 participi.
977 4862 1195 4933 Virgini
1244 4869 1548 4936 Augustus
1599 4866 1794 4922 senior
1846 4869 2023 4920 Annae

371 4967 584 5006 nomen
611 4951 1072 5022 imposuit.Tum
1097 4951 1312 5007 illustri
1339 4971 1550 5024 pompa
1568 4960 1623 5010 et
1643 4955 2024 5026 magnificen-

369 5043 451 5096 tia
485 5042 782 5113 prarcipua
816 5043 1054 5114 nuptias
1083 5043 1210 5113 ejus
1239 5059 1370 5098 cum
1408 5060 1514 5100 suo
1546 5044 1662 5099 tilio
1713 5045 2027 5100 celebravit

377 5135 528 5202 apud
553 5149 828 5200 magnum
852 5133 1137 5204 templum
1163 5134 1386 5189 Sancta:
1409 5134 2027 5206 diviniVerbiSapien-

375 5223 493 5282 tiae.
518 5221 662 5276 bene
680 5227 952 5292 precante
970 5223 1133 5276 novis
1149 5222 1384 5293 sponsis
1400 5223 1654 5293 Josepbo
1674 5223 2026 5293 patriarcha.

378 5318 550 5365 Anno
582 5309 716 5364 inde
749 5317 964 5376 secuto,
996 5311 1089 5365 die
1135 5316 1340 5366 octava
1388 5311 1610 5367 mensis
1657 5313 2027 5379 Novembris,

380 5399 535 5470 regie
559 5399 769 5453 ambos
798 5399 920 5470 ipse
946 5406 1132 5470 pater,
1158 5405 1442 5470 praesente
1467 5417 1531 5455 ac
1554 5401 1738 5455 sacris
1758 5410 2031 5472 operante

385 5485 718 5556 patriarcha
774 5491 1093 5554 coronavit,
1152 5487 1540 5557 deincepsque
1589 5488 1917 5543 Andronico
1968 5493 2033 5545 ut

369 5575 494 5644 jam
547 5575 886 5645 imperatori
919 5575 1204 5632 familiam
1236 5582 1293 5634 et
1323 5576 1714 5634 ministerium
1757 5577 1918 5634 auxit
1969 5579 2030 5636 in

2130 4511 2407 4565 dronicus
2465 4509 2679 4564 Christi
2741 4511 2929 4582 gratia
2986 4512 3311 4583 imperator
3365 4512 3726 4566 Romanorum.

2129 4597 2475 4652 Juramenta
2507 4595 2717 4651 deinde
2751 4614 2779 4652 a
2815 4614 2961 4652 novo
2992 4601 3423 4671 Augusto,post
3451 4595 3725 4650 cautionem

2133 4687 2354 4757 scripto
2388 4687 2586 4739 datam
2620 4686 2690 4740 de
2723 4702 2830 4740 sua
2862 4687 2918 4740 in
2963 4688 3143 4742 Deum
3194 4693 3252 4742 et
3304 4684 3598 4742 Ecclesiam
3643 4678 3728 4731 ﬁdo

2133 4775 2556 4845 obsequioque,
2584 4779 2788 4830 exacta
2818 4785 2952 4829 sunt
2985 4775 3297 4846 talia,quse
3327 4774 3475 4830 clare
3503 4771 3728 4842 pietatem

2134 4871 2191 4920 et
2213 4863 2605 4918 obedientiam
2632 4863 2762 4934 ejus
2783 4879 2920 4935 erga
2946 4869 3171 4935 patrem
3198 4868 3520 4935 Augustum
3544 4857 3728 4928 plenam

2136 4952 2600 5022 inviolatamque
2623 4958 2990 5023 praestarent,
3024 4953 3300 5008 distincte
3323 4953 3466 5024 ipso,
3497 4948 3599 5003 Deo
3618 4945 3730 4997 teste

2138 5041 2448 5114 pollicente
2479 5059 2540 5096 se
2573 5059 2686 5096 non
2721 5041 3164 5109 insidiaturum,
3197 5059 3260 5098 se
3310 5042 3366 5096 in
3418 5034 3729 5106 subjectione

2137 5131 2386 5186 obnoxia
2440 5131 2847 5202 perstiturum.
2898 5132 3023 5187 Sub
3059 5132 3176 5186 haec
3207 5149 3237 5186 a
3269 5128 3479 5202 populo
3513 5130 3564 5179 et
3587 5119 3727 5175 eccle-

2140 5219 2396 5276 siasticis
2420 5220 2687 5290 juratum
2719 5220 2779 5275 in
2813 5222 2983 5276 verba
3012 5221 3144 5276 novi
3173 5219 3441 5292 Augusti.
3477 5214 3726 5271 Decrctum

2140 5325 2377 5380 quoque
2403 5309 2708 5380 pontifices
2734 5311 2843 5365 rite
2866 5309 3300 5381 pertulere,quo
3321 5299 3726 5364 excommunica-

2141 5397 2284 5452 tioni
2311 5397 2705 5468 subjiciebant
2726 5414 2858 5454 eum
2884 5399 3155 5470 quisquis
3178 5396 3448 5468 foret,qui
3478 5394 3530 5448 in
3560 5396 3724 5444 novum

2143 5490 2556 5560 imperatorem
2590 5490 2940 5560 insurgeret.
2976 5491 3036 5548 Id
3070 5495 3262 5547 actum
3295 5494 3380 5544 est
3409 5483 3619 5542 curante
3655 5489 3724 5527 se-

2145 5579 2589 5648 niore,fratrum
2616 5580 2994 5651 propriorum
3015 5580 3395 5638 ambitionem
3415 5563 3725 5644 suspectante
