4018 6198
268 340 364 395 769

1319 343 1418 396 DB
1455 342 1826 398 MICHAELE
1864 339 2310 398 PALEOLOGO
2345 344 2478 397 LIB.
2519 345 2616 397 IV.

3569 350 3677 404 770

270 467 374 527 λεῖς
433 459 778 537 προέϐαινον.
840 464 957 541 Ἐφ’
1012 466 1096 527 οἷς
1152 466 1204 519 οἱ
1261 469 1358 518 τοῦ
1390 464 1525 520 λαοῦ
1556 466 1691 541 πρὸς
1750 464 1908 519 αὐτὸν
1942 474 1991 538 Α
2023 486 2129 518 των
2195 467 2289 536 μὲν
2350 465 2743 540 εὐφημούντων
2774 467 2865 522 τόν
2914 468 3223 545 εὗεργέτην,
3280 476 3412 525 Θεοῦ
3444 470 3489 526 δ’
3526 476 3679 529 ὑπισ-

269 552 411 627 ὅρκοι
446 554 538 607 καὶ
574 554 626 607 οἱ
656 560 755 622 τῆς
789 550 1118 622 Ἐκκλησίας
1161 552 1421 627 ἐγίνοντο.
1472 555 1913 628 Ἐτομογράφουν

270 641 322 697 δὲ
374 642 469 696 καὶ
529 643 580 696 οἱ
641 642 939 718 ἀρχιερεῖς,
976 642 1063 695 ὑπ’
1090 642 1392 719 ἀφορισμὸν
1426 647 1706 703 ποιοῦντες
1736 643 1827 696 τὸν
1856 642 1915 703 ὃς

266 730 346 787 καῖ
406 730 736 798 ἐπανασταίη
787 731 866 801 τῷ
920 728 1157 805 βασιλεῖ.
1209 731 1345 805 Εἶχε
1395 731 1496 805 γὰρ
1548 730 1624 791 εἷς
1680 730 1913 803 ὑποψίαν

268 819 389 881 τοὺς
420 817 694 896 ἀδελφοὺς
725 817 825 887 ἔτι,
875 821 963 872 καὶ
1020 817 1235 890 μᾶλλον
1283 821 1373 874 τὸν
1410 817 1674 887 δεσπότην
1733 819 1915 875 Ἰωάν-

265 931 379 979 νην.
434 907 581 963 πολὺ
608 909 670 962 τὸ
703 908 900 983 θερμὸν
937 910 1061 983 παρ’
1112 908 1302 980 ἐκείνῳ
1354 906 1572 983 βλέπων
1602 908 1678 969 εἲς
1715 907 1916 981 μάχας,

265 998 351 1052 καὶ
408 998 508 1063 τὴν
566 998 703 1072 πρὸς
760 996 965 1051 ἐκεῖνον
1024 999 1171 1070 παρά
1208 998 1457 1051 ἁπάντων
1493 995 1583 1051 διὰ
1610 998 1672 1050 τὸ
1705 998 1919 1071 εὐεργε-

266 1088 412 1141 τικὸν
471 1086 728 1159 καὶπρὸς
787 1085 881 1148 τὰς
941 1084 1117 1147 δόσεις
1172 1087 1474 1160 πρόχειρον
1504 1091 1621 1148 τοῖς
1678 1086 1916 1139 αἰτοῦσιν

268 1174 671 1250 ἆγαΘοθέλεια-ι.
706 1171 869 1228 Οὐδὲν
904 1176 1008 1249 γὰρ
1040 1174 1183 1228 οὕτω
1217 1172 1410 1229 δουλοῖ
1450 1175 1545 1237 τὰς
1595 1173 1775 1249 ψυχὰς
1798 1178 1919 1235 τοῖς

264 1264 574 1337 ἀνθρώποις
624 1264 700 1326 ὡς
727 1266 762 1332 ἡ
798 1263 933 1336 μετά
963 1265 1192 1338 χάριτος
1238 1263 1476 1321 εὐποιία.
1530 1262 1632 1317 Κᾶν
1691 1263 1917 1341 ἀφέλοιο

260 1354 321 1408 τὸ
411 1352 743 1428 εὐεργετικὸν
827 1357 937 1407 τῶν
991 1353 1271 1427 ἀρχόντων
1304 1398 1318 1422 ,
1380 1353 1627 1428 εὑρήσεις
1682 1351 1915 1414 ἐκείνους

264 1440 615 1509 ἁλαλάζοντα
643 1440 918 1513 τύμπανα,
962 1441 996 1495 ’ἁ
1026 1440 1228 1497 κτύπον
1258 1438 1477 1517 ἔχουσιν
1529 1441 1580 1495 ἐν
1629 1446 1708 1514 τῷ
1766 1442 1916 1515 μᾶλ-

263 1530 360 1586 λον
398 1531 534 1585 εἶναι
563 1532 708 1584 κενά.
739 1529 892 1585 Οὕτω
941 1530 1028 1585 καὶ
1084 1530 1247 1607 λόγος
1277 1532 1401 1607 παρ’
1435 1532 1695 1607 ἄρχουσιν
1748 1533 1919 1606 ἄπρα-

262 1639 420 1687 κτος,
470 1624 716 1693 κρεῖττον
770 1621 830 1674 ’ὸν
876 1620 970 1674 τὸν
1027 1617 1323 1693 δυνάμενον
1382 1623 1438 1675 εὖ
1493 1626 1673 1675 ποιεῖν
1734 1621 1922 1695 πρᾶξιν

262 1704 416 1781 ἔχειν
449 1708 539 1761 τὸν
573 1706 740 1782 λόγον
773 1709 808 1779 ἢ
858 1707 1088 1783 λέγοντα
1139 1709 1306 1782 μόνον
1335 1710 1426 1763 τὸν
1460 1707 1701 1784 ἄρχοντα
1732 1708 1921 1783 ψεύδε-

263 1808 414 1859 σθαι.
476 1796 576 1853 Καὶ
624 1796 920 1872 μαρτύριον
963 1796 1189 1870 ἀψευδὲς
1245 1800 1300 1853 αἱ
1359 1797 1670 1874 ὠφελοῦσαι
1701 1800 1921 1875 βοτάναι

2026 554 2333 628 χνουμένου
2382 557 2444 609 τὸ
2508 555 2737 628 μέλλον.
2800 565 3055 612 ’Ίστωσαν
3110 557 3153 613 δ’
3197 558 3277 613 ὅτι
3336 560 3679 634 Πτολεμαίου

2030 645 2124 715 μὲν
2156 645 2243 697 καὶ
2292 643 2651 720 Ἀλεξάνδρου
2681 647 2893 701 καὶτοῦ
2943 649 3040 715 τὴν
3080 648 3356 723 βασιλείαν
3408 656 3476 723 τῇ
3529 651 3680 727 εὐερ-

2026 732 2176 803 γεσίᾳ
2207 734 2487 806 ὁρίζοντος
2517 736 2605 807 (οὐ
2653 736 2752 809 γὰρ
2806 731 2921 810 ἔχω
2971 737 3145 812 λέγειν
3194 736 3458 810 τοῦνομα,
3525 744 3682 812 οἶμαι

2029 820 2105 886 δὲ,
2164 828 2321 884 Τῖτος
2528 829 2694 877 ταῦτα
2750 824 2815 878 τὰ
2872 828 3156 899 χρήματα,
3215 824 3283 880 δι’
3346 826 3418 881 ὧν
3471 829 3681 890 ἑαυτοῖς

2028 911 2497 979 προσέοιήσαντες
2570 913 2667 978 τὴν
2734 912 2992 966 ἀθάνατον
3072 910 3315 969 εὔκλειαν
3388 918 3523 988 ἡμῖν
3591 916 3682 970 καὶ

2031 995 2181 1059 αὖθις
2240 998 2447 1075 ἀφῆκαν
2501 997 2668 1070 μηδὲν
2700 996 3124 1071 δαπανήσαντες.
3181 1003 3277 1056 Καὶ
3339 1004 3495 1066 οὗτός
3540 1004 3678 1059 ἐστιν

2027 1083 2371 1156 ἀδαπάνητος
2429 1086 2691 1157 πλοῦτος,
2742 1092 2775 1158 ἡ
2846 1090 3097 1159 εὐποιία,
3151 1094 3214 1159 ἣν
3273 1092 3475 1154 ἐκεῖνος
3535 1092 3679 1168 ἔχων

2027 1175 2166 1251 πρὸς
2191 1176 2390 1237 πάντας
2422 1178 2507 1230 καὶ
2546 1177 2678 1253 ὑπὲρ
2737 1177 2981 1252 βασιλεῖς
3031 1178 3327 1248 ἐκλεΐζετο.
3377 1184 3533 1237 Ταῦτ’
3583 1183 3684 1258 ἄρα

2028 1263 2116 1319 καὶ
2186 1264 2625 1337 ὁποπτευὸμενος
2702 1264 2889 1321 πολλα
2960 1274 3259 1341 παρῃτεῖτο
3327 1274 3432 1323 τῶν
3490 1268 3682 1328 ὄντων.

2030 1353 2145 1420 Τὴν
2176 1353 2276 1426 γὰρ
2308 1352 2491 1428 ἀρχὴν
2523 1353 2847 1429 ἐνεχωρεῖτο
2875 1354 3057 1427 τούτῳ
3110 1358 3183 1429 μὴ
3235 1356 3317 1411 ὅτι
3356 1356 3687 1432 βαρδαρειὼ-

2029 1461 2122 1503 τας
2149 1441 2237 1495 καὶ
2271 1442 2648 1516 κορτιναρίους
2685 1443 2849 1516 μόνον
2880 1443 2968 1498 καὶ
3001 1444 3126 1506 τοὺς
3178 1445 3263 1499 ἐπὶ
3295 1450 3389 1500 τοῦ
3421 1450 3687 1509 κοιτῶνος

2031 1529 2198 1606 ἔχειν,
2257 1530 2346 1585 καί
2402 1552 2465 1605 γε
2519 1530 2647 1594 τοὺς
2707 1532 2795 1587 ἐπὶ
2853 1540 2952 1601 τῆς
2984 1533 3313 1609 εἶσαγωγῆς,
3349 1534 3441 1597 οὖς
3476 1532 3542 1603 δὴ
3593 1534 3686 1589 καὶ

2032 1620 2441 1695 ἕταιρειάρχους
2473 1620 2745 1695 λέγουσιν,
2782 1621 2923 1676 ἀλλά
2980 1644 3031 1677 τι
3085 1624 3175 1677 καὶ
3214 1623 3385 1679 πλέον
3446 1629 3553 1679 τῶν
3586 1630 3686 1693 τῆς

2036 1708 2329 1784 βασιλικῆς
2384 1710 2670 1785 θεραπείας
2730 1711 3216 1787 συνεπιφέρεσθαι.
3276 1712 3428 1769 Ἀλλ’
3490 1714 3565 1775 εἷς
3624 1714 3685 1768 τὸ

2034 1799 2262 1871 πρόσθεν
2322 1798 2417 1852 ἷὼν
2480 1797 2766 1870 ἐξησθένει,
2823 1800 2890 1853 τὰ
2950 1802 3043 1873 μὲν
3106 1802 3265 1867 ἑκὼν,
3322 1802 3390 1855 τὰ
3440 1800 3486 1856 δ’
3545 1800 3688 1856 ἄκων

260 1886 350 1941 καὶ
381 1890 463 1957 τῷ
500 1886 605 1961 βίῳ
654 1890 761 1939 τῶν
815 1886 1115 1961 ἀνθρώπων
1166 1889 1463 1962 χρήσιμοι,
1495 1885 1643 1955 α’ίδὴ
1681 1857 1922 1961 σιγηλῶς
1957 1857 2003 1922 Β
2032 1888 2602 1965 προσαφαιρούμενος·
2652 1890 2743 1942 καὶ
2796 1889 2899 1962 γὰρ
2959 1889 3049 1943 καὶ
3105 1891 3167 1944 τὸ
3211 1890 3353 1945 πολὺ
3403 1898 3503 1961 τῆς
3533 1890 3683 1945 οἷκο-

260 1976 318 2029 τὸ
375 1974 628 2049 ὠφελοῦν
682 1977 761 2047 [Ρ.
793 1977 919 2048 216]
969 1974 1354 2051 προΐσχονται.
1409 1976 1475 2032 Εἰ
1516 1974 1572 2031 δέ
1626 1998 1776 2038 τινας
1828 1998 1918 2050 μι-

258 2063 552 2138 κρολόγως
599 2066 634 2133 ἡ
666 2069 774 2118 τῶν
802 2062 1105 2138 χρημὸίτων
1153 2066 1389 2120 ἀπουσία
1432 2065 1615 2135 λυπεῖ,
1668 2063 1920 2139 δειξάτω-

258 2176 354 2208 σαν
394 2153 595 2208 ἐκεῖνοι
624 2155 724 2223 τήν
754 2152 1075 2228 παρουσίαν,
1113 2154 1166 2209 τί
1220 2155 1358 2230 πρὸς
1415 2153 1621 2224 ἡδονὴν
1671 2150 1924 2229 συμϐάλ-

264 2242 445 2297 λεται.
484 2242 580 2296 Καὶ
612 2241 657 2297 εἷ
687 2239 893 2311 ἡδονὴν
920 2247 1159 2313 ζητοῖεν,
1202 2242 1403 2317 πολλῷ
1447 2243 1679 2300 κάλλιον
1725 2246 1827 2315 τήν
1874 2246 1921 2299 τ’

261 2330 569 2386 ἐνεστῶσαν
616 2329 762 2406 ἔχειν
810 2330 900 2386 καὶ
930 2332 1029 2400 τὴν
1088 2329 1398 2405 μέλλουσαν
1445 2332 1705 2403 ἐλπίζειν.
1758 2332 1925 2388 ἀπάνο

266 2549 648 2620 maximeque
671 2548 911 2622 despote
930 2550 1393 2623 Joannis,quem
1428 2553 1499 2608 ad
1534 2550 1766 2624 quidvis
1798 2567 1929 2623 spe-

265 2638 530 2693 randum
554 2637 783 2709 magnis
807 2639 1041 2695 videbat
1062 2640 1353 2711 prasidiis
1371 2642 1754 2710 instructum,
1772 2640 1931 2695 forti-

264 2727 503 2782 tudinis
527 2725 750 2783 bellica
773 2731 858 2784 tot
878 2728 1213 2800 praeliorum
1237 2730 1610 2786 successibus
1632 2734 1928 2802 spectatae,

268 2816 581 2887 studiique
605 2833 744 2889 erga
773 2834 907 2872 eum
941 2818 1219 2889 praecipui
1246 2820 1510 2874 omnium
1535 2825 1774 2892 prepter
1804 2820 1931 2889 ejus

265 2904 896 2961 benevolentissimam
922 2906 1076 2962 820
1103 2905 1161 2961 in
1196 2907 1466 2961 donando
1496 2911 1553 2962 et
1582 2906 1867 2977 quidquid
1899 2921 1933 2960 a

265 2993 490 3066 quovis
521 3003 828 3067 rogaretur
874 2995 1094 3067 prolixe
1142 2995 1527 3066 gratificando
1576 2995 1930 3067 largitatem.

263 3082 423 3137 Nam
448 3082 596 3136 nihil
620 3084 705 3138 sic
720 3083 951 3139 animos
974 3082 1308 3138 mortalium
1333 3083 1671 3139 hominibus
1696 3082 1935 3153 subjicit

266 3178 331 3227 ut
368 3172 764 3228 beneficentia
793 3176 956 3245 grate
988 3189 1053 3228 ac
1084 3171 1405 3227 liberaliter
1434 3173 1718 3240 exercita;
1751 3188 1927 3244 quam

266 3264 316 3316 si
354 3261 735 3333 principibus
768 3262 1106 3327 abstuleris,
1138 3261 1400 3317 invenias
1435 3262 1566 3317 illos
1590 3263 1747 3317 aliud
1782 3261 1929 3317 nihil

267 3352 394 3405 nisi
430 3356 714 3422 tympana
744 3350 1103 3417 resonantia,
1124 3368 1250 3422 qua
1274 3368 1339 3406 eo
1365 3350 1499 3423 plus
1527 3356 1797 3424 strepunt
1819 3368 1934 3422 quo

265 3440 474 3510 magis
506 3444 648 3493 sunt
676 3455 880 3494 vacua.
910 3439 1124 3494 Horum
1158 3439 1315 3495 enim
1349 3441 1511 3496 inani
1544 3458 1687 3495 sono
1713 3440 1936 3496 similia

266 3532 419 3582 sunt
442 3528 735 3599 promissa
755 3527 1087 3600 principum
1108 3528 1315 3584 effectu
1337 3535 1617 3601 sequente
1632 3530 1935 3595 destituta,

268 3632 417 3671 eum
456 3615 669 3670 melius
701 3615 875 3687 longe
906 3616 1003 3687 sit,
1033 3632 1166 3671 eum
1202 3617 1302 3687 qui
1337 3622 1525 3688 potest
1551 3618 1742 3689 reipsa
1775 3619 1935 3687 dare,

266 3704 431 3759 nihil
465 3704 735 3770 dicendo,
759 3705 859 3760 sed
884 3704 1008 3760 vice
1038 3706 1352 3761 verborum
1390 3722 1564 3777 opera
1590 3706 1936 3774 exhibendo,

266 3810 463 3866 quam
520 3793 893 3864 pollicentem
928 3811 1054 3866 qua
1108 3796 1352 3852 minime
1414 3796 1623 3851 deinde
1679 3800 1933 3867 praestet,

266 3882 609 3954 principem
663 3883 921 3938 mentiri.
967 3885 1152 3954 Hujus
1185 3884 1265 3940 rei
1314 3885 1693 3939 manifestum
1743 3900 1936 3939 exem-

267 3971 448 4044 plum
482 3971 677 4025 videre
731 3977 819 4026 est
852 3972 906 4025 in
942 3971 1139 4028 herbis
1187 3972 1430 4027 utilibus
1462 3972 1591 4027 vita:
1641 3971 1934 4043 humanae,

269 4059 651 4131 quaajuvant
679 4063 737 4114 et
778 4076 895 4115 non
929 4064 1250 4131 loquuntur
1298 4076 1623 4132 succosque
1670 4060 1937 4117 salubres

272 4150 481 4203 tacitas
510 4148 852 4203 ministrant
880 4165 1042 4217 suos,
1062 4167 1128 4205 eo
1150 4149 1434 4221 gratiores
1459 4167 1574 4222 quo
1604 4149 1936 4222 simplicius

269 4242 331 4293 et
360 4238 442 4292 ab
466 4236 789 4292 ambitione
810 4238 1165 4308 disjunctius
1188 4244 1450 4311 prosunt.
1481 4239 1698 4305 Quodsi
1722 4239 1937 4311 quibus

267 4342 455 4383 avare
485 4325 741 4382 sordidis
763 4327 921 4383 dolet
951 4328 1273 4399 abjungere
1302 4346 1336 4383 a
1366 4346 1428 4385 se
1467 4330 1733 4385 donando
1765 4345 1938 4399 pecu-

268 4417 468 4481 niam,
487 4417 659 4486 cujus
683 4433 715 4471 a
732 4423 1052 4488 conspectu
1078 4422 1309 4473 remotas
1331 4419 1691 4474 desiderium
1716 4417 1939 4473 scilicet

268 4521 398 4561 non
453 4506 669 4559 ferunt.
706 4505 745 4559 ii
776 4522 998 4575 quaeso,
1024 4506 1221 4562 dicant
1268 4523 1447 4577 quam
1501 4523 1697 4563 veram
1732 4512 1789 4562 et
1820 4524 1933 4561 non

269 4593 695 4664 imaginariam
753 4594 1116 4667 voluptatem
1182 4612 1562 4651 nummorum
1618 4595 1763 4666 ipsis
1823 4596 1933 4651 sub

268 4683 469 4739 oculis
500 4688 557 4739 et
588 4683 647 4738 in
681 4700 858 4739 manu
889 4686 1216 4756 positorum
1262 4686 1467 4741 all'erat
1513 4684 1844 4755 presentia.
1875 4685 1932 4739 Si

266 4773 537 4845 gaudere
569 4778 857 4843 quarunt,
890 4775 1040 4845 quod
1083 4775 1363 4846 gaudium
1408 4791 1475 4829 eo
1526 4776 1742 4844 majus,
1778 4775 1933 4845 quod

268 4862 369 4916 vel
404 4878 662 4932 praesens
693 4862 995 4934 largiendo
1028 4864 1347 4935 percipitur
1374 4863 1462 4917 vel
1494 4868 1651 4918 certo
1679 4863 1814 4919 inde
1846 4879 1936 4919 se-

270 4954 567 5005 cuturum
616 4951 928 5021 speratur?
970 4952 1249 5007 Homines
1272 4952 1397 5022 jam
1432 4967 1586 5007 nunc
1637 4951 1937 5007 beneﬁciis

272 5037 478 5093 alfecti
512 5039 915 5096 benefactores
947 5040 1474 5095 acclamationibus
1506 5042 1717 5095 faustis
1748 5040 1936 5096 laudi-

270 5127 516 5199 busque
555 5128 919 5184 dulcissimis
963 5128 1271 5183 cumulant
1302 5145 1315 5184 :
1351 5130 1500 5185 Deus
1532 5135 1727 5186 autem
1759 5130 1934 5185 etiam

271 5218 339 5272 in
370 5219 632 5273 futurum
658 5219 920 5291 ingentia
942 5236 1001 5275 se
1029 5234 1418 5291 repensurum
1461 5221 1759 5276 beneﬁciis
1794 5238 1936 5292 pra”:-

276 5309 409 5366 mia
438 5311 768 5366 confirmat.
796 5311 996 5367 Sciant
1026 5316 1222 5369 autem
1256 5314 1543 5383 ejusmodi
1567 5313 1937 5385 angustiani-

275 5400 366 5455 mi
408 5402 697 5473 principes
720 5419 904 5458 unum
928 5405 1109 5460 istum
1134 5406 1281 5477 ipsis
1309 5405 1606 5478 proprium
1629 5410 1685 5461 et
1707 5422 1825 5461 se'n
1840 5421 1940 5475 per

273 5505 637 5544 mansurum
653 5491 987 5548 divitiarum
1004 5499 1390 5550 constitutum
1407 5494 1936 5567 fructum,gloriam

273 5593 426 5650 qum
450 5594 517 5633 ex
547 5579 966 5639 distributione
996 5582 1263 5654 ipsarum
1293 5583 1353 5638 in
1377 5599 1576 5639 eorum
1610 5600 1821 5640 nomen
1856 5600 1935 5640 re-

266 5666 534 5726 dundat.
567 5668 710 5727 Nam
747 5669 969 5743 alioqui
1020 5671 1366 5729 Ptolemaus
1405 5672 1729 5729 Alexander
1752 5678 1809 5729 et
1842 5671 1941 5729 ille

2031 1976 2226 2048 νομίας
2260 1976 2534 2052 ἀφῄρητο.
2568 1980 2741 2041 Νῆσοι
2773 1979 2877 2052 γὰρ
2912 1982 3074 2032 πᾶσαι
3119 1979 3182 2033 τὸ
3237 1980 3524 2054 πρότερον,
3580 1982 3687 2036 Μιε-

2030 2065 2242 2136 τυλήνη
2277 2064 2423 2139 λέγω
2452 2066 2541 2120 καὶ
2589 2063 2800 2137 Ῥόδος,
2860 2067 2949 2121 καὶ
3000 2069 3134 2121 κατᾶ
3189 2075 3292 2142 γῆν
3339 2067 3572 2123 πλεῖστά
3624 2089 3683 2123 τε

2032 2154 2121 2209 καὶ
2176 2155 2397 2229 μέγιστά
2428 2156 2478 2209 οἱ
2522 2155 2597 2217 εἰς
2647 2153 2887 2231 αὐτάρκη
2936 2157 3196 2231 πρόνοιαν
3243 2158 3402 2226 ἦσαν,
3447 2153 3578 2212 Τότε
3628 2154 3685 2213 δὲ

2032 2243 2124 2297 καὶ
2163 2244 2262 2311 τήν
2315 2241 2568 2299 δουλείαν
2601 2244 2874 2318 ἐμφαίνων
2931 2245 3069 2320 πρὸς
3123 2247 3214 2299 τὸν
3274 2246 3467 2301 νεωστὶ
3528 2248 3685 2321 βασι-

2037 2330 2284 2402 λεύοντα,
2317 2329 2371 2386 εἷ’
2395 2332 2500 2387 πού
2531 2354 2581 2387 τι
2611 2332 2703 2387 καὶ
2748 2333 2823 2395 εἰς
2873 2331 3195 2408 φιλοτιμίας
3226 2335 3388 2409 λόγον
3421 2332 3686 2410 χλαμύδα

2040 2549 2193 2604 alius
2238 2550 2472 2621 (nomen
2524 2566 2680 2605 nunc
2730 2567 2844 2605 non
2895 2551 3194 2620 occurrit),
3221 2551 3320 2622 qui
3372 2550 3684 2607 utilitatem

2040 2639 2409 2710 principatus
2432 2637 2555 2693 sola
2592 2638 2911 2695 definiebat
2942 2639 3215 2696 facultate
3246 2640 3394 2696 bene
3425 2640 3691 2696 merendi

2039 2729 2108 2783 de
2141 2727 2481 2783 hominibus
2513 2728 2705 2799 (Titus
2736 2728 2961 2799 opinor,
2988 2729 3040 2784 is
3073 2730 3232 2799 fuit),
3262 2747 3361 2785 eas
3391 2730 3552 2801 ipsas
3587 2747 3688 2801 pe-

2040 2816 2266 2887 cunias,
2292 2818 2512 2887 quibus
2536 2816 2851 2888 largiendis
2874 2817 3199 2873 immortale
3225 2819 3525 2874 consecuti
3551 2823 3692 2874 sunt

2041 2907 2241 2972 decus,
2272 2905 2719 2976 inconsumptas
2753 2906 2968 2976 poteris
3000 2908 3303 2963 moriendo
3343 2909 3694 2962 transmise-

2043 2998 2200 3063 runt,
2217 3010 2402 3048 unum
2425 3010 2492 3047 ex
2518 2994 2661 3064 ipsis
2684 2993 2890 3048 lucrati
2918 2995 3138 3049 bonum
3163 2995 3575 3061 inamissibile,
3594 2996 3693 3051 be-

2042 3083 2385 3138 neficiorum
2423 3083 2634 3137 famam
2668 3086 2964 3137 aeternam.
2993 3086 3117 3146 Qua
3162 3083 3419 3138 Joannes
3452 3084 3694 3156 despota

1962 3193 2003 3260 α
2041 3170 2157 3225 late
2188 3170 2379 3226 clarus
2404 3172 2551 3227 821
2580 3172 2735 3243 apud
2760 3188 2987 3242 omnes,
3010 3172 3141 3243 plus
3165 3173 3340 3228 etiam
3370 3190 3547 3243 quam
3584 3174 3694 3228 im-

2043 3266 2339 3333 peratores
2372 3261 2504 3332 ipsi,
2540 3260 2984 3332 praedicabatur.
3010 3261 3156 3316 Hinc
3181 3260 3449 3316 videlicet
3477 3261 3536 3315 in
3559 3278 3693 3317 sus-

2044 3349 2302 3421 piciones
2342 3349 2679 3404 incurrebat
2728 3350 3130 3420 regnantium;
3165 3350 3380 3419 quibus
3432 3349 3515 3403 illi
3566 3349 3689 3404 sol-

2042 3439 2183 3494 liciti
2217 3438 2335 3492 acri
2380 3455 2521 3493 cura
2568 3438 2992 3493 incumbebant
3040 3439 3110 3493 ad
3159 3437 3585 3494 detrahendum
3618 3440 3690 3494 de

2045 3526 2255 3598 opibus
2278 3527 2406 3597 ejus
2430 3531 2751 3597 caeteraque
2780 3526 2986 3597 gloria,
3012 3531 3294 3598 quantum
3324 3527 3466 3581 citra
3498 3528 3693 3583 decla-

2046 3616 2157 3670 rati
2192 3616 2309 3671 odii
2336 3615 2630 3686 publicam
2656 3616 3079 3686 professionem
3108 3620 3362 3687 possent.
3385 3620 3531 3672 Cum
3556 3632 3691 3688 ergo

2048 3704 2335 3776 principio
2370 3720 2714 3759 concessum
2748 3703 2797 3759 ei
2832 3703 3040 3759 fuisset
3075 3720 3186 3758 non
3220 3705 3605 3760 Bardareotas
3637 3710 3695 3760 et

2045 3792 2389 3848 cortinarios
2422 3792 2610 3848 solum
2646 3809 2711 3847 ac
2758 3794 3059 3862 praefectos
3092 3792 3349 3847 cubiculi
3385 3793 3599 3847 habere
3634 3794 3690 3847 in

2048 3881 2376 3936 ministerio
2409 3880 2746 3949 domestico,
2776 3881 2875 3934 sed
2925 3883 2981 3935 et
3030 3880 3504 3943 admissionales,
3540 3896 3689 3951 quos

2045 3969 2459 4025 hetaariarchas
2492 3969 2718 4034 dicunt,
2751 3974 2807 4022 et
2842 3968 2889 4022 si
2922 3968 3062 4038 quid
3095 3967 3187 4022 his
3217 3967 3472 4038 amplius
3503 3967 3563 4022 in
3598 3985 3692 4021 re-

2045 4060 2139 4131 gio
2172 4060 2287 4114 fere
2314 4057 2588 4113 satellitio
2611 4061 2900 4123 censetur,
2933 4072 3287 4127 quocunque
3309 4057 3418 4112 iret
3439 4057 3693 4111 circum-

2047 4150 2258 4203 ducere
2306 4145 2487 4201 libere
2536 4146 2914 4216 permissum,
2948 4146 3220 4217 deinceps
3261 4144 3373 4200 ista
3423 4146 3693 4200 contrahi

2045 4237 2269 4294 sensim
2304 4252 2370 4291 ac
2413 4234 2685 4304 restringi
2716 4239 2904 4304 cmpta
2946 4242 3102 4298 sunt,
3137 4235 3309 4289 modo
3360 4234 3468 4289 hoc
3519 4235 3691 4290 modo

2046 4328 2160 4385 alio
2193 4343 2262 4381 ex
2293 4326 2411 4381 illis
2460 4324 2751 4395 privatum
2783 4325 3112 4380 excedentis
3160 4326 3396 4380 modum
3450 4325 3693 4380 honoris

2044 4416 2384 4488 insignibus
2432 4415 2665 4478 ablatis,
2699 4431 2855 4469 nunc
2902 4414 3048 4485 ipso,
3085 4416 3236 4486 quod
3291 4416 3371 4470 ita
3420 4415 3693 4485 expedire

2046 4506 2289 4561 sentiret
2318 4504 2550 4560 invidias
2590 4504 2901 4575 placandas,
2936 4508 3143 4575 sponte
3182 4504 3511 4570 abdicante,
3536 4520 3691 4558 nunc

2043 4595 2299 4651 dominis
2348 4594 2435 4649 vel
2488 4594 2559 4649 ab
2620 4593 2799 4648 invito
2854 4594 3274 4649 auferentihus.
3312 4594 3461 4658 Quin
3513 4593 3689 4648 etiam

2047 4685 2412 4757 splendorem
2453 4684 2583 4753 ejus
2633 4683 2947 4738 obscurare
2979 4682 3369 4738 domesticum
3406 4700 3517 4737 non
3552 4700 3688 4738 con-

2045 4774 2214 4839 tenti,
2248 4772 2557 4845 plerasque
2607 4771 2901 4825 attributae
2953 4770 3089 4825 olim
3142 4772 3447 4843 potestatis
3500 4778 3691 4842 partes

2046 4863 2329 4937 paulatim
2362 4862 2653 4933 carpendo
2686 4863 3083 4927 resumebant,
3109 4861 3286 4916 simul
3319 4862 3689 4934 dignitatem,

2047 4952 2222 5010 simul
2254 4952 2384 5022 ejus
2415 4950 2774 5005 sustinenda;
2808 4950 3212 5015 fundamenta,
3248 4955 3561 5022 proventus
3594 4968 3693 5023 pe-

2048 5043 2232 5100 cunia
2263 5057 2514 5104 annuos,
2548 5040 2933 5111 malignitatis
2965 5041 3092 5111 jam
3126 5040 3277 5096 male
3308 5028 3689 5095 dissimulatis

2049 5132 2289 5189 minime
2320 5130 2572 5185 obscura
2620 5130 2986 5201 grassatione
3036 5130 3388 5186 minuentes.
3424 5131 3573 5185 Datae
3606 5129 3691 5184 illi

2050 5223 2213 5295 prius
2241 5219 2448 5275 insulas
2482 5219 2711 5274 fuerant
2742 5219 3033 5291 pleraeque
3071 5235 3176 5275 nec
3219 5236 3423 5290 parum
3460 5220 3690 5284 uberes,

2047 5310 2340 5383 Mitylene,
2373 5309 2642 5380 inquam,
2664 5313 2721 5364 et
2752 5309 2986 5363 Rhodus
3010 5308 3275 5379 aliasque,
3304 5314 3429 5363 tum
3462 5308 3518 5361 in
3554 5324 3693 5361 con-

2047 5400 2254 5457 tinenti
2318 5398 2574 5471 plurima
2633 5398 3005 5470 maximaque
3052 5398 3364 5461 territoria,
3403 5398 3556 5451 unde
3606 5396 3691 5450 illi

2050 5490 2346 5546 mercedes
2371 5488 2439 5542 ad
2464 5487 2680 5541 victum
2705 5492 3133 5558 sumptumque
3157 5490 3429 5541 caeterum
3457 5484 3695 5555 amplis-

2050 5583 2211 5637 simae
2260 5578 2534 5634 redirent.
2568 5576 2808 5634 Cunctis
2857 5577 3017 5632 hisce
3050 5576 3324 5645 demptis,
3353 5591 3468 5629 non
3522 5576 3694 5632 modo

2050 5673 2108 5727 in
2143 5670 2431 5737 ordinem,
2462 5668 2564 5724 sed
2595 5671 2651 5723 et
2682 5667 2740 5721 in
2782 5672 2904 5722 tam
2951 5665 3233 5721 miserum
3269 5664 3571 5722 servitutis
3603 5683 3697 5723 re-
