4002 6198
305 338 410 394 771

1609 323 1911 380 GEORGII
1946 323 2409 378 PACBYMERB

3604 325 3711 382 7-72

307 461 453 534 παρὰ
507 450 772 532 βασιλέως
831 441 1124 520 ἐλάμϐανε,
1189 446 1360 520 μέγας
1539 451 1758 520 μικροῖς
1816 447 1948 518 ἰμα-
1978 450 2031 514 Α
2061 440 2177 500 ὄντι
2203 532 2213 534 ξ
2236 444 2436 519 χρόνος
2495 440 3064 534 ἐτρίϐετοᾷπλιῖστος,
3098 445 3196 500 οὐκ
3226 443 3330 501 οἶδ’
3361 447 3389 502 ’ὀ
3416 468 3473 502 τι
3503 447 3714 520 παθὼν,

305 532 448 607 τίοις
502 544 591 598 καὶ
651 541 725 602 είς
757 538 889 613 γόνυ
926 535 1086 610 μόλις
1140 532 1582 609 περιεστέλλετο,
1614 535 1704 589 καὶ
1736 537 1764 590 ὁ
1799 534 1949 609 ἥρως

305 637 507 694 ἐκεῖνος
541 631 627 686 ἐπὶ
683 634 792 683 τῶν
835 627 1145 700 ἀνακτόρων
1195 623 1338 680 πολὺ
1386 623 1550 678 πλέον
1601 630 1718 685 ταῖς
1769 622 1952 677 παιδι-

300 731 423 786 καῖς
455 723 796 797 ἀμπεχόναις
827 717 1174 794 ἐνηγλα”ίζετο
1327 721 1442 777 τοῖς
1500 713 1662 777 ἰδίοις
1696 716 1784 769 καὶ
1817 715 1953 769 κατά

300 813 505 886 τρόπον
559 816 656 867 τοῦ
707 811 962 882 σώματος
991 806 1232 883 ἔχουσιν.
1279 804 1466 866 Οὕτως
1515 805 1720 866 ἐκεῖνος
1754 804 1813 859 ἐκ
1845 809 1951 859 τῶν

303 902 404 974 ἔξω
435 902 525 957 καὶ
559 904 642 964 οἷς
671 899 864 967 ἐποίει,
894 899 994 966 τὴν
1025 894 1176 951 ἔνδον
1211 893 1445 958 διάθεσιν
1493 896 1580 949 καὶ
1615 892 1646 948 ἃ
1676 892 1951 969 ἐλογίζετο

301 991 709 1067 παρενέφαινεν,
761 987 898 1042 ὅπου
928 985 1017 1039 καὶ
1049 984 1216 1052 αὐτὴν
1268 981 1332 1049 δὴ
1381 984 1478 1050 τὴν
1515 979 1602 1036 διὰ
1660 980 1948 1056 μαργάρων

301 1065 615 1155 καλύπτραν
675 1076 764 1132 καὶ
820 1076 887 1130 τά
944 1073 1207 1146 ὀξύλευκα
1263 1070 1564 1146 παράσημα
1622 1065 1948 1136 ἀπεϐάλετο,

301 1171 442 1226 κατά
494 1168 696 1242 τρόπον
754 1166 812 1225 ὃς
870 1164 960 1219 καὶ
1024 1163 1138 1235 μετ’
1196 1161 1258 1215 οὐ
1317 1159 1462 1216 πολὺ
1523 1159 1839 1235 ῥηθήσεται,
1888 1159 1950 1213 τὸ

299 1259 552 1315 ταπεινὸν
585 1256 758 1327 ἐαυτῷ
788 1257 1039 1330 προνοῶν
1089 1249 1178 1306 διά
1226 1253 1289 1305 τὸ
1322 1249 1518 1305 ἐκεῖθεν
1573 1248 1809 1325 ἀσφαλὲς
1860 1249 1950 1302 καὶ

300 1351 479 1420 πάσης
510 1343 860 1422 καχυποψίας
891 1343 1180 1415 ἀνώτερον.

301 1462 371 1519 λ’.
432 1466 545 1520 Τοῦ
605 1458 848 1537 μεγάλου
919 1453 1290 1537 κονοσταύλου
1369 1458 1493 1537 τοῦ,
1531 1453 1951 1537 Ταρχανειώτου

374 1535 511 1610 πρὸς
593 1523 699 1588 τὸν’
772 1529 1028 1606 πενθερὸν
1121 1526 1287 1582 αὐτοῦ
1373 1523 1949 1598 Ἰωάννην”αὖτομό-

376 1607 559 1677 λησις.

375 1707 454 1778 [Ρ.
489 1704 614 1774 217]
649 1698 824 1757 Ἀλλά
853 1700 1116 1773 πρότερον
1149 1695 1184 1765 ἢ
1233 1699 1395 1751 τοῦτο
1428 1695 1684 1771 ῥηθῆναι,
1726 1695 1787 1749 τὸ
1817 1693 1952 1748 κατὰ

2201 532 2242 553 δ’

2063 535 2137 596 ὡς
2197 532 2242 589 δ’
2275 536 2302 588 ὁ
2331 540 2440 589 τῶν
2472 533 2698 589 πολλῶν
2752 532 2916 610 λόγος
2946 529 3084 610 ἔχει,
3117 539 3193 608 τῷ
3223 534 3446 611 ἀδελφῷ
3479 537 3713 613 Μιχαὴλ

2064 624 2268 699 ὑστέρῳ
2329 645 2389 697 γε
2448 620 2560 678 ὄντι
2612 624 2776 678 αὐτοῦ
2821 625 2894 686 εἷς
2949 628 3115 699 μέγαν
3167 621 3494 698 δομέστικον
3550 648 3715 682 καταο

2062 715 2244 769 στάντι
2297 712 2530 789 ἐγκοτῶν
2577 713 2843 782 ἐκτόπως,
2879 712 2947 768 δι’
2979 715 3140 769 αὐτὸν
3188 713 3244 769 δὲ
3293 716 3386 769 καὶ
3413 721 3496 788 τῷ
3545 719 3713 789 τιμήο

2064 825 2234 870 σαντι,
2273 801 2480 878 βουλὴν
2518 802 2836 878 βουλεύεται
2871 803 2989 858 λίαν
3020 804 3250 879 αἷσχράν
3281 806 3372 860 καὶ
3401 811 3501 860 τοῦ
3531 807 3719 882 γένους

2060 893 2296 964 ἀναξίαν.
2351 892 2442 954 Εἷίς
2481 896 2601 947 νοῦν
2653 892 2756 969 γάρ
2813 891 3161 968 βαλλόμενος
3208 893 3540 966 αὐτομολεῖν
3583 896 3718 968 πρὸς

2058 984 2150 1038 τὸν
2183 981 2464 1057 πενθερὸν,
2515 980 2630 1036 ἐπεὶ
2661 981 2713 1036 ἐν
2763 984 3083 1037 καταστάσει
3130 988 3237 1038 τῶν
3289 982 3402 1039 ἐκεῖ
3458 983 3718 1060 πραγμά-

2058 1076 2169 1126 τῶν
2223 1071 2391 1125 ὅντων
2427 1070 2525 1125 οὐκ
2553 1071 2754 1126 ἀνυστά
2783 1073 2835 1126 οἱ
2879 1072 2947 1126 τὰ
3000 1079 3102 1142 τῆς
3135 1073 3473 1146 αὐτομολίας
3521 1071 3714 1148 διέγνω

2060 1159 2362 1236 γίγνεσθαι,
2429 1167 2528 1230 τὴν
2600 1160 2689 1216 ἐπὶ
2754 1165 2853 1226 τῆς
2910 1162 3112 1236 πέτρας
3170 1163 3374 1232 σηπίην
3439 1169 3712 1236 μιμεῖται.

2063 1251 2277 1321 Ἐκείνη
2327 1252 2431 1325 γάρ
2491 1251 2601 1323 (καὶ
2634 1256 2827 1306 σιωπῶ
2853 1252 2944 1306 τὸν
2981 1253 3202 1330 φυσικὸν
3258 1252 3423 1329 λόγον
3469 1251 3582 1328 οὐχ
3637 1254 3713 1316 ὡς

2062 1339 2326 1416 ἐξέρασμα
2356 1340 2419 1395 τὸ
2471 1339 2638 1413 μὲλαν
2691 1338 3021 1416 δοχόμενον,
3055 1340 3182 1398 ἀλλ’
3213 1342 3467 1398 ἀκούσιον
3501 1340 3714 1418 διαχώ-

2061 1449 2214 1502 ρημα
2247 1428 2366 1504 ῥυὲν
2428 1428 2680 1506 ἐξαίφνης
2733 1434 2813 1501 τῷ
2867 1425 3023 1506 φόϐῳ
3083 1428 3524 1503 συστελλομένης
3581 1433 3715 1486 καθο

2060 1520 2274 1587 εκτικῆς
2309 1515 2617 1591 δυνάμεως,
2666 1517 2712 1590 ᾧ
2743 1515 2810 1588 δὴ
2844 1519 2933 1572 καὶ
2984 1514 3398 1592 συμϐεϐηκότος
3446 1521 3511 1575 τὸ
3573 1525 3712 1590 ζῶον

2059 1607 2136 1669 εἷς
2173 1608 2427 1681 βοήθειαν
2461 1614 2667 1682 χρῆται
2691 1607 2779 1662 καὶ
2812 1606 3098 1684 ἀποφυγὴν
3129 1611 3236 1662 τῶν
3268 1605 3505 1681 δεινῶν),
3536 1608 3714 1680 ἐκείνη

2057 1696 2242 1751 τοίνυν
2295 1696 2525 1761 θέλουσα
2576 1696 2786 1771 φεύγειν
2823 1696 2951 1759 τοὺς
3002 1699 3240 1772 θηρατάς
3285 1697 3463 1770 ἐξεμεῖ
3519 1698 3572 1752 ,ὸ
3624 1698 3720 1770 μὲ-

299 1794 394 1848 τὸν
451 1792 616 1866 μεγαν
665 1785 1033 1843 κονοσταῦλον
1087 1785 1180 1858 τὸν
1213 1784 1641 1860 Ταρχανειώτην
1675 1779 2029 1886 Ἀνδρόνι-Β
2060 1784 2158 1840 λαν
2212 1786 2300 1840 καὶ
2357 1787 2450 1841 τὸν
2506 1785 2719 1841 πόντων
2781 1787 3026 1861 συγχέει,
3083 1787 3174 1841 καὶ
3236 1787 3377 1842 οὕτω
3437 1785 3596 1862 ῥᾳδία

301 1903 397 1937 κον
448 1880 538 1936 καὶ
595 1879 811 1952 ἀνεψιὸν
860 1881 958 1931 τοῦ
1013 1878 1343 1950 κρατοῦντος
1404 1872 1665 1949 λεγέσθω.
1715 1874 1952 1948 Ἔφθασε

305 1972 399 2043 μὲν
451 1971 478 2025 ὁ
534 1969 696 2042 λόγος
727 1966 816 2022 καὶ
848 1961 1096 2040 γαμϐρὸν
1132 1961 1374 2034 ἀπέδειξε
1402 1966 1592 2017 τοῦτον
1628 1965 1724 2016 τοῦ
1774 1961 1950 2015 Δούκα

301 2061 559 2115 Ἰωάννου
588 2057 678 2112 καὶ
709 2057 759 2127 ἐξ
810 2056 1134 2128 ἀξιωμάτων
1187 2048 1705 2125 σεϐαστοκράτορος·
1756 2051 1949 2123 Τούτῳ

299 2151 480 2204 τοίνυν
538 2148 605 2204 τά
651 2147 788 2202 κατά
832 2146 933 2214 τὴν
987 2139 1311 2218 Ὀρεστιάδα
1340 2163 1398 2196 τε
1449 2141 1538 2195 καὶ
1581 2139 1648 2195 τά
1697 2137 1949 2214 ἒιιδότερα

294 2242 393 2293 τοῦ
448 2236 628 2310 Αἵμου
668 2234 1083 2310 ἐπιτετράφατο,
1141 2231 1231 2286 καὶ
1287 2234 1352 2300 ἦν
1415 2230 1560 2301 αὐτῷ
1611 2227 1823 2301 σύναμα
1878 2232 1945 2303 τῇ

298 2325 511 2405 γυναικὶ
565 2324 808 2398 κάθισμα
863 2324 898 2391 ἡ
961 2318 1439 2396 Ἀδριανούπολις.
1489 2319 1577 2380 Ὠς
1615 2322 1746 2393 γοῦν
1778 2316 1950 2373 ἐκεῖσε

299 2545 505 2599 dactus
536 2543 626 2596 est
655 2539 930 2611 gradum,
962 2541 1028 2592 ut
1062 2535 1257 2608 palam
1298 2537 1425 2607 jam
1459 2537 1797 2590 cerneretur
1826 2550 1955 2590 am-

302 2632 428 2688 bire
461 2629 652 2684 aulica
706 2627 1017 2684 sedulitate
1049 2627 1387 2697 Augustum
1433 2623 1755 2695 juniorem,
1789 2639 1855 2678 ac
1903 2623 1951 2678 si

303 2721 541 2792 quando
575 2718 625 2774 is
675 2717 810 2789 ipsi,
847 2715 1005 2773 velut
1051 2715 1112 2769 in
1161 2713 1469 2786 premium
1517 2713 1807 2784 obsequii,
1841 2712 1950 2768 ali-

303 2826 482 2882 quam
516 2825 548 2864 e
578 2807 701 2862 suis
744 2805 1112 2878 chlamydem
1146 2804 1410 2868 donaret,
1442 2806 1771 2858 reverenter
1799 2801 1954 2858 acci-

303 2903 468 2970 peret
527 2898 935 2965 indueretque,
986 2893 1098 2949 etsi
1155 2909 1250 2959 ea,
1303 2891 1517 2964 quippe
1575 2891 1644 2946 ad
1705 2891 1952 2946 formam

305 2988 567 3044 nondum
601 2985 769 3058 plene
800 2983 985 3040 adulti
1017 2983 1324 3052 adaequata
1344 2981 1628 3052 corporis,
1653 2979 1794 3049 viro,
1816 2996 1955 3050 qua-

305 3075 378 3131 lis
419 3079 545 3131 erat
592 3075 739 3144 ipse,
775 3072 1041 3145 perfectae
1089 3071 1279 3127 aetatis
1324 3075 1678 3140 staturmque
1728 3068 1955 3124 altioris

2063 1878 2143 1949 [P.
2184 1879 2310 1949 218]
2359 1873 2619 1952 φυγαδείᾳ
2675 1883 2901 1950 χρῆται.
2965 1876 3226 1938 Κάκεῖνος
3274 1882 3500 1952 συγχεῖν
3536 1874 3715 1940 θὲλωι

2055 1967 2123 2020 τά
2151 1963 2448 2039 πράγματα
2497 1965 2570 2028 ὡς
2623 1964 3041 2040 βοηθησόμενος
3091 1966 3228 2042 πρὸς
3256 1967 3355 2035 τὴν
3409 1968 3584 2043 φυγὴν

2057 2052 2336 2128 συγχύσει.
2390 2054 2661 2129 Τοχάρων
2707 2052 2943 2124 ἐξελθεῖν
2990 2055 3142 2129 γένος
3188 2056 3604 2128 παρασκευάζει,
3664 2054 3719 2109 οἳ

2055 2142 2145 2197 καὶ
2205 2143 2455 2220 φανέντες
2511 2145 2610 2212 τήν
2662 2146 2764 2219 γῆν
2796 2149 2972 2198 πᾶσαν
3004 2143 3213 2214 ἐκείνην
3247 2143 3463 2199 ἐπὲΘεον
3499 2144 3572 2206 ὡς
3625 2143 3714 2198 ἐπὶ

2055 2227 2232 2304 κέρδει
2291 2231 2710 2306 συγκληθέντες.
2758 2235 2829 2290 ’Ἀ
2885 2231 3066 2287 τοίνυν
3099 2233 3290 2288 ἐκεῖνοι
3342 2233 3406 2288 τὸ
3453 2229 3717 2303 τηνικάδε

2055 2317 2188 2382 τοὺς
2217 2319 2537 2395 ἀνθρώπους
2565 2319 2809 2398 ἔδρασαν,
2845 2319 2988 2377 ἰδίαν
3020 2323 3237 2377 ἀπαιτεῖ
3293 2319 3510 2397 σχολὴν
3569 2323 3712 2397 πρὸς

2062 2540 2326 2609 tempore
2356 2543 2642 2609 versatus,
2676 2542 2915 2609 repente
2957 2538 3158 2596 nescio
3189 2537 3327 2611 quid
3377 2554 3616 2610 passus,
3651 2543 3718 2595 ut

2063 2641 2198 2681 vero
2230 2626 2494 2699 plerique
2541 2628 2727 2695 aiunt,
2761 2627 2964 2684 audita
3009 2631 3376 2701 promotione
3409 2627 3716 2685 Michaelis

2065 2715 2260 2772 fratris
2291 2716 2382 2772 sui
2415 2716 2664 2772 minoris
2693 2717 2750 2772 in
2774 2717 3119 2789 dignitatem
3155 2717 3352 2788 magni
3381 2717 3710 2784 domestici,

2067 2805 2489 2862 incredibiliter
2517 2806 2779 2862 offensus
2820 2811 2940 2863 tam
2991 2806 3103 2878 ipsi
3153 2823 3329 2877 quam
3363 2806 3415 2862 ei
3446 2823 3480 2861 a
3513 2823 3634 2878 quo
3663 2806 3715 2864 is

2063 2894 2256 2949 fuerat
2287 2895 2344 2949 in
2379 2899 2556 2951 istum
2606 2899 2838 2952 evectus
2883 2897 3154 2967 gradum,
3189 2897 3259 2951 ad
3294 2895 3712 2967 cogitationem

2064 2983 2233 3039 valde
2265 2984 2709 3056 vituperabilem
2743 2987 2800 3040 et
2829 3001 3040 3056 genere
3068 2984 3369 3054 indignam
3395 3001 3503 3039 suo
3527 2983 3714 3056 appli-

2065 3077 2158 3128 cat
2203 3073 2493 3139 animum,
2544 3074 2856 3129 consilium
2915 3073 3104 3128 iniens
3159 3073 3592 3142 transfugiendi
3642 3073 3711 3128 ad

306 3182 516 3237 parum
551 3162 904 3219 conveniret.
940 3163 1084 3233 Ergo
1125 3161 1350 3216 videres
1399 3159 1577 3215 heroa
1623 3157 1790 3212 illum
1824 3162 1950 3212 tan-
1985 3176 2027 3243 ρ
2067 3178 2357 3218 socerum.
2392 3165 2539 3230 Quia
2568 3179 2700 3218 vero
2749 3162 3090 3234 tranquillo,
3125 3166 3189 3218 ut
3230 3167 3373 3218 tunc
3403 3167 3594 3232 erant,
3627 3179 3714 3218 re-

303 3259 432 3310 tum
467 3269 571 3324 per
619 3253 837 3323 regiam
885 3251 1084 3306 fratris
1125 3249 1317 3304 aulam
1369 3248 1552 3303 curtis
1609 3253 1665 3302 et
1711 3245 1954 3320 paulum

303 3343 478 3397 modo
510 3340 925 3396 excedentibus
975 3338 1292 3410 puerilium
1343 3353 1681 3393 mensuram
1724 3337 1952 3392 tunica-

303 3447 437 3485 rum
497 3445 768 3500 zegreque
825 3428 894 3482 ad
958 3443 1148 3497 genua
1210 3427 1520 3497 promissis
1578 3443 1708 3481 sese
1767 3425 1953 3481 multo

303 3520 500 3589 majus
531 3534 596 3572 ac
645 3515 926 3571 libentius
966 3520 1263 3570 ostentare
1292 3514 1556 3569 vestibus
1589 3531 1766 3584 quam
1819 3530 1955 3585 pro-

300 3606 444 3678 priis
487 3622 516 3661 e
563 3621 670 3660 suo
720 3604 1042 3660 domestico
1097 3603 1484 3674 depromptis,
1518 3619 1744 3674 suoque
1791 3602 1952 3658 vide-

300 3695 438 3752 licet
495 3695 686 3765 ipsius
745 3693 1038 3764 adaptatis
1106 3693 1280 3747 modo
1341 3691 1618 3763 corporis.
1679 3692 1773 3747 Sic
1832 3691 1949 3758 ille,

301 3801 420 3856 qua
451 3785 603 3840 322
640 3783 873 3855 penitus
904 3787 1060 3838 esset
1089 3783 1148 3836 in
1191 3780 1387 3836 animo
1419 3781 1682 3848 affectus,
1718 3781 1950 3836 modes-

300 3880 420 3929 tam
457 3875 731 3943 fastuque
775 3871 1134 3943 superiorem
1188 3869 1348 3926 omni
1380 3869 1797 3924 demissionem
1847 3869 1949 3924 ha-

300 3963 425 4018 bitu
463 3962 754 4034 factisque
783 3959 1076 4033 gaudebat
1125 3958 1380 4015 exterius
1423 3961 1699 4030 proferre.
1735 3962 1857 4025 Quo
1891 3960 1950 4015 in

297 4067 510 4124 genere
541 4057 775 4124 tegmen
806 4066 1042 4122 quoque
1087 4049 1296 4121 capitis
1336 4049 1671 4120 margaritis
1703 4049 1950 4104 distinc-

299 4148 428 4200 tum
460 4149 516 4199 et
547 4161 617 4199 ex
648 4160 815 4198 roseo
845 4142 1157 4198 candentia
1195 4142 1468 4213 deposuit
1511 4142 1765 4214 insignia
1796 4141 1951 4197 ultro

302 4249 371 4288 ac
402 4232 626 4297 volens,
661 4236 726 4286 ut
760 4231 932 4301 paulo
979 4235 1111 4300 post
1152 4231 1396 4299 dicetur,
1431 4230 1789 4300 obsequiosaa
1822 4247 1949 4285 mo-

302 4322 503 4376 destiae
537 4321 845 4386 instinctu,
878 4319 1164 4375 humilem
1197 4319 1255 4373 in
1287 4337 1350 4374 se
1380 4319 1633 4391 speciem
1675 4321 1953 4374 affectans

305 4413 543 4480 propter
592 4413 885 4479 speratam
917 4425 986 4462 ex
1015 4425 1078 4463 ea
1130 4407 1502 4462 securitatem
1552 4412 1609 4463 et
1662 4407 1948 4462 malarum

306 4499 381 4553 de
411 4514 473 4553 se
503 4497 907 4568 suspicionum
941 4495 1313 4552 abolitionem
1348 4495 1603 4568 plenam.

390 4659 478 4715 30.
513 4658 706 4728 Magni
733 4658 1046 4714 conostauli
1079 4658 1451 4713 Tarchaniotz
1482 4657 1563 4712 ad
1587 4658 1856 4714 Joannem

686 4733 862 4802 ipsius
892 4746 1135 4786 socerum
1166 4731 1563 4800 transfugium.

376 4855 487 4911 Sed
523 4855 635 4911 ista
668 4854 1010 4926 priusquam
1063 4855 1388 4923 referimus,
1421 4853 1493 4908 de
1531 4870 1744 4926 magno
1776 4871 1948 4910 cono-

308 4944 502 5000 staulo
533 4944 866 5000 Andronico
891 4943 1284 4999 Tarchaniota
1315 4942 1531 4998 sororis
1554 4945 1800 5015 Augusti
1831 4944 1949 5000 ﬁlio

305 5035 556 5089 dicatur.
583 5034 748 5089 Hunc
772 5032 944 5106 paulo
967 5033 1240 5103 superius
1271 5032 1644 5087 narravimus
1669 5048 1950 5103 generum

299 5122 486 5179 fuisse
519 5124 738 5178 factum
779 5123 945 5178 ducis
976 5123 1238 5189 Joannis,
1270 5121 1556 5192 dignitate
1589 5121 1948 5177 sebastocra-

301 5211 447 5267 toris
482 5229 494 5266 :
530 5229 699 5284 porro
731 5212 917 5267 eidem
953 5214 1085 5283 post
1127 5211 1272 5265 istas
1305 5210 1540 5280 nuptias
1570 5210 1789 5264 credita
1821 5211 1949 5266 fue-

299 5305 391 5356 rat
421 5301 772 5373 gubernatio
805 5300 1136 5372 provincim,
1172 5316 1301 5370 quae
1351 5302 1558 5368 praeter
1587 5297 1949 5355 Orestiadem

295 5397 356 5447 et
404 5392 735 5462 adjacentes
785 5390 924 5445 huic
969 5394 1157 5444 terras
1207 5388 1387 5442 atiam
1436 5385 1719 5442 interiora
1768 5387 1946 5444 Haemi

297 5480 739 5551 complectitur;
775 5495 892 5550 qua
922 5494 1063 5532 cura
1093 5485 1154 5532 ut
1184 5475 1555 5532 commodius
1595 5491 1663 5530 ex
1711 5477 1949 5548 propin-

301 5585 418 5639 quo
450 5569 813 5640 fungeretur,
846 5565 1126 5621 domicilii
1160 5565 1359 5621 sedem
1397 5564 1772 5637 Adrianopoli
1807 5567 1949 5624 ﬁxe-

296 5661 408 5722 rat,
457 5657 560 5713 ubi
607 5671 742 5710 cum
805 5670 981 5710 uxore
1044 5655 1402 5711 morabatur.
1455 5653 1542 5709 Ibi
1598 5653 1771 5727 longo
1823 5658 1949 5728 jam

2065 3269 2196 3306 rum
2230 3257 2385 3306 statu
2418 3256 2546 3308 tuto
2593 3256 2767 3323 atque
2812 3252 3056 3324 impune
3102 3251 3161 3306 id
3213 3269 3275 3307 se
3330 3253 3520 3308 facere
3551 3269 3717 3324 posse

2063 3340 2435 3411 desperabat,
2469 3357 2585 3412 quo
2633 3341 2682 3394 ei
2717 3356 2786 3396 ex
2815 3341 3108 3396 sententia
3162 3340 3462 3412 negotium
3516 3357 3716 3397 succe-

2062 3430 2243 3492 deret,
2279 3430 2500 3501 sepiam
2533 3430 2851 3485 hazrentem
2883 3434 3056 3501 petrae
3080 3429 3191 3485 sibi
3215 3429 3442 3501 putavit
3471 3429 3711 3487 imitan-

2061 3520 2219 3575 dam.
2248 3520 2329 3575 Ds
2359 3520 2540 3591 hujus
2563 3519 2846 3590 aquatica:
2873 3519 3193 3574 animantis
3226 3523 3438 3575 natura
3468 3520 3711 3576 breviter

2063 3610 2254 3664 dicere
2285 3625 2397 3664 non
2431 3608 2655 3674 omitto,
2686 3609 2841 3679 quod
2885 3607 2988 3679 qui
3030 3609 3417 3664 observarunt
3462 3608 3707 3680 diligen-

2062 3699 2204 3766 tius,
2231 3699 2468 3752 tradunt
2497 3714 2609 3752 non
2640 3713 2770 3752 esse
2796 3697 2878 3751 illi
2901 3701 3299 3753 atramentum
3325 3699 3379 3753 in
3409 3703 3706 3768 potestate,

2061 3787 2232 3859 quasi
2267 3789 2323 3842 id
2357 3791 2564 3858 sponte
2595 3803 2729 3841 cum
2753 3785 2877 3841 vult
2899 3791 3148 3856 evomat,
3182 3787 3281 3843 sed
3307 3791 3502 3843 atrum
3534 3788 3704 3842 istum

2060 3877 2347 3949 liquorem
2383 3875 2564 3947 piscis
2585 3875 2768 3946 hujus
2789 3875 3115 3931 visceribus
3144 3881 3494 3948 conceptum
3520 3892 3704 3931 excre-

2062 3970 2328 4021 mentum
2379 3964 2493 4036 ipsi
2525 3964 2678 4020 3‘28
2712 3980 2862 4031 esse,
2899 3966 3054 4036 quod
3086 3981 3156 4021 ex
3186 3967 3505 4021 contractis
3551 3969 3702 4020 metu

2063 4056 2281 4112 inﬁrmi
2313 4060 2368 4110 et
2402 4053 2764 4108 formidolosi
2809 4053 3147 4109 animalculi
3195 4054 3481 4109 membris
3513 4070 3706 4109 neces—

2060 4146 2215 4201 sario
2247 4144 2599 4199 effundatur.
2633 4142 2873 4198 Astutiaa
2903 4160 3074 4214 porro
3106 4144 3273 4214 quasi
3308 4144 3547 4198 cuidam
3581 4144 3703 4214 ejus

2059 4233 2552 4310 tribuitur,.quod
2586 4233 2776 4304 ipsam
2827 4233 3239 4288 necessitatem
3290 4232 3453 4288 velut
3481 4237 3705 4288 vertens

2059 4324 2117 4379 in
2150 4322 2486 4391 consilium,
2521 4323 2636 4377 ista
2675 4322 2998 4378 sutfusione
3032 4320 3279 4393 liquoris
3312 4324 3420 4376 atri
3456 4320 3700 4377 salutem

2061 4414 2410 4485 plerumque
2440 4411 2551 4467 sibi
2584 4409 2835 4480 conﬁcit,
2865 4426 3078 4466 manus
3107 4411 3192 4466 sic
3224 4409 3509 4482 effugiens
3541 4426 3700 4481 pren-

2063 4501 2343 4559 santium.
2397 4500 2542 4556 Cum
2595 4500 2750 4555 enim
2813 4500 3166 4570 piscatorem
3225 4499 3539 4555 imminere
3594 4496 3696 4553 sibi

2067 4595 2393 4663 captantem
2446 4588 2644 4658 sentit,
2676 4589 2891 4644 evomit
2937 4592 3354 4655 atramentum,
3389 4593 3448 4644 et
3497 4600 3694 4658 aquam

2058 4681 2115 4736 in
2151 4697 2268 4751 qua
2299 4683 2407 4745 est,
2442 4679 2606 4749 prius
2639 4675 3013 4748 pellucidam,
3043 4677 3245 4732 turbat
3271 4677 3650 4746 obfuscatque
3678 4689 3692 4728 :

2060 4773 2235 4840 atque
2284 4767 2342 4822 in
2393 4766 2512 4821 illis
2561 4765 2823 4821 tenebris
2873 4765 3070 4837 effugii
3120 4766 3269 4820 viam
3319 4765 3563 4820 invenit.
3611 4763 3695 4818 Sic

2060 4856 2431 4912 Andronicus
2463 4854 2875 4921 Tarchaniota,
2910 4859 2975 4910 ut
3019 4870 3222 4910 secure
3254 4871 3320 4910 ac
3350 4854 3481 4910 sine
3519 4853 3692 4924 impe-

2061 4947 2322 5002 dimento
2378 4943 2765 4999 deliberatum
2817 4949 3238 5015 exsequeretur
3285 4943 3694 5015 transfugium,

2061 5036 2298 5090 turbare
2339 5033 2502 5105 prius
2533 5049 2600 5088 ac
2631 5033 2875 5088 miscere
2920 5032 3120 5088 omnia
3149 5032 3478 5100 constituit,
3511 5027 3694 5086 accitis

2060 5125 2120 5180 in
2155 5125 2448 5178 Romanas
2477 5127 2662 5177 terras
2691 5121 2992 5189 Tocharis,
3027 5120 3128 5193 qui
3176 5122 3378 5176 statim
3413 5122 3483 5176 ad
3517 5124 3694 5176 osten-

2062 5230 2187 5269 sam
2235 5215 2606 5268 accurrentes
2657 5211 2936 5281 praedam,
2987 5226 3202 5284 magno
3252 5227 3499 5266 numero
3555 5209 3689 5264 intra

2062 5303 2210 5357 ﬁnes
2244 5299 2475 5372 imperii
2524 5305 2661 5355 sunt
2689 5299 2823 5354 visi.
2861 5301 3154 5365 Quantum
3185 5303 3384 5355 autem
3435 5298 3516 5354 illi
3563 5302 3686 5352 tunc

2063 5392 2266 5457 cladis,
2288 5395 2346 5446 et
2367 5389 2562 5446 omnis
2583 5388 2814 5461 generis
2837 5389 3191 5459 injuriarum
3217 5389 3452 5445 miseris
3473 5387 3680 5442 illorum

2059 5485 2358 5538 tractuum
2402 5478 2746 5534 hominibus
2778 5476 3108 5546 intulerint,
3141 5477 3362 5549 proprii
3396 5492 3499 5532 nec
3543 5468 3679 5545 parvi

2065 5569 2257 5644 operis
2288 5572 2699 5640 argumentum
2749 5570 2926 5636 esset,
2961 5583 3064 5637 pro
3115 5566 3521 5639 magnitudine
3547 5567 3676 5617 atro-

2061 5660 2221 5718 cium
2253 5656 2543 5714 malorum
2565 5672 2682 5713 non
2709 5653 2948 5728 litteris,
2965 5656 3069 5712 sed
3093 5653 3373 5728 lacrymis
3393 5645 3671 5713 scribendi.
