4002 6198
239 274 344 332 773

239 510 381 565 κρυσι
414 487 811 564 γνωριοόμενα.
872 486 1017 554 πλὴν
1077 487 1151 547 ὡς
1185 484 1243 540 ἃν
1276 486 1531 562 ἀσφαλῶς
1592 483 1740 538 εἴποι
1783 503 1887 549 τις,

241 580 339 655 οὐχ
366 578 521 648 ἥττω
550 583 717 632 ταῦτα
748 581 856 631 τῶν
909 578 1042 649 μετά
1091 579 1188 630 τοῦ
1256 575 1661 629 Κωνσταντίνου
1696 574 1888 647 προτέ-

241 692 354 725 ωων
395 674 633 746 σφαγῶν.
689 666 860 728 Αὐτὸς
894 662 951 720 δὶ
980 669 1047 739 τῇ
1077 665 1273 719 τούτου
1306 663 1563 740 συγχύσει
1604 658 1888 739 προσϐοη-

242 760 499 831 θοῦμενος
533 760 646 831 ἅμα
674 756 891 832 γυναικὶ
946 752 1244 827 αὐτομολεῖ
1272 755 1406 829 πρὸς
1450 753 1543 809 τόν
1612 754 1887 829 πενθερὸν·

240 846 458 909 Ὀποίας
514 850 652 921 γοῦν
707 852 807 913 τῆς
852 840 1133 918 ἀναδογῆς
1187 843 1387 906 ἰκεῖθεν
1444 840 1760 916 εὐμοίρησε,
1796 862 1893 895 πε-

240 937 417 1012 ριττὸν
466 934 601 997 ἴσως
657 932 986 1009 καὶλὲγειν,
1047 931 1201 1006 ὅμως
1262 930 1318 985 δὲ
1347 930 1485 1001 ὕλην
1545 930 1731 986 ἐδίδου
1790 932 1889 999 τήν

242 1025 430 1100 μάχην
472 1023 817 1087 ἀνάπτεσθαι.
851 1022 949 1077 Καὶ
992 1021 1094 1097 γὰρ
1126 1021 1263 1083 τέως
1291 1022 1318 1075 ὁ
1351 1020 1553 1082 Δοόκας
1587 1025 1695 1081 τιῖς
1729 1016 1891 1081 ἰδίοις

237 1112 573 1189 ἀρκούμενος
628 1113 901 1186 ἡσύχαζεν
959 1109 1261 1183 ἀναμένων,
1320 1108 1430 1165 ἔστι
1488 1107 1533 1163 δ’
1565 1108 1625 1163 οὗ
1651 1107 1741 1163 καὶ
1798 1108 1891 1162 τὸν

238 1200 381 1257 ἴδιον
410 1203 613 1278 τρόπον
641 1198 1052 1269 κατασκευάζων
1112 1197 1198 1253 ἐπὶ
1229 1199 1296 1253 τὰ
1325 1202 1420 1252 τοῦ
1464 1196 1733 1274 βασιλέως
1782 1196 1897 1252 ἐπι-

232 1291 568 1367 τεῖχίσματα
641 1290 732 1344 καὶ
789 1288 857 1344 τὰ
912 1289 1036 1365 περὶ
1092 1289 1160 1342 τά
1215 1287 1491 1345 Ἰωάννινα
1568 1291 1891 1361 παρασπῶν.

234 1382 491 1454 Ἡριμεῖν
526 1379 573 1435 δ’
604 1378 702 1435 οὐκ
731 1380 799 1448 ἦν
852 1376 997 1439 ὅλως
1058 1375 1249 1449 ἐκείνῳ
1304 1373 1457 1450 ἀνδρὶ
1493 1377 1700 1451 μάχαις
1758 1374 1897 1451 χαί..

238 1491 390 1546 ροντι
436 1469 528 1524 καὶ
560 1467 849 1541 πολέμοις,
875 1467 926 1538 ἒξ
980 1468 1053 1522 ὧν
1112 1463 1405 1542 κερδαίνειν
1456 1465 1538 1520 ἀεί
1570 1466 1691 1520 ποτ’
1720 1463 1895 1534 ἤλπι-

240 1565 355 1629 ζεν.
397 1560 464 1614 Ἠ
491 1558 591 1633 γάρ
622 1561 719 1611 τοῦ
751 1556 975 1631 εὖεργοῦ
1015 1555 1202 1631 σχολὴ
1261 1555 1351 1610 καὶ
1413 1554 1545 1630 ὑπὲρ
1602 1557 1699 1609 τοῦ
1731 1552 1897 1629 ἀργοῦ

236 1646 515 1723 ἀσχολίαν
560 1646 628 1701 τὰ
689 1666 917 1720 μεγιστα
972 1645 1372 1720 κατεργάζεται·
1431 1644 1504 1705 ὡς
1564 1644 1666 1718 γάρ
1729 1642 1899 1718 ἀργῆς

238 1740 431 1811 ψυχῆς
508 1734 595 1790 καὶ
687 1733 1241 1811 κατερῥᾳθυμημίνης
1323 1730 1386 1787 τό
1465 1730 1757 1806 ἐνεκαιριῖν
1845 1730 1897 1784 ἐν

236 1831 440 1897 κενοῖς,
475 1824 615 1879 οὕτω
656 1825 863 1899 θερμῆς
920 1823 1008 1877 καὶ
1069 1820 1364 1883 σπουδαίας
1392 1822 1454 1876 τὸ
1491 1826 1692 1896 χωρεῖν
1729 1821 1899 1894 ὁμόσε

236 1921 357 1975 τοῖς
391 1916 727 1989 πράγμασιν.
786 1909 970 1973 Οὕτως
1024 1912 1093 1980 ἦν
1142 1910 1346 1972 ἐκεῖνος
1398 1914 1480 1983 τῷ
1507 1910 1631 1965 τότε
1658 1916 1758 1979 τῆς
1790 1909 1895 1964 αὖ-

235 2014 337 2075 τῆς
378 2004 565 2076 πείρας
620 2004 709 2058 καὶ
768 2003 1093 2078 στρατηγίας
1131 2000 1237 2077 ὕλῃ
1294 2007 1414 2064 τοῖς
1472 2004 1895 2075 παραπέμπουσι

236 2095 563 2171 χρώμενος,
618 2090 679 2147 οὒ
740 2091 1001 2165 πολεμῶν
1057 2092 1147 2145 ὅτε
1218 2089 1365 2164 δόξοι
1423 2096 1539 2153 τοῖς
1610 2090 1897 2162 ἐναντίοις,

236 2180 397 2240 ἀλλὰ
428 2181 641 2256 μᾶλλον
673 2184 753 2254 τῷ
784 2180 1017 2257 ἐνεργεῖν
1075 2177 1350 2256 διεγείρων
1409 2180 1499 2236 καὶ
1556 2180 1647 2235 τὸν
1681 2178 1898 2235 ἆπόίλα·

243 2292 381 2347 μνον
394 2318 406 2331 .

241 2488 538 2544 Caeterum
570 2485 629 2540 id
660 2483 772 2541 dici
819 2483 944 2540 sine
984 2483 1305 2540 mentiendi
1339 2482 1597 2555 periculo
1646 2482 1901 2539 breviter

240 2581 441 2648 potest
479 2592 492 2628 :
526 2573 917 2629 calamitatem
961 2573 1419 2643 vastitatemque
1450 2572 1564 2629 ista
1594 2571 1900 2629 occasione

240 2665 389 2721 huic
421 2664 793 2734 importatam
827 2661 1047 2734 regioni
1081 2661 1262 2717 nihils
1289 2661 1604 2731 mitiorem,
1634 2661 1901 2717 minusve

242 2753 525 2809 acerbam
559 2750 904 2807 crudelitate
952 2751 1222 2817 medium,
1252 2751 1609 2822 avaritiaque
1661 2750 1899 2823 rapina-

240 2859 384 2898 rum
418 2858 489 2897 ea
520 2841 721 2911 fuisse,
748 2856 876 2911 quae
921 2839 1220 2909 aliquanto
1253 2844 1386 2894 ante
1425 2839 1634 2895 iisdem
1671 2840 1901 2912 populis

241 2931 586 3003 irruptione
644 2930 1013 2985 Constantini
1076 2929 1306 3001 Bulgari
1358 2930 1654 2985 Tocharos
1700 2947 1901 2985 secum

242 3020 526 3077 ducentis
569 3021 759 3074 fuerat
801 3019 979 3073 illata.
1015 3018 1121 3074 Per
1162 3019 1313 3073 hanc
1348 3018 1445 3073 ille
1476 3018 1588 3075 sibi
1621 3019 1692 3073 ad
1727 3018 1901 3073 finem

243 3109 621 3166 destinatum
645 3107 848 3163 utilem
874 3108 1279 3163 confusionem
1305 3108 1608 3177 rerum,ad
1637 3124 1904 3163 socerum

243 3202 375 3255 una
407 3215 544 3252 cum
583 3197 833 3269 conjuge
882 3196 1160 3268 profugit.
1191 3196 1264 3251 Ut
1295 3200 1489 3251 autem
1523 3201 1802 3268 exceptus
1835 3197 1906 3251 ab

248 3304 317 3344 eo
346 3287 551 3356 fuerit,
576 3291 633 3341 et
663 3285 795 3356 quis
845 3285 955 3357 ipsi
991 3285 1122 3341 novi
1157 3286 1374 3341 fractus
1405 3285 1649 3357 hospitii
1697 3285 1919 3341 consti-

244 3378 421 3443 terit,
456 3375 821 3448 superﬂuum
865 3374 1074 3446 opinor
1104 3374 1272 3429 nobis
1324 3374 1402 3429 sit
1452 3375 1689 3448 exsequi
1726 3392 1739 3431 :
1773 3374 1919 3429 illud

251 3468 519 3534 constat,
581 3464 731 3533 quod
792 3463 862 3517 ad
925 3466 1187 3518 nostram
1240 3478 1361 3518 rem
1417 3462 1577 3530 facit,
1629 3455 1920 3519 submini-

254 3561 527 3614 stratum
571 3555 705 3611 inde
736 3560 1078 3627 praetextum
1126 3555 1336 3610 Joanni
1382 3554 1518 3611 duci
1552 3555 1687 3611 belli
1720 3556 1779 3610 in
1815 3572 1919 3611 nos

252 3644 566 3701 movendi.
603 3642 856 3699 Eatenus
887 3645 1043 3699 enim
1077 3642 1173 3699 ille
1205 3643 1330 3699 suis
1360 3650 1675 3700 contentus
1708 3650 1920 3699 utcun-

253 3751 383 3808 que
417 3734 758 3805 quiescebat
802 3733 1170 3789 occasionem
1219 3737 1561 3805 exspectans
1596 3750 1609 3788 :
1646 3738 1700 3789 et
1733 3752 1920 3805 quan-

255 3840 451 3897 quam
476 3822 825 3892 erumpebat
849 3839 1277 3894 nonnunquam
1302 3823 1617 3893 impatiens
1642 3823 1922 3878 fcederum

252 3914 529 3979 animus,
556 3911 875 3978 tentandis,
892 3928 1025 3966 cum
1050 3912 1252 3967 aderat
1275 3912 1710 3984 opportunitas,
1734 3912 1924 3966 muni-

248 4000 537 4057 tionibus
597 3999 968 4071 imperatoris
1003 4017 1015 4054 :
1049 4016 1164 4071 quo
1213 4001 1271 4054 in
1328 4016 1539 4073 genere
1588 4018 1716 4072 quas
1772 3999 1926 4056 circa

249 4088 570 4147 Joannina
618 4092 758 4142 sunt
808 4089 879 4142 ad
939 4104 1002 4143 se
1053 4093 1371 4145 attraxerat
1404 4106 1418 4144 :
1449 4094 1644 4145 tamen
1704 4089 1925 4144 larvam

256 4179 469 4234 adhuc
500 4177 654 4231 haud
691 4176 861 4248 plane
906 4177 1228 4247 abjecerat;
1263 4194 1377 4233 non
1412 4178 1508 4233 ille
1540 4178 1779 4246 quidem
1814 4194 1926 4233 na-

256 4274 410 4323 tura
435 4266 569 4322 talis
619 4270 683 4321 ut
739 4266 798 4320 in
850 4264 950 4321 illa
981 4266 1082 4320 diu
1117 4267 1273 4323 824
1305 4267 1682 4324 simulatione
1740 4267 1927 4323 teneri

254 4374 451 4431 posse
510 4361 864 4427 speraretur.
912 4354 1137 4427 Quippe
1184 4357 1336 4411 vasti
1394 4357 1796 4429 pugnacisque
1844 4357 1932 4411 vir

256 4447 478 4515 animi,
515 4444 657 4500 nihil
692 4445 803 4499 nisi
852 4443 968 4499 vim
1002 4449 1057 4499 et
1100 4444 1255 4500 bella
1303 4446 1558 4517 spirans,
1592 4463 1662 4501 ex
1709 4446 1929 4517 quibus

1307 271 1402 326 DE
1447 271 1819 327 MICHAELE
1855 268 2300 326 PALEOLOGO
2337 272 2471 325 LIB.
2512 272 2609 326 IV.

238 402 328 469 τὴν
360 403 469 453 τῶν
530 396 723 453 δεινῶν
781 395 1125 471 ἱξαγγελίαν,
1158 396 1223 450 οὐ
1254 397 1595 471 γράμμασιν,
1626 393 1772 449 ἀλλᾶ
1799 391 1894 447 δά-
1922 398 1974 465 Α
2009 390 2112 447 λα’.
2147 462 2161 471 ⁸
2186 394 2529 471 Έκστρατεία
2593 398 2693 471 του
2765 392 3028 471 δεσπότου
3065 394 3347 471 *Ἰωάννου

3549 276 3659 330 774

3446 399 3535 453 σύν
3546 422 3657 473 αμα

2080 462 2295 542 χιλιάσι
2347 462 2542 542 στρτοῦ
2592 466 2735 542 Δ’πρὸς
2800 468 2892 520 τὸν
2954 469 3232 541 Ἰωάννην,
3292 470 3381 524 καὶ
3437 473 3504 525 τὰ
3557 462 3657 542 τ’ἦς

2077 534 2434 612 ἀνδραγαθίας
2462 542 2559 593 τοῦ
2592 534 2867 594 Ἰωάννου.

2076 665 2157 734 [Ρ.
2190 664 2317 737 219]
2368 664 2535 719 Ταῦτ’
2568 660 2668 737 ἄρα
2727 664 2815 717 καὶ
2870 664 3125 737 βασιλεὺς
3183 664 3513 722 δεινοπαθῶν
3568 668 3653 723 ἐπὶ

1994 751 2215 812 τοῦτοις
2271 749 2534 825 δυνάμεις
2590 754 3053 828 παρασκευάζεται
3116 755 3385 825 πλείους,
3447 756 3661 828 πλῆθος

1999 841 2127 894 ὡσεὶ
2178 838 2577 913 τεσσαράκοντα
2635 843 2725 895 σὸν
2774 846 2853 913 τῷ
2913 848 3149 916 ναυτικῷ
3210 844 3521 918 χιλιάδων,
3581 847 3657 909 ὡς

1998 928 2236 1004 λέγεται,
2295 931 2385 983 καὶ
2444 926 2720 1005 παραδοὺς
2778 934 2854 1000 τῷ
2914 928 3145 1003 δεσπότῃ
3204 933 3406 1005 πέμπει
3445 931 3533 988 διὰ
3560 957 3656 989 τα-

3229 1022 3251 1040 ᾗ

2000 1023 2145 1097 χὲων
2181 1021 2268 1076 ἐπὶ
2299 1022 2389 1075 τὸν
2433 1021 2715 1091 Ἰωάννην.
2778 1023 3157 1094 Συνεκπὲμπει
3225 1022 3271 1077 δ’
3331 1025 3515 1097 ἐκείνῳ
3566 1035 3658 1089 καὶ

2001 1108 2208 1172 ἄλλους
2265 1109 2489 1173 πλείους
2542 1114 2648 1163 τῶν
2712 1107 2969 1185 λοχαγῶν
3029 1112 3119 1164 καὶ
3174 1112 3234 1166 ἐκ
3295 1116 3657 1189 μεγιστάνων,

2001 1199 2074 1252 ὦν
2109 1201 2186 1261 εἷς
2216 1202 2282 1267 ἦν
2316 1200 2403 1253 καὶ
2448 1199 2505 1253 ’ὀν
2562 1198 2677 1273 εἶχε
2737 1195 3059 1271 δομέστικον
3113 1207 3212 1269 τῆς
3270 1205 3563 1277 τραπέζης’
3596 1205 3659 1261 Ὁ

2004 1284 2049 1341 δ’
2079 1287 2145 1357 ἦν
2197 1288 2225 1341 ὁ
2277 1282 2674 1361 ΚαϐαλΑάριος
2733 1286 2995 1358 Ἀλέξιος.
3056 1288 3192 1365 ἀνὴρ
3253 1288 3507 1365 γεννάδας
3567 1291 3659 1344 καὶ

2002 1373 2272 1451 ἀνδρικὸς,
2305 1375 2364 1436 ὃς
2396 1376 2484 1429 καὶ
2517 1375 2944 1450 παραπήλαυσεν
2979 1375 3201 1449 ὕστερον
3254 1383 3351 1432 τοῦ
3409 1378 3661 1452 πολέμου

2001 1466 2268 1538 τοξευθεὶς
2302 1463 2353 1519 ἐν
2378 1467 2446 1529 τῆ
2509 1463 2661 1539 μάχῃ
2718 1465 2862 1541 παρά
2908 1487 3028 1536 του,
3058 1465 3291 1540 κάκείνῳ
3326 1468 3420 1539 μὲν
3475 1468 3659 1541 κλέος,

2006 1554 2179 1625 ἑαυτῷ
2237 1551 2293 1608 δὶ
2349 1558 2529 1607 πεσεῖν
2592 1552 2829 1615 εὐκλεῶς
2890 1556 3157 1630 παρεσχεν
3220 1557 3283 1610 οὗ
3358 1555 3659 1613 κάλλιστον

2004 1649 2120 1706 τοῖς
2152 1642 2293 1704 νέοις
2323 1664 2538 1698 πιπτειν
2582 1642 2758 1697 πεσών
2844 1645 2931 1704 Ὡς
2961 1648 3090 1718 γοῦν
3121 1644 3217 1706 τὰς
3251 1642 3505 1718 δυνάμεις
3560 1668 3659 1701 πα-

2010 1727 2262 1810 ραλαϐὼν
2297 1733 2324 1787 ὁ
2358 1730 2623 1802 δεσπότης
2670 1732 2805 1805 πρὸς
2848 1728 2996 1786 δόσιν
3056 1730 3262 1801 ἤλαυνε
3296 1734 3506 1810 θαρῥῶν
3538 1742 3658 1798 ταῖς

2008 1827 2370 1897 παρασκευαῖς
2404 1822 2478 1883 ὡς
2518 1818 2608 1875 καί
2667 1821 2799 1875 αὐτὸ
2856 1824 3094 1891 κινήσων
3157 1823 3217 1876 τὸ
3251 1820 3463 1899 ἔδαφος,
3499 1825 3525 1877 ὁ
3561 1826 3661 1898 βα-

2010 1909 2192 1975 σιλεὺς
2219 1910 2307 1965 καὶ
2363 1908 2496 1964 λαὸν
2553 1907 2641 1964 διὰ
2701 1909 2973 1979 θαλάσσης
3026 1908 3263 1980 ὁπλίζει,
3318 1911 3406 1966 καὶ
3461 1910 3655 1967 στόλον

2010 1998 2435 2072 ἐξαρτυσάμενος
2475 1999 2655 2052 ἱκανὸν
2713 1997 2769 2051 ἐκ
2824 1996 3042 2062 πόλεως
3097 2000 3186 2053 καὶ
3242 2004 3348 2053 τῶν
3410 1998 3659 2071 ὁπουδή-

2009 2110 2141 2143 ποτε
2191 2092 2390 2163 χωρῶν
2447 2108 2505 2142 τε
2563 2086 2650 2141 καὶ
2708 2086 2971 2162 νεωρίων,
3036 2087 3109 2149 ὡς
3142 2087 3273 2141 εἶναι
3326 2110 3422 2152 τας
3479 2091 3653 2151 πάσας

2007 2179 2135 2241 ναῦς
2192 2198 2399 2251 μακρας
2434 2198 2493 2231 τε
2526 2178 2640 2249 ἅμα
2696 2177 2787 2230 καὶ
2839 2177 3284 2251 ταχυναυτούσας
3338 2184 3490 2252 τροῖς
3520 2180 3656 2254 πρὸς

2009 2272 2129 2329 ταῖς
2161 2262 2566 2339 ἑϐδομήκοντα,
2626 2262 2901 2341 παραδοὺς
2956 2266 3151 2330 ταύτας
3195 2273 3275 2340 τῷ
3302 2270 3659 2344 πρωτοστρά-

2009 2487 2153 2538 tunc
2185 2480 2401 2537 bellare
2433 2497 2566 2536 cum
2609 2480 2757 2536 hosti
2788 2482 3114 2552 videretur;
3148 2485 3248 2539 sed
3300 2500 3368 2539 ex
3416 2501 3522 2540 sua
3554 2502 3657 2559 spe

2010 2588 2074 2627 ac
2106 2570 2413 2626 commodo
2435 2568 2715 2624 articulos
2741 2571 3116 2627 occasionum
3141 2578 3413 2643 captans;
3446 2579 3503 2630 et
3543 2592 3656 2630 non

2012 2660 2191 2715 minis
2240 2659 2583 2723 admonens,
2617 2659 2713 2713 sed
2767 2660 2992 2730 agendo
3042 2662 3514 2733 expergefaciens
3553 2664 3656 2718 ad-

2009 2748 2335 2804 versarium
2370 2747 2822 2802 indormientem
2858 2749 3055 2805 rebus.

2010 2867 2099 2921 31.
2126 2864 2662 2935 Επρείίἱιίολοαηηίδ
2681 2864 2922 2934 desperas
2942 2880 3063 2917 cum
3084 2864 3386 2919 multorum
3412 2867 3659 2922 millium

2083 2934 2335 3011 exercita
2364 2934 2619 3011 adversus
2654 2936 2920 2991 Joannem
2949 2935 3169 3003 ducem,-
3198 2940 3249 2992 et
3279 2936 3347 2991 de
3376 2936 3535 3007 huius
3563 2939 3661 3011 fa-

2084 3010 2269 3063 cinore
2300 3005 2540 3075 insigni.

2091 3114 2221 3168 Haec
2253 3114 2335 3167 ita
2356 3118 2561 3167 erant:
2590 3112 2805 3185 quibus
2828 3112 3080 3185 cognitis
3113 3113 3452 3184 indignatus
3482 3114 3673 3186 impe-

2022 3206 2200 3269 rator,
2236 3202 2553 3257 exercitum
2597 3206 2901 3272 comparat
2936 3201 3266 3273 ingentem;
3304 3219 3571 3274 numero,
3608 3211 3673 3258 ut

2026 3292 2230 3360 fertur,
2264 3290 2431 3362 quasi
2485 3290 2875 3361 quadraginta
2923 3290 3204 3360 millium,
3249 3291 3562 3347 navalibus
3616 3292 3675 3348 in

2024 3398 2152 3437 eam
2186 3396 2483 3435 summam
2534 3380 2972 3450 comprehensis
3013 3379 3218 3451 copiis.
3252 3381 3321 3435 Et
3351 3380 3460 3435 hoc
3510 3386 3678 3436 tanto

2026 3474 2311 3541 apparatu
2371 3468 2586 3523 tradito
2643 3467 2851 3523 Joanni
2913 3470 3191 3541 despotae,
3240 3470 3449 3524 vadere
3506 3470 3677 3525 illum

2025 3558 2335 3614 confestim
2370 3556 2601 3612 infestis
2650 3557 2837 3629 signis
2868 3556 2925 3611 in
2958 3558 3245 3613 Joannem
3290 3558 3485 3628 jubet.
3518 3559 3681 3615 Misit

2025 3647 2204 3703 etiam
2237 3663 2371 3703 cum
2406 3663 2472 3702 eo
2507 3646 2703 3718 plures
2753 3647 2897 3701 alios
2943 3648 3316 3703 tribunorum
3346 3652 3402 3703 et
3434 3664 3680 3719 magna-

2026 3742 2443 3806 tum,quorum
2480 3751 2636 3789 unus
2662 3739 2806 3803 erat,
2831 3751 3005 3805 quem
3040 3736 3431 3790 domesticum
3467 3752 3682 3790 mensae

2028 3824 2257 3889 habuit,
2281 3822 2646 3878 Caballarius
2678 3821 2937 3887 Alexius,
2959 3823 3047 3877 vir
3066 3839 3389 3894 generosus
3411 3828 3466 3879 et
3492 3824 3676 3879 fortis.

2029 3913 2196 3968 Hunc
2250 3913 2403 3967 Mars
2455 3911 2562 3965 hoc
2615 3909 2763 3965 bello
2817 3911 3162 3981 pignoratus
3210 3916 3319 3980 est,
3352 3911 3568 3982 sagitta
3621 3912 3679 3965 in

2030 4002 2228 4075 praelia
2253 4000 2555 4057 sublatum
2579 3998 2903 4070 aquopiam
2929 3999 3256 4070 ignoto,qui
3276 3999 3391 4054 sibi
3414 3999 3685 4071 gloriam,

2033 4090 2183 4147 hosti
2217 4091 2528 4145 honestum
2581 4089 2758 4145 funus
2809 4088 3053 4160 peperit.
3080 4088 3171 4143 Sic
3202 4088 3355 4144 enim
3391 4089 3568 4143 decus
3600 4088 3687 4143 illi

2031 4179 2282 4251 contigit
2334 4177 2600 4250 gloriosae
2653 4176 2857 4231 mortis
2891 4176 2970 4230 ibi
3002 4176 3299 4249 oppetitae,
3330 4177 3429 4231 ubi
3481 4178 3689 4233 cadere

2025 4268 2347 4342 juvenibus
2378 4272 2466 4322 est
2502 4265 3007 4322 honestissimum.
3044 4267 3191 4321 Eum
3242 4265 3424 4338 igitur
3457 4267 3689 4323 succin-

2036 4366 2165 4416 ctus
2192 4357 2423 4429 magnis
2449 4355 2605 4411 hisce
2628 4355 3001 4410 terrestribus
3026 4355 3209 4427 copiis
3242 4355 3487 4428 despota
3507 4357 3691 4413 Joan-

2036 4465 2139 4503 nes
2164 4448 2346 4502 tantis
2369 4444 2583 4500 animis
2606 4445 2664 4498 in
2687 4444 3062 4499 Occidentem
3090 4445 3288 4507 movit,
3314 4450 3377 4500 ut
3400 4447 3549 4503 325
3576 4451 3691 4502 ter-

254 4540 590 4593 aucturum
637 4550 763 4589 sese
812 4534 1096 4601 fortunas,
1132 4538 1186 4588 et
1236 4534 1416 4589 lucris
1466 4535 1804 4606 ingentibus
1837 4533 1926 4588 di-
1957 4517 2003 4581 D
2036 4552 2157 4592 ram
2178 4533 3690 4601 hauddubieseconcussurumconﬁderevideretur,

253 4625 527 4681 tandum
552 4623 915 4693 iconﬁdebal.
950 4623 1129 4678 Porro
1178 4622 1284 4677 viri
1334 4625 1558 4679 strenui
1591 4623 1679 4678 vel
1730 4624 1927 4694 ipsum

256 4715 488 4779 otium,
518 4711 747 4784 negotio
780 4711 1011 4767 remissi
1036 4728 1100 4767 ac
1125 4711 1412 4783 languidi,
1438 4714 1613 4768 rebus
1646 4728 1929 4785 peragen-

258 4806 367 4860 dis
403 4801 670 4857 maximis
701 4801 998 4857 efficacius
1029 4807 1138 4856 est.
1174 4802 1319 4857 Nam
1370 4806 1435 4857 ut
1474 4802 1680 4858 animae
1710 4800 1932 4857 desidis

260 4911 339 4950 ac
379 4890 731 4964 negligentis
762 4896 851 4945 est
882 4890 941 4946 in
973 4892 1140 4947 vanis
1182 4891 1296 4947 sibi
1331 4891 1580 4963 placere,
1606 4908 1671 4946 ac
1705 4890 1931 4945 felicem

258 5000 336 5040 se
372 4987 585 5053 putare
614 4980 917 5052 complexu
972 4980 1242 5035 exsilium
1292 4982 1579 5036 bonorum
1619 4998 1629 5034 :
1666 4980 1749 5035 sic
1783 4980 1933 5035 acris

258 5089 295 5129 e
333 5071 637 5127 contrario
671 5077 845 5141 atque
892 5073 1126 5125 arrectis
1170 5070 1556 5141 ardenterque
1608 5070 1934 5140 majoribus

260 5176 473 5233 usque
518 5158 894 5214 inhiabunda)
943 5159 1247 5231 proprium
1300 5165 1409 5227 est,
1444 5175 1825 5231 prorumpere
1877 5158 1935 5212 in

262 5265 437 5321 opus
464 5248 672 5320 quavis
720 5247 1045 5314 occasione,
1079 5264 1144 5303 ac
1193 5248 1418 5303 nullam
1475 5249 1690 5304 frustra
1743 5247 1937 5305 offerri

265 5338 714 5394 movendarum
748 5352 942 5391 rerum
976 5354 1182 5393 ansam
1215 5337 1427 5392 sinere.
1450 5337 1609 5394 Talis
1640 5345 1779 5393 tunc
1814 5342 1941 5394 erat

264 5429 412 5486 dux
436 5426 725 5493 Joannes;
759 5424 902 5495 ipsis
934 5424 1053 5480 illis
1076 5442 1223 5498 quas
1249 5426 1447 5481 furtim
1477 5428 1735 5497 primum
1759 5432 1943 5483 atten-

260 5520 446 5575 taret
494 5512 992 5587 grassatiunculis
1026 5518 1082 5570 et
1119 5514 1493 5572 successibus
1540 5516 1785 5571 modicis
1835 5533 1940 5588 pro

263 5605 677 5663 fundamento
737 5601 1088 5660 ulteriorum
1138 5608 1314 5661 utens
1365 5619 1379 5659 :
1432 5620 1537 5660 nec
1598 5609 1942 5676 exspectans

2037 4623 2352 4680 destinavit
2376 4623 2693 4693 imperator
2723 4622 2925 4677 eodem
2953 4638 3187 4694 quoque
3211 4622 3458 4678 classem
3484 4640 3689 4679 onera-

2037 4719 2276 4784 tamque
2307 4710 2730 4783 superbissimo
2757 4710 3005 4780 delectu,
3031 4727 3161 4767 cum
3194 4729 3261 4767 ex
3288 4713 3431 4768 urbe
3463 4719 3587 4768 tum
3621 4729 3690 4769 ex

2039 4804 2267 4859 cunctis
2292 4800 2604 4873 provinciis
2630 4817 2696 4854 ac
2720 4800 3027 4855 navalibus
3052 4801 3506 4871 diligentissime
3529 4802 3692 4857 habi-

2040 4896 2119 4963 to,
2141 4891 2223 4945 ita
2248 4895 2311 4944 ut
2334 4906 2618 4944 numerus
2642 4888 2877 4943 navium
2904 4889 3115 4960 partim
3145 4888 3453 4961 longarum
3482 4892 3692 4962 partim

2041 4979 2298 5037 celerum
2333 4979 2403 5033 ad
2436 4984 2555 5032 tres
2604 4983 2661 5031 et
2710 4979 3088 5050 septuaginta
3134 4981 3503 5047 ascenderet;
3549 4996 3697 5050 quas

2045 5069 2471 5126 commendans
2513 5068 2921 5139 protostratori
2971 5068 3489 5142 PhilanthrOpeno,
3517 5070 3700 5141 jussit

2045 5176 2179 5216 eum
2212 5175 2345 5214 cum
2373 5174 2439 5214 ea
2470 5156 2657 5213 classe
2689 5175 2818 5214 oras
2861 5158 3052 5231 legere
3086 5159 3472 5215 Latinicarum
3508 5160 3697 5230 regio-

2047 5264 2213 5315 num,
2249 5248 2613 5319 infestasque
2664 5246 2899 5316 habere,
2932 5264 2996 5303 ac
3032 5248 3221 5303 sicubi
3252 5265 3343 5304 res
3394 5250 3567 5303 ferret
3598 5263 3694 5301 ex-

2047 5337 2328 5395 scendere
2376 5335 2941 5408 incursionibusque
2999 5352 3190 5403 urere,
3241 5337 3325 5393 sic
3375 5336 3693 5391 arbitratus

2049 5426 2266 5483 certius
2300 5425 2650 5497 faciliusque
2681 5440 3061 5496 processuras
3092 5425 3163 5479 ad
3196 5440 3361 5495 spem
3397 5424 3577 5496 plenae
3609 5423 3694 5478 vi-

2051 5515 2249 5573 storias
2271 5503 2417 5572 belli
2458 5513 2715 5569 universi
2767 5513 3045 5581 rationes,
3078 5513 3128 5568 si
3162 5512 3393 5585 proprio
3426 5512 3700 5584 impliciti

2054 5603 2315 5677 periculo
2345 5602 2536 5659 Latini
2568 5601 2824 5673 cogitare
2855 5603 2926 5658 de
2966 5600 3269 5657 mittendis
3298 5600 3507 5658 Joanni
3538 5603 3705 5660 auxi-
