4002 6198
292 305 402 361 775
1583 279 1888 338 GEORGII
1924 278 2386 338 PACHYMERE
3591 272 3704 329 776

293 415 896 500 τοριΦιλανθρωπηνῷ
951 408 1040 464 καὶ
1099 405 1256 462 αὐτὸν
1314 404 1602 477 ἐκπέμπει,
1633 407 1750 462 ταῖς
1784 408 1940 455 Λατι-
1973 404 2021 468 Α
2054 399 2256 463 ἐκεῖνος
2315 397 2588 474 ἐλάμϐανε
2643 407 2743 469 τῆς
2803 400 3094 476 ἀποφυγῆς
3153 395 3240 452 καὶ
3268 394 3336 452 τὰ
3364 392 3467 466 ἔξω
3525 413 3709 500 προσ-

298 491 476 573 τικαῖς
517 508 727 582 χώραις
783 500 1156 575 προστάσσων,
1217 493 1268 550 εἷ’
1318 515 1410 548 ποι
1473 491 1745 568 παρείκοι,
1777 509 1945 565 προσ-

303 581 555 655 ϐάλλειν-ί
611 594 753 648 οὕτω
808 591 909 666 γὰρ
973 586 1185 661 μᾶλλον
1247 582 1450 638 εὐοδεῖν
1504 583 1594 636 τὸν
1653 581 1788 634 κατά
1844 586 1972 653 γῆν,

296 689 542 759 πόλεμον
572 680 733 756 ᾤετο,
769 679 814 734 εί
846 678 1064 754 ἔχοντες
1117 675 1230 728 καθ’
1291 671 1485 733 αὐτοὺς
1518 672 1569 725 οἱ
1602 675 1823 724 Λατῖνοι
1854 668 1944 721 τὸν

298 779 422 854 περὶ
445 755 606 851 ’σφίσι
655 766 824 847 φόϐον
884 774 984 836 τῆς
1043 766 1176 840 πρὸς
1220 763 1311 817 τὸν
1370 761 1630 828 Ἰωάννην
1693 755 1947 832 βοηθείας

297 843 659 939 ἀπόσχοιντο.
695 859 798 916 Καὶ
832 855 898 925 δὴ
930 857 1030 923 τήν
1062 852 1331 927 ταχίστην
1381 853 1461 920 τῷ
1491 847 1644 919 τόπῳ
1673 851 1779 900 τῶν
1810 843 1944 897 νέων

298 934 523 1027 Πατρῖθν
581 951 898 1010 ἐπιστάντος
953 949 1055 999 τοῦ
1115 941 1378 996 δεσπότου
1436 934 1695 1006 ἔκπληξις
1727 939 1948 1008 κατεῖχε

294 1024 498 1105 πάντας
559 1040 648 1095 καὶ
704 1036 953 1111 ταραχὴ.
1022 1034 1095 1094 ὡς
1149 1032 1493 1105 προσχωρεῖν
1560 1025 1651 1098 μὶν
1709 1024 1944 1086 ἐντεῦθεν

297 1135 490 1204 ἐκείνῳ
538 1129 634 1191 τάς
693 1127 903 1202 χώρας,
962 1123 1335 1196 γνωσιμαχεῖν
1371 1114 1428 1170 δὲ
1481 1114 1548 1168 τά
1605 1112 1841 1190 φρούρια
1872 1111 1946 1172 ὡς

301 1199 492 1297 μικρὸν
551 1199 916 1290 ἀντισχόντα,
977 1211 1100 1264 ὅσον
1157 1205 1559 1282 ἀφοσιώσασθαι
1616 1203 1715 1270 τήν
1765 1199 1945 1254 πίστιν

298 1286 410 1380 In}.
448 1286 1045 1377 Ἰωάννης-προδοῦναι
1107 1298 1182 1371 μὴ
1245 1295 1527 1366 ἐνεγκόντα
1575 1292 1674 1360 τήν
1734 1286 1946 1366 ἔφοδον·

298 1379 404 1456 ποῖ’)
433 1399 532 1472 γάρ
567 1395 626 1450 ἃν
683 1414 763 1455 τις
820 1389 908 1446 καὶ
967 1387 1200 1457 ἤλπισεν
1234 1384 1284 1454 ἐξ
1312 1381 1486 1437 ἄλλου
1543 1381 1688 1440 τινὸς
1740 1379 1949 1450 τρόπου

297 1491 386 1544 καὶ
423 1465 675 1560 μηχανῆς
734 1480 998 1548 σώζεσθαι
1033 1499 1047 1545 ;
1087 1477 1114 1530 ὁ
1151 1473 1332 1547 μέντοι
1391 1492 1455 1544 γε
1505 1468 1763 1537 Ἰωάννης
1819 1465 1946 1528 τοὺς

297 1555 610 1651 περὶ-αότὸν
643 1571 732 1626 καὶ
771 1569 968 1643 μόνους
1027 1563 1189 1651 ἔχων,
1222 1567 1330 1651 τῷ.
1357 1559 1556 1651 πλήθει
1611 1556 1746 1612 κατά
1789 1555 1947 1651 Δπολὺ

298 1647 649 1734 λειπόμενος,
680 1663 798 1718 ταῖς
830 1653 1090 1713 ἐπινοίαις
1147 1648 1412 1724 ἐπεχείρει
1471 1647 1756 1714 σώζεσθαι.
1787 1647 1944 1708 ’Ὁθεν

297 1753 388 1806 καὶ
419 1730 511 1804 νυν
548 1748 640 1821 μὲν
700 1741 847 1810 ἔνθα,
904 1747 994 1795 νῦν
1031 1738 1078 1794 δ’
1126 1738 1297 1793 ἐκεῖσε
1347 1730 1680 1808 προϐαίνων,
1724 1734 1800 1795 ὡς
1832 1733 1945 1787 οἶόν
1981 1761 2026 1826 Β

296 1861 355 1894 τε
394 1839 482 1908 ἦν,
543 1832 979 1912 κατησφαλίζετο
1018 1831 1086 1884 τά
1116 1829 1300 1882 αὐτοῦ·
1358 1824 1419 1879 τό
1478 1826 1581 1899 γὰρ
1643 1827 1843 1897 χωρεῖν
1876 1821 1950 1882 εἷς

303 1907 487 2002 μάχην
521 1923 573 1981 ἔν
605 1946 656 1978 τι
687 1907 794 1978 τῶν
854 1917 1131 1975 ἀδυνάτων
1185 1915 1382 1970 ἐδόκει.
1443 1912 1601 1970 Ἀλλ’
1655 1913 1706 1965 οἱ
1737 1916 1830 1965 τοῦ
1864 1907 1948 1964 δε-

299 2017 501 2072 σπότου
555 2012 984 2089 ίχνηλατοῦντες
1039 2010 1151 2062 οἷον
1188 2006 1391 2060 ἐκεῖνον
1449 2002 1742 2075 ἐπέτρεχον
1802 2021 1948 2054 συνε-

299 2107 583 2182 χέστερον,
643 2093 1275 2178 προκαταλαμϐάνοντες
1335 2096 1416 2168 [Ρ.
1477 2093 1602 2165 220]
1633 2090 1834 2150 τόπους
1869 2090 1952 2182 οῖς

297 2179 458 2250 αὐτὸν
509 2192 680 2266 ᾤοντο
741 2191 1026 2258 σώζεσθαι,
1073 2187 1192 2240 ⁴ὃθεν
1250 2185 1338 2238 καὶ
1399 2187 1478 2253 τῷ
1509 2182 1824 2254 ἀποχωρεῖν
1860 2179 1954 2250 μὶν

301 2265 580 2359 προσῆγεν
645 2280 904 2346 ἐκείνους,
963 2281 1042 2348 τῷ
1075 2273 1218 2359 δὶῗγε
1249 2269 1454 2327 δειλίαν
1515 2265 1956 2359 ἐμφαίνεινῄθαρο

304 2357 675 2449 ῥάλεωτέρους
745 2369 918 2422 ἐποίει
983 2358 1382 2439 προσϐάλλειΨ
1461 2357 1956 2449 τῷγγάρμπληθει

305 2443 594 2538 περιῆσαν,
653 2457 742 2513 καὶ
799 2451 1148 2528 κατημέλουν
1208 2448 1642 2512 διὼκοντες.⁹Ως
1705 2443 1762 2501 δὲ
1791 2447 1953 2520 κόρον

302 2679 402 2734 liis
447 2676 918 2749 prohiberentur.
953 2671 1096 2725 Cum
1133 2685 1267 2740 ergo
1297 2665 1663 2722 velocissime
1711 2663 1956 2734 despota

303 2767 558 2823 Joannes
589 2764 648 2818 in
682 2763 873 2818 locum
921 2764 1075 2814 esset
1107 2763 1408 2829 pervectus
1441 2769 1719 2809 novarum
1754 2757 1954 2807 Patra-

304 2871 458 2920 rum,
484 2855 692 2924 ingens
720 2851 798 2906 ibi
831 2855 1074 2904 cunctos
1107 2852 1295 2900 terror
1324 2859 1382 2899 et
1403 2841 1801 2899 consternatio
1838 2846 1958 2895 tur-

305 2945 486 3011 bavit,
522 2944 665 2998 adeo
697 2945 760 2996 ut
814 2939 864 2994 ei
914 2937 1132 3010 passim
1165 2933 1296 3006 pagi
1328 2938 1385 2987 et
1438 2931 1654 3002 oppida
1684 2947 1746 2984 se
1777 2930 1957 2984 dede-

308 3039 459 3102 rent,
493 3033 714 3087 arcium
752 3045 886 3084 vero
921 3025 1196 3098 praesidia
1225 3023 1378 3078 inter
1408 3021 1693 3090 ancipites
1723 3023 1956 3074 senten-

2055 489 2368 545 υπώπτευεν
2396 487 2504 559 ἤδη
2567 494 2673 544 τῶν
2731 487 2978 542 ἀπάντων
3040 483 3526 562 καταληφθέντων,
3576 480 3712 557 ἔγνω

2057 580 2301 656 φρουρίῳ
2333 579 2519 633 ἑαυτὸν
2553 575 2855 645 πιστεῦσαι,
2887 577 2975 630 καὶ
3005 576 3182 651 φέρων
3225 575 3410 629 ἑαυτὸν
3463 579 3583 633 ταῖς
3609 572 3714 626 Πά-

2054 687 2208 738 τραις
2239 669 2414 742 ὀχυρᾷ
2462 667 2619 722 πόλει
2679 666 2770 720 καὶ
2831 665 2888 720 ἐκ
2919 666 3040 719 νέου
3100 665 3334 738 συστάσῃ
3399 659 3595 717 δίδωσι
3627 662 3713 715 καὶ

2055 757 2291 811 πιστεύει
2333 756 2848 834 φυλαχθησόμενος.
2910 753 3007 808 Καὶ
3041 755 3068 808 ὁ
3102 754 3196 826 μὶν
3229 753 3547 826 καταφυγὴν
3581 750 3715 826 ex».

2057 847 2150 920 ράν
2186 846 2306 920 εὗρε
2360 847 2454 907 τὰς
2515 845 2751 920 Πάτρας,
2783 845 2834 898 οῖ
2869 840 2912 897 δ’
2943 840 3084 916 ἀμφί
3141 843 3230 896 τὸν
3294 839 3565 910 δεσπότην
3615 860 3712 911 μαο

2058 935 2238 999 θόντες
2267 937 2365 1004 τήν
2397 935 2558 990 πόλιν
2615 933 2803 1006 κύκλῳ
2861 932 3324 1008 περικαθίζουσιν.
3386 931 3484 984 Καὶ
3520 929 3716 1004 συχναὶ

2057 1026 2190 1099 πρὸς
2223 1023 2346 1086 τοὺς
2377 1023 2521 1086 ἐντὸς
2580 1021 2934 1095 διαμηνύσεις
2996 1018 3242 1074 έδένοντο
3295 1023 3391 1073 τοῦ
3424 1015 3714 1089 δεσπότου,

2059 1113 2269 1174 έαυτοῖς
2303 1113 2396 1186 μὲν
2430 1118 2682 1186 προνοεῖν
2742 1115 2848 1166 τῶν
2914 1108 3235 1186 βελτίστων,
3295 1107 3501 1164 ἐκεῖνον
3533 1106 3591 1161 δὲ
3621 1128 3718 1161 παι

2060 1199 2320 1278 ραδόντας
2375 1203 2658 1271 σώζεσθαιο
2698 1202 2771 1272 μή
2833 1199 2937 1275 γάρ
2997 1199 3312 1272 ἀποχωρεῖν
3373 1199 3601 1262 ἐκεῖθεν,
3641 1197 3719 1268 μὴ

2059 1289 2258 1354 ἄλλοθί
2311 1311 2415 1344 που
2469 1290 2783 1364 τραπέσθαι,
2823 1289 2897 1360 μή
2959 1287 3242 1364 φροντίσαι
3299 1286 3366 1340 τά
3415 1285 3569 1358 πέρίξ
3602 1284 3724 1340 καί·

2060 1401 2188 1434 οντα
2252 1382 2341 1433 καὶ
2405 1379 2605 1454 ἀγροὺς
2671 1375 3118 1433 κατασκάπτοντα
3199 1375 3289 1429 καὶ
3382 1372 3722 1447 ἀμπελῶνας

2059 1469 2342 1542 τέμνοντα,
2374 1470 2463 1524 καὶ
2503 1466 2662 1530 τέλος
2719 1468 2810 1523 καὶ
2868 1467 3050 1530 αὐτοῖς
3110 1470 3184 1529 ὼς
3216 1465 3512 1540 πολεμίοις
3566 1464 3727 1541 χρώ-

2065 1581 2222 1631 μενον
2255 1556 2438 1614 τέλεον
2497 1558 2796 1634 ἀφανίζειν,
2855 1556 2950 1611 κᾶν
3007 1552 3114 1627 ὅπη
3147 1556 3236 1611 καὶ
3269 1558 3297 1612 ὁ
3329 1576 3534 1632 χρονος
3589 1575 3728 1627 προ-

2060 1645 2212 1716 ϐαίη.
2263 1652 2443 1704 Ταῦτα
2491 1652 2589 1702 τοῦ
2643 1644 2906 1701 δεσπότου
2964 1643 3365 1719 διαμηνῦοντος
3428 1644 3652 1711 ἐκεῖνοι,
3684 1645 3719 1712 ἢ

2060 1743 2178 1798 ταῖς
2235 1735 2516 1807 ἀληθείαις
2549 1736 2583 1806 ἢ
2616 1738 2742 1812 παρ’
2801 1735 3007 1790 ἐκείνου
3060 1729 3530 1810 προϐιϐαζόμενοι
3564 1730 3720 1788 ἔνδον

2061 1821 2470 1896 ὅντος,ἡπιως,
2551 1846 2611 1880 τε
2669 1824 3036 1900 ἀπελογοῦντο
3113 1823 3200 1878 καὶ
3272 1821 3720 1897 προσελιπαρουν

2061 1921 2197 1989 σφᾶς
2228 1919 2333 1968 τῶν
2386 1915 2573 1989 ὁρμῶν
2634 1914 2857 1981 ἀνεῖναι,
2918 1915 3032 1986 μετ’
3091 1912 3153 1967 οὐ
3213 1910 3356 1967 πολὺ
3416 1909 3726 1984 προδοῦναι

2060 2004 2148 2058 καὶ
2187 2003 2280 2058 τὸν
2311 2003 2566 2072 Ἰωάννην
2625 2001 3185 2076 καθυπισχνούμενοι.
3241 2003 3331 2064 Ὦς
3357 2005 3486 2075 γοῦν
3523 2001 3725 2073 μεταξῦ

2065 2093 2268 2167 χρόνος
2311 2087 2576 2168 ἐτρίϐετο,
2624 2090 2714 2146 καὶ
2747 2091 2798 2145 οἱ
2833 2091 2928 2164 μὲν
2963 2086 3260 2154 ἀναϐολαῖς
3291 2089 3590 2164 ἐναιώρουν
3622 2091 3724 2158 τήν

2062 2179 2381 2256 προδοσίαν,
2417 2181 2467 2235 οἱ
2501 2177 2559 2235 δὲ
2588 2178 2711 2234 ὅσον
2746 2178 2899 2234 οὔπω
2958 2178 3146 2234 ἀνύσαι
3201 2179 3261 2233 τὸ
3314 2185 3420 2233 πᾶν
3450 2175 3718 2249 ἤλπιζον,

2066 2268 2362 2344 ἐπιχειρεῖν
2421 2290 2472 2324 τι
2525 2273 2633 2324 τῶν
2695 2269 2942 2336 συνήθων
3002 2265 3135 2343 ἔγνω
3193 2267 3220 2322 ὁ
3273 2268 3558 2338 Ἰωάννης.
3623 2265 3729 2323 Καὶ

2067 2357 2367 2428 σκοπητέον
2402 2357 2476 2420 ὡς
2527 2354 2737 2433 ἄριστα.
2797 2356 3006 2418 Νυκτὸς
3067 2357 3167 2432 γάρ
3226 2356 3410 2411 ἑαυτὸν
3472 2354 3727 2431 σχοίνοις

2069 2443 2158 2501 διὰ
2187 2451 2284 2502 τοῦ
2331 2446 2554 2522 τείχους
2605 2445 3014 2521 καταχαλάσας,
3076 2446 3150 2507 ὡς
3183 2446 3258 2519 μὴ
3293 2445 3572 2523 φωραθείη
3639 2443 3728 2500 διὰ

2064 2663 2275 2720 salutis
2306 2679 2508 2720 omnes
2559 2663 2618 2720 in
2670 2665 2810 2736 fuga
2849 2669 3173 2739 reponeret.
3208 2663 3280 2721 Ut
3328 2669 3524 2720 autem
3576 2666 3722 2723 satis

2065 2754 2312 2824 denique
2361 2752 2526 2808 illum
2576 2754 2883 2810 desultorii
2935 2755 3153 2811 erroris
3181 2759 3241 2810 et
3273 2755 3424 2826 fugae
3475 2754 3720 2810 inﬁnitas

2065 2843 2306 2898 tmdium
2357 2842 2534 2914 cepit,
2580 2843 2876 2915 simulque
2931 2844 3338 2900 cunctantium
3385 2843 3456 2899 ab
3508 2843 3722 2900 exteris

2067 2930 2420 2986 auxiliorum
2456 2932 2791 3002 suspicatus
2824 2934 3163 3002 conjectura
3201 2949 3464 3002 causam,
3493 2933 3566 2988 ab
3590 2933 3722 2988 uni-

2067 3020 2252 3075 versis
2287 3020 2410 3090 jam
2443 3035 2505 3074 se
2537 3019 2710 3075 sociis
2741 3020 3086 3076 derelictum
3120 3020 3426 3086 intellexit,
3447 3021 3566 3076 arci
3598 3021 3722 3076 cui-

305 3125 419 3179 tias
448 3095 820 3176 fluctuarent.
849 3095 1074 3187 Exigua
1101 3130 1204 3169 nec
1236 3112 1498 3183 longum,
1527 3115 1590 3164 ut
1611 3108 1952 3180 apparebat,
1985 3095 2028 3161 C
2069 3111 2225 3181 piam
2261 3109 2504 3164 munitae
2529 3113 2707 3180 caput
2729 3109 3099 3181 salutemque
3121 3110 3418 3165 confidere
3447 3110 3722 3166 decrevit.

303 3212 555 3268 valitura
587 3209 721 3264 fidei
771 3205 984 3263 Joanni
1017 3205 1166 3259 data:
1202 3200 1520 3257 reverentia
1551 3198 1854 3254 cohibente
1887 3197 1958 3250 ab

302 3301 432 3370 ipso
483 3301 553 3353 ad
618 3297 870 3368 primam
929 3293 1130 3349 statim
1189 3289 1576 3360 irruptionem
1627 3285 1957 3357 prodendo;

307 3406 442 3444 nam
479 3388 546 3441 ad
581 3392 906 3440 extremum
956 3381 1137 3435 vitare
1184 3395 1246 3434 se
1277 3393 1445 3450 posse
1494 3375 1812 3431 deditionis
1859 3391 1960 3428 ne-

306 3476 640 3532 cessitatein
685 3474 1158 3542 desperaverant.
1196 3468 1398 3537 utique
1441 3482 1574 3520 cum
1607 3461 1959 3532 circumspi-

307 3563 599 3621 cientibus
631 3564 862 3627 cuncta,
887 3556 1096 3612 salutis
1141 3555 1255 3610 alia
1286 3555 1380 3608 via
1409 3553 1778 3624 expediendae
1813 3551 1960 3606 ratio

308 3651 656 3708 humanitus
709 3650 1017 3718 appareret
1075 3643 1256 3698 nulla.
1314 3643 1470 3696 Inter
1526 3640 1646 3694 haec
1703 3640 1960 3695 Joannes

308 3742 436 3814 ipse
467 3738 684 3812 passim
722 3737 989 3790 desertus
1015 3750 1046 3787 a
1069 3732 1386 3804 plerisque,
1413 3746 1518 3785 nec
1550 3729 1662 3784 alio
1689 3730 1810 3799 jam
1849 3730 1962 3783 fere

309 3845 488 3902 quam
551 3823 934 3881 familiarium
999 3819 1457 3876 domesticorum
1517 3819 1719 3887 sepius
1779 3815 1961 3870 comi-

307 3923 453 3986 tatu,
487 3921 610 3970 arte
639 3921 818 3984 atque
861 3909 1096 3982 ingenio
1147 3906 1420 3978 supplere
1453 3905 1744 3960 defectum
1778 3919 1958 3976 Opum

309 4013 365 4062 ct
395 4004 568 4076 capiti
604 4019 670 4059 ac
703 4016 949 4057 summae
995 4014 1190 4053 rerum
1243 4011 1480 4051 suarum
1533 4010 1710 4064 quam
1766 3997 1963 4063 posset

307 4096 528 4167 optime
563 4090 870 4148 consulere
916 4087 1229 4155 nitebatur,
1263 4083 1390 4139 loca
1420 4099 1488 4138 ex
1516 4082 1661 4137 locis
1703 4087 1961 4147 mutans,

316 4199 612 4254 nusquam
646 4180 742 4235 diu
797 4179 1149 4242 consistens,
1184 4189 1341 4228 nunc
1390 4171 1503 4237 hic,
1539 4187 1672 4225 mox
1703 4169 1822 4224 illic
1852 4170 1962 4224 im-

312 4271 544 4345 proviso
595 4268 951 4340 apparendo,
985 4268 1229 4320 conatus
1282 4260 1746 4331 insequentium,
1773 4259 1964 4330 quoad

315 4363 571 4430 poterat,
635 4359 947 4410 frustraus.
1011 4352 1155 4406 Nam
1219 4365 1463 4404 manum
1524 4364 1846 4415 conserere,
1908 4351 1965 4402 et

2069 3203 2213 3269 Ergo
2245 3214 2307 3253 se
2337 3197 2541 3252 Patras
2583 3198 2889 3253 conferens
2933 3197 3272 3269 (praevalida
3325 3199 3447 3254 haec
3496 3205 3622 3254 erat
3669 3203 3726 3255 et

2070 3286 2528 3358 propugnaculis
2562 3302 2763 3342 recens
2795 3287 3040 3342 structis
3074 3287 3477 3343 munitissima
3503 3287 3723 3348 civitasl

2068 3393 2133 3431 eo
2179 3393 2241 3431 se
2290 3375 2548 3440 inclusit,
2583 3376 2857 3431 idoneum
2909 3376 2967 3431 id
3018 3377 3361 3448 praesidium
3411 3382 3581 3433 ratus
3631 3378 3721 3433 cui

2070 3481 2364 3520 summam
2415 3479 2609 3519 rerum
2643 3469 2701 3519 et
2732 3464 3011 3536 reliquias
3060 3466 3305 3520 fortuna:
3354 3465 3414 3520 in
3464 3472 3722 3523 extremo

2069 3553 2412 3608 discrimine
2435 3553 2850 3608 custodiendas
2883 3557 3037 3607 recte
3068 3553 3349 3608 crederet.
3375 3559 3450 3608 At
3481 3555 3724 3626 despota

2069 3642 2325 3697 Joannes
2354 3643 2450 3711 qui
2483 3649 2764 3712 tanquam
2811 3640 3088 3714 indagine
3119 3641 3377 3697 clausam
3415 3643 3599 3698 feram
3631 3660 3720 3699 ve.

2070 3737 2237 3785 nator
2278 3730 2541 3800 undique
2589 3729 2884 3801 vestigans
2936 3729 3164 3785 nullum
3218 3731 3390 3785 finem
3424 3731 3719 3800 quaerendi

2069 3819 2314 3875 Joannis
2344 3819 2513 3874 ducis
2546 3817 2725 3890 inque
2753 3835 2921 3874 suam
2948 3823 3292 3891 potestatem
3328 3820 3593 3892 redigere
3625 3837 3718 3876 co-

2071 3908 2248 3963 nandi
2280 3906 2548 3966 faciebat.
2573 3907 2670 3960 ubi
2696 3906 2808 3962 cito
2829 3907 3101 3979 cognovit
3141 3906 3333 3963 Patris
3366 3924 3501 3963 eum
3533 3908 3721 3964 inclu-

2071 4015 2225 4063 sum,
2245 4014 2311 4052 eo
2338 3996 2642 4052 confestim
2669 3997 2986 4051 exercitum
3013 3995 3245 4068 rapiens
3277 4014 3497 4053 corona
3521 3998 3719 4053 urbem

2070 4085 2478 4152 circumdedit,
2513 4101 2693 4157 prono
2744 4086 2816 4140 ad
2859 4086 2913 4140 id
2961 4102 3106 4140 usus
3154 4086 3354 4142 studio
3406 4087 3625 4142 ducum
3660 4103 3723 4142 ac

2073 4175 2351 4243 militum,
2377 4191 2524 4244 quos
2557 4180 2615 4228 et
2644 4173 2806 4244 ipsos
2837 4173 2969 4228 belli
2997 4190 3114 4228 uno
3147 4174 3204 4228 in
3229 4175 3421 4244 capite
3454 4175 3725 4246 patrandi

2073 4263 2420 4335 percupidos
2454 4262 2754 4317 alacritate
2785 4261 3118 4334 pelliciebat
3146 4263 3215 4318 ad
3249 4264 3725 4320 contendendum

2073 4353 2222 4408 mira
2266 4353 2397 4424 ipsa
2438 4369 2550 4406 non
2601 4351 2779 4406 dubia
2834 4351 3049 4407 vicinia
3100 4354 3324 4422 praedae,
3357 4354 3450 4407 cui
3499 4354 3721 4408 dudum

308 4447 710 4517 aleamjacerc
733 4437 1701 4516 praelii,dcstitutumcopiis,ultra
1724 4452 1955 4492 omnem
1989 4463 2038 4526 υ
2072 4443 2457 4506 inhiaverant,
2491 4458 2665 4514 quam
2700 4441 2824 4497 suis
2857 4442 3060 4514 utique
3100 4444 3221 4512 jam
3259 4444 3538 4499 manibus
3571 4443 3722 4499 elabi

311 4545 376 4593 ut
409 4535 769 4601 facultatem,
803 4533 882 4586 ita
927 4530 1342 4601 cogitationem
1394 4531 1536 4582 erat.
1574 4527 1744 4582 Porro
1775 4527 1957 4582 duces

311 4642 377 4683 ac
410 4624 627 4680 milites
658 4623 912 4692 despotsa
935 4619 1048 4673 late
1081 4634 1182 4690 per
1205 4616 1496 4686 regionem
1529 4615 1717 4686 sparsi
1748 4615 1956 4670 ducem

313 4716 573 4770 hostium
609 4713 706 4767 ubi
743 4712 944 4765 lateret
973 4707 1251 4763 omnibus
1283 4703 1545 4775 vestigiis
1577 4703 1958 4773 indagabant,

313 4805 645 4860 scrutantes
693 4798 931 4854 assidue
979 4796 1106 4851 loca
1153 4797 1364 4849 cuncta
1394 4792 1614 4864 quibus
1645 4793 1798 4848 3‘26
1828 4809 1959 4848 eum

315 4892 594 4949 abscondi
645 4889 732 4944 vel
791 4887 1002 4959 exigua
1049 4883 1310 4956 suspicio
1353 4899 1480 4938 esse
1530 4888 1745 4954 posset.
1799 4882 1962 4938 Unde

314 4999 446 5039 cum
498 4980 598 5036 ille
645 4978 903 5034 latebras
951 4974 1205 5030 subinde
1257 4980 1531 5027 mutuans
1562 4972 1836 5027 continue
1868 4973 1960 5026 fu-

316 5076 498 5144 geret,
531 5069 802 5124 trabebat
835 5070 966 5138 post
1009 5081 1070 5120 se
1097 5063 1318 5128 hostes,
1344 5061 1589 5117 ulterius
1622 5062 1704 5117 sic
1735 5077 1965 5132 semper

315 5161 375 5216 in
423 5161 551 5230 ejus
601 5156 841 5212 ditionis
893 5171 1020 5211 sese
1070 5157 1481 5224 promoventes
1529 5151 1778 5204 intima:
1815 5166 1964 5219 quos

313 5249 413 5306 ille
443 5249 570 5320 ipse
613 5245 944 5302 manifestis
975 5243 1379 5314 deprehensus
1411 5238 1643 5293 indiciis
1675 5238 1842 5293 ducis
1874 5238 1963 5292 fu-

313 5339 526 5409 gientis
560 5337 735 5392 timor
765 5333 1110 5390 audaciores
1161 5330 1386 5385 scilicet
1434 5328 1493 5383 in
1543 5343 1608 5382 eo
1640 5326 1964 5382 invehendo

317 5429 588 5496 faciebat,
614 5429 789 5481 fretos
822 5423 1024 5494 utique
1058 5437 1175 5492 qua
1205 5418 1358 5473 clare
1391 5415 1783 5488 praevalebant
1814 5414 1965 5470 mul-

315 5518 592 5582 titudine,
625 5531 732 5570 nec
772 5527 1124 5582 magnopere
1166 5505 1604 5563 formidandum
1641 5504 1964 5576 quidquam

316 5606 672 5663 arbitrantes
703 5604 774 5659 ab
805 5617 872 5656 eo
901 5601 1001 5672 qui
1024 5599 1247 5655 viribus
1281 5595 1474 5669 palam
1507 5594 1806 5665 diffidens,
1830 5609 1964 5666 spes

2070 4533 2364 4602 negabant
2409 4547 2600 4602 posse.
2627 4530 2856 4586 Crebris
2888 4535 3025 4586 ante
3071 4531 3272 4588 omnia
3327 4532 3637 4604 colloquiis
3667 4537 3722 4587 et

2071 4620 2560 4692 promissionibus
2578 4621 2784 4674 tentati
2803 4619 3180 4675 obsessorum
3209 4622 3279 4675 ab
3313 4622 3719 4677 obsidentibus

2071 4708 2248 4764 animi
2273 4716 2428 4763 sunt.
2457 4707 2894 4778 Proponebatur
2928 4708 3076 4778 ipsis
3107 4725 3209 4779 per
3234 4709 3488 4764 subinde
3513 4709 3717 4764 missos

2073 4797 2262 4870 pellax
2292 4802 2347 4852 et
2370 4801 2700 4868 quaestuosa
2725 4796 3007 4862 conditio,
3031 4798 3362 4868 paciscendi
3386 4799 3496 4853 sibi
3522 4804 3718 4870 praeter

2071 4886 2538 4942 incolumitatem
2561 4901 2854 4954 securam,
2879 4885 3255 4957 amplissima
3275 4887 3712 4957 certissimaque

2075 4975 2335 5048 prmmia,
2369 4991 2498 5046 quae
2542 4974 2862 5045 promereri
2915 4975 3112 5031 statim
3151 4980 3392 5047 possent
3435 4975 3583 5030 facili
3613 4975 3707 5029 de-

2073 5064 2294 5120 ditione
2325 5063 2504 5119 unius
2551 5063 2833 5128 hominis,
2867 5080 3056 5119 causa:
3088 5068 3175 5120 tot
3221 5065 3507 5121 malorum
3539 5061 3620 5117 vel
3647 5061 3697 5115 in

2075 5170 2330 5224 praesens
2363 5153 2698 5224 urgentium
2729 5151 2818 5206 vel
2848 5151 2907 5207 in
2941 5153 3206 5208 futurum
3260 5151 3690 5209 imminentium.

2073 5239 2163 5293 Sic
2194 5239 2349 5293 enim
2381 5246 2536 5293 certo
2568 5236 2873 5305 baberent,
2908 5254 3215 5310 nunquam
3245 5238 3382 5294 inde
3411 5239 3685 5293 abscessu~

2076 5344 2192 5391 ros,
2227 5332 2328 5382 aut
2358 5325 2472 5382 alio
2501 5325 2707 5397 quovis
2749 5331 3019 5398 respectu
3059 5327 3405 5383 avertendos
3430 5327 3681 5382 Romanos

2075 5416 2191 5472 nisi
2224 5416 2490 5472 confecta
2520 5432 2616 5481 re;
2663 5431 2769 5469 nec
2800 5414 3037 5470 interim
3083 5417 3432 5487 parcituros,
3454 5418 3543 5469 aut
3584 5407 3678 5464 ulla

2076 5505 2480 5562 misericordia
2533 5503 2892 5560 revocandos
2920 5504 2993 5558 ab
3025 5505 3268 5562 urendis
3324 5509 3443 5561 tota
3484 5499 3675 5573 regione

2077 5595 2342 5665 frugibus
2371 5611 2437 5650 ac
2467 5593 2660 5663 tectis,
2695 5592 2851 5664 agris
2884 5609 2950 5648 ac
2981 5594 3130 5651 satis
3173 5591 3554 5650 conculcanda
3576 5601 3677 5644 cor-
