4002 6198
218 325 313 380 777

1273 333 1369 386 DE
1406 330 1782 387 MICHAELE
1820 332 2264 390 PALEOLOGO
2298 335 2435 392 LIB.
2476 340 2573 392 IV.

3515 347 3624 403 778

218 449 579 527 στρατοπέδου
650 448 908 527 βαδίζων,
984 454 1138 518 εὐθύς
1192 477 1252 511 τε
1328 454 1861 529 μετασχηματίζεται
1895 457 1947 521 Α
1979 454 2206 531 λιπαρεῖ
2265 460 2509 534 βοηθεῖν,
2572 460 2647 525 είς
2702 460 2881 517 πίστιν
2932 463 2989 520 δὲ
3036 470 3143 522 τῶν
3201 468 3448 526 σπονδῶν
3496 474 3623 527 ἑαυ-

214 540 294 594 καὶ
360 539 597 615 χλαῖναν
659 542 751 614 μὶν
834 542 1100 614 μέλαιναν
1171 543 1519 617 περιτίθεται,
1576 548 1765 617 κρατεῖ
1823 540 1875 595 δ’

216 630 304 683 ἀνὰ
332 635 528 705 χεῖρας
580 628 755 684 ’ίππου
816 630 1046 705 ῥυτῆρα,
1102 634 1197 686 παῖ
1258 632 1395 686 κατὰ
1448 631 1746 704 Θεράποντα
1781 651 1871 703 με-

1439 722 1601 793 μέσας
1674 719 1870 780 νύκτας

212 719 677 792 τασκευασάμενος
761 718 1128 774 καθευδόντων
1215 723 1339 795 περὶ

213 810 343 862 ἅπαν
375 809 439 861 τὸ
473 805 836 883 στρατόπεδον
890 806 1089 883 διεξῄει
1143 809 1570 884 ὲρωτηματικῶς
1610 807 1865 883 ἐκφωνῶν

208 896 463 972 συχνάκις
497 896 636 972 ,περὶ
669 896 837 951 ἵππου
863 895 1020 966 δῆθεν
1047 898 1426 961 ἀπολωλότος.
1454 898 1559 955 Καὶ
1584 918 1633 951 οι
1662 899 1755 970 μὲν
1779 918 1871 951 κα-

204 1007 262 1055 τη
276 985 504 1058 μὲλουν,
533 987 582 1040 οἱ
611 984 669 1040 δὲ
717 1007 806 1040 και
860 986 1229 1061 ὰπελογοῦντο
1260 985 1471 1050 ἔνδοθεν
1502 991 1611 1041 τῶν
1647 991 1863 1057 σκηνῶν

204 1077 276 1147 μή
313 1072 447 1129 ἰδεῖν
474 1076 535 1129 τὸ
568 1074 821 1147 σύνολον,
844 1075 1054 1129 ἐκείνου
1085 1076 1265 1130 καὶτᾶ
1296 1076 1370 1138 εἰς
1402 1076 1611 1151 εὕρεσιν
1656 1074 1862 1148 δαψιλῆ

200 1164 776 1238 καθυπισχνουμὲνου.
841 1166 942 1219 Καὶ
1005 1163 1148 1219 οὕτω
1209 1166 1390 1219 λαθὼν
1449 1166 1545 1226 τὰς
1609 1166 1860 1218 ἁπάντων

197 1253 428 1327 γνώσεις
480 1252 779 1307 ἀπολύεται
834 1255 929 1326 μὲν
958 1258 1055 1308 τοῦ
1100 1259 1409 1327 Ῥωμαϊκοῦ
1468 1252 1861 1327 στρατοπέδου,

202 1341 577 1405 ἐνσκευασθεὶς
640 1342 696 1396 δὲ
754 1344 848 1415 ἅμ’
895 1340 988 1415 ἴῳ,
1038 1343 1129 1397 καὶ
1180 1341 1249 1397 δι’
1280 1342 1502 1413 ἀδήλων
1556 1344 1649 1404 τὰς
1681 1338 1861 1412 Θήϐας

199 1430 248 1485 ἐν
310 1431 550 1506 ἡμέραις
610 1430 855 1506 μετρίαις
899 1427 1245 1500 καταλαϐὼν,
1284 1430 1514 1505 μηδενὸς
1548 1437 1654 1486 τῶν
1695 1431 1860 1485 αὐτοῦ

220 1517 306 1574 νδό
510 1520 522 1539 a
542 1518 584 1539 ax
675 1522 684 1535 ι
844 1518 868 1536 ν
909 1518 930 1536 n
1207 1526 1230 1535 ..
1417 1523 1428 1537 .
1542 1525 1569 1535 ..
1677 1521 1689 1539 ς
1768 1520 1778 1539 ι

194 1540 235 1573 ει
311 1541 411 1581 τος
444 1524 594 1593 (ουοε
626 1541 728 1594 γαρ
758 1522 810 1574 οἱ
843 1540 994 1574 ενοον
1046 1527 1272 1594 Πατρων
1324 1520 1471 1590 πλην
1504 1543 1612 1575 των
1642 1542 1857 1574 οικειων

191 1608 275 1663 καὶ
344 1612 430 1671 οἷς
484 1609 755 1664 ἒπίστευεν
811 1607 1031 1683 ᾔδεσαν,
1087 1607 1138 1664 οἳ
1198 1608 1263 1679 δὴ
1324 1610 1413 1663 καὶ
1474 1608 1552 1685 ἐφ’
1616 1610 1856 1684 ἡμέραις

189 1694 439 1770 ἔμελλον
472 1698 775 1767 συσκιάζιιν
836 1699 897 1752 τὸ
957 1696 1137 1773 δρᾶμα
1190 1704 1306 1760 τοῖς
1369 1697 1421 1753 ἐν
1467 1702 1535 1771 τῇ
1580 1696 1739 1751 πόλει
1776 1698 1853 1770 μὴ

189 1784 527 1861 φαινομένου
576 1791 675 1841 τοῦ
738 1788 1036 1859 Ἰωάννου),
1098 1786 1270 1841 ἐκεῖσε
1330 1786 1510 1841 τοίνυν
1555 1787 1648 1840 τὸν
1686 1787 1850 1859 μεγαν

186 1873 384 1951 κύριον
443 1870 874 1947 καταλαμϐάνει,
923 1876 1323 1948 ὁμωνυμοῦντά
1363 1877 1415 1930 οἱ
1449 1877 1528 1949 [Ρ.
1563 1876 1688 1947 221]
1722 1878 1851 1946 (Συ-

188 1961 474 2038 ριωάννης
521 1965 625 2039 γὰρ
671 1965 809 2018 κατά
852 1962 1103 2039 γλῶτταν
1157 1962 1423 2039 ἐλέγετο),
1463 1963 1551 2017 καὶ
1586 1960 1653 2032 δὴ
1681 1983 1853 2035 προσ-

176 2177 558 2248 rumpendis,
602 2176 942 2233 excidendis
990 2178 1199 2246 vineis,
1259 2178 1516 2250 denique
1562 2177 1733 2248 ipsis,
1792 2176 1842 2232 si

176 2266 455 2338 accipere
471 2267 669 2321 oblata
692 2270 1341 2338 recusarent,tanquam
1361 2265 1634 2321 hostibus
1653 2265 1844 2320 inexo-

172 2352 904 2420 rabiliterinfensis,omni
934 2353 1072 2408 belli
1108 2354 1273 2409 clade
1304 2354 1841 2426 perdendis,quan-

170 2447 480 2512 tacunque
507 2443 656 2498 821
698 2442 769 2496 ad
805 2442 861 2495 id
887 2441 1308 2513 perﬁciendum
1358 2441 1645 2513 patientia
1693 2456 1841 2511 opus

172 2535 363 2587 esset.
397 2530 545 2586 Nam
578 2530 687 2586 sibi
735 2529 1036 2586 abundare
1083 2530 1292 2600 otium,
1326 2534 1382 2585 et
1428 2530 1598 2585 unice
1634 2544 1841 2584 vacare

172 2620 383 2675 soluto
414 2620 574 2674 curis
606 2618 1205 2689 aliis,quantumlibet
1222 2620 1478 2692 spatium
1503 2619 1561 2673 in
1589 2635 1657 2672 ea
1681 2617 1839 2673 obsi-

170 2708 359 2763 dione
391 2723 758 2764 consumere.
790 2707 954 2762 Talia
1003 2707 1377 2763 denuntianti
1425 2709 1679 2778 despotes
1724 2707 1837 2761 Pa-

174 2803 417 2854 trenses
441 2797 559 2852 sive
579 2813 711 2852 vere
742 2796 1087 2869 sinceraque
1105 2797 1316 2852 mentis
1334 2798 1581 2868 propria:
1605 2800 1839 2850 senten-

167 2889 275 2953 tia,
350 2886 471 2942 sive
520 2887 601 2941 ita
652 2886 983 2942 faciendum
1038 2892 1409 2957 suggerente,
1457 2902 1628 2955 quem
1676 2884 1838 2938 intus

167 2991 385 3031 secum
421 2975 734 3042 habebant,
765 2979 990 3030 Joanne
1015 2976 1183 3043 duce,
1232 2977 1533 3028 mansuete
1558 2974 1839 3027 modeste.

171 3081 289 3137 que
307 3065 772 3136 respondebant;
799 3067 1337 3131 excusantes,matu
1349 3078 1469 3117 ram
1489 3062 1547 3116 in
1566 3061 1841 3133 praesenti

1980 554 2097 608 τοῖς
2152 548 2241 602 καὶ
2298 547 2467 617 κῆδος
2524 550 2682 605 ἐτίθει
2731 554 3001 627 γενέσθαι,
3052 559 3126 618 ὡς
3180 555 3370 615 λαϐεῖν
3418 559 3620 616 ἐκεῖνον

1978 631 2224 709 γαμϐρὸν
2284 636 2370 691 ἐπὶ
2430 639 2670 714 Θυγατρί.
2730 641 2792 696 Ὀ
2852 639 2909 695 δὲ
2969 646 3132 718 μὲγας
3191 647 3383 721 κύριος
3438 650 3621 704 Ἰωάν-

1978 747 2075 795 νης
2122 746 2189 780 τα
2244 728 2362 789 καθ’
2422 726 2580 781 αὐτὸν
2640 729 2733 800 μὲν
2795 739 3114 805 παρῃτεῖτο,
3175 743 3250 800 ὡς
3309 736 3440 809 μηδ’
3488 738 3622 792 εἶναί

1978 815 2027 900 οἱ
2088 813 2307 869 δυνατὸν
2368 813 2461 869 ἐπὶ
2536 818 2757 892 συζυγίᾳ
2818 820 3233 899 καταληφθῆναι
3294 826 3502 890 ἀσθενεῖ
3560 848 3622 900 γε

1975 899 2089 957 ὄντι
2162 903 2251 957 καὶ
2321 902 2567 979 ποδάγρα
2642 903 2793 977 δεινῇ
2865 910 3322 983 προσπαλαίοντι,
3385 899 3618 990 ἀδελφὸν

1975 988 2030 1045 δέ
2072 992 2124 1045 οἱ
2173 992 2305 1045 εἶναι
2352 992 2442 1045 τὸν
2489 989 2655 1045 παῖδα
2707 993 3075 1068 Γουλίελμον,
3114 998 3174 1053 δν
3222 999 3310 1053 καὶ
3343 1000 3416 1061 εἷς
3447 988 3620 1069 κῆδος

1972 1082 2091 1134 οἷον
2123 1079 2323 1141 ἐκεῖνος
2356 1078 2634 1147 προῦτεινε
2664 1082 2752 1136 καὶ
2805 1083 2925 1137 λίαν
2964 1089 3245 1160 χρήσιμον
3275 1086 3615 1163 παρεδείκνυ.

1970 1167 2143 1226 Ἀλλὰ
2171 1170 2237 1224 τα
2269 1169 2364 1243 μὲν
2388 1174 2486 1223 τοῦ
2529 1167 2731 1240 κήδους
2782 1172 2871 1225 καὶ
2920 1172 3137 1247 ὕστερον
3171 1171 3325 1248 ἔλεγε
3352 1176 3617 1248 τελεσθή-

1969 1261 2149 1313 σεσθαι
2198 1263 2304 1312 τῶν
2355 1256 2825 1333 συναλλαγμάτων
2886 1262 3172 1334 κειμένων,
3224 1264 3253 1317 ὅ
3297 1262 3363 1333 δὴ
3403 1265 3493 1319 καὶ
3524 1267 3617 1339 γὲ-

1966 1347 2280 1419 γονεοτότε
2329 1342 2385 1398 δὲ
2434 1346 2780 1424 τριακοσίους
2827 1343 3232 1423 καϐαλλαρίους
3280 1348 3405 1412 δοὺς
3443 1352 3610 1424 αὐτῶ,

1965 1426 2000 1493 ἢ
2058 1427 2147 1479 καὶ
2217 1425 2462 1493 πλείους,
2518 1426 2591 1486 ὡς
2652 1423 2884 1500 λέγεται,
2946 1427 2994 1500 ἐξ
3056 1430 3221 1495 αὐτῆς
3274 1428 3612 1503 ἀποπέμπει,

1966 1509 2159 1587 ἄνδρας
2208 1510 2455 1586 ἀρεϊκοὺς
2513 1514 2602 1566 καὶ
2655 1513 2881 1568 πολλῶν
2936 1538 3096 1570 τινων
3147 1524 3614 1595 καθυπερτεροῦν-

1961 1623 2076 1664 τας.
2133 1600 2239 1662 Οὓς
2288 1596 2471 1655 λαϐὼν
2531 1601 2621 1655 καὶ
2677 1609 2795 1665 τοῖς
2850 1604 3015 1658 αὐτοῦ
3063 1608 3366 1680 προσμίξας
3400 1607 3489 1664 διὰ
3515 1632 3611 1665 τα-

1966 1693 2131 1764 χὲων,
2179 1691 2251 1750 ὡς
2306 1687 2500 1762 μηδενὶ
2556 1692 2856 1767 φωραθείη,
2905 1695 3091 1767 καιρὸν
3144 1694 3479 1773 ἐπιτηρήσας
3512 1699 3611 1771 ἐμ-

1962 1779 2147 1834 πίπτει
2200 1783 2306 1833 τῶν
2369 1780 2720 1854 πραχθέντων
2794 1782 2869 1854 μή
2946 1782 3285 1855 αἰσθομένοις
3365 1785 3506 1859 μηδὲ
3559 1810 3612 1843 τι

1962 1867 2364 1944 προσδοκῶσιν,
2421 1867 2549 1923 ἀλλ’
2605 1870 2656 1923 ἐν
2716 1870 2886 1925 ἆνὲσει
2944 1872 3176 1944 παντοίᾳ
3232 1872 3473 1949 διάγουσι
3513 1876 3609 1932 λο-

1961 1962 2173 2035 γισμῶν
2207 1958 2302 2030 ιὡς
2364 1956 2513 2013 ἔνδον
2572 1957 3035 2035 ἐγκεκλεισμένου.
3087 1963 3239 2026 Τέως
3290 1961 3347 2019 δὶ
3397 1966 3470 2027 ὡς
3503 1966 3613 2020 εἷσ-

1954 2174 2202 2245 impune
2230 2172 2491 2243 trajectis
2514 2188 2690 2242 quam
2709 2172 2826 2229 late
2852 2175 3127 2243 patebant
3156 2177 3364 2233 castris
3396 2178 3605 2234 Roma-

1956 2264 2049 2317 nis
2080 2261 2388 2331 universis,
2416 2261 2527 2316 sub
2558 2278 2831 2317 auroram
2865 2279 2966 2333 per
2997 2264 3115 2319 vias
3152 2264 3414 2322 occultas
3454 2284 3597 2323 con-

1953 2351 2142 2407 tendit
2171 2352 2402 2406 Thebas
2425 2366 2649 2415 versus,
2685 2368 2800 2422 quo
2832 2351 3037 2422 paucis
3070 2353 3281 2409 diebus
3330 2355 3596 2426 inexspe-

1953 2439 2315 2494 ctatissimus
2349 2438 2629 2509 pervenit.
2654 2439 2761 2505 Qui
2794 2440 2950 2496 enim
2985 2440 3065 2497 ibi
3097 2442 3419 2515 quidquam
3452 2462 3603 2517 prae-

1953 2528 2177 2583 moneri
2209 2528 2281 2582 de
2319 2527 2473 2583 328
2519 2530 2647 2597 ejus
2684 2530 2939 2584 adventu
2971 2531 3285 2601 potuisset,
3320 2549 3496 2603 quem
3532 2552 3606 2591 ne

1952 2619 2258 2674 Patrenses
2273 2620 2510 2688 quidem
2538 2619 2722 2674 Patris
2745 2621 3068 2677 excessisse
3081 2623 3273 2677 adhuc
3300 2630 3599 2695 noverant,

1951 2707 2153 2779 paucis
2183 2707 2298 2762 illis
2330 2707 2785 2762 domesticorum
2819 2709 3060 2777 factum,
3095 2712 3265 2782 cujus
3297 2711 3403 2767 soli
3435 2718 3601 2768 erant

1952 2796 2192 2863 conscii,
2228 2795 2445 2851 silentii
2474 2796 2625 2867 quod
2652 2802 2855 2853 sancte
2886 2799 3279 2869 promiserant
3312 2802 3422 2855 lide
3443 2818 3602 2857 sum-

1952 2902 2046 2940 ma
2075 2885 2420 2940 celantibus.
2453 2891 2510 2940 et
2536 2894 2705 2956 prout
2737 2893 3083 2943 convenerat
3111 2889 3361 2944 Joannis
3389 2889 3606 2945 absen-

1952 2974 2093 3028 tiam
2127 2975 2462 3045 tegentibus
2492 2974 2737 3029 artiﬁcio
2798 2976 2961 3030 facile
2992 2982 3287 3032 avertente
3337 2978 3603 3034 curiosas

1953 3064 2321 3133 su9piciones
2354 3062 2618 3116 sollicitas
2653 3064 2973 3133 praesertim
3002 3068 3057 3118 et
3089 3064 3204 3119 alio
3235 3069 3469 3120 attentas
3497 3066 3598 3120 tali

175 3171 305 3210 rem
347 3170 465 3209 non
494 3170 659 3221 esse;
691 3153 1034 3224 suppliciter
1064 3158 1297 3209 orantes
1321 3152 1537 3206 remitti
1557 3151 1843 3223 tantisper
1871 3168 1914 3235 ρ
1954 3156 2106 3209 statu
2139 3151 2407 3206 civitatis.
2443 3155 2517 3204 At
2544 3151 2801 3207 Joannes
2832 3168 3111 3225 magnum
3144 3152 3362 3210 Thebis
3412 3154 3598 3210 domi-

166 3243 647 3317 oppugnationis
706 3244 1000 3315 impetus;
1064 3259 1343 3314 magnum
1412 3242 1604 3297 brevis
1663 3258 1839 3296 morm

167 3334 443 3403 pretium
480 3333 635 3400 fore;
667 3349 800 3387 nam
833 3349 893 3386 se
924 3331 1157 3387 interim
1201 3329 1564 3386 confirmatis
1595 3330 1837 3397 viribus,

176 3422 282 3476 ubi
327 3420 624 3492 praesidio,
660 3421 814 3490 quod
865 3418 1204 3491 impositum
1264 3418 1589 3474 cervicibus
1620 3418 1840 3489 perfer-

170 3515 340 3580 rent,
378 3508 688 3564 eluctando
717 3508 861 3563 satis
894 3512 1157 3580 possent,
1199 3507 1398 3563 omnia
1457 3524 1584 3577 quze
1636 3523 1839 3578 posce-

167 3603 399 3655 rentur
456 3598 761 3653 eﬁ‘ecturos
812 3601 870 3652 et
907 3599 1189 3652 Joannem
1241 3596 1300 3650 in
1336 3613 1503 3651 suam
1538 3598 1838 3651 redactum

168 3692 546 3760 potestatem
566 3687 906 3742 tradituros.
926 3686 1155 3741 Auditae
1174 3701 1373 3757 preces
1405 3689 1564 3741 sunt.
1584 3684 1687 3740 Vis
1709 3702 1840 3741 sus-

164 3775 505 3850 penditur;
533 3776 676 3831 ﬁdes
707 3779 1078 3847 exspectatur
1111 3775 1840 3845 promissorum.Longum

170 3864 237 3920 in
273 3865 382 3919 his
413 3868 649 3934 tempus
694 3862 837 3926 abit,
892 3862 1026 3916 hinc
1073 3861 1451 3916 Patrensibus
1494 3862 1551 3913 in
1597 3860 1841 3915 artiﬁcio

170 3953 352 4027 quod
412 3953 695 4024 prodesse
760 3955 1032 4023 coeperat,
1089 3950 1354 4021 gnaviter
1418 3949 1838 4020 perstantibus,

165 4043 327 4098 inde
354 4040 635 4097 Romanis
656 4056 756 4111 spe
772 4039 885 4096 sibi
911 4056 1059 4094 vana
1087 4038 1342 4093 victoria:
1370 4038 1645 4109 proximze
1669 4036 1839 4091 blan-

163 4130 642 4187 dientibus.Hoc
672 4129 917 4184 articulo
970 4143 1163 4183 rerum
1228 4127 1576 4182 tentandum
1619 4125 1840 4195 aliquid

165 4236 480 4293 magnum
513 4219 631 4273 dux
659 4217 916 4273 Joannes
947 4216 1276 4282 constituit,
1300 4214 1565 4270 adhibita
1597 4215 1655 4269 in
1702 4230 1840 4270 con-

1958 3258 2099 3295 num
2134 3240 2359 3295 invenit
2390 3239 2500 3296 sibi
2535 3241 2945 3311 cognominem
2973 3259 2985 3295 :
3011 3241 3365 3313 Syrioannes
3386 3244 3601 3315 quippe

1956 3328 2115 3399 linga
2147 3329 2267 3383 illic
2301 3328 2519 3383 usitata
2546 3329 2884 3384 vocabatur.
2919 3334 3085 3385 Hunc
3114 3330 3336 3387 'adiens
3381 3332 3601 3387 inﬁmis

1956 3418 2229 3491 precibus
2261 3422 2387 3472 orat
2419 3422 2484 3471 ut
2514 3417 2628 3471 sibi
2659 3416 2992 3486 auxiliatur,
3044 3418 3241 3474 oblata
3288 3420 3346 3475 in
3389 3422 3603 3492 pignus

1956 3507 2188 3563 fcederis
2222 3505 2459 3577 propria
2495 3506 2613 3560 ﬁlia
2644 3505 2755 3577 ipsi
2791 3512 3066 3579 nuptura.
3117 3509 3199 3563 Ad
3245 3526 3313 3564 ea
3356 3525 3608 3580 magnus

1957 3597 2230 3652 dominus
2261 3596 2520 3651 Joannes
2554 3596 2805 3666 negabat
2826 3613 2888 3651 se
2912 3602 3115 3668 aptum
3138 3599 3609 3671 nuptiis,quippe

1956 3702 2087 3740 cum
2121 3686 2295 3739 malis
2317 3684 2607 3754 desperati
2643 3686 2886 3740 remedii
2922 3686 3076 3753 aliis,
3122 3691 3251 3742 tum
3291 3687 3606 3743 incurabili

1955 3773 2277 3846 praesrtim
2308 3773 2706 3827 conflictatum
2741 3775 3021 3846 podagra.
3056 3776 3167 3830 Sed
3222 3777 3458 3831 fratrem
3491 3777 3606 3832 sibi

1954 3879 2082 3919 esse
2112 3861 2538 3917 adolescentem
2574 3861 2953 3926 Gulielmum,
2986 3879 3158 3933 quem
3194 3864 3251 3917 in
3282 3864 3455 3920 istam
3481 3866 3602 3919 afﬁ-

1955 3954 2197 4008 nitatem
2227 3951 2336 4005 sibi
2373 3950 2538 4005 valde
2570 3950 2876 4020 probatam
2919 3956 2976 4006 et
3027 3951 3323 4022 utrimque
3363 3952 3598 4022 judica-

1953 4046 2074 4095 tam
2105 4039 2305 4094 utilem
2340 4038 2591 4093 offerret.
2626 4061 2649 4085 α
2682 4042 2897 4094 Verum
2932 4041 3074 4108 haec,
3111 4061 3138 4089 ››
3170 4038 3387 4111 inquit,
3422 4041 3594 4111 «jam

1954 4145 2109 4185 nunc
2140 4128 2293 4183 inter
2323 4144 2429 4182 nos
2460 4131 2747 4183 conventa
2777 4144 2882 4183 suo
2913 4127 3184 4183 videlicet
3233 4129 3599 4186 curabuntur

1952 4223 2234 4290 tempore,
2265 4246 2293 4271 ι
2326 4222 2497 4288 prout
2539 4222 2627 4272 est
2684 4234 2881 4273 revera
2921 4218 3164 4286 factum,
3207 4218 3338 4274 istis
3387 4220 3598 4276 deinde

165 4310 325 4365 siliu
338 4324 390 4364 ω
403 4311 633 4379 ,przeter
647 4306 756 4377 ipsi
774 4305 1113 4361 familiarem
1130 4304 1511 4375 innatamque
1525 4302 1840 4368 audaciam,

157 4406 455 4456 extrema
497 4395 850 4452 necessitate
883 4411 1080 4451 rerum
1111 4410 1354 4449 suarum
1392 4392 1599 4448 ultimo
1623 4393 1749 4464 jam
1782 4391 1842 4447 in

164 4486 538 4544 discrimine
578 4484 958 4556 pendentium
992 4500 1004 4539 :
1036 4488 1209 4539 noctu
1262 4498 1364 4553 per
1411 4482 1559 4537 ﬁdos
1605 4498 1842 4554 paucos,

145 4578 419 4649 juratos
451 4590 662 4629 arcano
694 4573 910 4628 factum
944 4572 1271 4637 habituros,
1306 4570 1533 4625 demitti
1568 4588 1630 4625 se
1674 4587 1844 4625 cura-

158 4667 259 4721 vit
292 4663 545 4719 funibus
594 4678 695 4733 per
742 4677 1004 4725 murum,
1050 4663 1208 4714 veste
1258 4663 1428 4714 antea
1472 4664 1717 4727 mutata,
1769 4675 1841 4713 ne

159 4756 398 4828 posset
424 4751 679 4823 agnosci.
717 4751 868 4805 Tum
891 4753 957 4803 ut
991 4753 1115 4804 erat
1145 4764 1284 4819 sago
1316 4747 1486 4817 nigro
1524 4747 1582 4801 in
1635 4747 1839 4801 famuli

157 4841 452 4916 speciem
486 4841 769 4908 larvatus,
803 4838 936 4910 equi
963 4838 1225 4893 habenas
1246 4853 1424 4891 manu
1443 4840 1841 4904 tenens,nocte

158 4930 488 4990 concubia
518 4927 926 4984 dormentibus
957 4925 1206 4992 cunctis,
1246 4940 1349 4996 per
1399 4925 1590 4980 media
1632 4924 1844 4980 transit

158 5028 415 5085 castra,
447 5018 768 5073 identidem
803 5016 1113 5088 inquirens
1157 5014 1411 5087 supplici
1463 5014 1738 5082 clamore,
1792 5013 1842 5070 si

157 5109 285 5182 qui
351 5106 530 5163 sciret
587 5122 703 5177 quo
763 5106 1006 5160 abiisset
1053 5103 1165 5159 sibi
1217 5103 1454 5174 elapsus
1504 5119 1691 5172 equus
1741 5103 1842 5157 do-

146 5197 359 5264 mini,
397 5199 726 5251 monstrare
758 5208 829 5248 ne
862 5196 1209 5265 gravaretur
1249 5208 1262 5247 :
1317 5207 1591 5264 magnam
1644 5191 1844 5246 indicii

149 5287 531 5347 mercedem
578 5285 721 5341 fore.
757 5284 850 5339 Sic
900 5287 1137 5338 euntem
1187 5282 1237 5337 si
1288 5282 1386 5353 qui
1435 5280 1639 5353 vigiles
1688 5281 1846 5336 vide-

149 5381 362 5447 bant,
394 5376 703 5447 procedere
738 5373 1033 5441 sinebant,
1070 5371 1219 5426 nihil
1250 5371 1533 5443 suspicali
1562 5387 1573 5424 :
1605 5369 1704 5425 alii
1745 5374 1850 5425 ab-

146 5466 290 5524 diti
338 5462 735 5519 tabernaculis
766 5477 913 5532 quos
962 5477 1207 5516 somnus
1259 5461 1330 5515 ab
1392 5460 1684 5515 audiendo
1736 5478 1850 5515 non

148 5557 445 5619 arceret,
478 5551 839 5622 negligenter
868 5549 1097 5603 reddita
1138 5549 1299 5603 intus
1344 5564 1480 5602 voce
1535 5551 1854 5618 responde-
1965 5548 2312 5604 certissimae
2372 5548 2810 5618 acquiescentes
2860 5547 3383 5619 persuasissimum
3434 5546 3614 5601 habe-

141 5646 344 5703 bant
373 5646 653 5713 negantes
684 5654 902 5711 equum
936 5637 1050 5693 sibi
1080 5636 1294 5693 visum.
1319 5636 1384 5691 In
1418 5635 1572 5691 hunc
1606 5638 1853 5695 modum
1968 5639 2106 5695 bant
2137 5638 2421 5694 Joannem
2457 5635 2662 5707 utique
2690 5638 2897 5692 ducem
2949 5654 2981 5691 a
3027 5653 3141 5707 quo
3187 5653 3302 5692 uno
3352 5638 3614 5693 metuere

519 5760 607 5817 ΡΑ
620 5772 789 5818 rect.
838 5756 949 5816 Gn.
997 5754 1251 5816 CXLIII.
3215 5754 3289 5815 25

1956 4307 2063 4363 rite
2112 4306 2424 4362 celebratis
2475 4305 2696 4377 nuptiis
2749 4323 2761 4361 :
2814 4329 2841 4355 «
2892 4324 3047 4362 nunc
3100 4310 3163 4362 ut
3212 4309 3364 4379 quod
3418 4310 3602 4365 instat

1957 4402 2389 4469 praevertamus,
2422 4395 2618 4466 accipe
2651 4413 2685 4450 a
2716 4410 2806 4450 me
2847 4396 3063 4451 auxilia
3095 4413 3221 4467 qua:
3254 4398 3534 4467 postulas.
3574 4420 3596 4450 ι

1960 4486 2236 4557 Datisque
2257 4484 2342 4538 illi
2374 4482 2707 4538 caballariis
2741 4485 3039 4555 trecentis,
3074 4489 3195 4556 aut,
3248 4493 3313 4542 ut
3360 4487 3599 4559 quidam

1953 4579 2245 4638 asserunt,
2284 4572 2575 4644 pluribus,
2610 4589 2743 4627 eum
2797 4574 3073 4629 continuo
3124 4574 3372 4631 dimisit.
3426 4576 3603 4632 Erant

1950 4664 2008 4719 hi
2043 4662 2353 4717 bellatores
2384 4660 2691 4716 lectissimi
2722 4678 2949 4733 omnes,
2987 4662 3364 4736 pluriumque
3412 4664 3600 4721 instar

1951 4751 2312 4822 singuli.Hos
2343 4749 2469 4805 suis
2499 4750 2788 4806 admistos
2818 4768 3055 4807 summa
3097 4752 3392 4809 celeritate
3441 4754 3597 4826 pari-

1954 4854 2068 4911 que
2117 4838 2374 4903 silentio,
2436 4855 2507 4893 ne
2566 4837 2683 4893 ullo
2733 4854 2907 4894 sensu
2963 4839 3044 4895 rei
3100 4857 3225 4911 quas
3283 4844 3599 4913 parabatur

1953 4927 2153 4983 hostes
2217 4927 2696 4995 admonerentur,
2746 4927 2955 4982 castris
3012 4928 3080 4982 ad
3147 4928 3346 4984 Patras
3394 4930 3601 5002 positis

1955 5017 2292 5081 admovens,
2326 5015 2384 5070 in
2435 5030 2502 5070 ea
2550 5018 2879 5087 opportuno
2916 5020 3147 5087 captato
3176 5021 3437 5090 tempore
3463 5020 3602 5075 totis

1954 5107 2182 5161 viribus
2214 5104 2508 5176 irrumpit.
2545 5104 2820 5160 Omnium
2856 5106 3064 5159 horum
3125 5123 3366 5178 prorsus
3413 5109 3602 5180 ignari

1959 5195 2202 5249 Romani
2237 5198 2407 5247 erant
2437 5192 2583 5247 nihil
2617 5198 2743 5248 tum
2783 5193 2977 5248 minus
3027 5210 3201 5264 quam
3261 5197 3378 5251 tale
3436 5197 3606 5266 quid-

1960 5283 2118 5356 piam
2152 5286 2581 5353 exspectantes.
2614 5283 2786 5350 Quin,
2820 5287 2885 5338 ut
2932 5282 2991 5337 in
3038 5283 3254 5355 supina
3301 5285 3611 5339 securitate

1964 5372 2086 5427 ﬁeri
2121 5378 2301 5438 amat,
2336 5370 2391 5424 in
2430 5372 2623 5426 omnis
2656 5387 2717 5427 se
2769 5372 3000 5443 generis
3041 5372 3417 5428 remissiones
3462 5373 3612 5427 rela-

1960 5464 2263 5523 xaverant,
2295 5475 2465 5513 curas
2496 5460 2758 5513 solvente
2783 5464 3025 5515 cunctas
3071 5460 3363 5530 Opinione,
3405 5457 3495 5513 cui
3547 5464 3616 5515 ut
