4002 6198
345 322 454 377 779

1651 315 1953 374 GEORGII
1990 315 2454 373 PACHYMERE

3648 314 3757 369 780

353 442 547 503 ϐάλλει
596 443 728 499 ποτὶ
782 440 1008 517 στρατὸς
1067 440 1388 503 ἀκούσαντες
1439 437 1633 517 σχεδὸν
1691 439 1993 514 ἐταράχθης·
2021 449 2074 515 Α
2104 437 2360 511 Ἐκλίνθη
2395 437 2444 496 δ’
2472 442 2507 510 ἡ
2545 439 2720 516 μάχη,
2756 442 2898 497 εἶπεν
2931 438 2990 495 ἄν
3039 461 3122 504 τις
3163 444 3492 511 ποιητικῶς,
3528 441 3618 494 καὶ
3651 442 3758 494 τῶν

355 557 474 604 σαν,
504 535 822 608 ἀγνοοῦντες
870 531 932 586 τὸ
982 528 1184 606 δρᾶμα.
1234 530 1366 585 Τότε
1408 530 1587 585 τοίνυν
1635 529 1994 603 συμμίξαντες

353 621 496 678 ἔνθεν
534 623 626 694 μὲν
660 621 711 676 οἱ
768 619 893 697 περὶ
947 620 1040 676 τὸν
1097 621 1331 694 Ῥιμψᾶν
1391 620 1614 694 Ηέρσαι,
1669 618 1815 674 πολὺ
1847 616 1904 674 δὲ
1933 618 1994 672 τὸ

353 712 661 783 Ῥωμαϊκὸν
718 712 808 766 καὶ
867 711 926 765 οἱ
1003 710 1128 786 περὶ
1202 711 1295 765 τὸν
1366 707 1632 780 δεσπότην
1693 708 1996 781 κράτιστοι,

355 799 557 864 ἐκεῖθεν
606 797 663 854 δὲ
709 801 760 854 οἱ
801 801 927 868 περὶ
972 799 1064 853 τὸν
1123 798 1378 869 Ἰωάννην
1440 797 1641 855 Ἰταλοί
1688 797 1778 852 καὶ
1819 797 1872 852 οἱ
1901 797 2000 851 αὐ-

357 892 455 945 τοῦ
483 887 690 946 πολλοί
716 910 776 965 γε
817 885 968 953 ὄντες
1013 890 1097 944 καὶ
1137 887 1375 964 μάχιμοι
1425 886 1869 964 συνεῤῥήγνυντο.
1903 885 2002 940 Καὶ

360 977 726 1052 συμπεσόντες
773 977 954 1054 ὀλίγοι
1003 976 1230 1040 πλείους
1276 977 1486 1032 ἐνίκων.
1539 977 1607 1034 Οἱ
1658 977 1752 1049 μὲν
1799 977 1902 1052 γὰρ
1931 978 2000 1048 τῇ

361 1069 479 1124 κατ’
529 1067 728 1130 αὐτοὺς
776 1067 1016 1138 συντάξει
1073 1065 1394 1143 θαρῥοῦντες
1448 1067 1688 1137 ἀκμῆτες
1718 1061 1864 1126 ὅντες
1913 1065 2004 1119 καὶ

362 1155 414 1226 ιε
455 1156 620 1226 αὐτῆς
650 1152 863 1230 ἕτοιμοι
902 1151 1238 1230 προσϐαλεῖν
1284 1157 1420 1210 κατᾶ
1461 1156 1664 1228 τρόπον
1696 1153 1999 1210 ἐνέπιπτον

363 1247 418 1302 οἷ’
469 1243 526 1301 δὲ
575 1250 738 1301 τοῦτο
797 1245 894 1318 μὲν
944 1249 1024 1317 τῷ
1091 1241 1489 1321 ἀπροσδοκήτῳ
1543 1241 2002 1317 καταμλαγὲντες,

357 1338 518 1390 τοῦτο
551 1332 608 1389 δὶ
637 1333 725 1388 καὶ
776 1332 991 1403 πλῆθος
1039 1332 1347 1406 σύμμικτον
1379 1328 1547 1401 ὄντες,
1600 1331 1650 1386 ἐν
1681 1335 1763 1394 οἷς
1797 1330 1998 1406 ἀνάγκη

358 1423 448 1478 καὶ
498 1444 648 1485 τινας
705 1424 794 1478 καὶ
851 1423 998 1496 παρά
1048 1423 1111 1477 τὸ
1168 1423 1347 1498 χρεὼν
1406 1419 1694 1498 ὀρρωδεῖν,
1757 1420 2000 1482 ἀτάκτως

358 1511 449 1566 καὶ
482 1513 556 1574 ὡς
589 1511 649 1567 ού
683 1513 830 1590 σφίσι
882 1511 1202 1586 θαρροῦντες
1249 1510 1547 1585 ἐμάχοντο.
1582 1509 1682 1568 Καὶ
1714 1507 1876 1571 τέλος
1906 1515 2006 1579 τῆς

361 1600 587 1676 πρώτης
624 1601 906 1678 φάλαγγος
951 1599 1266 1670 ἐκλυθείσης
1298 1600 1352 1654 αἱ
1391 1599 1618 1654 κατόπιν
1652 1597 1703 1652 ἐν
1738 1597 1799 1653 οὐ
1826 1617 2005 1672 προσ-

360 1689 623 1761 ηκούσαις
681 1686 914 1749 δειλίαις
991 1689 1150 1761 ἦσαν,
1223 1688 1310 1743 καὶ
1373 1685 1822 1764 συνεταράσσοντο
1887 1685 2006 1750 καθ’

2100 534 2194 583 τοῦ
2227 527 2492 585 δεσπότου
2541 534 2736 606 φωνῶν
2783 528 3046 605 ἠλόγουν,
3099 529 3222 604 περὶ
3253 531 3446 585 ἑαυτοῦ
3474 529 3762 604 τετρεμαίο

2101 639 2206 672 νων
2240 615 2484 685 ἕκαστος,
2533 621 2728 696 ’ᾨοντο
2778 618 2878 694 γὰρ
2932 621 3009 692 μή
3061 617 3408 695 τριακοσίους
3438 617 3476 688 ἤ
3510 618 3601 673 καὶ
3631 618 3766 672 τούς-⁵

2098 729 2205 762 των
2241 704 2562 771 διπλασίους
2593 708 2628 777 ἢ
2694 708 2785 763 καὶ
2829 707 3087 772 πλείονας
3131 710 3262 764 εἶναι
3289 729 3302 741 ο
3336 707 3484 764 ἀλλὰ
3514 713 3597 780 τῷ
3624 707 3763 762 κατὰ

2103 803 2238 875 σφᾶς
2263 796 2467 869 πλήθει
2497 799 2560 853 τὸ
2586 797 2800 868 πλῆθος
2849 803 2956 854 τῶν
3002 797 3315 854 ἀντιπάλων
3350 801 3432 872 [Ρ.
3464 800 3595 872 222]
3628 797 3766 866 ὥρι-

2108 891 2220 956 ζον,
2269 887 2346 950 ὡς
2402 887 2503 942 οὐκ
2541 884 2599 941 ἄν
2659 886 3068 963 θαρῥησάντων,
3120 887 3164 942 εί
3219 888 3294 961 μή
3347 907 3408 964 γε
3468 885 3560 942 καὶ
3605 886 3761 942 αὐτοὶ

2103 973 2331 1038 πλείους
2385 971 2534 1039 ὅντες
2580 981 2699 1039 τοῖς
2751 975 2938 1040 τόσοις
2994 974 3251 1051 ἐπῄεσαν.
3303 975 3443 1034 Τότε
3488 973 3582 1030 καὶ
3616 976 3647 1030 ὁ
3678 972 3767 1031 διο

2107 1063 2314 1134 σπότης
2361 1063 2849 1141 ἀποκαραδοκήσας
2894 1064 3080 1141 τρὲπει
3129 1086 3189 1121 τε
3234 1064 3501 1141 χαλινοὺς
3553 1064 3765 1120 καὶτὸν

2105 1149 2274 1207 ἵππον
2345 1153 2514 1216 ἀνιεὶς
2589 1154 2724 1209 κατὰ
2789 1154 2988 1230 κράτος
3057 1154 3258 1232 φεύγει,
3346 1153 3641 1209 Κάντεῦθεν
3696 1155 3765 1222 ἦν

2110 1241 2328 1318 βλέπειν
2371 1239 2577 1305 ἄλλους
2635 1243 2730 1317 μὲν
2786 1243 3109 1314 πίπτοντας,
3169 1240 3376 1306 ἄλλους
3425 1240 3483 1298 δὲ
3532 1243 3770 1321 φεύγον-

2103 1351 2223 1402 τας,
2252 1331 2379 1392 τοὺς
2413 1327 2470 1386 δὲ
2519 1331 2749 1404 θάμνοις
2792 1332 3202 1406 κρυπτομένους
3246 1333 3338 1387 καὶ
3392 1332 3533 1406 πρὸς
3560 1333 3622 1386 τὸ
3657 1332 3769 1386 σώ-

2110 1421 2286 1488 ζεσθαι
2330 1419 2585 1474 ἱκετεύειν
2641 1421 2895 1493 ἑτοίμους
2952 1416 3136 1489 ὄντας,
3183 1418 3391 1483 ἄλλους
3427 1419 3473 1476 δ’
3507 1420 3771 1496 ἀποῤῥῶ-

2109 1529 2204 1583 γας
2259 1509 2346 1562 καὶ
2407 1508 2606 1584 πὲτρας
2659 1504 3203 1582 καταλαμϐάνοντας,
3265 1509 3473 1572 ἄλλους
3531 1507 3582 1563 δ’
3606 1508 3768 1572 αὖθις

2111 1596 2510 1673 ἀπαγομένους,
2543 1597 2757 1653 ὁπόσων
2808 1601 2842 1668 ἡ
2895 1597 3065 1674 λίχνη
3099 1599 3224 1674 χεὶρ
3256 1598 3473 1654 ἐκείνων
3504 1597 3596 1654 καὶ
3628 1600 3771 1673 πρὸς

2108 1687 2170 1740 τὸ
2202 1685 2449 1763 σφάττειν
2500 1686 2780 1761 ἀπότομος
2829 1693 2910 1760 τῷ
2959 1683 3256 1761 μεταϐόλῳ
3301 1691 3402 1758 τῆς
3442 1687 3622 1764 τύχης
3659 1709 3772 1760 μα-

361 1777 560 1840 αὑτοὺς
619 1773 1037 1851 θορυϐούμενοι,
1093 1775 1183 1830 καὶ
1244 1777 1436 1852 μικρὸν
1513 1773 2080 1854 ὀπισθοποδοῦντεςτὶ
2112 1773 2423 1849 λασσομὲνη
2465 1778 2609 1852 παρά
2663 1777 2726 1832 τὸ
2784 1774 2938 1850 δόξαν
3001 1777 3180 1854 σφίσιν
3226 1774 3490 1852 ἐφείδετο.
3542 1782 3686 1833 Ηᾶσι
3719 1773 3773 1830 δ’

359 1827 1181 1943 3.1;;‘.z.“'.;.;g.g;'“ia:t.;;
1207 1827 1432 1920 κζέζεζᾴ
1477 1827 2003 1942 ..g.'.;;."ai..;.;;
2035 1827 2082 1891 Β
2113 1827 2442 1940 {sagis
2471 1827 2724 1941 ἐὶἒᾷροὲξ
2774 1827 3773 1942 443...;‘,.‘.g..;;.;'s;.;z;;e.;-

361 1952 680 2027 κατηπόδιι,
732 1953 966 2027 κάκείνῳ
1013 1951 1184 2016 ἄλλος
1232 1957 1551 2028 προσὲπαιε,
1577 1953 1668 2010 καὶ
1701 1953 1844 2009 οὕτω
1873 1975 2012 2030 συγ-

364 2043 616 2120 χυθὲντες
661 2041 961 2100 ἀπεδύοντο
1015 2044 1110 2118 μὲν
1161 2043 1229 2100 τὰ
1282 2043 1450 2112 ὅπλα,
1500 2041 1737 2099 ἀπέλυον
1788 2039 1845 2097 δὲ
1882 2041 2010 2105 τοὺς

357 2132 585 2206 ἵππους,
643 2133 734 2189 καὶ
794 2132 981 2207 μόνοις
1045 2132 1202 2188 ποσίν
1286 2131 1541 2209 ἐθάρρουν
1599 2133 1663 2188 τὸ
1721 2130 2006 2204 σώζεσθαι,

360 2223 549 2280 πολλὰ
575 2227 676 2278 τοῦ
708 2220 972 2278 δεσπότου
1014 2223 1076 2277 τὸ
1141 2223 1235 2295 μὶν
1285 2226 1615 2285 συνισῶντος
1663 2221 1739 2282 είς
1787 2219 2006 2297 θάῤῥος,

361 2315 424 2370 τὸ
453 2310 502 2369 δ’
529 2313 907 2384 ἀπειλοῦντος,
939 2308 1051 2369 ἔστι
1110 2309 1156 2366 δ’
1216 2310 1278 2368 οὗ
1329 2333 1392 2388 γε
1428 2312 1520 2367 καὶ
1548 2310 2002 2388 παροτρύνοντος.

361 2529 582 2601 aliquid
597 2526 1239 2600 poterant,conclusum
1261 2525 1446 2582 teneri
1461 2541 1786 2597 arce,quam
1800 2525 2009 2581 arctis-

367 2619 520 2674 sima
534 2618 687 2674 829
711 2617 824 2689 ipsi
851 2617 1112 2688 undique
1133 2616 1442 2672 obsidione
1463 2615 2007 2686 circumcingerent.

366 2709 450 2764 Ad
487 2707 734 2779 primam
769 2707 949 2776 igitur
976 2706 1429 2778 impressionem
1463 2721 1522 2760 re
1543 2703 2016 2775 videlicetinopi-

369 2796 679 2853 natissima
711 2794 963 2866 perculsi
994 2795 1332 2866 turbatique
1365 2793 1550 2849 nostri
1601 2809 1804 2848 omnes
1836 2797 2011 2848 sunt:

371 2888 663 2942 steterunt
689 2883 975 2940 tamenin
1025 2881 1203 2940 armis
1260 2889 1446 2939 Persae
1505 2883 1616 2939 sub
1674 2881 2014 2953 Rimpsane,

374 2991 590 3047 magna
620 2991 754 3046 pars
775 2973 1019 3029 Romani
1047 2972 1420 3040 exercitus,in
1447 2971 1653 3044 primis
1675 2987 1807 3026 vero
1838 2970 2017 3026 Joan-

374 3081 478 3121 nes
509 3065 752 3135 despota
780 3080 915 3119 cum
948 3061 1292 3119 fortissimis
1323 3078 1588 3118 suorum.
1625 3062 1686 3116 ln
1721 3060 1826 3116 hos
1857 3060 2016 3117 inve-

2115 1973 2264 2023 ποις,
2315 1952 2500 2018 αὐτοῖς
2545 1951 2801 2028 ἐνδύμασι
2828 1973 2843 1986 ⁸
2891 1955 2956 2011 τὸ
3007 1955 3111 2031 γὰρ
3160 1957 3424 2032 ὁμογενες
3459 1957 3537 2029 μὴ
3573 1953 3774 2011 διόλου

2115 2040 2294 2098 ἔπειθε
2345 2042 2617 2121 σφάττειν,
2673 2045 2737 2099 τὸ
2795 2041 2854 2099 δὲ
2907 2049 3150 2120 γυμνοῦν
3200 2045 3292 2101 τὸν
3343 2044 3550 2102 ἁλόντα
3578 2046 3657 2108 ὡς
3688 2043 3772 2101 ἒν-

2116 2127 2368 2204 δυμάτων
2402 2137 2562 2186 πᾶσιν
2615 2131 2698 2188 ἐπ’
2749 2129 2872 2203 ἴσης
2919 2134 3010 2203 ἦν.
3067 2133 3242 2197 Τέλος
3293 2135 3598 2213 φευγόντων
3649 2138 3771 2196 ταῖς

2115 2226 2380 2299 φορηταῖς
2455 2220 2656 2284 οἰκίαις
2741 2221 3048 2297 ἰπιθέμενοι
3097 2228 3210 2280 τῶν
3285 2225 3622 2300 μεγιστάνων
3679 2221 3775 2279 καὶ

2114 2309 2282 2365 αὐτοῦ
2312 2329 2375 2384 γε
2419 2313 2517 2365 τοῦ
2563 2306 2828 2366 δεσπότου
2877 2309 3055 2368 πολὺν
3111 2311 3395 2391 ἐξιφόρουν
3439 2313 3535 2370 τὸν
3589 2309 3776 2368 πλοῦ-

2121 2523 2328 2580 tudine
2356 2523 2526 2580 unice
2551 2525 2816 2580 omnium
2864 2542 3051 2582 versa.
3101 2526 3399 2584 Putabant
3443 2527 3602 2584 enim
3653 2543 3772 2586 non

2123 2615 2415 2669 trecentos
2469 2618 2572 2669 aut
2637 2614 2818 2687 duplo
2864 2615 3112 2688 triplove
3162 2615 3381 2688 plures,
3431 2619 3534 2674 sed
3597 2617 3773 2691 plane

2125 2702 2248 2773 pari
2284 2701 2514 2773 saltem,
2547 2703 2693 2759 forte
2723 2705 3025 2775 superiore
3078 2706 3225 2777 ipsis
3276 2723 3519 2763 numero
3568 2707 3776 2764 hostes

2123 2790 2346 2846 instare
2378 2791 2624 2848 victores
2656 2809 2669 2846 :
2708 2795 3001 2865 quomodo
3033 2794 3191 2850 enim
3224 2796 3338 2852 nisi
3373 2796 3782 2856 multitudinis

2125 2879 2236 2936 sibi
2253 2881 2471 2936 conscii
2496 2881 2735 2952 majoris
2747 2882 2922 2938 talem
2942 2884 3260 2940 exercitum
3281 2886 3653 2942 invaderent?
3666 2887 3781 2943 Ea-

2129 2971 2303 3023 tenus
2332 2969 2700 3025 sustinuerat
2721 2971 2967 3042 despota
3014 2972 3151 3027 belli
3173 2978 3391 3030 sortem
3407 2984 3778 3048 exspectans:

2127 3061 2268 3113 tunc
2299 3055 2535 3114 tandem
2568 3059 2893 3131 desperatis
2928 3061 3085 3117 haud
3117 3062 3292 3119 dubie
3344 3064 3545 3133 rebus,
3593 3065 3786 3122 versis

371 3160 502 3210 ctus
534 3154 651 3208 dux
680 3153 939 3209 Joannes
961 3169 1094 3208 cum
1128 3152 1255 3207 suis
1286 3151 1467 3220 Italis,
1494 3150 1766 3222 plurimis
1787 3154 1844 3205 et
1871 3149 2018 3222 ipsis
2049 3163 2092 3231 ο
2129 3146 2256 3218 equi
2289 3146 2536 3203 habenis
2566 3150 2625 3203 in
2659 3148 2858 3220 fugam
2891 3167 2952 3206 se
2981 3168 3158 3222 quam
3177 3152 3598 3210 eﬂ’usissimam
3620 3170 3785 3210 aver-

372 3258 672 3315 manuque
690 3241 1172 3314 promptissimis,
1197 3240 1460 3312 praelium
1485 3240 1930 3295 commisitacre
1953 3256 2020 3295 ac

375 3335 829 3402 cruentum,quo
864 3329 1111 3386 Romani
1142 3329 1214 3384 ab
1248 3329 1409 3384 Italis
1442 3327 1638 3400 plures
1670 3345 1703 3383 a
1735 3327 2022 3400 pauciori-

379 3422 494 3475 bus
527 3418 695 3489 plane
725 3419 858 3473 victi
891 3424 1050 3473 sunt.
1083 3419 1228 3472 Nam
1270 3417 1328 3471 hi
1369 3417 1734 3472 confirmatis
1785 3417 2024 3484 animis,

381 3507 586 3564 ordine
616 3513 864 3577 servato,
900 3507 1076 3562 fortes
1105 3506 1219 3577 ipsi
1250 3507 1668 3576 exercitatique
1699 3505 2027 3576 congressi-

381 3597 496 3652 bus
519 3595 764 3665 bellicis,
788 3595 976 3666 parati
998 3612 1057 3650 re
1076 3594 1324 3666 provisa,
1350 3593 1673 3666 disciplina:
1697 3594 2027 3650 industriis-

386 3702 502 3758 que
532 3685 646 3741 vim
679 3684 1070 3740 admiscentes
1093 3683 1527 3739 ineluctabilem
1559 3683 1808 3738 ruebant
1837 3683 1894 3738 in
1925 3684 2029 3739 ad-

382 3790 602 3830 versos.
641 3773 727 3827 Illi
759 3772 1016 3844 primum
1049 3789 1221 3828 casus
1252 3772 1505 3828 novitate
1534 3773 1785 3843 attoniti,
1818 3773 2028 3828 deinde

382 3867 450 3919 ut
479 3861 692 3934 vulgus
723 3877 753 3917 e
785 3861 943 3916 vario
975 3861 1216 3917 mistum
1243 3877 1454 3933 genere
1478 3861 1627 3916 male
1649 3861 2025 3930 cohaerentes,

381 3969 486 4008 nec
510 3951 594 4007 ita
624 3951 758 4007 lecti
789 3967 993 4006 omnes
1025 3955 1090 4005 ut
1119 3968 1232 4006 non
1268 3952 1423 4006 inter
1448 3952 1624 4006 fortes
1665 3951 1857 4024 ignavi
1891 3951 2026 4022 qni-

377 4044 514 4097 dam
535 4042 772 4097 horrore
792 4040 1033 4112 periculi
1059 4045 1376 4096 trementes
1402 4040 1789 4112 incomposite
1811 4056 2028 4112 pugna-

376 4135 508 4185 rent
538 4135 595 4185 et
622 4130 802 4184 dilfisi
839 4130 1228 4200 praesentibus
1249 4129 1466 4184 tutiora
1485 4130 2025 4199 circumspicerent,

379 4218 815 4273 succubuerunt
845 4218 915 4272 ad
947 4224 1298 4273 extremum.
1355 4218 1527 4273 Porro
1577 4218 1691 4274 ista
1741 4218 2029 4290 phalange

381 4305 576 4378 priore
608 4306 896 4377 dissipata
926 4307 1248 4378 fractaque,
1281 4305 1382 4378 qui
1417 4311 1572 4362 retro
1629 4306 1686 4360 in
1741 4306 2026 4362 subsidiis

377 4394 636 4465 stabant,
662 4394 932 4466 pudendo
978 4396 1231 4467 correpti
1265 4401 1448 4464 metu,
1479 4395 1786 4452 confusam
1833 4399 1890 4451 et
1936 4400 2028 4450 tu-

374 4482 864 4539 multuabundam
895 4488 1194 4556 utcunque
1226 4484 1568 4556 objicientes
1591 4484 1799 4552 aciem,
1823 4484 2024 4540 statim

374 4573 551 4643 pedes
579 4572 924 4639 retulerunt,
957 4573 1126 4628 initio
1159 4590 1288 4628 cum
1316 4575 1568 4644 quadam
1600 4574 1826 4629 ordinis
1857 4589 2020 4641 cura,

373 4676 507 4714 mox
537 4661 720 4716 effuso
742 4666 956 4716 temere
979 4678 1452 4734 quoquoversum
1475 4663 1696 4734 impetu
1719 4663 2022 4718 trudentes

366 4748 616 4804 invicem
648 4749 1133 4822 incurrentesque
1162 4750 1220 4805 in
1245 4767 1374 4806 sese
1406 4756 1634 4817 mutuo,
1681 4751 1825 4806 dum
1875 4768 2021 4822 prae-

365 4841 588 4892 vertere
622 4838 1038 4908 praecedentem
1068 4839 1354 4909 posterior
1385 4839 2019 4911 studet.Deniquejam

365 4927 711 4982 confusione
737 4926 1079 4998 praevalente
1103 4943 1205 4998 pro
1227 4945 1290 4983 se
1327 4927 1576 4999 quisque
1599 4946 1763 4983 arma
1785 4944 2016 4998 exuere,

363 5031 546 5086 equos
577 5015 894 5083 dimittere,
929 5016 1178 5087 pedibus
1209 5017 1459 5072 salutem
1484 5019 2018 5089 quaerere,despota

363 5103 599 5174 quidem
659 5110 963 5160 revocante
1018 5105 1089 5160 ad
1149 5105 1431 5172 ofﬁcium,
1483 5106 1773 5173 hortante,
1823 5107 2012 5161 incre-

359 5197 554 5263 pante,
591 5193 783 5248 minas
815 5193 914 5248 ubi
948 5198 1156 5250 caetera
1187 5211 1302 5249 non
1337 5195 1682 5267 profuerant
1735 5195 2010 5265 addente,

358 5286 653 5352 postremo
685 5282 1034 5352 corripiente
1069 5300 1241 5338 manu
1275 5284 1564 5354 quosdam
1596 5287 1653 5338 et
1682 5282 1742 5337 in
1775 5282 2008 5338 hostem

351 5375 631 5426 vertente.
658 5371 900 5427 Frustra
929 5373 1128 5426 omnia
1157 5387 1169 5427 :
1197 5371 1480 5426 inclinata
1506 5369 1710 5437 semel,
1745 5376 1810 5425 ut
1869 5388 2007 5442 poe-

351 5458 464 5515 tice
494 5461 630 5530 quis
661 5461 1119 5533 dixerit,pugna,
1142 5465 1300 5516 metu
1327 5459 1598 5515 videlicet
1629 5459 1918 5532 lymphati
1939 5477 2011 5516 ne

353 5547 572 5603 sentire
602 5549 841 5620 quidem
871 5565 1038 5604 voces
1065 5549 1342 5620 despotm,
1367 5549 1583 5604 nedum
1617 5565 1821 5605 curare
1846 5548 2008 5606 vide-

355 5635 590 5704 bantur,
626 5637 698 5693 ad
730 5636 843 5693 sibi
877 5637 1318 5709 privatim!!!)
1339 5638 1767 5696 consulendum
1792 5637 2007 5696 sollici-

2056 4536 2103 4601 D

2131 3236 2222 3290 tit.
2266 3235 2409 3290 llinc
2434 3237 2561 3306 jam
2592 3237 2942 3296 miserabilis
2971 3239 3148 3297 facies
3178 3242 3391 3314 campi.
3427 3243 3673 3301 Videres
3702 3243 3787 3299 ibi

2134 3323 2280 3380 alios
2309 3325 2756 3395 cadentes,alios
2781 3327 3389 3401 fugientes,quosdam
3415 3348 3476 3388 se
3500 3332 3790 3388 abdentes

2135 3415 2289 3469 inter
2316 3430 2513 3470 ramos
2544 3416 3186 3490 arbustorum,paratos
3215 3422 3456 3477 tendere
3486 3421 3789 3494 supplices

2135 3520 2384 3570 manus;
2419 3504 2664 3560 tutiores
2685 3504 2831 3561 alios
2861 3505 3114 3562 latebras
3147 3510 3203 3564 in
3246 3511 3562 3584 praeruptis
3595 3516 3790 3583 petra-

2136 3609 2268 3647 rum
2301 3593 2534 3649 fissuris
2566 3610 2860 3665 quaerere;
2895 3611 3011 3650 non
3061 3613 3278 3668 paucos
3321 3597 3380 3654 in
3440 3600 3785 3657 servitutem

2136 3683 2310 3750 trahi,
2345 3683 2559 3754 quibus
2580 3683 2850 3740 videlicet
2880 3691 3091 3758 praeter
3119 3704 3283 3760 spem
3315 3697 3626 3760 parcerent
3655 3709 3784 3749 crn-

2137 3771 2294 3827 deles
2321 3771 2453 3828 licet
2482 3771 2594 3826 illae
2625 3787 2692 3828 ac
2723 3773 2782 3828 in
2805 3774 2992 3831 caedes
3024 3781 3304 3849 promptae
3340 3795 3579 3849 manus,
3612 3783 3784 3838 satie-

2139 3865 2251 3916 tate
2283 3859 2580 3927 saeviendi,
2605 3865 2706 3918 aut
2735 3862 3068 3920 emolliente
3099 3866 3352 3936 quodam
3386 3869 3784 3926 miserationis

2137 3950 2408 4006 humana:
2437 3966 2612 4006 sensu
2646 3951 2704 4006 in
2735 3954 2856 4007 tam
2889 3952 3086 4009 subita
3107 3955 3488 4013 ccnversione
3519 3959 3782 4016 fortunae.

2136 4040 2329 4096 Fatale
2360 4045 2552 4095 autem
2582 4041 2884 4112 ingruerat
2914 4042 3156 4100 exitium
3188 4047 3417 4101 cunctis
3440 4047 3660 4118 pariter
3701 4065 3784 4105 ne-

2139 4131 2270 4196 bus,
2303 4129 2668 4199 corporibus,
2703 4129 2993 4201 pecuniis,
3035 4132 3241 4199 armis,
3288 4135 3480 4206 equis,
3524 4137 3783 4192 vestibus

2137 4217 2283 4289 ipsis
2315 4217 2912 4288 miserorum,quibus
2935 4220 2983 4274 si
3015 4220 3158 4276 forte
3181 4225 3782 4282 commendatiscom-

2138 4305 2418 4361 munione
2447 4306 2674 4377 generis
2707 4307 3063 4364 condonaret
3092 4313 3268 4366 vitam
3311 4312 3646 4370 misericors
3674 4314 3779 4370 hu-

2140 4394 2390 4450 manitas
2419 4395 2676 4466 victoris,
2709 4413 2742 4452 a
2772 4395 3098 4469 spoliandis
3133 4404 3330 4457 tamen
3381 4402 3588 4459 iisdem
3635 4401 3776 4460 nihil

2139 4484 2442 4540 avaritiam
2476 4489 2712 4556 tempus
2741 4503 2916 4542 suum
2967 4494 3203 4545 nactam
3235 4493 3552 4549 avertebat.
3585 4492 3773 4563 Itaque

2136 4573 2355 4646 passim
2387 4581 2790 4646 congestarum
2816 4577 2985 4633 avida
3017 4579 3363 4650 spoliatione
3383 4583 3630 4638 vestium
3653 4598 3771 4637 ma-

2136 4661 2234 4734 gni
2262 4666 2319 4715 et
2343 4661 2589 4717 invicem
2625 4664 2740 4719 fere
2773 4681 2942 4736 pares
2975 4668 3290 4738 unicuique
3322 4670 3596 4726 Italorum
3622 4685 3768 4724 acer-

2132 4751 2183 4805 vi
2212 4752 2581 4806 constabant.
2616 4752 2715 4808 His
2749 4753 2807 4808 in
2860 4770 3069 4827 campo
3119 4759 3326 4828 gestis,
3375 4761 3656 4831 rapacitas
3704 4758 3762 4812 in

2129 4839 2341 4894 stativa
2371 4838 2632 4895 desolata
2661 4841 2797 4913 fuga
2828 4843 3117 4900 exercitus
3145 4844 3433 4902 incubuit.
3484 4849 3760 4904 Taberna-

2129 4928 2259 4983 cula
2291 4928 2708 5000 portatilesque
2725 4932 2932 4987 domos
2956 4932 3074 4988 illic
3103 4950 3370 5006 proceras
3395 4937 3628 4992 Romani
3651 4935 3755 4989 mi-

2126 5017 2384 5083 litantes,
2419 5018 2782 5091 despotaque
2814 5021 2870 5076 in
2904 5021 3136 5094 primis,
3169 5039 3273 5094 pro
3299 5025 3467 5098 copia
3495 5026 3754 5096 cujusque

2126 5106 2437 5178 magniﬁce
2468 5105 2784 5164 instructas
2817 5109 3164 5168 habuerant.
3193 5112 3256 5168 In
3289 5113 3393 5170 has
3427 5115 3750 5187 praedatores

2122 5196 2272 5250 versi
2309 5194 2563 5250 multum
2594 5196 2732 5253 inde
2761 5197 3100 5255 divitiarum
3135 5208 3539 5274 exportarunt.
3559 5199 3746 5257 Pocula

2121 5284 2278 5339 enim
2307 5284 2428 5350 illa,
2463 5285 2739 5356 qualibus
2773 5287 3068 5361 principes
3112 5295 3382 5362 utuntur,
3423 5290 3739 5364 exquisitam

2121 5372 2569 5444 supellectilem,
2605 5391 2790 5439 arma,
2825 5391 3031 5447 equos,
3065 5377 3588 5437 aliainstrumenta
3615 5390 3737 5433 usus

2120 5463 2762 5537 familiaris,totumque
2784 5465 2948 5523 illum
2972 5469 3236 5540 speciose
3253 5471 3556 5528 delicatum
3579 5483 3733 5542 appa-

2117 5558 2309 5608 ratum
2344 5553 2611 5624 superbas
2642 5555 2932 5627 regiaque
2961 5556 3206 5613 luxuriae
3233 5564 3623 5616 converrentes
3647 5570 3729 5610 ex-

2117 5641 2468 5708 hauserunt,
2493 5658 2666 5699 avara
2696 5659 2887 5716 usque
2918 5645 2990 5701 ad
3021 5643 3423 5717 pulvisculum
3442 5643 3721 5720 diligentia,
