4002 6198
243 354 339 410 781

1300 356 1397 409 DE
1434 356 1807 412 MICHAELE
1847 356 2293 418 PALBOLOGO
2328 365 2462 420 LIB.
2506 365 2605 423 IV.

3557 378 3667 435 782

244 495 356 533 τον’
388 476 693 550 ἐκπώματα
742 474 845 552 γὰρ
874 475 1054 573 ἐκεῖνα
1108 476 1199 532 καὶ
1226 472 1434 534 ἔπιπλα
1489 478 1578 535 καὶ
1638 479 1785 536 ὅπλα
1812 479 1902 535 καὶ
1932 482 1987 549 Α
2019 486 2212 559 σχερὲς
2269 486 2441 543 ἐκεῖνο
2497 489 2587 545 καὶ
2647 490 3057 566 ἀπροσδόκητον
3115 494 3398 573 σύμϐαμα,
3431 501 3671 569 πολλοῖς

236 568 447 629 ἵππους
478 569 566 622 καὶ
628 569 911 643 θεραπείαν
972 565 1152 638 ἄλλην
1216 567 1500 644 χλιδῶσαν
1532 579 1742 646 τρυφῆς
1796 570 1902 641 ἐξεο

246 658 455 726 κὲνουν,
517 659 685 733 μέχρι
756 659 844 712 καὶ
903 658 1077 712 αὐτῶν
1135 663 1242 712 τῶν
1298 658 1574 714 ἐπιπόδων
1636 662 1901 733 μυώπων,

243 747 477 803 πλεῖστα
562 745 1102 823 παρακερδαίνοντες·
1193 748 1281 802 καὶ
1357 747 1613 819 τηνικάδε
1674 751 1724 804 οἱ
1780 750 1904 804 τότε

245 835 450 907 ἔδειξαν
531 842 824 914 προφανῶς
888 838 951 892 τὸ
1019 838 1113 893 τοῦ
1180 838 1549 903 Ἀντισθένους
1616 837 1899 908 ἀληθινόν

246 926 380 1004 φησὶ
448 926 548 1002 γὰρ
619 926 822 990 ἐκεῖνος
886 926 1043 981 πάντ’
1110 923 1358 1001 εὔχεσθαι
1428 929 1491 983 τὰ
1566 925 1709 984 καλὰ
1787 933 1905 991 τοῖς

240 1015 471 1090 ἐχθροῖς
502 1016 653 1085 πλὴν
706 1016 988 1085 συνέσεως,
1044 1018 1119 1077 ὡς
1174 1018 1328 1070 πάνθ’
1361 1017 1452 1071 οἷά
1505 1038 1564 1071 τε
1602 1018 1747 1093 παρὰ
1774 1016 1903 1071 τού-

242 1125 360 1167 τοις
411 1103 676 1180 γενέσθαι,
708 1104 774 1173 ἢν
804 1104 1013 1159 σύνεσιν
1076 1102 1279 1179 ἔχοιεν.
1338 1103 1659 1175 Ἐδηλωσαν
1707 1104 1763 1160 δὲ
1812 1104 1899 1160 καὶ

238 1192 301 1247 τὸ
330 1200 438 1262 τῆς
468 1188 759 1254 εὐϐουλίας
804 1200 1004 1267 χρῆμα
1057 1198 1175 1255 τοῖς
1234 1193 1536 1263 ἀντιξοοῦσι
1566 1192 1655 1249 καί
1690 1192 1903 1267 μᾶλλον

240 1283 552 1356 χρήσιμον·
587 1279 855 1356 χιλιὴδατ
884 1282 985 1356 γὰρ
1014 1281 1177 1344 τόσας
1222 1284 1297 1345 ὡς
1354 1284 1443 1337 καὶ
1504 1283 1580 1346 εἷς
1639 1280 1902 1358 μυριάδας

238 1375 545 1435 ποσοῦσθαι
600 1367 657 1426 ἓν
716 1372 1092 1446 παρεστήσατο
1146 1371 1447 1446 βούλευμα,
1506 1373 1594 1425 καὶ
1657 1373 1714 1426 οἱ
1769 1372 1901 1447 χθὲς

234 1458 612 1522 πλουτοῦντες
671 1460 756 1515 καὶ
818 1464 1129 1537 τρυφῶντες
1186 1482 1304 1522 τοις
1362 1463 1600 1531 πλήθεσι
1658 1464 1898 1535 σήμερον

232 1549 489 1604 ταπεινοί
544 1570 603 1604 τε
669 1548 759 1603 καὶ
817 1549 1119 1624 πεκιιχροί,
1203 1551 1718 1625 ἀνταγωνισαμένης
1800 1558 1900 1618 τῆς

237 1632 536 1699 ἀϐουλίας.
570 1638 853 1711 Ἀρχοντα
909 1637 1009 1713 γὰρ
1062 1638 1174 1711 χρὴ
1233 1643 1518 1709 πειρᾶσθαι
1577 1638 1667 1692 καὶ
1715 1636 1902 1693 κινδυ-

236 1726 469 1781 νεύοντα
499 1727 574 1789 ὡς
602 1727 637 1796 ἢ
670 1728 967 1795 νικήσοντα
993 1725 1027 1795 ἢ
1060 1725 1297 1787 εὐκλεῶς
1345 1727 1699 1799 πεσούμενον.
1756 1727 1904 1784 Κατὰ

2014 573 2108 645 μὲν
2143 575 2216 636 εἷς
2250 575 2429 648 λύπην
2467 576 2660 642 ἄλλοις
2694 578 2749 636 δὲ
2778 583 2866 637 καὶ
2900 584 2975 646 εἷς
3027 582 3313 659 ἔκπληξιν,
3346 594 3469 650 τοῖς
3518 588 3565 643 δ’
3592 592 3669 655 εἷς

2010 663 2349 749 κατάγελων,
2405 667 2498 729 οὓς
2558 666 2622 738 δὴ
2676 678 3028 747 καναφρονεῖν
3071 671 3254 729 ἔπειθε
3303 681 3412 730 τῶν
3478 682 3668 749 μηκέτ’

2012 746 2181 805 ὄντων
2213 753 2302 807 καὶ
2360 761 2477 817 τοῖς
2534 756 2888 831 λειπομένοις
2944 763 3439 835 προσεπιτίθεσθαι.
3472 766 3665 822 Ἀκού-

2011 860 2195 902 σαντες
2226 843 2325 917 γάρ
2374 845 2435 899 τὸ
2494 848 2615 922 περὶ
2674 848 2765 902 τὸν
2821 846 3057 921 Εὔριπον
3116 854 3386 909 ναυτικὸν.
3452 856 3533 915 οἱς
3592 853 3659 924 δὴ

2008 930 2099 1017 καὶ
2167 931 2241 992 εἷς
2312 935 2599 1007 τριάκοντα
2686 940 2832 1009 [225]
2902 943 3029 1001 ναῦς
3090 941 3118 994 ὁ
3185 941 3383 1003 στόλος
3470 942 3658 1017 ὀλίγου

2012 1016 2228 1083 δέοντος
2256 1021 2560 1095 ἐξηρτύετο,
2592 1026 2954 1102 κατεθάρρουν
2994 1033 3102 1082 τῶν
3165 1028 3252 1083 ἐπὶ
3312 1028 3393 1091 δὶς
3421 1032 3509 1086 καὶ
3541 1016 3661 1107 τρὶς

2008 1106 2299 1166 πλείστων.
2334 1110 2435 1167 Καὶ
2469 1110 2534 1179 δὴ
2569 1113 2617 1186 ἐξ
2669 1116 2837 1180 αὐτῆς
2867 1136 2930 1190 γε
2972 1115 3471 1189 ναυστνλησάμενοι
3524 1106 3662 1175 κατὰ

2008 1201 2103 1250 τοῦ
2140 1196 2417 1272 βασιλείου
2449 1200 2649 1257 στόλου
2679 1200 2937 1276 ἐξώρμων
2960 1209 3368 1278 ναυλοχοῦντος
3396 1208 3521 1281 περί
3554 1229 3660 1262 που

2007 1286 2107 1353 τὴν
2142 1286 2520 1363 Δημητριάδα,
2556 1291 2631 1353 ὡς
2656 1290 2848 1346 αὐτίκα
2879 1289 3121 1369 φανέντες
3180 1294 3523 1365 αἱρήσοντες.
3558 1298 3660 1351 Καὶ

2010 1375 2102 1447 ἅμ’
2162 1377 2495 1449 ὁρμήσαντες
2555 1376 2809 1452 ἔφθασαν,
2867 1383 2936 1453 τῇ
2992 1380 3295 1456 παραυτίκα
3341 1382 3525 1454 τόλμῃ
3574 1385 3664 1437 καὶ

2012 1464 2152 1537 μόνῃ
2186 1465 2463 1541 ἀραρότως
2497 1467 2809 1536 ἐλπίζοντες
2866 1468 3209 1539 καταπλῆξαι
3267 1475 3386 1532 τοῖς
3432 1470 3539 1545 πρὸ
3568 1476 3665 1526 τοῦ

2010 1554 2423 1628 κατεπτηχότας
2474 1556 2804 1633 σφάλμασιν.
2861 1560 3133 1635 Ἐφῆπται
3191 1555 3236 1612 δ’
3285 1557 3389 1633 ἄρα
3418 1559 3506 1614 καὶ
3535 1558 3664 1615 τού-

2006 1663 2123 1703 τοις
2155 1644 2300 1717 παρά
2341 1645 2533 1718 μικρὸν
2567 1645 2628 1699 ού
2685 1646 2879 1720 μικρὸς
2936 1644 3209 1708 κίνδυνος.
3277 1647 3439 1703 Τοῦτ’
3470 1646 3665 1723 ἀγγελ-

2012 1730 2096 1784 θὲν
2141 1736 2221 1803 τῷ
2265 1729 2495 1806 δεσπότῃ
2549 1730 2791 1808 διάγοντι
2848 1735 2985 1789 κατὰ
3031 1736 3129 1803 τὴν
3165 1734 3471 1807 Δριμίανιν,
3502 1736 3540 1804 ἢ
3571 1738 3659 1791 καὶ

233 1813 287 1911 Et
320 1816 427 1911 γάρ
469 1815 558 1869 καὶ
586 1815 808 1911 ,ἆρχρῃ
842 1813 996 1911 εί-
1028 1836 1088 1891 γε
1119 1820 1491 1911 προμηθοῖτο⁸
1524 1821 1631 1911 τῶν
1691 1813 1900 1911 αλλων,
1930 1846 1978 1911 Β
2013 1817 2225 1911 μαλλον
2258 1822 2318 1875 τὸ
2346 1820 2549 1891 ἀληθὲς
2606 1821 2776 1877 εἰπεῖν
2811 1821 2901 1877 καὶ
2946 1821 3169 1877 άλύοντι
3223 1823 3487 1878 τοσούτου
3521 1846 3663 1896 συμ-

236 1904 316 1957 ὦν
356 1905 549 1978 ἄρχειν
581 1901 827 1977 ἐτάχθη;
864 1902 966 1959 Καὶ
1028 1905 1229 1966 σκοπὸς
1288 1905 1381 1977 μὲν
1438 1903 1536 1958 ούκ
1592 1904 1898 1976 ἀνεύθυνος,

244 1992 294 2047 εἰ
338 1993 417 2065 μὴ
464 1992 722 2065 προείποι
769 1992 866 2047 καὶ
919 1992 1320 2067 προυλάξηται,
1376 1990 1563 2068 ἄρχων
1607 1991 1652 2047 δ’
1682 1993 1906 2057 ἀνεύθυ-

234 2104 337 2138 νον
370 2082 605 2144 πάντως.
667 2081 712 2137 εἰ
773 2083 849 2155 μὴ
907 2081 1323 2156 προκινδυνεύοι
1380 2085 1451 2137 ὧν
1513 2083 1716 2158 ἐτάχθη
1778 2106 1904 2140 σκο-

232 2173 347 2235 πός
379 2191 394 2241 ;
427 2173 734 2245 Ούμενοῦν,
770 2168 853 2226 οὕ·
887 2170 1104 2227 πολλοῦ
1134 2193 1198 2248 γε
1227 2172 1318 2227 καὶ
1351 2168 1452 2229 δεῖ.

310 2260 481 2319 Οὕτω
512 2261 620 2332 μὴν
654 2258 717 2315 οὗ
748 2260 1071 2335 παραλόγου
1108 2264 1208 2330 τῆς
1266 2262 1444 2336 τύχης
1501 2258 1785 2335 συμϐάσης
1814 2263 1902 2318 καὶ

230 2355 350 2406 τῶν
386 2348 874 2422 ὑπολελειμμένων
934 2351 1391 2425 κατεπτηχότων,
1449 2352 1635 2407 ἀνεῖσα
1687 2354 1748 2407 τὸ
1780 2375 1902 2409 πτε-

228 2441 333 2517 ρὸν
370 2442 406 2511 ἡ
440 2440 514 2518 φή
526 2461 601 2513 μη
638 2438 760 2503 θεὺς
793 2437 945 2511 οὖσα,
969 2440 1046 2504 ὡς
1068 2437 1303 2515 λέγεται,
1324 2438 1709 2517 περιαγγέλλιι
1734 2443 1796 2496 τὸ
1814 2439 1903 2497 δυ-

234 2656 547 2729 siquidem
581 2655 743 2727 ipsos
773 2671 1009 2728 quoque
1040 2654 1273 2712 aculeos
1321 2655 1640 2713 calcarium
1692 2658 1898 2714 sedulo

233 2748 391 2803 88]
452 2744 795 2818 colligentes
844 2746 1218 2818 apponebant
1270 2745 1453 2813 lucro,
1482 2746 1584 2801 tali
1620 2763 1899 2804 successu

240 2838 699 2892 demonstrante
713 2835 1020 2891 manifeste
1035 2851 1208 2906 quam
1226 2835 1483 2907 prudens
1505 2839 1705 2891 votum
1731 2837 1903 2893 fuerit

234 2923 624 2983 Antisthenis
656 2924 854 2979 omnia
887 2924 1156 2979 hostibus
1187 2924 1443 2995 optantis
1492 2925 1646 2980 bona
1697 2931 1904 2997 praeter

236 3020 506 3073 mentem
544 3031 724 3071 :nam
775 3012 866 3067 cui
918 3011 1232 3068 consilium
1278 3013 1549 3081 defuerit,
1594 3015 1724 3085 ejus
1774 3015 1902 3071 the-

230 3105 405 3162 sauri
444 3103 750 3175 quantivis
781 3102 838 3156 in
875 3103 1118 3173 pradam
1169 3103 1512 3175 sapientiori
1563 3105 1788 3162 cedent.
1840 3108 1900 3160 In

2014 1902 2206 1970 ϐάντος
2237 1913 2581 1985 πράγματος,
2623 1912 2829 1980 ἀνέζεσὲ
2886 1933 2942 1966 τε
2997 1911 3095 1973 τὰς
3122 1918 3224 1981 τῆς
3254 1914 3445 1986 ψυχῆς
3480 1913 3658 1987 ὁρμὰς

2011 1996 2100 2051 καὶ
2161 1998 2535 2073 ὑπερεπάθησε
2592 1997 2771 2061 δείσας
2830 2001 2955 2074 περὶ
3006 2005 3087 2071 τῷ
3141 1997 3343 2072 στόλῳ,
3378 2000 3423 2055 εί
3464 2001 3663 2056 τοσού-

2011 2107 2107 2142 του
2132 2088 2422 2163 γεγονότος
2483 2089 2558 2161 μή
2616 2087 2913 2162 ἐμπλησθῇ
2968 2089 3033 2144 τὸ
3068 2086 3363 2163 μοιρίδιον,
3395 2088 3541 2145 ἀλλὰ
3570 2091 3661 2146 καὶ

2012 2177 2149 2250 πὲρα
2203 2181 2311 2231 τῶν
2351 2178 2652 2253 γεγονότων
2712 2176 2999 2253 προέλθοι.
3070 2177 3169 2232 Καὶ
3239 2174 3305 2246 δὴ
3377 2176 3430 2249 ἐξ
3497 2179 3665 2245 αὐτῆς

2014 2262 2164 2319 δυοῖν
2215 2267 2440 2340 ἡμερῶν
2495 2263 2770 2339 διάστημα
2828 2265 2965 2338 ὅλης
2994 2266 3084 2323 καὶ
3120 2267 3293 2339 μὸνης
3322 2273 3448 2341 μιᾶς
3477 2273 3663 2323 ποιεῖ-

2010 2376 2096 2410 ται
2140 2356 2353 2424 νυκτὸς,
2409 2357 2604 2411 καὶτὰ
2653 2361 2750 2411 τοῦ
2804 2361 2971 2427 πεζοῦ
3030 2354 3259 2431 στρατοῦ
3316 2357 3666 2433 συναθροίσας

2012 2442 2515 2519 ὲγκαταλείμματα,
2573 2441 2905 2521 παραλαϐὼν
2959 2447 3049 2501 σὺν
3106 2444 3253 2518 αὐτῷ
3278 2490 3293 2518 ,
3340 2448 3407 2521 τῇ
3465 2454 3663 2520 Δημη-

2017 2660 2202 2716 risum
2237 2664 2438 2716 nostro
2474 2659 2727 2718 ludibrio
2761 2661 2959 2717 movit.
2992 2663 3253 2735 Denique
3295 2680 3414 2718 non
3465 2662 3663 2718 defue-

2011 2754 2157 2805 runt
2203 2750 2300 2819 qui
2353 2766 2421 2806 ex
2454 2755 2636 2816 metu,
2669 2768 2785 2823 quo
2816 2751 2980 2823 prius
3011 2754 3361 2810 tenebantur
3390 2752 3661 2807 Romana

2012 2841 2305 2909 potentiae,
2338 2838 2397 2893 in
2431 2843 2836 2910 contemptum
2870 2840 3271 2910 transirenbet
3302 2840 3661 2911 praecipuum

2013 2928 2313 2998 copiarum
2344 2927 2573 2998 imperii
2606 2929 2784 2982 robur
2829 2929 2982 2984 382
3032 2929 3293 2985 excisum
3341 2928 3663 2999 dilapsum-

2014 3033 2127 3086 que
2158 3016 2548 3087 gratulantes,
2581 3016 2963 3071 delendarum
2998 3033 3231 3088 quoque
3276 3016 3663 3087 reliquiarum

2012 3105 2301 3177 impetum
2362 3110 2662 3177 caperent.
2712 3105 2859 3160 Nam
2904 3106 3113 3161 Latina
3161 3105 3369 3161 classis
3417 3121 3541 3175 quae
3590 3103 3664 3159 ad

228 3194 427 3251 millia
460 3192 810 3249 bellatorum
843 3192 1017 3247 toties
1056 3191 1451 3263 multiplicata
1482 3198 1548 3248 ut
1580 3195 1903 3266 myriadem
1935 3196 1978 3263 C
2017 3195 2297 3266 Euripum
2332 3195 2548 3263 stabat,
2582 3194 2817 3249 navium
2851 3193 3023 3265 paulo
3056 3193 3254 3251 minus
3284 3194 3549 3265 triginta,
3583 3192 3667 3249 sic

234 3302 361 3341 non
384 3300 561 3340 unam
582 3281 1015 3349 conﬂarent,ita
1031 3282 1238 3337 evertit
1259 3281 1560 3354 afﬂxitque
1596 3287 1893 3340 momento

227 3374 555 3433 consilium
604 3373 866 3429 hominis
915 3372 1115 3443 unius,
1169 3378 1224 3428 et
1272 3377 1357 3429 tot
1402 3374 1484 3430 illi
1536 3392 1601 3430 ac
1645 3377 1793 3431 tanti
1826 3392 1895 3432 ex

232 3464 368 3521 heri
402 3463 698 3535 opulentis
730 3466 787 3517 et
816 3460 981 3533 copia
1012 3477 1207 3517 rerum
1243 3479 1429 3534 usque
1460 3464 1531 3519 ad
1586 3464 1785 3519 luxum
1837 3469 1894 3520 et

234 3552 490 3609 delicias
519 3550 1068 3608 circumfluentibus
1100 3550 1274 3607 hodie
1304 3551 1581 3623 humiles,
1634 3558 1892 3625 egentes,

233 3642 373 3713 vagi
407 3640 639 3714 palmas
678 3640 1060 3712 porrigerent,
1113 3657 1227 3695 non
1278 3641 1654 3697 mendicitate
1704 3641 1895 3713 magis

235 3748 425 3804 quam
486 3728 848 3802 professione
910 3728 1215 3784 dedecoris
1284 3731 1522 3801 proprii,
1582 3747 1729 3800 quos
1789 3748 1898 3786 sua

234 3820 512 3893 ipsorum
582 3818 851 3874 socordia
915 3816 1287 3874 debellasset.
1338 3818 1627 3873 Nimirum
1685 3820 1896 3874 ducem

237 3909 540 3967 exercitus
570 3908 776 3964 fortem
811 3905 1048 3977 quidem
1080 3910 1139 3961 et
1166 3906 1346 3962 vitam
1382 3924 1615 3979 quoque
1645 3898 1717 3963 ac
1750 3925 1894 3964 san-

238 3999 488 4071 guinem
549 4014 653 4070 pro
701 3995 889 4067 gloria
933 3995 1190 4051 victoriae
1237 3995 1449 4068 pacisci
1500 4001 1746 4067 certum,
1795 3997 1896 4053 scd

243 4093 534 4164 praeterea
564 4085 803 4159 vigilem
837 4101 903 4140 ac
932 4084 1119 4140 futuri
1151 4084 1458 4156 providum
1494 4101 1621 4141 esse
1651 4090 1898 4157 oportet,

238 4192 605 4250 semperque
628 4174 743 4231 acri
769 4173 1008 4231 solertia
1030 4174 1343 4239 intentum,
1377 4190 1447 4231 ne
1475 4175 1607 4245 quis
1631 4175 1898 4246 inopina-

240 4274 348 4325 tus
368 4268 613 4339 ingruat
631 4280 827 4320 casus.
863 4263 924 4318 ld
945 4263 1101 4318 enim
1121 4263 1295 4318 ofﬁcii
1319 4263 1511 4319 omnis
1539 4265 1898 4334 praefectura,

237 4356 509 4414 maxime
531 4359 727 4410 autem
756 4352 1049 4419 militaris,
1074 4351 1347 4407 sustinet.
1375 4354 1459 4408 Ad
1484 4354 1611 4425 hoc,
1634 4354 1899 4425 inquam,

232 4445 393 4503 tales
421 4443 493 4499 in
520 4458 755 4499 summo
789 4440 1173 4509 collocantur,
1211 4444 1274 4496 ut
1302 4440 1475 4514 longe
1525 4442 1899 4515 prospiciunt.

2016 3284 2232 3340 animis
2262 3289 2434 3339 aucta
2460 3290 2549 3340 est
2578 3284 2780 3338 audita
2813 3284 2999 3339 nostri
3032 3283 3328 3339 terrestris
3377 3283 3664 3339 exercitus

2014 3374 2407 3439 clade,utnon
2442 3374 2743 3430 dubitaret
2773 3372 2950 3443 triplo
2984 3373 3443 3428 numerosiorem
3477 3372 3666 3442 impe-

2009 3463 2216 3519 ratoris
2249 3462 2512 3519 navalem
2561 3462 2900 3527 exercitum,
2953 3461 3265 3517 stationem
3318 3465 3460 3516 tunc
3506 3462 3664 3515 circa

2012 3552 2439 3609 Demetriadem
2466 3550 3051 3618 habentem,incursu
3077 3550 3380 3622 repentino
3399 3547 3658 3621 aggredi.

2010 3643 2343 3714 Inspirabat
2375 3642 2736 3697 alacritatem
2789 3641 2847 3696 in
2900 3642 3089 3696 audax
3139 3639 3452 3695 consilium
3501 3642 3660 3694 certa

2008 3731 2223 3787 ﬁducia
2268 3731 2390 3803 pari
2427 3731 2658 3786 fortuna
2687 3730 2887 3785 utendi
2918 3730 3216 3785 maritimo
3247 3743 3481 3799 quoque
3511 3744 3655 3799 prae-

2008 3823 2108 3879 lio.
2143 3821 2680 3891 Persuaserantque
2708 3819 2843 3885 sibi,
2876 3819 2925 3873 si
2956 3817 3240 3890 perculsis
3278 3816 3653 3872 incommodo

2011 3912 2269 3966 terrestri
2301 3916 2359 3965 et
2390 3910 2605 3965 recenti
2634 3909 2798 3964 clade
2827 3907 3043 3964 territis
3075 3906 3271 3962 infesti
3311 3904 3653 3976 superveni-

2010 4005 2160 4069 rent,
2192 3998 2383 4069 specie
2408 3999 2537 4069 ipsa
2568 3997 2657 4053 sui
2692 3997 3085 4069 praesentique
3116 4011 3362 4050 occursu
3400 3992 3655 4048 debella-

2011 4095 2196 4154 turos,
2231 4074 2801 4159 potiturosquelmox
2830 4086 3097 4151 navibus,
3133 4087 3298 4156 portu
3332 4081 3658 4155 praesertim

2011 4176 2257 4233 inclusis
2282 4178 2338 4231 et
2362 4191 2462 4246 per
2493 4174 2799 4246 angustias
2829 4173 3118 4247 explicare
3149 4188 3276 4228 sese
3304 4171 3363 4226 in
3397 4169 3662 4226 navalem

2012 4266 2194 4323 aciem
2232 4283 2350 4321 non
2380 4264 2736 4321 valentibus.
2770 4266 2842 4320 Et
2873 4280 3079 4336 parum
3116 4261 3306 4319 abfuit
3352 4260 3491 4331 quin
3540 4258 3667 4332 spei

2013 4360 2311 4426 compotes
2344 4355 2569 4420 fierent,
2614 4359 3030 4422 momentoque
3078 4350 3289 4421 ingens
3336 4346 3664 4421 periculum

2014 4459 2255 4499 summae
2291 4441 2408 4497 illic
2440 4458 2634 4497 rerum
2669 4442 2799 4496 fuit.
2834 4442 3015 4511 Cujus
3063 4455 3197 4495 cum
3246 4442 3402 4495 esset
3449 4436 3665 4509 raptim

234 4541 335 4591 An
382 4533 543 4590 enim
594 4530 929 4604 speculator
976 4530 1035 4584 in
1087 4529 1260 4601 culpa
1298 4536 1388 4587 est
1417 4532 1517 4603 qui
1552 4549 1662 4587 non
1698 4532 1901 4603 praevi-
1940 4567 1981 4631 Β
2015 4533 2297 4589 indicium
2325 4531 2616 4603 perlatum
2642 4531 2712 4586 ad
2734 4531 3021 4586 Joannem
3048 4530 3356 4599 despotam
3386 4526 3446 4582 in
3473 4525 3668 4583 locum

242 4626 427 4693 derit,
470 4641 585 4680 non
638 4621 1113 4696 przeindiacverit
1168 4622 1487 4693 perniciem
1534 4622 1906 4695 ingruentem

243 4716 424 4787 cujus
451 4711 817 4769 observando
852 4710 1130 4783 appulsui
1161 4711 1521 4767 constitutus
1566 4712 1624 4766 in
1674 4712 1909 4784 specula

244 4803 437 4861 tuerit
468 4820 480 4857 :
513 4803 634 4859 dux
663 4800 975 4857 habebitur
1004 4800 1316 4867 innocens,
1349 4800 1449 4871 qui
1486 4818 1599 4856 non
1643 4801 1911 4873 praescie-

246 4894 355 4964 rit,
410 4909 529 4948 non
583 4891 924 4963 praecaverit
963 4889 1230 4957 insidias,
1263 4890 1626 4961 furtivosque
1656 4892 1911 4962 impetus

243 4982 582 5055 sagacitate
611 4996 1055 5053 przsoccupans,
1079 4984 1307 5035 mature
1342 4979 1587 5035 obvians
1617 4982 1912 5051 averterit,

245 5072 410 5144 quod
442 5070 825 5142 potissimum
859 5073 923 5124 ut
953 5070 1131 5124 faciat
1166 5068 1224 5123 in
1260 5068 1315 5123 id
1345 5073 1581 5125 evectus
1613 5068 1912 5140 fastigium

242 5160 390 5219 est?
414 5160 545 5217 Non
577 5160 854 5232 profecto.
888 5157 1128 5213 Minime
1152 5157 1233 5227 id,
1268 5157 1535 5230 inquam;
1572 5176 1674 5215 nec
1705 5160 1776 5214 de
1808 5158 1918 5214 hoc

253 5251 583 5323 quisquam
620 5250 723 5319 qui
753 5247 943 5320 sapiat
969 5247 1344 5303 dubitaverit.

340 5342 622 5394 Ceterum
674 5340 738 5391 ut
768 5336 925 5391 hunc
956 5334 1502 5405 iuopinatissimum
1537 5353 1740 5393 casum
1774 5341 1919 5392 stre-

252 5442 403 5495 nue,
432 5432 497 5482 ut
529 5425 696 5491 solet,
726 5423 786 5479 in
819 5440 1020 5479 omnes
1052 5423 1167 5479 late
1199 5428 1396 5496 partes
1447 5425 1599 5480 fama
1644 5425 1921 5496 vulgavit,

250 5518 458 5579 varios
481 5517 539 5571 in
559 5515 740 5572 variis
766 5528 975 5587 repens
1009 5513 1254 5569 nuntius
1287 5514 1561 5570 excitavit
1592 5515 1922 5571 animorum

252 5606 707 5665 motus.Multos
731 5603 891 5677 gravi
915 5602 1112 5659 dolore
1134 5602 1469 5669 affecitmon
1499 5621 1713 5676 paucos
1739 5621 1926 5677 usque

245 5699 333 5755 ad
372 5701 673 5770 stuporem
706 5691 985 5767 perculit;
1019 5691 1377 5764 quibusdam
1408 5690 1577 5749 laetus
1607 5694 1842 5763 accidit,
1870 5698 1928 5751 et

2018 4623 2113 4680 cui
2146 4638 2362 4678 nomen
2396 4619 2716 4676 Drimianis
2745 4619 2886 4692 fuga
2917 4617 3301 4690 receptum,in
3333 4629 3669 4688 quanquam

2021 4713 2231 4786 plenus
2300 4710 2485 4765 cladis
2547 4715 2603 4764 et
2662 4710 2884 4781 pudore
2942 4721 3309 4778 mmroreque
3366 4706 3672 4772 confusus,

2021 4800 2291 4858 excitavit
2326 4814 2455 4855 sese
2486 4804 2711 4867 tamen,
2744 4798 2901 4853 haud
2938 4797 3145 4853 molles
3177 4797 3521 4851 admovente
3568 4794 3676 4850 sti-

2023 4890 2215 4947 mulos
2241 4890 2405 4959 justo
2438 4892 2619 4959 metu,
2652 4903 2723 4942 ne
2756 4887 2803 4943 si
2838 4903 3025 4946 novus
3055 4886 3167 4941 iste
3197 4900 3428 4956 quoque
3473 4898 3674 4939 succe-

2024 4981 2188 5035 deret
2234 4979 2307 5034 ad
2351 4986 2549 5035 votum
2600 4977 2860 5033 hostium
2908 4978 3177 5043 conatus,
3210 4990 3326 5031 non
3358 4971 3551 5029 solum
3583 4988 3678 5028 ac-

2026 5069 2330 5139 ceptojam
2364 5067 2736 5122 incommodo
2778 5065 2973 5122 fatalis
3023 5062 3297 5120 cumulus
3345 5062 3675 5130 adderetur,

2028 5158 2127 5213 sed
2160 5156 2406 5211 ulterius
2440 5173 2673 5227 quoque
2702 5172 2892 5227 usque
2925 5156 2982 5210 in
3016 5150 3454 5224 irreparabilem
3494 5151 3678 5219 impe-

2029 5246 2098 5303 rii
2134 5246 2365 5301 ruinam
2400 5244 2599 5301 damni
2653 5244 2907 5317 pernicis
2959 5243 3277 5300 excederet.
3327 5240 3473 5306 Quid
3522 5238 3678 5293 enim

2028 5335 2225 5392 timeri
2273 5335 2476 5390 mitius
2529 5338 2779 5406 poterat,
2831 5334 2880 5389 si
2929 5332 3159 5397 classis,
3210 5329 3335 5385 sola
3380 5334 3521 5382 tunc
3545 5341 3678 5395 pars

2030 5424 2241 5480 virium
2266 5423 2551 5480 Romanis
2577 5422 2757 5489 salva,
2792 5420 3113 5477 deleretur?
3143 5418 3258 5473 Hac
3287 5412 3682 5471 sollicitudine

2033 5512 2351 5569 instinctus
2382 5529 2450 5568 ex
2481 5511 2696 5580 effugio
2726 5510 2825 5566 illo
2848 5527 2915 5566 ac
2942 5507 3183 5563 latebris
3214 5502 3407 5574 erupit
3436 5501 3595 5567 suis;
3625 5506 3685 5557 et

2038 5603 2192 5675 quod
2244 5601 2591 5658 Drimianim
2643 5617 2708 5656 ac
2757 5596 3183 5656 Demetriadem
3244 5593 3527 5646 intererat
3574 5588 3687 5646 iter

2039 5692 2199 5749 bidui
2250 5708 2369 5747 una
2427 5694 2595 5747 nocte
2651 5688 2979 5762 pervolans,
3032 5682 3214 5754 raptis
3264 5695 3489 5750 secum,
3540 5696 3686 5752 quas
