4002 6198
364 344 480 398 783
1673 331 1974 388 GEORGII
2015 331 2482 390 PACHYMBRB
3629 336 3716 392 τοι

362 461 540 543 τριάδι
570 461 868 538 ἐφίσταται,
917 454 1005 510 καὶ
1063 456 1156 510 τὸν
1213 455 1409 510 στόλον
1472 453 1524 510 ἐν
1586 459 1708 529 χοῷ
1765 451 2018 509 κινδύνου
2048 461 2100 528 Α
2133 459 2327 532 φωνῶν
2382 477 2440 511 τε
2499 454 2587 510 xui
2627 454 3020 526 ποτνιώμενος,
3070 455 3162 509 καὶ
3217 454 3293 516 ὡς
3334 455 3724 518 αὗτὸςόδεσπόο

367 539 792 622 δίαταλαμδάνει·
852 542 992 616 Ἤδη
1063 545 1164 620 γὰρ
1209 546 1297 600 καὶ
1354 545 1408 599 αῖ
1459 549 1566 598 τῶν
1627 544 1842 619 ἐχθρῶν
1898 552 2024 614 νῆες
2125 565 2225 615 της
2255 544 2337 615 εἷή
2397 545 2489 599 καὶ
2545 539 2912 619 προσϐοηθεῖν
2962 541 3110 618 ἔχοι,
3148 543 3240 598 καὶ
3272 545 3502 621 ὁκαιρὸς
3539 546 3724 602 ἀνακλι.

367 641 621 716 ἐμφανεῖς
651 639 784 704 ἦσαν
833 629 1245 711 προσϐαλοῦσαι
1294 636 1357 689 τὸ
1410 633 1686 705 τηνικάδε.
1748 641 1834 697 Ὠς
1890 639 2021 710 γοῦν
2129 634 2287 702 θῆναι
2339 633 2485 711 σφίσι
2545 631 2792 711 σφάλμα,
2849 632 2892 688 εί
2955 631 3122 706 μόνον
3186 634 3518 710 προσέχοιεν.
3571 637 3729 712 Ὠρεγί

365 727 500 782 κατὰ
560 745 756 800 στιχας
815 719 1067 795 ἔστησαν,
1123 729 1365 778 κακεῖναι
1419 726 1512 798 μὲν
1588 726 1699 798 ἅμα
1749 720 2026 799 προσέϐα-
2127 745 2185 778 τε
2214 728 2402 798 χεῖρας
2433 720 2624 793 ἔξωθεν
2676 728 2794 784 τοῖς
2850 721 3022 792 ἐντὸς,
3071 723 3158 778 καὶ
3211 725 3507 797 προθυμίας
3535 733 3731 802 παρεῖχε

363 815 484 884 λον,
534 817 588 868 αἱ
651 813 709 869 δὲ
763 819 869 869 τῶν
929 814 1222 887 Ῥωμαίων
1285 811 1548 889 στιχηδὸν
1603 815 1740 869 κατὰ
1797 811 2024 874 δεκάδας
2130 807 2404 885 σύμϐολα,
2459 814 2540 885 [Ρ.
2593 815 2722 884 224]
2772 812 2846 873 ὡς
2899 811 3144 876 ἐντεῦθεν
3205 811 3433 885 πέμψων
3493 814 3730 887 βοήθειαν.

365 904 623 979 ἐπῄεσαν,
671 905 724 958 αἱ
782 904 876 976 μὲν
931 911 1032 973 τῆς
1092 905 1317 979 πρώτης
1373 901 1596 965 δεκάδος
1644 904 1743 972 τήν
1803 905 2027 978 πρώτην
2131 902 2197 958 Ol.
2229 899 2286 956 δὶ
2315 902 2404 956 καὶ
2437 903 2582 976 παρά
2611 903 2672 956 τὸ
2705 901 2848 964 εἰκὸς
2880 899 3225 975 ἠνδρίζοντο,
3257 903 3346 956 καὶ
3390 899 3534 973 δίκην
3566 904 3731 979 ἀγρίων

369 991 626 1068 ἐδέχοντο
665 991 873 1068 μάχην,
905 993 994 1047 καὶ
1028 1000 1128 1062 τῆς
1158 991 1385 1054 δεκάδος
1415 995 1449 1062 ἡ
1482 994 1676 1069 πρώτη
1726 996 2022 1069 προώρμα,
2133 995 2273 1045 συῶν
2303 990 2754 1068 κατεσφάττοντο.
2805 991 2866 1048 '0
2897 986 2954 1045 δὲ
3008 995 3127 1052 ταῖς
3184 996 3575 1067 παρατυχοῦσιν
3603 993 3737 1048 ἁλιά-

371 1082 509 1138 ὅπσυ
566 1081 656 1136 καὶ
716 1083 744 1136 ὁ
805 1080 1261 1156 Φιλανθροπηνὸς
1319 1082 1758 1158 πρωτοστράτωρ
1810 1083 1876 1151 ἦν
1935 1084 2027 1138 καὶ
2131 1099 2213 1133 σιν
2278 1080 2498 1151 ἀκμῆτα
2565 1077 2697 1134 λαὸν
2755 1081 3110 1153 προσέπεμπε
3164 1087 3254 1134 xui
3309 1077 3735 1157 προσεπεϐοήθιι,

370 1173 434 1227 τὸ
498 1169 778 1246 βασιλικὸν
839 1172 1171 1247 ἀνεγήγερτο
1232 1178 1506 1246 σκῆπτρον
1545 1217 1558 1239 ,
1618 1172 1691 1233 ὡς
1751 1171 1978 1243 σύνηθες
2011 1215 2026 1241 ,
2131 1167 2220 1222 xui
2281 1173 2482 1246 φωναῖς
2536 1169 2628 1223 καὶ
2699 1171 2948 1244 σχήμασι
3005 1170 3144 1245 πρὸς
3201 1167 3404 1242 ἄμυναν
3461 1170 3734 1246 παρεκάλει,

373 1260 465 1314 καὶ
497 1257 562 1328 δὴ
597 1263 966 1331 συμπεσοῦσαι
1029 1262 1215 1334 μάχην
1275 1257 1497 1336 ἤγειραν
1558 1280 1841 1335 κρατεραν.
1874 1259 2029 1317 Ἀλκ’
2134 1257 2292 1335 έφ²ᾦ
2349 1259 2424 1330 μὴ
2486 1255 2715 1332 σφαλείη
2775 1258 2866 1312 καὶ
2916 1257 2983 1312 τὰ
3037 1256 3165 1314 ἐκεῖ.
3217 1259 3308 1320 Ὠς
3367 1257 3413 1313 δ’
3469 1259 3549 1314 ἐπὶ
3601 1261 3731 1334 ξυροῦ

375 1348 475 1402 οὐκ
502 1347 569 1416 ἧν
626 1346 750 1420 μίαν
809 1347 1282 1426 ἐπεισφρησάντων
1341 1347 1571 1404 πολλῶν
1631 1349 1883 1424 ἐνεγκεῖν·
1911 1349 2026 1404 ὅθεν
2134 1346 2359 1408 ἐκείνοις
2392 1343 2697 1408 ὁκίνδυνος
2735 1343 2950 1418 'ta'tuto,
3007 1345 3194 1409 ἄλλως
3251 1345 3392 1423 ἔγνω
3448 1350 3734 1424 παρακαλεῖν

374 1435 466 1491 xui
533 1441 797 1510 περιῆσαν
865 1435 1174 1509 ἐπιθέμενοι
1245 1438 1586 1511 μαχομένοις
1616 1481 1630 1508 ,
1705 1439 2028 1515 σφάττοντες
2135 1435 2226 1490 καὶ
2286 1440 2504 1508 θερμῶς
2541 1434 2798 1491 ἱκετεύειν
2829 1435 2976 1508 αὐτῷ
3000 1433 3065 1504 δὴ
3106 1441 3186 1508 τῷ
3213 1442 3491 1510 ταπεινπῷ
3535 1441 3741 1514 σχήματι

375 1525 782 1599 ἀντεχομένους
818 1568 832 1593 ,
891 1520 1328 1587 καταϐάλλοντες
1385 1527 1830 1598 ἀνθισταμένους.
1887 1528 2030 1582 Τότο
2135 1524 2195 1578 ἐκ
2236 1525 2342 1600 γὰρ
2398 1531 2500 1594 τῆς
2559 1522 2742 1594 δεινῆς
2801 1524 3130 1593 ἑκατέρωθεν
3164 1525 3518 1589 ἀντιστάσεως
3569 1527 3741 1583 πολλοὶ

384 1614 478 1686 μὲν
509 1611 715 1667 πολλοὶ
745 1613 834 1667 καὶ
897 1613 1172 1689 μαχαίρας
1229 1613 1382 1690 ἔργον
1416 1613 1677 1689 ἐγένοντο,
1736 1613 2033 1672 πολλοὶδέ
2133 1619 2245 1670 τῶν
2297 1617 2605 1671 πιπτόντων
2659 1618 2741 1690 [Ρ.
2795 1619 2922 1690 225]
2979 1619 3114 1685 ἦσαν
3151 1660 3165 1686 ,
3224 1617 3318 1671 καὶ
3375 1616 3602 1673 θάλασσα
3652 1617 3739 1695 ῥέεν

383 1702 473 1757 καὶ
535 1702 624 1756 ἐπὶ
674 1706 784 1756 τῶν
848 1700 1055 1756 ὑδάτων
1116 1702 1516 1766 ὀλισθαίνοντες
1587 1702 1980 1776 ἐναπέθνησκον
2016 1748 2032 1774 ,
2140 1702 2352 1778 α’ίματι.

385 1788 639 1896 filiai“?
686 1789 762 1896 (αὖ
807 1792 1138 1866 τραυμακίαι
1167 1794 1463 1896 ,γεγονότες
1514 1794 1616 1896 είς“
1637 1793 2033 1896 τέλοῖράντεῖ-
2064 1815 2112 1882 Β
2143 1819 2242 1896 λβ.
2297 1822 2483 1881 Ὅπως
2515 1821 2677 1896 ’κατά
2735 1817 3006 1896 eaad-my
3032 1819 3096 1896 ῌὸ
3147 1817 3585 1896 ἐπρωτοσψᾴῃΨ
3610 1819 3746 1896 ,Φιλ-

382 1897 510 1954 χον.
544 1879 649 1934 Τὸν
682 1876 740 1934 δὲ
767 1900 829 1956 γε
857 1885 1319 1956 πρωτοστράτορα
1374 1882 1464 1937 καὶ
1519 1879 1759 1947 πολλαῖς
1788 1878 2023 1939 ἔϐαλλον
2064 1876 2105 1882 —
2186 1876 2568 1966 ὀξνθρωπῃλρὸς
2635 1876 2760 1966 νικᾷ
2835 1891 2966 1952 τοὺς
3031 1876 3283 1966 Ἰταλοὺς
3344 1876 3497 1966 ριαῖτὰΔ
3533 1876 3702 1966 κράτος
3732 1935 3744 1949 .

374 1973 494 2032 ταῖς
515 1968 681 2040 ἀκίσι,
735 1971 820 2024 κνὶ
871 1969 987 2025 ἐπεὶ
1038 1971 1346 2027 καθικέσθαι
1405 1973 1504 2028 οὐκ
1554 1973 1623 2042 ἦν
1677 1973 2031 2048 ὡπλισμένου
2211 1959 2598 2048 ςυνὲργοῦντος
2696 1959 2887 2034 ἔἔωθεν
2981 1962 3072 2017 καὶ
3164 1967 3263 2018 τοῖ’)
3341 1959 3590 2018 δεσπότοδ
3648 1963 3746 2018 Ἰω-

373 2035 785 2128 πισόντοςίτὰς
837 2059 1114 2135 μαχαίρας
1169 2055 1538 2133 ἐμϐάλλοντες
1579 2035 1698 2118 ’τῶν
1727 2035 1914 2118 ὅπλών
1949 2062 2034 2118 έν-
2210 2035 2386 2090 iw“?

377 2147 470 2207 τὸς
498 2145 777 2217 ἠκίζοντο.
809 2150 984 2204 Τοῦτο
1031 2153 1150 2210 ταῖς
1209 2147 1433 2213 λοιπαῖς
1463 2152 1615 2206 ναυσὶ
1649 2149 1778 2230 δίχα
1813 2153 1904 2206 καί
1935 2157 2030 2207 τοῦ
2211 2153 2293 2224 [Ρ.
2325 2153 2452 2224 225]
2497 2147 2636 2221 Ἤδη
2692 2147 2749 2204 δὲ
2803 2152 2892 2205 καὶ
2926 2152 2960 2220 ἡ
2994 2154 3455 2225 πρωτοτακτοῦσα
3507 2146 3744 2204 κατεδικά·

375 2235 492 2288 κατ’
548 2235 712 2297 αὐτὰς
787 2233 1041 2290 κινδύνου
1125 2237 1200 2299 εἷς
1267 2236 1470 2294 δειλίαν
1534 2241 1828 2310 ἀνήκεστον
1875 2261 2030 2316 περι-
2142 2245 2260 2309 ζετο
2289 2238 2415 2302 ναῦς
2458 2239 2550 2294 xui
2607 2236 2716 2310 ἤδη
2775 2244 2892 2301 τοῖς
2950 2237 3171 2316 ἐχθροῖς
3228 2239 3490 2316 ἀπήγετο,
3546 2238 3744 2310 ὲνῇκαὶ

384 2321 674 2382 ίστατο.¹0
707 2321 764 2380 δέ
820 2345 883 2400 γε
914 2322 1181 2396 δεσπότης
1235 2333 1353 2390 τοῖς
1408 2328 1684 2404 αἶ’γιαλοῖς
1741 2329 2029 2408 ἐφιστάμε-
2139 2329 2304 2383 ὁτῶν
2343 2333 2490 2400 νηῶν
2552 2326 2781 2404 ἔξαρχος
2831 2330 2895 2397 ἦν
2953 2328 3045 2382 καὶ
3106 2329 3161 2382 αἱ
3224 2327 3502 2404 βασιλικαὶ
3549 2331 3743 2400 σημαῖαι

377 2433 470 2475 νος
529 2408 699 2490 ὤρεγε
745 2415 935 2489 χεῖρας
969 2459 983 2486 ,
1042 2415 1132 2471 καὶ
1219 2413 1604 2489 κατηντιϐόλει
1679 2419 1748 2474 τὰ
1799 2421 2029 2494 μέγιστα
2141 2418 2234 2473 καὶ
2283 2419 2335 2472 οἱ
2389 2422 2496 2472 τῶν
2558 2417 2820 2492 μαχίμων
2879 2413 3084 2492 ἀνδρῶν
3143 2417 3462 2494 πρόκριτοι.
3518 2418 3610 2476 Καὶ
3649 2417 3747 2470 τότε

386 2626 660 2700 colligere
709 2633 998 2700 potuerat,
1054 2630 1324 2705 reliquiis
1377 2634 1665 2691 exercitus
1715 2636 2032 2703 terrestris,
2143 2637 2274 2691 rent
2303 2636 2494 2691 adhuc
2524 2635 2740 2691 animis
2774 2652 2788 2691 :
2823 2650 2894 2691 en
2926 2636 3130 2692 adesse
3162 2652 3298 2692 sese
3337 2637 3621 2708 despotam
3665 2649 3747 2690 au-

378 2721 637 2773 extremo
669 2718 796 2789 jam
846 2719 1189 2777 discrimine
1238 2723 1662 2794 periclitantem
1707 2725 2031 2781 Romanam
2140 2723 2284 2780 xilia
2315 2725 2630 2794 ferentem;
2664 2726 3034 2781 occasionem
3066 2727 3279 2782 adesse
3311 2727 3634 2798 reponenda
3660 2723 3746 2778 bo-

376 2805 461 2860 ibi
493 2806 706 2876 reperit
735 2806 1009 2865 classem.
1039 2811 1416 2881 Apparebant
1463 2814 1534 2868 ab
1585 2814 1704 2870 alto
1751 2816 2031 2886 expedita!
2143 2815 2332 2870 stibus
2362 2814 2547 2870 cladis
2580 2831 2831 2886 nuperis,
2863 2815 2910 2870 si
2946 2815 3188 2886 paulum
3223 2817 3402 2871 modo
3434 2816 3746 2871 concitet-en-

376 2896 448 2950 ad
504 2895 900 2952 invadendum
955 2899 1219 2970 praelium
1270 2901 1513 2958 hostiles
1543 2920 1718 2959 naves
1750 2904 2033 2960 ordinata
2141 2907 2380 2958 tur.Hoc
2401 2903 2649 2974 loquens
2670 2904 2853 2973 vultu,
2873 2904 3081 2971 oculis,
3105 2921 3398 2960 manuum
3423 2904 3743 2977 proteosione

375 2982 990 3042 seriatim.Stabantex
1004 2988 1246 3045 adverso
1264 2989 1535 3046 Romana:
1551 2993 1850 3064 productis
1866 2993 1920 3048 in
1938 2994 2032 3049 de-
2142 2993 2572 3062 commonebat,
2597 2999 2800 3048 eterra
2824 2994 3057 3049 intuens
3080 2995 3138 3049 in
3163 2995 3418 3049 navibus
3440 2997 3741 3066 pugnantes,

376 3073 554 3128 cadas
586 3074 741 3130 888
769 3076 1056 3148 versibus,
1091 3079 1212 3134 acie
1244 3095 1347 3151 per
1395 3081 1746 3153 multiplices
1792 3082 2028 3140 ordines
2139 3085 2308 3153 nutu,
2337 3086 2527 3154 gestu,
2561 3083 2721 3138 omni
2750 3087 3028 3155 praeterea
3059 3083 3487 3153 signiﬁcatione
3517 3082 3739 3136 indicans

373 3161 698 3233 profunda;
733 3164 906 3234 cujus
929 3181 1055 3236 quis
1089 3167 1248 3221 frons
1280 3173 1402 3223 erat
1434 3169 1607 3224 decas
1641 3171 1830 3240 prima
1860 3187 2021 3226 com-
2053 3202 2095 3269 ε
2135 3172 2422 3227 adducere
2470 3189 2532 3228 se
2575 3171 2860 3228 auxilium
2914 3172 3302 3245 praevalidum
3356 3189 3485 3230 mox
3531 3184 3739 3241 moxque

374 3248 605 3303 mittere
629 3250 753 3318 jam
787 3257 1057 3321 coeperat,
1087 3254 1383 3325 excipiens
1428 3259 1682 3328 primum
1738 3261 2022 3330 impetum
2053 3248 2095 3269 υ
2135 3261 2503 3318 adfuturum.
2539 3262 2598 3316 ld
2633 3263 2923 3318 enimvero
2973 3261 3297 3334 plurimum
3346 3261 3538 3318 valuit.
3584 3256 3739 3315 Nostri

378 3337 734 3392 irruentium
763 3339 816 3392 vi
861 3356 1096 3395 summa
1148 3342 1511 3400 Latinorum.
1560 3352 1624 3401 In
1685 3347 1778 3402 his
1827 3349 2026 3403 decem
2137 3349 2352 3406 milites
2400 3368 2432 3405 a
2483 3356 2617 3406 nota
2669 3352 2824 3407 884
2869 3353 3012 3408 facie
3060 3369 3127 3408 ac
3171 3369 3313 3409 voce
3345 3351 3505 3408 novis
3534 3347 3740 3421 receptis

379 3425 602 3480 nostris
635 3426 906 3498 princeps
931 3435 1054 3484 erat
1085 3429 1214 3500 ipsa
1245 3435 1529 3503 praetoria,
1564 3452 1680 3507 qua
1709 3437 2030 3493 vehebatur
2135 3437 2374 3505 animis,
2409 3439 2598 3494 instar
2625 3439 3031 3512 aprorum,qui
3062 3440 3453 3496 circumventi
3483 3435 3739 3495 venabulis

377 3513 915 3586 Philanthropenus
941 3523 1345 3589 protostrator,
1365 3524 1520 3578 unde
1535 3531 1788 3580 erectum
1815 3528 2030 3598 promi-
2135 3526 2190 3580 in
2227 3528 2356 3597 ipsa
2384 3533 2570 3583 morte
2601 3528 2794 3583 dirum
2828 3529 3119 3594 frendent,
3140 3529 3303 3584 haud
3337 3531 3568 3601 impune
3594 3523 3738 3582 truci-

381 3604 556 3660 nebat
587 3606 658 3659 de
689 3607 998 3691 moregalte
1029 3611 1410 3682 conspicuum
1447 3620 1737 3686 sceptrum
1772 3617 2024 3691 imperii.
2134 3616 2447 3670 dabantur.
2484 3616 2721 3672 Interim
2754 3617 2827 3673 iis
2859 3618 3124 3674 subsidio
3156 3620 3426 3690 despota,
3459 3613 3738 3690 piscatoriis

383 3693 464 3748 Ea
516 3694 782 3765 expedito
807 3689 939 3752 ante
961 3714 1166 3755 omnes
1189 3718 1468 3772 procursu
1496 3705 1810 3763 miscuerat
1832 3689 1893 3762 se
1922 3710 2024 3764 bo-
2136 3704 2278 3760 forte
2309 3705 2594 3761 naviculis
2627 3707 2894 3778 repertis,
2924 3707 3101 3762 lectos
3133 3689 3484 3764 bellatorum
3517 3703 3738 3776 manipu-

385 3782 579 3838 stibus
611 3787 968 3857 strenueque
999 3788 1713 3859 dimicabat,imitantibus
1741 3814 1843 3868 pro
1874 3798 2024 3854 virili
2133 3793 2220 3849 los
2248 3796 2627 3864 submittere;
2662 3796 2901 3852 vocibus
2946 3797 3168 3868 pariter
3215 3801 3275 3852 et
3329 3797 3505 3869 signis
3550 3791 3734 3868 ΡτοσῑιῘ,

383 3887 589 3927 novem
624 3873 868 3930 ceteris.
904 3878 1119 3932 Verum
1153 3895 1281 3934 cum
1317 3881 1372 3935 in
1424 3899 1599 3938 unam
1652 3884 1811 3942 illam
1865 3892 2027 3944 extra
2135 3889 2199 3939 ut
2229 3884 2789 3956 coaperat,animare;
2815 3886 3108 3942 concitare
3140 3886 3202 3941 in
3239 3886 3541 3951 ultionem,
3568 3884 3733 3940 admo-

379 3961 644 4017 ordinem
678 3967 931 4019 evectam
969 3967 1229 4038 undique
1262 3970 1449 4027 Latini
1482 3975 1804 4033 coorientes
1848 3995 2021 4034 cona-
2132 3989 2269 4029 nere
2299 3973 2576 4030 ultimum
2610 3974 2665 4029 id
2704 3979 2936 4046 tempus
2985 3975 3106 4031 fore
3155 3977 3458 4033 servanda
3505 3975 3732 4030 Romanis

376 4050 538 4106 tibus
561 4067 662 4122 pro
684 4067 747 4106 se
771 4052 1021 4124 quisque
1042 4055 1576 4118 vehementissimis
1608 4065 2021 4138 irrumperent,
2131 4063 2236 4132 rci,
2286 4062 2441 4117 haud
2491 4063 2667 4119 dubie
2718 4064 3013 4135 peritum,
3063 4063 3112 4119 εἰ
3162 4065 3472 4120 οσεηεῑοοί
3516 4057 3731 4118 terram

375 4155 491 4194 non
523 4140 806 4195 sustinuit
848 4141 962 4197 vim
1014 4150 1269 4201 atrocem
1321 4150 1390 4204 ad
1440 4159 1784 4220 extremum,
1833 4158 2021 4212 admi-
2130 4149 2326 4206 clades
2385 4151 2683 4208 maritima
2739 4153 3132 4224 superveniat.
3186 4153 3322 4209 Hac
3369 4150 3732 4209 ardentissime

374 4227 656 4299 misitque
705 4228 975 4296 victores,
1031 4235 1130 4304 qui
1182 4235 1422 4294 eluctati
1452 4245 1842 4300 constantiam
1880 4247 2020 4302 resi-
2130 4255 2312 4312 agens
2374 4239 2532 4308 licet,
2601 4257 2810 4312 parum
2877 4241 3221 4312 proﬁciebat
3279 4259 3296 4298 :
3365 4239 3732 4297 intendebatur

373 4317 656 4370 stentium
711 4318 1030 4376 fortissime
1059 4329 1788 4396 nostrorum,trucidantes
1819 4337 1953 4392 adve

2150 4329 2283 4383 :nim
2320 4329 2670 4400 periculum,
2702 4334 2758 4386 et
2787 4347 2990 4402 parum
3023 4348 3056 4386 a
3103 4331 3473 4387 conclamata
3519 4324 3730 4400 pernicie

372 4403 838 4475 sos,dejicientes
871 4407 1491 4478 obvios,miserabilem
1525 4419 1836 4478 ediderunt
1864 4429 2021 4481 stra-
2129 4434 2223 4474 res
2273 4418 2494 4476 aberat.
2545 4418 2646 4475 Ille
2693 4419 3066 4492 conspicatus
3106 4421 3301 4492 magis
3333 4420 3619 4492 magisque
3645 4415 3731 4470 Bo-

371 4509 527 4584 gem.
558 4495 723 4584 Tunc
769 4496 985 4553 multos
1032 4502 1365 4573 absumpsit
1411 4509 1711 4568 confossos
1761 4512 1951 4584 gladio

2150 4523 2336 4563 nanos
2361 4508 2585 4575 cadere,
2619 4508 3019 4579 congeminari
3049 4509 3262 4576 caades,
3306 4505 3614 4565 coacervari
3654 4518 3730 4558 ca-

371 4582 592 4638 multos
623 4583 823 4639 hausit
853 4585 912 4640 in
946 4605 1158 4658 aquam
1192 4592 1462 4666 delapsos
1496 4582 1791 4656 mare.Alii
1823 4582 2013 4660 tamen
2047 4587 2093 4652 D
2123 4596 2334 4652 davera
2370 4613 2637 4667 suorum,
2667 4598 3062 4654 decoloratum
3095 4615 3306 4654 cruore
3336 4602 3591 4671 pontum,
3630 4595 3729 4647 ine-

368 4671 582 4738 adhuc,
619 4671 753 4728 licet
783 4675 1106 4732 semineces
1136 4679 1585 4757 vulneribus,ad
1620 4690 1794 4746 finem
1823 4709 2010 4764 usque
2118 4683 2383 4740 luctabili
2405 4685 2456 4739 vi
2483 4702 2649 4742 ruere
2680 4686 2948 4757 victores,
2982 4686 3224 4742 aliunde
3246 4688 3376 4758 jam
3409 4690 3562 4741 ratus
3589 4679 3727 4738 auxi-

365 4761 1231 4824 resistebant.Protcstratorem
1266 4771 1457 4843 ipsum
1489 4777 1692 4835 multis
1723 4761 2012 4850 petierunt
2117 4775 2263 4830 lium
2296 4777 2694 4846 quaerendum,
2741 4775 2834 4831 Dei
2879 4793 3046 4848 opem
3094 4777 3449 4848 veniamque
3493 4774 3726 4830 ardenter

362 4850 518 4919 telis,
554 4867 682 4922 quae
712 4852 993 4922 quoniam
1029 4858 1282 4926 perferre
1332 4863 1510 4920 ictum
1552 4866 1608 4921 in
1651 4885 1864 4940 corpus
1907 4889 2006 4928 ne-
2116 4863 2348 4919 invocat
2377 4881 2554 4936 quam
2598 4865 3032 4921 demississimo
3076 4865 3284 4921 habitu
3333 4862 3584 4937 supplex,
3629 4871 3722 4914 non

363 4940 612 5030 quibant
637 4941 828 4995 valida
853 4941 1072 5014 ubique
1096 4953 1417 5016 protectum
1443 4962 1762 5028 armatura,
1793 4958 2006 5030 gladiis
2115 4956 2357 5021 frustra,
2387 4961 2449 5010 ut
2481 4973 2614 5010 mox
2642 4955 2960 5012 Videbitur-

360 5044 463 5099 per
512 5028 695 5084 rimas
744 5035 802 5085 et
851 5033 1276 5093 commissuras
1327 5057 1627 5100 armorum
1689 5028 2004 5106 insinuatis
2117 5101 2174 5106 -_
2246 5103 2284 5106 -_
2464 5102 2474 5106 ,
3131 5104 3141 5106 μ
3550 5100 3561 5106 ,
3683 5094 3693 5104 .

357 5133 506 5173 saeve
557 5118 721 5174 illum
767 5121 1260 5182 excarnificabant
1304 5146 1409 5200 per
1456 5133 1664 5190 intima
2113 5101 2202 5157 32'
2241 5102 2474 5200 "TE?"
2885 5100 3610 5200 "stkioginig._lgm
3647 5100 3716 5152 vi.

1054 5175 1259 5182 -..η-.--ν
1347 5175 1398 5185 ν-
1457 5175 1664 5190 nui-All“
1693 5175 2000 5195 uuulUuLCEo
2414 5175 2424 5184 ’
2589 5175 2598 5186 ’

353 5205 415 5262 1d
447 5223 582 5264 vero
610 5207 1086 5266 animadversum
1136 5215 1208 5270 ab
1257 5175 1505 5276 aliarum
1555 5223 1844 5281 militibus
1895 5244 2004 5283 na-
2306 5180 2468 5245 cem,
2499 5175 2803 5246 adjuvame
2832 5193 2865 5231 α
2896 5185 3044 5231 “rm
3073 5177 3301 5248 demam
3325 5177 3551 5232 Joanne.

351 5295 888 5391 Vlumuacefrimis
936 5303 994 5352 et
1044 5299 1306 5391 ipsarum
1360 5306 1678 5366 insultibus
1730 5311 1998 5370 laboran-
2180 5315 2313 5371 .lam
2346 5317 2619 5388 praetoria
2649 5323 2852 5373 nostra
2887 5323 3220 5391 expugnata
3271 5319 3323 5373 vi
3376 5316 3612 5374 hostium
3657 5309 3712 5363 ab

350 5382 520 5476 tium,
555 5385 727 5476 fregit
749 5385 1004 5476 denique
1026 5390 1383 5476 pertinacem
1417 5395 1476 5450 in
1498 5397 1554 5451 id
1581 5397 1690 5454 loci
1723 5407 1999 5458 constan-
2109 5403 2257 5475 ipsis
2306 5382 2730 5476 ubducebatur,
2779 5411 2836 5462 et
2866 5408 2923 5462 in
2957 5382 3343 5466 cauniversaa
3375 5403 3567 5463 classis
3595 5413 3711 5472 pre-

346 5472 677 5569 tiam,t_r_isti
707 5477 764 5528 et
794 5474 1216 5569 immedicabili
1248 5480 1462 5552 injecta
1495 5502 1562 5540 ex
1593 5488 1998 5560 desperatione
2108 5472 2317 5560 fectus,
2352 5494 2726 5566 imperatoria
2755 5495 3033 5567 insignia,
3065 5497 3383 5569 ipsumque
3410 5495 3542 5551 adeo
3569 5489 3712 5544 robur

345 5560 686 5654 formidine,
713 5563 951 5634 quando
979 5569 1254 5654 apparuit
1283 5587 1312 5626 e
1346 5571 1538 5630 littore
1586 5578 1829 5651 deepota
1876 5597 1997 5638 ma-
2105 5585 2318 5637 nostris
2377 5560 2601 5640 militiai
2659 5560 2906 5654 navalis:
2964 5560 3304 5643 lectissimi-
3332 5577 3707 5647 fortissimitu

345 5663 460 5704 nus
489 5650 760 5720 tendens,
795 5666 862 5708 ac
891 5652 1147 5723 supplici
1179 5655 1434 5719 clamore
1481 5650 1828 5736 vociferans,
1879 5675 1994 5729 sta-
2105 5670 2439 5741 bellatores,
2470 5675 2730 5745 quando,
2762 5679 2828 5731 ut
2857 5650 3081 5732 dictum
3112 5679 3224 5744 est,
3257 5688 3459 5732 novam
3488 5661 3697 5728 addendi
