  <div class='ocr_page' id='page_1' title='image "/cluster/home/n/w/nwhite01/storage/ocr_20150623/143/hvd.32044073502585/398.png"; bbox 0 0 3920 6196; ppageno 0'>
   <div class='ocr_carea' id='block_1_1' title="bbox 246 295 2538 359">
    <p class='ocr_par' dir='ltr' id='par_1_1' title="bbox 246 295 2538 359">
     <span class='ocr_line' id='line_1_1' title="bbox 246 295 2538 359; baseline 0.006 -14"><span class='ocrx_word' id='word_1_1' title='bbox 246 299 337 355; x_wconf 85' lang='grc'><strong>785</strong></span> <span class='ocrx_word' id='word_1_2' title='bbox 1268 296 1366 351; x_wconf 80' lang='lat' dir='ltr'><strong>DE</strong></span> <span class='ocrx_word' id='word_1_3' title='bbox 1404 295 1770 351; x_wconf 79' lang='lat' dir='ltr'><strong>MICHAELE</strong></span> <span class='ocrx_word' id='word_1_4' title='bbox 1811 299 2256 359; x_wconf 66' lang='lat' dir='ltr'><strong>PALAEOLOGO</strong></span> <span class='ocrx_word' id='word_1_5' title='bbox 2292 305 2424 357; x_wconf 80' lang='lat' dir='ltr'><strong>LIB.</strong></span> <span class='ocrx_word' id='word_1_6' title='bbox 2467 306 2538 359; x_wconf 83' lang='lat' dir='ltr'><strong>V.</strong></span> 
     </span>
    </p>
   </div>
   <div class='ocr_carea' id='block_1_2' title="bbox 3495 310 3609 366">
    <p class='ocr_par' dir='ltr' id='par_1_2' title="bbox 3495 310 3609 366">
     <span class='ocr_line' id='line_1_2' title="bbox 3495 310 3609 366; baseline 0.026 -3"><span class='ocrx_word' id='word_1_7' title='bbox 3495 310 3609 366; x_wconf 86' lang='lat'><strong>786</strong></span> 
     </span>
    </p>
   </div>
   <div class='ocr_carea' id='block_1_3' title="bbox 248 417 3607 509">
    <p class='ocr_par' dir='ltr' id='par_1_3' title="bbox 248 417 3607 509">
     <span class='ocr_line' id='line_1_3' title="bbox 248 417 3607 509; baseline 0.003 -32"><span class='ocrx_word' id='word_1_8' title='bbox 248 425 324 485; x_wconf 75' lang='grc' dir='ltr'>τὰς</span> <span class='ocrx_word' id='word_1_9' title='bbox 369 419 657 494; x_wconf 78' lang='grc' dir='ltr'><strong>προθυμίας</strong></span> <span class='ocrx_word' id='word_1_10' title='bbox 713 418 929 475; x_wconf 79' lang='grc' dir='ltr'><strong>ἐκείνων</strong></span> <span class='ocrx_word' id='word_1_11' title='bbox 990 418 1233 489; x_wconf 77' lang='grc' dir='ltr'>ἐπαύξων</span> <span class='ocrx_word' id='word_1_12' title='bbox 1310 417 1491 494; x_wconf 76' lang='grc' dir='ltr'>ῥιπτεῖ</span> <span class='ocrx_word' id='word_1_13' title='bbox 1546 419 1681 473; x_wconf 81' lang='grc' dir='ltr'>κατᾶ</span> <span class='ocrx_word' id='word_1_14' title='bbox 1737 426 1841 494; x_wconf 82' lang='grc' dir='ltr'>γῆς</span> <span class='ocrx_word' id='word_1_15' title='bbox 1873 426 1928 490; x_wconf 75' lang='grc' dir='ltr'>Α</span> <span class='ocrx_word' id='word_1_16' title='bbox 1960 420 2236 497; x_wconf 80' lang='grc' dir='ltr'>Ἀχριδῶν</span> <span class='ocrx_word' id='word_1_17' title='bbox 2298 426 2569 501; x_wconf 79' lang='grc' dir='ltr'>Κεραμέᾳ,</span> <span class='ocrx_word' id='word_1_18' title='bbox 2630 429 2721 492; x_wconf 89' lang='grc' dir='ltr'><strong>θέα</strong></span> <span class='ocrx_word' id='word_1_19' title='bbox 2780 426 2949 492; x_wconf 77' lang='grc' dir='ltr'>ὄντως</span> <span class='ocrx_word' id='word_1_20' title='bbox 3003 428 3208 499; x_wconf 84' lang='grc' dir='ltr'>ἐλεεινὴ</span> <span class='ocrx_word' id='word_1_21' title='bbox 3245 433 3329 486; x_wconf 77' lang='grc' dir='ltr'>ιιαὶ</span> <span class='ocrx_word' id='word_1_22' title='bbox 3363 431 3607 509; x_wconf 77' lang='grc' dir='ltr'><strong>δακρύων</strong></span> 
     </span>
    </p>
   </div>
   <div class='ocr_carea' id='block_1_4' title="bbox 245 506 1851 587">
    <p class='ocr_par' dir='ltr' id='par_1_4' title="bbox 245 506 1851 587">
     <span class='ocr_line' id='line_1_4' title="bbox 245 506 1851 587; baseline -0.002 -20"><span class='ocrx_word' id='word_1_23' title='bbox 245 515 325 581; x_wconf 77' lang='grc' dir='ltr'>τὴν</span> <span class='ocrx_word' id='word_1_24' title='bbox 375 508 661 583; x_wconf 88' lang='grc' dir='ltr'>καλύπιραν</span> <span class='ocrx_word' id='word_1_25' title='bbox 716 516 818 579; x_wconf 84' lang='grc' dir='ltr'>τῆς</span> <span class='ocrx_word' id='word_1_26' title='bbox 875 515 1139 587; x_wconf 79' lang='grc' dir='ltr'>κεφαλῆς,</span> <span class='ocrx_word' id='word_1_27' title='bbox 1216 509 1304 562; x_wconf 73' lang='grc' dir='ltr'><strong>καὶ</strong></span> <span class='ocrx_word' id='word_1_28' title='bbox 1358 508 1503 562; x_wconf 81' lang='grc' dir='ltr'>κόνιν</span> <span class='ocrx_word' id='word_1_29' title='bbox 1573 506 1851 580; x_wconf 80' lang='grc' dir='ltr'>πάττεται,</span> 
     </span>
    </p>
   </div>
   <div class='ocr_carea' id='block_1_5' title="bbox 243 597 1850 673">
    <p class='ocr_par' dir='ltr' id='par_1_5' title="bbox 243 597 1850 673">
     <span class='ocr_line' id='line_1_5' title="bbox 243 597 1850 673; baseline -0.003 -16"><span class='ocrx_word' id='word_1_30' title='bbox 243 605 315 658; x_wconf 74' lang='grc' dir='ltr'><strong>καὶ</strong></span> <span class='ocrx_word' id='word_1_31' title='bbox 338 598 569 672; x_wconf 70' lang='grc' dir='ltr'>δάκρυσιν</span> <span class='ocrx_word' id='word_1_32' title='bbox 601 598 826 654; x_wconf 75' lang='grc' dir='ltr'><strong>ἱκετεύει</strong></span> <span class='ocrx_word' id='word_1_33' title='bbox 879 598 999 653; x_wconf 80' lang='grc' dir='ltr'>Λίαν</span> <span class='ocrx_word' id='word_1_34' title='bbox 1051 597 1305 660; x_wconf 79' lang='grc' dir='ltr'><strong>ἐλεεινῶς</strong></span> <span class='ocrx_word' id='word_1_35' title='bbox 1351 599 1426 670; x_wconf 73' lang='grc' dir='ltr'>μή</span> <span class='ocrx_word' id='word_1_36' title='bbox 1456 599 1850 673; x_wconf 69' lang='grc' dir='ltr'><strong>καταπροέσθαι</strong></span> 
     </span>
    </p>
   </div>
   <div class='ocr_carea' id='block_1_6' title="bbox 243 684 1849 764">
    <p class='ocr_par' dir='ltr' id='par_1_6' title="bbox 243 684 1849 764">
     <span class='ocr_line' id='line_1_6' title="bbox 243 684 1849 764; baseline -0.002 -18"><span class='ocrx_word' id='word_1_37' title='bbox 243 696 332 746; x_wconf 85' lang='grc' dir='ltr'><strong>τῶν</strong></span> <span class='ocrx_word' id='word_1_38' title='bbox 380 684 657 762; x_wconf 77' lang='grc' dir='ltr'>συμϐόλων</span> <span class='ocrx_word' id='word_1_39' title='bbox 709 688 1088 764; x_wconf 71' lang='grc' dir='ltr'><strong>ἀπαγομένων.</strong></span> <span class='ocrx_word' id='word_1_40' title='bbox 1145 686 1303 745; x_wconf 70' lang='grc' dir='ltr'>Οὕτω</span> <span class='ocrx_word' id='word_1_41' title='bbox 1356 687 1423 741; x_wconf 79' lang='grc' dir='ltr'>τὰ</span> <span class='ocrx_word' id='word_1_42' title='bbox 1475 685 1659 743; x_wconf 80' lang='grc' dir='ltr'>πολλὰ</span> <span class='ocrx_word' id='word_1_43' title='bbox 1687 709 1849 742; x_wconf 83' lang='grc' dir='ltr'>κατα-</span> 
     </span>
    </p>
   </div>
   <div class='ocr_carea' id='block_1_7' title="bbox 243 772 1849 853">
    <p class='ocr_par' dir='ltr' id='par_1_7' title="bbox 243 772 1849 853">
     <span class='ocr_line' id='line_1_7' title="bbox 243 772 1849 853; baseline -0.002 -18"><span class='ocrx_word' id='word_1_44' title='bbox 243 780 497 836; x_wconf 78' lang='grc' dir='ltr'>λιτανεύων</span> <span class='ocrx_word' id='word_1_45' title='bbox 531 778 618 832; x_wconf 76' lang='grc' dir='ltr'><strong>καὶ</strong></span> <span class='ocrx_word' id='word_1_46' title='bbox 653 772 843 853; x_wconf 83' lang='grc' dir='ltr'>λόγοις</span> <span class='ocrx_word' id='word_1_47' title='bbox 873 778 961 832; x_wconf 88' lang='grc' dir='ltr'><strong>καὶ</strong></span> <span class='ocrx_word' id='word_1_48' title='bbox 1007 779 1257 852; x_wconf 78' lang='grc' dir='ltr'>σχήμασι</span> <span class='ocrx_word' id='word_1_49' title='bbox 1289 778 1377 831; x_wconf 76' lang='grc' dir='ltr'><strong>καὶ</strong></span> <span class='ocrx_word' id='word_1_50' title='bbox 1408 782 1486 848; x_wconf 82' lang='grc' dir='ltr'><strong>τῷ</strong></span> <span class='ocrx_word' id='word_1_51' title='bbox 1515 782 1611 831; x_wconf 79' lang='grc' dir='ltr'>τοῦ</span> <span class='ocrx_word' id='word_1_52' title='bbox 1642 776 1849 850; x_wconf 88' lang='grc' dir='ltr'>τρόπου</span> 
     </span>
    </p>
   </div>
   <div class='ocr_carea' id='block_1_8' title="bbox 238 863 1849 943">
    <p class='ocr_par' dir='ltr' id='par_1_8' title="bbox 238 863 1849 943">
     <span class='ocr_line' id='line_1_8' title="bbox 238 863 1849 943; baseline -0.002 -17"><span class='ocrx_word' id='word_1_53' title='bbox 238 875 464 937; x_wconf 79' lang='grc' dir='ltr'>ταπεινῷ,</span> <span class='ocrx_word' id='word_1_54' title='bbox 506 867 753 930; x_wconf 86' lang='grc' dir='ltr'>πολλούς</span> <span class='ocrx_word' id='word_1_55' title='bbox 800 890 860 923; x_wconf 91' lang='grc' dir='ltr'><strong>τε</strong></span> <span class='ocrx_word' id='word_1_56' title='bbox 907 863 1365 943; x_wconf 76' lang='grc' dir='ltr'>προσεπιϐάλλων</span> <span class='ocrx_word' id='word_1_57' title='bbox 1408 874 1522 930; x_wconf 90' lang='grc' dir='ltr'>τοῖς</span> <span class='ocrx_word' id='word_1_58' title='bbox 1552 864 1741 941; x_wconf 77' lang='grc' dir='ltr'>ἔξωθεν</span> <span class='ocrx_word' id='word_1_59' title='bbox 1775 869 1849 931; x_wconf 86' lang='grc' dir='ltr'>ὡς</span> 
     </span>
    </p>
   </div>
   <div class='ocr_carea' id='block_1_9' title="bbox 236 957 1845 1033">
    <p class='ocr_par' dir='ltr' id='par_1_9' title="bbox 236 957 1845 1033">
     <span class='ocr_line' id='line_1_9' title="bbox 236 957 1845 1033; baseline -0.002 -18"><span class='ocrx_word' id='word_1_60' title='bbox 236 959 639 1033; x_wconf 73' lang='grc' dir='ltr'><strong>ἀναπληροῦσθαι</strong></span> <span class='ocrx_word' id='word_1_61' title='bbox 695 958 821 1020; x_wconf 79' lang='grc' dir='ltr'>τοὺς</span> <span class='ocrx_word' id='word_1_62' title='bbox 880 957 1191 1026; x_wconf 77' lang='grc' dir='ltr'><strong>λείποντας,</strong></span> <span class='ocrx_word' id='word_1_63' title='bbox 1260 959 1512 1033; x_wconf 70' lang='grc' dir='ltr'>ἀνήγειρέ</span> <span class='ocrx_word' id='word_1_64' title='bbox 1580 979 1638 1012; x_wconf 91' lang='grc' dir='ltr'><strong>τε</strong></span> <span class='ocrx_word' id='word_1_65' title='bbox 1718 958 1845 1022; x_wconf 83' lang='grc' dir='ltr'>τοὺς</span> 
     </span>
    </p>
   </div>
   <div class='ocr_carea' id='block_1_10' title="bbox 234 1046 1843 1125">
    <p class='ocr_par' dir='ltr' id='par_1_10' title="bbox 234 1046 1843 1125">
     <span class='ocr_line' id='line_1_10' title="bbox 234 1046 1843 1125; baseline -0.002 -21"><span class='ocrx_word' id='word_1_66' title='bbox 234 1050 548 1124; x_wconf 69' lang='grc' dir='ltr'><strong>μαχομένους</strong></span> <span class='ocrx_word' id='word_1_67' title='bbox 607 1047 696 1103; x_wconf 80' lang='grc' dir='ltr'>καὶ</span> <span class='ocrx_word' id='word_1_68' title='bbox 756 1046 1144 1125; x_wconf 76' lang='grc' dir='ltr'>παρεθάρῥυνε,</span> <span class='ocrx_word' id='word_1_69' title='bbox 1204 1048 1293 1101; x_wconf 87' lang='grc' dir='ltr'><strong>καὶ</strong></span> <span class='ocrx_word' id='word_1_70' title='bbox 1355 1047 1709 1116; x_wconf 75' lang='grc' dir='ltr'>ἀναισθήτουν</span> <span class='ocrx_word' id='word_1_71' title='bbox 1753 1048 1843 1101; x_wconf 87' lang='grc' dir='ltr'>πί-</span> 
     </span>
    </p>
   </div>
   <div class='ocr_carea' id='block_1_11' title="bbox 229 1134 1843 1213">
    <p class='ocr_par' dir='ltr' id='par_1_11' title="bbox 229 1134 1843 1213">
     <span class='ocr_line' id='line_1_11' title="bbox 229 1134 1843 1213; baseline -0.001 -20"><span class='ocrx_word' id='word_1_72' title='bbox 229 1158 446 1205; x_wconf 80' lang='grc' dir='ltr'>πτοντες,</span> <span class='ocrx_word' id='word_1_73' title='bbox 502 1138 817 1213; x_wconf 83' lang='grc' dir='ltr'>καρτερικοί</span> <span class='ocrx_word' id='word_1_74' title='bbox 875 1156 1015 1198; x_wconf 88' lang='grc' dir='ltr'>τινες</span> <span class='ocrx_word' id='word_1_75' title='bbox 1070 1135 1160 1190; x_wconf 88' lang='grc' dir='ltr'><strong>καὶ</strong></span> <span class='ocrx_word' id='word_1_76' title='bbox 1221 1134 1366 1210; x_wconf 80' lang='grc' dir='ltr'>παρὰ</span> <span class='ocrx_word' id='word_1_77' title='bbox 1410 1137 1473 1190; x_wconf 87' lang='grc' dir='ltr'>τὸ</span> <span class='ocrx_word' id='word_1_78' title='bbox 1505 1134 1623 1190; x_wconf 87' lang='grc' dir='ltr'>δέον</span> <span class='ocrx_word' id='word_1_79' title='bbox 1657 1137 1843 1213; x_wconf 80' lang='grc' dir='ltr'>φαινό-</span> 
     </span>
    </p>
   </div>
   <div class='ocr_carea' id='block_1_12' title="bbox 229 1223 1843 1301">
    <p class='ocr_par' dir='ltr' id='par_1_12' title="bbox 229 1223 1843 1301">
     <span class='ocr_line' id='line_1_12' title="bbox 229 1223 1843 1301; baseline -0.002 -19"><span class='ocrx_word' id='word_1_80' title='bbox 229 1248 378 1301; x_wconf 81' lang='grc' dir='ltr'>μενοι.</span> <span class='ocrx_word' id='word_1_81' title='bbox 407 1226 503 1282; x_wconf 83' lang='grc' dir='ltr'>Καὶ</span> <span class='ocrx_word' id='word_1_82' title='bbox 561 1225 722 1289; x_wconf 82' lang='grc' dir='ltr'>τέλος</span> <span class='ocrx_word' id='word_1_83' title='bbox 750 1225 1125 1300; x_wconf 74' lang='grc' dir='ltr'>περιγίνονται</span> <span class='ocrx_word' id='word_1_84' title='bbox 1157 1228 1264 1278; x_wconf 75' lang='grc' dir='ltr'>τῶν</span> <span class='ocrx_word' id='word_1_85' title='bbox 1327 1223 1508 1299; x_wconf 77' lang='grc' dir='ltr'>ἰχρῶν</span> <span class='ocrx_word' id='word_1_86' title='bbox 1561 1225 1651 1279; x_wconf 81' lang='grc' dir='ltr'><strong>σὺν</strong></span> <span class='ocrx_word' id='word_1_87' title='bbox 1694 1226 1843 1298; x_wconf 88' lang='grc' dir='ltr'>πόνῳ</span> 
     </span>
    </p>
   </div>
   <div class='ocr_carea' id='block_1_13' title="bbox 223 1310 1844 1390">
    <p class='ocr_par' dir='ltr' id='par_1_13' title="bbox 223 1310 1844 1390">
     <span class='ocr_line' id='line_1_13' title="bbox 223 1310 1844 1390; baseline -0.001 -19"><span class='ocrx_word' id='word_1_88' title='bbox 223 1314 395 1386; x_wconf 87' lang='grc' dir='ltr'>πολλῷ</span> <span class='ocrx_word' id='word_1_89' title='bbox 440 1315 527 1368; x_wconf 83' lang='grc' dir='ltr'><strong>καὶ</strong></span> <span class='ocrx_word' id='word_1_90' title='bbox 587 1315 816 1390; x_wconf 76' lang='grc' dir='ltr'>μόχθῳ’</span> <span class='ocrx_word' id='word_1_91' title='bbox 868 1314 956 1367; x_wconf 76' lang='grc' dir='ltr'><strong>καὶ</strong></span> <span class='ocrx_word' id='word_1_92' title='bbox 1011 1311 1079 1382; x_wconf 78' lang='grc' dir='ltr'>δὴ</span> <span class='ocrx_word' id='word_1_93' title='bbox 1131 1310 1279 1368; x_wconf 81' lang='grc' dir='ltr'>δυοῖν</span> <span class='ocrx_word' id='word_1_94' title='bbox 1312 1312 1347 1382; x_wconf 70' lang='grc' dir='ltr'><strong>ἢ</strong></span> <span class='ocrx_word' id='word_1_95' title='bbox 1378 1312 1467 1367; x_wconf 83' lang='grc' dir='ltr'><strong>καὶ</strong></span> <span class='ocrx_word' id='word_1_96' title='bbox 1514 1319 1680 1389; x_wconf 84' lang='grc' dir='ltr'>τριῶν</span> <span class='ocrx_word' id='word_1_97' title='bbox 1712 1316 1844 1369; x_wconf 87' lang='grc' dir='ltr'><strong>ἀπο-</strong></span> 
     </span>
    </p>
   </div>
   <div class='ocr_carea' id='block_1_14' title="bbox 223 1401 1840 1478">
    <p class='ocr_par' dir='ltr' id='par_1_14' title="bbox 223 1401 1840 1478">
     <span class='ocr_line' id='line_1_14' title="bbox 223 1401 1840 1478; baseline -0.001 -19"><span class='ocrx_word' id='word_1_98' title='bbox 223 1403 470 1478; x_wconf 83' lang='grc' dir='ltr'>δρασασῶν</span> <span class='ocrx_word' id='word_1_99' title='bbox 533 1404 589 1458; x_wconf 76' lang='grc' dir='ltr'><strong>αἱ</strong></span> <span class='ocrx_word' id='word_1_100' title='bbox 649 1401 840 1457; x_wconf 85' lang='grc' dir='ltr'>λοιπαὶ</span> <span class='ocrx_word' id='word_1_101' title='bbox 901 1403 1040 1457; x_wconf 79' lang='grc' dir='ltr'>κατὰ</span> <span class='ocrx_word' id='word_1_102' title='bbox 1094 1401 1289 1476; x_wconf 82' lang='grc' dir='ltr'>κράτος</span> <span class='ocrx_word' id='word_1_103' title='bbox 1346 1401 1699 1458; x_wconf 79' lang='grc' dir='ltr'>ἁλίσκονται·</span> <span class='ocrx_word' id='word_1_104' title='bbox 1752 1405 1840 1459; x_wconf 81' lang='grc' dir='ltr'><strong>καὶ</strong></span> 
     </span>
    </p>
   </div>
   <div class='ocr_carea' id='block_1_15' title="bbox 220 1491 1840 1571">
    <p class='ocr_par' dir='ltr' id='par_1_15' title="bbox 220 1491 1840 1571">
     <span class='ocr_line' id='line_1_15' title="bbox 220 1491 1840 1571; baseline -0.001 -23"><span class='ocrx_word' id='word_1_105' title='bbox 220 1496 264 1549; x_wconf 70' lang='grc' dir='ltr'>οἱ</span> <span class='ocrx_word' id='word_1_106' title='bbox 314 1494 401 1565; x_wconf 79' lang='grc' dir='ltr'><strong>μὲν</strong></span> <span class='ocrx_word' id='word_1_107' title='bbox 458 1494 752 1571; x_wconf 86' lang='grc' dir='ltr'>σφαγέντες</span> <span class='ocrx_word' id='word_1_108' title='bbox 826 1492 1083 1555; x_wconf 85' lang='grc' dir='ltr'>πεσόντες</span> <span class='ocrx_word' id='word_1_109' title='bbox 1156 1491 1233 1553; x_wconf 81' lang='grc' dir='ltr'>εἷς</span> <span class='ocrx_word' id='word_1_110' title='bbox 1292 1491 1559 1547; x_wconf 86' lang='grc' dir='ltr'>θάλασσαν</span> <span class='ocrx_word' id='word_1_111' title='bbox 1616 1494 1840 1548; x_wconf 84' lang='grc' dir='ltr'>ἀπεπνί-</span> 
     </span>
    </p>
   </div>
   <div class='ocr_carea' id='block_1_16' title="bbox 220 1579 1840 1658">
    <p class='ocr_par' dir='ltr' id='par_1_16' title="bbox 220 1579 1840 1658">
     <span class='ocr_line' id='line_1_16' title="bbox 220 1579 1840 1658; baseline 0 -20"><span class='ocrx_word' id='word_1_112' title='bbox 220 1604 382 1658; x_wconf 87' lang='grc' dir='ltr'>γοντο,</span> <span class='ocrx_word' id='word_1_113' title='bbox 436 1582 624 1658; x_wconf 78' lang='grc' dir='ltr'>ἰχθύσι</span> <span class='ocrx_word' id='word_1_114' title='bbox 684 1581 897 1655; x_wconf 80' lang='grc' dir='ltr'>μᾶλλον</span> <span class='ocrx_word' id='word_1_115' title='bbox 955 1584 990 1652; x_wconf 69' lang='grc' dir='ltr'><strong>ἢ</strong></span> <span class='ocrx_word' id='word_1_116' title='bbox 1050 1579 1282 1656; x_wconf 82' lang='grc' dir='ltr'>ἀλόχοις</span> <span class='ocrx_word' id='word_1_117' title='bbox 1332 1582 1423 1636; x_wconf 84' lang='grc' dir='ltr'><strong>καὶ</strong></span> <span class='ocrx_word' id='word_1_118' title='bbox 1464 1579 1675 1644; x_wconf 80' lang='grc' dir='ltr'>τέκνοις</span> <span class='ocrx_word' id='word_1_119' title='bbox 1706 1583 1840 1652; x_wconf 77' lang='grc' dir='ltr'>ἦσαν</span> 
     </span>
    </p>
   </div>
   <div class='ocr_carea' id='block_1_17' title="bbox 220 1669 1836 1748">
    <p class='ocr_par' dir='ltr' id='par_1_17' title="bbox 220 1669 1836 1748">
     <span class='ocr_line' id='line_1_17' title="bbox 220 1669 1836 1748; baseline 0.001 -21"><span class='ocrx_word' id='word_1_120' title='bbox 220 1671 482 1747; x_wconf 76' lang='grc' dir='ltr'>φίλτατοι·</span> <span class='ocrx_word' id='word_1_121' title='bbox 514 1674 570 1725; x_wconf 71' lang='grc' dir='ltr'>οἱ</span> <span class='ocrx_word' id='word_1_122' title='bbox 623 1670 666 1726; x_wconf 85' lang='grc' dir='ltr'>δ’</span> <span class='ocrx_word' id='word_1_123' title='bbox 725 1669 890 1725; x_wconf 80' lang='grc' dir='ltr'>ἄλλοι</span> <span class='ocrx_word' id='word_1_124' title='bbox 942 1670 1378 1745; x_wconf 72' lang='grc' dir='ltr'>συγκλεισθέντες</span> <span class='ocrx_word' id='word_1_125' title='bbox 1433 1673 1651 1748; x_wconf 83' lang='grc' dir='ltr'>γαστέρι</span> <span class='ocrx_word' id='word_1_126' title='bbox 1708 1675 1836 1742; x_wconf 84' lang='grc' dir='ltr'>νηὸς</span> 
     </span>
    </p>
   </div>
   <div class='ocr_carea' id='block_1_18' title="bbox 1961 511 3607 592">
    <p class='ocr_par' dir='ltr' id='par_1_18' title="bbox 1961 511 3607 592">
     <span class='ocr_line' id='line_1_18' title="bbox 1961 511 3607 592; baseline 0.009 -28"><span class='ocrx_word' id='word_1_127' title='bbox 1961 511 2102 584; x_wconf 77' lang='grc' dir='ltr'>ἀξία,</span> <span class='ocrx_word' id='word_1_128' title='bbox 2134 513 2582 586; x_wconf 72' lang='grc' dir='ltr'>περιστέλλονταί</span> <span class='ocrx_word' id='word_1_129' title='bbox 2633 538 2691 572; x_wconf 75' lang='grc' dir='ltr'>τι</span> <span class='ocrx_word' id='word_1_130' title='bbox 2750 519 2824 580; x_wconf 85' lang='grc' dir='ltr'>ὡς</span> <span class='ocrx_word' id='word_1_131' title='bbox 2882 518 3028 581; x_wconf 81' lang='grc' dir='ltr'>εἷ’κὸς</span> <span class='ocrx_word' id='word_1_132' title='bbox 3076 522 3204 592; x_wconf 79' lang='grc' dir='ltr'>παρ’</span> <span class='ocrx_word' id='word_1_133' title='bbox 3255 521 3460 576; x_wconf 81' lang='grc' dir='ltr'>ἐκείνου</span> <span class='ocrx_word' id='word_1_134' title='bbox 3489 532 3607 588; x_wconf 89' lang='grc' dir='ltr'>τοῖς</span> 
     </span>
    </p>
   </div>
   <div class='ocr_carea' id='block_1_19' title="bbox 1961 601 3601 682">
    <p class='ocr_par' dir='ltr' id='par_1_19' title="bbox 1961 601 3601 682">
     <span class='ocr_line' id='line_1_19' title="bbox 1961 601 3601 682; baseline 0.007 -28"><span class='ocrx_word' id='word_1_135' title='bbox 1961 601 2243 671; x_wconf 67' lang='grc' dir='ltr'>εὑρεθεῖσι,</span> <span class='ocrx_word' id='word_1_136' title='bbox 2301 604 2390 657; x_wconf 77' lang='grc' dir='ltr'><strong>καὶ</strong></span> <span class='ocrx_word' id='word_1_137' title='bbox 2449 605 2525 667; x_wconf 84' lang='grc' dir='ltr'>ὡς</span> <span class='ocrx_word' id='word_1_138' title='bbox 2583 606 2697 660; x_wconf 79' lang='grc' dir='ltr'>οἷόν</span> <span class='ocrx_word' id='word_1_139' title='bbox 2773 628 2832 661; x_wconf 91' lang='grc' dir='ltr'><strong>τε</strong></span> <span class='ocrx_word' id='word_1_140' title='bbox 2886 610 3291 682; x_wconf 76' lang='grc' dir='ltr'>θεραπεύονται.</span> <span class='ocrx_word' id='word_1_141' title='bbox 3357 613 3497 666; x_wconf 83' lang='grc' dir='ltr'>Τότε</span> <span class='ocrx_word' id='word_1_142' title='bbox 3557 612 3601 666; x_wconf 84' lang='grc' dir='ltr'>δ’</span> 
     </span>
    </p>
   </div>
   <div class='ocr_carea' id='block_1_20' title="bbox 1961 690 3603 775">
    <p class='ocr_par' dir='ltr' id='par_1_20' title="bbox 1961 690 3603 775">
     <span class='ocr_line' id='line_1_20' title="bbox 1961 690 3603 775; baseline 0.006 -32"><span class='ocrx_word' id='word_1_143' title='bbox 1961 690 2343 765; x_wconf 70' lang='grc' dir='ltr'>ὑπερπαθήσας</span> <span class='ocrx_word' id='word_1_144' title='bbox 2399 694 2488 747; x_wconf 85' lang='grc' dir='ltr'><strong>καὶ</strong></span> <span class='ocrx_word' id='word_1_145' title='bbox 2547 696 2575 748; x_wconf 88' lang='grc' dir='ltr'>ὁ</span> <span class='ocrx_word' id='word_1_146' title='bbox 2635 693 2901 765; x_wconf 82' lang='grc' dir='ltr'>δεσπότης</span> <span class='ocrx_word' id='word_1_147' title='bbox 2955 698 3045 751; x_wconf 87' lang='grc' dir='ltr'><strong>καὶ</strong></span> <span class='ocrx_word' id='word_1_148' title='bbox 3104 697 3475 773; x_wconf 68' lang='grc' dir='ltr'>περιαλγήσας</span> <span class='ocrx_word' id='word_1_149' title='bbox 3533 706 3603 775; x_wconf 80' lang='grc' dir='ltr'>τῇ</span> 
     </span>
    </p>
   </div>
   <div class='ocr_carea' id='block_1_21' title="bbox 1960 778 3604 863">
    <p class='ocr_par' dir='ltr' id='par_1_21' title="bbox 1960 778 3604 863">
     <span class='ocr_line' id='line_1_21' title="bbox 1960 778 3604 863; baseline 0.006 -30"><span class='ocrx_word' id='word_1_150' title='bbox 1960 786 2232 856; x_wconf 80' lang='grc' dir='ltr'>συμφορᾷ,</span> <span class='ocrx_word' id='word_1_151' title='bbox 2292 778 2617 838; x_wconf 82' lang='grc' dir='ltr'>δεσπόσυνον</span> <span class='ocrx_word' id='word_1_152' title='bbox 2676 786 2879 861; x_wconf 85' lang='grc' dir='ltr'>τρόπον</span> <span class='ocrx_word' id='word_1_153' title='bbox 2944 786 3151 863; x_wconf 82' lang='grc' dir='ltr'>φεύγων</span> <span class='ocrx_word' id='word_1_154' title='bbox 3213 788 3336 842; x_wconf 67' lang='grc' dir='ltr'>ὅσον</span> <span class='ocrx_word' id='word_1_155' title='bbox 3384 788 3442 843; x_wconf 82' lang='grc' dir='ltr'>ἐκ</span> <span class='ocrx_word' id='word_1_156' title='bbox 3500 794 3604 843; x_wconf 74' lang='grc' dir='ltr'><strong>τῶν</strong></span> 
     </span>
    </p>
   </div>
   <div class='ocr_carea' id='block_1_22' title="bbox 1957 864 3600 951">
    <p class='ocr_par' dir='ltr' id='par_1_22' title="bbox 1957 864 3600 951">
     <span class='ocr_line' id='line_1_22' title="bbox 1957 864 3600 951; baseline 0.007 -29"><span class='ocrx_word' id='word_1_157' title='bbox 1957 864 2254 941; x_wconf 71' lang='grc' dir='ltr'>συμϐόλων</span> <span class='ocrx_word' id='word_1_158' title='bbox 2288 871 2314 924; x_wconf 85' lang='grc' dir='ltr'>ὁ</span> <span class='ocrx_word' id='word_1_159' title='bbox 2347 869 2595 936; x_wconf 78' lang='grc' dir='ltr'>δουλείας</span> <span class='ocrx_word' id='word_1_160' title='bbox 2644 872 2793 936; x_wconf 82' lang='grc' dir='ltr'>ἐντὸς</span> <span class='ocrx_word' id='word_1_161' title='bbox 2845 877 2989 951; x_wconf 83' lang='grc' dir='ltr'>παρὰ</span> <span class='ocrx_word' id='word_1_162' title='bbox 3032 878 3222 950; x_wconf 84' lang='grc' dir='ltr'>μικρὸν</span> <span class='ocrx_word' id='word_1_163' title='bbox 3255 875 3600 940; x_wconf 80' lang='grc' dir='ltr'>κινδυνεύσας</span> 
     </span>
    </p>
   </div>
   <div class='ocr_carea' id='block_1_23' title="bbox 1957 958 3603 1042">
    <p class='ocr_par' dir='ltr' id='par_1_23' title="bbox 1957 958 3603 1042">
     <span class='ocr_line' id='line_1_23' title="bbox 1957 958 3603 1042; baseline 0.007 -29"><span class='ocrx_word' id='word_1_164' title='bbox 1957 958 2131 1014; x_wconf 68' lang='grc' dir='ltr'>ἐλθεῖν</span> <span class='ocrx_word' id='word_1_165' title='bbox 2164 962 2198 1031; x_wconf 76' lang='grc' dir='ltr'><strong>ἢ</strong></span> <span class='ocrx_word' id='word_1_166' title='bbox 2233 960 2320 1015; x_wconf 80' lang='grc' dir='ltr'><strong>καὶ</strong></span> <span class='ocrx_word' id='word_1_167' title='bbox 2354 961 2525 1026; x_wconf 81' lang='grc' dir='ltr'>ἐλθὼν</span> <span class='ocrx_word' id='word_1_168' title='bbox 2576 965 2638 1018; x_wconf 90' lang='grc' dir='ltr'><strong>τό</strong></span> <span class='ocrx_word' id='word_1_169' title='bbox 2690 986 2751 1039; x_wconf 89' lang='grc' dir='ltr'><strong>γε</strong></span> <span class='ocrx_word' id='word_1_170' title='bbox 2808 965 2971 1042; x_wconf 84' lang='grc' dir='ltr'>μέρος</span> <span class='ocrx_word' id='word_1_171' title='bbox 3010 971 3117 1020; x_wconf 80' lang='grc' dir='ltr'>τῶν</span> <span class='ocrx_word' id='word_1_172' title='bbox 3162 965 3347 1021; x_wconf 77' lang='grc' dir='ltr'>ἄλλων</span> <span class='ocrx_word' id='word_1_173' title='bbox 3384 967 3472 1022; x_wconf 79' lang='grc' dir='ltr'><strong>καὶ</strong></span> <span class='ocrx_word' id='word_1_174' title='bbox 3502 973 3603 1034; x_wconf 76' lang='grc' dir='ltr'>τῆς</span> 
     </span>
    </p>
   </div>
   <div class='ocr_carea' id='block_1_24' title="bbox 1956 1047 3597 1126">
    <p class='ocr_par' dir='ltr' id='par_1_24' title="bbox 1956 1047 3597 1126">
     <span class='ocr_line' id='line_1_24' title="bbox 1956 1047 3597 1126; baseline 0.006 -25"><span class='ocrx_word' id='word_1_175' title='bbox 1956 1048 2192 1118; x_wconf 89' lang='grc' dir='ltr'>συνόλης</span> <span class='ocrx_word' id='word_1_176' title='bbox 2224 1047 2527 1123; x_wconf 75' lang='grc' dir='ltr'>δυνάμεως,</span> <span class='ocrx_word' id='word_1_177' title='bbox 2560 1050 2815 1124; x_wconf 76' lang='grc' dir='ltr'>σύμϐολᾶ</span> <span class='ocrx_word' id='word_1_178' title='bbox 2840 1076 2898 1109; x_wconf 89' lang='grc' dir='ltr'><strong>τε</strong></span> <span class='ocrx_word' id='word_1_179' title='bbox 2926 1058 3024 1123; x_wconf 76' lang='grc' dir='ltr'>τῆς</span> <span class='ocrx_word' id='word_1_180' title='bbox 3052 1052 3366 1118; x_wconf 81' lang='grc' dir='ltr'>δεσποτείας</span> <span class='ocrx_word' id='word_1_181' title='bbox 3396 1056 3597 1126; x_wconf 76' lang='grc' dir='ltr'>ἐκεῖνα,</span> 
     </span>
    </p>
   </div>
   <div class='ocr_carea' id='block_1_25' title="bbox 1956 1139 3595 1220">
    <p class='ocr_par' dir='ltr' id='par_1_25' title="bbox 1956 1139 3595 1220">
     <span class='ocr_line' id='line_1_25' title="bbox 1956 1139 3595 1220; baseline 0.004 -28"><span class='ocrx_word' id='word_1_182' title='bbox 1956 1140 2035 1210; x_wconf 86' lang='grc' dir='ltr'><strong>[Ρ.</strong></span> <span class='ocrx_word' id='word_1_183' title='bbox 2087 1140 2212 1211; x_wconf 79' lang='grc'><strong>226]</strong></span> <span class='ocrx_word' id='word_1_184' title='bbox 2265 1140 2363 1193; x_wconf 82' lang='grc' dir='ltr'><strong>ὅσα</strong></span> <span class='ocrx_word' id='word_1_185' title='bbox 2412 1139 2465 1195; x_wconf 80' lang='grc' dir='ltr'><strong>ἐν</strong></span> <span class='ocrx_word' id='word_1_186' title='bbox 2495 1139 2782 1216; x_wconf 83' lang='grc' dir='ltr'>καλύπρτᾳ</span> <span class='ocrx_word' id='word_1_187' title='bbox 2839 1143 2927 1196; x_wconf 82' lang='grc' dir='ltr'><strong>καὶ</strong></span> <span class='ocrx_word' id='word_1_188' title='bbox 2989 1142 3303 1215; x_wconf 77' lang='grc' dir='ltr'>ὑποδήμασι</span> <span class='ocrx_word' id='word_1_189' title='bbox 3334 1144 3421 1198; x_wconf 85' lang='grc' dir='ltr'><strong>καὶ</strong></span> <span class='ocrx_word' id='word_1_190' title='bbox 3453 1167 3512 1220; x_wconf 88' lang='grc' dir='ltr'><strong>γε</strong></span> <span class='ocrx_word' id='word_1_191' title='bbox 3542 1145 3595 1200; x_wconf 81' lang='grc' dir='ltr'><strong>ἐν</strong></span> 
     </span>
    </p>
   </div>
   <div class='ocr_carea' id='block_1_26' title="bbox 1953 1225 3595 1310">
    <p class='ocr_par' dir='ltr' id='par_1_26' title="bbox 1953 1225 3595 1310">
     <span class='ocr_line' id='line_1_26' title="bbox 1953 1225 3595 1310; baseline 0.004 -30"><span class='ocrx_word' id='word_1_192' title='bbox 1953 1225 2253 1302; x_wconf 76' lang='grc' dir='ltr'>ἒφεστρίσιν</span> <span class='ocrx_word' id='word_1_193' title='bbox 2281 1226 2467 1283; x_wconf 69' lang='grc' dir='ltr'>’ίππων</span> <span class='ocrx_word' id='word_1_194' title='bbox 2525 1229 2616 1283; x_wconf 84' lang='grc' dir='ltr'><strong>καὶ</strong></span> <span class='ocrx_word' id='word_1_195' title='bbox 2673 1230 2926 1304; x_wconf 83' lang='grc' dir='ltr'>χαλινοῖς</span> <span class='ocrx_word' id='word_1_196' title='bbox 2988 1232 3076 1286; x_wconf 83' lang='grc' dir='ltr'><strong>καὶ</strong></span> <span class='ocrx_word' id='word_1_197' title='bbox 3115 1236 3183 1304; x_wconf 79' lang='grc' dir='ltr'>τῇ</span> <span class='ocrx_word' id='word_1_198' title='bbox 3229 1232 3287 1287; x_wconf 82' lang='grc' dir='ltr'>ἐκ</span> <span class='ocrx_word' id='word_1_199' title='bbox 3314 1234 3595 1310; x_wconf 82' lang='grc' dir='ltr'>πορφύρας</span> 
     </span>
    </p>
   </div>
   <div class='ocr_carea' id='block_1_27' title="bbox 1956 1316 3599 1396">
    <p class='ocr_par' dir='ltr' id='par_1_27' title="bbox 1956 1316 3599 1396">
     <span class='ocr_line' id='line_1_27' title="bbox 1956 1316 3599 1396; baseline 0.003 -27"><span class='ocrx_word' id='word_1_200' title='bbox 1956 1316 2259 1392; x_wconf 81' lang='grc' dir='ltr'>ὑπογραφῇ,</span> <span class='ocrx_word' id='word_1_201' title='bbox 2321 1318 2652 1385; x_wconf 85' lang='grc' dir='ltr'>ἀποτίθεται,</span> <span class='ocrx_word' id='word_1_202' title='bbox 2708 1317 2850 1373; x_wconf 77' lang='grc' dir='ltr'>οὕτω</span> <span class='ocrx_word' id='word_1_203' title='bbox 2908 1316 3199 1381; x_wconf 76' lang='grc' dir='ltr'>δικαιώσας</span> <span class='ocrx_word' id='word_1_204' title='bbox 3260 1320 3599 1396; x_wconf 84' lang='grc' dir='ltr'>ὀφθῆναιτῷ</span> 
     </span>
    </p>
   </div>
   <div class='ocr_carea' id='block_1_28' title="bbox 1958 1403 3596 1486">
    <p class='ocr_par' dir='ltr' id='par_1_28' title="bbox 1958 1403 3596 1486">
     <span class='ocr_line' id='line_1_28' title="bbox 1958 1403 3596 1486; baseline 0.004 -29"><span class='ocrx_word' id='word_1_205' title='bbox 1958 1403 2195 1479; x_wconf 83' lang='grc' dir='ltr'>βασιλεῖ,</span> <span class='ocrx_word' id='word_1_206' title='bbox 2250 1404 2348 1459; x_wconf 86' lang='grc' dir='ltr'><strong>ούκ</strong></span> <span class='ocrx_word' id='word_1_207' title='bbox 2406 1404 2525 1461; x_wconf 71' lang='grc' dir='ltr'>οῖδα</span> <span class='ocrx_word' id='word_1_208' title='bbox 2581 1409 2718 1462; x_wconf 74' lang='grc' dir='ltr'>κατὰ</span> <span class='ocrx_word' id='word_1_209' title='bbox 2778 1408 2957 1479; x_wconf 80' lang='grc' dir='ltr'>λύπην</span> <span class='ocrx_word' id='word_1_210' title='bbox 3021 1406 3275 1486; x_wconf 81' lang='grc' dir='ltr'>σφετέραν</span> <span class='ocrx_word' id='word_1_211' title='bbox 3309 1410 3343 1477; x_wconf 76' lang='grc' dir='ltr'>ἢ</span> <span class='ocrx_word' id='word_1_212' title='bbox 3378 1409 3467 1463; x_wconf 83' lang='grc' dir='ltr'><strong>καὶ</strong></span> <span class='ocrx_word' id='word_1_213' title='bbox 3498 1411 3596 1478; x_wconf 72' lang='grc' dir='ltr'>τὴν</span> 
     </span>
    </p>
   </div>
   <div class='ocr_carea' id='block_1_29' title="bbox 1949 1491 3599 1573">
    <p class='ocr_par' dir='ltr' id='par_1_29' title="bbox 1949 1491 3599 1573">
     <span class='ocr_line' id='line_1_29' title="bbox 1949 1491 3599 1573; baseline 0.003 -27"><span class='ocrx_word' id='word_1_214' title='bbox 1949 1491 2154 1546; x_wconf 83' lang='grc' dir='ltr'>ἐκείνου</span> <span class='ocrx_word' id='word_1_215' title='bbox 2205 1492 2499 1566; x_wconf 79' lang='grc' dir='ltr'>ἐκμείλιξιν</span> <span class='ocrx_word' id='word_1_216' title='bbox 2529 1515 2541 1528; x_wconf 78' lang='grc'><strong><em>⁸</em></strong></span> <span class='ocrx_word' id='word_1_217' title='bbox 2591 1494 2785 1558; x_wconf 75' lang='grc' dir='ltr'>ἄλλοις</span> <span class='ocrx_word' id='word_1_218' title='bbox 2836 1494 2892 1550; x_wconf 76' lang='grc' dir='ltr'>δὲ</span> <span class='ocrx_word' id='word_1_219' title='bbox 2946 1503 3152 1559; x_wconf 85' lang='grc' dir='ltr'>κοινοῖς</span> <span class='ocrx_word' id='word_1_220' title='bbox 3192 1499 3280 1551; x_wconf 77' lang='grc' dir='ltr'><strong>καὶ</strong></span> <span class='ocrx_word' id='word_1_221' title='bbox 3314 1495 3599 1573; x_wconf 78' lang='grc' dir='ltr'>καλύπτρᾳ</span> 
     </span>
    </p>
   </div>
   <div class='ocr_carea' id='block_1_30' title="bbox 1951 1579 3594 1661">
    <p class='ocr_par' dir='ltr' id='par_1_30' title="bbox 1951 1579 3594 1661">
     <span class='ocr_line' id='line_1_30' title="bbox 1951 1579 3594 1661; baseline 0.004 -27"><span class='ocrx_word' id='word_1_222' title='bbox 1951 1580 2001 1651; x_wconf 81' lang='grc' dir='ltr'><strong>ἐξ</strong></span> <span class='ocrx_word' id='word_1_223' title='bbox 2032 1579 2190 1656; x_wconf 81' lang='grc' dir='ltr'>ἐρίων</span> <span class='ocrx_word' id='word_1_224' title='bbox 2241 1582 2706 1654; x_wconf 80' lang='grc' dir='ltr'>καταστολισθεὶς,</span> <span class='ocrx_word' id='word_1_225' title='bbox 2768 1584 2943 1649; x_wconf 74' lang='grc' dir='ltr'>οὕτως</span> <span class='ocrx_word' id='word_1_226' title='bbox 2994 1584 3110 1654; x_wconf 75' lang='grc' dir='ltr'>ἤϊεν</span> <span class='ocrx_word' id='word_1_227' title='bbox 3168 1586 3243 1647; x_wconf 67' lang='grc' dir='ltr'><strong>εἷς</strong></span> <span class='ocrx_word' id='word_1_228' title='bbox 3301 1587 3363 1640; x_wconf 87' lang='grc' dir='ltr'>τὸ</span> <span class='ocrx_word' id='word_1_229' title='bbox 3410 1588 3594 1661; x_wconf 85' lang='grc' dir='ltr'>πρόσω</span> 
     </span>
    </p>
   </div>
   <div class='ocr_carea' id='block_1_31' title="bbox 1946 1670 3593 1752">
    <p class='ocr_par' dir='ltr' id='par_1_31' title="bbox 1946 1670 3593 1752">
     <span class='ocr_line' id='line_1_31' title="bbox 1946 1670 3593 1752; baseline 0.001 -26"><span class='ocrx_word' id='word_1_230' title='bbox 1946 1676 2025 1742; x_wconf 79' lang='grc' dir='ltr'>τῷ</span> <span class='ocrx_word' id='word_1_231' title='bbox 2086 1670 2300 1745; x_wconf 84' lang='grc' dir='ltr'>βασιλεῖ</span> <span class='ocrx_word' id='word_1_232' title='bbox 2369 1671 2927 1747; x_wconf 78' lang='grc' dir='ltr'>έμφανισθησόμενος.</span> <span class='ocrx_word' id='word_1_233' title='bbox 2989 1675 3086 1729; x_wconf 87' lang='grc' dir='ltr'>Καί</span> <span class='ocrx_word' id='word_1_234' title='bbox 3141 1677 3190 1750; x_wconf 91' lang='grc' dir='ltr'>γ’</span> <span class='ocrx_word' id='word_1_235' title='bbox 3248 1674 3593 1752; x_wconf 69' lang='grc' dir='ltr'>ἐμφανισθεὶς</span> 
     </span>
    </p>
   </div>
   <div class='ocr_carea' id='block_1_32' title="bbox 218 1756 3592 1849">
    <p class='ocr_par' dir='ltr' id='par_1_32' title="bbox 218 1756 3592 1849">
     <span class='ocr_line' id='line_1_32' title="bbox 218 1756 3592 1849; baseline 0.001 -34"><span class='ocrx_word' id='word_1_236' title='bbox 218 1758 339 1825; x_wconf 76' lang='grc' dir='ltr'>ῗδίας</span> <span class='ocrx_word' id='word_1_237' title='bbox 366 1756 583 1817; x_wconf 82' lang='grc' dir='ltr'>ἕκαστοι</span> <span class='ocrx_word' id='word_1_238' title='bbox 613 1763 749 1836; x_wconf 87' lang='grc' dir='ltr'>πρὸς</span> <span class='ocrx_word' id='word_1_239' title='bbox 798 1762 897 1830; x_wconf 77' lang='grc' dir='ltr'>τήν</span> <span class='ocrx_word' id='word_1_240' title='bbox 948 1758 1113 1815; x_wconf 89' lang='grc' dir='ltr'>πόλιν</span> <span class='ocrx_word' id='word_1_241' title='bbox 1162 1762 1430 1836; x_wconf 78' lang='grc' dir='ltr'>ἀνήγοντο</span> <span class='ocrx_word' id='word_1_242' title='bbox 1463 1759 1717 1829; x_wconf 79' lang='grc' dir='ltr'>δείλαιοι,</span> <span class='ocrx_word' id='word_1_243' title='bbox 1746 1785 1839 1835; x_wconf 89' lang='grc' dir='ltr'>μι-</span> <span class='ocrx_word' id='word_1_244' title='bbox 1869 1784 1916 1849; x_wconf 80' lang='grc' dir='ltr'><strong>Β</strong></span> <span class='ocrx_word' id='word_1_245' title='bbox 1946 1761 2009 1816; x_wconf 88' lang='grc' dir='ltr'>τὸ</span> <span class='ocrx_word' id='word_1_246' title='bbox 2064 1757 2208 1815; x_wconf 76' lang='grc' dir='ltr'>πολὺ</span> <span class='ocrx_word' id='word_1_247' title='bbox 2265 1767 2364 1830; x_wconf 76' lang='grc' dir='ltr'>τῆς</span> <span class='ocrx_word' id='word_1_248' title='bbox 2416 1762 2581 1837; x_wconf 81' lang='grc' dir='ltr'>ὀργῆς</span> <span class='ocrx_word' id='word_1_249' title='bbox 2656 1763 2953 1817; x_wconf 85' lang='grc' dir='ltr'>καταπαύει</span> <span class='ocrx_word' id='word_1_250' title='bbox 3005 1765 3076 1833; x_wconf 75' lang='grc' dir='ltr'>τῇ</span> <span class='ocrx_word' id='word_1_251' title='bbox 3128 1768 3236 1818; x_wconf 80' lang='grc' dir='ltr'><strong>τῶν</strong></span> <span class='ocrx_word' id='word_1_252' title='bbox 3298 1760 3592 1835; x_wconf 78' lang='grc' dir='ltr'>συμϐόλων</span> 
     </span>
    </p>
   </div>
   <div class='ocr_carea' id='block_1_33' title="bbox 214 1846 1836 1926">
    <p class='ocr_par' dir='ltr' id='par_1_33' title="bbox 214 1846 1836 1926">
     <span class='ocr_line' id='line_1_33' title="bbox 214 1846 1836 1926; baseline 0.001 -21"><span class='ocrx_word' id='word_1_253' title='bbox 214 1851 324 1924; x_wconf 74' lang='grc' dir='ltr'>κραν</span> <span class='ocrx_word' id='word_1_254' title='bbox 368 1847 492 1921; x_wconf 76' lang='grc' dir='ltr'>ὅσην</span> <span class='ocrx_word' id='word_1_255' title='bbox 549 1849 893 1926; x_wconf 88' lang='grc' dir='ltr'>παραμυθίαν</span> <span class='ocrx_word' id='word_1_256' title='bbox 945 1849 1032 1904; x_wconf 71' lang='grc' dir='ltr'><strong>ἐπὶ</strong></span> <span class='ocrx_word' id='word_1_257' title='bbox 1087 1856 1203 1912; x_wconf 90' lang='grc' dir='ltr'>τοῖς</span> <span class='ocrx_word' id='word_1_258' title='bbox 1265 1846 1605 1923; x_wconf 72' lang='grc' dir='ltr'>προλαϐοῦσι</span> <span class='ocrx_word' id='word_1_259' title='bbox 1640 1849 1836 1915; x_wconf 90' lang='grc' dir='ltr'>δεινοῖς</span> 
     </span>
    </p>
   </div>
   <div class='ocr_carea' id='block_1_34' title="bbox 210 1937 1836 2015">
    <p class='ocr_par' dir='ltr' id='par_1_34' title="bbox 210 1937 1836 2015">
     <span class='ocr_line' id='line_1_34' title="bbox 210 1937 1836 2015; baseline 0.002 -22"><span class='ocrx_word' id='word_1_260' title='bbox 210 1946 309 2002; x_wconf 86' lang='grc' dir='ltr'>τοῖς</span> <span class='ocrx_word' id='word_1_261' title='bbox 358 1940 611 2015; x_wconf 84' lang='grc' dir='ltr'>σφαλεῖσι</span> <span class='ocrx_word' id='word_1_262' title='bbox 664 1940 904 2012; x_wconf 83' lang='grc' dir='ltr'>θέμενοι.</span> <span class='ocrx_word' id='word_1_263' title='bbox 936 1940 997 1996; x_wconf 78' lang='grc' dir='ltr'>Ὀ</span> <span class='ocrx_word' id='word_1_264' title='bbox 1056 1937 1114 1993; x_wconf 73' lang='grc' dir='ltr'>δὲ</span> <span class='ocrx_word' id='word_1_265' title='bbox 1169 1937 1435 2011; x_wconf 89' lang='grc' dir='ltr'>δεσπότης</span> <span class='ocrx_word' id='word_1_266' title='bbox 1492 1941 1581 1994; x_wconf 86' lang='grc' dir='ltr'><strong>καὶ</strong></span> <span class='ocrx_word' id='word_1_267' title='bbox 1641 1940 1696 1995; x_wconf 82' lang='grc' dir='ltr'><strong>οἷ’</strong></span> <span class='ocrx_word' id='word_1_268' title='bbox 1743 1941 1836 1998; x_wconf 75' lang='grc' dir='ltr'><strong>σὺν</strong></span> 
     </span>
    </p>
   </div>
   <div class='ocr_carea' id='block_1_35' title="bbox 213 2024 1837 2105">
    <p class='ocr_par' dir='ltr' id='par_1_35' title="bbox 213 2024 1837 2105">
     <span class='ocr_line' id='line_1_35' title="bbox 213 2024 1837 2105; baseline 0.002 -23"><span class='ocrx_word' id='word_1_269' title='bbox 213 2028 336 2101; x_wconf 85' lang='grc' dir='ltr'>αύτῷ</span> <span class='ocrx_word' id='word_1_270' title='bbox 376 2032 581 2105; x_wconf 86' lang='grc' dir='ltr'>γυμνοὶ</span> <span class='ocrx_word' id='word_1_271' title='bbox 628 2033 737 2084; x_wconf 78' lang='grc' dir='ltr'><strong>τῶν</strong></span> <span class='ocrx_word' id='word_1_272' title='bbox 789 2028 1038 2083; x_wconf 80' lang='grc' dir='ltr'>ἁπάντων</span> <span class='ocrx_word' id='word_1_273' title='bbox 1091 2024 1264 2097; x_wconf 79' lang='grc' dir='ltr'>ὄντες,</span> <span class='ocrx_word' id='word_1_274' title='bbox 1313 2024 1720 2105; x_wconf 76' lang='grc' dir='ltr'>προσϐαλόντες</span> <span class='ocrx_word' id='word_1_275' title='bbox 1757 2036 1837 2103; x_wconf 81' lang='grc' dir='ltr'>τῷ</span> 
     </span>
    </p>
   </div>
   <div class='ocr_carea' id='block_1_36' title="bbox 208 2176 1843 2255">
    <p class='ocr_par' dir='ltr' id='par_1_36' title="bbox 208 2176 1843 2255">
     <span class='ocr_line' id='line_1_36' title="bbox 208 2176 1843 2255; baseline 0.006 -26"><span class='ocrx_word' id='word_1_276' title='bbox 208 2176 351 2233; x_wconf 87' lang='lat' dir='ltr'><strong>victis</strong></span> <span class='ocrx_word' id='word_1_277' title='bbox 380 2178 566 2233; x_wconf 84' lang='lat' dir='ltr'><strong>animi</strong></span> <span class='ocrx_word' id='word_1_278' title='bbox 602 2177 888 2233; x_wconf 88' lang='lat' dir='ltr'><strong>rationem</strong></span> <span class='ocrx_word' id='word_1_279' title='bbox 915 2178 1238 2234; x_wconf 88' lang='lat' dir='ltr'><strong>ineundam</strong></span> <span class='ocrx_word' id='word_1_280' title='bbox 1261 2181 1425 2234; x_wconf 89' lang='lat' dir='ltr'><strong>ratus</strong></span> <span class='ocrx_word' id='word_1_281' title='bbox 1455 2179 1699 2252; x_wconf 86' lang='lat' dir='ltr'><strong>despota</strong></span> <span class='ocrx_word' id='word_1_282' title='bbox 1722 2185 1843 2255; x_wconf 85' lang='lat' dir='ltr'><strong>teg-</strong></span> 
     </span>
    </p>
   </div>
   <div class='ocr_carea' id='block_1_37' title="bbox 211 2267 1838 2344">
    <p class='ocr_par' dir='ltr' id='par_1_37' title="bbox 211 2267 1838 2344">
     <span class='ocr_line' id='line_1_37' title="bbox 211 2267 1838 2344; baseline 0.004 -24"><span class='ocrx_word' id='word_1_283' title='bbox 211 2282 321 2322; x_wconf 89' lang='lat' dir='ltr'><strong>men</strong></span> <span class='ocrx_word' id='word_1_284' title='bbox 350 2267 562 2339; x_wconf 79' lang='lat' dir='ltr'><strong>capitis</strong></span> <span class='ocrx_word' id='word_1_285' title='bbox 587 2267 644 2321; x_wconf 82' lang='lat' dir='ltr'><strong>in</strong></span> <span class='ocrx_word' id='word_1_286' title='bbox 676 2271 892 2322; x_wconf 88' lang='lat' dir='ltr'><strong>terram</strong></span> <span class='ocrx_word' id='word_1_287' title='bbox 926 2267 1143 2338; x_wconf 90' lang='lat' dir='ltr'><strong>abjicit,</strong></span> <span class='ocrx_word' id='word_1_288' title='bbox 1181 2267 1415 2339; x_wconf 83' lang='lat' dir='ltr'><strong>pulvere</strong></span> <span class='ocrx_word' id='word_1_289' title='bbox 1445 2285 1505 2323; x_wconf 87' lang='lat' dir='ltr'><strong>se</strong></span> <span class='ocrx_word' id='word_1_290' title='bbox 1537 2272 1799 2344; x_wconf 76' lang='lat' dir='ltr'><strong>aspergit</strong></span> <span class='ocrx_word' id='word_1_291' title='bbox 1825 2297 1838 2341; x_wconf 86' lang='lat'><strong>;</strong></span> 
     </span>
    </p>
   </div>
   <div class='ocr_carea' id='block_1_38' title="bbox 213 2356 1839 2429">
    <p class='ocr_par' dir='ltr' id='par_1_38' title="bbox 213 2356 1839 2429">
     <span class='ocr_line' id='line_1_38' title="bbox 213 2356 1839 2429; baseline 0.004 -19"><span class='ocrx_word' id='word_1_292' title='bbox 213 2360 259 2410; x_wconf 87' lang='lat' dir='ltr'><strong>et</strong></span> <span class='ocrx_word' id='word_1_293' title='bbox 286 2373 389 2428; x_wconf 91' lang='lat' dir='ltr'><strong>quo</strong></span> <span class='ocrx_word' id='word_1_294' title='bbox 417 2356 625 2412; x_wconf 84' lang='lat' dir='ltr'><strong>habitu</strong></span> <span class='ocrx_word' id='word_1_295' title='bbox 659 2357 922 2412; x_wconf 90' lang='lat' dir='ltr'><strong>numinis</strong></span> <span class='ocrx_word' id='word_1_296' title='bbox 954 2373 1122 2429; x_wconf 90' lang='lat' dir='ltr'><strong>opem</strong></span> <span class='ocrx_word' id='word_1_297' title='bbox 1156 2356 1586 2429; x_wconf 88' lang='lat' dir='ltr'><strong>imploravcrat,</strong></span> <span class='ocrx_word' id='word_1_298' title='bbox 1640 2361 1698 2415; x_wconf 89' lang='lat' dir='ltr'><strong>in</strong></span> <span class='ocrx_word' id='word_1_299' title='bbox 1749 2378 1839 2417; x_wconf 44' lang='lat' dir='ltr'><strong>eo.</strong></span> 
     </span>
    </p>
   </div>
   <div class='ocr_carea' id='block_1_39' title="bbox 212 2446 1843 2517">
    <p class='ocr_par' dir='ltr' id='par_1_39' title="bbox 212 2446 1843 2517">
     <span class='ocr_line' id='line_1_39' title="bbox 212 2446 1843 2517; baseline 0.003 -16"><span class='ocrx_word' id='word_1_300' title='bbox 212 2446 321 2501; x_wconf 87' lang='lat' dir='ltr'><strong>dem</strong></span> <span class='ocrx_word' id='word_1_301' title='bbox 335 2461 717 2517; x_wconf 81' lang='lat' dir='ltr'><strong>perseverans</strong></span> <span class='ocrx_word' id='word_1_302' title='bbox 735 2446 1243 2502; x_wconf 80' lang='lat' dir='ltr'><strong>vehementissime</strong></span> <span class='ocrx_word' id='word_1_303' title='bbox 1257 2462 1385 2502; x_wconf 89' lang='lat' dir='ltr'><strong>cum</strong></span> <span class='ocrx_word' id='word_1_304' title='bbox 1404 2449 1843 2506; x_wconf 84' lang='lat' dir='ltr'><strong>miserabilibus</strong></span> 
     </span>
    </p>
   </div>
   <div class='ocr_carea' id='block_1_40' title="bbox 213 2532 1838 2609">
    <p class='ocr_par' dir='ltr' id='par_1_40' title="bbox 213 2532 1838 2609">
     <span class='ocr_line' id='line_1_40' title="bbox 213 2532 1838 2609; baseline 0.004 -21"><span class='ocrx_word' id='word_1_305' title='bbox 213 2532 457 2603; x_wconf 84' lang='lat' dir='ltr'><strong>lacrymis</strong></span> <span class='ocrx_word' id='word_1_306' title='bbox 493 2534 716 2590; x_wconf 84' lang='lat' dir='ltr'><strong>milites</strong></span> <span class='ocrx_word' id='word_1_307' title='bbox 764 2536 988 2603; x_wconf 90' lang='lat' dir='ltr'><strong>orabat,</strong></span> <span class='ocrx_word' id='word_1_308' title='bbox 1045 2536 1318 2591; x_wconf 88' lang='lat' dir='ltr'><strong>ultimum</strong></span> <span class='ocrx_word' id='word_1_309' title='bbox 1345 2537 1722 2609; x_wconf 86' lang='lat' dir='ltr'><strong>prohiberent</strong></span> <span class='ocrx_word' id='word_1_310' title='bbox 1768 2539 1838 2594; x_wconf 87' lang='lat' dir='ltr'><strong>ab</strong></span> 
     </span>
    </p>
   </div>
   <div class='ocr_carea' id='block_1_41' title="bbox 214 2622 1838 2699">
    <p class='ocr_par' dir='ltr' id='par_1_41' title="bbox 214 2622 1838 2699">
     <span class='ocr_line' id='line_1_41' title="bbox 214 2622 1838 2699; baseline 0.004 -23"><span class='ocrx_word' id='word_1_311' title='bbox 214 2622 429 2695; x_wconf 87' lang='lat' dir='ltr'><strong>imperio</strong></span> <span class='ocrx_word' id='word_1_312' title='bbox 460 2625 749 2692; x_wconf 87' lang='lat' dir='ltr'><strong>dedecus,</strong></span> <span class='ocrx_word' id='word_1_313' title='bbox 776 2627 1037 2697; x_wconf 87' lang='lat' dir='ltr'><strong>Augusta</strong></span> <span class='ocrx_word' id='word_1_314' title='bbox 1058 2625 1228 2697; x_wconf 90' lang='lat' dir='ltr'><strong>signa</strong></span> <span class='ocrx_word' id='word_1_315' title='bbox 1243 2642 1313 2681; x_wconf 89' lang='lat' dir='ltr'><strong>ne</strong></span> <span class='ocrx_word' id='word_1_316' title='bbox 1339 2626 1580 2697; x_wconf 87' lang='lat' dir='ltr'><strong>impune</strong></span> <span class='ocrx_word' id='word_1_317' title='bbox 1603 2628 1838 2699; x_wconf 89' lang='lat' dir='ltr'><strong>abduci,</strong></span> 
     </span>
    </p>
   </div>
   <div class='ocr_carea' id='block_1_42' title="bbox 212 2714 1842 2787">
    <p class='ocr_par' dir='ltr' id='par_1_42' title="bbox 212 2714 1842 2787">
     <span class='ocr_line' id='line_1_42' title="bbox 212 2714 1842 2787; baseline 0.003 -20"><span class='ocrx_word' id='word_1_318' title='bbox 212 2730 270 2769; x_wconf 84' lang='lat' dir='ltr'><strong>ne</strong></span> <span class='ocrx_word' id='word_1_319' title='bbox 296 2714 644 2787; x_wconf 83' lang='lat' dir='ltr'><strong>triumphari</strong></span> <span class='ocrx_word' id='word_1_320' title='bbox 682 2715 752 2769; x_wconf 90' lang='lat' dir='ltr'><strong>ab</strong></span> <span class='ocrx_word' id='word_1_321' title='bbox 786 2714 1055 2770; x_wconf 83' lang='lat' dir='ltr'><strong>hostibus</strong></span> <span class='ocrx_word' id='word_1_322' title='bbox 1104 2716 1387 2770; x_wconf 87' lang='lat' dir='ltr'><strong>sinerent.</strong></span> <span class='ocrx_word' id='word_1_323' title='bbox 1440 2716 1601 2771; x_wconf 83' lang='lat' dir='ltr'><strong>Talia</strong></span> <span class='ocrx_word' id='word_1_324' title='bbox 1626 2718 1722 2771; x_wconf 92' lang='lat' dir='ltr'><strong>diu</strong></span> <span class='ocrx_word' id='word_1_325' title='bbox 1753 2717 1842 2773; x_wconf 89' lang='lat' dir='ltr'><strong>la-</strong></span> 
     </span>
    </p>
   </div>
   <div class='ocr_carea' id='block_1_43' title="bbox 215 2802 1840 2878">
    <p class='ocr_par' dir='ltr' id='par_1_43' title="bbox 215 2802 1840 2878">
     <span class='ocr_line' id='line_1_43' title="bbox 215 2802 1840 2878; baseline 0.003 -22"><span class='ocrx_word' id='word_1_326' title='bbox 215 2803 594 2858; x_wconf 83' lang='lat' dir='ltr'><strong>mentabiliter</strong></span> <span class='ocrx_word' id='word_1_327' title='bbox 622 2802 1013 2874; x_wconf 80' lang='lat' dir='ltr'><strong>ingeminans,</strong></span> <span class='ocrx_word' id='word_1_328' title='bbox 1056 2804 1531 2877; x_wconf 90' lang='lat' dir='ltr'><strong>dcmissioneque</strong></span> <span class='ocrx_word' id='word_1_329' title='bbox 1578 2822 1645 2861; x_wconf 90' lang='lat' dir='ltr'><strong>ac</strong></span> <span class='ocrx_word' id='word_1_330' title='bbox 1697 2823 1840 2878; x_wconf 86' lang='lat' dir='ltr'><strong>sup-</strong></span> 
     </span>
    </p>
   </div>
   <div class='ocr_carea' id='block_1_44' title="bbox 210 2889 1845 2967">
    <p class='ocr_par' dir='ltr' id='par_1_44' title="bbox 210 2889 1845 2967">
     <span class='ocr_line' id='line_1_44' title="bbox 210 2889 1845 2967; baseline 0.006 -24"><span class='ocrx_word' id='word_1_331' title='bbox 210 2889 325 2961; x_wconf 79' lang='lat' dir='ltr'><strong>plici</strong></span> <span class='ocrx_word' id='word_1_332' title='bbox 352 2897 524 2964; x_wconf 88' lang='lat' dir='ltr'><strong>gestu</strong></span> <span class='ocrx_word' id='word_1_333' title='bbox 561 2892 890 2963; x_wconf 84' lang='lat' dir='ltr'><strong>obtutuque</strong></span> <span class='ocrx_word' id='word_1_334' title='bbox 920 2909 1116 2948; x_wconf 90' lang='lat' dir='ltr'><strong>vocem</strong></span> <span class='ocrx_word' id='word_1_335' title='bbox 1151 2895 1575 2966; x_wconf 87' lang='lat' dir='ltr'><strong>adjuvans,nec</strong></span> <span class='ocrx_word' id='word_1_336' title='bbox 1597 2895 1845 2967; x_wconf 79' lang='lat' dir='ltr'><strong>segnius</strong></span> 
     </span>
    </p>
   </div>
   <div class='ocr_carea' id='block_1_45' title="bbox 211 2981 1836 3056">
    <p class='ocr_par' dir='ltr' id='par_1_45' title="bbox 211 2981 1836 3056">
     <span class='ocr_line' id='line_1_45' title="bbox 211 2981 1836 3056; baseline 0.004 -23"><span class='ocrx_word' id='word_1_337' title='bbox 211 2981 460 3037; x_wconf 88' lang='lat' dir='ltr'><strong>continuo</strong></span> <span class='ocrx_word' id='word_1_338' title='bbox 492 2982 861 3037; x_wconf 81' lang='lat' dir='ltr'><strong>submittens</strong></span> <span class='ocrx_word' id='word_1_339' title='bbox 915 2989 1175 3039; x_wconf 87' lang='lat' dir='ltr'><strong>recentes</strong></span> <span class='ocrx_word' id='word_1_340' title='bbox 1212 2983 1647 3049; x_wconf 82' lang='lat' dir='ltr'><strong>laborantibus,</strong></span> <span class='ocrx_word' id='word_1_341' title='bbox 1708 3001 1836 3056; x_wconf 82' lang='lat' dir='ltr'><strong>quae</strong></span> 
     </span>
    </p>
   </div>
   <div class='ocr_carea' id='block_1_46' title="bbox 1946 1849 3591 1927">
    <p class='ocr_par' dir='ltr' id='par_1_46' title="bbox 1946 1849 3591 1927">
     <span class='ocr_line' id='line_1_46' title="bbox 1946 1849 3591 1927; baseline 0.002 -24"><span class='ocrx_word' id='word_1_342' title='bbox 1946 1851 2306 1927; x_wconf 79' lang='grc' dir='ltr'>ἀπαμφιάσει,</span> <span class='ocrx_word' id='word_1_343' title='bbox 2356 1850 2459 1905; x_wconf 83' lang='grc' dir='ltr'>κάκ</span> <span class='ocrx_word' id='word_1_344' title='bbox 2512 1851 2682 1923; x_wconf 87' lang='grc' dir='ltr'>μόνης</span> <span class='ocrx_word' id='word_1_345' title='bbox 2739 1859 2839 1920; x_wconf 79' lang='grc' dir='ltr'>τῆς</span> <span class='ocrx_word' id='word_1_346' title='bbox 2894 1852 3015 1914; x_wconf 89' lang='grc' dir='ltr'>θέας</span> <span class='ocrx_word' id='word_1_347' title='bbox 3062 1849 3216 1925; x_wconf 82' lang='grc' dir='ltr'>δόξας</span> <span class='ocrx_word' id='word_1_348' title='bbox 3248 1851 3485 1916; x_wconf 82' lang='grc' dir='ltr'>ἐλεεινὸς</span> <span class='ocrx_word' id='word_1_349' title='bbox 3512 1859 3591 1925; x_wconf 76' lang='grc' dir='ltr'>τῷ</span> 
     </span>
    </p>
   </div>
   <div class='ocr_carea' id='block_1_47' title="bbox 1945 1940 2901 2016">
    <p class='ocr_par' dir='ltr' id='par_1_47' title="bbox 1945 1940 2901 2016">
     <span class='ocr_line' id='line_1_47' title="bbox 1945 1940 2901 2016; baseline 0.003 -22"><span class='ocrx_word' id='word_1_350' title='bbox 1945 1940 2050 2015; x_wconf 85' lang='grc' dir='ltr'>πρὸ</span> <span class='ocrx_word' id='word_1_351' title='bbox 2079 1944 2176 1995; x_wconf 80' lang='grc' dir='ltr'>τοῦ</span> <span class='ocrx_word' id='word_1_352' title='bbox 2207 1940 2529 2015; x_wconf 77' lang='grc' dir='ltr'>ὠργισμένῳ</span> <span class='ocrx_word' id='word_1_353' title='bbox 2557 1940 2623 1995; x_wconf 75' lang='grc' dir='ltr'>τὰ</span> <span class='ocrx_word' id='word_1_354' title='bbox 2658 1941 2901 2016; x_wconf 81' lang='grc' dir='ltr'>μέγιστα.</span> 
     </span>
    </p>
   </div>
   <div class='ocr_carea' id='block_1_48' title="bbox 1947 2182 3593 2255">
    <p class='ocr_par' dir='ltr' id='par_1_48' title="bbox 1947 2182 3593 2255">
     <span class='ocr_line' id='line_1_48' title="bbox 1947 2182 3593 2255; baseline -0.002 -14"><span class='ocrx_word' id='word_1_355' title='bbox 1947 2183 2294 2255; x_wconf 86' lang='lat' dir='ltr'><strong>superstites</strong></span> <span class='ocrx_word' id='word_1_356' title='bbox 2326 2182 2478 2237; x_wconf 91' lang='lat' dir='ltr'><strong>intra</strong></span> <span class='ocrx_word' id='word_1_357' title='bbox 2511 2198 2681 2238; x_wconf 81' lang='lat' dir='ltr'><strong>naves</strong></span> <span class='ocrx_word' id='word_1_358' title='bbox 2712 2182 2931 2255; x_wconf 89' lang='lat' dir='ltr'><strong>quique</strong></span> <span class='ocrx_word' id='word_1_359' title='bbox 2969 2200 3109 2239; x_wconf 89' lang='lat' dir='ltr'><strong>suas</strong></span> <span class='ocrx_word' id='word_1_360' title='bbox 3167 2182 3430 2254; x_wconf 82' lang='lat' dir='ltr'><strong>diligenti</strong></span> <span class='ocrx_word' id='word_1_361' title='bbox 3487 2200 3593 2238; x_wconf 84' lang='lat' dir='ltr'><strong>cu-</strong></span> 
     </span>
    </p>
   </div>
   <div class='ocr_carea' id='block_1_49' title="bbox 1951 2271 3596 2343">
    <p class='ocr_par' dir='ltr' id='par_1_49' title="bbox 1951 2271 3596 2343">
     <span class='ocr_line' id='line_1_49' title="bbox 1951 2271 3596 2343; baseline -0.002 -14"><span class='ocrx_word' id='word_1_362' title='bbox 1951 2273 2143 2330; x_wconf 88' lang='lat' dir='ltr'><strong>stodia</strong></span> <span class='ocrx_word' id='word_1_363' title='bbox 2175 2271 2385 2327; x_wconf 88' lang='lat' dir='ltr'><strong>servati</strong></span> <span class='ocrx_word' id='word_1_364' title='bbox 2433 2271 2788 2343; x_wconf 84' lang='lat' dir='ltr'><strong>deductique</strong></span> <span class='ocrx_word' id='word_1_365' title='bbox 2835 2272 2893 2326; x_wconf 90' lang='lat' dir='ltr'><strong>in</strong></span> <span class='ocrx_word' id='word_1_366' title='bbox 2941 2272 3146 2327; x_wconf 88' lang='lat' dir='ltr'><strong>urbem</strong></span> <span class='ocrx_word' id='word_1_367' title='bbox 3198 2289 3306 2327; x_wconf 90' lang='lat' dir='ltr'><strong>sua</strong></span> <span class='ocrx_word' id='word_1_368' title='bbox 3356 2271 3596 2327; x_wconf 85' lang='lat' dir='ltr'><strong>miseria</strong></span> 
     </span>
    </p>
   </div>
   <div class='ocr_carea' id='block_1_50' title="bbox 1950 2359 3599 2433">
    <p class='ocr_par' dir='ltr' id='par_1_50' title="bbox 1950 2359 3599 2433">
     <span class='ocr_line' id='line_1_50' title="bbox 1950 2359 3599 2433; baseline -0.001 -18"><span class='ocrx_word' id='word_1_369' title='bbox 1950 2365 2180 2433; x_wconf 86' lang='lat' dir='ltr'><strong>gratum</strong></span> <span class='ocrx_word' id='word_1_370' title='bbox 2215 2360 2461 2415; x_wconf 86' lang='lat' dir='ltr'><strong>infensis</strong></span> <span class='ocrx_word' id='word_1_371' title='bbox 2494 2360 2894 2431; x_wconf 85' lang='lat' dir='ltr'><strong>spectaculum</strong></span> <span class='ocrx_word' id='word_1_372' title='bbox 2928 2359 3599 2431; x_wconf 89' lang='lat' dir='ltr'><strong>fuerunt,qualicunque</strong></span> 
     </span>
    </p>
   </div>
   <div class='ocr_carea' id='block_1_51' title="bbox 1951 2448 3596 2521">
    <p class='ocr_par' dir='ltr' id='par_1_51' title="bbox 1951 2448 3596 2521">
     <span class='ocr_line' id='line_1_51' title="bbox 1951 2448 3596 2521; baseline -0.002 -14"><span class='ocrx_word' id='word_1_373' title='bbox 1951 2450 2163 2507; x_wconf 81' lang='lat' dir='ltr'><strong>solatio</strong></span> <span class='ocrx_word' id='word_1_374' title='bbox 2196 2449 2578 2521; x_wconf 70' lang='lat' dir='ltr'><strong>praecedentis</strong></span> <span class='ocrx_word' id='word_1_375' title='bbox 2621 2448 2829 2505; x_wconf 90' lang='lat' dir='ltr'><strong>cladis.</strong></span> <span class='ocrx_word' id='word_1_376' title='bbox 2878 2452 2952 2505; x_wconf 88' lang='lat' dir='ltr'><strong>At</strong></span> <span class='ocrx_word' id='word_1_377' title='bbox 2999 2450 3244 2521; x_wconf 87' lang='lat' dir='ltr'><strong>despota</strong></span> <span class='ocrx_word' id='word_1_378' title='bbox 3287 2466 3421 2504; x_wconf 91' lang='lat' dir='ltr'><strong>cum</strong></span> <span class='ocrx_word' id='word_1_379' title='bbox 3473 2450 3596 2503; x_wconf 87' lang='lat' dir='ltr'><strong>suis</strong></span> 
     </span>
    </p>
   </div>
   <div class='ocr_carea' id='block_1_52' title="bbox 1949 2540 3596 2613">
    <p class='ocr_par' dir='ltr' id='par_1_52' title="bbox 1949 2540 3596 2613">
     <span class='ocr_line' id='line_1_52' title="bbox 1949 2540 3596 2613; baseline 0 -17"><span class='ocrx_word' id='word_1_380' title='bbox 1949 2540 2183 2613; x_wconf 84' lang='lat' dir='ltr'><strong>spoliati</strong></span> <span class='ocrx_word' id='word_1_381' title='bbox 2218 2540 2497 2595; x_wconf 88' lang='lat' dir='ltr'><strong>omnibus</strong></span> <span class='ocrx_word' id='word_1_382' title='bbox 2531 2557 2655 2611; x_wconf 70' lang='lat' dir='ltr'><strong>quae</strong></span> <span class='ocrx_word' id='word_1_383' title='bbox 2688 2541 3037 2607; x_wconf 83' lang='lat' dir='ltr'><strong>habuerant,</strong></span> <span class='ocrx_word' id='word_1_384' title='bbox 3066 2541 3137 2595; x_wconf 91' lang='lat' dir='ltr'><strong>ad</strong></span> <span class='ocrx_word' id='word_1_385' title='bbox 3171 2540 3596 2596; x_wconf 87' lang='lat' dir='ltr'><strong>Achridensem</strong></span> 
     </span>
    </p>
   </div>
   <div class='ocr_carea' id='block_1_53' title="bbox 1950 2629 3597 2701">
    <p class='ocr_par' dir='ltr' id='par_1_53' title="bbox 1950 2629 3597 2701">
     <span class='ocr_line' id='line_1_53' title="bbox 1950 2629 3597 2701; baseline -0.001 -15"><span class='ocrx_word' id='word_1_386' title='bbox 1950 2631 2285 2686; x_wconf 88' lang='lat' dir='ltr'><strong>Cerameam</strong></span> <span class='ocrx_word' id='word_1_387' title='bbox 2313 2635 2723 2701; x_wconf 84' lang='lat' dir='ltr'><strong>pervenerunt,</strong></span> <span class='ocrx_word' id='word_1_388' title='bbox 2759 2629 3076 2685; x_wconf 88' lang='lat' dir='ltr'><strong>miserabili</strong></span> <span class='ocrx_word' id='word_1_389' title='bbox 3104 2647 3347 2701; x_wconf 91' lang='lat' dir='ltr'><strong>prorsus</strong></span> <span class='ocrx_word' id='word_1_390' title='bbox 3398 2634 3455 2685; x_wconf 90' lang='lat' dir='ltr'><strong>et</strong></span> <span class='ocrx_word' id='word_1_391' title='bbox 3510 2630 3597 2684; x_wconf 89' lang='lat' dir='ltr'><strong>di-</strong></span> 
     </span>
    </p>
   </div>
   <div class='ocr_carea' id='block_1_54' title="bbox 1950 2718 3592 2791">
    <p class='ocr_par' dir='ltr' id='par_1_54' title="bbox 1950 2718 3592 2791">
     <span class='ocr_line' id='line_1_54' title="bbox 1950 2718 3592 2791; baseline 0 -18"><span class='ocrx_word' id='word_1_392' title='bbox 1950 2735 2065 2791; x_wconf 88' lang='lat' dir='ltr'><strong>gna</strong></span> <span class='ocrx_word' id='word_1_393' title='bbox 2097 2718 2369 2791; x_wconf 82' lang='lat' dir='ltr'><strong>lacrymis</strong></span> <span class='ocrx_word' id='word_1_394' title='bbox 2393 2719 2605 2790; x_wconf 88' lang='lat' dir='ltr'><strong>specie.</strong></span> <span class='ocrx_word' id='word_1_395' title='bbox 2640 2718 2739 2773; x_wconf 90' lang='lat' dir='ltr'><strong>Ille</strong></span> <span class='ocrx_word' id='word_1_396' title='bbox 2776 2720 2960 2773; x_wconf 90' lang='lat' dir='ltr'><strong>nudos</strong></span> <span class='ocrx_word' id='word_1_397' title='bbox 2991 2723 3048 2773; x_wconf 91' lang='lat' dir='ltr'><strong>et</strong></span> <span class='ocrx_word' id='word_1_398' title='bbox 3077 2718 3340 2773; x_wconf 90' lang='lat' dir='ltr'><strong>omnium</strong></span> <span class='ocrx_word' id='word_1_399' title='bbox 3372 2734 3592 2790; x_wconf 89' lang='lat' dir='ltr'><strong>egenos</strong></span> 
     </span>
    </p>
   </div>
   <div class='ocr_carea' id='block_1_55' title="bbox 1948 2807 3597 2878">
    <p class='ocr_par' dir='ltr' id='par_1_55' title="bbox 1948 2807 3597 2878">
     <span class='ocr_line' id='line_1_55' title="bbox 1948 2807 3597 2878; baseline -0.001 -16"><span class='ocrx_word' id='word_1_400' title='bbox 1948 2807 2182 2863; x_wconf 83' lang='lat' dir='ltr'><strong>vestivit</strong></span> <span class='ocrx_word' id='word_1_401' title='bbox 2214 2808 2621 2876; x_wconf 82' lang='lat' dir='ltr'><strong>recreavitque,</strong></span> <span class='ocrx_word' id='word_1_402' title='bbox 2653 2812 2941 2877; x_wconf 88' lang='lat' dir='ltr'><strong>quantum</strong></span> <span class='ocrx_word' id='word_1_403' title='bbox 2974 2823 3077 2878; x_wconf 91' lang='lat' dir='ltr'><strong>pro</strong></span> <span class='ocrx_word' id='word_1_404' title='bbox 3110 2807 3381 2877; x_wconf 70' lang='lat' dir='ltr'><strong>praesenti</strong></span> <span class='ocrx_word' id='word_1_405' title='bbox 3429 2810 3597 2878; x_wconf 89' lang='lat' dir='ltr'><strong>copia</strong></span> 
     </span>
    </p>
   </div>
   <div class='ocr_carea' id='block_1_56' title="bbox 1950 2895 3594 2967">
    <p class='ocr_par' dir='ltr' id='par_1_56' title="bbox 1950 2895 3594 2967">
     <span class='ocr_line' id='line_1_56' title="bbox 1950 2895 3594 2967; baseline -0.002 -14"><span class='ocrx_word' id='word_1_406' title='bbox 1950 2896 2383 2953; x_wconf 88' lang='lat' dir='ltr'><strong>humanissime</strong></span> <span class='ocrx_word' id='word_1_407' title='bbox 2423 2897 2633 2967; x_wconf 90' lang='lat' dir='ltr'><strong>potuit.</strong></span> <span class='ocrx_word' id='word_1_408' title='bbox 2664 2896 2810 2951; x_wconf 89' lang='lat' dir='ltr'><strong>Hinc</strong></span> <span class='ocrx_word' id='word_1_409' title='bbox 2850 2896 2977 2965; x_wconf 89' lang='lat' dir='ltr'><strong>jam</strong></span> <span class='ocrx_word' id='word_1_410' title='bbox 3025 2912 3201 2950; x_wconf 89' lang='lat' dir='ltr'><strong>sensu</strong></span> <span class='ocrx_word' id='word_1_411' title='bbox 3254 2895 3594 2967; x_wconf 87' lang='lat' dir='ltr'><strong>pudoreque</strong></span> 
     </span>
    </p>
   </div>
   <div class='ocr_carea' id='block_1_57' title="bbox 1950 2983 3596 3042">
    <p class='ocr_par' dir='ltr' id='par_1_57' title="bbox 1950 2983 3596 3042">
     <span class='ocr_line' id='line_1_57' title="bbox 1950 2983 3596 3042; baseline -0.003 0"><span class='ocrx_word' id='word_1_412' title='bbox 1950 2985 2291 3042; x_wconf 81' lang='lat' dir='ltr'><strong>otl&#39;ensionis</strong></span> <span class='ocrx_word' id='word_1_413' title='bbox 2322 2989 2499 3039; x_wconf 63' lang='lat' dir='ltr'><strong>tanta</strong></span> <span class='ocrx_word' id='word_1_414' title='bbox 2531 3001 2596 3039; x_wconf 90' lang='lat' dir='ltr'><strong>ac</strong></span> <span class='ocrx_word' id='word_1_415' title='bbox 2625 2989 2745 3038; x_wconf 88' lang='lat' dir='ltr'><strong>tam</strong></span> <span class='ocrx_word' id='word_1_416' title='bbox 2775 2983 3011 3039; x_wconf 91' lang='lat' dir='ltr'><strong>insolito</strong></span> <span class='ocrx_word' id='word_1_417' title='bbox 3046 2984 3161 3037; x_wconf 91' lang='lat' dir='ltr'><strong>ictu</strong></span> <span class='ocrx_word' id='word_1_418' title='bbox 3196 2984 3448 3038; x_wconf 65' lang='lat' dir='ltr'><strong>adversae</strong></span> <span class='ocrx_word' id='word_1_419' title='bbox 3482 2984 3596 3038; x_wconf 84' lang='lat' dir='ltr'><strong>for-</strong></span> 
     </span>
    </p>
   </div>
   <div class='ocr_carea' id='block_1_58' title="bbox 210 3052 3599 3144">
    <p class='ocr_par' dir='ltr' id='par_1_58' title="bbox 210 3052 3599 3144">
     <span class='ocr_line' id='line_1_58' title="bbox 210 3052 3599 3144; baseline 0 -20"><span class='ocrx_word' id='word_1_420' title='bbox 210 3077 512 3142; x_wconf 86' lang='lat' dir='ltr'><strong>opportune</strong></span> <span class='ocrx_word' id='word_1_421' title='bbox 566 3071 964 3140; x_wconf 87' lang='lat' dir='ltr'><strong>subvenirent,</strong></span> <span class='ocrx_word' id='word_1_422' title='bbox 1001 3072 1236 3127; x_wconf 79' lang='lat' dir='ltr'><strong>fortium</strong></span> <span class='ocrx_word' id='word_1_423' title='bbox 1289 3073 1547 3128; x_wconf 88' lang='lat' dir='ltr'><strong>virorum</strong></span> <span class='ocrx_word' id='word_1_424' title='bbox 1602 3090 1835 3144; x_wconf 86' lang='lat' dir='ltr'><strong>manus,</strong></span> <span class='ocrx_word' id='word_1_425' title='bbox 1869 3052 1912 3120; x_wconf 75' lang='lat' dir='ltr'>C</span> <span class='ocrx_word' id='word_1_426' title='bbox 1949 3080 2105 3130; x_wconf 72' lang='lat' dir='ltr'><strong>tunsa</strong></span> <span class='ocrx_word' id='word_1_427' title='bbox 2140 3076 2355 3128; x_wconf 88' lang='lat' dir='ltr'><strong>fractus</strong></span> <span class='ocrx_word' id='word_1_428' title='bbox 2387 3073 2584 3128; x_wconf 91' lang='lat' dir='ltr'><strong>animo</strong></span> <span class='ocrx_word' id='word_1_429' title='bbox 2627 3073 2868 3143; x_wconf 85' lang='lat' dir='ltr'><strong>despota</strong></span> <span class='ocrx_word' id='word_1_430' title='bbox 2917 3071 3170 3139; x_wconf 79' lang='lat' dir='ltr'><strong>insignia</strong></span> <span class='ocrx_word' id='word_1_431' title='bbox 3216 3072 3389 3126; x_wconf 87' lang='lat' dir='ltr'><strong>istius</strong></span> <span class='ocrx_word' id='word_1_432' title='bbox 3438 3071 3599 3127; x_wconf 86' lang='lat' dir='ltr'><strong>tituli</strong></span> 
     </span>
    </p>
   </div>
   <div class='ocr_carea' id='block_1_59' title="bbox 212 3160 1843 3233">
    <p class='ocr_par' dir='ltr' id='par_1_59' title="bbox 212 3160 1843 3233">
     <span class='ocr_line' id='line_1_59' title="bbox 212 3160 1843 3233; baseline 0.003 -21"><span class='ocrx_word' id='word_1_433' title='bbox 212 3160 344 3215; x_wconf 88' lang='lat' dir='ltr'><strong>unde</strong></span> <span class='ocrx_word' id='word_1_434' title='bbox 371 3177 665 3218; x_wconf 76' lang='lat' dir='ltr'><strong>caesorum</strong></span> <span class='ocrx_word' id='word_1_435' title='bbox 688 3162 912 3216; x_wconf 90' lang='lat' dir='ltr'><strong>damna</strong></span> <span class='ocrx_word' id='word_1_436' title='bbox 943 3160 1378 3233; x_wconf 88' lang='lat' dir='ltr'><strong>supplerentur,</strong></span> <span class='ocrx_word' id='word_1_437' title='bbox 1432 3163 1612 3218; x_wconf 88' lang='lat' dir='ltr'><strong>robur</strong></span> <span class='ocrx_word' id='word_1_438' title='bbox 1660 3164 1843 3218; x_wconf 83' lang='lat' dir='ltr'><strong>auda-</strong></span> 
     </span>
    </p>
   </div>
   <div class='ocr_carea' id='block_1_60' title="bbox 211 3247 1843 3323">
    <p class='ocr_par' dir='ltr' id='par_1_60' title="bbox 211 3247 1843 3323">
     <span class='ocr_line' id='line_1_60' title="bbox 211 3247 1843 3323; baseline 0.003 -20"><span class='ocrx_word' id='word_1_439' title='bbox 211 3247 453 3323; x_wconf 84' lang='lat' dir='ltr'><strong>ciamque</strong></span> <span class='ocrx_word' id='word_1_440' title='bbox 473 3250 891 3323; x_wconf 83' lang='lat' dir='ltr'><strong>pugnantibus</strong></span> <span class='ocrx_word' id='word_1_441' title='bbox 914 3250 1161 3306; x_wconf 88' lang='lat' dir='ltr'><strong>immisit</strong></span> <span class='ocrx_word' id='word_1_442' title='bbox 1186 3251 1572 3321; x_wconf 87' lang='lat' dir='ltr'><strong>excitavitque</strong></span> <span class='ocrx_word' id='word_1_443' title='bbox 1591 3253 1843 3321; x_wconf 89' lang='lat' dir='ltr'><strong>animos,</strong></span> 
     </span>
    </p>
   </div>
   <div class='ocr_carea' id='block_1_61' title="bbox 211 3340 1847 3413">
    <p class='ocr_par' dir='ltr' id='par_1_61' title="bbox 211 3340 1847 3413">
     <span class='ocr_line' id='line_1_61' title="bbox 211 3340 1847 3413; baseline 0.004 -21"><span class='ocrx_word' id='word_1_444' title='bbox 211 3340 392 3409; x_wconf 84' lang='lat' dir='ltr'><strong>utjam</strong></span> <span class='ocrx_word' id='word_1_445' title='bbox 423 3357 615 3413; x_wconf 86' lang='lat' dir='ltr'><strong>supra</strong></span> <span class='ocrx_word' id='word_1_446' title='bbox 660 3340 809 3395; x_wconf 88' lang='lat' dir='ltr'><strong>vires</strong></span> <span class='ocrx_word' id='word_1_447' title='bbox 861 3340 1323 3408; x_wconf 84' lang='lat' dir='ltr'><strong>conniterentur,</strong></span> <span class='ocrx_word' id='word_1_448' title='bbox 1375 3341 1847 3413; x_wconf 84' lang='lat' dir='ltr'><strong>projicerentque</strong></span> 
     </span>
    </p>
   </div>
   <div class='ocr_carea' id='block_1_62' title="bbox 211 3428 1846 3501">
    <p class='ocr_par' dir='ltr' id='par_1_62' title="bbox 211 3428 1846 3501">
     <span class='ocr_line' id='line_1_62' title="bbox 211 3428 1846 3501; baseline 0.002 -19"><span class='ocrx_word' id='word_1_449' title='bbox 211 3443 263 3483; x_wconf 86' lang='lat' dir='ltr'><strong>se</strong></span> <span class='ocrx_word' id='word_1_450' title='bbox 288 3428 341 3485; x_wconf 89' lang='lat' dir='ltr'><strong>in</strong></span> <span class='ocrx_word' id='word_1_451' title='bbox 370 3431 485 3487; x_wconf 88' lang='lat' dir='ltr'><strong>tela</strong></span> <span class='ocrx_word' id='word_1_452' title='bbox 520 3429 763 3486; x_wconf 86' lang='lat' dir='ltr'><strong>hostilia</strong></span> <span class='ocrx_word' id='word_1_453' title='bbox 796 3446 944 3485; x_wconf 63' lang='lat' dir='ltr'><strong>ceco</strong></span> <span class='ocrx_word' id='word_1_454' title='bbox 977 3429 1219 3500; x_wconf 89' lang='lat' dir='ltr'><strong>quidam</strong></span> <span class='ocrx_word' id='word_1_455' title='bbox 1257 3430 1694 3501; x_wconf 88' lang='lat' dir='ltr'><strong>impetu.Ardor</strong></span> <span class='ocrx_word' id='word_1_456' title='bbox 1722 3435 1846 3485; x_wconf 85' lang='lat' dir='ltr'><strong>erat</strong></span> 
     </span>
    </p>
   </div>
   <div class='ocr_carea' id='block_1_63' title="bbox 212 3516 1843 3591">
    <p class='ocr_par' dir='ltr' id='par_1_63' title="bbox 212 3516 1843 3591">
     <span class='ocr_line' id='line_1_63' title="bbox 212 3516 1843 3591; baseline 0.003 -21"><span class='ocrx_word' id='word_1_457' title='bbox 212 3516 263 3572; x_wconf 92' lang='lat' dir='ltr'><strong>in</strong></span> <span class='ocrx_word' id='word_1_458' title='bbox 285 3524 526 3576; x_wconf 85' lang='lat' dir='ltr'><strong>mortem</strong></span> <span class='ocrx_word' id='word_1_459' title='bbox 564 3519 885 3585; x_wconf 89' lang='lat' dir='ltr'><strong>ruentium,</strong></span> <span class='ocrx_word' id='word_1_460' title='bbox 921 3534 1093 3591; x_wconf 91' lang='lat' dir='ltr'><strong>quem</strong></span> <span class='ocrx_word' id='word_1_461' title='bbox 1128 3523 1431 3573; x_wconf 88' lang='lat' dir='ltr'><strong>amentum</strong></span> <span class='ocrx_word' id='word_1_462' title='bbox 1483 3536 1549 3575; x_wconf 90' lang='lat' dir='ltr'><strong>ac</strong></span> <span class='ocrx_word' id='word_1_463' title='bbox 1600 3519 1843 3575; x_wconf 85' lang='lat' dir='ltr'><strong>rationis</strong></span> 
     </span>
    </p>
   </div>
   <div class='ocr_carea' id='block_1_64' title="bbox 210 3606 1840 3681">
    <p class='ocr_par' dir='ltr' id='par_1_64' title="bbox 210 3606 1840 3681">
     <span class='ocr_line' id='line_1_64' title="bbox 210 3606 1840 3681; baseline 0.001 -21"><span class='ocrx_word' id='word_1_464' title='bbox 210 3606 463 3681; x_wconf 83' lang='lat' dir='ltr'><strong>impotem</strong></span> <span class='ocrx_word' id='word_1_465' title='bbox 502 3610 752 3664; x_wconf 88' lang='lat' dir='ltr'><strong>diceres.</strong></span> <span class='ocrx_word' id='word_1_466' title='bbox 783 3609 897 3664; x_wconf 91' lang='lat' dir='ltr'><strong>Nec</strong></span> <span class='ocrx_word' id='word_1_467' title='bbox 930 3608 1139 3663; x_wconf 90' lang='lat' dir='ltr'><strong>minori</strong></span> <span class='ocrx_word' id='word_1_468' title='bbox 1172 3625 1319 3679; x_wconf 89' lang='lat' dir='ltr'><strong>opus</strong></span> <span class='ocrx_word' id='word_1_469' title='bbox 1369 3612 1495 3663; x_wconf 87' lang='lat' dir='ltr'><strong>erat</strong></span> <span class='ocrx_word' id='word_1_470' title='bbox 1545 3608 1648 3664; x_wconf 90' lang='lat' dir='ltr'><strong>tali</strong></span> <span class='ocrx_word' id='word_1_471' title='bbox 1698 3609 1840 3663; x_wconf 88' lang='lat' dir='ltr'><strong>arti-</strong></span> 
     </span>
    </p>
   </div>
   <div class='ocr_carea' id='block_1_65' title="bbox 208 3696 1841 3771">
    <p class='ocr_par' dir='ltr' id='par_1_65' title="bbox 208 3696 1841 3771">
     <span class='ocr_line' id='line_1_65' title="bbox 208 3696 1841 3771; baseline 0.001 -21"><span class='ocrx_word' id='word_1_472' title='bbox 208 3697 323 3753; x_wconf 88' lang='lat' dir='ltr'><strong>culo</strong></span> <span class='ocrx_word' id='word_1_473' title='bbox 347 3700 796 3771; x_wconf 73' lang='lat' dir='ltr'><strong>desperatarum</strong></span> <span class='ocrx_word' id='word_1_474' title='bbox 852 3714 1068 3754; x_wconf 87' lang='lat' dir='ltr'><strong>rerum.</strong></span> <span class='ocrx_word' id='word_1_475' title='bbox 1122 3697 1215 3753; x_wconf 90' lang='lat' dir='ltr'><strong>Sic</strong></span> <span class='ocrx_word' id='word_1_476' title='bbox 1266 3714 1410 3769; x_wconf 90' lang='lat' dir='ltr'><strong>pene</strong></span> <span class='ocrx_word' id='word_1_477' title='bbox 1458 3697 1609 3753; x_wconf 74' lang='lat'><strong>335</strong></span> <span class='ocrx_word' id='word_1_478' title='bbox 1660 3696 1841 3752; x_wconf 92' lang='lat' dir='ltr'><strong>victo-</strong></span> 
     </span>
    </p>
   </div>
   <div class='ocr_carea' id='block_1_66' title="bbox 209 3786 1841 3861">
    <p class='ocr_par' dir='ltr' id='par_1_66' title="bbox 209 3786 1841 3861">
     <span class='ocr_line' id='line_1_66' title="bbox 209 3786 1841 3861; baseline 0 -21"><span class='ocrx_word' id='word_1_479' title='bbox 209 3801 287 3840; x_wconf 85' lang='lat' dir='ltr'><strong>res</strong></span> <span class='ocrx_word' id='word_1_480' title='bbox 312 3790 477 3858; x_wconf 89' lang='lat' dir='ltr'><strong>ajam</strong></span> <span class='ocrx_word' id='word_1_481' title='bbox 514 3786 807 3861; x_wconf 88' lang='lat' dir='ltr'><strong>perculsis</strong></span> <span class='ocrx_word' id='word_1_482' title='bbox 839 3789 1099 3859; x_wconf 89' lang='lat' dir='ltr'><strong>superati</strong></span> <span class='ocrx_word' id='word_1_483' title='bbox 1147 3787 1382 3842; x_wconf 89' lang='lat' dir='ltr'><strong>tandem</strong></span> <span class='ocrx_word' id='word_1_484' title='bbox 1431 3793 1588 3854; x_wconf 87' lang='lat' dir='ltr'><strong>sunt,</strong></span> <span class='ocrx_word' id='word_1_485' title='bbox 1628 3789 1841 3841; x_wconf 90' lang='lat' dir='ltr'><strong>sudore</strong></span> 
     </span>
    </p>
   </div>
   <div class='ocr_carea' id='block_1_67' title="bbox 208 3874 1847 3947">
    <p class='ocr_par' dir='ltr' id='par_1_67' title="bbox 208 3874 1847 3947">
     <span class='ocr_line' id='line_1_67' title="bbox 208 3874 1847 3947; baseline 0.001 -18"><span class='ocrx_word' id='word_1_486' title='bbox 208 3875 421 3945; x_wconf 89' lang='lat' dir='ltr'><strong>quidem</strong></span> <span class='ocrx_word' id='word_1_487' title='bbox 469 3877 665 3932; x_wconf 86' lang='lat' dir='ltr'><strong>multo</strong></span> <span class='ocrx_word' id='word_1_488' title='bbox 712 3892 1031 3947; x_wconf 88' lang='lat' dir='ltr'><strong>cruoreque</strong></span> <span class='ocrx_word' id='word_1_489' title='bbox 1078 3893 1091 3931; x_wconf 87' lang='lat'><strong>:</strong></span> <span class='ocrx_word' id='word_1_490' title='bbox 1145 3876 1243 3931; x_wconf 89' lang='lat' dir='ltr'><strong>sed</strong></span> <span class='ocrx_word' id='word_1_491' title='bbox 1305 3875 1453 3930; x_wconf 88' lang='lat' dir='ltr'><strong>tanti</strong></span> <span class='ocrx_word' id='word_1_492' title='bbox 1504 3876 1681 3929; x_wconf 92' lang='lat' dir='ltr'><strong>decus</strong></span> <span class='ocrx_word' id='word_1_493' title='bbox 1734 3874 1847 3931; x_wconf 83' lang='lat' dir='ltr'><strong>fuit</strong></span> 
     </span>
    </p>
   </div>
   <div class='ocr_carea' id='block_1_68' title="bbox 209 3964 1842 4037">
    <p class='ocr_par' dir='ltr' id='par_1_68' title="bbox 209 3964 1842 4037">
     <span class='ocr_line' id='line_1_68' title="bbox 209 3964 1842 4037; baseline 0.001 -20"><span class='ocrx_word' id='word_1_494' title='bbox 209 3979 477 4022; x_wconf 64' lang='lat' dir='ltr'><strong>conversa;</strong></span> <span class='ocrx_word' id='word_1_495' title='bbox 512 3984 547 4022; x_wconf 87' lang='lat' dir='ltr'><strong>e</strong></span> <span class='ocrx_word' id='word_1_496' title='bbox 577 3965 920 4021; x_wconf 89' lang='lat' dir='ltr'><strong>discrimine</strong></span> <span class='ocrx_word' id='word_1_497' title='bbox 952 3964 1164 4020; x_wconf 85' lang='lat' dir='ltr'><strong>ultimo</strong></span> <span class='ocrx_word' id='word_1_498' title='bbox 1196 3964 1440 4037; x_wconf 69' lang='lat' dir='ltr'><strong>publicae</strong></span> <span class='ocrx_word' id='word_1_499' title='bbox 1497 3966 1741 4018; x_wconf 71' lang='lat' dir='ltr'><strong>fortunae</strong></span> <span class='ocrx_word' id='word_1_500' title='bbox 1786 3964 1842 4019; x_wconf 90' lang='lat' dir='ltr'><strong>in</strong></span> 
     </span>
    </p>
   </div>
   <div class='ocr_carea' id='block_1_69' title="bbox 207 4056 1844 4124">
    <p class='ocr_par' dir='ltr' id='par_1_69' title="bbox 207 4056 1844 4124">
     <span class='ocr_line' id='line_1_69' title="bbox 207 4056 1844 4124; baseline 0 -15"><span class='ocrx_word' id='word_1_501' title='bbox 207 4072 536 4115; x_wconf 84' lang='lat' dir='ltr'><strong>successum</strong></span> <span class='ocrx_word' id='word_1_502' title='bbox 572 4062 901 4124; x_wconf 88' lang='lat' dir='ltr'><strong>tantum,ut</strong></span> <span class='ocrx_word' id='word_1_503' title='bbox 933 4058 1162 4112; x_wconf 89' lang='lat' dir='ltr'><strong>duabus</strong></span> <span class='ocrx_word' id='word_1_504' title='bbox 1198 4056 1457 4110; x_wconf 85' lang='lat' dir='ltr'><strong>tribusve</strong></span> <span class='ocrx_word' id='word_1_505' title='bbox 1487 4060 1844 4110; x_wconf 87' lang='lat' dir='ltr'><strong>tantummo-</strong></span> 
     </span>
    </p>
   </div>
   <div class='ocr_carea' id='block_1_70' title="bbox 208 4144 1843 4220">
    <p class='ocr_par' dir='ltr' id='par_1_70' title="bbox 208 4144 1843 4220">
     <span class='ocr_line' id='line_1_70' title="bbox 208 4144 1843 4220; baseline -0.001 -21"><span class='ocrx_word' id='word_1_506' title='bbox 208 4144 271 4200; x_wconf 87' lang='lat' dir='ltr'><strong>do</strong></span> <span class='ocrx_word' id='word_1_507' title='bbox 297 4149 514 4220; x_wconf 88' lang='lat' dir='ltr'><strong>elapsis</strong></span> <span class='ocrx_word' id='word_1_508' title='bbox 550 4148 793 4219; x_wconf 74' lang='lat' dir='ltr'><strong>reliquae</strong></span> <span class='ocrx_word' id='word_1_509' title='bbox 848 4162 1053 4202; x_wconf 89' lang='lat' dir='ltr'><strong>omnes</strong></span> <span class='ocrx_word' id='word_1_510' title='bbox 1101 4150 1446 4217; x_wconf 74' lang='lat' dir='ltr'><strong>expugnata:</strong></span> <span class='ocrx_word' id='word_1_511' title='bbox 1498 4144 1843 4199; x_wconf 86' lang='lat' dir='ltr'><strong>Latinorum</strong></span> 
     </span>
    </p>
   </div>
   <div class='ocr_carea' id='block_1_71' title="bbox 208 4235 1847 4308">
    <p class='ocr_par' dir='ltr' id='par_1_71' title="bbox 208 4235 1847 4308">
     <span class='ocr_line' id='line_1_71' title="bbox 208 4235 1847 4308; baseline -0.001 -19"><span class='ocrx_word' id='word_1_512' title='bbox 208 4251 369 4293; x_wconf 83' lang='lat' dir='ltr'><strong>naves</strong></span> <span class='ocrx_word' id='word_1_513' title='bbox 402 4256 436 4294; x_wconf 90' lang='lat' dir='ltr'><strong>a</strong></span> <span class='ocrx_word' id='word_1_514' title='bbox 468 4237 758 4293; x_wconf 85' lang='lat' dir='ltr'><strong>Romanis</strong></span> <span class='ocrx_word' id='word_1_515' title='bbox 791 4240 1162 4308; x_wconf 84' lang='lat' dir='ltr'><strong>caperentur,</strong></span> <span class='ocrx_word' id='word_1_516' title='bbox 1205 4235 1503 4306; x_wconf 89' lang='lat' dir='ltr'><strong>plerisque</strong></span> <span class='ocrx_word' id='word_1_517' title='bbox 1551 4240 1847 4289; x_wconf 88' lang='lat' dir='ltr'><strong>vectorum</strong></span> 
     </span>
    </p>
   </div>
   <div class='ocr_carea' id='block_1_72' title="bbox 207 4323 1847 4400">
    <p class='ocr_par' dir='ltr' id='par_1_72' title="bbox 207 4323 1847 4400">
     <span class='ocr_line' id='line_1_72' title="bbox 207 4323 1847 4400; baseline -0.001 -21"><span class='ocrx_word' id='word_1_518' title='bbox 207 4324 372 4398; x_wconf 81' lang='lat' dir='ltr'><strong>lapsis</strong></span> <span class='ocrx_word' id='word_1_519' title='bbox 400 4334 507 4384; x_wconf 85' lang='lat' dir='ltr'><strong>aut</strong></span> <span class='ocrx_word' id='word_1_520' title='bbox 539 4327 896 4400; x_wconf 86' lang='lat' dir='ltr'><strong>projectisin</strong></span> <span class='ocrx_word' id='word_1_521' title='bbox 944 4343 1126 4391; x_wconf 88' lang='lat' dir='ltr'><strong>mare,</strong></span> <span class='ocrx_word' id='word_1_522' title='bbox 1185 4325 1282 4379; x_wconf 91' lang='lat' dir='ltr'><strong>ubi</strong></span> <span class='ocrx_word' id='word_1_523' title='bbox 1346 4324 1628 4396; x_wconf 87' lang='lat' dir='ltr'><strong>gaudium</strong></span> <span class='ocrx_word' id='word_1_524' title='bbox 1676 4323 1847 4395; x_wconf 89' lang='lat' dir='ltr'><strong>epulo</strong></span> 
     </span>
    </p>
   </div>
   <div class='ocr_carea' id='block_1_73' title="bbox 1954 3161 3595 3235">
    <p class='ocr_par' dir='ltr' id='par_1_73' title="bbox 1954 3161 3595 3235">
     <span class='ocr_line' id='line_1_73' title="bbox 1954 3161 3595 3235; baseline -0.003 -15"><span class='ocrx_word' id='word_1_525' title='bbox 1954 3164 2167 3235; x_wconf 89' lang='lat' dir='ltr'><strong>abjecit</strong></span> <span class='ocrx_word' id='word_1_526' title='bbox 2198 3163 2503 3234; x_wconf 90' lang='lat' dir='ltr'><strong>indignum</strong></span> <span class='ocrx_word' id='word_1_527' title='bbox 2537 3162 2608 3217; x_wconf 88' lang='lat' dir='ltr'><strong>iis</strong></span> <span class='ocrx_word' id='word_1_528' title='bbox 2642 3178 2766 3217; x_wconf 86' lang='lat' dir='ltr'><strong>sese</strong></span> <span class='ocrx_word' id='word_1_529' title='bbox 2816 3165 3117 3233; x_wconf 86' lang='lat' dir='ltr'><strong>reputans,</strong></span> <span class='ocrx_word' id='word_1_530' title='bbox 3164 3161 3262 3232; x_wconf 90' lang='lat' dir='ltr'><strong>qui</strong></span> <span class='ocrx_word' id='word_1_531' title='bbox 3318 3161 3490 3216; x_wconf 91' lang='lat' dir='ltr'><strong>modo</strong></span> <span class='ocrx_word' id='word_1_532' title='bbox 3535 3161 3595 3215; x_wconf 91' lang='lat' dir='ltr'><strong>in</strong></span> 
     </span>
    </p>
   </div>
   <div class='ocr_carea' id='block_1_74' title="bbox 1950 3249 3600 3324">
    <p class='ocr_par' dir='ltr' id='par_1_74' title="bbox 1950 3249 3600 3324">
     <span class='ocr_line' id='line_1_74' title="bbox 1950 3249 3600 3324; baseline -0.002 -15"><span class='ocrx_word' id='word_1_533' title='bbox 1950 3259 2069 3310; x_wconf 88' lang='lat' dir='ltr'><strong>tam</strong></span> <span class='ocrx_word' id='word_1_534' title='bbox 2107 3253 2436 3324; x_wconf 88' lang='lat' dir='ltr'><strong>propinquo</strong></span> <span class='ocrx_word' id='word_1_535' title='bbox 2470 3251 2772 3307; x_wconf 88' lang='lat' dir='ltr'><strong>servitutis</strong></span> <span class='ocrx_word' id='word_1_536' title='bbox 2822 3249 3081 3323; x_wconf 90' lang='lat' dir='ltr'><strong>periculo</strong></span> <span class='ocrx_word' id='word_1_537' title='bbox 3114 3250 3342 3320; x_wconf 88' lang='lat' dir='ltr'><strong>fuisset,</strong></span> <span class='ocrx_word' id='word_1_538' title='bbox 3392 3267 3427 3306; x_wconf 89' lang='lat' dir='ltr'><strong>a</strong></span> <span class='ocrx_word' id='word_1_539' title='bbox 3483 3265 3600 3320; x_wconf 88' lang='lat' dir='ltr'><strong>qua</strong></span> 
     </span>
    </p>
   </div>
   <div class='ocr_carea' id='block_1_75' title="bbox 1954 3338 3601 3412">
    <p class='ocr_par' dir='ltr' id='par_1_75' title="bbox 1954 3338 3601 3412">
     <span class='ocr_line' id='line_1_75' title="bbox 1954 3338 3601 3412; baseline -0.004 -13"><span class='ocrx_word' id='word_1_540' title='bbox 1954 3361 2066 3399; x_wconf 91' lang='lat' dir='ltr'><strong>non</strong></span> <span class='ocrx_word' id='word_1_541' title='bbox 2102 3360 2221 3398; x_wconf 71' lang='lat' dir='ltr'><strong>sum</strong></span> <span class='ocrx_word' id='word_1_542' title='bbox 2254 3341 2420 3397; x_wconf 90' lang='lat' dir='ltr'><strong>illum</strong></span> <span class='ocrx_word' id='word_1_543' title='bbox 2453 3357 2593 3412; x_wconf 87' lang='lat' dir='ltr'><strong>opes</strong></span> <span class='ocrx_word' id='word_1_544' title='bbox 2624 3345 2726 3395; x_wconf 90' lang='lat' dir='ltr'><strong>aut</strong></span> <span class='ocrx_word' id='word_1_545' title='bbox 2774 3339 3090 3408; x_wconf 91' lang='lat' dir='ltr'><strong>virtus,sed</strong></span> <span class='ocrx_word' id='word_1_546' title='bbox 3139 3355 3312 3394; x_wconf 85' lang='lat' dir='ltr'><strong>casus</strong></span> <span class='ocrx_word' id='word_1_547' title='bbox 3357 3342 3415 3394; x_wconf 90' lang='lat' dir='ltr'><strong>et</strong></span> <span class='ocrx_word' id='word_1_548' title='bbox 3462 3338 3601 3409; x_wconf 88' lang='lat' dir='ltr'><strong>fuga</strong></span> 
     </span>
    </p>
   </div>
   <div class='ocr_carea' id='block_1_76' title="bbox 1952 3429 3602 3501">
    <p class='ocr_par' dir='ltr' id='par_1_76' title="bbox 1952 3429 3602 3501">
     <span class='ocr_line' id='line_1_76' title="bbox 1952 3429 3602 3501; baseline -0.004 -12"><span class='ocrx_word' id='word_1_549' title='bbox 1952 3435 2322 3489; x_wconf 87' lang='lat' dir='ltr'><strong>liberassent.</strong></span> <span class='ocrx_word' id='word_1_550' title='bbox 2353 3432 2562 3498; x_wconf 89' lang='lat' dir='ltr'><strong>Quare,</strong></span> <span class='ocrx_word' id='word_1_551' title='bbox 2596 3430 2668 3485; x_wconf 91' lang='lat' dir='ltr'><strong>iis</strong></span> <span class='ocrx_word' id='word_1_552' title='bbox 2702 3446 2827 3501; x_wconf 61' lang='lat' dir='ltr'><strong>quae</strong></span> <span class='ocrx_word' id='word_1_553' title='bbox 2862 3445 3148 3501; x_wconf 89' lang='lat' dir='ltr'><strong>usurpare</strong></span> <span class='ocrx_word' id='word_1_554' title='bbox 3176 3429 3339 3499; x_wconf 80' lang='lat' dir='ltr'><strong>prius</strong></span> <span class='ocrx_word' id='word_1_555' title='bbox 3362 3433 3488 3483; x_wconf 87' lang='lat' dir='ltr'><strong>erat</strong></span> <span class='ocrx_word' id='word_1_556' title='bbox 3518 3444 3602 3483; x_wconf 75' lang='lat' dir='ltr'><strong>so~</strong></span> 
     </span>
    </p>
   </div>
   <div class='ocr_carea' id='block_1_77' title="bbox 1948 3516 3604 3593">
    <p class='ocr_par' dir='ltr' id='par_1_77' title="bbox 1948 3516 3604 3593">
     <span class='ocr_line' id='line_1_77' title="bbox 1948 3516 3604 3593; baseline -0.005 -15"><span class='ocrx_word' id='word_1_557' title='bbox 1948 3523 2090 3579; x_wconf 91' lang='lat' dir='ltr'><strong>litus</strong></span> <span class='ocrx_word' id='word_1_558' title='bbox 2117 3523 2174 3577; x_wconf 92' lang='lat' dir='ltr'><strong>in</strong></span> <span class='ocrx_word' id='word_1_559' title='bbox 2210 3520 2421 3593; x_wconf 88' lang='lat' dir='ltr'><strong>capitis</strong></span> <span class='ocrx_word' id='word_1_560' title='bbox 2443 3520 2716 3593; x_wconf 89' lang='lat' dir='ltr'><strong>tegmine,</strong></span> <span class='ocrx_word' id='word_1_561' title='bbox 2752 3520 2810 3574; x_wconf 93' lang='lat' dir='ltr'><strong>in</strong></span> <span class='ocrx_word' id='word_1_562' title='bbox 2844 3517 3074 3586; x_wconf 86' lang='lat' dir='ltr'><strong>calceis,</strong></span> <span class='ocrx_word' id='word_1_563' title='bbox 3126 3517 3186 3573; x_wconf 89' lang='lat' dir='ltr'><strong>in</strong></span> <span class='ocrx_word' id='word_1_564' title='bbox 3238 3516 3496 3589; x_wconf 89' lang='lat' dir='ltr'><strong>phaleris</strong></span> <span class='ocrx_word' id='word_1_565' title='bbox 3547 3520 3604 3571; x_wconf 88' lang='lat' dir='ltr'><strong>et</strong></span> 
     </span>
    </p>
   </div>
   <div class='ocr_carea' id='block_1_78' title="bbox 1950 3606 3603 3684">
    <p class='ocr_par' dir='ltr' id='par_1_78' title="bbox 1950 3606 3603 3684">
     <span class='ocr_line' id='line_1_78' title="bbox 1950 3606 3603 3684; baseline -0.005 -17"><span class='ocrx_word' id='word_1_566' title='bbox 1950 3613 2130 3668; x_wconf 87' lang='lat' dir='ltr'><strong>frenis</strong></span> <span class='ocrx_word' id='word_1_567' title='bbox 2164 3610 2561 3684; x_wconf 85' lang='lat' dir='ltr'><strong>equestribus,</strong></span> <span class='ocrx_word' id='word_1_568' title='bbox 2596 3610 2653 3664; x_wconf 91' lang='lat' dir='ltr'><strong>in</strong></span> <span class='ocrx_word' id='word_1_569' title='bbox 2691 3609 2868 3664; x_wconf 89' lang='lat' dir='ltr'><strong>rubra</strong></span> <span class='ocrx_word' id='word_1_570' title='bbox 2899 3606 3355 3678; x_wconf 88' lang='lat' dir='ltr'><strong>subscriptione,</strong></span> <span class='ocrx_word' id='word_1_571' title='bbox 3373 3607 3603 3677; x_wconf 79' lang='lat' dir='ltr'><strong>symbo-</strong></span> 
     </span>
    </p>
   </div>
   <div class='ocr_carea' id='block_1_79' title="bbox 1947 3696 3600 3773">
    <p class='ocr_par' dir='ltr' id='par_1_79' title="bbox 1947 3696 3600 3773">
     <span class='ocr_line' id='line_1_79' title="bbox 1947 3696 3600 3773; baseline -0.005 -16"><span class='ocrx_word' id='word_1_572' title='bbox 1947 3702 2002 3757; x_wconf 85' lang='lat' dir='ltr'><strong>la</strong></span> <span class='ocrx_word' id='word_1_573' title='bbox 2034 3702 2347 3773; x_wconf 73' lang='lat' dir='ltr'><strong>despoticaa</strong></span> <span class='ocrx_word' id='word_1_574' title='bbox 2410 3698 2736 3770; x_wconf 85' lang='lat' dir='ltr'><strong>potestatis,</strong></span> <span class='ocrx_word' id='word_1_575' title='bbox 2796 3698 3074 3767; x_wconf 86' lang='lat' dir='ltr'><strong>deinceps</strong></span> <span class='ocrx_word' id='word_1_576' title='bbox 3132 3696 3456 3765; x_wconf 87' lang='lat' dir='ltr'><strong>abstinens,</strong></span> <span class='ocrx_word' id='word_1_577' title='bbox 3517 3698 3600 3750; x_wconf 90' lang='lat' dir='ltr'><strong>sic</strong></span> 
     </span>
    </p>
   </div>
   <div class='ocr_carea' id='block_1_80' title="bbox 1950 3784 3599 3863">
    <p class='ocr_par' dir='ltr' id='par_1_80' title="bbox 1950 3784 3599 3863">
     <span class='ocr_line' id='line_1_80' title="bbox 1950 3784 3599 3863; baseline -0.005 -18"><span class='ocrx_word' id='word_1_578' title='bbox 1950 3790 2288 3863; x_wconf 86' lang='lat' dir='ltr'><strong>imperatori</strong></span> <span class='ocrx_word' id='word_1_579' title='bbox 2328 3805 2389 3843; x_wconf 87' lang='lat' dir='ltr'><strong>se</strong></span> <span class='ocrx_word' id='word_1_580' title='bbox 2420 3789 2599 3855; x_wconf 88' lang='lat' dir='ltr'><strong>sistit,</strong></span> <span class='ocrx_word' id='word_1_581' title='bbox 2632 3787 2785 3842; x_wconf 89' lang='lat' dir='ltr'><strong>haud</strong></span> <span class='ocrx_word' id='word_1_582' title='bbox 2823 3786 2942 3841; x_wconf 89' lang='lat' dir='ltr'><strong>scio</strong></span> <span class='ocrx_word' id='word_1_583' title='bbox 2965 3803 3036 3839; x_wconf 90' lang='lat' dir='ltr'><strong>an</strong></span> <span class='ocrx_word' id='word_1_584' title='bbox 3083 3784 3271 3855; x_wconf 89' lang='lat' dir='ltr'><strong>magis</strong></span> <span class='ocrx_word' id='word_1_585' title='bbox 3328 3785 3599 3838; x_wconf 89' lang='lat' dir='ltr'><strong>testando</strong></span> 
     </span>
    </p>
   </div>
   <div class='ocr_carea' id='block_1_81' title="bbox 1950 3871 3598 3952">
    <p class='ocr_par' dir='ltr' id='par_1_81' title="bbox 1950 3871 3598 3952">
     <span class='ocr_line' id='line_1_81' title="bbox 1950 3871 3598 3952; baseline -0.005 -18"><span class='ocrx_word' id='word_1_586' title='bbox 1950 3880 2184 3952; x_wconf 88' lang='lat' dir='ltr'><strong>proprio</strong></span> <span class='ocrx_word' id='word_1_587' title='bbox 2210 3877 2521 3939; x_wconf 87' lang='lat' dir='ltr'><strong>dolori.an</strong></span> <span class='ocrx_word' id='word_1_588' title='bbox 2575 3876 2672 3929; x_wconf 73' lang='lat' dir='ltr'><strong>iraa</strong></span> <span class='ocrx_word' id='word_1_589' title='bbox 2727 3875 2890 3929; x_wconf 89' lang='lat' dir='ltr'><strong>illius</strong></span> <span class='ocrx_word' id='word_1_590' title='bbox 2946 3872 3314 3928; x_wconf 75' lang='lat' dir='ltr'><strong>deliniendae.</strong></span> <span class='ocrx_word' id='word_1_591' title='bbox 3366 3873 3435 3925; x_wconf 89' lang='lat' dir='ltr'><strong>Et</strong></span> <span class='ocrx_word' id='word_1_592' title='bbox 3490 3871 3598 3925; x_wconf 91' lang='lat' dir='ltr'><strong>hoc</strong></span> 
     </span>
    </p>
   </div>
   <div class='ocr_carea' id='block_1_82' title="bbox 1951 3960 3595 4040">
    <p class='ocr_par' dir='ltr' id='par_1_82' title="bbox 1951 3960 3595 4040">
     <span class='ocr_line' id='line_1_82' title="bbox 1951 3960 3595 4040; baseline -0.006 -18"><span class='ocrx_word' id='word_1_593' title='bbox 1951 3968 2188 4040; x_wconf 88' lang='lat' dir='ltr'><strong>quidem</strong></span> <span class='ocrx_word' id='word_1_594' title='bbox 2224 3966 2335 4038; x_wconf 89' lang='lat' dir='ltr'><strong>ipsi</strong></span> <span class='ocrx_word' id='word_1_595' title='bbox 2382 3982 2450 4019; x_wconf 84' lang='lat' dir='ltr'><strong>ex</strong></span> <span class='ocrx_word' id='word_1_596' title='bbox 2481 3969 2611 4019; x_wconf 85' lang='lat' dir='ltr'><strong>voto</strong></span> <span class='ocrx_word' id='word_1_597' title='bbox 2659 3962 2926 4033; x_wconf 87' lang='lat' dir='ltr'><strong>contigit.</strong></span> <span class='ocrx_word' id='word_1_598' title='bbox 2989 3961 3209 4015; x_wconf 87' lang='lat' dir='ltr'><strong>Videns</strong></span> <span class='ocrx_word' id='word_1_599' title='bbox 3258 3960 3412 4014; x_wconf 92' lang='lat' dir='ltr'><strong>enim</strong></span> <span class='ocrx_word' id='word_1_600' title='bbox 3461 3975 3595 4013; x_wconf 91' lang='lat' dir='ltr'><strong>eum</strong></span> 
     </span>
    </p>
   </div>
   <div class='ocr_carea' id='block_1_83' title="bbox 1950 4047 3602 4126">
    <p class='ocr_par' dir='ltr' id='par_1_83' title="bbox 1950 4047 3602 4126">
     <span class='ocr_line' id='line_1_83' title="bbox 1950 4047 3602 4126; baseline -0.007 -14"><span class='ocrx_word' id='word_1_601' title='bbox 1950 4060 2252 4126; x_wconf 85' lang='lat' dir='ltr'><strong>Augustus</strong></span> <span class='ocrx_word' id='word_1_602' title='bbox 2286 4055 2342 4108; x_wconf 92' lang='lat' dir='ltr'><strong>in</strong></span> <span class='ocrx_word' id='word_1_603' title='bbox 2377 4053 2675 4108; x_wconf 83' lang='lat' dir='ltr'><strong>communi</strong></span> <span class='ocrx_word' id='word_1_604' title='bbox 2706 4052 2945 4117; x_wconf 88' lang='lat' dir='ltr'><strong>vestitu,</strong></span> <span class='ocrx_word' id='word_1_605' title='bbox 2995 4049 3336 4121; x_wconf 89' lang='lat' dir='ltr'><strong>privatoque</strong></span> <span class='ocrx_word' id='word_1_606' title='bbox 3368 4065 3435 4103; x_wconf 88' lang='lat' dir='ltr'><strong>ex</strong></span> <span class='ocrx_word' id='word_1_607' title='bbox 3466 4047 3602 4102; x_wconf 88' lang='lat' dir='ltr'><strong>lana</strong></span> 
     </span>
    </p>
   </div>
   <div class='ocr_carea' id='block_1_84' title="bbox 1955 4138 3601 4217">
    <p class='ocr_par' dir='ltr' id='par_1_84' title="bbox 1955 4138 3601 4217">
     <span class='ocr_line' id='line_1_84' title="bbox 1955 4138 3601 4217; baseline -0.005 -18"><span class='ocrx_word' id='word_1_608' title='bbox 1955 4144 2127 4217; x_wconf 86' lang='lat' dir='ltr'><strong>pileo,</strong></span> <span class='ocrx_word' id='word_1_609' title='bbox 2154 4143 2407 4198; x_wconf 88' lang='lat' dir='ltr'><strong>multum</strong></span> <span class='ocrx_word' id='word_1_610' title='bbox 2442 4143 2513 4197; x_wconf 90' lang='lat' dir='ltr'><strong>de</strong></span> <span class='ocrx_word' id='word_1_611' title='bbox 2546 4141 2971 4211; x_wconf 86' lang='lat' dir='ltr'><strong>indignatione,</strong></span> <span class='ocrx_word' id='word_1_612' title='bbox 2999 4154 3177 4210; x_wconf 87' lang='lat' dir='ltr'><strong>quam</strong></span> <span class='ocrx_word' id='word_1_613' title='bbox 3210 4138 3411 4192; x_wconf 86' lang='lat' dir='ltr'><strong>audita</strong></span> <span class='ocrx_word' id='word_1_614' title='bbox 3442 4153 3601 4192; x_wconf 87' lang='lat' dir='ltr'><strong>exer-</strong></span> 
     </span>
    </p>
   </div>
   <div class='ocr_carea' id='block_1_85' title="bbox 1957 4229 3603 4303">
    <p class='ocr_par' dir='ltr' id='par_1_85' title="bbox 1957 4229 3603 4303">
     <span class='ocr_line' id='line_1_85' title="bbox 1957 4229 3603 4303; baseline -0.005 -13"><span class='ocrx_word' id='word_1_615' title='bbox 1957 4236 2109 4290; x_wconf 90' lang='lat' dir='ltr'><strong>citus</strong></span> <span class='ocrx_word' id='word_1_616' title='bbox 2140 4234 2334 4289; x_wconf 87' lang='lat' dir='ltr'><strong>clades</strong></span> <span class='ocrx_word' id='word_1_617' title='bbox 2368 4234 2425 4288; x_wconf 92' lang='lat' dir='ltr'><strong>in</strong></span> <span class='ocrx_word' id='word_1_618' title='bbox 2458 4235 2585 4303; x_wconf 86' lang='lat' dir='ltr'><strong>ejus</strong></span> <span class='ocrx_word' id='word_1_619' title='bbox 2618 4234 2771 4288; x_wconf 75' lang='lat'><strong>336</strong></span> <span class='ocrx_word' id='word_1_620' title='bbox 2807 4231 3006 4286; x_wconf 84' lang='lat' dir='ltr'><strong>animo</strong></span> <span class='ocrx_word' id='word_1_621' title='bbox 3067 4229 3418 4285; x_wconf 82' lang='lat' dir='ltr'><strong>excitaverat</strong></span> <span class='ocrx_word' id='word_1_622' title='bbox 3475 4244 3603 4283; x_wconf 87' lang='lat' dir='ltr'><strong>ma-</strong></span> 
     </span>
    </p>
   </div>
   <div class='ocr_carea' id='block_1_86' title="bbox 1957 4315 3605 4393">
    <p class='ocr_par' dir='ltr' id='par_1_86' title="bbox 1957 4315 3605 4393">
     <span class='ocr_line' id='line_1_86' title="bbox 1957 4315 3605 4393; baseline -0.006 -13"><span class='ocrx_word' id='word_1_623' title='bbox 1957 4324 2203 4393; x_wconf 84' lang='lat' dir='ltr'><strong>ximam,</strong></span> <span class='ocrx_word' id='word_1_624' title='bbox 2232 4322 2892 4392; x_wconf 90' lang='lat' dir='ltr'><strong>remisit;commovente</strong></span> <span class='ocrx_word' id='word_1_625' title='bbox 2922 4319 3177 4376; x_wconf 85' lang='lat' dir='ltr'><strong>vicissim</strong></span> <span class='ocrx_word' id='word_1_626' title='bbox 3229 4319 3343 4374; x_wconf 89' lang='lat' dir='ltr'><strong>ista</strong></span> <span class='ocrx_word' id='word_1_627' title='bbox 3393 4315 3605 4372; x_wconf 89' lang='lat' dir='ltr'><strong>humili</strong></span> 
     </span>
    </p>
   </div>
   <div class='ocr_carea' id='block_1_87' title="bbox 207 4405 3607 4491">
    <p class='ocr_par' dir='ltr' id='par_1_87' title="bbox 207 4405 3607 4491">
     <span class='ocr_line' id='line_1_87' title="bbox 207 4405 3607 4491; baseline -0.004 -19"><span class='ocrx_word' id='word_1_628' title='bbox 207 4418 519 4491; x_wconf 80' lang='lat' dir='ltr'><strong>eaginaque</strong></span> <span class='ocrx_word' id='word_1_629' title='bbox 544 4418 639 4473; x_wconf 89' lang='lat' dir='ltr'><strong>sui</strong></span> <span class='ocrx_word' id='word_1_630' title='bbox 672 4417 999 4471; x_wconf 85' lang='lat' dir='ltr'><strong>maximum</strong></span> <span class='ocrx_word' id='word_1_631' title='bbox 1024 4415 1289 4487; x_wconf 90' lang='lat' dir='ltr'><strong>piscibus</strong></span> <span class='ocrx_word' id='word_1_632' title='bbox 1330 4414 1639 4485; x_wconf 90' lang='lat' dir='ltr'><strong>dederunt,</strong></span> <span class='ocrx_word' id='word_1_633' title='bbox 1665 4429 1856 4484; x_wconf 89' lang='lat' dir='ltr'><strong>quan-</strong></span> <span class='ocrx_word' id='word_1_634' title='bbox 1884 4415 1935 4479; x_wconf 77' lang='grc' dir='ltr'>Β</span> <span class='ocrx_word' id='word_1_635' title='bbox 1966 4414 2161 4485; x_wconf 88' lang='lat' dir='ltr'><strong>specie</strong></span> <span class='ocrx_word' id='word_1_636' title='bbox 2189 4412 2647 4468; x_wconf 88' lang='lat' dir='ltr'><strong>misericordiam</strong></span> <span class='ocrx_word' id='word_1_637' title='bbox 2680 4411 2739 4466; x_wconf 92' lang='lat' dir='ltr'><strong>in</strong></span> <span class='ocrx_word' id='word_1_638' title='bbox 2785 4410 2984 4478; x_wconf 88' lang='lat' dir='ltr'><strong>fratre,</strong></span> <span class='ocrx_word' id='word_1_639' title='bbox 3028 4408 3136 4463; x_wconf 91' lang='lat' dir='ltr'><strong>viri</strong></span> <span class='ocrx_word' id='word_1_640' title='bbox 3188 4406 3362 4473; x_wconf 76' lang='lat' dir='ltr'><strong>tanti,</strong></span> <span class='ocrx_word' id='word_1_641' title='bbox 3411 4405 3607 4461; x_wconf 86' lang='lat' dir='ltr'><strong>subita</strong></span> 
     </span>
    </p>
   </div>
   <div class='ocr_carea' id='block_1_88' title="bbox 210 4502 1856 4574">
    <p class='ocr_par' dir='ltr' id='par_1_88' title="bbox 210 4502 1856 4574">
     <span class='ocr_line' id='line_1_88' title="bbox 210 4502 1856 4574; baseline -0.001 -15"><span class='ocrx_word' id='word_1_642' title='bbox 210 4510 323 4561; x_wconf 84' lang='lat' dir='ltr'><strong>tum</strong></span> <span class='ocrx_word' id='word_1_643' title='bbox 354 4509 585 4564; x_wconf 86' lang='lat' dir='ltr'><strong>scilicet</strong></span> <span class='ocrx_word' id='word_1_644' title='bbox 626 4506 910 4562; x_wconf 88' lang='lat' dir='ltr'><strong>allaturos</strong></span> <span class='ocrx_word' id='word_1_645' title='bbox 960 4521 1089 4561; x_wconf 91' lang='lat' dir='ltr'><strong>sese</strong></span> <span class='ocrx_word' id='word_1_646' title='bbox 1138 4503 1490 4574; x_wconf 86' lang='lat' dir='ltr'><strong>conjugibus</strong></span> <span class='ocrx_word' id='word_1_647' title='bbox 1549 4507 1606 4559; x_wconf 91' lang='lat' dir='ltr'><strong>et</strong></span> <span class='ocrx_word' id='word_1_648' title='bbox 1654 4502 1856 4558; x_wconf 90' lang='lat' dir='ltr'><strong>liberis</strong></span> 
     </span>
    </p>
   </div>
   <div class='ocr_carea' id='block_1_89' title="bbox 209 4592 1857 4670">
    <p class='ocr_par' dir='ltr' id='par_1_89' title="bbox 209 4592 1857 4670">
     <span class='ocr_line' id='line_1_89' title="bbox 209 4592 1857 4670; baseline -0.002 -21"><span class='ocrx_word' id='word_1_649' title='bbox 209 4594 547 4670; x_wconf 83' lang='lat' dir='ltr'><strong>triumphali</strong></span> <span class='ocrx_word' id='word_1_650' title='bbox 581 4598 828 4652; x_wconf 90' lang='lat' dir='ltr'><strong>domum</strong></span> <span class='ocrx_word' id='word_1_651' title='bbox 861 4595 1052 4651; x_wconf 88' lang='lat' dir='ltr'><strong>reditu</strong></span> <span class='ocrx_word' id='word_1_652' title='bbox 1084 4596 1483 4666; x_wconf 87' lang='lat' dir='ltr'><strong>speraverant.</strong></span> <span class='ocrx_word' id='word_1_653' title='bbox 1517 4592 1629 4647; x_wconf 90' lang='lat' dir='ltr'><strong>Alii</strong></span> <span class='ocrx_word' id='word_1_654' title='bbox 1664 4592 1857 4647; x_wconf 89' lang='lat' dir='ltr'><strong>Latini</strong></span> 
     </span>
    </p>
   </div>
   <div class='ocr_carea' id='block_1_90' title="bbox 1968 4497 3303 4571">
    <p class='ocr_par' dir='ltr' id='par_1_90' title="bbox 1968 4497 3303 4571">
     <span class='ocr_line' id='line_1_90' title="bbox 1968 4497 3303 4571; baseline -0.006 -13"><span class='ocrx_word' id='word_1_655' title='bbox 1968 4503 2345 4558; x_wconf 87' lang='lat' dir='ltr'><strong>conversione</strong></span> <span class='ocrx_word' id='word_1_656' title='bbox 2377 4502 2552 4557; x_wconf 89' lang='lat' dir='ltr'><strong>sortis</strong></span> <span class='ocrx_word' id='word_1_657' title='bbox 2583 4507 2639 4557; x_wconf 88' lang='lat' dir='ltr'><strong>et</strong></span> <span class='ocrx_word' id='word_1_658' title='bbox 2667 4504 2831 4555; x_wconf 89' lang='lat' dir='ltr'><strong>tanta</strong></span> <span class='ocrx_word' id='word_1_659' title='bbox 2857 4498 3042 4571; x_wconf 85' lang='lat' dir='ltr'><strong>gloria</strong></span> <span class='ocrx_word' id='word_1_660' title='bbox 3071 4497 3303 4568; x_wconf 90' lang='lat' dir='ltr'><strong>dejecti.</strong></span> 
     </span>
    </p>
   </div>
   <div class='ocr_carea' id='block_1_91' title="bbox 1830 4742 1967 4835">
    <p class='ocr_par' dir='ltr' id='par_1_91' title="bbox 1830 4742 1967 4835">
     <span class='ocr_line' id='line_1_91' title="bbox 1830 4742 1967 4835; baseline 0 0"><span class='ocrx_word' id='word_1_661' title='bbox 1830 4742 1967 4835; x_wconf 86' lang='lat' dir='ltr'><strong>E’.</strong></span> 
     </span>
    </p>
   </div>
   <div class='ocr_carea' id='block_1_92' title="bbox 210 4883 1862 4963">
    <p class='ocr_par' dir='ltr' id='par_1_92' title="bbox 210 4883 1862 4963">
     <span class='ocr_line' id='line_1_92' title="bbox 210 4883 1862 4963; baseline -0.005 -16"><span class='ocrx_word' id='word_1_662' title='bbox 210 4896 265 4950; x_wconf 89' lang='grc' dir='ltr'><strong>α’.</strong></span> <span class='ocrx_word' id='word_1_663' title='bbox 319 4898 513 4956; x_wconf 85' lang='grc' dir='ltr'>Ὅπως</span> <span class='ocrx_word' id='word_1_664' title='bbox 601 4890 799 4963; x_wconf 80' lang='grc' dir='ltr'>μεταξὺ</span> <span class='ocrx_word' id='word_1_665' title='bbox 874 4887 1222 4963; x_wconf 32' lang='grc' dir='ltr'>λύπηςμκαὶ</span> <span class='ocrx_word' id='word_1_666' title='bbox 1267 4883 1502 4963; x_wconf 39' lang='grc' dir='ltr'><strong>⁸ἡδονῆς.</strong></span> <span class='ocrx_word' id='word_1_667' title='bbox 1563 4884 1779 4961; x_wconf 74' lang='grc' dir='ltr'>ἐγένετο</span> <span class='ocrx_word' id='word_1_668' title='bbox 1834 4886 1862 4940; x_wconf 87' lang='grc' dir='ltr'>ὁ</span> 
     </span>
    </p>
   </div>
   <div class='ocr_carea' id='block_1_93' title="bbox 453 4954 1613 5042">
    <p class='ocr_par' dir='ltr' id='par_1_93' title="bbox 453 4954 1613 5042">
     <span class='ocr_line' id='line_1_93' title="bbox 453 4954 1613 5042; baseline -0.007 -21"><span class='ocrx_word' id='word_1_669' title='bbox 453 4954 671 5042; x_wconf 60' lang='grc' dir='ltr'>κρατῶν</span> <span class='ocrx_word' id='word_1_670' title='bbox 707 4954 796 5018; x_wconf 70' lang='grc' dir='ltr'>διὰ</span> <span class='ocrx_word' id='word_1_671' title='bbox 833 4962 903 5017; x_wconf 81' lang='grc' dir='ltr'>τὰ</span> <span class='ocrx_word' id='word_1_672' title='bbox 950 4954 1233 5034; x_wconf 74' lang='grc' dir='ltr'>συμϐάντα</span> <span class='ocrx_word' id='word_1_673' title='bbox 1263 4954 1315 5013; x_wconf 84' lang='grc' dir='ltr'>ἐν</span> <span class='ocrx_word' id='word_1_674' title='bbox 1344 4958 1412 5033; x_wconf 76' lang='grc' dir='ltr'>τῇ</span> <span class='ocrx_word' id='word_1_675' title='bbox 1445 4954 1613 5014; x_wconf 68' lang='grc' dir='ltr'>δύσειξ</span> 
     </span>
    </p>
   </div>
   <div class='ocr_carea' id='block_1_94' title="bbox 210 5064 1861 5149">
    <p class='ocr_par' dir='ltr' id='par_1_94' title="bbox 210 5064 1861 5149">
     <span class='ocr_line' id='line_1_94' title="bbox 210 5064 1861 5149; baseline -0.009 -16"><span class='ocrx_word' id='word_1_676' title='bbox 210 5076 282 5143; x_wconf 85' lang='grc' dir='ltr'><strong>[Ρ.</strong></span> <span class='ocrx_word' id='word_1_677' title='bbox 311 5077 443 5149; x_wconf 86' lang='grc'><strong>230]</strong></span> <span class='ocrx_word' id='word_1_678' title='bbox 480 5071 642 5131; x_wconf 70' lang='grc' dir='ltr'>Οὕτω</span> <span class='ocrx_word' id='word_1_679' title='bbox 704 5070 799 5145; x_wconf 73' lang='grc' dir='ltr'><strong>μὶν</strong></span> <span class='ocrx_word' id='word_1_680' title='bbox 859 5066 949 5124; x_wconf 72' lang='grc' dir='ltr'>οὖν</span> <span class='ocrx_word' id='word_1_681' title='bbox 1006 5072 1115 5122; x_wconf 82' lang='grc' dir='ltr'><strong>τῶν</strong></span> <span class='ocrx_word' id='word_1_682' title='bbox 1173 5068 1309 5122; x_wconf 79' lang='grc' dir='ltr'>κατὰ</span> <span class='ocrx_word' id='word_1_683' title='bbox 1360 5064 1507 5121; x_wconf 88' lang='grc' dir='ltr'>δύσιν</span> <span class='ocrx_word' id='word_1_684' title='bbox 1555 5064 1861 5139; x_wconf 80' lang='grc' dir='ltr'>ξυμπεσόν-</span> 
     </span>
    </p>
   </div>
   <div class='ocr_carea' id='block_1_95' title="bbox 1968 4869 3610 4953">
    <p class='ocr_par' dir='ltr' id='par_1_95' title="bbox 1968 4869 3610 4953">
     <span class='ocr_line' id='line_1_95' title="bbox 1968 4869 3610 4953; baseline -0.007 -15"><span class='ocrx_word' id='word_1_685' title='bbox 1968 4903 2101 4953; x_wconf 80' lang='grc' dir='ltr'>των,</span> <span class='ocrx_word' id='word_1_686' title='bbox 2158 4880 2248 4935; x_wconf 84' lang='grc' dir='ltr'><strong>καὶ</strong></span> <span class='ocrx_word' id='word_1_687' title='bbox 2303 4881 2398 4932; x_wconf 76' lang='grc' dir='ltr'>τοῦ</span> <span class='ocrx_word' id='word_1_688' title='bbox 2450 4874 2585 4930; x_wconf 85' lang='grc' dir='ltr'>κατὰ</span> <span class='ocrx_word' id='word_1_689' title='bbox 2640 4880 2740 4951; x_wconf 83' lang='grc' dir='ltr'>γῆν</span> <span class='ocrx_word' id='word_1_690' title='bbox 2796 4869 3117 4950; x_wconf 88' lang='grc' dir='ltr'>σφάλματος</span> <span class='ocrx_word' id='word_1_691' title='bbox 3146 4871 3610 4941; x_wconf 80' lang='grc' dir='ltr'>ἀντισηκωθὲντος</span> 
     </span>
    </p>
   </div>
   <div class='ocr_carea' id='block_1_96' title="bbox 1970 4958 3610 5043">
    <p class='ocr_par' dir='ltr' id='par_1_96' title="bbox 1970 4958 3610 5043">
     <span class='ocr_line' id='line_1_96' title="bbox 1970 4958 3610 5043; baseline -0.009 -15"><span class='ocrx_word' id='word_1_692' title='bbox 1970 4977 2048 5043; x_wconf 81' lang='grc' dir='ltr'>τῷ</span> <span class='ocrx_word' id='word_1_693' title='bbox 2105 4970 2242 5026; x_wconf 81' lang='grc' dir='ltr'>κατᾶ</span> <span class='ocrx_word' id='word_1_694' title='bbox 2298 4966 2565 5031; x_wconf 78' lang='grc' dir='ltr'>θάλασσαν</span> <span class='ocrx_word' id='word_1_695' title='bbox 2623 4962 2987 5037; x_wconf 80' lang='grc' dir='ltr'>εότυχήματι,</span> <span class='ocrx_word' id='word_1_696' title='bbox 3050 4960 3230 5030; x_wconf 85' lang='grc' dir='ltr'>λύπης</span> <span class='ocrx_word' id='word_1_697' title='bbox 3280 4961 3307 5015; x_wconf 87' lang='grc' dir='ltr'>ὁ</span> <span class='ocrx_word' id='word_1_698' title='bbox 3356 4958 3610 5036; x_wconf 81' lang='grc' dir='ltr'>βασιλεὺς</span> 
     </span>
    </p>
   </div>
   <div class='ocr_carea' id='block_1_97' title="bbox 1976 5046 3610 5134">
    <p class='ocr_par' dir='ltr' id='par_1_97' title="bbox 1976 5046 3610 5134">
     <span class='ocr_line' id='line_1_97' title="bbox 1976 5046 3610 5134; baseline -0.009 -19"><span class='ocrx_word' id='word_1_699' title='bbox 1976 5056 2171 5134; x_wconf 79' lang='grc' dir='ltr'>μεταξὺ</span> <span class='ocrx_word' id='word_1_700' title='bbox 2200 5057 2287 5111; x_wconf 88' lang='grc' dir='ltr'><strong>καὶ</strong></span> <span class='ocrx_word' id='word_1_701' title='bbox 2320 5053 2526 5124; x_wconf 75' lang='grc' dir='ltr'>ἡδονῆς</span> <span class='ocrx_word' id='word_1_702' title='bbox 2555 5053 2644 5121; x_wconf 80' lang='grc' dir='ltr'><strong>ἦν.</strong></span> <span class='ocrx_word' id='word_1_703' title='bbox 2686 5052 2875 5124; x_wconf 81' lang='grc' dir='ltr'><strong>Ὃμῶς</strong></span> <span class='ocrx_word' id='word_1_704' title='bbox 2919 5046 2976 5105; x_wconf 72' lang='grc' dir='ltr'>δὶ</span> <span class='ocrx_word' id='word_1_705' title='bbox 3021 5054 3137 5111; x_wconf 90' lang='grc' dir='ltr'>τοῖς</span> <span class='ocrx_word' id='word_1_706' title='bbox 3169 5047 3461 5125; x_wconf 89' lang='grc' dir='ltr'>λογισμοῖς</span> <span class='ocrx_word' id='word_1_707' title='bbox 3492 5048 3610 5103; x_wconf 79' lang='grc' dir='ltr'><strong>ἐπι-</strong></span> 
     </span>
    </p>
   </div>
   <div class='ocr_carea' id='block_1_98' title="bbox 1845 5198 1952 5292">
    <p class='ocr_par' dir='ltr' id='par_1_98' title="bbox 1845 5198 1952 5292">
     <span class='ocr_line' id='line_1_98' title="bbox 1845 5198 1952 5292; baseline -0.009 0"><span class='ocrx_word' id='word_1_708' title='bbox 1845 5198 1952 5292; x_wconf 86' lang='lat' dir='ltr'><strong>V.</strong></span> 
     </span>
    </p>
   </div>
   <div class='ocr_carea' id='block_1_99' title="bbox 216 5373 1864 5445">
    <p class='ocr_par' dir='ltr' id='par_1_99' title="bbox 216 5373 1864 5445">
     <span class='ocr_line' id='line_1_99' title="bbox 216 5373 1864 5445; baseline -0.008 -6"><span class='ocrx_word' id='word_1_709' title='bbox 216 5388 260 5439; x_wconf 83' lang='lat' dir='ltr'><strong>l.</strong></span> <span class='ocrx_word' id='word_1_710' title='bbox 295 5386 356 5443; x_wconf 79' lang='lat' dir='ltr'><strong>Ut</strong></span> <span class='ocrx_word' id='word_1_711' title='bbox 385 5384 605 5439; x_wconf 78' lang='lat' dir='ltr'><strong>medius</strong></span> <span class='ocrx_word' id='word_1_712' title='bbox 640 5380 796 5435; x_wconf 73' lang='lat' dir='ltr'><strong>inter</strong></span> <span class='ocrx_word' id='word_1_713' title='bbox 826 5391 1113 5433; x_wconf 70' lang='lat' dir='ltr'><strong>maerorem</strong></span> <span class='ocrx_word' id='word_1_714' title='bbox 1143 5382 1195 5430; x_wconf 78' lang='lat' dir='ltr'><strong>et</strong></span> <span class='ocrx_word' id='word_1_715' title='bbox 1236 5373 1502 5445; x_wconf 80' lang='lat' dir='ltr'><strong>gaudium</strong></span> <span class='ocrx_word' id='word_1_716' title='bbox 1557 5375 1864 5443; x_wconf 77' lang='lat' dir='ltr'><strong>imperator</strong></span> 
     </span>
    </p>
   </div>
   <div class='ocr_carea' id='block_1_100' title="bbox 380 5447 1680 5529">
    <p class='ocr_par' dir='ltr' id='par_1_100' title="bbox 380 5447 1680 5529">
     <span class='ocr_line' id='line_1_100' title="bbox 380 5447 1680 5529; baseline -0.009 -18"><span class='ocrx_word' id='word_1_717' title='bbox 380 5455 556 5529; x_wconf 75' lang='lat' dir='ltr'><strong>fuerit</strong></span> <span class='ocrx_word' id='word_1_718' title='bbox 581 5454 650 5510; x_wconf 87' lang='lat' dir='ltr'><strong>ob</strong></span> <span class='ocrx_word' id='word_1_719' title='bbox 682 5468 753 5508; x_wconf 76' lang='lat' dir='ltr'><strong>ea</strong></span> <span class='ocrx_word' id='word_1_720' title='bbox 795 5466 913 5521; x_wconf 74' lang='lat' dir='ltr'><strong>qua:</strong></span> <span class='ocrx_word' id='word_1_721' title='bbox 949 5450 1009 5503; x_wconf 81' lang='lat' dir='ltr'><strong>in</strong></span> <span class='ocrx_word' id='word_1_722' title='bbox 1041 5447 1330 5502; x_wconf 80' lang='lat' dir='ltr'><strong>Occidente</strong></span> <span class='ocrx_word' id='word_1_723' title='bbox 1365 5454 1680 5512; x_wconf 75' lang='lat' dir='ltr'><strong>evenerant,</strong></span> 
     </span>
    </p>
   </div>
   <div class='ocr_carea' id='block_1_101' title="bbox 282 5552 1862 5624">
    <p class='ocr_par' dir='ltr' id='par_1_101' title="bbox 282 5552 1862 5624">
     <span class='ocr_line' id='line_1_101' title="bbox 282 5552 1862 5624; baseline -0.009 -4"><span class='ocrx_word' id='word_1_724' title='bbox 282 5565 485 5620; x_wconf 78' lang='lat' dir='ltr'><strong>Rebus</strong></span> <span class='ocrx_word' id='word_1_725' title='bbox 517 5563 572 5619; x_wconf 91' lang='lat' dir='ltr'><strong>in</strong></span> <span class='ocrx_word' id='word_1_726' title='bbox 603 5561 763 5616; x_wconf 89' lang='lat' dir='ltr'><strong>hunc</strong></span> <span class='ocrx_word' id='word_1_727' title='bbox 790 5556 1033 5614; x_wconf 89' lang='lat' dir='ltr'><strong>modum</strong></span> <span class='ocrx_word' id='word_1_728' title='bbox 1088 5555 1148 5610; x_wconf 89' lang='lat' dir='ltr'><strong>in</strong></span> <span class='ocrx_word' id='word_1_729' title='bbox 1204 5554 1515 5609; x_wconf 89' lang='lat' dir='ltr'><strong>Occidente</strong></span> <span class='ocrx_word' id='word_1_730' title='bbox 1560 5552 1761 5624; x_wconf 87' lang='lat' dir='ltr'><strong>gestis,</strong></span> <span class='ocrx_word' id='word_1_731' title='bbox 1805 5554 1862 5605; x_wconf 91' lang='lat' dir='ltr'><strong>et</strong></span> 
     </span>
    </p>
   </div>
   <div class='ocr_carea' id='block_1_102' title="bbox 212 5643 1857 5714">
    <p class='ocr_par' dir='ltr' id='par_1_102' title="bbox 212 5643 1857 5714">
     <span class='ocr_line' id='line_1_102' title="bbox 212 5643 1857 5714; baseline -0.009 -5"><span class='ocrx_word' id='word_1_732' title='bbox 212 5652 537 5711; x_wconf 71' lang='lat' dir='ltr'><strong>otfensione</strong></span> <span class='ocrx_word' id='word_1_733' title='bbox 592 5648 857 5708; x_wconf 86' lang='lat' dir='ltr'><strong>terrestri</strong></span> <span class='ocrx_word' id='word_1_734' title='bbox 883 5661 1160 5703; x_wconf 87' lang='lat' dir='ltr'><strong>successu</strong></span> <span class='ocrx_word' id='word_1_735' title='bbox 1223 5643 1417 5698; x_wconf 86' lang='lat' dir='ltr'><strong>navali</strong></span> <span class='ocrx_word' id='word_1_736' title='bbox 1461 5644 1857 5714; x_wconf 82' lang='lat' dir='ltr'><strong>compensate,</strong></span> 
     </span>
    </p>
   </div>
   <div class='ocr_carea' id='block_1_103' title="bbox 1976 5349 3614 5433">
    <p class='ocr_par' dir='ltr' id='par_1_103' title="bbox 1976 5349 3614 5433">
     <span class='ocr_line' id='line_1_103' title="bbox 1976 5349 3614 5433; baseline -0.011 -10"><span class='ocrx_word' id='word_1_737' title='bbox 1976 5383 2110 5423; x_wconf 91' lang='lat' dir='ltr'><strong>cum</strong></span> <span class='ocrx_word' id='word_1_738' title='bbox 2144 5364 2371 5421; x_wconf 90' lang='lat' dir='ltr'><strong>medius</strong></span> <span class='ocrx_word' id='word_1_739' title='bbox 2404 5357 2925 5433; x_wconf 89' lang='lat' dir='ltr'><strong>aliquandiuinter</strong></span> <span class='ocrx_word' id='word_1_740' title='bbox 2971 5354 3195 5410; x_wconf 88' lang='lat' dir='ltr'><strong>luctum</strong></span> <span class='ocrx_word' id='word_1_741' title='bbox 3256 5355 3310 5406; x_wconf 89' lang='lat' dir='ltr'><strong>et</strong></span> <span class='ocrx_word' id='word_1_742' title='bbox 3355 5349 3614 5405; x_wconf 70' lang='lat' dir='ltr'><strong>laetitiam</strong></span> 
     </span>
    </p>
   </div>
   <div class='ocr_carea' id='block_1_104' title="bbox 1971 5438 3612 5528">
    <p class='ocr_par' dir='ltr' id='par_1_104' title="bbox 1971 5438 3612 5528">
     <span class='ocr_line' id='line_1_104' title="bbox 1971 5438 3612 5528; baseline -0.011 -16"><span class='ocrx_word' id='word_1_743' title='bbox 1971 5456 2141 5528; x_wconf 89' lang='lat' dir='ltr'><strong>quasi</strong></span> <span class='ocrx_word' id='word_1_744' title='bbox 2176 5452 2547 5526; x_wconf 83' lang='lat' dir='ltr'><strong>pependisset</strong></span> <span class='ocrx_word' id='word_1_745' title='bbox 2580 5444 3157 5520; x_wconf 87' lang='lat' dir='ltr'><strong>imperator,tandem</strong></span> <span class='ocrx_word' id='word_1_746' title='bbox 3191 5438 3612 5496; x_wconf 65' lang='lat' dir='ltr'><strong>caeteraliberis</strong></span> 
     </span>
    </p>
   </div>
   <div class='ocr_carea' id='block_1_105' title="bbox 1969 5528 3610 5616">
    <p class='ocr_par' dir='ltr' id='par_1_105' title="bbox 1969 5528 3610 5616">
     <span class='ocr_line' id='line_1_105' title="bbox 1969 5528 3610 5616; baseline -0.013 -13"><span class='ocrx_word' id='word_1_747' title='bbox 1969 5547 2276 5603; x_wconf 79' lang='lat' dir='ltr'><strong>hominum</strong></span> <span class='ocrx_word' id='word_1_748' title='bbox 2303 5542 2549 5616; x_wconf 86' lang='lat' dir='ltr'><strong>judiciis</strong></span> <span class='ocrx_word' id='word_1_749' title='bbox 2572 5540 2878 5608; x_wconf 87' lang='lat' dir='ltr'><strong>utriusque</strong></span> <span class='ocrx_word' id='word_1_750' title='bbox 2910 5534 3043 5590; x_wconf 88' lang='lat' dir='ltr'><strong>facti</strong></span> <span class='ocrx_word' id='word_1_751' title='bbox 3074 5528 3454 5587; x_wconf 67' lang='lat' dir='ltr'><strong>aestimatione</strong></span> <span class='ocrx_word' id='word_1_752' title='bbox 3477 5544 3610 5599; x_wconf 87' lang='lat' dir='ltr'><strong>per-</strong></span> 
     </span>
    </p>
   </div>
   <div class='ocr_carea' id='block_1_106' title="bbox 1971 5617 3609 5705">
    <p class='ocr_par' dir='ltr' id='par_1_106' title="bbox 1971 5617 3609 5705">
     <span class='ocr_line' id='line_1_106' title="bbox 1971 5617 3609 5705; baseline -0.012 -12"><span class='ocrx_word' id='word_1_753' title='bbox 1971 5638 2177 5704; x_wconf 87' lang='lat' dir='ltr'><strong>missa,</strong></span> <span class='ocrx_word' id='word_1_754' title='bbox 2198 5633 2382 5705; x_wconf 85' lang='lat' dir='ltr'><strong>magis</strong></span> <span class='ocrx_word' id='word_1_755' title='bbox 2411 5632 2537 5704; x_wconf 87' lang='lat' dir='ltr'><strong>ipse</strong></span> <span class='ocrx_word' id='word_1_756' title='bbox 2557 5628 2904 5684; x_wconf 87' lang='lat' dir='ltr'><strong>incumbens</strong></span> <span class='ocrx_word' id='word_1_757' title='bbox 2922 5623 2979 5677; x_wconf 91' lang='lat' dir='ltr'><strong>in</strong></span> <span class='ocrx_word' id='word_1_758' title='bbox 3003 5617 3454 5691; x_wconf 77' lang='lat' dir='ltr'><strong>anapicatiorem</strong></span> <span class='ocrx_word' id='word_1_759' title='bbox 3476 5634 3609 5690; x_wconf 85' lang='lat' dir='ltr'><strong>par-</strong></span> 
     </span>
    </p>
   </div>
  </div>
