3920 6196
334 300 444 356 781
1637 285 1940 346 GEORGII
1977 281 2440 339 pncnmsms
3574 292 3654 348 738

339 423 549 500 τρέπων
580 423 648 476 τὰ
672 417 982 494 πράγματα,
1038 416 1101 471 τὸ
1163 417 1256 489 μὶν
1313 412 1644 488 δυστύχημα
1690 408 1978 500 κλαπεῖσιν
2010 409 2067 476 Α
2100 402 2571 500 εῖναι-δεσποτείας
2599 401 2777 500 ὄνομα
2823 404 3000 500 φέρει-ν
3205 403 3398 500 ἔξωθεν,
3427 414 3504 466 καὶ
3528 434 3662 490 προσ-

343 493 522 577 won,
568 511 630 563 τὸ
680 506 728 562 δ’
776 493 1067 581 εὐτύχημα
1115 509 1425 583 περιφανῶς
1478 500 1845 575 ἀριστεύσασι,
1894 496 1984 552 καὶ
2097 493 2399 568 απεδέχθη.
2457 495 2608 548 Ὅθεν
2686 493 2776 549 καὶ
2832 496 3021 565 κοινὴν
3082 493 3264 558 ἄλλως
3316 497 3370 553 ἐκ
3420 504 3666 578 musco-6P.

342 603 402 654 τὸ
452 599 546 670 μὲν
593 594 802 672 χλεῦην
864 580 978 649 οἷον
1038 597 1224 669 ἡγεῖτο
1259 580 1368 647 τοῦ
1420 589 1730 646 ἀποστάτου
1761 586 1988 663 ἐργολα·
2099 604 2268 657 ματος
2313 582 2625 658 καλύπτραν
2684 581 2991 656 ἐνθέμενος,
3043 580 3405 664 μελαμϐαφέσι
3451 586 3501 643 δὲ
3542 590 3666 646 πεδί-

340 683 567 746 ϐοὖντος
595 670 663 739 τά
692 684 839 757 παρά
869 681 1117 756 δύναμιν,
1165 683 1226 738 τὸ
1278 680 1335 736 δὲ
1380 680 1630 752 πολέμου
1661 678 1991 751 κατόρθωμα
2096 670 2218 736 λοις
2246 671 2334 726 καὶ
2366 676 2482 735 τοῖς
2509 674 2627 736 καθ’
2650 670 2819 728 *ίππον
2863 673 3181 748 στολισμοῖς
3228 677 3505 750 χρώμενος,
3534 679 3662 751 μόνον

339 775 428 831 καὶ
483 776 745 850 τρόπαιον
812 773 1084 847 ἄντικρυς.
1144 775 1304 835 ’Ὀθεν
1360 771 1451 826 καὶ
1509 770 1573 824 τὰ
1627 775 1726 836 τῆς
1786 763 1992 835 ἡδονῆς
2094 763 2157 818 τὸ
2189 759 2454 833 δεσπότης
2483 760 2780 832 κεκλῆσθαι
2812 763 3164 842 ἀναφαίρετον
3198 763 3328 838 εἶχε.

343 864 512 932 ἐνίκα,
573 871 704 933 νῆας
762 863 964 924 ἐκείνας
1021 863 1336 922 ἐννοοῦντος
1393 864 1500 914 τῶν
1560 855 1842 929 πολεμίων
1901 853 1992 908 καὶ

344 951 537 1028 ἄνδρας
590 951 641 1006 ἐν
703 952 890 1014 αὐταῖς
947 950 1264 1020 πλείστους,
1324 949 1417 1011 τὰς
1483 949 1576 1020 μὲν
1635 944 1994 1019 καταχθείσας

342 1048 423 1113 τῷ
453 1043 690 1116 νεωρίῳ,
743 1040 870 1101 τοὺς
931 1039 988 1095 δὲ
1042 1044 1161 1101 ταῖς
1211 1041 1448 1114 εἰρκταῖς
1484 1034 1797 1098 ἐκδοθέντας
1828 1031 1993 1102 σιδη-

348 1129 602 1206 ροδέτους
658 1131 748 1184 καὶ
811 1131 948 1203 μόνῃ
1007 1131 1100 1199 θέᾳ
1152 1132 1208 1182 τὸ
1284 1128 1400 1182 κατ’
1451 1127 1628 1180 αὐτῶν
1686 1122 1996 1183 δεικνύντας

346 1222 626 1295 τρόπαιον.
662 1218 886 1275 Ἐλύπει
932 1217 987 1272 δέ
1039 1239 1102 1291 γε
1158 1218 1248 1271 τὸν
1313 1214 1542 1290 βασιλέα
1571 1215 1662 1269 καὶ
1693 1215 1720 1267 ὁ
1750 1218 1872 1274 ταῖς
1903 1233 1996 1266 κο-

349 1308 468 1360 πίσι
526 1307 832 1368 κατάκοπος
885 1305 1210 1379 στρατηγὸς.
1268 1304 1342 1364 ὡς
1415 1301 1568 1376 ἐγγὺς
1638 1299 1812 1354 δοκεῖν
1867 1299 1998 1352 εἶναι

353 1393 442 1449 διὰ
471 1395 566 1457 τὰς
596 1393 812 1468 πληγάς
844 1398 940 1446 τοῦ
1001 1394 1231 1457 θανάτου
1258 1411 1269 1422 ·
1332 1391 1469 1465 πρὸς
1509 1389 1608 1463 γὰρ
1657 1393 1775 1449 ταῖς
1804 1385 1997 1448 ἄλλαις

353 1483 443 1536 καὶ
480 1482 602 1555 μίαν
635 1483 734 1548 τὴν
794 1481 930 1536 κατά
983 1485 1187 1558 νεφρῶν
1244 1480 1360 1552 εἶχε
1400 1477 1612 1550 καιρίαν
1673 1476 2000 1530 ἀπειλοῦσαν

355 1554 606 1627 θάνατον.
665 1572 820 1627 Ὅθεν
871 1570 962 1623 καὶ
1018 1554 1226 1642 ἰατροῖς
1280 1566 1635 1639 ἐπιμεληθεὶς
1686 1564 1775 1619 καὶ
1837 1562 2000 1636 μόλις
2106 1555 2196 1609 καὶ
2251 1555 2377 1619 τοὺς
2435 1554 2565 1628 μηδ’
2624 1556 2769 1620 ὅλως
2830 1555 3041 1619 ἰδόντας
3099 1557 3553 1634 καθυπαγομὲνους
3597 1564 3686 1620 τοῖς

357 1662 494 1731 πρὸς
524 1661 586 1714 τὸ
618 1660 978 1734 ὑγιεινότερον
1011 1657 1204 1719 κλίνας
1259 1657 1322 1711 τὸ
1379 1657 1500 1731 περὶ
1561 1655 1728 1710 αὐτοῦ
1761 1652 2004 1708 δεδοικέ-
2107 1643 2320 1708 ἄλλοις.
2353 1647 2491 1700 Ποτέ
2523 1643 2579 1700 δὲ
2608 1647 2697 1702 καὶ
2724 1648 2786 1701 τὸ
2818 1647 2939 1723 περὶ
2987 1652 3083 1702 τοῦ
3115 1649 3315 1725 Ἰωσὴφ
3345 1647 3688 1726 φημιζόμενον,

360 1770 449 1805 ναι
477 1749 605 1811 τοὺς
640 1733 889 1811 πολλοὺς
943 1748 1228 1820 ἀφῃρεῖτο.
1283 1745 1435 1802 Ἐπεὶ
1496 1742 1554 1799 δὲ
1605 1745 1693 1799 καὶ
1745 1742 2001 1818 ἀγάλλειν
2033 1774 2080 1838 Β
2112 1737 2184 1800 ὡς
2240 1734 2622 1810 ἀφωρισμένος
2697 1735 2798 1805 εἷή,
2858 1736 3148 1812 αἰρόμενον
3204 1736 3296 1798 τὰς
3350 1741 3446 1790 τῶν
3499 1733 3688 1789 πολλῶν

2103 905 2167 978 β’.
2220 905 2438 979 ’Ὁπως-
2468 904 2816 979 σχιζομένων
2875 909 2982 959 τῶν
3053 908 3168 979 κατ’
3221 905 3470 979 ἀνατολὴν
3521 909 3545 963 ὁ
3593 930 3677 964 πα·-

2310 975 2592 1052 πριάρχής
2623 975 2711 1032 διὰ
2756 980 2923 1032 ταῦτα
2963 981 3080 1039 τοῖς
3111 977 3221 1032 ἐκεῖ
3245 975 3502 1052 ἐπιδημεῖ.

2175 1120 2259 1191 [Ρ.
2291 1121 2418 1192 23ίῖ
2476 1119 2555 1176 Τὰ
2629 1120 2806 1192 μέντοι
2853 1126 2955 1188 τῆς
3003 1117 3328 1190 Ἑκκλησίας
3358 1119 3508 1176 ἐνόσει
3557 1141 3681 1195 περι·

2103 1203 2306 1276 φανῶς,
2352 1199 2441 1252 καὶ
2498 1199 2558 1254 τὸ
2615 1198 2826 1276 σχίσμα
2884 1199 2960 1262 είς
3022 1201 3155 1274 μέγα
3201 1197 3378 1276 ᾔρετο,
3403 1205 3499 1256 τῶν
3529 1203 3681 1272 Ἀρσι-

2103 1292 2299 1341 νιατῶν
2358 1286 2444 1343 ἐπὶ
2519 1288 2685 1343 πλέον
2756 1289 3217 1362 προστιθεμένων,
3274 1291 3343 1352 ὡς
3399 1293 3467 1362 μὴ
3525 1289 3684 1363 μόνους

2106 1374 2340 1439 ἐκείνους
2399 1375 2451 1431 οῗ
2508 1375 2575 1445 δή
2632 1382 2711 1451 τῷ
2767 1381 3081 1453 πατριάρχῃ
3139 1377 3388 1452 Ἀρσενίῳ
3424 1377 3685 1453 ἐντυχόντες

2107 1463 2244 1520 εἶδον
2280 1467 2558 1540 σχίζεσθαι
2613 1488 2671 1522 τε
2726 1469 2812 1522 καὶ
2867 1467 3066 1539 ζηλοῦν
3126 1469 3256 1545 ὑπὲρ
3315 1468 3524 1538 ἐκείνου,
3572 1467 3688 1524 ἀλλὰ

363 1834 472 1893 ἔδει
528 1843 716 1892 τοῦτον
775 1837 866 1891 τὸν
927 1835 1151 1911 βασιλέα
1182 1836 1468 1889 ἀντίποινα
1521 1839 1629 1890 τῶν
1687 1831 1872 1887 δεινῶν
1925 1833 1999 1885 ὠν

359 1927 653 2001 ἐκαρτέρει,
707 1924 785 1998 τῷ
842 1930 938 1979 τοῦ
989 1923 1226 1998 μεγάλου
1285 1922 1475 1984 δουκὸς
1530 1926 1666 1994 τιμᾷ
1713 1921 1999 1992 ἀξιώματι.

357 2019 419 2074 Ὀ
480 2016 663 2086 μέντοι
721 2035 783 2088 γε
840 2012 1073 2089 ἀδελφὸς
1129 2018 1227 2067 τοῦ
1282 2015 1607 2086 κρατοῦντος
1659 2011 1686 2064 ὁ
1742 2010 2001 2078 Ἰωάννης

357 2106 456 2174 τήν
486 2104 654 2158 αἰτίαν
689 2101 1008 2172 ἀπαιτηθείς
1056 2104 1184 2177 παρ’
1230 2103 1292 2170 ἣν
1349 2101 1436 2155 καὶ
1466 2101 1533 2154 τὰ
1554 2106 1655 2168 τῆς
1688 2097 1998 2159 δεσποτείας

357 2189 596 2248 ἀπέϐαλε
651 2187 926 2265 σύμϐολα,
976 2192 1064 2245 καὶ
1123 2193 1173 2265 γ’
1231 2190 1543 2262 ἀποκριθεὶς
1589 2189 1657 2244 τὰ
1713 2187 1766 2250 ἐς
1813 2187 1998 2262 χάριν,

353 2283 428 2345 ὡς
485 2281 614 2337 οίῶν
674 2281 876 2336 ἐκείνου
917 2278 1296 2355 ἀνδρωθέντων
1353 2276 1463 2350 ἤδη
1527 2280 1602 2352 μὴ
1672 2279 1732 2333 ἄν
1792 2276 1999 2332 δίκαιον

353 2496 900 2565 tem,infortunium
937 2497 1163 2552 furtivae
1192 2495 1546 2569 grassationi
1590 2494 1876 2562 hostium,
1918 2495 2005 2550 vi-

353 2585 596 2641 ctoriam
625 2585 1001 2657 generositati
1024 2585 1268 2641 heroicae
1288 2588 1800 2651 suorum,cunctas
1829 2585 2006 2640 sortis

358 2672 702 2745 iniquitates
734 2674 1073 2738 fortitudine
1106 2673 1410 2745 splendide
1444 2673 1787 2744 praevalente
1810 2672 2004 2746 palam

359 2763 412 2819 vi
448 2766 644 2834 aperta
676 2763 1203 2835 perrumpentium,
1237 2779 1467 2835 aequum
1510 2763 1785 2818 censebat
1814 2763 2004 2834 impu-

359 2850 856 2925 tari.Atqueillud
893 2853 1130 2924 quidem
1173 2852 1466 2907 contemni
1518 2853 1726 2907 debere
1775 2856 2008 2907 conten-

362 2941 535 2998 debat
567 2941 725 2996 velut
756 2942 1052 3013 quoddam
1081 2941 1344 3012 jnculare
1374 2940 1694 2995 ludibrium
1720 2940 2005 3010 fcrdifragi

361 3029 674 3087 nebulonis
701 3030 827 3086 ausi
861 3032 1084 3101 majora
1116 3030 1237 3085 suis
1263 3030 1502 3097 viribus,
1524 3030 1632 3084 hoc
1663 3031 1857 3102 magni
1883 3029 2007 3100 fieri

2111 1827 2292 1901 ψυχὰς
2330 1823 2573 1886 ἐκτόπως
2633 1823 2909 1897 ἐκύμαινε,
2965 1823 3060 1880 κᾶν
3121 1825 3319 1887 ἐκεῖνος
3374 1824 3532 1900 συχνὰ
3579 1823 3695 1895 λαμ-

2112 1911 2289 1970 ϐάνων
2341 1915 2484 1988 παρὰ
2546 1915 2815 1990 βασιλέως
2877 1917 3143 1990 χρήματα
3191 1916 3254 1970 τὸ
3311 1913 3580 1993 φιλόδαρον
3605 1917 3699 1974 τοῖς

2110 2008 2531 2081 προσκειμένοις
2585 2005 2897 2077 ἐπηύξανεν.
2959 2006 3035 2063 Οὐ
3093 2008 3197 2083 γὰρ
3254 2007 3319 2075 ἦν
3351 2007 3378 2060 ὃ
3420 2006 3626 2075 ζητήσας
3650 2002 3698 2056 οὗ

2108 2097 2374 2171 παρευθὺς
2403 2091 2728 2168 ἐλάμϐανεν,
2788 2097 2864 2158 ὡς
2917 2093 3091 2170 λέγειν
3152 2093 3420 2157 πολλάκις
3466 2094 3548 2149 τὸν
3579 2093 3702 2168 βασι.

2110 2181 2353 2258 λὲα,τοῧ
2411 2184 2683 2258 ἱερατίκοῦ
2747 2181 2987 2257 μανδύου
3041 2185 3133 2239 τὸν
3194 2185 3525 2259 πατριάρχην
3575 2175 3698 2235 x113-

2110 2294 2301 2351 χοντα,
2329 2273 2405 2336 ὡς
2449 2271 2609 2336 αὐτὸς
2665 2271 2748 2344 εἴη
2812 2275 2840 2328 ὁ
2895 2275 2991 2336 τὰς
3038 2280 3139 2344 τῆς
3198 2270 3362 2347 Ἐδὶμ
3389 2270 3550 2333 πύλας
3584 2268 3703 2339 αὐτῷ

2114 2495 2230 2551 ista
2272 2493 2560 2551 modestia
2609 2493 2897 2550 Joannem
2955 2493 3319 2566 imperantes
3348 2490 3705 2565 permiserunt.

2117 2586 2264 2658 Ergo
2298 2586 2349 2640 is
2381 2601 2484 2656 pro
2515 2599 2690 2638 aureo
2723 2582 3041 2649 fimbriato,
3093 2599 3272 2655 quem
3307 2581 3464 2654 prius
3489 2583 3706 2648 gestave-

2116 2678 2225 2741 rat,
2253 2675 2554 2746 vulgarem
2587 2673 2905 2744 promiscui
2941 2690 3086 2728 usus
3103 2672 3287 2744 capiti
3309 2672 3517 2744 pileum
3557 2669 3710 2738 impo-

2115 2764 2274 2826 suit;
2315 2762 2498 2835 nigris
2548 2778 2782 2833 quoque
2839 2762 3036 2817 induit
3084 2763 3264 2833 pedes
3300 2759 3519 2826 calceis,
3560 2755 3712 2828 nigris

2115 2870 2295 2924 equos
2325 2852 2590 2923 proprios
2625 2851 2918 2923 ephippiis
2947 2853 3242 2910 instravit.
3274 2848 3519 2906 Vocitari
3553 2852 3713 2902 tamen

2116 2943 2175 2996 in
2211 2945 2508 3012 posterum
2538 2957 2772 3012 quoque
2803 2941 3067 3012 despota,
3095 2945 3165 2995 ut
3192 2945 3352 3007 ante,
3403 2955 3510 2994 non
3555 2933 3712 3000 desiit,

2117 3030 2333 3100 populo
2418 3045 2485 3084 ex
2559 3029 2985 3085 censuetudine
3061 3029 3394 3095 deferente,
3470 3040 3565 3080 nec
3622 3027 3717 3076 Au-

357 3125 423 3175 ut
452 3120 700 3175 arduum
735 3123 788 3175 et
822 3119 1015 3191 gloriae
1047 3118 1244 3174 solidae
1277 3117 1512 3190 plenum
1539 3118 2000 3190 experimentum
2035 3143 2078 3208 ρ
2117 3118 2977 3191 gustisinvidentibus,merum
3003 3123 3061 3173 et
3083 3135 3144 3175 re
3165 3118 3714 3192 signiﬁcatavacuum

356 3225 504 3264 verae
534 3208 758 3265 bellicae
790 3208 1045 3276 virtutis,
1070 3209 1164 3262 cui
1195 3207 1382 3263 honos
1415 3207 1609 3278 tropaei
1647 3208 1775 3276 jure
1825 3223 2002 3278 quam

365 3298 586 3370 optimo
619 3298 950 3352 deberetur.
975 3296 1159 3350 Facile
1222 3297 1401 3368 igitur
1456 3297 1724 3351 vincebat
1771 3297 1828 3351 in
1883 3298 2012 3366 ejus

359 3386 556 3442 animo
591 3386 873 3457 gaudium
927 3400 1258 3451 mmrorem,
1309 3388 1641 3439 recurrente
1690 3385 2013 3456 praesertim

363 3474 646 3529 memoria
665 3476 747 3527 tot
769 3471 1070 3526 hostilium
1093 3473 1322 3526 navium
1351 3472 1656 3527 navalibus
1680 3473 2009 3528 additarum

366 3561 512 3632 suis,
545 3566 629 3617 tot
654 3559 913 3616 hostium
940 3559 996 3614 in
1036 3560 1107 3615 iis
1140 3565 1448 3632 captorum
1481 3561 1735 3633 indeque
1759 3563 2016 3618 detruso-

369 3668 500 3706 rum
536 3650 590 3706 in
626 3649 944 3717 custodias,
972 3649 1070 3704 ubi
1105 3650 1252 3705 ferro
1294 3649 1472 3704 vincti
1531 3650 1705 3705 tacito
1737 3653 1826 3705 sui
1883 3667 2016 3723 spe-

371 3739 598 3796 ctaculo
614 3745 898 3812 tropaeum
925 3739 1090 3810 quasi
1113 3739 1409 3811 quoddam
1426 3744 1721 3794 exstarent
1742 3740 2017 3795 Romanae

371 3829 690 3885 felicitatis.
748 3828 847 3882 Hic
905 3832 1099 3883 tamen
1158 3845 1228 3883 ne
1288 3829 1459 3899 plane
1507 3846 1690 3900 purus
1752 3833 2014 3900 Augusto

367 3924 522 3975 esset
577 3919 802 3974 fructus
863 3917 1065 3984 animi,
1127 3918 1453 3989 periculum
1538 3919 2015 3991 Philanthmpeni

366 4009 749 4080 temperabat,
783 4009 932 4063 387
971 4008 1050 4062 ita
1099 4007 1505 4061 decumbentis
1555 4024 1622 4061 ex
1671 4007 2016 4063 vulneribus

364 4100 554 4156 navali
590 4099 783 4172 praelio
816 4097 1071 4170 acceptis
1104 4102 1163 4151 ut
1198 4099 1326 4168 ejus
1356 4099 1484 4153 vita:
1532 4097 1856 4152 timeretur.
1909 4103 2018 4153 Ho-

364 4205 496 4244 rum
531 4193 654 4242 erat
681 4187 995 4242 vulnerum
1049 4204 1233 4241 unum
1297 4188 1617 4259 praesertim
1671 4187 1728 4242 in
1777 4187 2016 4242 renibus

363 4275 622 4348 gravius,
652 4292 720 4330 ex
753 4291 869 4346 quo
905 4281 1238 4331 secuturam
1274 4281 1519 4330 mortem
1566 4275 1827 4348 plerique
1877 4277 2018 4331 omi-

363 4365 678 4421 nabantur.
715 4365 966 4420 Evanuit
999 4370 1198 4420 tamen
1225 4366 1389 4420 triste
1423 4366 2016 4437 augurium,medicis

367 4454 533 4510 enixe
593 4455 660 4508 ad
721 4455 1050 4508 curandum
1106 4471 1323 4526 aegrum
1394 4471 1497 4508 nec
1555 4455 1682 4509 sine
1741 4470 2014 4508 successu

2118 3224 2353 3264 nomen.

2118 3354 2172 3405 2.
2207 3351 2270 3408 Ut
2297 3351 2590 3408 schismate
2614 3369 2717 3424 per
2748 3351 3025 3408 Orientem
3056 3355 3453 3422 invalescente,
3488 3365 3544 3407 eo
3563 3364 3616 3424 ise
3637 3363 3718 3420 pa—

2244 3425 2488 3480 triarcha
2512 3423 2814 3480 contulerit
2839 3427 2994 3496 pacis
3027 3425 3405 3482 concilianda!
3431 3423 3616 3496 gratia.

2189 3569 2244 3621 2.
2306 3567 2545 3622 Interim
2595 3567 3003 3624 ecclesiasticas
3061 3583 3158 3623 res
3217 3564 3579 3622 manifestius
3623 3561 3720 3630 jam

2121 3670 2297 3726 quam
2331 3661 2396 3711 ut
2419 3662 2615 3728 posset
2643 3657 3010 3712 dissimulari
3045 3658 3478 3725 laborabant,et
3506 3650 3725 3709 schisma

2121 3745 2497 3801 incrementis
2529 3747 2867 3817 ingentibus
2899 3747 3255 3817 augebatur,
3282 3744 3544 3818 plurimis
3589 3755 3642 3794 se
3679 3736 3724 3789 in

2121 3835 2247 3890 dies
2275 3837 2343 3889 ad
2371 3837 2810 3890 Arsenaitarum
2848 3837 3160 3891 factionem
3195 3829 3732 3898 addentibus.Neque

2121 3927 2276 3978 enim
2309 3925 2348 3979 ii
2381 3924 2569 3979 solum
2609 3925 2707 3995 qui
2745 3924 3049 3979 Arsenium
3087 3923 3488 3996 patriarcham
3511 3917 3731 3972 viderant

2122 4014 2291 4084 eique
2323 4015 2691 4078 studuerant,
2711 4014 3054 4068 abscindere
3077 4031 3138 4068 se
3159 4016 3288 4084 jam
3312 4031 3343 4068 a
3365 4006 3730 4068 communione

2123 4102 2590 4156 adversariorum
2625 4103 2754 4172 ejus
2785 4107 2842 4158 et
2875 4119 2974 4173 pro
3008 4103 3200 4174 ipsius
3233 4101 3593 4157 restitutione
3633 4108 3731 4149 cer-

2123 4196 2244 4244 tare
2277 4191 2466 4260 palam
2499 4192 2908 4259 cernebantur,
2939 4194 3038 4247 sed
3068 4196 3124 4246 et
3149 4255 3157 4264 Ι
3179 4191 3283 4247 alii
3345 4187 3556 4263 passim
3601 4177 3734 4238 nulla

2122 4279 2283 4334 illius
2316 4280 2597 4351 peculiari
2629 4280 2858 4346 notitia,
2892 4279 3052 4335 nullo
3084 4281 3141 4335 in
3177 4297 3317 4336 eum
3372 4275 3593 4350 proprio
3624 4269 3736 4326 alle-

2121 4375 2213 4422 ctu
2249 4370 2634 4440 prmoccupati
2670 4386 2928 4441 unquam
2965 4375 3368 4436 antea,tamen
3392 4369 3562 4422 ineas
3581 4356 3733 4435 partis

2122 4458 2342 4512 ambitu
2376 4463 2432 4512 et
2466 4458 2658 4512 studio
2690 4458 3068 4513 sectariorum
3119 4460 3253 4526 eius
3305 4454 3732 4512 attrahebantur.

367 4543 883 4608 contendentibus,
917 4544 998 4597 ita
1031 4547 1095 4597 ut
1125 4516 1281 4596 brevi
1311 4547 1440 4613 post
1472 4548 1731 4614 tempore
1764 4560 1875 4597 non
1903 4545 2009 4597 du-
2046 4516 2090 4578 D
2125 4547 2309 4618 Vulgo
2336 4549 2389 4600 in
2426 4548 2632 4618 primis
2665 4547 2806 4601 illud
2843 4549 3105 4602 omnium
3160 4516 3322 4604 ξιτεδ
3373 4561 3471 4602 ore
3521 4539 3737 4598 celebra-

369 4631 483 4686 biis
513 4632 786 4696 rediturae
812 4631 1168 4686 valetudinis
1203 4631 1432 4686 indiciis
1489 4633 1876 4702 exstantibus,
1907 4633 2008 4704 qui

367 4721 496 4789 ejus
555 4737 732 4775 causa
800 4720 1034 4776 solliciti
1101 4721 1348 4784 fuerant,
1423 4737 1562 4775 cura
1625 4721 2007 4784 solverentur,

368 4811 603 4880 quando
632 4811 949 4881 imperator
980 4827 1220 4865 suarum
1255 4827 1381 4865 esse
1416 4810 1666 4880 partium
1695 4815 1855 4864 ratus
1880 4829 2012 4866 con-

364 4898 538 4954 solari
576 4915 815 4971 passum
849 4905 905 4954 et
940 4899 1332 4970 periclitatum
1369 4917 1474 4954 sua
1513 4917 1686 4954 causa
1717 4898 1892 4954 talem
1921 4901 2006 4954 vi-

360 4989 772 5061 rum,pre.tium
805 4990 852 5044 ei
888 5006 1281 5044 aerumnarum
1316 5007 1378 5044 ac
1405 4990 1706 5062 plagarum
1745 4990 2011 5062 rependit

357 5079 643 5152 amplum,
673 5080 868 5151 magni
907 5079 1074 5134 ducis
1105 5079 1388 5148 dignitate
1422 5079 1614 5148 ipsum
1643 5079 2004 5134 honorando.

358 5168 556 5223 Frater
582 5173 773 5223 autem
809 5167 1152 5239 imperantis
1184 5167 1599 5233 Joannes,cum
1645 5174 1797 5221 esset
1846 5183 1912 5220 ex
1942 5184 2006 5222 eo

360 5257 669 5329 quaesitum
704 5274 805 5311 cur
835 5259 1090 5328 despotze
1126 5256 1380 5326 insignia
1413 5257 1802 5327 deposuisset,
1824 5256 2008 5310 obno—

357 5348 448 5403 xie
479 5348 549 5402 ad
584 5347 831 5420 gratiam
868 5346 1190 5417 respondit,
1219 5349 1525 5416 postquam
1545 5345 1666 5415 jam
1687 5344 1785 5398 lilii
1811 5361 1877 5400 ex
1899 5347 2008 5399 Au-

361 5441 533 5509 gusto
567 5437 685 5491 nati
720 5436 779 5490 in
807 5435 960 5490 viros
993 5434 1410 5501 adolevissent,
1445 5433 1596 5488 haud
1617 5450 1844 5505 aequum
1879 5449 2007 5490 esse

362 5526 672 5597 despoticae
706 5524 1010 5597 potestatis
1042 5539 1250 5577 nomen
1312 5523 1370 5577 in
1419 5523 1712 5576 extraneis
1765 5521 2003 5577 haerere.

366 5617 618 5686 Accepta
647 5612 952 5687 responsio
984 5610 1466 5683 est,libenterque
1493 5609 1574 5665 uti
1601 5610 1876 5682 deinceps
1899 5627 2006 5668 sua

2119 4640 2240 4690 tum
2275 4636 2344 4690 de
2372 4636 2650 4707 Joscpho,
2684 4653 2812 4691 esse
2841 4636 3007 4690 illum
3039 4636 3152 4691 sibi
3188 4635 3493 4691 conscium
3542 4642 3734 4685 excom-

2121 4724 2538 4789 municationis
2585 4729 2920 4793 contractae,
2967 4725 3349 4780 vehementer
3400 4714 3736 4795 perturbabat

2121 4813 2531 4884 plerorumque
2547 4812 2871 4867 animos.Et
2886 4815 3278 4884 quantumvis
3305 4815 3411 4868 iste
3435 4807 3665 4880 acceptis
3682 4801 3737 4857 ad

2120 4904 2174 4957 id
2209 4921 2240 4957 a
2273 4902 2534 4974 principe
2566 4903 2831 4973 pecuniis
2873 4901 3033 4974 large
3078 4901 3509 4974 profundendis
3555 4893 3738 4952 exstin-

2119 5008 2294 5062 guere
2327 4991 2625 5056 invidiam,
2659 4992 2902 5062 quaesito
2932 5009 3030 5064 per
3063 4991 3515 5047 beneficentiam
3557 4987 3737 5044 favore,

2119 5084 2446 5144 conaretur,
2483 5079 2541 5133 in
2576 5095 2824 5152 eamque
2877 5080 3316 5152 indulgentiam
3381 5085 3495 5133 tam
3550 5083 3737 5146 pronus

2119 5168 2503 5233 incumberet,
2536 5173 2600 5223 ut
2623 5185 2792 5224 nemo
2825 5170 2896 5225 ab
2926 5186 2992 5225 eo
3022 5169 3263 5241 quidvis
3310 5170 3570 5241 posceret
3617 5158 3735 5234 quin

2119 5258 2316 5311 statim
2350 5264 2984 5328 assequeretur,tamen
3020 5275 3123 5314 nec
3156 5259 3248 5314 sic
3290 5259 3576 5314 efficiebat
3617 5249 3734 5321 quin

2119 5362 2332 5417 magna
2362 5351 2418 5400 et
2450 5347 2636 5401 tristis
2681 5347 2836 5402 circa
2896 5364 3028 5402 eum
3087 5346 3355 5402 solitudo
3415 5342 3733 5402 cerneretur.

2117 5437 2238 5499 Quo
2275 5437 2452 5490 t'acete
2503 5436 2774 5491 alludens
2825 5437 3161 5506 imperator,
3220 5452 3401 5491 manu
3448 5447 3589 5503 saepe
3629 5441 3733 5500 ρι’θ·

2117 5523 2299 5578 henso
2331 5525 2672 5595 patriarchas
2719 5525 3024 5596 praesentis
3076 5524 3284 5597 pallio,
3332 5524 3524 5580 dicere
3559 5516 3734 5575 solitus

2117 5616 2242 5669 erat
2271 5613 2576 5685 aperuisse
2608 5612 2776 5670 illum
2811 5613 2922 5669 sibi
2956 5614 3218 5685 paradisi
3245 5615 3607 5686 januas,quo
3633 5607 3736 5678 ipse
