3920 6196
217 301 311 356 789

1266 309 1364 362 DE
1402 308 1780 365 MICHAELE
1818 312 2262 373 PALEOLOGD
2298 320 2429 373 LIB.
2473 322 2540 375 V.

3509 332 3618 389 790

214 424 470 526 ἆνοιγνὺς,
532 425 607 526 οῦς
663 426 758 501 ἅμ’
814 426 1003 526 Eneti/cp
1058 429 1148 526 καὶ
1207 429 1367 526 αῦτὸν
1427 429 1691 526 εἰσελθεῖν
1750 455 1840 526 πι-
1871 438 2069 505 Ατος.
2104 438 2275 502 Αὐτὸς
2311 438 2356 495 δ’
2403 443 2535 497 εἶναι
2570 446 2715 521 παρὰ
2741 446 2869 511 τοὺς
2921 447 3129 512 ἄλλους
3172 450 3463 526 δοκιμάσαι
3516 459 3608 513 τὸν

213 514 395 569 στεύειν
452 515 681 570 κατόπιν
718 560 731 585 ,
796 515 1031 590 μηδενὸς
1088 516 1503 592 ἐμποδίζοντος.
1559 521 1696 585 Τοὺς
1757 525 1850 596 μὲν

211 604 291 658 οὗν
346 600 573 675 ἄλλους,
636 603 687 659 οἵ
745 608 881 661 κατὰ
926 604 1093 662 πόλιν
1148 604 1517 684 διατρίϐοντες
1550 612 1845 687 ἡνώχιιουν

208 690 376 758 ἀνέδην
435 692 827 767 ἐκτρεπόμενοι
887 700 1104 768 τοῦτον,
1161 696 1312 753 οὐδὲν
1364 696 1508 771 ἔχων
1544 697 1670 773 δρᾷν
1705 700 1845 757 ἄλλο

207 783 320 851 ἤτὸ
368 778 541 854 μηδὲν
594 785 897 859 φροντίζειν
948 783 1170 840 ἐκείνων
1224 787 1300 849 είς
1340 791 1507 860 τιμῆς
1542 787 1702 865 λόγον
1753 790 1844 845 καὶ

204 872 548 946 προστασίας,
603 870 709 947 οὐχ
753 874 902 935 ὅπως
933 874 1113 944 ἠξίου,
1173 874 1318 931 ἀλλά
1367 876 1455 930 καὶ
1511 875 1704 953 ἠλόγει
1762 878 1845 934 λε-

202 960 393 1035 γόντων
422 962 491 1014 τὰ
544 959 805 1033 μάλιστα.
839 960 1069 1032 ’Δνδρας
1118 960 1173 1018 δὲ
1232 966 1633 1037 πνευματικοὺς
1685 964 1841 1030 εἷ’δὼς

200 1051 304 1104 κατ’
358 1048 665 1121 Ἀνατολήν
728 1048 1067 1126 ἐνιδροῦντας
1106 1052 1196 1107 καὶ
1255 1058 1370 1124 Θεῷ
1420 1054 1570 1126 μόνῳ
1621 1060 1841 1129 ζῶντας,

196 1138 394 1193 ἀκούων
454 1140 545 1194 καὶ
594 1141 719 1216 περὶ
751 1140 965 1196 ἔκείνων
1016 1142 1089 1203 ὡς
1121 1139 1589 1213 σκανδαλίζοιντο,
1620 1138 1842 1201 ἔσπευδε

194 1228 445 1284 κάκείνων
506 1231 602 1291 τὰς
658 1230 877 1305 γνώμας
925 1237 1352 1306 προκατασχεῖν,
1400 1231 1583 1295 αὐτοῖς
1630 1230 1839 1307 ὄμμασι

193 1319 389 1380 θεαθεὶς
420 1324 539 1379 τοῖς
572 1318 805 1375 ἐκείνων.
854 1320 956 1375 Καὶ
1001 1317 1067 1388 δὴ
1116 1322 1238 1395 περὶ
1298 1320 1509 1376 τούτων
1563 1327 1641 1393 τῷ
1693 1325 1841 1398 βασι-

194 1406 272 1460 λεῖ
324 1406 893 1483 κοινολογησάμενος,
942 1408 1045 1463 ὑπὸ
1102 1409 1291 1483 πολλῇ
1350 1414 1417 1484 λῇ
1478 1410 1725 1485 σπατάλῃ
1761 1411 1838 1467 ἇν-

189 1497 493 1557 σκευασϐεξς
525 1494 607 1551 ἐπ’
643 1496 946 1567 Ἀνατολῆς
995 1495 1218 1567 ἤλαυνε,
1272 1498 1361 1553 καὶ
1410 1504 1529 1563 τοῖς
1585 1497 1834 1576 ἀνδράσιν

188 1584 422 1656 ἐπιστὰς,
456 1587 532 1639 ὧν
566 1583 633 1654 δὴ
659 1586 749 1640 καὶ
809 1587 885 1649 εἴς
929 1588 994 1642 τὰ
1048 1587 1284 1660 μάΛιστα
1315 1590 1342 1643 ὁ
1395 1591 1699 1662 θαυμαστὸς
1743 1592 1836 1662 ἅμ’

190 1673 371 1749 ἀρετὴν
434 1674 528 1728 καὶ
586 1672 747 1752 λόγον
812 1674 1088 1749 Βλεμίδης
1142 1678 1232 1746 ἦν,
1292 1676 1465 1740 πολὺς
1497 1679 1562 1747 ἦν
1594 1677 1719 1741 τοὺς
1752 1677 1835 1732 siv-

1963 530 2375 603 χρησιμεῦοντα
2408 552 2420 564 ·
2480 534 2628 606 αὐτῷ
2673 536 2775 611 γὰρ
2827 544 3177 613 προσκεῖσθαι
3235 541 3325 596 καὶ
3383 544 3611 616 βασιλέα

1960 615 2523 695 πληροφορούμενον,
2585 622 2723 679 ὥστε
2784 627 2860 697 μὴ
2920 627 3067 691 ὅπως
3124 615 3436 702 ξυμϐαίνειν
3495 637 3605 689 τισὶ

1959 704 2176 780 χαλεπὰ
2250 708 2340 763 καὶ
2402 710 2669 780 ἀνήκεστα
2715 706 3129 788 προσκειμένοις
3189 718 3415 791 ἒκείνῳ,
3461 720 3606 777 ἀλλὰ

1955 794 2043 849 καὶ
2103 794 2339 859 πολλοῖς
2394 796 2585 861 ἄλλοις
2618 803 2698 874 [Ρ.
2732 805 2858 877 232]
2922 805 2976 858 εὗ
3032 805 3301 881 γίγνεσθαι
3360 806 3447 863 διὰ
3501 811 3599 878 τὴν

1953 885 2089 960 πρὸς
2134 886 2290 941 αὐτὸν
2348 887 2616 963 βασιλέως
2666 891 3073 966 ἀγαθοθὲλειαν.
3124 900 3293 952 Τοῦτο
3343 898 3430 952 καὶ
3462 900 3601 974 πρὸς

1952 973 2157 1038 ἄλλους
2202 981 2311 1031 τῶν
2370 986 2750 1052 πνευματικῶν
2812 980 3019 1056 ἀνδρῶν
3054 983 3230 1060 ἔλεγε,
3289 992 3448 1043 τοῦτο
3507 973 3597 1044 καὶ

1950 1067 2087 1141 πρὸς
2117 1066 2275 1121 αὐτὸν
2308 1066 2650 1141 Βλεμμίδην,
2702 1068 2789 1124 καί
2838 1072 3115 1146 παρεσύλα
3165 1077 3260 1138 τὰς
3321 1077 3412 1131 ἀπ’
3458 1078 3597 1133 ὲκεί-

1949 1176 2054 1209 νων
2116 1154 2323 1218 εὐνοίας
2382 1154 2907 1234 φιλοφρονούμενος.
2965 1165 3057 1233 Τῷ
3110 1161 3167 1218 δὲ
3213 1186 3272 1237 γε
3304 1165 3593 1242 Βλεμμίδῃ

1949 1244 2039 1298 καὶ
2072 1242 2212 1301 ἄλλο
2243 1247 2378 1300 κατὰ
2407 1247 2607 1301 σκοπὸν
2639 1247 2704 1315 ἧν
2736 1250 2796 1301 τὸ
2845 1252 3029 1304 πεῖοον
3081 1252 3281 1307 ἐκεῖνον
3316 1252 3589 1330 δέχεσθαι.

1949 1330 2173 1403 Ἐπειδὴ
2234 1335 2336 1409 γὰρ
2390 1337 2589 1399 ἐκεῖνος
2645 1335 2945 1415 φιλόσοφον
3008 1337 3204 1409 διαζῶν
3286 1343 3401 1415 βίον
3463 1344 3593 1407 ὅλος

1945 1427 2052 1477 τῶν
2112 1422 2218 1478 ὧδε
2271 1424 2501 1499 ἐξῄρητο
2532 1426 2619 1479 καὶ
2651 1426 2872 1490 ἀπαθῶς
2906 1428 3022 1503 εἶχε
3051 1431 3187 1503 πρὸς
3219 1432 3286 1484 τὰ
3314 1433 3589 1505 γινόμενα,

1948 1510 2071 1567 οὔτε
2115 1516 2219 1568 τινὶ
2256 1520 2584 1589 προσπαθῶν
2646 1513 2767 1570 οὔτε
2830 1518 2938 1589 μὴν
2998 1517 3278 1591 ἐμπαθῶν,
3311 1519 3436 1574 ἀλλ’
3464 1522 3529 1589 ἦν
3562 1523 3592 1575 ὁ

1944 1606 2068 1664 νοῦς
2101 1602 2291 1674 ἐκείνῳ
2339 1602 2412 1663 ὡς
2469 1602 2516 1656 εἴ
2567 1605 2640 1674 μὴ
2689 1605 2899 1677 σώματι
2962 1605 3107 1669 ὅλως
3168 1605 3473 1683 κατείχετο,
3534 1606 3587 1664 ἓν

1944 1691 2224 1765 ἐΛογίζετο
2252 1692 2339 1747 καὶ
2387 1693 2660 1767 Ἀρσὲνιον
2692 1696 2822 1748 εἶναι
2872 1696 2961 1750 καὶ
3013 1698 3236 1775 Ἰωσὴφ,
3271 1698 3333 1751 οὐ
3362 1705 3589 1772 γυμνοῖς

190 1760 302 1837 δρας
351 1764 831 1838 ὑποποιοόμινος.
893 1767 996 1822 Καὶ
1053 1765 1375 1840 προσὲπειϐε
1431 1766 1605 1842 λέγων
1666 1789 1835 1843 προσ·
1868 1808 1911 1871 Β
1944 1782 2125 1844 αὐτοῖς
2181 1780 2469 1856 προσέχων
2500 1787 2616 1843 τοῖς
2646 1785 3012 1859 γιγνομένοις,
3071 1786 3144 1846 ὡς
3191 1760 3284 1839 ἰκτὸν
3340 1788 3433 1858 μὲν
3466 1788 3587 1862 κρί-

239 1857 259 1867 -
294 1854 317 1871 η
506 1853 521 1869 ς
715 1854 728 1871 ε
852 1854 863 1871 ,
914 1856 927 1871 .
1037 1858 1080 1871 ..
1235 1856 1246 1871 .
1418 1856 1432 1871 ς
1668 1858 1678 1871 .
2146 1868 2160 1871 _
2655 1868 2667 1871 -
2859 1867 2875 1871 Α

185 1854 381 1907 κεῖσθαι
466 1853 560 1927 μὲν
642 1854 731 1909 καὶ
807 1854 966 1918 αὐτὸς
1037 1856 1296 1931 Ἀρσενίῳ
1345 1856 1433 1910 καὶ
1484 1858 1830 1934 πατριάρχην

182 1943 444 2015 ἡγεῖσθαι,
515 1947 620 1997 τῶν
704 1945 818 1998 κατ’
877 1942 1082 2000 ἐκείνου
1140 1946 1599 2009 συσκευασθέντων
1658 1943 1832 2002 διακε-

181 2037 266 2099 γῆς
323 2029 475 2104 μηδὲ
531 2033 595 2086 τὸ
656 2032 835 2107 βραχὺ
892 2032 1215 2111 φροντίζωνο
1278 2033 1430 2107 ὅμως
1487 2032 1533 2089 δ’
1587 2034 1826 2110 ἀνάγκης

182 2116 332 2190 οὔσης
396 2122 501 2190 τὴν
560 2118 889 2191 Ἐκκλησίαν
944 2124 1353 2196 ποιμαίνεσθαι,
1413 2124 1652 2199 ἀνάγκην
1692 2125 1827 2181 εἶναι

178 2209 286 2265 τινὰ
333 2211 435 2266 τὸν
484 2209 690 2267 ἐκείνου
718 2213 884 2268 τόπον
931 2212 1312 2289 ἀποπληροῦν,
1364 2212 1571 2270 ἐκείνου
1606 2216 1680 2289 μή
1734 2210 1822 2270 ὄν-

186 2445 306 2513 post
353 2456 522 2509 eum,
580 2440 743 2498 nullo
800 2443 983 2498 turba
1041 2444 1329 2500 obstantis
1386 2444 1829 2517 impedimento,

185 2531 337 2587 facile
373 2532 761 2604 ingressurus
805 2534 1121 2590 videretur.
1172 2535 1251 2590 Ac
1294 2551 1394 2590 eos
1441 2534 1675 2606 quidem
1729 2536 1830 2606 qui

187 2619 370 2691 palam
398 2619 458 2674 in
484 2621 630 2676 urbe
652 2621 933 2678 adversus
954 2621 1277 2694 Josepbum
1301 2622 1700 2679 declamantes
1724 2639 1830 2695 po-

188 2708 384 2780 pulum
421 2709 495 2764 ab
526 2726 592 2766 eo
624 2711 982 2776 avertebant,
1024 2728 1155 2766 cum
1202 2711 1255 2766 is
1292 2713 1415 2781 jam
1463 2711 1663 2767 omnia
1706 2712 1833 2766 fru-

188 2802 297 2853 stra
316 2803 601 2870 expertus
623 2799 771 2854 nihil
796 2800 1037 2856 haberet
1066 2801 1223 2856 aliud
1254 2802 1407 2872 quod
1442 2805 1659 2872 ageret,
1692 2816 1830 2855 con-

188 2889 440 2944 temnere
485 2888 775 2960 optimum
820 2890 1048 2961 putavit
1077 2889 1509 2962 negligereque,
1542 2889 1703 2945 nulla
1731 2905 1834 2944 eo-

188 2992 306 3032 rum
354 2977 416 3032 in
465 2977 881 3034 distributione
926 2980 1401 3051 praefecturarum
1447 2984 1504 3035 et
1544 2979 1833 3035 honorum

187 3066 403 3122 ratione
427 3067 1180 3140 habenda,rejiciendisque
1200 3069 1585 3140 petitionibus
1600 3068 1831 3136 talium,

186 3171 243 3209 ac
268 3157 313 3211 si
347 3173 470 3228 qua
495 3157 642 3213 forte
673 3161 917 3230 urgente
948 3158 1300 3213 necessitate
1332 3157 1655 3213 studiosius
1694 3173 1830 3212 cum

188 3259 245 3299 eo
289 3246 601 3318 quidpiam
652 3251 1000 3319 cogerentur
1046 3263 1238 3320 agere,
1288 3248 1533 3303 auribus
1583 3246 1834 3318 superbe

190 3334 536 3399 avertendis,
568 3335 787 3391 duritia
818 3353 995 3408 quam
1026 3337 1193 3392 facile
1222 3338 1509 3392 sentirent
1538 3337 1596 3391 in
1628 3341 1835 3392 contu-

192 3424 382 3478 maciae
416 3424 684 3496 ipsorum
718 3424 1005 3480 ultionem
1040 3426 1318 3481 affectari.
1352 3426 1636 3481 Caeterum
1676 3425 1833 3480 idem

189 3512 424 3569 audiens
452 3514 613 3569 viros
652 3513 994 3586 spirituales
1022 3532 1124 3586 per
1147 3516 1443 3570 Orientem
1488 3515 1835 3570 insudantes

194 3600 529 3659 virtutibus.
556 3603 675 3658 Deo
704 3604 966 3659 viventes
997 3604 1127 3669 soli,
1158 3604 1349 3659 'etiam
1396 3604 1555 3675 ipsos
1602 3604 1659 3658 in
1710 3619 1835 3659 sese

195 3692 596 3763 scandalizari,
630 3694 1094 3764 praevertendum
1129 3694 1263 3748 inde
1290 3694 1570 3765 ingruens
1608 3692 1833 3748 malum

194 3781 344 3836 omni
376 3782 573 3837 studio
606 3783 850 3854 putavit,
885 3782 1242 3855 dignamque
1291 3799 1411 3838 rem
1455 3798 1580 3837 eam
1628 3782 1836 3837 statuit

190 3871 273 3924 cui
318 3888 577 3943 prasens
622 3873 998 3943 procuranda;
1046 3871 1191 3927 nulli
1241 3888 1486 3944 parcens
1517 3888 1700 3942 eperss
1732 3889 1832 3927 va-

190 3963 363 4030 caret,
394 3977 500 4033 spe
531 3960 808 4016 videlicet
836 3960 1121 4016 invitante
1152 3962 1271 4018 fore
1303 3964 1368 4015 ut
1398 3961 1552 4033 apud
1583 3977 1681 4017 eos
1727 3977 1832 4015 au-

192 4048 439 4105 ditarum
461 4050 523 4105 in
548 4066 610 4105 se
632 4050 933 4105 absentem
968 4050 1447 4105 criminationem
1478 4048 1832 4104 calumniam

193 4143 495 4211 conspectu
530 4140 685 4194 ultre
716 4138 948 4195 oblatus
979 4139 1351 4210 blandusque
1390 4155 1584 4194 coram
1640 4154 1832 4194 sermo

195 4227 495 4283 refelleret.
528 4228 786 4284 Consilio
816 4228 1001 4299 igitur
1031 4229 1367 4299 imperatori
1401 4227 1833 4283 communicato

192 4316 567 4389 probatoque,
615 4317 894 4373 comitatu
945 4316 1128 4373 multo
1173 4316 1600 4388 splendideque
1644 4332 1834 4387 usque

192 4406 257 4459 ad
302 4404 504 4461 luxum
549 4411 861 4478 apparatu,
907 4408 966 4461 in
1003 4406 1298 4462 Orientem
1349 4406 1645 4477 prolectus
1693 4410 1828 4474 est;

192 4492 391 4567 ibique
411 4511 538 4551 cum
565 4496 713 4551 alios
736 4496 895 4551 viros
919 4495 1177 4551 celebres
1201 4501 1481 4567 repertos,
1517 4499 1636 4550 tum
1665 4494 1831 4550 illum

1939 1893 2049 1926 νειν
2106 1868 2449 1940 ἀδικηθέντα,
2499 1871 2590 1924 τὸν
2650 1868 2695 1925 δ’
2752 1867 3074 1946 ἐπιϐήτορα·
3119 1878 3284 1928 ταῦτα
3325 1875 3425 1949 γὰρ
3475 1894 3582 1950 χα-

1944 1964 2182 2034 μερποῦς
2213 1981 2357 2023 τινος
2406 1956 2643 2023 διανοίας
2683 1960 2773 2015 καὶ
2831 1959 3002 2033 μηδὲν
3060 1961 3297 2037 ἐχούσης
3336 1967 3442 2017 τῶν
3476 1985 3585 2018 πα-

1940 2051 2145 2127 ρόντων
2176 2049 2342 2105 πλέον
2399 2049 2474 2111 εἷς
2536 2049 2765 2126 θεωρίαν
2822 2053 3037 2126 ἡγεῖτο,
3095 2051 3222 2107 ἀλλ’
3254 2049 3411 2113 εἰδὼς
3451 2057 3586 2108 Θεοῦ

1941 2144 2037 2216 μὲν
2092 2144 2153 2197 τὸ
2210 2142 2457 2205 εὐσταθὲς
2486 2143 2575 2197 καὶ
2610 2140 2883 2214 ἀκίνητον,
2933 2143 3227 2218 ἀνθρώπων
3276 2140 3333 2197 δὶ
3384 2145 3445 2198 τὸ
3480 2166 3585 2217 μη-

1937 2230 2022 2287 δὲν
2057 2232 2107 2287 ὲν
2156 2229 2345 2305 μηδενὶ
2399 2230 2486 2286 ἐπὶ
2534 2234 2631 2285 τοῦ
2674 2229 2839 2286 αὐτοῦ
2892 2228 2987 2286 κᾶν
3046 2229 3225 2307 βραχὺ
3278 2231 3452 2304 μένειν
3508 2234 3588 2306 (εῦ

1940 2462 2003 2502 se
2032 2444 2340 2501 revocabili
2373 2444 2591 2516 injuria
2622 2445 2812 2515 ejecti.
2845 2446 3124 2499 Secutum
3158 2446 3353 2499 autem
3386 2443 3444 2498 in
3474 2443 3593 2499 hoc

1934 2534 2162 2605 judicia
2193 2534 2745 2605 multorum,aptum
2779 2548 2843 2588 se
2872 2533 2945 2587 ad
2979 2532 3036 2586 id
3071 2532 3469 2587 necessarium
3495 2532 3592 2588 Ee-

1942 2624 2130 2680 clesiaa
2163 2624 2221 2679 in
2268 2621 2615 2678 necessitate
2661 2626 2828 2677 tanta
2876 2620 3273 2675 exhibendum
3327 2618 3590 2675 ofﬁcium

1943 2713 2335 2781 censentium,
2384 2712 2456 2767 ob
2505 2727 2640 2766 eum
2691 2710 2948 2766 maxime
2996 2708 3084 2764 vel
3110 2708 3472 2765 auctoritatis
3500 2708 3591 2764 vel

1943 2802 2140 2874 gratiae
2163 2801 2356 2857 locum
2381 2816 2555 2872 quem
2579 2801 2733 2871 apud
2756 2800 3175 2871 imperatorem
3211 2798 3524 2863 obtineret,
3557 2812 3591 2853 θ.

1943 2908 2056 2961 quo
2088 2888 2517 2960 audiretur,qui
2549 2888 2672 2943 suis
2701 2886 2963 2943 consiliis
2995 2886 3266 2950 deferret,
3302 2884 3427 2940 suis
3458 2900 3592 2956 pre-

1944 2981 2111 3036 cibus
2143 2982 2447 3046 annueret,
2474 2979 2647 3048 prout
2676 2979 2833 3031 esset
2860 2974 3111 3029 utilitate
3143 2973 3455 3044 probatum
3480 2988 3590 3042 pu-

1946 3068 2117 3124 blica.
2149 3068 2275 3123 Non
2308 3066 2482 3122 modo
2512 3064 2669 3119 enim
2702 3080 2879 3133 opera
2908 3062 3092 3117 fuisse
3123 3078 3226 3117 sua
3259 3060 3589 3131 mitigatam

1947 3156 2315 3228 imperatoris
2348 3155 2494 3209 iram
2528 3154 2586 3207 in
2620 3150 2852 3207 Arsenii
2884 3151 3162 3219 fautores,
3203 3149 3592 3218 effectumque

1948 3262 2019 3301 ne
2048 3245 2121 3300 iis
2152 3243 2502 3299 ulciscendis
2534 3240 2801 3311 maleque
2831 3237 3151 3293 multandis
3180 3252 3416 3292 summa
3437 3237 3592 3307 prin-

1943 3350 2078 3406 ceps
2113 3331 2372 3404 potentia
2402 3334 2683 3397 uteretur,
2707 3328 2807 3385 sed
2842 3330 3215 3399 procuratum
3249 3324 3425 3381 etiam
3457 3341 3591 3381 eum

1946 3439 2244 3490 successu,
2278 3420 2482 3475 multis
2515 3424 2580 3474 ut
2610 3417 2742 3474 aliis
2768 3418 2916 3473 bene
2961 3420 3137 3482 esset,
3189 3430 3481 3486 propensa
3527 3415 3589 3470 in

1943 3530 2005 3569 se
2030 3512 2299 3584 privatim
2321 3508 2691 3582 imperatoris
2709 3505 3111 3563 benevolentia
3131 3507 3189 3558 in
3217 3509 3586 3570 cunctorum,

1944 3603 2137 3674 quoad
2172 3598 2479 3673 potuisset,
2531 3597 2827 3670 egentium
2876 3610 3190 3651 commune
3233 3591 3585 3648 beneﬁcium

1943 3692 2283 3748 derivanda.
2314 3688 2479 3745 Talia
2508 3705 2641 3743 cum
2676 3686 2967 3758 religiosis
2999 3684 3117 3740 illis
3166 3683 3398 3748 ascetis,
3451 3698 3584 3737 cum

1946 3782 2055 3852 ipsi
2096 3780 2456 3844 'Blemmida’,
2494 3776 2796 3849 sigillatim
2858 3789 3148 3846 quemque
3207 3771 3584 3839 conveniens,

1942 3869 2104 3927 omni
2135 3886 2202 3926 ea
2233 3867 2517 3933 adhibita,
2548 3882 2724 3937 quam
2758 3865 3011 3920 habebat
3041 3858 3586 3934 plurimam,conci-

1943 3959 2277 4015 liaudorum
2313 3956 2669 4027 quibuscum
2701 3957 2899 4024 ageret
2930 3951 3097 4007 suavi
3129 3950 3413 4013 efficacia,
3462 3963 3585 4002 me-

1943 4051 2248 4111 morasset,
2306 4044 2481 4099 vertit
2526 4042 2805 4097 nimirum
2850 4040 2908 4095 in
2961 4056 3089 4095 sese
3137 4037 3334 4093 studia
3382 4051 3584 4091 eorum

1942 4139 2302 4206 affectusque
2325 4132 2542 4204 rapuit,
2574 4134 2920 4202 cooperante
2943 4128 3001 4183 in
3026 4128 3083 4182 id
3106 4128 3303 4199 ipsum
3340 4142 3453 4181 non
3488 4141 3586 4196 pa-

1942 4244 2072 4282 rum
2098 4223 2327 4280 liberali
2358 4221 2688 4293 largitione,
2710 4236 2825 4290 quo
2856 4220 3097 4273 cunctos
3127 4219 3456 4287 Opportune
3485 4215 3584 4269 de-

1940 4315 2150 4383 linivit,
2183 4330 2298 4368 non
2330 4310 2622 4365 illibenter
2653 4306 3061 4373 admittentes;
3096 4319 3433 4377 quanquam
3464 4302 3588 4359 haec

1942 4404 2180 4476 quidem
2215 4418 2309 4456 res
2339 4414 2545 4472 parum
2580 4398 2651 4452 ad
2684 4395 3104 4452 emolliendum
3150 4394 3258 4466 ipsi
3307 4392 3582 4447 Blemmi-

1942 4495 2073 4549 dam
2106 4490 2306 4546 valuit.
2340 4489 2530 4559 Longe
2562 4486 2692 4542 aliae
2718 4485 2842 4540 viro
2887 4484 2992 4550 illi,
3039 4500 3143 4554 pro
3192 4481 3361 4555 genio
3406 4496 3582 4552 pecu-

193 4582 251 4637 in
284 4584 487 4656 primis
520 4584 936 4640 admirandum
973 4584 1252 4656 religione
1275 4601 1340 4640 ac
1363 4584 1626 4641 doctrina
1652 4582 1836 4640 Blem-
1866 4560 1910 4623 D
1943 4580 2073 4637 liari
2105 4598 2171 4636 ac
2199 4583 2357 4635 secta
2387 4576 2712 4648 disciplina:
2745 4575 3050 4645 cujusdam
3102 4571 3368 4645 proprize,
3417 4570 3583 4626 Jose-

196 4673 434 4744 midam,
467 4681 527 4729 ut
559 4674 683 4731 suis
725 4674 993 4746 partibus
1042 4675 1411 4747 adjungeret,
1461 4674 1613 4729 339
1666 4673 1833 4729 enixe

196 4779 303 4817 nec
330 4762 487 4833 plane
509 4764 732 4820 frustra
752 4763 1052 4819 laboravit.
1084 4763 1382 4819 Persuasit
1412 4763 1565 4818 enim
1598 4763 1683 4818 eis
1714 4763 1833 4819 fere

196 4852 356 4922 quod
392 4853 635 4923 volebat,
680 4870 812 4909 cum
873 4853 1091 4909 diceret
1132 4853 1429 4908 studuisse
1477 4869 1540 4908 se
1598 4868 1832 4924 quoque

198 4940 386 5012 ipsum
418 4943 682 5013 Arsenio,
716 4946 771 4998 et
802 4958 905 5015 pro
936 4959 1069 4999 vero
1114 4941 1278 4997 illum
1328 4942 1538 4997 habere
1583 4941 1831 5013 patriar-

203 5030 331 5097 cha,
375 5031 821 5105 existimareque
866 5049 1047 5088 vanas
1094 5031 1295 5103 inique
1336 5034 1585 5086 structas
1631 5034 1833 5086 contra

199 5134 331 5173 eum
359 5119 637 5177 hactenus
669 5127 727 5177 et
755 5121 1072 5177 artificiose
1102 5120 1456 5192 compositas
1504 5119 1830 5175 machima-

198 5206 381 5264 tiones
409 5228 636 5278 omnes,
670 5216 919 5283 actaque
949 5212 1065 5267 ista
1110 5215 1323 5267 cuncta
1369 5212 1582 5266 ducere
1620 5227 1721 5281 pro
1753 5210 1829 5265 ir-

202 5297 327 5353 ritis
354 5318 449 5357 nec
474 5302 649 5358 nauci
684 5302 891 5357 facere.
916 5303 1022 5357 Sed
1047 5319 1180 5357 cum
1204 5301 1277 5357 iis
1300 5301 1586 5356 obsistere
1618 5300 1827 5371 nequi-

205 5389 520 5453 ret,videret
550 5396 748 5447 autem
782 5392 1123 5447 destitutam
1176 5390 1493 5447 Ecclesiam
1547 5390 1829 5461 gravissi-

206 5475 318 5531 mis
334 5495 453 5536 esse
470 5480 751 5552 periculis
773 5481 1120 5552 expositam,
1150 5481 1217 5536 ad
1244 5497 1369 5536 eam
1403 5478 1826 5535 sublevandam

206 5570 267 5619 et
294 5570 606 5627 certissimo
637 5570 813 5626 exitio
845 5570 1307 5626 subtrahendam
1341 5570 1828 5640 accessisse,sup-

206 5651 407 5725 piendo
449 5665 751 5731 utcunque
795 5659 920 5717 lace
964 5659 1216 5733 pastoris
1257 5659 1398 5728 veri,
1447 5657 1633 5715 aliena
1660 5674 1763 5714 nec
1794 5676 1830 5717 a

1943 4671 2118 4743 phum
2153 4669 2407 4724 rationes
2438 4665 2950 4722 commendarunt.
3002 4664 3195 4719 Inerat
3243 4658 3580 4716 Blemmidse

1941 4760 2176 4816 animus
2207 4757 2323 4813 alta
2349 4758 2602 4829 quadam
2633 4758 2690 4810 et
2716 4752 3107 4825 aspernatrice
3131 4750 3306 4823 vulgo
3353 4752 3581 4820 specta-

1942 4861 2130 4908 tarum
2156 4866 2347 4906 rerum
2371 4846 2745 4920 philosophia
2766 4844 3073 4911 subnixus,
3098 4843 3393 4898 abstracta
3413 4854 3582 4893 mens

1942 4940 2204 5012 quadam
2231 4957 2262 4994 a
2282 4936 2652 4995 concretione
2680 4934 2962 5006 corporis,
2985 4937 3042 4988 et
3072 4930 3274 5004 procul
3306 4929 3586 4999 abjuncta

1941 5031 2287 5103 contagione
2318 5027 2632 5084 humilium
2667 5023 3063 5081 curarum.Nil
3093 5035 3444 5093 magnopere
3476 5017 3588 5073 mi-

1942 5120 2156 5191 rari;ne
2181 5118 2338 5189 tangi
2368 5116 2602 5189 quidem
2638 5113 2972 5171 tenerrimis
3003 5110 3308 5167 affectibus
3340 5112 3586 5173 natura,

1944 5227 2053 5265 non
2088 5208 2346 5263 indolere
2378 5205 2668 5273 tristibus,
2690 5221 2805 5259 non
2835 5202 3127 5259 exsultare
3154 5199 3324 5263 laztis,
3360 5212 3473 5250 non
3507 5194 3589 5248 ef-

1939 5299 2073 5354 ferri
2090 5295 2921 5370 speciosis,0mniaunumesse
2936 5308 3001 5347 ac
3014 5290 3252 5362 perinde
3266 5286 3464 5341 haberi
3480 5300 3593 5339 0m-

1940 5390 2101 5444 nium
2121 5404 2345 5455 securo;
2382 5386 2543 5441 nullo
2563 5383 2903 5440 discrimine
2920 5381 3035 5438 odii
3055 5380 3321 5452 gratiaeve
3340 5375 3410 5428 de
3428 5375 3583 5429 340

1938 5477 2226 5551 personis,
2258 5476 2420 5532 nullo
2454 5478 2715 5548 respectu
2766 5473 3121 5545 privatarum
3168 5465 3459 5519 rationum
3509 5462 3581 5516 dc

1938 5565 2866 5641 quibuscunquejudicantiErgo
2891 5559 3025 5616 huic
3050 5556 3147 5612 tali
3173 5551 3581 5641 Arseniusaut

1935 5637 2227 5731 .losephus
2244 5637 2480 5715 nemina
2496 5658 2660 5713 erant
2677 5650 3076 5723 mera,quibus
3093 5642 3311 5703 auditis
3326 5637 3470 5695 nihil
3484 5638 3583 5700 ille
