3912 6192
355 280 461 338 791

1659 279 1963 337 GEORGII
2001 274 2469 333 PACHYMERB
3581 283 3664 341 792

355 404 458 480 γὰρ
517 403 604 459 καὶ
661 402 1000 477 Ἡρακλείτῳ
1056 402 1303 478 εἰρῆσθαι
1353 403 1415 458 τὸ
1474 404 1550 476 μὴ
1585 401 1669 457 ἐπὶ
1701 405 1800 456 τοῦ
1829 398 1992 454 αὐτοῦ
2025 406 2079 470 Α
2109 399 2143 468 ἢ
2196 399 2295 466 τήν
2356 398 2470 452 κατ’
2527 395 2848 472 ἀνθρώπους
2903 399 3098 471 τιμὴν,
3155 396 3190 466 ἦ
3220 395 3281 467 δὴ
3311 395 3544 469 δεξιώσεις
3579 402 3665 480 ἔχει

355 489 629 552 εἶναιοδίς
691 490 931 564 βάπτειν,
992 490 1083 545 καὶ
1146 491 1409 565 Κρατ·5λῳ
1466 490 1679 562 μᾶλλον
1731 490 1806 553 ὡς
1862 484 2002 562 μηδὲ

353 580 510 648 ἅπαξ,
570 583 675 632 τῶν
734 581 1074 654 πραγμάτων
1127 577 1283 650 δίκην
1331 580 1547 656 ἀείρρου
1605 579 1868 655 ῥεύματος
1897 597 1999 630 ποι-

352 668 779 742 ρατρεχόντων),
833 671 909 741 μή
963 667 1146 723 καινὸν
1180 669 1318 724 εἶναι
1373 666 1500 742 μηδ’
1534 667 1719 729 ἄλλως
1754 666 1922 736 ξενον,
1956 665 2001 718 εἰ

346 757 436 810 καὶ
498 758 772 830 Ἀρσένιος
833 757 1098 813 ἀδικοῖτο.
1151 760 1220 813 Τὸ
1267 760 1367 834 γὰρ
1418 758 1704 834 ἀναγκαῖον
1759 753 1813 811 ἓν
1871 757 2002 810 εἶναι

420 844 434 864 κ
524 845 536 866 1
699 847 711 864 \
818 848 829 865 ν
906 843 953 866 ρο
1153 847 1202 882 Ι..
1666 844 1684 878 ι
1755 868 1763 884 ν
1885 843 1997 899 Ἰὶλι

346 865 436 899 και
467 866 632 918 μονον
660 867 721 900 το
779 868 1018 914 ευσεοες,
1074 869 1270 902 τουτου
1366 889 1387 901 ..
1440 867 1783 921 τηρουμενοο
1841 866 1942 898 τα,

349 934 677 1011 ἆπεῤῥίφοαι
734 936 936 1012 ἀνάγκη
987 942 1102 998 τοῖς
1135 937 1485 1011 αἱρουμένοις
1549 938 1641 1005 ζῇν
1703 935 1841 989 κατά
1873 935 2001 1007 τρό·

347 1045 471 1080 πον.
535 1026 698 1080 Ταῦτ’
756 1023 856 1100 ἄρα
927 1026 1015 1080 καὶ
1070 1027 1274 1098 Ἰωσὴφ
1335 1022 1577 1098 ἐδέχετο,
1631 1023 1809 1077 καίτοι
1862 1022 1998 1096 πρὸς

346 1111 548 1167 ἐκεῖνον
597 1112 768 1175 οὕτως
829 1112 974 1188 ἔχων
1031 1115 1104 1175 ὡς
1171 1112 1311 1186 μηδὲ
1364 1121 1461 1181 τῆς
1513 1112 1720 1182 κελλης
1771 1111 1996 1181 ἐξελθὼν

346 1206 784 1276 προϋπαντῆσαι,
834 1203 980 1257 ἀλλὰ
1030 1201 1169 1274 μηδὲ
1199 1204 1484 1277 προσιόντι
1543 1205 2000 1277 προεξαναστῆναι

354 1292 647 1364 μακρόθεν,
701 1289 831 1362 μηδ’
889 1289 1029 1346 ἄλλο
1084 1313 1135 1345 τι
1193 1297 1299 1344 τῶν
1358 1291 1432 1351 εἷς
1466 1291 1702 1354 θωπείαν
1747 1289 1837 1343 καὶ
1870 1310 1998 1360 σμι-

348 1378 710 1452 κροπρὲπειαν
762 1380 837 1442 εἰς
884 1383 1047 1455 χάριν
1101 1381 1248 1452 αὐτῷ
1311 1377 1719 1452 διαπράξασθαι.
1777 1380 1846 1431 Τὸ
1893 1378 1997 1452 γὰρ

350 1467 487 1540 πρὸς
514 1466 836 1545 φιλοσοφίαν
865 1469 1140 1530 ἐπικλινὲς
1189 1470 1274 1522 καὶ
1324 1469 1386 1522 τὸ
1438 1469 1574 1540 πρὸς
1619 1468 1685 1520 τὰ
1744 1465 1858 1536 εἶ’δη
1909 1466 1998 1520 καὶ

355 1555 496 1628 μόνα
539 1561 646 1610 τῶν
701 1559 1032 1632 πραγμάτων
1080 1553 1435 1627 ἐπιϐλητικὸν
1489 1556 1810 1629 ἀμείλικτον
1857 1556 1997 1610 ἐκεῖ·

347 1665 444 1697 νον
479 1643 638 1698 ἐτίθει
686 1646 752 1700 τὰ
798 1647 932 1719 πρὸς
987 1644 1147 1716 ὕλην,
1203 1646 1292 1700 καὶ
1342 1647 1402 1699 τὸ
1451 1645 1634 1722 ἐφετὸν
1681 1646 1818 1699 κατὰ
1872 1649 1996 1698 νοῦν

349 1727 494 1806 ἔχων
527 1735 786 1808 παρεώρα
825 1734 886 1787 τὸ
945 1734 1250 1810 ἐφιέμενον.
1309 1735 1465 1790 ὋΟεν
1520 1733 1618 1788 οὐκ
1666 1734 1999 1806 ἀνθρώποις,

351 1820 498 1875 ἀλλά
553 1821 864 1897 πράγμασιν
909 1818 1248 1893 ἐπιϐάλλων,
1297 1823 1517 1883 ἐκείνοις
1569 1824 1662 1894 μὲν
1713 1822 1891 1897 ἐτήρει
1939 1822 2002 1876 τὸ

351 1913 530 1983 θαῦμα
585 1911 674 1966 καὶ
709 1909 1204 1987 ὑπερεξεπλήττετο
1245 1912 1335 1966 καὶ
1369 1910 1556 1974 ἄλλως
1602 1916 1765 1984 τιμᾷν
1813 1912 2001 1985 ᾑρεῖτο

347 2148 490 2188 sane
511 2133 581 2187 ad
609 2133 864 2187 favorem
883 2133 1234 2188 invidiamve
1249 2133 1803 2190 moveretur.Unum
1819 2133 1968 2190 inter
1984 2166 1998 2174 -

345 2235 476 2277 esse
489 2222 900 2292 putabatsua,j
913 2226 1107 2277 ustum
1121 2223 1726 2293 amplecti,nocentcm
1744 2224 1997 2280 aversari

345 2311 495 2366 Tum
525 2311 594 2364 de
636 2310 832 2364 causis
881 2314 1152 2382 protinus
1200 2311 1347 2382 ipsis
1403 2312 1530 2366 sine
1583 2312 1918 2384 praejudicio
1969 2329 2002 2366 a

342 2398 616 2470 personis
649 2399 826 2452 ducto
859 2400 1141 2454 statuenti
1174 2400 1460 2456 Arscnius
1493 2401 1730 2472 quidem
1781 2401 2000 2472 injuste

347 2488 629 2556 dejectus,
662 2487 958 2558 Josephus
992 2487 1299 2560 illegitime
1349 2489 1617 2545 intrusus
1664 2490 1992 2546 videbatur.

347 2575 525 2630 Trahi
555 2575 710 2629 enim
745 2576 804 2629 in
835 2577 1128 2632 censendo
1156 2578 1445 2647 judicium
1479 2595 1511 2634 a
1542 2578 1823 2644 studio,et
1856 2589 1997 2651 pen-

349 2664 494 2719 dens
509 2662 815 2717 arbitrium
838 2662 1034 2718 liberae
1056 2665 1266 2720 mentis
1287 2666 1554 2720 inclinari
1573 2667 1886 2721 momentis
1900 2671 2000 2721 aut

349 2751 618 2823 obsequii
641 2751 875 2807 obnoxii
899 2757 1000 2808 aut
1023 2758 1486 2825 quaestuosarum
1515 2755 1830 2824 rationum,
1863 2756 1998 2810 vitio

347 2841 677 2913 imputabat
708 2842 918 2896 animae
954 2841 1115 2897 humi
1149 2843 1458 2914 reptantis,
1493 2860 1598 2899 nec
1631 2843 1898 2899 attollere
1937 2862 1999 2900 se

349 2934 496 3002 aptas
520 2947 701 3002 supra
724 2947 983 2986 massam
1009 2932 1160 2988 hanc
1183 2933 1352 2988 vilem
1379 2950 1589 2988 crassae
1610 2933 1998 2989 (.oncretionis

347 3019 407 3075 in
440 3019 993 3093 contemplationem
1022 3021 1134 3076 sibi
1168 3039 1560 3095 congenerum
1593 3028 1649 3077 et
1679 3039 1741 3078 se
1789 3022 1996 3095 digna-

350 3126 480 3164 rum
517 3110 779 3164 idearum
815 3111 1135 3182 superioris
1183 3112 1443 3183 sphaerae.
1497 3113 1778 3167 Caeterum
1830 3119 1891 3166 ut
1938 3113 1996 3167 in

2107 485 2196 540 καὶ
2282 489 2717 560 προϋπαντήσεις
2793 486 2881 541 καὶ
2960 484 3343 562 δουλοπρεπεῖς
3389 492 3669 557 καταστάσεις

2107 576 2196 630 καὶ
2257 573 2385 630 ἁλλ’
2445 575 2597 642 ἄττα,
2631 578 2712 638 οἷς
2774 573 2840 646 δή
2877 576 3143 651 χαίρομεν
3175 575 3444 652 ἅνθρωποι,
3480 579 3671 644 licini:

2114 663 2206 737 μὲν
2259 661 2426 736 ἕξεσιν
2483 664 2712 726 ἐκείναις
2773 665 2917 718 οὕτω
2995 662 3062 734 δὴ
3137 671 3421 738 τιμητικῶς
3467 667 3564 743 εἶχε
3605 672 3673 724 καί

2101 751 2544 827 Ἐπερεοαύμαζε,
2603 750 2753 828 δῶρα
2809 757 2944 808 Θεοῦ
2999 753 3196 814 ταύτας
3251 753 3542 828 ἡγούμενος·
3585 764 3673 821 τοῖς

2111 838 2156 895 δ’
2215 839 2430 916 ἔχουσι,
2459 842 2640 904 καθὼς
2673 841 2732 895 ἂν
2787 845 2877 896 καὶ
2927 836 3345 914 κατελάμϐανεν,
3377 843 3520 918 εἶχεν,
3546 846 3604 907 ὡς
3628 846 3674 901 02,

2107 931 2307 992 παντὸς
2336 932 2626 1004 γινομένου
2654 935 2752 984 τοῦ
2786 929 3086 1004 γινομίνου
3133 932 3265 985 κατὰ
3293 932 3408 986 Θεὸν
3433 933 3511 986 καὶ
3534 934 3674 1005 ἀξίως,

2110 1019 2236 1075 ἀλλ’
2293 1021 2464 1075 ἐνίοτε
2493 1021 2582 1075 καὶ
2615 1022 2730 1076 κατ’
2761 1019 3070 1094 ἄνθρωπον,
3101 1024 3531 1095 παραχωροῦντας
3557 1027 3675 1077 Θεοῦ.

2111 1114 2228 1180 Τὴν
2271 1117 2398 1188 γοῦν
2448 1111 2704 1181 τοιαύτην
2749 1108 3180 1183 δεισιδαιμονίαν
3225 1110 3302 1165 ἀεί
3352 1113 3461 1164 ποτ’
3499 1112 3682 1186 ἀποτρε-

2107 1202 2346 1274 πόμενος
2401 1198 2565 1270 ἔδειξε
2617 1201 2706 1255 καὶ
2761 1205 2843 1273 τῷ
2901 1201 3105 1276 Ἰωσήφ
3159 1199 3279 1254 τότε
3327 1201 3417 1268 τὴν
3464 1198 3593 1272 ἕξιν,
3633 1201 3680 1256 οὗ

2109 1292 2440 1363 προθέμενος
2471 1289 2628 1343 αὐτὸν
2664 1289 2917 1360 ἀτιμοῦν,
2949 1285 3077 1341 ἀλλ’
3135 1287 3216 1341 ἐπ’
3241 1285 3368 1341 ⁹ίσων
3411 1294 3548 1341 πᾶσιν
3572 1286 3683 1362 ἔχειν

2107 1380 2207 1447 τήν
2259 1379 2432 1454 κρίσιν
2491 1378 2838 1452 αἱρούμενος.
2876 1379 2958 1450 [Ρ.
3007 1379 3135 1449 233]
3182 1376 3334 1433 Οὕτω
3383 1378 3472 1450 γὰρ
3519 1376 3592 1430 καὶ
3634 1377 3682 1430 τὸ

2110 1467 2413 1544 φιλόσοφον
2445 1469 2761 1546 φιλοσόφως
2790 1465 3038 1540 ἐπλήρου
3070 1471 3148 1536 τῷ
3181 1468 3255 1538 μὴ
3279 1459 3544 1538 λαμϐάνειν
3561 1463 3687 1540 πρόσ-

2109 1579 2232 1612 ωπα
2289 1557 2365 1620 εἷς
2415 1559 2516 1626 τὴν
2569 1555 2826 1626 τοιαύτην
2885 1557 3095 1628 κρίσιν,
3155 1556 3215 1618 ἣν
3272 1554 3356 1609 καὶ
3407 1555 3512 1617 καθ’
3557 1552 3681 1607 αὐτὸν

2108 1648 2344 1719 κέκρικε.
2398 1646 2549 1715 Πλὴν
2595 1646 2844 1705 κάκεῖνος
2874 1643 3031 1706 εἰδὼς
3083 1641 3362 1718 ἅνθρωπος
3415 1642 3480 1697 ὣν
3531 1640 3685 1696 καὶτὸ

2031 1773 2078 1836 Β
2109 1735 2288 1809 χρεὼν
2318 1732 2753 1808 λειτουργήσων,
2803 1731 2916 1786 ἐπεὶ
2967 1732 3033 1786 τὰ
3077 1733 3198 1796 καθ’
3244 1731 3394 1785 αὐτὸν
3431 1728 3686 1800 διαθέμενος

2172 1824 2182 1836 ,
2378 1819 2486 1836 ,αμα
2641 1820 2805 1836 κη,
3162 1817 3335 1836 ,ων
3476 1819 3516 1836 ..
3594 1816 3657 1834 ,ι

2113 1824 2344 1897 χάρταις
2375 1819 2554 1876 ἐδίδου
2600 1823 2663 1876 τὸ
2711 1820 2994 1896 βούΛημα,
3023 1853 3093 1862 —
3120 1820 3184 1875 τὸ
3233 1817 3277 1874 δ’
3301 1822 3362 1888 ἦν
3413 1819 3516 1873 καθ’
3556 1816 3687 1883 αὐτὴν

2109 1912 2209 1979 τήν
2266 1912 2404 1982 μονή
2463 1910 2544 1964 ἀεί
2595 1930 2728 1965 ποτε
2776 1907 3084 1984 διαμένειν,
3150 1905 3314 1982 μηδὲν
3357 1907 3480 1962 κατᾶ
3526 1901 3692 1980 μηδένα

2113 2134 2394 2190 nimirum
2428 2136 2555 2206 ejus
2586 2138 2946 2206 exaggeratis
2972 2134 3284 2205 cujusdam
3314 2137 3370 2188 et
3397 2130 3604 2186 modum
3623 2143 3697 2182 su-

2109 2240 2432 2295 pergressa:
2462 2225 2759 2296 vulgarem
2797 2223 3185 2295 philosophiae
3207 2223 3348 2278 841
3375 2216 3697 2274 theorematis

2107 2313 2378 2370 irretorto
2429 2315 2618 2370 deﬁxa
2673 2319 2974 2386 suspectu,
3028 2314 3292 2384 adeoque
3343 2327 3405 2366 ex
3447 2305 3698 2364 altissimis

2109 2403 2397 2458 duntaxat
2417 2409 2655 2458 assueta
2678 2403 3007 2458 rationibus
3029 2402 3322 2458 aestimare
3336 2399 3698 2462 reshumanas,

2110 2492 2366 2564 rigidum
2401 2493 2735 2548 sustinebat
2766 2491 2930 2547 illum
2961 2496 3019 2546 et
3047 2489 3440 2546 inﬂexibiliter
3485 2489 3695 2542 erectum

2109 2583 2178 2636 ab
2202 2582 2314 2637 ista
2336 2582 2666 2637 humilitate
2687 2581 3016 2636 ofﬁciorum
3041 2580 3370 2636 aulicorum
3393 2574 3695 2642 omninoque

2111 2688 2144 2726 a
2174 2671 2379 2742 quovis
2412 2676 2680 2742 respectu
2715 2672 2992 2736 materiae,
3043 2670 3269 2742 quippe
3316 2666 3414 2739 qui
3457 2663 3701 2720 abstracto

2109 2759 2347 2814 intuens
2397 2761 2551 2830 quod
2601 2759 2926 2831 optandum
2974 2762 3121 2825 erat,
3156 2757 3311 2828 quod
3345 2754 3544 2828 passim
3572 2753 3702 2820 opta-

2109 2849 2284 2904 batur
2314 2849 2653 2920 negligeret.
2689 2847 2851 2903 Unde
2884 2864 2998 2902 non
3042 2846 3387 2902 hominibus
3433 2841 3523 2899 sed
3563 2838 3704 2894 rebus

2107 2936 2392 3006 intentus,
2426 2936 2518 2990 his
2551 2936 2789 3008 quidem
2823 2935 3094 2990 servabat
3142 2931 3589 2994 admirationem,
3629 2922 3702 2978 his

2108 3025 2497 3082 attentissime
2589 3024 3019 3080 considerantis
3101 3019 3547 3094 instupescebat,
3617 3011 3708 3069 alia

2107 3135 2206 3173 eas
2235 3117 2606 3172 veneratione
2639 3116 3080 3188 prosequendas
3111 3120 3381 3170 statuens
3426 3123 3579 3182 quam
3621 3105 3709 3159 ista

353 3198 476 3253 rivo
526 3204 849 3270 proﬂuente
897 3207 1012 3254 tam
1066 3206 1512 3256 momentancus
1568 3205 1657 3256 est
1712 3201 1992 3257 transitus
2029 3201 2071 3269 C
2111 3207 2518 3278 superstitiose
2551 3205 2757 3261 sedula
2787 3205 3127 3261 commercii
3161 3200 3427 3267 humani,
3456 3212 3570 3270 quae
3595 3208 3706 3248 con-

349 3289 793 3343 succedentium
842 3289 1088 3344 invicem
1139 3291 1456 3361 irrequieto
1509 3308 1686 3346 cursu
1742 3293 1998 3361 partium

347 3393 546 3448 aequae,
583 3385 644 3430 ut
678 3394 846 3432 nemo
881 3378 970 3432 bis
1005 3378 1061 3432 in
1093 3380 1382 3442 eamdem.
1435 3381 1589 3450 quod
1641 3388 1791 3437 recte
1841 3383 1998 3436 dice—

346 3463 448 3516 bat
478 3463 831 3532 Heraclitus,
866 3464 1119 3534 digitum
1154 3465 1495 3520 immersum
1536 3470 1721 3538 possit
1754 3469 1999 3539 tingere,

346 3551 466 3606 imo
502 3569 570 3606 ne
601 3553 781 3606 semel
814 3554 1072 3623 quidem,
1109 3555 1158 3608 si
1193 3555 1424 3627 Cratylo
1475 3557 1750 3626 creditur,
1803 3558 2002 3613 existi-

352 3641 534 3694 manti
560 3643 792 3694 unicam
821 3658 1054 3712 quoque
1080 3641 1418 3698 tinctionem
1444 3645 1713 3716 pluribus
1743 3646 2000 3702 vicissim

355 3731 707 3802 respondere
742 3732 1047 3802 particulis
1077 3750 1306 3805 semper
1337 3735 1584 3790 labentis
1619 3738 1805 3795 undas,
1858 3737 2000 3792 nihil

355 3837 569 3876 novum
602 3825 703 3876 aut
734 3822 1101 3892 inopinatum
1131 3822 1311 3878 videri
1345 3824 1576 3889 debere,
1604 3825 1649 3878 si
1685 3827 1858 3880 rebus
1889 3826 1964 3880 hu
1985 3858 2002 3869 -

353 3909 547 3964 manis
571 3910 834 3965 instabili
862 3927 989 3966 sese
1011 3911 1294 3982 vertigine
1329 3913 2002 3986 volventibus,null;1que

347 3999 432 4055 vel
457 4001 526 4056 ad
555 4003 722 4056 breve
744 4001 1000 4072 spatium
1027 4002 1271 4057 immota
1296 4010 1693 4074 permanente,
1722 4005 2001 4060 Arsenius

346 4107 577 4163 quoque
609 4090 730 4146 vice
763 4109 870 4146 sua
904 4109 1112 4162 passus
1145 4098 1300 4146 esset
1325 4092 1626 4163 injuriam.
1676 4094 1845 4149 Porro
1899 4112 2000 4149 ne-

346 4180 670 4235 cessarium
704 4181 760 4233 in
795 4180 916 4234 vita
949 4199 1131 4235 unum
1167 4197 1315 4246 esse,
1360 4189 1554 4238 tenere
1606 4183 1866 4238 officium
1919 4201 1978 4239 re

349 4266 566 4338 ligiosae
605 4269 832 4338 Deoque
864 4270 1141 4338 subjectae
1177 4269 1428 4339 mentis;
1464 4272 1520 4324 in
1557 4288 1668 4342 quo
1717 4274 1816 4342 qui
1871 4289 1999 4343 pcr-

349 4362 501 4411 stare
529 4355 678 4410 volet
699 4361 755 4410 et
776 4374 844 4411 ex
875 4359 1211 4430 praescripto
1241 4359 1479 4416 virtutis
1509 4361 1719 4427 vivere,
1753 4360 2000 4430 abjicere

349 4444 507 4499 hunc
538 4449 802 4515 oporteat
836 4463 1007 4501 curas
1043 4448 1374 4503 mortalium
1407 4456 1746 4516 eventuum,
1790 4454 1846 4504 et
1896 4467 1998 4504 au-

346 4532 458 4588 xiis
491 4533 705 4587 studiis
737 4535 983 4605 sapienti
1010 4553 1252 4590 casuum
1279 4538 1708 4592 occurrentium
1734 4539 1993 4606 neglectu
2031 4571 2076 4634 D

345 4621 528 4678 semel
579 4622 838 4694 defungi.
891 4629 1022 4678 Haec
1071 4641 1202 4679 cum
1267 4626 1638 4696 peculiariter
1687 4627 1994 4682 familiaria

345 4710 457 4767 sibi
490 4712 767 4782 dogmata
799 4718 922 4766 turn
957 4713 1314 4769 Blemmidas
1343 4716 1601 4786 Josepho
1634 4734 1829 4772 coram
1881 4717 1991 4788 ipsi

345 4802 748 4867 disseruisset,
799 4803 1202 4870 comprobavit
1262 4804 1356 4858 ille
1420 4806 1830 4877 laudavitque;
1891 4823 1994 4861 nec

346 4896 572 4945 mutam
606 4891 679 4946 ab
714 4889 813 4945 illo
845 4895 1041 4946 tamen
1076 4895 1494 4949 assentationis
1530 4895 1710 4949 ullius
1761 4912 1992 4967 eXpres-

345 4982 419 5035 sit
480 4980 688 5034 vicem.
739 4981 893 5034 Adeo
951 4981 1106 5034 enim
1168 4981 1239 5035 ab
1291 4981 1426 5036 huic
1472 4983 1768 5038 adulando
1812 4984 1998 5038 abluit

347 5070 726 5136 Blemmidas,
749 5076 810 5124 ut
833 5086 1016 5140 neque
1040 5071 1108 5123 ad
1136 5088 1196 5124 se
1222 5070 1567 5126 invisentem
1598 5073 1991 5142 patriarcham

346 5159 576 5214 obviam
606 5175 636 5212 e
667 5157 811 5212 cella
843 5157 1071 5228 prodire
1098 5157 1462 5230 dignaretur,
1499 5177 1564 5214 ac
1610 5176 1680 5214 ne
1733 5161 1994 5231 ingresso

346 5249 583 5319 quidem
619 5254 676 5301 et
708 5248 775 5301 ad
813 5247 1112 5301 sedentem
1147 5248 1342 5318 ipsum
1394 5248 1655 5319 pergenti
1707 5266 1774 5302 ex
1824 5249 1996 5303 inter-

346 5337 496 5394 vallo
520 5344 852 5409 assurgeret
875 5343 976 5390 aut
1005 5337 1184 5391 ullam
1219 5338 1462 5392 omnino
1496 5337 1790 5392 tralatitiaa
1821 5337 1993 5394 istius

353 5426 703 5482 urbanitatis
737 5425 1169 5480 venerationem
1199 5432 1427 5482 curaret
1460 5427 1758 5494 adhibere,
1791 5427 1993 5498 pusilli

351 5534 480 5573 esse
511 5523 687 5588 atque
728 5517 796 5571 ad
844 5515 1180 5571 servitutem
1229 5517 1438 5586 objecti
1487 5517 1664 5571 animi
1717 5523 1995 5588 reputans

351 5607 422 5662 ad
447 5607 544 5677 huj
558 5606 784 5663 usmodi
809 5621 940 5662 sese
959 5606 1212 5679 aucupia
1240 5607 1439 5679 gratiae
1471 5607 1795 5663 demittere.
1831 5611 1994 5664 Mens

2104 3302 2223 3351 stat
2252 3294 2693 3366 exceptionibus
2725 3296 2794 3348 ad
2830 3292 3178 3348 blanditiam
3209 3287 3558 3361 compositis,
3595 3281 3704 3338 alle-

2105 3390 2253 3440 ctata
2286 3384 2614 3439 renidentis
2646 3381 3300 3447 vultuum,occursibus
3333 3373 3592 3434 officiosis
3617 3385 3701 3426 ca-

2104 3481 2346 3544 teraque
2384 3473 2613 3528 servilis
2681 3471 2949 3542 obsequii
3023 3469 3390 3541 professione
3455 3460 3706 3523 simulata,

2106 3562 2307 3633 quales
2359 3579 2462 3617 nos
2516 3560 2922 3616 illusiunculas
2979 3559 3235 3614 invicem
3286 3557 3621 3612 commutare
3660 3545 3707 3600 in

2107 3651 2530 3706 consuetudine
2556 3651 2684 3704 vita:
2707 3650 2943 3704 urbana:
2967 3647 3242 3703 homines
3276 3646 3602 3718 gaudemus.
3631 3634 3708 3692 Ille

2107 3746 2303 3795 autem
2341 3740 2574 3794 habitus
2606 3739 2843 3810 quidem
2879 3737 3022 3794 istos
3046 3754 3079 3791 a
3100 3735 3474 3792 concretione
3501 3722 3709 3785 materie

2107 3831 2406 3901 sejunctos
2439 3829 2598 3900 (nam
2631 3827 2739 3882 hos
2770 3827 2854 3882 sic
2905 3827 3061 3881 nude
3109 3822 3440 3897 spectabat)
3489 3823 3542 3875 et
3583 3827 3718 3901 vene-

2107 3899 2330 3972 ratione
2355 3917 2824 3988 prosequebatur
2856 3931 3068 3986 magna
3095 3919 3153 3969 et
3184 3930 3368 3984 supra
3398 3908 3615 3964 modum
3643 3899 3717 3998 ad-

2108 4008 2453 4070 mirabatur,
2488 4008 2640 4062 dona
2676 4005 2768 4059 Dei
2805 4005 2936 4060 illos
2969 4009 3276 4074 reputans.
3329 4001 3438 4056 Eos
3485 4009 3634 4088 porro
3668 4004 3714 4088 tn

2106 4097 2323 4166 quibus
2355 4102 2756 4162 cernerentur,
2804 4111 2906 4166 pro
2959 4094 3131 4147 modo
3181 4108 3302 4163 quo
3348 4106 3444 4145 eos
3491 4088 3558 4141 ab
3601 4084 3718 4152 ipsis

2108 4186 2507 4240 arbitrabatur
2559 4184 2896 4256 participari
2957 4183 3274 4249 tractabat,
3332 4179 3416 4234 sic
3477 4171 3611 4246 apud
3666 4181 3715 4221 se

2105 4279 2396 4344 statuens,
2429 4292 2543 4328 non
2577 4291 2740 4344 anque
2771 4289 2994 4338 omnes,
3029 4271 3250 4343 quibus
3300 4270 3569 4330 inessent,
3617 4257 3720 4354 illos

2107 4364 2435 4418 secundum
2460 4368 2642 4418 Deum
2669 4363 2844 4432 digne
2879 4359 3314 4431 possidere,sed
3352 4353 3620 4429 quosdam
3649 4353 3717 4400 iu-

2106 4454 2333 4507 terdum
2405 4452 2729 4506 secundum
2794 4450 3113 4513 hominem,
3177 4450 3299 4503 Deo
3370 4441 3721 4517 permittente.

2108 4541 2283 4597 Usum
2318 4558 2485 4612 porro
2516 4542 2691 4594 istum
2745 4556 2920 4594 suum
2973 4543 3030 4593 et
3077 4553 3308 4592 morem
3361 4535 3535 4588 libere
3578 4523 3723 4581 omit-

2105 4630 2266 4684 tendi
2299 4629 2772 4700 superstitionem
2808 4628 2980 4682 istam
3016 4627 3344 4698 quamdam
3380 4626 3723 4700 personarum

2105 4719 2275 4774 anxia
2309 4699 2620 4774 sedulitate
2649 4717 3109 4772 venerandarum
3145 4714 3330 4770 etiam
3364 4717 3502 4765 tunc
3549 4706 3601 4759 in
3644 4699 3726 4755 J0-

2104 4808 2285 4879 sepho
2330 4807 2538 4874 tenuit,
2578 4822 2689 4860 non
2722 4821 2852 4859 eum
2889 4805 3184 4875 praecipue
3217 4786 3725 4886 contemnens,

2103 4875 2499 4966 exceptionem
2537 4912 2569 4949 a
2600 4910 2708 4948 suo
2740 4892 3052 4948 universali
3079 4890 3312 4960 judicio
3345 4892 3402 4942 et
3433 4883 3595 4939 modo
3634 4875 3726 4931 sibi

2104 4987 2336 5058 praefixo
2365 5001 2494 5040 cum
2532 4983 2808 5037 omnibus
2840 4981 3046 5052 agendi
3080 4981 3138 5034 in
3171 4979 3361 5049 hujus
3402 4973 3572 5030 unius
3615 4980 3728 5038 gra‘

2103 5077 2243 5129 tiam
2295 5075 2406 5128 sibi
2456 5090 2568 5126 non
2629 5071 2956 5127 laciendam
3016 5085 3291 5125 censeas.
3347 5067 3431 5120 Ita
3485 5059 3630 5117 enim
3678 5064 3728 5105 se

2104 5164 2509 5236 philosophice
2541 5161 2788 5233 obsequi
2820 5160 3064 5231 putabat
3114 5156 3463 5230 praescripto
3509 5147 3589 5205 illi
3630 5155 3730 5199 sua?

2105 5253 2484 5326 philosophiae
2503 5251 2734 5323 jubenti
2753 5267 2866 5304 non
2883 5251 3197 5304 admittere
3214 5246 3406 5300 ullum
3431 5239 3726 5326 respectutn

2105 5319 2494 5413 singulariqu
2533 5355 2914 5412 personarum
2947 5339 3004 5393 in
3029 5337 3258 5408 judicio
3293 5335 3364 5390 de
3397 5319 3729 5416 rebus,nude

2103 5448 2168 5486 ac
2203 5446 2354 5485 mere
2388 5436 2453 5484 ut
2484 5435 2625 5485 sunt
2675 5430 2746 5482 ab
2794 5444 2882 5496 eo,
2936 5432 3000 5481 ut
3057 5427 3284 5481 dictum
3349 5426 3458 5486 est,
3507 5419 3726 5488 spectari

2103 5520 2498 5590 aestimarique
2529 5517 2738 5574 solitis.
2788 5517 3070 5572 Caeterum
3116 5514 3205 5568 vir
3257 5513 3354 5568 hic
3403 5507 3536 5564 talis
3579 5514 3726 5572 ι-ρρυ·

2103 5613 2236 5666 tans
2266 5626 2326 5666 se
2371 5608 2695 5680 hominem,
2743 5611 2801 5663 et
2848 5620 3160 5662 commune
3216 5607 3445 5660 natura;
3493 5594 3722 5652 debitum
