4002 6198
282 202 390 257 793

1355 209 1452 262 DE
1490 208 1864 263 MICHAELE
1901 209 2349 268 PALEOLOGO
2383 216 2518 269 LIB.
2557 215 2628 267 V.

3599 216 3705 271 794

280 325 483 400 τρόπον
525 326 927 414 Αὑποπεσοῦσαν
987 327 1163 402 ἑτέρᾳ,
1219 327 1311 383 καὶ
1352 330 1487 401 ἅπερ
1519 332 1668 404 εἶχεν
1700 330 1759 384 ἐκ
1787 330 1939 405 βασι·
1968 335 2023 400 Α
2054 332 2235 408 Θρᾴκῃ
2269 334 2565 410 ἀνακωχήν
2622 338 2889 412 γενέσθαι,
2950 336 3035 408 ἐηὶ
3093 336 3237 393 πολὺ
3298 335 3704 414 δαπανωμένων

281 413 422 470 λέων
456 412 948 493 φιλοφρονήματα,
982 417 1057 478 ὡς
1085 420 1499 489 συμποσοῦσθαι
1548 421 1609 472 τὸ
1666 425 1768 473 πᾶν
1827 423 1935 473 τῶν

279 506 638 577 νομισμάτων
701 505 778 567 εἷς
837 506 1024 560 ἑκατὸν
1088 504 1291 579 λιτρῶν
1349 507 1608 581 ἀριθμὸν,
1661 508 1750 562 καὶ
1806 508 1939 562 αύτά

274 597 343 667 τῇ
410 597 555 667 μονῇ
608 598 707 648 τοῦ
765 590 919 655 ὄντος
973 599 1110 650 Θεοῦ
1158 601 1261 667 (τῷ
1313 597 1415 671 γὰρ
1449 594 1564 651 ὄντι
1612 598 1817 671 κυρίως
1846 598 1932 652 καὶ

273 686 691 759 προσανέκειτο)
769 683 1101 760 ἀναφαίρετοι
1177 683 1573 759 διατηρηθέντα
1644 686 1721 748 εἲς
1783 706 1935 761 περι-

271 772 502 843 ποίησίν
540 794 601 828 τε
656 774 747 827 καὶ
804 775 902 841 τὴν
955 779 1063 827 τῶν
1096 773 1487 847 ἐλλειμμάτων
1535 773 1937 851 ἀποπλήρωσιν

270 863 436 919 εἶναι.
493 862 593 916 Τὸν
647 859 703 917 δὲ
757 866 1005 916 τοιοῦτον
1063 867 1169 916 τῶν
1229 863 1685 937 ἀποτεταγμένων
1719 864 1929 938 χάρτην

262 951 358 1005 καὶ
434 950 594 1005 αὐτὸν
664 950 820 1023 ἠξίου
875 951 967 1005 τὸν
1028 951 1376 1026 πατριάρχην
1440 953 1932 1025 ὑποσημαίνεσθαι,

260 1040 356 1095 καί
389 1061 449 1114 γε
486 1038 712 1112 βασιλέα
752 1039 1041 1115 ἐπικυροῦν
1100 1039 1347 1116 λιπαρῶς
1393 1041 1618 1114 ἀξιῶσαι
1667 1042 1801 1117 πρὸς
1832 1042 1929 1110 τὴν

259 1128 435 1183 πόλιν
493 1129 878 1186 ἐπανελθόντα.
941 1129 1038 1183 Καὶ
1093 1130 1313 1204 γέγονεν
1374 1130 1541 1197 οὕτω,
1599 1128 1694 1185 κᾶν
1726 1132 1930 1185 ἀποθα-

256 1217 458 1281 νόντος
509 1217 738 1288 ἐκείνου,
799 1219 1065 1289 ὀστράκου
1125 1220 1253 1291 φασὶ
1316 1218 1754 1292 μεταπεσόντος,
1812 1220 1928 1274 ἀνε-

257 1302 553 1378 λάμϐανόν
610 1327 669 1361 τε
724 1308 819 1369 τάς
877 1305 1235 1382 ἐπικυρώσεις
1289 1308 1379 1362 καὶ
1437 1310 1504 1362 τὰ
1533 1306 1930 1383 διατεταγμένα

256 1394 508 1465 διέλυον,
570 1398 643 1460 ὡς
692 1398 759 1452 τὰ
819 1398 913 1469 μέν
971 1398 1287 1472 νομίσματα
1342 1403 1410 1473 τῇ
1471 1398 1700 1473 Μεγάλῃ
1728 1400 1930 1471 ταυτηῗ

252 1485 532 1558 ἐκκλησίᾳ
588 1494 1057 1557 προσανατεθῆναι
1118 1488 1193 1550 εἰς
1254 1487 1605 1563 περιποίησιν
1640 1532 1653 1556 ,
1708 1491 1808 1559 τήν
1869 1488 1926 1545 δὲ

256 1577 441 1647 μονήν
474 1575 684 1645 ἐκείνην
744 1574 813 1649 τῇ
843 1580 940 1629 τοῦ
974 1575 1247 1646 Γαλησίου
1284 1580 1426 1650 μονῇ
1473 1577 1800 1646 ὑποτεθῆναι
1849 1578 1925 1640 είς

256 1665 555 1755 μιτόχιον.
613 1670 673 1723 '0
731 1669 886 1755 γοῦνΔ
921 1666 1190 1755 ἱεράρχης
1220 1667 1420 1755 Ἰωσὴφ
1451 1670 1519 1739 τῇ
1571 1665 1811 1741 ἀνατολῇ
1844 1667 1925 1745 ἐφ’
1953 1690 2001 1755 Β

250 1753 445 1808 ἱκανὸν
475 1750 762 1830 διατρίψας
795 1752 1116 1831 ὑπέστρεφεν
1147 1753 1224 1815 εἷς
1258 1754 1570 1823 Βυζάντιον.

245 1897 317 1972 γ’.
351 1898 543 1958 Ὅπως
565 1900 649 1972 τῷ
682 1894 1017 1972 Βουλγάρων
1054 1894 1278 1972 βασιλεῖ
1308 1896 1698 1972 Κωνσταντίνῳ
1751 1901 1786 1969 ἡ
1817 1904 1918 1968 τῆς

513 1966 788 2043 Εὐλήογίας
824 1966 1063 2044 θυγάτηρ
1104 1968 1181 2031 εἷς
1212 1970 1391 2044 γάμον
1427 1966 1666 2040 ἐξεδόθη.

324 2113 418 2185 [Ρ.
613 2110 711 2166 Καὶ
746 2111 881 2184 μετὰ
931 2111 1123 2187 μικρὸν
1156 2118 1256 2181 τῆς
1282 2115 1377 2166 τοῦ
1430 2110 1701 2186 βασιλέως
1732 2110 1917 2169 Βουλ-

244 2200 440 2278 γάρων
502 2199 913 2257 Κωνσταντίνου
971 2200 1202 2275 συζύγου
1256 2200 1499 2274 Εἰρήνης
1575 2197 1914 2273 μεταλλαξάο

246 2312 379 2361 σης,
413 2290 492 2352 εἷς
524 2288 756 2352 σπονδὰς
781 2291 809 2345 ὁ
858 2294 1072 2364 κρατῶν
1120 2288 1319 2345 ἐκεῖνον
1382 2288 1554 2355 θέλων
1590 2289 1805 2361 συνᾶξαι
1863 2290 1916 2355 ἐς

247 2379 281 2434 ’ὁ
340 2385 463 2441 τοῖς
523 2379 662 2434 κατά
714 2379 807 2434 τὸν
864 2381 1042 2453 Αἷμον
1075 2378 1165 2434 καὶ
1196 2378 1331 2454 αὐτῇ
1364 2400 1428 2456 γε
1462 2376 1776 2452 Μακεδονίᾳ
1823 2380 1913 2434 καὶ

250 2615 320 2656 se
351 2597 688 2654 soluturum
730 2598 948 2666 sciens,
978 2600 1335 2653 testamento
1392 2597 1626 2653 condito
1673 2598 1743 2652 de
1790 2596 1917 2652 suis

248 2688 437 2744 rebus
465 2687 671 2743 statuit
700 2688 757 2743 in
790 2687 948 2743 hunc
982 2688 1237 2741 modum.
1283 2686 1727 2756 Monasterium,
1759 2687 1914 2742 342

248 2778 313 2833 in
366 2794 484 2849 quo
527 2777 773 2848 degebat
800 2780 856 2833 et
888 2791 1258 2847 perseverare
1297 2791 1531 2846 semper
1560 2776 1912 2841 decreverat,

249 2867 341 2924 sic
398 2870 461 2921 ut
510 2871 650 2922 tunc
697 2872 841 2934 erat,
888 2881 1125 2922 manere
1180 2879 1413 2935 semper
1457 2864 1731 2931 liberum,
1766 2865 1914 2920 nulli

253 2972 521 3028 unquam
578 2954 1008 3027 subjiciendum
1061 2953 1247 3019 alteri,
1292 2954 1559 3025 jubebat.
1593 2954 1756 3019 Quod
1807 2971 1913 3008 au-

2043 426 2152 475 τῶν
2207 425 2620 497 στρατευμάτων
2681 432 2798 489 τοῖς
2855 428 3104 501 συνεχέσι
3136 421 3430 499 πολέμοις,
3482 430 3699 503 πέμψας

2045 507 2535 587 διαπρεσϐεύεται,
2607 515 3041 588 ὑπισχνούμενος
3119 515 3193 576 εἷς
3270 514 3439 585 κῆδος
3511 516 3698 591 ἐκείνῳ

2044 597 2229 655 δοῦναι
2288 604 2377 656 καὶ
2407 605 2505 672 τήν
2557 601 2854 680 ἀδελφιδῆν
2911 602 3100 658 ἑαυτοῦ
3156 605 3367 680 Μαρίαν
3430 606 3527 673 τήν
3587 612 3693 662 τῶν

2043 690 2345 765 θυγατέρων
2378 699 2477 761 τῆς
2511 692 2779 766 Εὐλογίας
2825 690 3168 768 δευτέραν,
3222 691 3286 762 δὴ
3351 695 3577 766 συνῴκει
3635 697 3696 750 τὸ

2039 780 2305 853 πρότερον
2359 782 2387 834 ὁ
2444 780 2623 851 Φιλῆς
2686 779 2931 851 Ἀλέξιος
2991 781 3085 836 καὶ
3143 781 3309 856 μέγας
3353 780 3695 855 δομέστικος.

2040 868 2141 923 Καὶ
2203 865 2269 937 δὴ
2321 873 2427 923 τῶν
2480 872 2655 944 ὅρκων
2706 865 3026 945 προϐάντων
3082 871 3154 931 ὡς
3213 868 3691 943 συλλαμϐάνεσθαι

2038 955 2253 1017 τούτοις
2320 958 2408 1011 καὶ
2489 953 2868 1033 Μεσέμϐρειαν
2944 958 3032 1013 καὶ
3109 958 3410 1033 Ἀγχίαλον
3464 960 3697 1032 (ἐκείνου

2039 1045 2138 1120 γάρ
2175 1046 2339 1109 οὗσας
2391 1053 2681 1121 κατασχεῖν
2740 1043 2988 1122 βασιλέα,
3038 1048 3124 1101 καὶ
3176 1049 3325 1109 αὖθις
3368 1050 3512 1118 ἄξιον
3564 1051 3696 1103 εἶναι

2037 1135 2128 1188 τὸν
2183 1138 2308 1210 πρὶν
2366 1132 2569 1211 ἔχοντα
2627 1131 2923 1208 λαμϐάνειν
2987 1136 3147 1197 αὐτὰς
3203 1136 3291 1191 ἐπὶ
3341 1143 3418 1209 τῷ
3469 1159 3694 1212 γενησοσ

2041 1222 2188 1296 μένῳ
2245 1225 2319 1287 ὡς
2377 1231 2581 1300 προῖκα
2628 1223 2809 1296 κήδει)
2840 1227 2867 1280 ὁ
2922 1227 3014 1297 μὲν
3072 1224 3325 1299 βασιλεὺς
3368 1227 3436 1279 τὰ
3471 1228 3564 1298 μὲν
3596 1233 3691 1280 τοῦ

2034 1310 2237 1383 κήδους
2266 1312 2512 1389 ἐπλήρου
2555 1316 2629 1378 ὡς
2678 1314 2797 1370 λίαν
2860 1314 3170 1391 φιλοτίμως
3221 1316 3309 1367 καὶ
3369 1314 3689 1388 βασιλικῶς,

2036 1402 2291 1472 Συνεξήει
2352 1403 2455 1478 γὰρ
2520 1408 2589 1477 τῇ
2651 1405 3147 1482 νυμφευθησομένῃ
3209 1402 3370 1463 αὐτὸς
3432 1402 3687 1476 βασιλεὺς

2032 1491 2122 1544 καὶ
2181 1492 2208 1544 ὁ
2258 1492 2627 1567 πατριάρχης,
2686 1493 2784 1546 κάν
2836 1488 3120 1566 Σηλυϐρίᾳ
3150 1491 3456 1567 γενόμενοι,
3514 1490 3688 1546 ἐκεῖσε

2034 1576 2391 1641 δεσποινικῶς
2450 1582 2979 1654 μετασκευασάμενοι
3030 1583 3129 1649 τὴν
3188 1580 3263 1642 εἷς
3314 1580 3494 1655 γάμον
3540 1602 3681 1653 πεμ-

2032 1668 2274 1741 πομένην
2335 1675 2413 1742 τῷ
2473 1669 2883 1741 Κωνσταντίνῳ,
2916 1668 3125 1739 ἐκείνην
3164 1670 3256 1741 μὲν
3295 1668 3397 1723 ὑπὸ
3450 1669 3684 1744 πλείστῃ

2032 1756 2331 1835 δορυφορίᾳ
2377 1760 2515 1831 πρὸς
2564 1758 2768 1814 ἐκεῖνον
2819 1758 3085 1827 ἀπέλυον,
3146 1758 3298 1811 αύτοί
3345 1755 3390 1810 δ’
3427 1759 3685 1830 ὑπέστρε-

2028 1868 2150 1925 φον.
2189 1848 2378 1904 Καὶτά
2412 1850 2505 1921 μὲν
2555 1853 2651 1903 τοῦ
2699 1845 2902 1918 κήδους
2964 1846 3139 1908 οὕτως
3171 1846 3197 1900 ὀ
3257 1845 3516 1921 βασιλεὺς
3576 1846 3689 1916 ἐξε-

2027 1934 2272 2011 πλήρου,
2330 1937 2397 1991 τὰ
2430 1934 2487 1991 δὲ
2515 1938 2639 2012 περὶ
2670 1936 2765 1998 τὰς
2796 1935 2988 1997 πόλεις
3020 1930 3379 2003 ἀνεϐάλλετο,
3430 1940 3549 1997 ταῖς
3588 1938 3681 2008 μὲν

2028 2022 2310 2095 ἀληθείαις
2390 2024 2548 2087 εἰδὼς
2630 2025 2871 2080 ἐντεῦθεν
2951 2022 3498 2099 παραιρεθησομένην
3583 2025 3681 2093 τὴν

2026 2111 2309 2187 Ῥωμαΐδα
2363 2115 2431 2169 τὰ
2475 2114 2754 2189 κράτιστα,
2807 2119 2886 2185 τῷ
2917 2111 2974 2168 δὲ
3034 2112 3425 2184 Κωνσταντίνῳ
3470 2111 3685 2190 προφά-

2028 2223 2137 2264 σεις
2195 2202 2491 2258 ἐπλάττετο
2552 2206 2805 2271 πιθανὰς,
2840 2201 3015 2266 ἄλλας
3069 2222 3127 2256 τε
3181 2202 3270 2255 καὶ
3326 2202 3390 2255 τὸ
3426 2203 3500 2274 μὴ
3529 2199 3675 2276 ἔχειν

2026 2290 2216 2353 ἐνθέως
2248 2290 2455 2362 δοῦναι,
2494 2295 2567 2366 μὴ
2630 2298 2738 2347 τῶν
2767 2293 3002 2347 ἐποίκων
3052 2288 3505 2365 καταδεχομένων
3566 2293 3671 2345 τῶν

2024 2379 2284 2437 πόλεων·
2344 2383 2652 2455 Ῥωμανίας
2717 2382 2820 2457 γὰρ
2899 2386 3034 2436 εἶναι
3100 2382 3261 2454 μέρος
3321 2378 3529 2442 ἐκείνας
3588 2379 3682 2434 καὶ

2026 2601 2186 2654 rator
2216 2599 2510 2656 devincire
2542 2599 2653 2655 sibi
2685 2598 2929 2654 firmiori
2980 2597 3178 2671 aliquo
3226 2596 3483 2667 vinculo,
3511 2600 3569 2651 et
3598 2595 3684 2653 sic

2025 2688 2365 2761 regionibus
2419 2690 2612 2744 Haemo
2664 2689 2968 2760 subjectis,
2999 2688 3086 2743 uti
3116 2687 3291 2743 etiam
3332 2685 3681 2742 Macedonia:

2025 2795 2090 2834 ac
2132 2779 2413 2849 Thracias,
2446 2796 2647 2850 pacem
2690 2796 2754 2833 ac
2802 2778 3061 2850 quietem
3112 2793 3389 2845 asserere,
3423 2776 3575 2845 quod
3609 2790 3675 2829 eo

2023 2873 2165 2924 tunc
2212 2871 2399 2941 magis
2451 2869 2605 2923 factu
2652 2867 3045 2924 necessarium
3102 2866 3367 2938 putabat,
3406 2863 3544 2934 quia
3590 2867 3677 2918 tot

2023 2956 2316 3014 continuis
2344 2957 2817 3028 expeditionibus
2846 2972 2912 3011 ac
2942 2955 3112 3011 bellis
3144 2970 3356 3024 magna
3378 2953 3504 3024 jam
3539 2969 3676 3024 pars

250 3025 377 3103 tem
436 3025 700 3116 pecuniai
757 3044 1094 3116 possidebat
1124 3042 1432 3116 largitione
1464 3042 1908 3115 imperatorum,
1941 3025 1983 3092 (ἶ
2024 3047 2298 3102 Romanae
2334 3025 2553 3102 militia
2587 3046 2902 3117 absumpta
2936 3046 3142 3110 fuerat,
3177 3043 3377 3097 missis
3426 3059 3560 3097 eum
3596 3041 3675 3097 le-

252 3141 497 3193 centum
544 3134 828 3191 librarum
877 3150 1175 3189 summam
1209 3134 1545 3203 conﬁciens,
1580 3134 1688 3189 hoc
1720 3137 1908 3189 totum

251 3218 617 3283 monasterio
677 3225 864 3281 eidem
925 3224 1040 3280 Deo
1104 3224 1203 3295 qui
1257 3229 1346 3280 est
1392 3240 1556 3280 sacro
1599 3228 1757 3293 (nam
1791 3224 1911 3279 haec

251 3322 385 3373 erat
410 3314 731 3387 peculiaris
760 3315 888 3385 ejus
922 3313 1134 3369 domus
1193 3314 1573 3386 nuncupatio)
1608 3313 1909 3385 proprium

251 3406 474 3462 servari
528 3408 995 3475 perpetuumque
1039 3402 1283 3458 attribui
1332 3403 1653 3459 mandabat
1684 3404 1743 3458 in
1776 3404 1907 3459 fun-

252 3494 511 3551 dationis
529 3498 915 3566 augmentum
938 3496 1040 3548 aut
1061 3493 1534 3565 supplementum
1554 3492 1909 3549 amissorum

248 3584 336 3640 vel
396 3584 607 3655 quovis
664 3583 836 3638 modo
888 3599 1101 3637 casuve
1153 3581 1574 3638 deﬁcientium.
1610 3583 1685 3639 Iis
1737 3600 1907 3654 porro

246 3672 471 3729 tabulis
522 3688 814 3744 supremas
863 3688 981 3726 suae
1036 3671 1278 3751 testibus
1319 3671 1654 3739 voluntatis,
1690 3672 1909 3744 quibus

249 3761 366 3818 ista
379 3762 843 3828 commendarat,
868 3760 1238 3815 subscribere
1261 3760 1659 3831 patriarcham
1681 3760 1866 3815 voluit
1890 3779 1903 3829 ;

248 3850 706 3923 impetravitque
730 3849 801 3904 ab
833 3850 1036 3904 eodem
1058 3856 1125 3904 ut
1145 3866 1276 3904 cum
1313 3866 1581 3905 reversus
1608 3850 1665 3903 in
1700 3850 1904 3905 urbem

250 3949 429 4006 esset,
454 3945 688 3996 curaret
717 3939 952 3994 easdem
988 3943 1142 3994 ratas
1193 3937 1393 3994 haberi
1426 3939 1497 3994 ab
1534 3939 1902 4011 imperatore,

249 4036 306 4087 et
326 4030 521 4101 ipsius
551 4028 893 4084 auctoritate
915 4028 985 4082 ad
1010 4032 1288 4098 quantam
1323 4033 1563 4099 possent
1594 4028 1905 4085 maximam

248 4118 595 4175 ﬁrmitatem
652 4117 935 4172 roborari.
971 4117 1132 4181 Quod
1185 4121 1241 4171 et
1293 4116 1507 4173 factum
1560 4122 1667 4183 est,
1697 4117 1904 4189 exiguo

250 4208 493 4279 quidem
526 4223 713 4276 operae
746 4205 953 4277 pretio.
978 4205 1123 4260 Nam
1159 4206 1486 4261 Blemmida
1516 4207 1729 4261 deinde
1748 4223 1903 4261 mor-

245 4304 369 4366 tuo,
395 4295 630 4352 cunctis
662 4294 779 4350 illis
814 4295 1121 4366 promissis
1145 4300 1201 4350 et
1221 4297 1459 4366 spebus,
1484 4295 1642 4351 velut
1671 4300 1900 4368 tegulae,

2024 3136 2177 3209 gatis
2200 3137 2270 3192 ad
2296 3136 2481 3191 fmdus
2506 3135 2789 3202 invitavit,
2824 3134 3105 3207 pollicens
3125 3134 3278 3189 3.13
3306 3132 3361 3186 in
3387 3147 3671 3203 sponsam

2025 3243 2087 3282 se
2118 3225 2198 3280 illi
2235 3226 2513 3280 daturum
2548 3224 2846 3296 propriam
2878 3221 3409 3295 neptem,Eulogiae
3434 3237 3555 3275 suae
3583 3235 3677 3273 so-

2022 3315 2171 3371 roris
2243 3314 2424 3370 ﬁliam
2501 3315 2759 3370 secundo
2836 3313 3091 3386 genitam
3169 3313 3436 3379 Mariam,
3500 3326 3673 3381 quam

2022 3405 2185 3476 prius
2211 3404 2271 3459 in
2307 3404 2682 3459 matrimonio
2738 3403 3025 3458 habuerat
3056 3402 3251 3458 Philes
3282 3401 3515 3456 Alexius
3549 3416 3671 3453 ma-

2021 3512 2174 3569 gnus
2207 3496 2587 3550 domesticus.
2614 3493 2927 3563 Processit,
2958 3491 3344 3548 Constantino
3376 3492 3674 3544 annuente

2019 3589 2307 3641 tractatus
2356 3599 2541 3655 usque
2575 3583 2644 3638 ad
2680 3584 3123 3639 conventionem
3176 3580 3407 3636 foederis
3458 3576 3667 3634 sanciti

2013 3674 2389 3747 juramentis,
2409 3691 2534 3745 quae
2554 3671 2828 3727 distincte
2846 3671 3405 3743 comprehenderent
3427 3670 3674 3725 Mesem-

2020 3765 2217 3821 bream
2233 3762 2664 3830 etAnchialum,
2682 3762 2750 3816 ad
2770 3759 3139 3819 Constantini
3166 3760 3367 3830 utique
3391 3761 3669 3819 ditionem

2020 3854 2379 3927 pertinentes
2416 3852 2614 3921 urbes,
2647 3851 2746 3906 sed
2776 3851 3062 3906 hactenus
3110 3854 3425 3919 occupatas
3457 3851 3530 3904 ab
3565 3852 3673 3907 im-

2018 3949 2306 4017 peratore,
2366 3959 2514 4013 quas
2573 3940 2836 4011 utrisque
2893 3944 3019 3995 tum
3066 3938 3256 3993 visum
3302 3942 3391 3993 est
3437 3956 3667 4010 acquum

2018 4050 2143 4090 esse
2192 4034 2348 4088 bona
2394 4032 2507 4086 fide
2556 4029 2721 4086 reddi
2753 4028 2993 4100 antiquo
3029 4026 3354 4099 possessori
3386 4031 3443 4081 et
3471 4028 3665 4099 impu-

2016 4124 2125 4180 tari
2153 4123 2215 4178 in
2248 4127 2473 4194 partem
2521 4119 2672 4175 dotis
2720 4135 2877 4174 nova
2927 4133 3177 4189 sponsas.
3214 4116 3314 4170 His
3360 4115 3497 4171 hinc
3528 4134 3664 4188 pro—

2016 4214 2239 4280 missis,
2272 4212 2434 4266 illinc
2491 4208 2815 4282 stipulatis,
2874 4209 3192 4279 imperator
3251 4205 3662 4262 doductionem

2016 4320 2245 4376 sponsis
2277 4301 2585 4357 ambitiose
2608 4316 2674 4355 ac
2695 4299 2857 4370 regia
2878 4297 3048 4370 plane
3082 4313 3296 4368 pompa
3329 4295 3665 4365 celebravit,

244 4386 394 4457 quod
432 4385 623 4450 aiunt,
656 4383 1002 4454 interlapsu,
1038 4383 1097 4438 in
1130 4383 1360 4439 irritum
1396 4385 1898 4453 evanescentibus,
1933 4401 1979 4465 υ
2012 4394 2137 4465 ipse
2190 4390 2656 4464 proﬁciscentem
2691 4387 2996 4443 mulierem
3029 4402 3157 4440 cum
3194 4385 3529 4457 patriarcha
3558 4403 3659 4442 co-

246 4476 570 4531 rescissum
622 4475 679 4529 id
736 4478 999 4530 revocata
1051 4475 1493 4532 conﬁrmatione
1551 4482 1606 4531 et
1662 4493 1897 4533 cassum

243 4566 453 4622 effectu
488 4568 905 4620 testamentum
942 4565 1072 4619 fuit.
1108 4570 1190 4620 Ac
1220 4565 1471 4636 pecunia
1502 4565 1742 4637 quidem
1777 4583 1901 4623 ma-

246 4671 373 4728 gna:
423 4655 564 4710 huic
614 4656 871 4710 ecclesia;
921 4655 978 4709 in
1029 4656 1183 4711 dotis
1232 4657 1558 4712 auctarium
1622 4658 1905 4713 attributa

247 4749 357 4810 est,
393 4743 822 4799 monasterium
849 4760 1006 4811 vero,
1031 4744 1122 4799 cui
1157 4748 1275 4800 tam
1330 4744 1576 4801 sollicite
1626 4746 1902 4802 Blemmi-

245 4832 349 4888 das
367 4837 623 4900 caverat,
640 4832 853 4888 Galesii
880 4834 1213 4889 monasterii
1231 4834 1489 4889 dominio
1506 4834 1811 4906 suppositu
1824 4853 1874 4890 m
1888 4876 1901 4901 ,

245 4939 313 4978 ex
335 4940 405 4979 eo
431 4924 686 4996 pendere
718 4923 888 4995 eique
910 4925 1447 4996 inservirejussum
1473 4930 1582 4981 est.
1613 4926 1900 4982 Caeterum

240 5012 539 5085 Iosephus
594 5030 696 5084 per
753 5013 910 5069 hunc
961 5015 1224 5083 modum,
1277 5014 1579 5087 aliquanto
1639 5020 1900 5088 tempore

246 5106 513 5158 moratus
545 5102 603 5156 in
639 5102 887 5172 Oriente,
921 5103 1485 5177 Constantinopolim
1520 5104 1774 5161 revertit.

240 5242 295 5296 3.
336 5243 401 5299 Ut
455 5245 575 5313 regi
626 5244 995 5320 Bulgarorum
1057 5246 1435 5320 Constantino,
1470 5247 1590 5317 ﬁlia
1645 5247 1900 5320 Eulogia?

654 5317 845 5371 Maria
874 5316 934 5370 in
967 5333 1199 5372 uxorem
1227 5319 1356 5372 data
1386 5319 1483 5376 sit.

315 5455 443 5514 Non
495 5458 685 5514 multo
718 5461 851 5530 post
882 5459 1035 5530 regis
1091 5459 1474 5532 Bulgarorum
1529 5464 1897 5521 Constantini

242 5545 496 5619 conjuge
528 5545 692 5605 Irene
723 5551 975 5621 mortua,
1008 5550 1254 5607 studens
1284 5549 1463 5607 istum
1492 5568 1687 5625 regem
1718 5555 1897 5627 impe-

2013 4482 2255 4539 mitatus
2285 4479 2606 4552 Selybriam
2639 4495 2845 4549 usque,
2878 4477 3127 4547 indeque
3186 4475 3346 4530 illam
3397 4476 3465 4529 ad
3516 4478 3663 4532 Con-

2013 4572 2339 4628 stantinum
2361 4568 2650 4641 frequenti
2680 4584 2747 4623 ac
2770 4567 3019 4638 superbo
3044 4563 3317 4620 satellitio
3343 4566 3660 4635 perducen-

2012 4664 2145 4718 dam
2209 4678 2444 4728 curans,
2503 4676 2568 4714 ac
2626 4658 2711 4714 sic
2769 4653 3335 4725 Constantinopolim
3393 4670 3658 4709 reversus

2013 4757 2254 4808 eatenus
2288 4750 2459 4805 fidem
2491 4752 2792 4820 pactorum
2831 4746 3150 4815 imperator
3186 4742 3473 4814 praestitit.
3513 4742 3659 4799 Nam

2013 4841 2167 4912 quod
2192 4837 2616 4911 promissarum
2636 4834 2917 4891 attinebat
2934 4832 3367 4888 restitutionem
3400 4831 3660 4901 urbium,

2011 4932 2070 4986 in
2094 4946 2160 4985 ea
2182 4945 2296 4984 non
2326 4926 2724 4983 festinandum
2756 4928 2918 4980 ratus
2942 4922 3133 4979 varios
3164 4922 3292 4993 ejus
3324 4921 3655 4977 differendae

2010 5024 2323 5093 praetextus
2338 5016 2812 5089 quaesivitrevera
2826 5012 3147 5086 periculum
3168 5012 3305 5066 dira
3320 5010 3665 5066 vastationis

2011 5127 2079 5166 ex
2101 5107 2507 5164 eaimminens
2538 5104 2707 5161 terris
2740 5103 2981 5176 imperio
3015 5101 3297 5172 subjectis
3330 5116 3657 5171 praecaven-

2009 5201 2152 5255 dum
2167 5214 2433 5255 censens.
2456 5197 2739 5252 Caeterum
2758 5194 2989 5249 interim
3009 5191 3459 5249 Constantinum
3479 5189 3662 5243 lacta-

2009 5291 2403 5364 batspeciosis
2426 5289 2763 5346 obtentibus
2795 5284 3259 5341 multiscolorem
3278 5280 3531 5351 aliquem
3556 5278 3659 5330 ba-

2006 5381 2305 5450 bentibus,
2323 5395 2573 5451 quorum
2592 5376 2681 5432 hic
2696 5373 3204 5431 verisimilitudine
3220 5370 3496 5423 inductus
3513 5382 3660 5419 non-

2008 5470 2507 5527 nullavidebatur.
2535 5463 3021 5521 Aiebatvidelicet
3047 5462 3295 5516 istarum
3322 5453 3540 5511 incolas
3561 5470 3655 5507 ur-

2006 5560 2171 5618 bium
2218 5573 2486 5615 recusare
2528 5554 2761 5626 Bulgari
2803 5551 3037 5622 subjici,
3079 5563 3213 5603 cum
3250 5544 3362 5617 ipsi
3405 5542 3652 5599 Romani
