4002 6198
274 298 384 355 795
1577 292 1878 350 GEORGII
1917 289 2382 349 PACHYMERB
3577 288 3694 344 796

273 423 578 496 Ῥωμαίους
662 419 880 490 αὐτοὺς,
971 423 1046 494 μὴ
1134 421 1269 476 εἶναι
1355 418 1401 475 δ’
1478 415 1708 493 εὔλογον
1777 416 1999 483 ῬωοΑ
2038 435 2146 488 ρων
2182 457 2196 482 ,
2264 414 2341 479 εἷς
2395 415 2722 490 στρατηγίαν
2774 435 2836 470 τε
2893 415 3104 484 ξυνετὸς
3161 414 3252 469 καὶ
3309 408 3515 489 τρίϐων
3569 418 3695 476 τοῖς

278 511 468 584 μαίοος
527 513 605 582 [Ρ.
638 510 766 582 235]
798 509 900 564 ὑπὸ
930 511 1234 586 Βουλγάρῳ
1260 509 1457 565 τελεῖν.
1504 507 1580 565 Οὐ
1631 508 1738 578 μὴν
1774 503 1819 559 δ’
1869 502 1923 566 ἐς

269 598 427 658 τέλος
484 596 713 672 ἀπέλεγε
759 599 860 666 τὴν
922 597 1069 654 δόσιν
1129 601 1157 654 ὁ
1220 597 1496 674 βασιλεὺς,
1550 595 1695 651 ἀλλά
1750 615 1924 669 προσ-

272 687 474 760 ανήρτα
525 687 712 760 καιρὸν
767 689 859 742 τὸν
911 696 1010 757 τῆς
1068 687 1414 764 τεκνογονίας
1485 684 1666 755 δῆθεν,
1727 684 1802 744 ὡς
1862 681 1922 737 ἂν

266 771 354 828 καὶ
385 773 738 849 κληρονόμου
767 777 946 849 τούτῳ
979 778 1235 851 φανέντος
1289 777 1347 832 ἐκ
1374 778 1562 853 γένους
1612 775 1924 846 Ῥωμαϊκοῦ

267 860 680 935 εὖπροσωποῖτο
739 866 828 919 καὶ
897 868 923 935 ἢ
990 863 1273 927 ἀπόδοσις.
1324 867 1406 922 Τὰ
1464 863 1510 918 δ’
1559 865 1693 933 ἦσαν
1745 859 1925 937 γέλως

268 948 520 1026 ἄντικρυς
578 953 669 1007 καὶ
720 956 1101 1029 συνειρὸμενον
1160 953 1356 1028 ψεῦδος
1413 959 1492 1025 τῷ
1548 953 1736 1028 χρόνῳ
1796 972 1926 1025 συγ-

266 1038 627 1116 κρύπτοντος.
663 1043 855 1114 Ὃμως
915 1040 971 1096 δέ
1001 1043 1181 1118 γεκαὶ
1233 1040 1376 1097 ἄκων
1433 1043 1460 1095 ὁ
1515 1044 1922 1099 Κωνσταντῖνος

271 1128 501 1200 ὑπέμενε
554 1130 641 1183 καὶ
696 1129 1003 1201 ἐσπένδετο,
1066 1130 1115 1185 εἷ’
1165 1131 1256 1185 καὶ
1317 1133 1344 1200 ἡ
1409 1129 1626 1194 δοθεῖσά
1655 1131 1708 1184 οἱ
1739 1128 1800 1182 οὐ
1831 1148 1921 1182 το-

269 1221 458 1271 σοῦτον
523 1219 724 1292 βοηθὸς
753 1219 944 1292 ἐκείνῳ
995 1221 1119 1274 ὅσον
1179 1223 1246 1292 τῇ
1302 1217 1567 1293 Ῥιομα’ίδι
1626 1218 1922 1291 ἐπέμπετοέ

268 1306 418 1362 Ἐπεὶ
476 1304 522 1360 δ’
555 1306 604 1380 ἐξ
638 1307 841 1363 ἐκείνου
891 1306 1104 1363 παιδίον
1141 1311 1286 1385 ἑώρα
1313 1309 1404 1363 τὸν
1458 1306 1692 1384 Μιχαὴλ
1737 1307 1921 1380 ἑαυτῇ,

268 1391 416 1448 δεινᾶ
487 1393 704 1466 ἐποίει,
773 1397 861 1452 καὶ
937 1398 1030 1452 τὸν
1108 1397 1335 1474 σύζυγον
1399 1398 1774 1472 κατηνάγκαζε
1829 1396 1926 1458 τὰς

268 1482 502 1544 σπονδάς
551 1506 614 1560 γε
674 1485 821 1541 λύειν
881 1487 970 1541 καὶ
1031 1486 1297 1560 πολεμεῖν
1361 1489 1454 1549 τὰς
1514 1488 1706 1549 πόλεις
1755 1507 1924 1561 προσ-

267 1578 630 1630 απαιτοῢντα.
694 1576 986 1632 Κάντεῦθεν
1047 1576 1135 1630 καὶ
1196 1574 1344 1630 δεινὰ
1401 1575 1499 1631 οὐκ
1553 1573 1718 1650 ὀλίγα
1775 1576 1923 1645 ξονέ-

268 1658 439 1730 ϐαινε,
499 1663 588 1717 καὶ
647 1659 977 1736 ξυμϐεϐήκει
1029 1662 1086 1719 ἂν
1139 1663 1391 1735 πλεῖστα,
1424 1665 1467 1720 εἰ
1503 1667 1575 1738 μή
1610 1685 1670 1740 γε
1701 1665 1728 1719 ὁ
1765 1665 1923 1740 βασι-

265 1750 393 1810 λεὺς
425 1750 594 1821 κῆδος
625 1754 759 1826 πρὸς
817 1753 908 1808 τὸν
941 1759 1116 1828 Νογᾶν
1147 1754 1234 1809 ἐπὶ
1285 1754 1427 1827 νόθῳ
1482 1759 1550 1830 τῇ
1597 1753 1918 1832 Εὐφροσόνῃ

265 1839 465 1917 φθάσας
515 1847 744 1911 ποιῆσαι
778 1842 962 1917 ἀνεῖχε
991 1843 1084 1906 τὰς
1120 1843 1293 1917 ὁρμάς
1326 1842 1531 1898 ἐκείνου
1560 1847 1629 1918 τῇ
1661 1844 1795 1918 πρὸς
1827 1842 1919 1897 τὸν

266 1932 448 2002 Νογᾶν
476 1925 714 1999 δεξιώσει
747 1930 838 1985 καὶ
874 1928 1054 1986 διέλυε
1083 1934 1152 1989 τὰ
1195 1933 1561 2008 βουλεύματα,
1611 1933 1682 1995 ὡς
1729 1932 1920 1987 αὐτίκα

267 2017 491 2072 κατόπιν
527 2017 1012 2094 έπιδραμουμένων
1041 2023 1144 2077 τῶν
1173 2023 1461 2098 Τοχάρων,
1501 2024 1562 2092 ἢν
1597 2023 1761 2085 αὐτὸς
1791 2020 1914 2096 ἐπίῃ

265 2111 384 2169 τοῖς
414 2107 705 2181 βασιλέως.

268 2209 332 2269 δ’.
363 2212 443 2293 Τᾲ
483 2213 608 2293 περί
656 2219 760 2293 τοῦ-
806 2222 960 2293 Νογᾶ
1005 2217 1095 2293 καὶ
1143 2219 1435 2293 Τοχάρων,
1495 2212 1643 2293 ὅπως
1673 2216 1822 2293 εἶχον
1852 2218 1914 2272 τὸ

333 2283 480 2376 πρίν-τ
514 2283 612 2342 Καὶ
642 2287 765 2363 περὶ
794 2283 1145 2363 τοῖ’)’πρώτου
1180 2283 1449 2370 βάσιλέως
1477 2291 1568 2346 καὶ
1611 2283 1912 2363 νομδθέτου

343 2377 517 2411 αυτων
527 2401 542 2415 ο

338 2461 399 2520 Ὁ
429 2459 487 2518 δὶ
518 2465 698 2541 Νογᾶς
750 2467 910 2530 αὐτὸς
959 2467 1247 2542 κράτιστος
1292 2468 1359 2540 ἦν
1405 2468 1542 2546 ἀνὴρ
1571 2472 1678 2525 τῶν
1720 2470 1908 2544 Τοχά-

263 2689 482 2754 essent,
498 2703 604 2742 nec
622 2703 683 2743 se
697 2686 1295 2760 adhuc,quantumvis
1308 2685 1911 2759 conaretur,potuisse

261 2775 399 2832 huic
424 2792 626 2832 eorum
661 2777 946 2832 aversioni
996 2777 1237 2833 mederi.
1272 2782 1342 2832 Ut
1374 2793 1464 2832 res
1499 2777 1600 2832 ﬁat
1629 2775 1908 2843 suaviter,

257 2865 710 2936 exspectandum
742 2865 945 2936 videri,
969 2867 1108 2921 dum
1143 2877 1313 2923 natus
1345 2864 1729 2922 Constantino
1751 2863 1910 2918 ﬁlius

263 2955 410 3010 foret
437 2969 506 3008 ex
536 2970 682 3009 nova
711 2957 998 3028 conjuge:
1031 2960 1172 3011 tunc
1202 2957 1360 3011 enim
1393 2955 1513 3011 fore
1543 2953 1742 3011 omnia
1773 2969 1910 3024 pro-

263 3043 450 3108 niora,
471 3057 604 3114 rege
624 3048 746 3098 tum
772 3044 996 3100 scilicet
1013 3045 1169 3100 844
1200 3044 1582 3115 Bulgarorum
1615 3043 1905 3099 haredem

261 3131 513 3189 habente
546 3133 790 3190 Romani
823 3135 1154 3207 sanguinis,
1186 3136 1277 3190 cui
1313 3141 1681 3190 sacramento
1717 3133 1910 3188 dicere

260 3222 554 3278 Romanos
601 3240 714 3278 non
771 3224 1092 3280 dedeceret.
1129 3226 1256 3280 llaec
1299 3225 1725 3296 allegabantur,
1757 3237 1905 3293 quae,

255 3314 320 3366 ut
338 3327 473 3366 vere
495 3311 830 3383 loquamur,
856 3329 1018 3369 mera
1039 3317 1205 3369 erant
1229 3313 1417 3370 elusio
1448 3317 1505 3368 et
1533 3311 1910 3368 mendacium

256 3398 645 3470 promissione
693 3405 929 3471 tempus
976 3401 1305 3458 obducente
1337 3402 1770 3470 inumbratum,
1804 3415 1910 3455 nec

256 3485 428 3556 plane
485 3486 694 3542 fallens
770 3488 1248 3559 Constantinum,
1308 3506 1649 3560 quanquam
1705 3488 1756 3542 is
1811 3504 1911 3542 vo-

253 3573 383 3629 lens
417 3573 624 3630 nolens
654 3574 1030 3632 dissimulare
1061 3579 1401 3648 cogebatur,
1429 3584 1486 3634 et
1511 3579 1683 3634 tacite
1714 3577 1910 3632 dolere

252 3663 454 3719 fucum
501 3663 613 3719 sibi
663 3665 878 3720 factum
929 3667 1294 3722 obtrudenda
1327 3667 1598 3739 conjuge,
1633 3684 1759 3739 quae
1793 3684 1909 3722 non

257 3758 381 3809 tam
403 3754 517 3826 ipsi
533 3756 623 3826 adj
637 3755 973 3825 utrixquam
991 3766 1152 3812 terrae
1169 3758 1441 3814 Romanae
1456 3759 1588 3813 data
1601 3763 1772 3814 esset.
1789 3763 1910 3814 Ma-

263 3841 349 3897 ria
361 3858 496 3898 vero
512 3850 823 3915 postquam
840 3845 1219 3902 Constantino
1243 3854 1545 3918 pepererat
1568 3847 1910 3903 Michaelem

262 3929 449 3985 ﬁlium
469 3931 761 4003 omnijam
777 3934 1148 3990 excusatione
1160 3935 1516 3991 cunctationi
1533 3935 1913 4008 demptaipsa

261 4035 493 4090 quoque
542 4021 794 4077 transire
843 4023 1033 4094 palam
1087 4023 1145 4078 in
1194 4024 1300 4079 viri
1349 4041 1559 4080 sensus
1589 4030 1645 4080 et
1685 4024 1912 4095 utrique

257 4108 473 4164 factam
510 4110 784 4180 injuriam
811 4128 1081 4168 accusare
1111 4113 1492 4183 indignanter
1521 4115 1716 4185 coepit,
1738 4113 1911 4168 mari-

259 4201 387 4252 tum
421 4199 657 4252 assidue
689 4199 1014 4257 sollicitans
1035 4202 1103 4256 ad
1127 4203 1474 4274 repetendas
1508 4203 1660 4258 bello
1691 4203 1912 4273 injuste

259 4289 499 4354 negatas
525 4287 725 4342 urbes.
751 4287 913 4344 Unde
937 4291 1127 4346 multa
1151 4291 1307 4346 mala
1330 4297 1458 4347 orta
1477 4296 1646 4357 sunt;
1669 4296 1725 4345 et
1747 4290 1913 4361 plura

258 4373 644 4445 gravioraque
679 4376 1056 4446 prodiissent,
1083 4379 1195 4435 nisi
1225 4382 1527 4451 Augustus
1550 4385 1777 4434 mature
1798 4377 1910 4433 sibi

256 4469 725 4534 praeoccupasset
769 4482 917 4520 novo
968 4467 1182 4523 ﬁndere
1233 4469 1478 4541 Nogam,
1513 4470 1650 4524 data
1679 4468 1738 4523 in
1769 4485 1912 4523 uxo-

255 4531 380 4606 rem
413 4551 463 4607 ei
497 4553 617 4608 ﬁlia
646 4571 754 4610 sua
785 4554 965 4611 notha
997 4531 1396 4630 Euphrosyrie.
1429 4531 1555 4624 Qua
1591 4558 1912 4614 necessitu-
1947 4531 1991 4599 D

259 4639 398 4696 dine
449 4641 755 4699 devinctus
811 4643 1148 4716 imperatori
1203 4647 1393 4719 Nogas
1427 4648 1622 4719 palam
1655 4647 1913 4704 ostendit

258 4729 629 4802 irrupturum
676 4749 735 4787 se
781 4749 915 4788 cum
967 4734 1274 4806 Tocharis,
1307 4737 1524 4808 quibus
1556 4742 1819 4808 praeerat,
1851 4736 1910 4792 in

255 4817 645 4890 Bulgarorum
666 4820 833 4891 lines,
855 4823 1054 4878 statim
1085 4829 1261 4896 atque
1279 4824 1700 4882 Constantinus
1723 4826 1911 4898 regio-

260 4923 364 4962 nes
416 4907 720 4964 incursare
778 4911 1074 4968 Romanas
1125 4914 1416 4985 coepisset.
1450 4917 1770 4988 Suspendit
1817 4915 1912 4972 hic

257 5002 454 5052 metus
500 4997 748 5054 consilia
801 4999 1056 5072 Bulgari,
1090 5006 1147 5058 et
1179 5003 1469 5061 malorum
1501 5005 1768 5062 inducias
1800 5005 1912 5062 Ro-

258 5085 453 5143 manis
481 5087 636 5143 fecit.

255 5230 306 5285 4.
344 5231 416 5286 De
443 5231 598 5299 Nega
626 5236 678 5316 et
711 5236 985 5306 'I'ocharis,
1032 5238 1453 5316 originibusque
1509 5241 1705 5310 gentis,
1739 5240 1913 5312 deque

552 5312 734 5376 primo
764 5324 954 5365 eorum
983 5326 1108 5382 rege
1135 5327 1200 5366 ac
1231 5312 1615 5384 legumlatore.

325 5445 431 5501 Hic
490 5463 664 5517 porro
725 5450 920 5524 Negas
990 5453 1441 5525 potentissimus
1506 5453 1905 5511 Tocharorum

255 5538 400 5604 erat,
460 5536 682 5594 bellicae
742 5541 886 5598 artis
939 5541 1131 5615 longis
1189 5543 1604 5616 experimentis
1661 5543 1908 5600 multam

259 5623 532 5693 peritiam
563 5626 835 5701 adeptus,
867 5647 981 5687 usu
1012 5647 1210 5689 rerum
1241 5631 1302 5690 in
1334 5631 1680 5692 tractatione
1729 5649 1909 5707 nego-

2030 505 2366 579 πράγμασιν,
2417 506 2477 569 ὃς
2524 505 2636 577 ἅμα
2692 503 2974 565 πλείσταις
3035 501 3324 576 δυνάμεσιν
3384 503 3436 576 ἐξ
3488 503 3699 578 ὁμογε-

2031 596 2135 646 νῶν
2183 593 2476 668 Τοχάρων,
2509 593 2602 656 οὓς
2656 592 2814 648 αὐτοὶ
2868 591 3253 669 Μουγουλίους
3296 590 3571 668 λέγουσιν,
3607 589 3697 662 ἒξ-

2029 681 2357 744 αποσταλεὶς
2390 682 2450 737 ἐκ
2497 687 2605 737 τῶν
2632 682 2768 737 κατὰ
2814 684 2910 744 τὰς
2945 683 3192 743 Κασπίας
3251 681 3533 756 ἀρχόντων
3592 684 3698 735 τοῦ

2029 770 2260 847 γένους,
2335 771 2424 834 οὓς
2481 769 2714 834 Κάνιδας
2774 771 3170 844 ὀνομάζουσιν,
3231 766 3516 826 εἰσϐάλλει
3571 775 3696 831 τοῖς

2031 862 2129 915 ἀνὰ
2183 861 2275 915 τὸν
2337 858 2584 934 Εὔξεινον
2645 863 2884 936 βορείοις
2930 859 3153 929 ἔθνεσιν,
3209 859 3242 914 ἃ
3285 857 3352 928 δὴ
3401 861 3466 915 τὸ
3514 858 3693 914 πάλαι

2028 955 2145 1012 τοῖς
2192 950 2491 1024 Ῥωμαίοις
2551 951 2794 1021 ὑπήκουε
2829 995 2842 1020 ,
2904 957 3005 1020 τῆς
3063 949 3280 1011 πόλεως
3335 947 3383 1003 δ’
3440 946 3696 1019 ἀλούσης

2029 1040 2118 1094 καὶ
2169 1045 2274 1094 τῶν
2338 1039 2670 1115 πραγμάτων
2733 1040 2808 1100 εἷς
2868 1040 3052 1094 στενὸν
3109 1038 3490 1093 καταστάντων
3549 1039 3695 1094 Ῥω-

2034 1125 2242 1199 μαίοις,
2309 1130 2416 1180 τῶν
2492 1126 2693 1199 κυρίων
2768 1125 3192 1204 ἀπολειφθέντα,
3261 1124 3543 1200 αὐτόνομα
3594 1128 3693 1193 ἦν.

2028 1216 2184 1269 Ταῦτ’
2245 1212 2344 1288 ἄρα
2401 1215 2488 1270 καὶ
2566 1215 2771 1270 ἀκονιτί
2849 1215 3037 1293 φανεὶς
3113 1209 3539 1288 προσελάμϐανε
3597 1216 3697 1269 καὶ

2029 1302 2457 1362 κατεδουλοῦτο.
2517 1302 2666 1360 Ἰδὼν
2717 1302 2773 1359 δὲ
2831 1305 3022 1379 χώρας
3075 1303 3351 1373 ἀρετώσας
3405 1304 3496 1358 καὶ
3555 1299 3692 1373 ἔθνη

2031 1393 2106 1455 εἷς
2167 1395 2347 1468 ἀρχὴν
2401 1393 2536 1448 κατὰ
2583 1399 2716 1465 σφᾶς
2777 1393 3042 1466 αὐτάρκη,
3101 1394 3387 1467 ἀφηνιάζει
3452 1395 3546 1466 μὶν
3574 1397 3690 1447 τῶν

2029 1484 2358 1556 πεμψάντων
2405 1482 2494 1537 καὶ
2543 1483 2718 1554 ἑαυτῷ
2763 1483 2829 1537 τὰ
2884 1481 3010 1548 ἔθνη
3061 1487 3421 1552 προσκτᾶται.
3478 1482 3569 1544 Ὠς
3629 1480 3696 1537 δὲ

2029 1572 2238 1646 χρόνου
2294 1567 2646 1644 τριϐομένου,
2700 1569 3078 1646 ἐπιμιγνύντες
3112 1565 3292 1646 σφίσιν
3337 1570 3545 1644 οἱπερὶ
3581 1571 3694 1638 τὴν

2035 1661 2320 1737 μεσόγαιον
2376 1660 2804 1733 κατῳκημένοι,
2864 1657 3093 1715 Ἀλανοὶ
3152 1658 3338 1734 λέγω,
3410 1661 3495 1730 [Ρ.
3554 1661 3691 1733 236]

2030 1750 2223 1825 Ζίκχοι
2297 1749 2386 1804 καὶ
2457 1750 2692 1818 Γότθοι,
2751 1750 2951 1803 Ῥῶσοι
3006 1749 3097 1803 καὶ
3155 1749 3224 1802 τὰ
3282 1752 3697 1821 προσοικοῦντα

2026 1840 2245 1904 τούτοις
2283 1837 2514 1916 διάφορα
2561 1840 2717 1914 γένη,
2743 1833 2835 1907 ἔθη
2889 1859 2947 1892 τε
3001 1839 3070 1892 τὰ
3099 1837 3316 1892 ἐκείνων
3355 1837 3694 1910 μανθάνουσι

2029 1931 2116 1984 καὶ
2177 1927 2428 2003 γλῶσσαν
2474 1930 2553 2001 τῷ
2603 1923 2708 1982 ἔθει
2763 1922 3244 2000 μεταλαμϐάνουσι
3301 1926 3391 1981 καὶ
3453 1925 3691 1997 στολὴν,

2027 2018 2116 2073 καὶ
2167 2018 2243 2080 εἰς
2298 2019 2628 2092 συμμάχους
2707 2015 2890 2077 αὐτοῖς
2939 2015 3180 2091 γίνονται
3215 2058 3229 2072 .
3286 2013 3384 2069 Καὶ
3444 2017 3562 2088 μετ’
3621 2015 3692 2070 οὐ

2026 2107 2171 2163 πολὺ
2233 2107 2307 2169 εἷς
2364 2107 2579 2180 πλῆθος
2637 2107 2872 2182 ἀριθμοῦ
2929 2107 3176 2181 κρεῖττον
3234 2105 3262 2158 ὁ
3295 2101 3542 2168 ἐπελθὼν
3573 2109 3688 2158 τῶν

2025 2196 2294 2272 Τοχάρων
2326 2194 2461 2257 λαὸς
2493 2192 2772 2265 ἀνδίδωσι,
2823 2195 2914 2249 καὶ
2952 2192 3314 2248 ἀνυπόστατοι
3359 2191 3497 2247 ὅπου
3547 2191 3684 2248 ἴοιεν

2023 2286 2262 2362 γίνονται
2311 2290 2432 2347 ταῖς
2479 2282 2787 2357 δυνάμεσιν,
2840 2284 2914 2345 ὡς
2956 2282 3045 2338 καί
3103 2302 3254 2344 τινας
3283 2286 3394 2336 τῶν
3427 2280 3540 2336 ἅνω
3585 2303 3692 2337 κυ-

2024 2377 2155 2453 ρίων
2215 2373 2466 2447 πολέμου
2529 2375 2687 2447 νόμῳ
2741 2373 2824 2428 ἐπ’
2882 2372 3080 2432 αὐτοὺς
3136 2371 3442 2434 ἀποστάτας
3497 2371 3688 2434 ἰόντας

2023 2465 2130 2540 οὐχ
2178 2465 2328 2526 ὅπως
2359 2464 2750 2539 περιγενέσθαι,
2784 2459 2931 2517 ἀλλᾶ
2975 2460 3066 2516 καὶ
3117 2457 3393 2538 σφαλῆναι
3423 2461 3490 2514 τὰ
3513 2460 3686 2515 πλεῖ-

2021 2683 2242 2739 tiorum
2295 2680 2494 2737 tritus.
2542 2680 2597 2735 Is
2647 2695 2781 2734 cum
2843 2677 3076 2751 magnis
3127 2678 3313 2750 copiis
3360 2695 3393 2735 e
3439 2693 3682 2751 genere,

2021 2773 2192 2842 cujus
2218 2775 2344 2826 erat
2372 2774 2429 2825 et
2457 2769 2604 2841 ipse,
2633 2768 3057 2834 Tocharorum,
3085 2768 3188 2841 qui
3221 2784 3283 2825 se
3315 2767 3431 2841 ipsi
3462 2768 3680 2841 Mugn-

2019 2862 2132 2917 lios
2181 2859 2511 2926 nominant,
2562 2857 2785 2913 missus
2815 2856 3242 2928 aprincipibus
3295 2857 3426 2928 ejus
3485 2855 3682 2929 gentis

2020 2950 2291 3024 (Canidas
2307 2947 2629 3020 appellant)
2643 2945 2798 3002 circa
2819 2951 3017 3018 portas
3034 2945 3276 3018 Caspias
3298 2946 3679 3018 degentibus,

2018 3037 2380 3110 irruperatin
2395 3035 2658 3093 boreales
2689 3035 2910 3093 Euxino
2943 3045 3142 3106 gentes
3172 3035 3454 3091 Romanis
3483 3052 3679 3108 quon-

2021 3130 2155 3186 dam
2172 3127 2464 3196 subditas,
2479 3126 2579 3181 sed
2596 3142 2724 3196 qua
2739 3129 2873 3197 post
2887 3129 3117 3196 captam
3137 3142 3172 3181 a
3195 3123 3422 3181 Latinis
3441 3125 3680 3199 urbem,

2021 3223 2080 3276 et
2101 3235 2192 3274 res
2212 3214 2443 3287 imperii
2465 3215 2733 3270 redactas
2745 3214 2803 3270 in
2819 3219 3036 3283 artum,
3054 3217 3382 3270 necessario
3397 3213 3679 3286 neglectae

2022 3310 2171 3366 845
2209 3325 2243 3363 a
2272 3306 2528 3363 dominis
2559 3307 2652 3362 sui
2682 3308 2824 3361 tunc
2844 3305 3002 3376 juris
3033 3309 3222 3362 erant.
3258 3299 3578 3363 Has‘l'acile
3607 3323 3679 3364 ac

2021 3400 2148 3456 sine
2171 3413 2382 3469 magno
2405 3395 2727 3452 certamine
2756 3395 2947 3467 prima
2975 3396 3179 3451 statim
3213 3396 3554 3453 ostensione
3582 3396 3680 3453 sui

2020 3491 2176 3561 cepit
2222 3486 2453 3557 sibique
2510 3485 2780 3556 subjecit.
2819 3486 2885 3539 Et
2934 3485 3407 3541 animadvertens
3466 3487 3682 3543 uberes

2021 3582 2205 3633 terras
2227 3593 2293 3632 ac
2315 3573 2561 3648 pepulos
2583 3573 2655 3629 ad
2687 3573 3166 3630 constituendum
3199 3589 3302 3646 per
3332 3591 3396 3631 se
3425 3590 3680 3647 regnum

2021 3666 2282 3733 idoneos,
2315 3665 2543 3720 frenum
2592 3663 2851 3719 excussit
2902 3662 3132 3735 imperii
3164 3679 3366 3719 eorum
3394 3681 3430 3719 a
3460 3663 3683 3736 quibus

2021 3759 2148 3811 erat
2192 3755 2434 3820 missus,
2468 3757 2525 3808 et
2565 3769 2656 3808 res
2703 3768 2876 3825 agere
2923 3769 3066 3808 suas
3114 3752 3402 3822 instituit,
3436 3754 3679 3826 proprio

2023 3845 2352 3918 principatu
2415 3842 2756 3899 constituto.
2797 3843 3081 3899 Processu
3130 3842 3342 3898 deinde
3392 3845 3683 3914 temporis

2023 3936 2340 3992 miscentes
2373 3950 2436 3989 se
2473 3933 2618 4004 ipsis
2651 3932 2752 4004 qui
2787 3932 3207 3988 mediterranea
3236 3931 3354 3988 illic
3385 3933 3682 4004 incolunt,

2023 4023 2185 4080 Alani
2235 4021 2527 4090 videlicet,
2558 4021 2997 4089 Ziccbi,Gotthi
3054 4025 3110 4077 et
3169 4020 3403 4090 Rhossi,
3453 4022 3680 4094 quique

2022 4113 2305 4169 ﬁnitimas
2326 4111 2485 4167 hisce
2503 4110 2767 4166 habitant
2783 4115 2971 4167 terras
3003 4111 3367 4167 diversorum
3390 4127 3680 4184 generum

2024 4201 2245 4276 populi,
2299 4217 2488 4256 mores
2548 4200 2832 4272 paulatim
2892 4201 3157 4271 ipsorum
3211 4200 3571 4268 didicerunt,
3619 4207 3687 4258 et

2024 4309 2158 4348 cum
2207 4289 2335 4346 vitae
2365 4307 2473 4346 usu
2507 4290 2770 4362 linguam
2831 4289 3008 4346 etiam
3043 4306 3108 4346 ac
3134 4290 3412 4346 vestitum
3472 4306 3682 4347 eorum

2025 4383 2402 4452 usurpantes,
2419 4379 2477 4433 in
2503 4376 2726 4433 militiae
2739 4394 2972 4450 quoque
2987 4378 3348 4434 consortium
3364 4379 3686 4449 assumpti,

2026 4487 2139 4526 non
2175 4470 2256 4525 ita
2288 4468 2472 4523 multo
2506 4473 2637 4540 post
2669 4467 2956 4523 exercitus
3002 4468 3379 4524 confecerunt
3402 4467 3682 4523 innume-

2023 4557 2258 4624 rabiles,
2291 4574 2540 4629 quarum
2575 4557 2934 4614 conscientia
2965 4574 3196 4628 usuque
3225 4557 3441 4613 virium
3471 4557 3530 4612 in
3569 4573 3679 4629 po-

2022 4646 2267 4704 tentiam
2301 4646 2561 4702 immane
2585 4651 2868 4718 quantam
2891 4646 3290 4704 Tocharorum
3315 4663 3458 4720 gens
3480 4647 3678 4719 profe-

2022 4739 2119 4806 cit,
2154 4737 2299 4792 adeo
2321 4740 2382 4791 ut
2405 4752 2759 4808 quocunque
2789 4753 2850 4793 se
2882 4740 3195 4807 verterent,
3215 4735 3682 4793 ineluctabiliter

2021 4829 2232 4882 cuncta
2262 4829 2716 4898 prosternerent,
2743 4830 2800 4882 et
2830 4842 2964 4882 cum
2997 4841 3026 4882 e
3058 4827 3462 4899 superioribus
3483 4825 3679 4882 domi-

2023 4916 2114 4972 nis
2144 4913 2386 4987 quidam
2419 4915 2490 4970 ad
2526 4915 2790 4987 ipsorum
2837 4915 3221 4972 defectionem
3274 4915 3680 4972 ulciscendam

2019 5020 2236 5076 eosque
2268 5004 2378 5060 sub
2398 5004 2613 5076 jugum
2671 5006 3030 5061 revocandos
3089 5005 3333 5062 bellicas
3361 5005 3420 5060 in
3452 5021 3552 5060 eos
3582 5021 3682 5060 ex-

2021 5094 2344 5167 peditiones
2421 5093 2841 5166 suscepissent,
2903 5113 3019 5150 non
3075 5095 3250 5152 modo
3323 5095 3482 5168 ipsos
3560 5111 3680 5151 non

2020 5182 2337 5250 vincerent,
2389 5183 2488 5238 sed
2540 5184 2771 5256 magnis
2819 5184 3077 5256 acceptis
3127 5182 3396 5240 cladibus
3427 5184 3487 5240 in
3513 5183 3684 5240 lucro

2022 5276 2308 5344 ponerent
2339 5273 2491 5344 quod
2526 5271 2824 5345 plerisque
2865 5289 3107 5328 suorum
3140 5272 3296 5329 bello
3327 5271 3683 5329 cadentibus

2022 5361 2194 5432 pauci
2227 5362 2456 5418 salvum
2485 5363 2740 5419 reditum
2770 5362 3075 5420 haberent.
3118 5363 3348 5419 Gaudet
3378 5361 3501 5417 haec
3532 5379 3682 5434 gens

2018 5450 2139 5506 vita
2170 5451 2423 5524 simplici
2451 5473 2464 5522 ;
2516 5452 2738 5508 harent
2785 5452 3033 5508 invicem
3067 5456 3274 5509 mutuo
3306 5468 3459 5507 nexu
3491 5451 3685 5508 civilis

2022 5539 2363 5612 charitatie;
2394 5542 2709 5600 tolerantes
2740 5546 2879 5598 sunt
2907 5541 3199 5612 laborum,
3225 5542 3284 5598 in
3317 5540 3471 5598 bella
3487 5557 3689 5614 prom-

2028 5631 2324 5707 ptissimi;
2357 5633 2562 5706 paucis
2606 5632 2679 5690 ad
2709 5631 2929 5690 victum
2987 5630 3336 5704 cultumque
3386 5630 3690 5705 indigent,
