4002 6198
240 264 340 320 797

1304 274 1403 328 DE
1439 274 1813 329 MICHABLB
1850 273 2297 331 PALEOIDGO
2330 276 2467 331 LIB.
2507 278 2577 332 ν.

3540 275 3649 337 798

240 409 331 445 στα
358 388 645 453 πεσόντας.
695 392 849 447 ¹Ἐστι
894 390 957 446 τὸ
1005 390 1157 456 ἔθνος
1210 391 1479 465 ἁπλότητι
1535 394 1630 468 μὶν
1679 400 1876 470 χαῖρον
1909 402 1962 466 Α
1990 396 2081 451 τὸν
2125 394 2299 452 ’ίππον
2360 397 2735 462 ἐκκιντοῦντας
2793 400 3022 478 ἰκροφᾶν
3084 401 3310 473 αἳματος
3368 401 3414 456 εί
3473 400 3530 456 δέ
3562 424 3641 475 τῳ

238 478 321 534 καὶ
352 478 728 555 φιλαλληλίᾳ,
765 480 854 535 καὶ
905 481 996 551 ὀξύ
1046 503 1107 536 τε
1151 483 1288 557 πρὸς
1337 483 1619 557 πολέμους
1665 485 1755 539 καὶ
1786 506 1886 539 πο-

238 568 421 644 νηρὸν,
452 570 542 623 καὶ
577 570 677 638 τήν
724 572 867 639 ζωὴν
919 569 1197 644 αὕταρκις,
1247 573 1337 627 καὶ
1384 594 1443 647 γε
1480 574 1548 628 τὰ
1598 575 1737 628 κατά
1771 574 1886 647 βίον

240 654 596 726 ἂνεπινόητόν
647 680 704 713 τε
751 659 841 713 καὶ
888 659 1330 736 ἀπρομήθευτον.
1391 664 1729 737 Ἐχρήσαντο
1784 665 1889 739 γὰρ

239 746 487 810 ἀνέκαθεν
541 747 813 821 νομοθέτῃ
862 747 923 802 οὐ
980 748 1197 829 Σόλωνι
1246 752 1281 819 ἢ
1339 750 1641 826 Λυκούργῳ
1685 752 1719 821 ἢ
1754 752 1887 827 Δρά-

238 856 388 889 κοντι
418 835 596 908 (οὗτοι
646 838 747 911 γὰρ
798 837 1110 906 Ἀθηναίοις
1156 840 1241 893 καὶ
1294 837 1747 912 Λακεδαιμονίοις
1800 842 1889 895 καὶ

237 945 373 978 τισιν
400 923 598 986 ἄλλοις
649 925 699 979 οἱ
746 926 1041 997 νομοθέται
1096 928 1258 1004 σοφοὶ
1302 934 1495 1005 σοφοῖς
1525 928 1615 983 καὶ
1648 936 1892 991 συνετοῖς

232 1014 297 1068 τὰ
328 1011 383 1075 ἐς
437 1012 597 1087 λόγον
651 1013 877 1087 λόγιοι),
923 1015 1045 1069 ἀκλ’
1104 1014 1255 1092 ἀνδρὶ
1301 1018 1503 1093 ἀγνῶτι
1545 1017 1634 1073 καὶ
1691 1019 1753 1073 τὸ
1785 1020 1887 1073 πὰν

231 1107 498 1177 πονηρῷ,
556 1106 758 1177 χαλκεῖ
820 1102 914 1175 μίν
972 1106 1034 1158 τὸ
1092 1110 1331 1180 πρῶτον.
1396 1106 1507 1162 εἶτα
1557 1104 1614 1161 δὲ
1668 1106 1757 1162 καὶ
1815 1108 1892 1171 εἷς

233 1189 402 1248 Κᾶνιν
463 1190 721 1266 (ἄρχοντά
768 1212 852 1255 τις
910 1189 1079 1265 εἷ’ποι)
1138 1196 1499 1267 καταστάντι,
1578 1198 1637 1258 ὃς
1686 1197 1773 1251 καὶ
1834 1196 1893 1253 ἐκ

230 1279 495 1338 Κασπίων
548 1280 817 1336 πυλώνων
871 1281 1099 1337 ἀνιστῶν
1151 1284 1211 1338 τὸ
1263 1282 1416 1348 ἔθνος
1477 1284 1709 1355 ἐξελθεῖν
1762 1286 1889 1363 θαρ-

228 1371 428 1447 ῥῆσαν,
492 1371 581 1427 καὶ
641 1373 821 1446 σφίσιν
881 1371 963 1427 ἀεὶ
1022 1373 1084 1427 τὸ
1141 1378 1293 1444 νικᾷν
1358 1375 1617 1443 ὑπετίθει,
1678 1376 1723 1431 εἱ
1774 1382 1893 1441 τοῖς

232 1458 400 1521 ἰδίοις
460 1462 653 1534 νόμοις
711 1462 1061 1537 προσέχοιεν.
1113 1464 1182 1519 O't
1235 1460 1281 1517 δ’
1329 1464 1464 1531 ἦσαν
1524 1470 1640 1527 τοῖς
1700 1461 1890 1541 ἀϐροῖς

228 1550 555 1625 ἀπέχεσθαι,
598 1554 715 1612 τοῖς
760 1554 1020 1624 τυχοῦσιν
1076 1551 1373 1621 ἀρκεῖσθαι,
1422 1554 1485 1607 τὸ
1534 1552 1890 1630 φιλάλληλον

228 1634 412 1712 ἔχειν,
467 1638 531 1692 τὸ
586 1637 890 1711 αὐτόνομον
945 1638 1395 1717 ἀποστρέφεσθαι,
1453 1642 1513 1695 τὸ
1571 1644 1889 1699 κοινωνικὸν

1999 487 2089 541 καὶ
2119 487 2513 561 στεγανωτέρας
2572 486 2830 562 προσδέοι
2886 497 3114 565 τροφῆς,
3176 489 3385 564 ἐγκάτῳ
3445 490 3557 553 οἷὸς
3580 494 3642 547 τὸ

1998 576 2134 649 αἷμα
2186 575 2569 652 συγκλείοντας
2626 578 2727 632 ὑπὸ
2778 579 2877 647 τήν
2936 578 3219 654 ἐφεστρίδα
3266 581 3509 648 τιθὲναι,
3570 582 3643 643 ὡς

1999 663 2237 729 ἐντεῦθεν
2290 665 2482 741 μικρὸν
2538 667 2793 721 συσταθὲν
2846 667 2904 721 ἐκ
2958 675 3056 736 τῆς
3113 667 3309 731 ἐκείθεν
3374 668 3647 741 θερμότη-

1996 774 2089 815 τος
2124 751 2338 808 δεῖπνον
2368 753 2629 823 τίθεσθαι,
2679 755 2772 809 κᾶν
2820 755 2871 809 τί
2922 777 3024 809 που
3076 756 3235 831 ῥάκος
3297 756 3531 832 ἐντυχὼν
3561 780 3644 819 τις

1999 841 2169 917 εὕροι,
2201 840 2546 918 ἐπιρῥάπτειν
2578 847 2647 908 τῆ
2682 844 2989 918 ἀμπεχόνῃ,
3040 843 3135 898 κᾶν
3186 846 3297 898 οἷον
3352 844 3524 899 ἐκεῖνο
3554 846 3644 900 καὶ

1998 930 2053 1005 ᾗ,
2091 930 2187 986 λᾶν
2218 934 2253 1001 ἡ
2285 932 2575 1007 ἀμπεχόνη
2616 934 2690 1005 μὴ
2723 930 2899 987 δέοιτο
2933 935 2981 1004 (ὁ
3013 935 3075 1009 γὶ
3108 936 3327 1002 σκοπὸς,
3353 935 3426 996 ὡς
3461 935 3519 989 ἃν
3553 935 3643 988 καὶ

2000 1017 2123 1074 ἄνευ
2153 1020 2342 1095 χρείας
2385 1026 2545 1075 τοῦτο
2590 1026 2893 1088 ποιοῦντες,
2946 1022 3031 1077 ἐπὶ
3080 1030 3179 1093 τῆς
3227 1022 3413 1097 χρείας
3468 1028 3640 1077 ποιεῖν

1999 1109 2424 1183 ἀναγκαζόμενοι
2462 1112 2537 1183 μὴ
2571 1110 2940 1184 αἲσχύνοιντο,
2978 1118 3096 1173 τοῖς
3150 1111 3405 1173 παλαιοῖς
3459 1112 3524 1166 τὰ
3553 1110 3645 1165 νέα

1998 1196 2645 1273 προσεπεμϐάλλοντες),
2694 1200 2783 1253 καὶ
2831 1199 3001 1262 οὕτως
3054 1200 3245 1261 αὐτοὺς
3302 1202 3394 1273 μὲν
3450 1201 3498 1256 ὲν
3553 1202 3642 1255 ἀν-

2001 1288 2108 1344 ἰσει
2137 1288 2365 1359 παντοίᾳ
2396 1293 2516 1362 ζῇν,
2552 1288 2801 1364 σάριτταν
2835 1290 2925 1344 καὶ
2977 1288 3261 1366 ἐφεστρίδα
3303 1289 3392 1344 καὶ
3440 1284 3644 1361 ἔνδυμα

1999 1376 2087 1431 καὶ
2120 1376 2284 1446 αὐτὴν
2320 1379 2463 1446 ζωὴν
2497 1380 2641 1451 παρά
2682 1382 2789 1432 τῶν
2835 1381 2932 1447 τῆς
2984 1374 3423 1453 γυναικωνίτιδος
3479 1374 3643 1450 ἔχον-

1996 1486 2111 1529 τας,
2160 1466 2352 1527 αὐτοὺς
2409 1463 2465 1521 δὲ
2518 1465 2891 1539 πολεμοῦντας
2950 1469 3017 1521 τὰ
3071 1472 3178 1520 τῶν
3230 1464 3415 1521 ἄλλων
3471 1464 3643 1539 ἔχειν,

2004 1551 2170 1627 μηδὶν
2201 1554 2812 1629 πολυπραγμονοῦντας.
2843 1558 2927 1627 [Ρ.
2984 1558 3111 1625 237]
3166 1558 3350 1611 Ταῦτα
3403 1557 3500 1608 τοῦ
3553 1574 3643 1606 νο-

2003 1643 2232 1715 μοθέτου
2262 1643 2604 1717 Τζιγκίσκανι
2646 1647 2758 1713 (νῦν
2816 1643 2917 1717 γὰρ
2976 1644 3319 1715 ἀνεμνήσθην
3376 1640 3641 1713 τοῦνομαο

228 1727 591 1796 ἀσπάζεσθαι,
642 1726 704 1781 τὸ
753 1725 921 1799 μηδὲν
971 1728 1095 1803 περὶ
1171 1730 1293 1804 βίου
1352 1730 1619 1803 σπεύδειν,
1669 1733 1731 1786 τὸ
1782 1731 1887 1787 πά-
1919 1757 1967 1822 Β
1999 1732 2220 1807 Τξιγκὶς
2274 1733 2375 1807 γὰρ
2432 1732 2494 1785 τὸ
2551 1727 2766 1804 ὄνομα,
2828 1733 2855 1786 ὁ
2917 1729 2973 1785 δὶ
3032 1739 3189 1793 Κανις
3244 1729 3520 1805 βασιμεὺς)
3576 1730 3642 1784 τὰ

228 1839 356 1881 σαις
387 1819 624 1893 χρῆσθαι
653 1823 903 1895 τροφαῖς,
957 1816 1127 1891 μηδὲτ
1174 1824 1282 1873 τῶν
1333 1816 1586 1891 βεϐήλων
1636 1816 1886 1897 ἔχοντας,

225 1907 287 1962 τὸ
345 1906 556 1982 γυναιξὶ
611 1912 881 1961 συνοικεῖν
939 1905 1243 1977 πλείσταις,
1299 1908 1387 1963 καί
1441 1909 1663 1971 ταύταις
1716 1932 1886 1987 προσ-

226 1996 540 2052 ανατιθέναι
597 1996 689 2050 τὸν
749 2000 859 2051 τῶν
911 1997 1211 2070 ἀναγκαίων
1268 1999 1538 2072 πορισμὸν
1572 2040 1586 2065 ,
1645 2000 1718 2062 ὡς
1776 2002 1889 2073 ἅμα

229 2088 330 2160 μὶν
394 2088 458 2141 τὸ
509 2086 665 2161 γένος
724 2084 1095 2156 πληθύνεσθαι
1171 2088 1286 2160 ἅμα
1360 2085 1405 2142 δ’
1463 2084 1609 2163 ἔχειν
1667 2089 1756 2144 καὶ
1812 2092 1885 2145 ὧν

224 2173 470 2242 διοιντο,
523 2176 585 2229 τὸ
636 2171 806 2247 μηδὲν
857 2179 968 2229 τῶν
1014 2176 1130 2229 καθ’
1180 2175 1470 2231 ὑπόστασιν
1521 2182 1889 2251 προσκτᾶσθαι

224 2265 569 2337 κτημάτων,
641 2259 770 2335 μηδ’
821 2258 1075 2337 ἐμμένειν
1124 2261 1413 2337 κδίσμασιν
1475 2266 1640 2322 οἷ’κων
1673 2313 1687 2340 ,
1744 2268 1889 2324 ἀλλὰ

229 2348 580 2429 μεταϐαίνειν
609 2353 697 2408 καὶ
763 2373 1089 2431 μεταφοιτᾳν
1142 2355 1280 2427 πρὸς
1336 2356 1398 2409 τὸ
1456 2358 1759 2430 χρήσιμον,
1790 2357 1888 2412 κᾶν

226 2444 402 2521 χρεία
430 2448 640 2518 τροφῆς
673 2439 758 2512 εἴη
789 2463 890 2514 τῳ,
929 2441 1098 2517 ὀϊστῷ
1142 2444 1467 2520 χρωμένους
1522 2446 1689 2523 θηρᾷν
1734 2446 1769 2517 ἢ
1799 2444 1889 2501 καὶ

228 2680 349 2721 nec
399 2663 651 2721 sollicite
698 2668 1024 2736 congeruut
1055 2668 1156 2720 aut
1184 2666 1503 2723 consulunt
1532 2666 1591 2721 in
1621 2666 1886 2722 futurum

227 2771 412 2810 avara
467 2752 849 2826 providentia.
879 2754 962 2808 Ad
999 2754 1151 2810 hanc
1201 2755 1421 2811 scilicet
1467 2756 1741 2811 formavit
1787 2772 1888 2811 eos

229 2843 621 2914 disciplinam
642 2842 875 2915 priscus
892 2843 1157 2915 ipsorum
1173 2843 1474 2917 legislator
1499 2844 1887 2916 quidam,nen

229 2949 386 2990 sane
444 2933 619 2988 Solon
669 2937 769 2988 aut
815 2933 1116 3004 Lycurgus
1171 2938 1272 2989 aut
1327 2938 1548 2989 Dracon
1597 2933 1678 3005 (hi
1732 2934 1887 2989 enim

225 3022 719 3092 Atheniensibus,
751 3022 1227 3093 Lacedaemoniis,
1257 3026 1314 3078 et
1356 3023 1712 3094 quibusdam
1758 3023 1889 3079 aliis

1998 1817 2428 1896 παραγγέλματα
2483 1819 2533 1875 ἐν
2596 1818 2827 1897 ἀσφαλεῖ
2883 1818 3102 1897 ἔχοντες
3161 1821 3421 1891 ἀλήθειάν
3478 1840 3536 1874 τε
3585 1818 3637 1873 ἕν

1996 1909 2189 1984 λόγοις
2218 1910 2440 1964 ἀσκοῦσι
2484 1909 2573 1963 καὶ
2633 1907 2975 1980 δικαιοσύνην
3036 1911 3086 1963 ἐν
3118 1910 3362 1985 πράξεσι,
3419 1910 3481 1963 τὸ
3542 1908 3637 1979 μὶν

1996 1997 2273 2072 ἔλευθεριῃ
2318 2002 2598 2071 προσῆκον
2644 2002 2853 2073 ψυχῆς,
2895 2000 2957 2054 τὸ
3011 1997 3055 2054 δ’
3094 1999 3343 2070 εὐθύτητι
3389 1999 3639 2074 γνώμης,

1996 2087 2070 2149 ὡς
2100 2087 2498 2159 ἀνεξαπάτητον
2534 2089 2627 2159 μὲν
2686 2089 2819 2143 εἶναι
2880 2091 2963 2150 οἷς
3021 2089 3079 2142 ἂν
3113 2087 3301 2142 ἀκούοι
3340 2109 3423 2151 τις
3454 2087 3638 2157 ἕτερου

1998 2175 2271 2251 λεγοντος,
2322 2176 2771 2232 ἀνεπιϐούλευτον
2830 2174 2887 2231 δὲ
2954 2180 3037 2241 οἷς
3100 2177 3325 2252 πράττοι
3382 2176 3440 2230 ἂν
3500 2175 3637 2249 πρὸς

1998 2262 2200 2319 ἐκεῖνον
2258 2260 2460 2340 ἕτερος.
2521 2262 2697 2320 Ἀλλὰ
2752 2266 2929 2339 Νογᾶν
2994 2266 3087 2338 μὲν
3132 2262 3399 2335 κηδεύσας
3431 2264 3458 2317 ὁ
3494 2264 3644 2338 βασι-

1999 2350 2125 2416 λεὺς
2168 2351 2445 2423 τηνικάδε,
2502 2351 2593 2407 τὸν
2652 2352 2870 2408 ἐκείνων
2931 2355 3193 2430 ἄρχοντα,
3254 2353 3485 2426 πέμπων
3542 2350 3644 2405 οὐκ

1998 2440 2132 2496 ἀνίει
2160 2440 2415 2510 πλεῖστα,
2470 2443 2568 2497 ὅσα
2618 2462 2676 2496 τε
2724 2442 2861 2519 πρὸς
2919 2440 3230 2516 ἐνδυμάτων
3291 2448 3492 2517 χρῆσιν
3551 2438 3640 2494 καὶ

1998 2665 2199 2727 lacerae
2266 2669 2635 2737 segmentum
2713 2665 2860 2721 forte
2935 2664 3227 2735 abjectum
3303 2661 3641 2732 occurrerit,

1998 2754 2298 2811 sublatum
2329 2754 2531 2810 statim
2553 2753 2721 2823 vesti,
2745 2770 2861 2826 qua
2891 2753 3125 2825 tegitur,
3150 2749 3641 2815 assuito,etiamsi

1997 2846 2153 2902 bona
2172 2846 2250 2901 sit
2272 2862 2377 2902 nec
2400 2848 2557 2901 sarto
2588 2849 2775 2917 egeat.
2807 2843 3094 2899 Nimirum
3129 2841 3237 2898 hoc
3268 2843 3414 2897 citra
3439 2858 3641 2897 neces-

2000 2935 2235 2992 sitatem
2268 2935 2390 2990 ﬁeri
2415 2934 2635 3005 jubens
2664 2934 2721 2989 id
2752 2933 2983 3005 agebat,
3018 2936 3102 2999 ut,
3132 2948 3265 2986 cum
3293 2948 3441 3002 opus
3474 2930 3643 2997 feret,

2000 3024 2292 3080 neminem
2320 3024 2559 3096 puderet
2580 3022 2987 3078 indumentum
3015 3037 3191 3075 manu
3215 3038 3323 3075 sua
3341 3018 3642 3091 preprium

223 3113 534 3184 sapientes
585 3111 973 3183 sapientibus,
1008 3112 1218 3167 eruditi
1260 3114 1469 3180 doctis,
1501 3113 1572 3168 ad
1605 3113 1888 3169 rationem
1922 3095 1964 3161 (ἶ
2001 3112 2217 3169 sarcire
2275 3095 2333 3167 et
2386 3110 2804 3167 consarcinatis
2877 3124 2979 3181 per
3033 3112 3428 3165 veteramenta
3481 3108 3644 3163 nevis

224 3208 476 3259 exactas
486 3201 878 3256 condiderunt
892 3200 1099 3273 leges),
1114 3203 1215 3257 sed
1231 3202 1438 3257 idiotia
1450 3202 1746 3274 ignobilis,
1762 3202 1893 3259 vilis

226 3290 459 3363 epiﬁcii
481 3290 679 3345 labere
698 3288 897 3359 tritus,
921 3290 1087 3361 prius
1118 3292 1280 3347 faber
1308 3292 1463 3347 846
1496 3292 1800 3361 ferrarius,
1824 3308 1893 3347 ex

226 3379 488 3435 ofﬁcinae
522 3395 590 3433 ac
623 3377 878 3434 fornacis
910 3378 1153 3450 fuligine
1205 3380 1264 3435 in
1311 3381 1624 3452 imperium
1670 3381 1890 3452 produ-

228 3474 371 3525 ctus
402 3472 459 3523 et
489 3467 664 3523 Canis
686 3467 1016 3522 declaratus
1051 3484 1063 3522 :
1099 3468 1182 3524 sic
1214 3468 1299 3523 illi
1332 3469 1653 3541 principem
1687 3469 1891 3543 appel-

223 3557 380 3613 lant.
442 3556 549 3611 Hic
613 3560 847 3627 gentem
903 3556 1173 3611 excitavit
1228 3558 1402 3613 istam
1462 3564 1526 3613 ut
1577 3576 1607 3614 e
1665 3559 1891 3631 Caspiis

220 3646 423 3720 portis
454 3645 691 3717 prodire
726 3661 836 3700 non
869 3645 1181 3716 dubitaret,
1208 3646 1465 3718 polliceri
1501 3664 1706 3715 ausus,
1741 3665 1888 3719 quo-

218 3752 467 3807 cunque
522 3733 741 3788 bellum
786 3732 1089 3800 inferrent,
1118 3752 1423 3807 nunquam
1456 3736 1697 3792 victoria
1728 3737 1889 3792 frau-

215 3826 477 3893 dnndos,
502 3823 553 3879 si
588 3822 817 3895 legibus
864 3841 895 3877 a
945 3840 1006 3878 se
1039 3825 1358 3896 propositis
1391 3832 1657 3881 accurate
1688 3827 1893 3881 obser-

216 3914 438 3971 vandis
471 3917 757 3968 attentam
792 3912 1159 3984 diligentiam
1187 3914 1612 3986 impenderent.
1645 3920 1890 3972 Summa

215 4004 422 4077 legum
472 4002 595 4058 hinc
642 4006 767 4057 erat
799 4019 812 4057 :
851 4001 1097 4059 Delicias
1130 4013 1488 4060 aversanlor.
1522 4004 1717 4060 Obviis
1744 4022 1888 4061 con-

212 4095 367 4151 tenti
404 4098 607 4148 sunto.
644 4090 856 4146 Mutua:
890 4092 1187 4149 societatis
1213 4094 1559 4150 charitatem
1592 4100 1884 4151 servante.

214 4183 507 4239 Privatim
543 4180 655 4235 sibi
689 4197 791 4252 pro
822 4181 1065 4237 arbitrio
1114 4182 1421 4238 consulere
1452 4183 1694 4240 vitante.
1729 4184 1885 4240 Nihil

213 4273 276 4328 in
315 4272 443 4327 vita
470 4270 741 4338 victuque
792 4268 1152 4339 exquisitum
1202 4270 1529 4327 affectante.
1562 4270 1723 4328 Cibis
1753 4271 1886 4343 qui-

213 4362 583 4432 buscunque
640 4359 767 4414 sine
827 4360 1033 4415 mundi
1111 4360 1471 4417 immundive
1546 4362 1886 4419 discrimine

1997 3206 2201 3258 assuta
2248 3200 2460 3273 pannis
2508 3198 2708 3256 vestiri
2758 3198 3124 3255 centonibus.
3157 3198 3332 3254 Porro
3364 3197 3457 3253 his
3498 3214 3642 3268 prte-

1997 3290 2420 3363 scriptienibus
2438 3289 2713 3362 sperabat
2726 3292 3133 3345 assecuturum
3149 3303 3210 3343 se
3225 3291 3288 3342 ut
3300 3286 3391 3343 sui
3407 3301 3642 3341 summa

1995 3380 2123 3436 vita:
2155 3378 2467 3435 securitate
2499 3378 2849 3443 fruerentur,
2872 3378 3287 3449 expeditosque
3320 3376 3390 3431 ad
3426 3381 3638 3430 nutum

1995 3471 2145 3527 847
2182 3468 2422 3524 haberet
2454 3484 2682 3540 semper
2709 3483 2934 3536 omnes,
2970 3466 3131 3522 nulla
3162 3466 3390 3539 uspiam
3424 3464 3639 3522 sollici-

1995 3559 2201 3615 tudine
2241 3558 2467 3627 afﬁxos,
2498 3557 2716 3629 quippe
2747 3556 2963 3629 quibus
3003 3556 3237 3625 sarissa,
3272 3555 3640 3627 ephippium,

1992 3647 2175 3703 vestis
2201 3652 2257 3703 et
2286 3647 2584 3714 alimenta,
2618 3646 2835 3718 quibus
2884 3646 3018 3701 unis
3064 3646 3331 3717 egebant,
3368 3643 3641 3699 muliebri

1997 3736 2326 3793 ministerio
2353 3740 2565 3792 cuncta
2595 3753 2625 3791 e
2656 3752 2923 3807 gynaecee
2956 3734 3491 3806 suppeditarentur,
3528 3732 3642 3803 ipsi

1994 3825 2075 3881 rei
2139 3824 2357 3880 bellicae
2420 3826 2518 3879 uni
2577 3828 2849 3879 vacarent
2907 3822 3349 3894 spoliandisque
3409 3823 3637 3892 alienis,

1996 3914 2139 3969 nihil
2162 3918 2437 3985 preterea
2469 3913 2684 3984 negotii
2720 3912 3022 3977 habentes,
3054 3917 3155 3966 aut
3186 3910 3415 3965 curiose
3446 3911 3640 3980 inqui-

1994 4008 2189 4059 rentes
2222 4002 2361 4075 quid
2392 4003 2656 4057 futurum
2706 4005 2878 4056 esset.
2914 4000 3146 4055 Talium
3195 4002 3397 4055 auctor
3441 3998 3636 4070 legum

1991 4092 2383 4147 Tzinciscanis
2409 4090 2536 4146 fuit.
2562 4091 2706 4145 Nam
2732 4106 2863 4146 cum
2889 4090 3122 4162 proprie
3146 4088 3383 4143 nomine
3407 4087 3637 4145 Tzincis

1993 4181 2084 4237 hic
2132 4181 2219 4237 vir
2269 4188 2591 4247 vocaretur,
2626 4179 2798 4236 Canis
2846 4178 3219 4242 vocabulum,
3253 4178 3404 4249 quod
3440 4194 3637 4250 regem

1991 4275 2182 4341 sonat,
2213 4271 2340 4343 ejus
2373 4272 2609 4342 privatae
2642 4270 2988 4340 adjunctum
3049 4266 3420 4340 appellationi
3464 4268 3635 4322 Tzin-

1989 4361 2240 4418 ciscanis
2268 4378 2477 4416 nomen
2519 4360 2719 4428 efﬁcit,
2745 4375 2902 4414 nunc
2932 4356 3224 4414 memoria:
3258 4357 3635 4413 commodum

214 4458 489 4508 utuntur.
528 4449 747 4506 Uxores
778 4448 957 4504 simul
1004 4448 1289 4521 plurimas
1339 4450 1632 4522 habento;
1682 4457 1739 4508 et
1787 4452 1880 4509 his
1913 4473 1958 4537 D
1990 4466 2305 4506 occurrens
2340 4467 2353 4505 :
2388 4466 2523 4504 nam
2563 4465 2697 4504 cum
2725 4463 2895 4520 agere
2926 4448 2997 4502 de
3030 4446 3139 4502 hec
3171 4446 3337 4517 coepi,
3372 4446 3633 4501 nendum

211 4557 429 4598 curam
467 4540 867 4612 parandarum
901 4555 1097 4595 rerum
1130 4542 1201 4597 ad
1230 4542 1448 4597 victum
1481 4542 1880 4615 vestitumque

210 4631 464 4688 utilium
500 4629 819 4684 mandante
854 4646 868 4685 :
902 4628 1039 4685 inde
1070 4630 1621 4703 multiplicationem
1667 4632 1879 4705 gentis,

207 4721 492 4777 indidem
572 4718 1039 4773 necessariorum
1100 4720 1523 4777 abundantiam
1580 4729 1878 4779 nactures.

208 4809 585 4868 Praedierum
652 4823 718 4863 ac
794 4806 903 4863 soli
984 4810 1386 4879 possessiones
1472 4817 1878 4883 aspernanter.

206 4896 609 4956 Fabricandis
653 4896 929 4952 domibus
962 4913 1075 4952 non
1106 4898 1495 4955 immoranter
1526 4900 1748 4972 :Qvitam
1777 4901 1879 4955 de-

206 4986 536 5047 sultoriam
570 4984 707 5040 hinc
742 4983 903 5054 illuc,
937 5001 1291 5060 quocunque
1321 4987 1543 5044 utilitas
1570 4989 1877 5057 vocaverit,

202 5078 463 5136 assidue
495 5074 948 5149 migrabundam
981 5076 1315 5135 adamante.
1342 5077 1448 5135 Ubi
1480 5078 1647 5135 cibus
1678 5079 1876 5135 defue-

203 5171 319 5235 rit,
356 5171 457 5224 aut
488 5166 704 5238 sagitta
738 5168 796 5220 et
822 5168 1032 5220 venatu
1080 5172 1346 5238 paranto,
1385 5173 1488 5224 aut
1536 5172 1695 5225 secta
1742 5168 1878 5241 equi

198 5274 368 5316 vena
384 5254 735 5327 sanguinem
755 5257 1034 5325 sugunto.
1054 5255 1114 5311 Si
1138 5256 1400 5314 solidiori
1429 5275 1578 5330 opus
1600 5258 1877 5315 alimento

203 5348 327 5417 sit,
356 5344 705 5401 intestinum
731 5343 855 5399 ovis
887 5343 1174 5416 sanguine
1206 5347 1505 5420 oppletum
1529 5348 1639 5403 sub
1670 5347 1875 5421 ephip-

206 5438 391 5511 pium
428 5436 708 5506 penunto.
744 5432 840 5489 Sic
884 5449 1050 5491 mora
1103 5442 1438 5493 concretum
1469 5442 1527 5493 et
1556 5437 1655 5495 ille
1686 5439 1877 5495 calere

200 5529 458 5584 coctum
490 5522 865 5595 sanguinem,
897 5538 1029 5580 cum
1061 5527 1327 5582 vescendi
1360 5527 1717 5583 desiderium
1752 5530 1875 5584 fue-

200 5616 327 5688 rit,
368 5617 635 5673 vorante.
686 5610 1033 5686 Ubicunque
1078 5614 1264 5672 cuivis
1313 5616 1493 5688 panni
1547 5621 1648 5675 aut
1703 5616 1874 5690 pellis

1990 4544 2222 4595 venerat
2250 4540 2307 4594 in
2345 4543 2619 4594 mentem.
2652 4538 2937 4593 Caeterum
2971 4536 3062 4592 his
3093 4536 3219 4607 ejus
3279 4534 3635 4607 praescriptis

1992 4630 2433 4703 acquiescentes
2452 4628 2827 4701 contingebat
2850 4628 2991 4683 istos
3006 4626 3250 4700 pepules
3264 4627 3633 4683 voracitatcm

1991 4720 2049 4775 in
2082 4720 2397 4792 loquendo,
2429 4718 2761 4791 aequitatem
2794 4718 2850 4773 in
2880 4718 3102 4790 agendo
3131 4722 3348 4787 tenere,
3390 4732 3637 4788 quorum

1990 4809 2135 4865 illud
2166 4808 2420 4865 libertati
2453 4808 2635 4865 animi
2667 4807 2955 4872 convenit,
2989 4808 3095 4863 hoc
3128 4806 3465 4863 rectitudini
3508 4823 3635 4861 me-

1992 4916 2121 4955 rum
2167 4898 2313 4955 illud
2363 4915 2566 4955 rursus
2594 4901 2787 4953 tutum
2822 4903 3053 4970 praestat
3086 4897 3422 4953 audientem
3457 4913 3489 4951 a
3520 4896 3634 4951 cir-

1989 4989 2397 5046 cumventione
2441 4988 2811 5045 fraudulenta
2860 4988 3193 5044 mentientis
3244 4988 3385 5043 socii
3417 5004 3429 5042 :
3466 4986 3571 5042 hoc
3602 5005 3635 5042 a

1988 5079 2215 5135 cunctis
2230 5096 2519 5151 quemque
2534 5078 2812 5135 insidiose
2826 5078 3225 5150 grassantium
3241 5076 3629 5134 delisliberat.

1988 5172 2176 5241 Hujus
2226 5170 2417 5242 gentis
2468 5169 2785 5242 principem
2820 5174 2957 5225 tunc
2987 5170 3207 5239 Vegam
3258 5170 3369 5225 sibi
3420 5168 3630 5222 fmdcre

1987 5260 2365 5316 conciliatum
2394 5260 2709 5332 imperator
2740 5276 2872 5315 cum
2908 5261 3104 5315 missis
3136 5259 3355 5315 atfatim
3391 5258 3627 5312 luxuriae

1988 5351 2265 5407 nostratis
2322 5351 2733 5407 instrumentis
2779 5351 2849 5405 ad
2901 5350 3141 5405 delicias
3194 5348 3433 5405 Romani
3485 5362 3627 5400 usus

1983 5441 2279 5508 invitaret,
2324 5441 2636 5496 minimum
2687 5441 2948 5513 profecit,
2995 5440 3149 5512 quod
3200 5439 3272 5493 ad
3316 5435 3622 5491 mollitiem

1985 5533 2220 5604 quidem
2254 5531 2499 5586 vestium
2530 5531 2581 5586 ei
2604 5531 2968 5587 suadendam
3013 5533 3256 5600 spectat.
3298 5526 3441 5581 Nam
3490 5541 3623 5580 cum

1983 5623 2248 5680 ciborum
2271 5621 2323 5679 ei
2344 5621 2617 5694 exquisiti
2647 5625 2857 5693 gustus
2887 5620 3079 5677 etl'erri
3108 5618 3370 5674 curasset
3397 5615 3621 5674 variam
