  <div class='ocr_page' id='page_1' title='image "/cluster/home/n/w/nwhite01/storage/ocr_20150623/143/hvd.32044073502585/405.png"; bbox 0 0 4002 6198; ppageno 0'>
   <div class='ocr_carea' id='block_1_1' title="bbox 388 299 496 355">
    <p class='ocr_par' dir='ltr' id='par_1_1' title="bbox 388 299 496 355">
     <span class='ocr_line' id='line_1_1' title="bbox 388 299 496 355; baseline -0.009 0"><span class='ocrx_word' id='word_1_1' title='bbox 388 299 496 355; x_wconf 87' lang='lat'>799</span> 
     </span>
    </p>
   </div>
   <div class='ocr_carea' id='block_1_2' title="bbox 1695 299 3710 356">
    <p class='ocr_par' dir='ltr' id='par_1_2' title="bbox 1695 299 3710 356">
     <span class='ocr_line' id='line_1_2' title="bbox 1695 299 3710 356; baseline -0.001 0"><span class='ocrx_word' id='word_1_2' title='bbox 1695 299 2000 356; x_wconf 81' lang='lat' dir='ltr'>GEORGII</span> <span class='ocrx_word' id='word_1_3' title='bbox 2037 300 2500 354; x_wconf 71' lang='lat' dir='ltr'>PACHYMEBE</span> <span class='ocrx_word' id='word_1_4' title='bbox 3624 299 3710 354; x_wconf 83' lang='lat'>800</span> 
     </span>
    </p>
   </div>
   <div class='ocr_carea' id='block_1_3' title="bbox 396 409 3713 498">
    <p class='ocr_par' dir='ltr' id='par_1_3' title="bbox 396 409 3713 498">
     <span class='ocr_line' id='line_1_3' title="bbox 396 409 3713 498; baseline -0.002 -19"><span class='ocrx_word' id='word_1_5' title='bbox 396 427 496 480; x_wconf 81' lang='grc' dir='ltr'>ὅσα</span> <span class='ocrx_word' id='word_1_6' title='bbox 531 425 665 498; x_wconf 86' lang='grc' dir='ltr'>πρὸς</span> <span class='ocrx_word' id='word_1_7' title='bbox 692 425 907 496; x_wconf 72' lang='grc' dir='ltr'>τροφῶν</span> <span class='ocrx_word' id='word_1_8' title='bbox 957 417 1264 488; x_wconf 77' lang='grc' dir='ltr'>ποικιλίαν,</span> <span class='ocrx_word' id='word_1_9' title='bbox 1309 419 1445 495; x_wconf 86' lang='grc' dir='ltr'>πρὸς</span> <span class='ocrx_word' id='word_1_10' title='bbox 1493 417 1551 473; x_wconf 78' lang='grc' dir='ltr'>δὲ</span> <span class='ocrx_word' id='word_1_11' title='bbox 1606 419 1696 474; x_wconf 77' lang='grc' dir='ltr'>καὶ</span> <span class='ocrx_word' id='word_1_12' title='bbox 1727 420 2035 492; x_wconf 81' lang='grc' dir='ltr'>ἀνθοσμιῶν</span> <span class='ocrx_word' id='word_1_13' title='bbox 2067 424 2118 490; x_wconf 85' lang='grc' dir='ltr'><strong>Α</strong></span> <span class='ocrx_word' id='word_1_14' title='bbox 2151 418 2272 490; x_wconf 83' lang='grc' dir='ltr'>λείᾳ</span> <span class='ocrx_word' id='word_1_15' title='bbox 2318 416 2634 493; x_wconf 70' lang='grc' dir='ltr'>προσέχων.</span> <span class='ocrx_word' id='word_1_16' title='bbox 2692 419 2900 474; x_wconf 75' lang='grc' dir='ltr'>Τοῦτον</span> <span class='ocrx_word' id='word_1_17' title='bbox 2949 418 3238 491; x_wconf 74' lang='grc' dir='ltr'>τοιγαροῦν</span> <span class='ocrx_word' id='word_1_18' title='bbox 3287 409 3418 489; x_wconf 84' lang='grc' dir='ltr'>ἔχων</span> <span class='ocrx_word' id='word_1_19' title='bbox 3460 416 3713 492; x_wconf 73' lang='grc' dir='ltr'>ὁβασιλεὺς</span> 
     </span>
    </p>
   </div>
   <div class='ocr_carea' id='block_1_4' title="bbox 398 506 2040 582">
    <p class='ocr_par' dir='ltr' id='par_1_4' title="bbox 398 506 2040 582">
     <span class='ocr_line' id='line_1_4' title="bbox 398 506 2040 582; baseline -0.003 -14"><span class='ocrx_word' id='word_1_20' title='bbox 398 511 560 568; x_wconf 68' lang='grc' dir='ltr'>οἷ’νων</span> <span class='ocrx_word' id='word_1_21' title='bbox 627 509 758 569; x_wconf 80' lang='grc' dir='ltr'>ὅλας</span> <span class='ocrx_word' id='word_1_22' title='bbox 809 507 1070 570; x_wconf 76' lang='grc' dir='ltr'>πιθάκναις</span> <span class='ocrx_word' id='word_1_23' title='bbox 1119 508 1610 582; x_wconf 74' lang='grc' dir='ltr'>φιλοτιμούμενος.</span> <span class='ocrx_word' id='word_1_24' title='bbox 1651 509 1712 565; x_wconf 90' lang='grc' dir='ltr'>Ὁ</span> <span class='ocrx_word' id='word_1_25' title='bbox 1763 506 1820 563; x_wconf 72' lang='grc' dir='ltr'>δὲ</span> <span class='ocrx_word' id='word_1_26' title='bbox 1848 511 1914 563; x_wconf 84' lang='grc' dir='ltr'>τὰ</span> <span class='ocrx_word' id='word_1_27' title='bbox 1948 511 2040 582; x_wconf 74' lang='grc' dir='ltr'>μὲν</span> 
     </span>
    </p>
   </div>
   <div class='ocr_carea' id='block_1_5' title="bbox 399 592 2042 672">
    <p class='ocr_par' dir='ltr' id='par_1_5' title="bbox 399 592 2042 672">
     <span class='ocr_line' id='line_1_5' title="bbox 399 592 2042 672; baseline -0.001 -19"><span class='ocrx_word' id='word_1_28' title='bbox 399 600 475 661; x_wconf 78' lang='grc' dir='ltr'>εἷς</span> <span class='ocrx_word' id='word_1_29' title='bbox 513 601 712 672; x_wconf 77' lang='grc' dir='ltr'>βρῶσιν</span> <span class='ocrx_word' id='word_1_30' title='bbox 763 596 852 651; x_wconf 83' lang='grc' dir='ltr'>καὶ</span> <span class='ocrx_word' id='word_1_31' title='bbox 906 596 1066 650; x_wconf 85' lang='grc' dir='ltr'>πάσιν</span> <span class='ocrx_word' id='word_1_32' title='bbox 1118 597 1300 670; x_wconf 77' lang='grc' dir='ltr'>μαθὼν</span> <span class='ocrx_word' id='word_1_33' title='bbox 1350 599 1535 672; x_wconf 80' lang='grc' dir='ltr'>ἠγάπα</span> <span class='ocrx_word' id='word_1_34' title='bbox 1588 592 1905 670; x_wconf 74' lang='grc' dir='ltr'>λαμϐάνων,</span> <span class='ocrx_word' id='word_1_35' title='bbox 1954 601 2042 652; x_wconf 86' lang='grc' dir='ltr'><strong>καί</strong></span> 
     </span>
    </p>
   </div>
   <div class='ocr_carea' id='block_1_6' title="bbox 400 682 2041 760">
    <p class='ocr_par' dir='ltr' id='par_1_6' title="bbox 400 682 2041 760">
     <span class='ocr_line' id='line_1_6' title="bbox 400 682 2041 760; baseline 0 -20"><span class='ocrx_word' id='word_1_36' title='bbox 400 686 602 760; x_wconf 86' lang='grc' dir='ltr'>χρυσὸν</span> <span class='ocrx_word' id='word_1_37' title='bbox 664 682 721 739; x_wconf 73' lang='grc' dir='ltr'>δὲ</span> <span class='ocrx_word' id='word_1_38' title='bbox 778 686 867 738; x_wconf 83' lang='grc' dir='ltr'>καὶ</span> <span class='ocrx_word' id='word_1_39' title='bbox 923 682 1157 760; x_wconf 81' lang='grc' dir='ltr'>ἄργυρον</span> <span class='ocrx_word' id='word_1_40' title='bbox 1211 685 1262 740; x_wconf 81' lang='grc' dir='ltr'>ἐν</span> <span class='ocrx_word' id='word_1_41' title='bbox 1315 684 1600 758; x_wconf 81' lang='grc' dir='ltr'>ἐκπώμασι</span> <span class='ocrx_word' id='word_1_42' title='bbox 1659 684 2041 760; x_wconf 72' lang='grc' dir='ltr'>προσεδέχετο·</span> 
     </span>
    </p>
   </div>
   <div class='ocr_carea' id='block_1_7' title="bbox 392 772 2047 850">
    <p class='ocr_par' dir='ltr' id='par_1_7' title="bbox 392 772 2047 850">
     <span class='ocr_line' id='line_1_7' title="bbox 392 772 2047 850; baseline 0.001 -22"><span class='ocrx_word' id='word_1_43' title='bbox 392 775 462 828; x_wconf 78' lang='grc' dir='ltr'>τὰ</span> <span class='ocrx_word' id='word_1_44' title='bbox 512 772 568 828; x_wconf 75' lang='grc' dir='ltr'>δὲ</span> <span class='ocrx_word' id='word_1_45' title='bbox 622 772 850 828; x_wconf 76' lang='grc' dir='ltr'>ποικίλα</span> <span class='ocrx_word' id='word_1_46' title='bbox 897 774 931 842; x_wconf 75' lang='grc' dir='ltr'><strong>ἢ</strong></span> <span class='ocrx_word' id='word_1_47' title='bbox 982 775 1117 848; x_wconf 88' lang='grc' dir='ltr'>πρὸς</span> <span class='ocrx_word' id='word_1_48' title='bbox 1172 772 1551 850; x_wconf 83' lang='grc' dir='ltr'>καλύπτραςῆ</span> <span class='ocrx_word' id='word_1_49' title='bbox 1585 776 1718 850; x_wconf 79' lang='grc' dir='ltr'>πρὸς</span> <span class='ocrx_word' id='word_1_50' title='bbox 1775 773 2047 848; x_wconf 82' lang='grc' dir='ltr'>ἐνδύματα</span> 
     </span>
    </p>
   </div>
   <div class='ocr_carea' id='block_1_8' title="bbox 392 861 2044 940">
    <p class='ocr_par' dir='ltr' id='par_1_8' title="bbox 392 861 2044 940">
     <span class='ocr_line' id='line_1_8' title="bbox 392 861 2044 940; baseline 0.001 -24"><span class='ocrx_word' id='word_1_51' title='bbox 392 861 791 940; x_wconf 78' lang='grc' dir='ltr'>(ἐφιλοτιμεῖτο</span> <span class='ocrx_word' id='word_1_52' title='bbox 817 863 918 938; x_wconf 71' lang='grc' dir='ltr'>γὰρ</span> <span class='ocrx_word' id='word_1_53' title='bbox 949 863 1038 917; x_wconf 82' lang='grc' dir='ltr'>καὶ</span> <span class='ocrx_word' id='word_1_54' title='bbox 1082 868 1248 918; x_wconf 77' lang='grc' dir='ltr'>ταῦτα</span> <span class='ocrx_word' id='word_1_55' title='bbox 1300 862 1795 936; x_wconf 75' lang='grc' dir='ltr'>προσαποστὲλλων</span> <span class='ocrx_word' id='word_1_56' title='bbox 1831 864 1858 918; x_wconf 98' lang='lat'>6</span> <span class='ocrx_word' id='word_1_57' title='bbox 1895 865 2044 938; x_wconf 80' lang='grc' dir='ltr'>βασι-</span> 
     </span>
    </p>
   </div>
   <div class='ocr_carea' id='block_1_9' title="bbox 396 951 2047 1029">
    <p class='ocr_par' dir='ltr' id='par_1_9' title="bbox 396 951 2047 1029">
     <span class='ocr_line' id='line_1_9' title="bbox 396 951 2047 1029; baseline 0 -22"><span class='ocrx_word' id='word_1_58' title='bbox 396 952 544 1026; x_wconf 82' lang='grc' dir='ltr'>λεὺς)</span> <span class='ocrx_word' id='word_1_59' title='bbox 577 952 865 1029; x_wconf 76' lang='grc' dir='ltr'>άφώμενος</span> <span class='ocrx_word' id='word_1_60' title='bbox 894 958 1012 1013; x_wconf 82' lang='grc' dir='ltr'>ταῖς</span> <span class='ocrx_word' id='word_1_61' title='bbox 1049 952 1234 1027; x_wconf 72' lang='grc' dir='ltr'>χερσῖν</span> <span class='ocrx_word' id='word_1_62' title='bbox 1285 952 1542 1023; x_wconf 80' lang='grc' dir='ltr'>ἀνηρώτα</span> <span class='ocrx_word' id='word_1_63' title='bbox 1593 954 1681 1006; x_wconf 83' lang='grc' dir='ltr'>τὸν</span> <span class='ocrx_word' id='word_1_64' title='bbox 1726 951 2047 1026; x_wconf 77' lang='grc' dir='ltr'>διακομισά-</span> 
     </span>
    </p>
   </div>
   <div class='ocr_carea' id='block_1_10' title="bbox 401 1039 2045 1120">
    <p class='ocr_par' dir='ltr' id='par_1_10' title="bbox 401 1039 2045 1120">
     <span class='ocr_line' id='line_1_10' title="bbox 401 1039 2045 1120; baseline 0.001 -24"><span class='ocrx_word' id='word_1_65' title='bbox 401 1063 583 1115; x_wconf 83' lang='grc' dir='ltr'>μενον,</span> <span class='ocrx_word' id='word_1_66' title='bbox 615 1041 657 1095; x_wconf 73' lang='grc' dir='ltr'>εἴ</span> <span class='ocrx_word' id='word_1_67' title='bbox 701 1041 1037 1117; x_wconf 79' lang='grc' dir='ltr'>χρησιμεύοι</span> <span class='ocrx_word' id='word_1_68' title='bbox 1098 1043 1234 1116; x_wconf 87' lang='grc' dir='ltr'>πρὸς</span> <span class='ocrx_word' id='word_1_69' title='bbox 1290 1041 1531 1120; x_wconf 71' lang='grc' dir='ltr'>κεφαλὴν</span> <span class='ocrx_word' id='word_1_70' title='bbox 1593 1042 1680 1096; x_wconf 77' lang='grc' dir='ltr'>ἐπὶ</span> <span class='ocrx_word' id='word_1_71' title='bbox 1710 1047 1789 1113; x_wconf 84' lang='grc' dir='ltr'>τῷ</span> <span class='ocrx_word' id='word_1_72' title='bbox 1847 1039 2045 1097; x_wconf 76' lang='grc' dir='ltr'>ἄπονον</span> 
     </span>
    </p>
   </div>
   <div class='ocr_carea' id='block_1_11' title="bbox 399 1129 2046 1206">
    <p class='ocr_par' dir='ltr' id='par_1_11' title="bbox 399 1129 2046 1206">
     <span class='ocr_line' id='line_1_11' title="bbox 399 1129 2046 1206; baseline 0.001 -21"><span class='ocrx_word' id='word_1_73' title='bbox 399 1131 535 1186; x_wconf 71' lang='grc' dir='ltr'>εἶναι</span> <span class='ocrx_word' id='word_1_74' title='bbox 588 1130 678 1185; x_wconf 78' lang='grc' dir='ltr'>καὶ</span> <span class='ocrx_word' id='word_1_75' title='bbox 737 1130 1038 1204; x_wconf 75' lang='grc' dir='ltr'>ἀνάλγητον</span> <span class='ocrx_word' id='word_1_76' title='bbox 1073 1129 1440 1206; x_wconf 79' lang='grc' dir='ltr'>ἡκαλύπτρα,</span> <span class='ocrx_word' id='word_1_77' title='bbox 1472 1131 1517 1184; x_wconf 78' lang='grc' dir='ltr'>εἷ</span> <span class='ocrx_word' id='word_1_78' title='bbox 1569 1131 1596 1185; x_wconf 88' lang='lat'>6</span> <span class='ocrx_word' id='word_1_79' title='bbox 1646 1131 2046 1206; x_wconf 76' lang='grc' dir='ltr'>ἐπανεσπαρμέ-</span> 
     </span>
    </p>
   </div>
   <div class='ocr_carea' id='block_1_12' title="bbox 398 1217 2050 1294">
    <p class='ocr_par' dir='ltr' id='par_1_12' title="bbox 398 1217 2050 1294">
     <span class='ocr_line' id='line_1_12' title="bbox 398 1217 2050 1294; baseline -0.001 -20"><span class='ocrx_word' id='word_1_80' title='bbox 398 1241 490 1281; x_wconf 90' lang='grc' dir='ltr'>νος</span> <span class='ocrx_word' id='word_1_81' title='bbox 550 1219 824 1294; x_wconf 85' lang='grc' dir='ltr'>μάργαρος</span> <span class='ocrx_word' id='word_1_82' title='bbox 875 1217 1096 1290; x_wconf 81' lang='grc' dir='ltr'>ἀμύνειν</span> <span class='ocrx_word' id='word_1_83' title='bbox 1149 1217 1269 1292; x_wconf 79' lang='grc' dir='ltr'>ἔχοι</span> <span class='ocrx_word' id='word_1_84' title='bbox 1317 1219 1484 1285; x_wconf 68' lang='grc' dir='ltr'>ταύτῃ</span> <span class='ocrx_word' id='word_1_85' title='bbox 1530 1218 1626 1280; x_wconf 76' lang='grc' dir='ltr'>τὰς</span> <span class='ocrx_word' id='word_1_86' title='bbox 1681 1220 1954 1293; x_wconf 78' lang='grc' dir='ltr'>ἀστραπὰς</span> <span class='ocrx_word' id='word_1_87' title='bbox 2003 1219 2050 1274; x_wconf 74' lang='grc' dir='ltr'>εί</span> 
     </span>
    </p>
   </div>
   <div class='ocr_carea' id='block_1_13' title="bbox 401 1303 2052 1382">
    <p class='ocr_par' dir='ltr' id='par_1_13' title="bbox 401 1303 2052 1382">
     <span class='ocr_line' id='line_1_13' title="bbox 401 1303 2052 1382; baseline -0.001 -19"><span class='ocrx_word' id='word_1_88' title='bbox 401 1308 476 1370; x_wconf 79' lang='grc' dir='ltr'>εἷς</span> <span class='ocrx_word' id='word_1_89' title='bbox 511 1310 750 1382; x_wconf 77' lang='grc' dir='ltr'>βροντῶν</span> <span class='ocrx_word' id='word_1_90' title='bbox 782 1308 1041 1378; x_wconf 75' lang='grc' dir='ltr'>κτύπους,</span> <span class='ocrx_word' id='word_1_91' title='bbox 1077 1307 1215 1362; x_wconf 80' lang='grc' dir='ltr'>ὥστε</span> <span class='ocrx_word' id='word_1_92' title='bbox 1263 1309 1338 1380; x_wconf 71' lang='grc' dir='ltr'>μὴ</span> <span class='ocrx_word' id='word_1_93' title='bbox 1391 1303 1756 1382; x_wconf 71' lang='grc' dir='ltr'>ἐμϐρόντητον</span> <span class='ocrx_word' id='word_1_94' title='bbox 1807 1311 2052 1382; x_wconf 82' lang='grc' dir='ltr'>γίνεσθαι</span> 
     </span>
    </p>
   </div>
   <div class='ocr_carea' id='block_1_14' title="bbox 398 1394 2048 1474">
    <p class='ocr_par' dir='ltr' id='par_1_14' title="bbox 398 1394 2048 1474">
     <span class='ocr_line' id='line_1_14' title="bbox 398 1394 2048 1474; baseline 0.001 -23"><span class='ocrx_word' id='word_1_95' title='bbox 398 1397 490 1451; x_wconf 79' lang='grc' dir='ltr'>τὸν</span> <span class='ocrx_word' id='word_1_96' title='bbox 549 1398 838 1474; x_wconf 67' lang='grc' dir='ltr'>φοροῦντα,</span> <span class='ocrx_word' id='word_1_97' title='bbox 890 1397 917 1450; x_wconf 90' lang='lat'>6</span> <span class='ocrx_word' id='word_1_98' title='bbox 951 1394 1103 1458; x_wconf 77' lang='grc' dir='ltr'>λίθος</span> <span class='ocrx_word' id='word_1_99' title='bbox 1164 1399 1494 1472; x_wconf 84' lang='grc' dir='ltr'>συναίροιτο,</span> <span class='ocrx_word' id='word_1_100' title='bbox 1549 1397 1593 1450; x_wconf 78' lang='grc' dir='ltr'>εἰ</span> <span class='ocrx_word' id='word_1_101' title='bbox 1649 1397 1714 1451; x_wconf 85' lang='grc' dir='ltr'>τά</span> <span class='ocrx_word' id='word_1_102' title='bbox 1769 1396 2048 1467; x_wconf 82' lang='grc' dir='ltr'>πολυτελῆ</span> 
     </span>
    </p>
   </div>
   <div class='ocr_carea' id='block_1_15' title="bbox 399 1481 2049 1558">
    <p class='ocr_par' dir='ltr' id='par_1_15' title="bbox 399 1481 2049 1558">
     <span class='ocr_line' id='line_1_15' title="bbox 399 1481 2049 1558; baseline -0.001 -18"><span class='ocrx_word' id='word_1_103' title='bbox 399 1485 551 1550; x_wconf 68' lang='grc' dir='ltr'>αὖθις</span> <span class='ocrx_word' id='word_1_104' title='bbox 585 1483 853 1557; x_wconf 77' lang='grc' dir='ltr'>ἐνδύματα</span> <span class='ocrx_word' id='word_1_105' title='bbox 903 1485 978 1547; x_wconf 67' lang='grc' dir='ltr'>εἲς</span> <span class='ocrx_word' id='word_1_106' title='bbox 1035 1485 1258 1540; x_wconf 83' lang='grc' dir='ltr'>ἀπονίαν</span> <span class='ocrx_word' id='word_1_107' title='bbox 1319 1483 1501 1558; x_wconf 79' lang='grc' dir='ltr'>μελῶν</span> <span class='ocrx_word' id='word_1_108' title='bbox 1551 1481 1952 1558; x_wconf 67' lang='grc' dir='ltr'>συλλαμϐάνοιυ</span> <span class='ocrx_word' id='word_1_109' title='bbox 1984 1485 2049 1543; x_wconf 71' lang='grc' dir='ltr'>Εἴ</span> 
     </span>
    </p>
   </div>
   <div class='ocr_carea' id='block_1_16' title="bbox 399 1572 2052 1651">
    <p class='ocr_par' dir='ltr' id='par_1_16' title="bbox 399 1572 2052 1651">
     <span class='ocr_line' id='line_1_16' title="bbox 399 1572 2052 1651; baseline -0.001 -21"><span class='ocrx_word' id='word_1_110' title='bbox 399 1575 494 1648; x_wconf 74' lang='grc' dir='ltr'>μὲν</span> <span class='ocrx_word' id='word_1_111' title='bbox 548 1575 650 1629; x_wconf 83' lang='grc' dir='ltr'>οὐκ</span> <span class='ocrx_word' id='word_1_112' title='bbox 699 1572 923 1648; x_wconf 80' lang='grc' dir='ltr'>ἔλεγον,</span> <span class='ocrx_word' id='word_1_113' title='bbox 988 1575 1386 1651; x_wconf 67' lang='grc' dir='ltr'>παρεῤῥίπτει,</span> <span class='ocrx_word' id='word_1_114' title='bbox 1440 1574 1482 1628; x_wconf 76' lang='grc' dir='ltr'>εἰ</span> <span class='ocrx_word' id='word_1_115' title='bbox 1539 1575 1628 1628; x_wconf 73' lang='grc' dir='ltr'>καὶ</span> <span class='ocrx_word' id='word_1_116' title='bbox 1683 1572 1919 1638; x_wconf 80' lang='grc' dir='ltr'>ἐνδυθεὶς</span> <span class='ocrx_word' id='word_1_117' title='bbox 1970 1575 2052 1629; x_wconf 79' lang='grc' dir='ltr'>ἐπ’</span> 
     </span>
    </p>
   </div>
   <div class='ocr_carea' id='block_1_17' title="bbox 395 1661 2051 1740">
    <p class='ocr_par' dir='ltr' id='par_1_17' title="bbox 395 1661 2051 1740">
     <span class='ocr_line' id='line_1_17' title="bbox 395 1661 2051 1740; baseline -0.001 -20"><span class='ocrx_word' id='word_1_118' title='bbox 395 1664 582 1738; x_wconf 79' lang='grc' dir='ltr'>ὀλίγον</span> <span class='ocrx_word' id='word_1_119' title='bbox 615 1664 742 1718; x_wconf 77' lang='grc' dir='ltr'>ὅσον</span> <span class='ocrx_word' id='word_1_120' title='bbox 773 1663 866 1724; x_wconf 69' lang='grc' dir='ltr'>τὰς</span> <span class='ocrx_word' id='word_1_121' title='bbox 927 1661 1113 1738; x_wconf 76' lang='grc' dir='ltr'>φιλίας</span> <span class='ocrx_word' id='word_1_122' title='bbox 1169 1664 1597 1740; x_wconf 71' lang='grc' dir='ltr'>ἀφοσιώσασθαι,</span> <span class='ocrx_word' id='word_1_123' title='bbox 1647 1662 2051 1738; x_wconf 76' lang='grc' dir='ltr'>ἀπεκδυύμενος</span> 
     </span>
    </p>
   </div>
   <div class='ocr_carea' id='block_1_18' title="bbox 397 1746 2052 1826">
    <p class='ocr_par' dir='ltr' id='par_1_18' title="bbox 397 1746 2052 1826">
     <span class='ocr_line' id='line_1_18' title="bbox 397 1746 2052 1826; baseline 0 -20"><span class='ocrx_word' id='word_1_124' title='bbox 397 1751 697 1826; x_wconf 71' lang='grc' dir='ltr'>παραυτίκα</span> <span class='ocrx_word' id='word_1_125' title='bbox 752 1746 1126 1823; x_wconf 74' lang='grc' dir='ltr'>μετελάμϐανε</span> <span class='ocrx_word' id='word_1_126' title='bbox 1175 1758 1337 1820; x_wconf 74' lang='grc' dir='ltr'>κυνῆν</span> <span class='ocrx_word' id='word_1_127' title='bbox 1387 1751 1422 1820; x_wconf 74' lang='grc' dir='ltr'>ἢ</span> <span class='ocrx_word' id='word_1_128' title='bbox 1468 1748 1746 1825; x_wconf 75' lang='grc' dir='ltr'>προϐατῆν</span> <span class='ocrx_word' id='word_1_129' title='bbox 1799 1753 1897 1820; x_wconf 68' lang='grc' dir='ltr'>τήν</span> <span class='ocrx_word' id='word_1_130' title='bbox 1931 1773 2052 1806; x_wconf 91' lang='grc' dir='ltr'>συν-</span> 
     </span>
    </p>
   </div>
   <div class='ocr_carea' id='block_1_19' title="bbox 397 1823 2130 1914">
    <p class='ocr_par' dir='ltr' id='par_1_19' title="bbox 397 1823 2130 1914">
     <span class='ocr_line' id='line_1_19' title="bbox 397 1823 2130 1914; baseline 0.001 -20"><span class='ocrx_word' id='word_1_131' title='bbox 397 1823 532 1911; x_wconf 65' lang='grc' dir='ltr'>ήθῇ,</span> <span class='ocrx_word' id='word_1_132' title='bbox 564 1840 653 1894; x_wconf 82' lang='grc' dir='ltr'>καὶ</span> <span class='ocrx_word' id='word_1_133' title='bbox 686 1844 867 1914; x_wconf 77' lang='grc' dir='ltr'>φορῶν</span> <span class='ocrx_word' id='word_1_134' title='bbox 922 1837 1213 1914; x_wconf 74' lang='grc' dir='ltr'>ἐκυδροῦτο</span> <span class='ocrx_word' id='word_1_135' title='bbox 1268 1839 1434 1896; x_wconf 72' lang='grc' dir='ltr'>πλέον</span> <span class='ocrx_word' id='word_1_136' title='bbox 1486 1840 1520 1910; x_wconf 71' lang='grc' dir='ltr'>ἢ</span> <span class='ocrx_word' id='word_1_137' title='bbox 1567 1841 1692 1896; x_wconf 68' lang='grc' dir='ltr'>ὅσον</span> <span class='ocrx_word' id='word_1_138' title='bbox 1721 1848 1837 1904; x_wconf 86' lang='grc' dir='ltr'>ταῖς</span> <span class='ocrx_word' id='word_1_139' title='bbox 1869 1840 2050 1896; x_wconf 86' lang='grc' dir='ltr'>πολυ-</span> <span class='ocrx_word' id='word_1_140' title='bbox 2081 1823 2130 1888; x_wconf 83' lang='grc' dir='ltr'><strong>Β</strong></span> 
     </span>
    </p>
   </div>
   <div class='ocr_carea' id='block_1_20' title="bbox 398 1927 2054 2005">
    <p class='ocr_par' dir='ltr' id='par_1_20' title="bbox 398 1927 2054 2005">
     <span class='ocr_line' id='line_1_20' title="bbox 398 1927 2054 2005; baseline 0.001 -22"><span class='ocrx_word' id='word_1_141' title='bbox 398 1927 579 1984; x_wconf 80' lang='grc' dir='ltr'>τελὲσι</span> <span class='ocrx_word' id='word_1_142' title='bbox 641 1928 886 1990; x_wconf 87' lang='grc' dir='ltr'>στολαῖς.</span> <span class='ocrx_word' id='word_1_143' title='bbox 944 1928 1220 1991; x_wconf 79' lang='grc' dir='ltr'>Ὡσαύτως</span> <span class='ocrx_word' id='word_1_144' title='bbox 1269 1929 1357 1984; x_wconf 84' lang='grc' dir='ltr'>καὶ</span> <span class='ocrx_word' id='word_1_145' title='bbox 1411 1929 1498 1984; x_wconf 80' lang='grc' dir='ltr'>ἐπὶ</span> <span class='ocrx_word' id='word_1_146' title='bbox 1552 1937 1669 1992; x_wconf 83' lang='grc' dir='ltr'>ταῖς</span> <span class='ocrx_word' id='word_1_147' title='bbox 1718 1930 2054 2005; x_wconf 81' lang='grc' dir='ltr'>καλύπτραις</span> 
     </span>
    </p>
   </div>
   <div class='ocr_carea' id='block_1_21' title="bbox 397 2016 2048 2095">
    <p class='ocr_par' dir='ltr' id='par_1_21' title="bbox 397 2016 2048 2095">
     <span class='ocr_line' id='line_1_21' title="bbox 397 2016 2048 2095; baseline 0.001 -24"><span class='ocrx_word' id='word_1_148' title='bbox 397 2016 590 2086; x_wconf 79' lang='grc' dir='ltr'>ἐποίει,</span> <span class='ocrx_word' id='word_1_149' title='bbox 640 2019 738 2086; x_wconf 74' lang='grc' dir='ltr'>τὴν</span> <span class='ocrx_word' id='word_1_150' title='bbox 799 2017 936 2091; x_wconf 86' lang='grc' dir='ltr'>πρὸς</span> <span class='ocrx_word' id='word_1_151' title='bbox 1001 2025 1200 2093; x_wconf 78' lang='grc' dir='ltr'>χρῆσιν</span> <span class='ocrx_word' id='word_1_152' title='bbox 1262 2019 1552 2095; x_wconf 82' lang='grc' dir='ltr'>ἀναγκαίαν</span> <span class='ocrx_word' id='word_1_153' title='bbox 1600 2025 1708 2074; x_wconf 79' lang='grc' dir='ltr'>τῶν</span> <span class='ocrx_word' id='word_1_154' title='bbox 1761 2025 2048 2095; x_wconf 80' lang='grc' dir='ltr'>περιττῶν,</span> 
     </span>
    </p>
   </div>
   <div class='ocr_carea' id='block_1_22' title="bbox 396 2104 2049 2183">
    <p class='ocr_par' dir='ltr' id='par_1_22' title="bbox 396 2104 2049 2183">
     <span class='ocr_line' id='line_1_22' title="bbox 396 2104 2049 2183; baseline 0.001 -21"><span class='ocrx_word' id='word_1_155' title='bbox 396 2104 491 2162; x_wconf 60' lang='grc' dir='ltr'>κᾶν</span> <span class='ocrx_word' id='word_1_156' title='bbox 523 2107 589 2176; x_wconf 81' lang='grc' dir='ltr'>ἦν</span> <span class='ocrx_word' id='word_1_157' title='bbox 621 2111 728 2162; x_wconf 81' lang='grc' dir='ltr'>τῶν</span> <span class='ocrx_word' id='word_1_158' title='bbox 762 2104 1109 2177; x_wconf 82' lang='grc' dir='ltr'>πολυτελῶν,</span> <span class='ocrx_word' id='word_1_159' title='bbox 1155 2107 1602 2183; x_wconf 83' lang='grc' dir='ltr'>ἀνθαιρούμενος.</span> <span class='ocrx_word' id='word_1_160' title='bbox 1658 2109 1718 2166; x_wconf 83' lang='grc' dir='ltr'>Εἰ</span> <span class='ocrx_word' id='word_1_161' title='bbox 1769 2109 1814 2164; x_wconf 81' lang='grc' dir='ltr'>δ’</span> <span class='ocrx_word' id='word_1_162' title='bbox 1845 2109 2049 2171; x_wconf 71' lang='grc' dir='ltr'>ἐκεῖνος</span> 
     </span>
    </p>
   </div>
   <div class='ocr_carea' id='block_1_23' title="bbox 397 2190 2050 2275">
    <p class='ocr_par' dir='ltr' id='par_1_23' title="bbox 397 2190 2050 2275">
     <span class='ocr_line' id='line_1_23' title="bbox 397 2190 2050 2275; baseline 0.002 -27"><span class='ocrx_word' id='word_1_163' title='bbox 397 2195 776 2268; x_wconf 72' lang='grc' dir='ltr'>πλαττόμενος</span> <span class='ocrx_word' id='word_1_164' title='bbox 832 2190 1019 2265; x_wconf 75' lang='grc' dir='ltr'>ὄνησιν</span> <span class='ocrx_word' id='word_1_165' title='bbox 1077 2196 1256 2273; x_wconf 73' lang='grc' dir='ltr'>φέρειν</span> <span class='ocrx_word' id='word_1_166' title='bbox 1316 2195 1468 2272; x_wconf 76' lang='grc' dir='ltr'>ἔλεγε</span> <span class='ocrx_word' id='word_1_167' title='bbox 1537 2203 1618 2270; x_wconf 76' lang='grc' dir='ltr'>τῷ</span> <span class='ocrx_word' id='word_1_168' title='bbox 1677 2203 1931 2275; x_wconf 66' lang='grc' dir='ltr'>φοροῦντι</span> <span class='ocrx_word' id='word_1_169' title='bbox 1988 2199 2050 2252; x_wconf 82' lang='grc' dir='ltr'>τὸ</span> 
     </span>
    </p>
   </div>
   <div class='ocr_carea' id='block_1_24' title="bbox 395 2283 2051 2359">
    <p class='ocr_par' dir='ltr' id='par_1_24' title="bbox 395 2283 2051 2359">
     <span class='ocr_line' id='line_1_24' title="bbox 395 2283 2051 2359; baseline 0.002 -21"><span class='ocrx_word' id='word_1_170' title='bbox 395 2283 586 2353; x_wconf 69' lang='grc' dir='ltr'>κτέρας</span> <span class='ocrx_word' id='word_1_171' title='bbox 644 2285 742 2352; x_wconf 74' lang='grc' dir='ltr'>τήν</span> <span class='ocrx_word' id='word_1_172' title='bbox 803 2284 1017 2339; x_wconf 70' lang='grc' dir='ltr'>οἷανοῦν</span> <span class='ocrx_word' id='word_1_173' title='bbox 1066 2305 1124 2338; x_wconf 86' lang='grc' dir='ltr'>τε</span> <span class='ocrx_word' id='word_1_174' title='bbox 1171 2285 1260 2340; x_wconf 74' lang='grc' dir='ltr'>καὶ</span> <span class='ocrx_word' id='word_1_175' title='bbox 1321 2284 1693 2359; x_wconf 66' lang='grc' dir='ltr'>ὁπουδήποτε,</span> <span class='ocrx_word' id='word_1_176' title='bbox 1745 2286 1902 2351; x_wconf 76' lang='grc' dir='ltr'>εὐθὺς</span> <span class='ocrx_word' id='word_1_177' title='bbox 1959 2309 2051 2342; x_wconf 84' lang='grc' dir='ltr'>πι-</span> 
     </span>
    </p>
   </div>
   <div class='ocr_carea' id='block_1_25' title="bbox 401 2373 2051 2454">
    <p class='ocr_par' dir='ltr' id='par_1_25' title="bbox 401 2373 2051 2454">
     <span class='ocr_line' id='line_1_25' title="bbox 401 2373 2051 2454; baseline 0.002 -25"><span class='ocrx_word' id='word_1_178' title='bbox 401 2374 604 2430; x_wconf 85' lang='grc' dir='ltr'>στεύων</span> <span class='ocrx_word' id='word_1_179' title='bbox 637 2375 840 2452; x_wconf 79' lang='grc' dir='ltr'>ἒφορει,</span> <span class='ocrx_word' id='word_1_180' title='bbox 874 2374 936 2430; x_wconf 86' lang='grc' dir='ltr'>ού</span> <span class='ocrx_word' id='word_1_181' title='bbox 991 2373 1169 2438; x_wconf 83' lang='grc' dir='ltr'>λίθοις</span> <span class='ocrx_word' id='word_1_182' title='bbox 1217 2373 1342 2431; x_wconf 78' lang='grc' dir='ltr'>οὐδὲ</span> <span class='ocrx_word' id='word_1_183' title='bbox 1395 2374 1716 2454; x_wconf 70' lang='grc' dir='ltr'>μαργὲίροις,</span> <span class='ocrx_word' id='word_1_184' title='bbox 1750 2375 1878 2432; x_wconf 86' lang='grc' dir='ltr'>ἀλλ’</span> <span class='ocrx_word' id='word_1_185' title='bbox 1907 2376 2051 2452; x_wconf 80' lang='grc' dir='ltr'>ὠφε-</span> 
     </span>
    </p>
   </div>
   <div class='ocr_carea' id='block_1_26' title="bbox 402 2595 2054 2670">
    <p class='ocr_par' dir='ltr' id='par_1_26' title="bbox 402 2595 2054 2670">
     <span class='ocr_line' id='line_1_26' title="bbox 402 2595 2054 2670; baseline 0.002 -21"><span class='ocrx_word' id='word_1_186' title='bbox 402 2595 632 2665; x_wconf 88' lang='lat' dir='ltr'>copiam</span> <span class='ocrx_word' id='word_1_187' title='bbox 663 2595 904 2667; x_wconf 88' lang='lat' dir='ltr'>vinique</span> <span class='ocrx_word' id='word_1_188' title='bbox 935 2597 1160 2652; x_wconf 91' lang='lat' dir='ltr'>odorati</span> <span class='ocrx_word' id='word_1_189' title='bbox 1187 2602 1310 2654; x_wconf 89' lang='lat' dir='ltr'>tota</span> <span class='ocrx_word' id='word_1_190' title='bbox 1341 2599 1522 2669; x_wconf 88' lang='lat' dir='ltr'>dolia,</span> <span class='ocrx_word' id='word_1_191' title='bbox 1548 2599 1636 2654; x_wconf 90' lang='lat' dir='ltr'>his</span> <span class='ocrx_word' id='word_1_192' title='bbox 1667 2599 1904 2670; x_wconf 88' lang='lat' dir='ltr'>quidem</span> <span class='ocrx_word' id='word_1_193' title='bbox 1937 2615 2054 2654; x_wconf 91' lang='lat' dir='ltr'>non</span> 
     </span>
    </p>
   </div>
   <div class='ocr_carea' id='block_1_27' title="bbox 395 2682 2050 2758">
    <p class='ocr_par' dir='ltr' id='par_1_27' title="bbox 395 2682 2050 2758">
     <span class='ocr_line' id='line_1_27' title="bbox 395 2682 2050 2758; baseline 0.002 -21"><span class='ocrx_word' id='word_1_194' title='bbox 395 2682 696 2739; x_wconf 89' lang='lat' dir='ltr'>illibenter</span> <span class='ocrx_word' id='word_1_195' title='bbox 755 2690 845 2739; x_wconf 90' lang='lat' dir='ltr'>est</span> <span class='ocrx_word' id='word_1_196' title='bbox 903 2701 1069 2740; x_wconf 91' lang='lat' dir='ltr'>usus.</span> <span class='ocrx_word' id='word_1_197' title='bbox 1103 2691 1327 2741; x_wconf 82' lang='lat' dir='ltr'>Aurum</span> <span class='ocrx_word' id='word_1_198' title='bbox 1391 2688 1530 2742; x_wconf 98' lang='lat' dir='ltr'>item</span> <span class='ocrx_word' id='word_1_199' title='bbox 1565 2694 1622 2742; x_wconf 92' lang='lat' dir='ltr'>et</span> <span class='ocrx_word' id='word_1_200' title='bbox 1652 2692 1958 2758; x_wconf 77' lang='lat' dir='ltr'>argentum</span> <span class='ocrx_word' id='word_1_201' title='bbox 1993 2688 2050 2741; x_wconf 90' lang='lat' dir='ltr'>in</span> 
     </span>
    </p>
   </div>
   <div class='ocr_carea' id='block_1_28' title="bbox 397 2774 2056 2848">
    <p class='ocr_par' dir='ltr' id='par_1_28' title="bbox 397 2774 2056 2848">
     <span class='ocr_line' id='line_1_28' title="bbox 397 2774 2056 2848; baseline 0.003 -22"><span class='ocrx_word' id='word_1_202' title='bbox 397 2775 552 2829; x_wconf 82' lang='lat' dir='ltr'>vasis</span> <span class='ocrx_word' id='word_1_203' title='bbox 585 2774 928 2845; x_wconf 83' lang='lat' dir='ltr'>poculisque</span> <span class='ocrx_word' id='word_1_204' title='bbox 974 2776 1127 2831; x_wconf 91' lang='lat' dir='ltr'>dono</span> <span class='ocrx_word' id='word_1_205' title='bbox 1179 2777 1332 2832; x_wconf 89' lang='lat' dir='ltr'>datis</span> <span class='ocrx_word' id='word_1_206' title='bbox 1385 2777 1641 2848; x_wconf 88' lang='lat' dir='ltr'>probans</span> <span class='ocrx_word' id='word_1_207' title='bbox 1691 2777 1953 2832; x_wconf 83' lang='lat' dir='ltr'>admisit.</span> <span class='ocrx_word' id='word_1_208' title='bbox 1985 2779 2056 2831; x_wconf 87' lang='lat' dir='ltr'>At</span> 
     </span>
    </p>
   </div>
   <div class='ocr_carea' id='block_1_29' title="bbox 399 2861 2053 2937">
    <p class='ocr_par' dir='ltr' id='par_1_29' title="bbox 399 2861 2053 2937">
     <span class='ocr_line' id='line_1_29' title="bbox 399 2861 2053 2937; baseline 0.002 -20"><span class='ocrx_word' id='word_1_209' title='bbox 399 2861 773 2917; x_wconf 88' lang='lat' dir='ltr'>versicoloria</span> <span class='ocrx_word' id='word_1_210' title='bbox 801 2863 944 2917; x_wconf 91' lang='lat' dir='ltr'>varii</span> <span class='ocrx_word' id='word_1_211' title='bbox 976 2863 1206 2934; x_wconf 80' lang='lat' dir='ltr'>generis</span> <span class='ocrx_word' id='word_1_212' title='bbox 1238 2869 1363 2919; x_wconf 92' lang='lat' dir='ltr'>tum</span> <span class='ocrx_word' id='word_1_213' title='bbox 1399 2866 1611 2937; x_wconf 83' lang='lat' dir='ltr'>capitis</span> <span class='ocrx_word' id='word_1_214' title='bbox 1641 2866 1898 2937; x_wconf 79' lang='lat' dir='ltr'>tegmina</span> <span class='ocrx_word' id='word_1_215' title='bbox 1928 2871 2053 2920; x_wconf 80' lang='lat' dir='ltr'>tum</span> 
     </span>
    </p>
   </div>
   <div class='ocr_carea' id='block_1_30' title="bbox 405 2951 2056 3026">
    <p class='ocr_par' dir='ltr' id='par_1_30' title="bbox 405 2951 2056 3026">
     <span class='ocr_line' id='line_1_30' title="bbox 405 2951 2056 3026; baseline 0.001 -20"><span class='ocrx_word' id='word_1_216' title='bbox 405 2951 804 3007; x_wconf 81' lang='lat' dir='ltr'>membrorum</span> <span class='ocrx_word' id='word_1_217' title='bbox 851 2952 1198 3009; x_wconf 89' lang='lat' dir='ltr'>indumenta</span> <span class='ocrx_word' id='word_1_218' title='bbox 1241 2961 1604 3023; x_wconf 54' lang='lat' dir='ltr'>caiterorum,</span> <span class='ocrx_word' id='word_1_219' title='bbox 1637 2971 1884 3026; x_wconf 84' lang='lat' dir='ltr'>quarum</span> <span class='ocrx_word' id='word_1_220' title='bbox 1916 2953 2056 3009; x_wconf 89' lang='lat' dir='ltr'>item</span> 
     </span>
    </p>
   </div>
   <div class='ocr_carea' id='block_1_31' title="bbox 407 3041 2057 3113">
    <p class='ocr_par' dir='ltr' id='par_1_31' title="bbox 407 3041 2057 3113">
     <span class='ocr_line' id='line_1_31' title="bbox 407 3041 2057 3113; baseline 0.001 -17"><span class='ocrx_word' id='word_1_221' title='bbox 407 3057 604 3096; x_wconf 91' lang='lat' dir='ltr'>rerum</span> <span class='ocrx_word' id='word_1_222' title='bbox 656 3041 778 3095; x_wconf 83' lang='lat' dir='ltr'>vim</span> <span class='ocrx_word' id='word_1_223' title='bbox 850 3056 1125 3113; x_wconf 90' lang='lat' dir='ltr'>magnam</span> <span class='ocrx_word' id='word_1_224' title='bbox 1195 3044 1354 3113; x_wconf 88' lang='lat' dir='ltr'>regia</span> <span class='ocrx_word' id='word_1_225' title='bbox 1405 3044 1593 3099; x_wconf 89' lang='lat' dir='ltr'>eidem</span> <span class='ocrx_word' id='word_1_226' title='bbox 1660 3042 2057 3098; x_wconf 82' lang='lat' dir='ltr'>muniﬁcentia</span> 
     </span>
    </p>
   </div>
   <div class='ocr_carea' id='block_1_32' title="bbox 405 3129 2057 3206">
    <p class='ocr_par' dir='ltr' id='par_1_32' title="bbox 405 3129 2057 3206">
     <span class='ocr_line' id='line_1_32' title="bbox 405 3129 2057 3206; baseline 0.002 -22"><span class='ocrx_word' id='word_1_227' title='bbox 405 3129 729 3201; x_wconf 80' lang='lat' dir='ltr'>imperator</span> <span class='ocrx_word' id='word_1_228' title='bbox 779 3131 1038 3200; x_wconf 82' lang='lat' dir='ltr'>miserat,</span> <span class='ocrx_word' id='word_1_229' title='bbox 1074 3133 1216 3198; x_wconf 61' lang='lat' dir='ltr'>haec,</span> <span class='ocrx_word' id='word_1_230' title='bbox 1252 3133 1515 3204; x_wconf 79' lang='lat' dir='ltr'>inquam,</span> <span class='ocrx_word' id='word_1_231' title='bbox 1568 3133 2057 3206; x_wconf 91' lang='lat' dir='ltr'>aspernabundus</span> 
     </span>
    </p>
   </div>
   <div class='ocr_carea' id='block_1_33' title="bbox 2148 505 3714 581">
    <p class='ocr_par' dir='ltr' id='par_1_33' title="bbox 2148 505 3714 581">
     <span class='ocr_line' id='line_1_33' title="bbox 2148 505 3714 581; baseline 0.001 -19"><span class='ocrx_word' id='word_1_232' title='bbox 2148 505 2372 581; x_wconf 70' lang='grc' dir='ltr'>ἕτοιμον</span> <span class='ocrx_word' id='word_1_233' title='bbox 2427 511 2524 562; x_wconf 79' lang='grc' dir='ltr'>τοῦ</span> <span class='ocrx_word' id='word_1_234' title='bbox 2582 505 2984 561; x_wconf 88' lang='grc' dir='ltr'>Κωνσταντίνου</span> <span class='ocrx_word' id='word_1_235' title='bbox 3043 506 3476 579; x_wconf 78' lang='grc' dir='ltr'>καταγραμεῖσθαι</span> <span class='ocrx_word' id='word_1_236' title='bbox 3524 506 3598 561; x_wconf 83' lang='grc' dir='ltr'>καὶ</span> <span class='ocrx_word' id='word_1_237' title='bbox 3641 512 3714 578; x_wconf 72' lang='grc' dir='ltr'>τήν</span> 
     </span>
    </p>
   </div>
   <div class='ocr_carea' id='block_1_34' title="bbox 2150 591 3718 670">
    <p class='ocr_par' dir='ltr' id='par_1_34' title="bbox 2150 591 3718 670">
     <span class='ocr_line' id='line_1_34' title="bbox 2150 591 3718 670; baseline -0.004 -19"><span class='ocrx_word' id='word_1_238' title='bbox 2150 597 2355 651; x_wconf 83' lang='grc' dir='ltr'>ἐκείνου</span> <span class='ocrx_word' id='word_1_239' title='bbox 2388 593 2689 651; x_wconf 85' lang='grc' dir='ltr'>σκυλεύειν</span> <span class='ocrx_word' id='word_1_240' title='bbox 2719 596 2934 670; x_wconf 85' lang='grc' dir='ltr'>χώραν,</span> <span class='ocrx_word' id='word_1_241' title='bbox 2962 593 3010 648; x_wconf 71' lang='grc' dir='ltr'>εἴ</span> <span class='ocrx_word' id='word_1_242' title='bbox 3056 598 3173 654; x_wconf 79' lang='grc' dir='ltr'>τοῖς</span> <span class='ocrx_word' id='word_1_243' title='bbox 3220 597 3311 647; x_wconf 81' lang='grc' dir='ltr'>τοῦ</span> <span class='ocrx_word' id='word_1_244' title='bbox 3359 591 3590 668; x_wconf 75' lang='grc' dir='ltr'>βασιλέως</span> <span class='ocrx_word' id='word_1_245' title='bbox 3617 596 3718 652; x_wconf 71' lang='grc' dir='ltr'>ἐκεῖ.</span> 
     </span>
    </p>
   </div>
   <div class='ocr_carea' id='block_1_35' title="bbox 2149 679 3717 759">
    <p class='ocr_par' dir='ltr' id='par_1_35' title="bbox 2149 679 3717 759">
     <span class='ocr_line' id='line_1_35' title="bbox 2149 679 3717 759; baseline 0 -19"><span class='ocrx_word' id='word_1_246' title='bbox 2149 708 2240 748; x_wconf 90' lang='grc' dir='ltr'>νος</span> <span class='ocrx_word' id='word_1_247' title='bbox 2273 685 2438 756; x_wconf 81' lang='grc' dir='ltr'>ἐπίοι,</span> <span class='ocrx_word' id='word_1_248' title='bbox 2486 686 2547 740; x_wconf 84' lang='grc' dir='ltr'>ού</span> <span class='ocrx_word' id='word_1_249' title='bbox 2602 679 2981 758; x_wconf 76' lang='grc' dir='ltr'>Μεσεμϐρείας</span> <span class='ocrx_word' id='word_1_250' title='bbox 3029 682 3191 756; x_wconf 78' lang='grc' dir='ltr'>μόνον</span> <span class='ocrx_word' id='word_1_251' title='bbox 3241 681 3457 758; x_wconf 61' lang='grc' dir='ltr'>στερρῶς</span> <span class='ocrx_word' id='word_1_252' title='bbox 3497 684 3717 759; x_wconf 75' lang='grc' dir='ltr'>ἀντείχετο</span> 
     </span>
    </p>
   </div>
   <div class='ocr_carea' id='block_1_36' title="bbox 2149 771 3717 849">
    <p class='ocr_par' dir='ltr' id='par_1_36' title="bbox 2149 771 3717 849">
     <span class='ocr_line' id='line_1_36' title="bbox 2149 771 3717 849; baseline -0.006 -20"><span class='ocrx_word' id='word_1_253' title='bbox 2149 776 2236 830; x_wconf 72' lang='grc' dir='ltr'>καὶ</span> <span class='ocrx_word' id='word_1_254' title='bbox 2285 778 2385 844; x_wconf 74' lang='grc' dir='ltr'>τῆς</span> <span class='ocrx_word' id='word_1_255' title='bbox 2436 774 2762 849; x_wconf 82' lang='grc' dir='ltr'>Ἀγχιάλου,</span> <span class='ocrx_word' id='word_1_256' title='bbox 2815 771 2961 827; x_wconf 75' lang='grc' dir='ltr'>ἀλλὰ</span> <span class='ocrx_word' id='word_1_257' title='bbox 3005 773 3095 826; x_wconf 83' lang='grc' dir='ltr'>καὶ</span> <span class='ocrx_word' id='word_1_258' title='bbox 3147 771 3448 840; x_wconf 86' lang='grc' dir='ltr'>Σωζόπολιν</span> <span class='ocrx_word' id='word_1_259' title='bbox 3475 773 3552 826; x_wconf 77' lang='grc' dir='ltr'>καὶ</span> <span class='ocrx_word' id='word_1_260' title='bbox 3593 775 3717 848; x_wconf 78' lang='grc' dir='ltr'>Ἀγα.</span> 
     </span>
    </p>
   </div>
   <div class='ocr_carea' id='block_1_37' title="bbox 2152 858 3718 938">
    <p class='ocr_par' dir='ltr' id='par_1_37' title="bbox 2152 858 3718 938">
     <span class='ocr_line' id='line_1_37' title="bbox 2152 858 3718 938; baseline -0.003 -19"><span class='ocrx_word' id='word_1_261' title='bbox 2152 862 2439 928; x_wconf 85' lang='grc' dir='ltr'>θιούπολιν</span> <span class='ocrx_word' id='word_1_262' title='bbox 2489 863 2578 917; x_wconf 89' lang='grc' dir='ltr'>καὶ</span> <span class='ocrx_word' id='word_1_263' title='bbox 2637 861 2982 936; x_wconf 83' lang='grc' dir='ltr'>Κανστρίτζιν</span> <span class='ocrx_word' id='word_1_264' title='bbox 3041 861 3129 915; x_wconf 85' lang='grc' dir='ltr'>καὶ</span> <span class='ocrx_word' id='word_1_265' title='bbox 3191 858 3311 915; x_wconf 78' lang='grc' dir='ltr'>ἄλλ’</span> <span class='ocrx_word' id='word_1_266' title='bbox 3355 859 3471 915; x_wconf 80' lang='grc' dir='ltr'>ἄττα</span> <span class='ocrx_word' id='word_1_267' title='bbox 3521 862 3718 938; x_wconf 76' lang='grc' dir='ltr'>φρούρια,</span> 
     </span>
    </p>
   </div>
   <div class='ocr_carea' id='block_1_38' title="bbox 2151 950 3719 1029">
    <p class='ocr_par' dir='ltr' id='par_1_38' title="bbox 2151 950 3719 1029">
     <span class='ocr_line' id='line_1_38' title="bbox 2151 950 3719 1029; baseline -0.001 -22"><span class='ocrx_word' id='word_1_268' title='bbox 2151 954 2286 1029; x_wconf 78' lang='grc' dir='ltr'>ἅπερ</span> <span class='ocrx_word' id='word_1_269' title='bbox 2317 954 2368 1007; x_wconf 74' lang='grc' dir='ltr'>οἳ</span> <span class='ocrx_word' id='word_1_270' title='bbox 2407 957 2503 1007; x_wconf 75' lang='grc' dir='ltr'>τοῦ</span> <span class='ocrx_word' id='word_1_271' title='bbox 2563 951 2831 1028; x_wconf 71' lang='grc' dir='ltr'>βασιλέως</span> <span class='ocrx_word' id='word_1_272' title='bbox 2887 950 3358 1021; x_wconf 76' lang='grc' dir='ltr'>ἐπισκευασάμενοι</span> <span class='ocrx_word' id='word_1_273' title='bbox 3411 955 3719 1024; x_wconf 66' lang='grc' dir='ltr'>προσεκτῶντο</span> 
     </span>
    </p>
   </div>
   <div class='ocr_carea' id='block_1_39' title="bbox 2151 1035 3720 1117">
    <p class='ocr_par' dir='ltr' id='par_1_39' title="bbox 2151 1035 3720 1117">
     <span class='ocr_line' id='line_1_39' title="bbox 2151 1035 3720 1117; baseline -0.006 -21"><span class='ocrx_word' id='word_1_274' title='bbox 2151 1047 2233 1113; x_wconf 77' lang='grc' dir='ltr'>τῷ</span> <span class='ocrx_word' id='word_1_275' title='bbox 2267 1041 2504 1117; x_wconf 88' lang='grc' dir='ltr'>βασιλεῖ,</span> <span class='ocrx_word' id='word_1_276' title='bbox 2536 1041 2624 1095; x_wconf 86' lang='grc' dir='ltr'>καὶ</span> <span class='ocrx_word' id='word_1_277' title='bbox 2675 1039 2796 1096; x_wconf 87' lang='grc' dir='ltr'>λίαν</span> <span class='ocrx_word' id='word_1_278' title='bbox 2841 1039 2892 1094; x_wconf 73' lang='grc' dir='ltr'>ἐν</span> <span class='ocrx_word' id='word_1_279' title='bbox 2942 1043 3130 1114; x_wconf 87' lang='grc' dir='ltr'>χεροῖν</span> <span class='ocrx_word' id='word_1_280' title='bbox 3188 1038 3318 1112; x_wconf 78' lang='grc' dir='ltr'>εἶχε,</span> <span class='ocrx_word' id='word_1_281' title='bbox 3353 1035 3480 1110; x_wconf 74' lang='grc' dir='ltr'>μηδὲ</span> <span class='ocrx_word' id='word_1_282' title='bbox 3515 1039 3720 1114; x_wconf 64' lang='grc' dir='ltr'>φρουρίου</span> 
     </span>
    </p>
   </div>
   <div class='ocr_carea' id='block_1_40' title="bbox 2154 1123 3722 1203">
    <p class='ocr_par' dir='ltr' id='par_1_40' title="bbox 2154 1123 3722 1203">
     <span class='ocr_line' id='line_1_40' title="bbox 2154 1123 3722 1203; baseline -0.001 -19"><span class='ocrx_word' id='word_1_283' title='bbox 2154 1131 2306 1185; x_wconf 79' lang='grc' dir='ltr'>σκιὰν</span> <span class='ocrx_word' id='word_1_284' title='bbox 2357 1130 2714 1203; x_wconf 68' lang='grc' dir='ltr'>προϊέμενος.</span> <span class='ocrx_word' id='word_1_285' title='bbox 2769 1123 3143 1203; x_wconf 74' lang='grc' dir='ltr'>Μεσὲμϐρειαν</span> <span class='ocrx_word' id='word_1_286' title='bbox 3199 1128 3299 1202; x_wconf 78' lang='grc' dir='ltr'>γὰρ</span> <span class='ocrx_word' id='word_1_287' title='bbox 3341 1129 3422 1182; x_wconf 79' lang='grc' dir='ltr'>καὶ</span> <span class='ocrx_word' id='word_1_288' title='bbox 3466 1127 3518 1182; x_wconf 80' lang='grc' dir='ltr'>ἐκ</span> <span class='ocrx_word' id='word_1_289' title='bbox 3563 1125 3722 1183; x_wconf 80' lang='grc' dir='ltr'>δικαίου</span> 
     </span>
    </p>
   </div>
   <div class='ocr_carea' id='block_1_41' title="bbox 2154 1213 3386 1293">
    <p class='ocr_par' dir='ltr' id='par_1_41' title="bbox 2154 1213 3386 1293">
     <span class='ocr_line' id='line_1_41' title="bbox 2154 1213 3386 1293; baseline -0.003 -19"><span class='ocrx_word' id='word_1_290' title='bbox 2154 1219 2323 1274; x_wconf 88' lang='grc' dir='ltr'>πάλαι</span> <span class='ocrx_word' id='word_1_291' title='bbox 2355 1221 2480 1274; x_wconf 80' lang='grc' dir='ltr'>ποτ’</span> <span class='ocrx_word' id='word_1_292' title='bbox 2504 1220 2640 1293; x_wconf 76' lang='grc' dir='ltr'>εἶχε,</span> <span class='ocrx_word' id='word_1_293' title='bbox 2671 1213 2854 1273; x_wconf 76' lang='grc' dir='ltr'>λαϐὼν</span> <span class='ocrx_word' id='word_1_294' title='bbox 2883 1217 3026 1293; x_wconf 73' lang='grc' dir='ltr'>παρὰ</span> <span class='ocrx_word' id='word_1_295' title='bbox 3055 1220 3153 1270; x_wconf 76' lang='grc' dir='ltr'>τοῦ</span> <span class='ocrx_word' id='word_1_296' title='bbox 3187 1217 3386 1284; x_wconf 75' lang='grc' dir='ltr'>Μυτζῆ.</span> 
     </span>
    </p>
   </div>
   <div class='ocr_carea' id='block_1_42' title="bbox 2157 1317 3716 1400">
    <p class='ocr_par' dir='ltr' id='par_1_42' title="bbox 2157 1317 3716 1400">
     <span class='ocr_line' id='line_1_42' title="bbox 2157 1317 3716 1400; baseline -0.006 -18"><span class='ocrx_word' id='word_1_297' title='bbox 2157 1329 2214 1386; x_wconf 79' lang='grc' dir='ltr'>ι’.</span> <span class='ocrx_word' id='word_1_298' title='bbox 2273 1325 2355 1382; x_wconf 74' lang='grc' dir='ltr'>Τὰ</span> <span class='ocrx_word' id='word_1_299' title='bbox 2409 1325 2533 1400; x_wconf 86' lang='grc' dir='ltr'>περὶ</span> <span class='ocrx_word' id='word_1_300' title='bbox 2583 1329 2690 1400; x_wconf 62' lang='grc' dir='ltr'>τοῦ</span> <span class='ocrx_word' id='word_1_301' title='bbox 2755 1324 2881 1385; x_wconf 66' lang='grc' dir='ltr'>τοὺς</span> <span class='ocrx_word' id='word_1_302' title='bbox 2944 1317 3558 1400; x_wconf 29' lang='grc' dir='ltr'>Σὲρϐουςῌκήδουςιτοῦ</span> <span class='ocrx_word' id='word_1_303' title='bbox 3605 1321 3716 1400; x_wconf 63' lang='grc' dir='ltr'>βασι-</span> 
     </span>
    </p>
   </div>
   <div class='ocr_carea' id='block_1_43' title="bbox 2229 1391 3727 1468">
    <p class='ocr_par' dir='ltr' id='par_1_43' title="bbox 2229 1391 3727 1468">
     <span class='ocr_line' id='line_1_43' title="bbox 2229 1391 3727 1468; baseline -0.005 -16"><span class='ocrx_word' id='word_1_304' title='bbox 2229 1398 2368 1458; x_wconf 72' lang='grc' dir='ltr'>λέως</span> <span class='ocrx_word' id='word_1_305' title='bbox 2432 1391 2522 1451; x_wconf 82' lang='grc' dir='ltr'>καὶ</span> <span class='ocrx_word' id='word_1_306' title='bbox 2580 1394 2669 1450; x_wconf 76' lang='grc' dir='ltr'>διὰ</span> <span class='ocrx_word' id='word_1_307' title='bbox 2723 1399 2890 1450; x_wconf 78' lang='grc' dir='ltr'>ταῦτα</span> <span class='ocrx_word' id='word_1_308' title='bbox 2961 1401 3063 1464; x_wconf 82' lang='grc' dir='ltr'>τῆς</span> <span class='ocrx_word' id='word_1_309' title='bbox 3129 1396 3227 1448; x_wconf 79' lang='grc' dir='ltr'>τοῦ</span> <span class='ocrx_word' id='word_1_310' title='bbox 3283 1391 3727 1468; x_wconf 71' lang='grc' dir='ltr'>πατριάρχουὲπι-</span> 
     </span>
    </p>
   </div>
   <div class='ocr_carea' id='block_1_44' title="bbox 2231 1467 2655 1542">
    <p class='ocr_par' dir='ltr' id='par_1_44' title="bbox 2231 1467 2655 1542">
     <span class='ocr_line' id='line_1_44' title="bbox 2231 1467 2655 1542; baseline -0.005 -18"><span class='ocrx_word' id='word_1_311' title='bbox 2231 1467 2432 1542; x_wconf 78' lang='grc' dir='ltr'>δημίοις</span> <span class='ocrx_word' id='word_1_312' title='bbox 2466 1467 2655 1523; x_wconf 80' lang='grc' dir='ltr'>ἐκεῖσε.</span> 
     </span>
    </p>
   </div>
   <div class='ocr_carea' id='block_1_45' title="bbox 2227 1565 3732 1646">
    <p class='ocr_par' dir='ltr' id='par_1_45' title="bbox 2227 1565 3732 1646">
     <span class='ocr_line' id='line_1_45' title="bbox 2227 1565 3732 1646; baseline -0.007 -14"><span class='ocrx_word' id='word_1_313' title='bbox 2227 1578 2285 1633; x_wconf 85' lang='grc' dir='ltr'><strong>Ὀ</strong></span> <span class='ocrx_word' id='word_1_314' title='bbox 2318 1573 2374 1630; x_wconf 79' lang='grc' dir='ltr'>δὲ</span> <span class='ocrx_word' id='word_1_315' title='bbox 2411 1580 2633 1643; x_wconf 79' lang='grc' dir='ltr'>Μτυζῆς</span> <span class='ocrx_word' id='word_1_316' title='bbox 2681 1574 2858 1640; x_wconf 73' lang='grc' dir='ltr'>οὗτος,</span> <span class='ocrx_word' id='word_1_317' title='bbox 2910 1573 2994 1646; x_wconf 80' lang='grc' dir='ltr'>[Ρ.</span> <span class='ocrx_word' id='word_1_318' title='bbox 3021 1573 3148 1644; x_wconf 82' lang='grc'>238]</span> <span class='ocrx_word' id='word_1_319' title='bbox 3193 1569 3268 1624; x_wconf 67' lang='grc' dir='ltr'>ἵν’</span> <span class='ocrx_word' id='word_1_320' title='bbox 3319 1565 3633 1624; x_wconf 71' lang='grc' dir='ltr'>ἒπαναλαὸὼν</span> <span class='ocrx_word' id='word_1_321' title='bbox 3666 1568 3732 1624; x_wconf 79' lang='grc' dir='ltr'>εύ-</span> 
     </span>
    </p>
   </div>
   <div class='ocr_carea' id='block_1_46' title="bbox 2162 1656 3732 1738">
    <p class='ocr_par' dir='ltr' id='par_1_46' title="bbox 2162 1656 3732 1738">
     <span class='ocr_line' id='line_1_46' title="bbox 2162 1656 3732 1738; baseline -0.006 -18"><span class='ocrx_word' id='word_1_322' title='bbox 2162 1664 2485 1738; x_wconf 68' lang='grc' dir='ltr'>μαθὲστερον</span> <span class='ocrx_word' id='word_1_323' title='bbox 2536 1660 2915 1738; x_wconf 71' lang='grc' dir='ltr'>διηγήσωμαι,</span> <span class='ocrx_word' id='word_1_324' title='bbox 2948 1656 3199 1736; x_wconf 75' lang='grc' dir='ltr'>γαμϐρὸς</span> <span class='ocrx_word' id='word_1_325' title='bbox 3253 1661 3342 1732; x_wconf 74' lang='grc' dir='ltr'>μὲν</span> <span class='ocrx_word' id='word_1_326' title='bbox 3390 1680 3452 1730; x_wconf 85' lang='grc' dir='ltr'>ην</span> <span class='ocrx_word' id='word_1_327' title='bbox 3500 1658 3575 1712; x_wconf 69' lang='grc' dir='ltr'>ἐπὶ</span> <span class='ocrx_word' id='word_1_328' title='bbox 3609 1659 3732 1730; x_wconf 77' lang='grc' dir='ltr'>θυγα-</span> 
     </span>
    </p>
   </div>
   <div class='ocr_carea' id='block_1_47' title="bbox 2157 1746 3731 1827">
    <p class='ocr_par' dir='ltr' id='par_1_47' title="bbox 2157 1746 3731 1827">
     <span class='ocr_line' id='line_1_47' title="bbox 2157 1746 3731 1827; baseline -0.004 -19"><span class='ocrx_word' id='word_1_329' title='bbox 2157 1753 2242 1827; x_wconf 82' lang='grc' dir='ltr'>τρῖ</span> <span class='ocrx_word' id='word_1_330' title='bbox 2271 1759 2351 1826; x_wconf 80' lang='grc' dir='ltr'>τῷ</span> <span class='ocrx_word' id='word_1_331' title='bbox 2383 1755 2565 1821; x_wconf 74' lang='grc' dir='ltr'>Ἀσάν,</span> <span class='ocrx_word' id='word_1_332' title='bbox 2611 1747 2961 1827; x_wconf 73' lang='grc' dir='ltr'>σύγγαμϐρος</span> <span class='ocrx_word' id='word_1_333' title='bbox 3018 1748 3076 1804; x_wconf 74' lang='grc' dir='ltr'>δὲ</span> <span class='ocrx_word' id='word_1_334' title='bbox 3124 1746 3403 1824; x_wconf 83' lang='grc' dir='ltr'>Θεοδώρου</span> <span class='ocrx_word' id='word_1_335' title='bbox 3445 1747 3532 1802; x_wconf 75' lang='grc' dir='ltr'>τοῦ</span> <span class='ocrx_word' id='word_1_336' title='bbox 3573 1747 3731 1802; x_wconf 65' lang='lat' dir='ltr'>Adnu-</span> 
     </span>
    </p>
   </div>
   <div class='ocr_carea' id='block_1_48' title="bbox 2163 1833 3735 1919">
    <p class='ocr_par' dir='ltr' id='par_1_48' title="bbox 2163 1833 3735 1919">
     <span class='ocr_line' id='line_1_48' title="bbox 2163 1833 3735 1919; baseline -0.005 -22"><span class='ocrx_word' id='word_1_337' title='bbox 2163 1865 2235 1919; x_wconf 90' lang='grc' dir='ltr'>ρι.</span> <span class='ocrx_word' id='word_1_338' title='bbox 2280 1843 2438 1900; x_wconf 70' lang='grc' dir='ltr'>Ἀσδιν</span> <span class='ocrx_word' id='word_1_339' title='bbox 2487 1839 2530 1896; x_wconf 79' lang='grc' dir='ltr'>δ’</span> <span class='ocrx_word' id='word_1_340' title='bbox 2566 1842 2724 1905; x_wconf 81' lang='grc' dir='ltr'>οὗτος</span> <span class='ocrx_word' id='word_1_341' title='bbox 2770 1842 2836 1909; x_wconf 77' lang='grc' dir='ltr'>ἦν</span> <span class='ocrx_word' id='word_1_342' title='bbox 2892 1841 2948 1894; x_wconf 72' lang='grc' dir='ltr'>ὃν</span> <span class='ocrx_word' id='word_1_343' title='bbox 3001 1839 3166 1915; x_wconf 86' lang='grc' dir='ltr'>λόγος</span> <span class='ocrx_word' id='word_1_344' title='bbox 3213 1837 3301 1892; x_wconf 80' lang='grc' dir='ltr'>καὶ</span> <span class='ocrx_word' id='word_1_345' title='bbox 3347 1837 3545 1909; x_wconf 82' lang='grc' dir='ltr'>Ἰωάννῃ</span> <span class='ocrx_word' id='word_1_346' title='bbox 3589 1833 3735 1890; x_wconf 86' lang='grc' dir='ltr'>συνελ-</span> 
     </span>
    </p>
   </div>
   <div class='ocr_carea' id='block_1_49' title="bbox 2163 1923 3733 2004">
    <p class='ocr_par' dir='ltr' id='par_1_49' title="bbox 2163 1923 3733 2004">
     <span class='ocr_line' id='line_1_49' title="bbox 2163 1923 3733 2004; baseline -0.006 -16"><span class='ocrx_word' id='word_1_347' title='bbox 2163 1936 2271 1988; x_wconf 80' lang='grc' dir='ltr'>θεῖν</span> <span class='ocrx_word' id='word_1_348' title='bbox 2299 1937 2378 2004; x_wconf 78' lang='grc' dir='ltr'>τῷ</span> <span class='ocrx_word' id='word_1_349' title='bbox 2438 1931 2614 2002; x_wconf 79' lang='grc' dir='ltr'>Δούκᾳ</span> <span class='ocrx_word' id='word_1_350' title='bbox 2667 1931 2754 1986; x_wconf 83' lang='grc' dir='ltr'>καὶ</span> <span class='ocrx_word' id='word_1_351' title='bbox 2818 1928 3053 2004; x_wconf 79' lang='grc' dir='ltr'>βασιλεῖ,</span> <span class='ocrx_word' id='word_1_352' title='bbox 3097 1928 3190 1982; x_wconf 88' lang='grc' dir='ltr'>καί</span> <span class='ocrx_word' id='word_1_353' title='bbox 3235 1949 3295 2001; x_wconf 85' lang='grc' dir='ltr'>γε</span> <span class='ocrx_word' id='word_1_354' title='bbox 3351 1925 3436 1981; x_wconf 76' lang='grc' dir='ltr'>σὺν</span> <span class='ocrx_word' id='word_1_355' title='bbox 3491 1923 3648 1996; x_wconf 72' lang='grc' dir='ltr'>ἓκείνῳ</span> <span class='ocrx_word' id='word_1_356' title='bbox 3686 1923 3733 1979; x_wconf 72' lang='grc' dir='ltr'>τὰ</span> 
     </span>
    </p>
   </div>
   <div class='ocr_carea' id='block_1_50' title="bbox 2162 2009 3736 2095">
    <p class='ocr_par' dir='ltr' id='par_1_50' title="bbox 2162 2009 3736 2095">
     <span class='ocr_line' id='line_1_50' title="bbox 2162 2009 3736 2095; baseline -0.006 -18"><span class='ocrx_word' id='word_1_357' title='bbox 2162 2023 2298 2078; x_wconf 84' lang='grc' dir='ltr'>κατά</span> <span class='ocrx_word' id='word_1_358' title='bbox 2359 2019 2506 2076; x_wconf 83' lang='grc' dir='ltr'>δύσιν</span> <span class='ocrx_word' id='word_1_359' title='bbox 2566 2017 2883 2094; x_wconf 79' lang='grc' dir='ltr'>ἐπιδραμεῖν</span> <span class='ocrx_word' id='word_1_360' title='bbox 2916 2063 2930 2087; x_wconf 88' lang='grc'>,</span> <span class='ocrx_word' id='word_1_361' title='bbox 2989 2016 3319 2095; x_wconf 74' lang='grc' dir='ltr'>φιλοκαλίας</span> <span class='ocrx_word' id='word_1_362' title='bbox 3374 2015 3539 2085; x_wconf 85' lang='grc' dir='ltr'>πάσης</span> <span class='ocrx_word' id='word_1_363' title='bbox 3588 2009 3736 2089; x_wconf 80' lang='grc' dir='ltr'>ἔχοντα</span> 
     </span>
    </p>
   </div>
   <div class='ocr_carea' id='block_1_51' title="bbox 2164 2103 3734 2187">
    <p class='ocr_par' dir='ltr' id='par_1_51' title="bbox 2164 2103 3734 2187">
     <span class='ocr_line' id='line_1_51' title="bbox 2164 2103 3734 2187; baseline -0.008 -20"><span class='ocrx_word' id='word_1_364' title='bbox 2164 2111 2447 2187; x_wconf 83' lang='grc' dir='ltr'>δειγματα.</span> <span class='ocrx_word' id='word_1_365' title='bbox 2507 2113 2594 2173; x_wconf 89' lang='grc' dir='ltr'>Ὦς</span> <span class='ocrx_word' id='word_1_366' title='bbox 2649 2113 2781 2184; x_wconf 73' lang='grc' dir='ltr'>γοῦν</span> <span class='ocrx_word' id='word_1_367' title='bbox 2840 2109 3046 2170; x_wconf 75' lang='grc' dir='ltr'>ἐκεῖνος</span> <span class='ocrx_word' id='word_1_368' title='bbox 3102 2105 3352 2163; x_wconf 79' lang='grc' dir='ltr'>ἐτελεύτα</span> <span class='ocrx_word' id='word_1_369' title='bbox 3400 2103 3644 2165; x_wconf 76' lang='grc' dir='ltr'>καὶοῦτος</span> <span class='ocrx_word' id='word_1_370' title='bbox 3663 2105 3734 2171; x_wconf 68' lang='grc' dir='ltr'>τὴν</span> 
     </span>
    </p>
   </div>
   <div class='ocr_carea' id='block_1_52' title="bbox 2165 2189 3736 2276">
    <p class='ocr_par' dir='ltr' id='par_1_52' title="bbox 2165 2189 3736 2276">
     <span class='ocr_line' id='line_1_52' title="bbox 2165 2189 3736 2276; baseline -0.006 -20"><span class='ocrx_word' id='word_1_371' title='bbox 2165 2202 2342 2276; x_wconf 75' lang='grc' dir='ltr'>ἀρχὴν</span> <span class='ocrx_word' id='word_1_372' title='bbox 2375 2198 2593 2275; x_wconf 70' lang='grc' dir='ltr'>ἐδέχετο</span> <span class='ocrx_word' id='word_1_373' title='bbox 2619 2204 2728 2254; x_wconf 82' lang='grc' dir='ltr'>τῶν</span> <span class='ocrx_word' id='word_1_374' title='bbox 2783 2196 3103 2274; x_wconf 80' lang='grc' dir='ltr'>βουλγάρων</span> <span class='ocrx_word' id='word_1_375' title='bbox 3168 2192 3466 2271; x_wconf 85' lang='grc' dir='ltr'>βούλγαρος</span> <span class='ocrx_word' id='word_1_376' title='bbox 3517 2189 3596 2259; x_wconf 82' lang='grc' dir='ltr'>ὢν,</span> <span class='ocrx_word' id='word_1_377' title='bbox 3622 2192 3736 2246; x_wconf 82' lang='grc' dir='ltr'>συνὲ-</span> 
     </span>
    </p>
   </div>
   <div class='ocr_carea' id='block_1_53' title="bbox 2162 2277 3736 2362">
    <p class='ocr_par' dir='ltr' id='par_1_53' title="bbox 2162 2277 3736 2362">
     <span class='ocr_line' id='line_1_53' title="bbox 2162 2277 3736 2362; baseline -0.008 -18"><span class='ocrx_word' id='word_1_378' title='bbox 2162 2285 2342 2344; x_wconf 80' lang='grc' dir='ltr'>6αινέν</span> <span class='ocrx_word' id='word_1_379' title='bbox 2375 2289 2426 2343; x_wconf 75' lang='grc' dir='ltr'>οἱ</span> <span class='ocrx_word' id='word_1_380' title='bbox 2461 2289 2556 2361; x_wconf 75' lang='grc' dir='ltr'>μὲν</span> <span class='ocrx_word' id='word_1_381' title='bbox 2604 2287 2965 2362; x_wconf 83' lang='grc' dir='ltr'>προσκρόύειν</span> <span class='ocrx_word' id='word_1_382' title='bbox 3013 2286 3104 2341; x_wconf 85' lang='grc' dir='ltr'>καὶ</span> <span class='ocrx_word' id='word_1_383' title='bbox 3156 2283 3391 2360; x_wconf 78' lang='grc' dir='ltr'>βασιλεῖ⁹</span> <span class='ocrx_word' id='word_1_384' title='bbox 3423 2283 3490 2343; x_wconf 83' lang='grc' dir='ltr'>ὡς</span> <span class='ocrx_word' id='word_1_385' title='bbox 3533 2281 3608 2336; x_wconf 86' lang='grc' dir='ltr'>καὶ</span> <span class='ocrx_word' id='word_1_386' title='bbox 3632 2277 3736 2334; x_wconf 80' lang='grc' dir='ltr'>πολ·</span> 
     </span>
    </p>
   </div>
   <div class='ocr_carea' id='block_1_54' title="bbox 2163 2369 3736 2452">
    <p class='ocr_par' dir='ltr' id='par_1_54' title="bbox 2163 2369 3736 2452">
     <span class='ocr_line' id='line_1_54' title="bbox 2163 2369 3736 2452; baseline -0.007 -19"><span class='ocrx_word' id='word_1_387' title='bbox 2163 2376 2321 2440; x_wconf 86' lang='grc' dir='ltr'>λάκις</span> <span class='ocrx_word' id='word_1_388' title='bbox 2363 2375 2433 2432; x_wconf 81' lang='grc' dir='ltr'>δι’</span> <span class='ocrx_word' id='word_1_389' title='bbox 2500 2375 2700 2452; x_wconf 81' lang='grc' dir='ltr'>ἔχθρας</span> <span class='ocrx_word' id='word_1_390' title='bbox 2753 2376 2843 2430; x_wconf 82' lang='grc' dir='ltr'>καὶ</span> <span class='ocrx_word' id='word_1_391' title='bbox 2896 2374 3158 2447; x_wconf 82' lang='grc' dir='ltr'>πολέμων</span> <span class='ocrx_word' id='word_1_392' title='bbox 3192 2377 3308 2436; x_wconf 87' lang='grc' dir='ltr'>τοῖς</span> <span class='ocrx_word' id='word_1_393' title='bbox 3362 2374 3462 2426; x_wconf 81' lang='grc' dir='ltr'>τῶν</span> <span class='ocrx_word' id='word_1_394' title='bbox 3507 2369 3736 2442; x_wconf 78' lang='grc' dir='ltr'>Ῥωμαίων</span> 
     </span>
    </p>
   </div>
   <div class='ocr_carea' id='block_1_55' title="bbox 2165 2592 3734 2668">
    <p class='ocr_par' dir='ltr' id='par_1_55' title="bbox 2165 2592 3734 2668">
     <span class='ocr_line' id='line_1_55' title="bbox 2165 2592 3734 2668; baseline -0.006 -14"><span class='ocrx_word' id='word_1_395' title='bbox 2165 2599 2338 2654; x_wconf 90' lang='lat' dir='ltr'>modo</span> <span class='ocrx_word' id='word_1_396' title='bbox 2365 2598 2730 2653; x_wconf 84' lang='lat' dir='ltr'>infestandas</span> <span class='ocrx_word' id='word_1_397' title='bbox 2760 2596 3028 2668; x_wconf 89' lang='lat' dir='ltr'>regiones</span> <span class='ocrx_word' id='word_1_398' title='bbox 3055 2593 3302 2666; x_wconf 89' lang='lat' dir='ltr'>imperio</span> <span class='ocrx_word' id='word_1_399' title='bbox 3342 2592 3624 2662; x_wconf 81' lang='lat' dir='ltr'>subjectae,</span> <span class='ocrx_word' id='word_1_400' title='bbox 3649 2604 3734 2644; x_wconf 84' lang='lat' dir='ltr'>non</span> 
     </span>
    </p>
   </div>
   <div class='ocr_carea' id='block_1_56' title="bbox 2164 2682 3738 2750">
    <p class='ocr_par' dir='ltr' id='par_1_56' title="bbox 2164 2682 3738 2750">
     <span class='ocr_line' id='line_1_56' title="bbox 2164 2682 3738 2750; baseline -0.007 -7"><span class='ocrx_word' id='word_1_401' title='bbox 2164 2687 2588 2744; x_wconf 86' lang='lat' dir='ltr'>Mesembream</span> <span class='ocrx_word' id='word_1_402' title='bbox 2635 2685 2827 2742; x_wconf 91' lang='lat' dir='ltr'>solum</span> <span class='ocrx_word' id='word_1_403' title='bbox 2863 2690 2920 2740; x_wconf 93' lang='lat' dir='ltr'>et</span> <span class='ocrx_word' id='word_1_404' title='bbox 2950 2683 3308 2739; x_wconf 79' lang='lat' dir='ltr'>Anchialum</span> <span class='ocrx_word' id='word_1_405' title='bbox 3343 2695 3564 2737; x_wconf 88' lang='lat' dir='ltr'>securus</span> <span class='ocrx_word' id='word_1_406' title='bbox 3591 2682 3738 2750; x_wconf 87' lang='lat' dir='ltr'>pacto-</span> 
     </span>
    </p>
   </div>
   <div class='ocr_carea' id='block_1_57' title="bbox 2165 2767 3740 2846">
    <p class='ocr_par' dir='ltr' id='par_1_57' title="bbox 2165 2767 3740 2846">
     <span class='ocr_line' id='line_1_57' title="bbox 2165 2767 3740 2846; baseline -0.007 -13"><span class='ocrx_word' id='word_1_407' title='bbox 2165 2795 2295 2833; x_wconf 90' lang='lat' dir='ltr'>rum</span> <span class='ocrx_word' id='word_1_408' title='bbox 2357 2777 2653 2832; x_wconf 85' lang='lat' dir='ltr'>mordicus</span> <span class='ocrx_word' id='word_1_409' title='bbox 2712 2776 2966 2846; x_wconf 90' lang='lat' dir='ltr'>tenebat,</span> <span class='ocrx_word' id='word_1_410' title='bbox 2997 2775 3100 2831; x_wconf 90' lang='lat' dir='ltr'>sed</span> <span class='ocrx_word' id='word_1_411' title='bbox 3133 2777 3412 2846; x_wconf 76' lang='lat' dir='ltr'>praeterea</span> <span class='ocrx_word' id='word_1_412' title='bbox 3458 2767 3740 2840; x_wconf 87' lang='lat' dir='ltr'>Sozopolim,</span> 
     </span>
    </p>
   </div>
   <div class='ocr_carea' id='block_1_58' title="bbox 2163 2861 3739 2939">
    <p class='ocr_par' dir='ltr' id='par_1_58' title="bbox 2163 2861 3739 2939">
     <span class='ocr_line' id='line_1_58' title="bbox 2163 2861 3739 2939; baseline -0.007 -17"><span class='ocrx_word' id='word_1_413' title='bbox 2163 2865 2617 2939; x_wconf 84' lang='lat' dir='ltr'>Agatbiopolim,</span> <span class='ocrx_word' id='word_1_414' title='bbox 2649 2863 3018 2920; x_wconf 88' lang='lat' dir='ltr'>Canstritzim</span> <span class='ocrx_word' id='word_1_415' title='bbox 3051 2867 3110 2919; x_wconf 90' lang='lat' dir='ltr'>et</span> <span class='ocrx_word' id='word_1_416' title='bbox 3136 2862 3289 2918; x_wconf 82' lang='lat' dir='ltr'>alias</span> <span class='ocrx_word' id='word_1_417' title='bbox 3317 2861 3578 2933; x_wconf 85' lang='lat' dir='ltr'>quasdam</span> <span class='ocrx_word' id='word_1_418' title='bbox 3603 2870 3739 2922; x_wconf 78' lang='lat' dir='ltr'>arces,</span> 
     </span>
    </p>
   </div>
   <div class='ocr_carea' id='block_1_59' title="bbox 2167 2951 3739 3025">
    <p class='ocr_par' dir='ltr' id='par_1_59' title="bbox 2167 2951 3739 3025">
     <span class='ocr_line' id='line_1_59' title="bbox 2167 2951 3739 3025; baseline -0.008 -14"><span class='ocrx_word' id='word_1_419' title='bbox 2167 2975 2200 3012; x_wconf 89' lang='lat' dir='ltr'>a</span> <span class='ocrx_word' id='word_1_420' title='bbox 2229 2957 2480 3011; x_wconf 90' lang='lat' dir='ltr'>ducibus</span> <span class='ocrx_word' id='word_1_421' title='bbox 2509 2956 2638 3025; x_wconf 80' lang='lat' dir='ltr'>ejus</span> <span class='ocrx_word' id='word_1_422' title='bbox 2669 2953 2866 3010; x_wconf 87' lang='lat' dir='ltr'>oblata</span> <span class='ocrx_word' id='word_1_423' title='bbox 2898 2952 3020 3009; x_wconf 83' lang='lat' dir='ltr'>usis</span> <span class='ocrx_word' id='word_1_424' title='bbox 3049 2951 3360 3009; x_wconf 87' lang='lat' dir='ltr'>occasione</span> <span class='ocrx_word' id='word_1_425' title='bbox 3387 2954 3605 3021; x_wconf 86' lang='lat' dir='ltr'>captas;</span> <span class='ocrx_word' id='word_1_426' title='bbox 3645 2959 3739 3016; x_wconf 81' lang='lat' dir='ltr'>que</span> 
     </span>
    </p>
   </div>
   <div class='ocr_carea' id='block_1_60' title="bbox 2165 3039 3740 3114">
    <p class='ocr_par' dir='ltr' id='par_1_60' title="bbox 2165 3039 3740 3114">
     <span class='ocr_line' id='line_1_60' title="bbox 2165 3039 3740 3114; baseline -0.009 -15"><span class='ocrx_word' id='word_1_427' title='bbox 2165 3044 2262 3100; x_wconf 85' lang='lat' dir='ltr'>ille</span> <span class='ocrx_word' id='word_1_428' title='bbox 2292 3044 2491 3100; x_wconf 89' lang='lat' dir='ltr'>omnia</span> <span class='ocrx_word' id='word_1_429' title='bbox 2540 3043 2624 3099; x_wconf 89' lang='lat' dir='ltr'>sic</span> <span class='ocrx_word' id='word_1_430' title='bbox 2673 3043 3020 3114; x_wconf 82' lang='lat' dir='ltr'>arripuerat,</span> <span class='ocrx_word' id='word_1_431' title='bbox 3053 3045 3116 3097; x_wconf 93' lang='lat' dir='ltr'>ut</span> <span class='ocrx_word' id='word_1_432' title='bbox 3146 3047 3345 3096; x_wconf 88' lang='lat' dir='ltr'>certus</span> <span class='ocrx_word' id='word_1_433' title='bbox 3374 3039 3634 3094; x_wconf 87' lang='lat' dir='ltr'>videretur</span> <span class='ocrx_word' id='word_1_434' title='bbox 3656 3047 3740 3088; x_wconf 89' lang='lat' dir='ltr'>non</span> 
     </span>
    </p>
   </div>
   <div class='ocr_carea' id='block_1_61' title="bbox 2167 3121 3742 3200">
    <p class='ocr_par' dir='ltr' id='par_1_61' title="bbox 2167 3121 3742 3200">
     <span class='ocr_line' id='line_1_61' title="bbox 2167 3121 3742 3200; baseline -0.01 -9"><span class='ocrx_word' id='word_1_435' title='bbox 2167 3135 2436 3191; x_wconf 89' lang='lat' dir='ltr'>amittere</span> <span class='ocrx_word' id='word_1_436' title='bbox 2453 3133 2524 3188; x_wconf 92' lang='lat' dir='ltr'>de</span> <span class='ocrx_word' id='word_1_437' title='bbox 2552 3131 2849 3198; x_wconf 89' lang='lat' dir='ltr'>manibus,</span> <span class='ocrx_word' id='word_1_438' title='bbox 2872 3147 2937 3187; x_wconf 88' lang='lat' dir='ltr'>ac</span> <span class='ocrx_word' id='word_1_439' title='bbox 2962 3148 3033 3187; x_wconf 92' lang='lat' dir='ltr'>ne</span> <span class='ocrx_word' id='word_1_440' title='bbox 3064 3131 3340 3186; x_wconf 83' lang='lat' dir='ltr'>umbram</span> <span class='ocrx_word' id='word_1_441' title='bbox 3371 3127 3585 3200; x_wconf 88' lang='lat' dir='ltr'>quidem</span> <span class='ocrx_word' id='word_1_442' title='bbox 3609 3121 3742 3178; x_wconf 74' lang='lat' dir='ltr'>ullius</span> 
     </span>
    </p>
   </div>
   <div class='ocr_carea' id='block_1_62' title="bbox 407 3212 3742 3305">
    <p class='ocr_par' dir='ltr' id='par_1_62' title="bbox 407 3212 3742 3305">
     <span class='ocr_line' id='line_1_62' title="bbox 407 3212 3742 3305; baseline -0.002 -31"><span class='ocrx_word' id='word_1_443' title='bbox 407 3218 560 3274; x_wconf 70' lang='lat'>348</span> <span class='ocrx_word' id='word_1_444' title='bbox 612 3218 669 3272; x_wconf 90' lang='lat' dir='ltr'>in</span> <span class='ocrx_word' id='word_1_445' title='bbox 724 3236 937 3274; x_wconf 90' lang='lat' dir='ltr'>manus</span> <span class='ocrx_word' id='word_1_446' title='bbox 996 3236 1240 3275; x_wconf 88' lang='lat' dir='ltr'>sumens</span> <span class='ocrx_word' id='word_1_447' title='bbox 1298 3223 1754 3292; x_wconf 78' lang='lat' dir='ltr'>percontabatur</span> <span class='ocrx_word' id='word_1_448' title='bbox 1804 3222 1875 3277; x_wconf 85' lang='lat' dir='ltr'>ab</span> <span class='ocrx_word' id='word_1_449' title='bbox 1918 3222 2054 3278; x_wconf 80' lang='lat' dir='ltr'>otfe-</span> <span class='ocrx_word' id='word_1_450' title='bbox 2088 3239 2130 3305; x_wconf 72' lang='grc' dir='ltr'>ρ</span> <span class='ocrx_word' id='word_1_451' title='bbox 2169 3241 2238 3281; x_wconf 84' lang='lat' dir='ltr'>ex</span> <span class='ocrx_word' id='word_1_452' title='bbox 2286 3223 2378 3278; x_wconf 90' lang='lat' dir='ltr'>bis</span> <span class='ocrx_word' id='word_1_453' title='bbox 2430 3239 2615 3293; x_wconf 89' lang='lat' dir='ltr'>nuper</span> <span class='ocrx_word' id='word_1_454' title='bbox 2644 3222 2951 3292; x_wconf 88' lang='lat' dir='ltr'>acquisitis</span> <span class='ocrx_word' id='word_1_455' title='bbox 2979 3219 3067 3276; x_wconf 88' lang='lat' dir='ltr'>vel</span> <span class='ocrx_word' id='word_1_456' title='bbox 3099 3220 3347 3275; x_wconf 63' lang='lat' dir='ltr'>minuta;</span> <span class='ocrx_word' id='word_1_457' title='bbox 3377 3212 3742 3305; x_wconf 68' lang='lat' dir='ltr'>munitiuncule</span> 
     </span>
    </p>
   </div>
   <div class='ocr_carea' id='block_1_63' title="bbox 405 3307 2056 3383">
    <p class='ocr_par' dir='ltr' id='par_1_63' title="bbox 405 3307 2056 3383">
     <span class='ocr_line' id='line_1_63' title="bbox 405 3307 2056 3383; baseline 0.002 -21"><span class='ocrx_word' id='word_1_458' title='bbox 405 3312 570 3362; x_wconf 88' lang='lat' dir='ltr'>reute</span> <span class='ocrx_word' id='word_1_459' title='bbox 601 3324 673 3362; x_wconf 91' lang='lat' dir='ltr'>an</span> <span class='ocrx_word' id='word_1_460' title='bbox 705 3307 762 3361; x_wconf 90' lang='lat' dir='ltr'>id</span> <span class='ocrx_word' id='word_1_461' title='bbox 796 3314 953 3362; x_wconf 91' lang='lat' dir='ltr'>certo</span> <span class='ocrx_word' id='word_1_462' title='bbox 987 3315 1290 3379; x_wconf 69' lang='lat' dir='ltr'>praestaret</span> <span class='ocrx_word' id='word_1_463' title='bbox 1329 3310 1518 3366; x_wconf 90' lang='lat' dir='ltr'>bellus</span> <span class='ocrx_word' id='word_1_464' title='bbox 1565 3311 1675 3367; x_wconf 90' lang='lat' dir='ltr'>iste</span> <span class='ocrx_word' id='word_1_465' title='bbox 1729 3311 1914 3383; x_wconf 92' lang='lat' dir='ltr'>pileus</span> <span class='ocrx_word' id='word_1_466' title='bbox 1959 3328 2056 3366; x_wconf 89' lang='lat' dir='ltr'>ca-</span> 
     </span>
    </p>
   </div>
   <div class='ocr_carea' id='block_1_64' title="bbox 403 3395 2059 3472">
    <p class='ocr_par' dir='ltr' id='par_1_64' title="bbox 403 3395 2059 3472">
     <span class='ocr_line' id='line_1_64' title="bbox 403 3395 2059 3472; baseline 0.004 -21"><span class='ocrx_word' id='word_1_467' title='bbox 403 3395 508 3466; x_wconf 87' lang='lat' dir='ltr'>piti</span> <span class='ocrx_word' id='word_1_468' title='bbox 543 3397 696 3466; x_wconf 91' lang='lat' dir='ltr'>quod</span> <span class='ocrx_word' id='word_1_469' title='bbox 728 3401 973 3466; x_wconf 85' lang='lat' dir='ltr'>tegeret,</span> <span class='ocrx_word' id='word_1_470' title='bbox 1007 3403 1069 3451; x_wconf 93' lang='lat' dir='ltr'>ut</span> <span class='ocrx_word' id='word_1_471' title='bbox 1101 3397 1260 3454; x_wconf 89' lang='lat' dir='ltr'>nullo</span> <span class='ocrx_word' id='word_1_472' title='bbox 1293 3399 1569 3471; x_wconf 87' lang='lat' dir='ltr'>deinceps</span> <span class='ocrx_word' id='word_1_473' title='bbox 1620 3400 1756 3456; x_wconf 90' lang='lat' dir='ltr'>mali</span> <span class='ocrx_word' id='word_1_474' title='bbox 1808 3401 2059 3472; x_wconf 88' lang='lat' dir='ltr'>appulsu</span> 
     </span>
    </p>
   </div>
   <div class='ocr_carea' id='block_1_65' title="bbox 403 3483 2061 3561">
    <p class='ocr_par' dir='ltr' id='par_1_65' title="bbox 403 3483 2061 3561">
     <span class='ocr_line' id='line_1_65' title="bbox 403 3483 2061 3561; baseline 0.004 -23"><span class='ocrx_word' id='word_1_475' title='bbox 403 3483 734 3550; x_wconf 71' lang='lat' dir='ltr'>laaderetur,</span> <span class='ocrx_word' id='word_1_476' title='bbox 773 3483 1001 3538; x_wconf 89' lang='lat' dir='ltr'>nullum</span> <span class='ocrx_word' id='word_1_477' title='bbox 1053 3485 1315 3542; x_wconf 84' lang='lat' dir='ltr'>dolorem</span> <span class='ocrx_word' id='word_1_478' title='bbox 1366 3489 1641 3556; x_wconf 90' lang='lat' dir='ltr'>sentiret;</span> <span class='ocrx_word' id='word_1_479' title='bbox 1701 3506 1772 3544; x_wconf 90' lang='lat' dir='ltr'>an</span> <span class='ocrx_word' id='word_1_480' title='bbox 1809 3489 2061 3561; x_wconf 79' lang='lat' dir='ltr'>inapersi</span> 
     </span>
    </p>
   </div>
   <div class='ocr_carea' id='block_1_66' title="bbox 403 3569 2058 3648">
    <p class='ocr_par' dir='ltr' id='par_1_66' title="bbox 403 3569 2058 3648">
     <span class='ocr_line' id='line_1_66' title="bbox 403 3569 2058 3648; baseline 0.005 -22"><span class='ocrx_word' id='word_1_481' title='bbox 403 3570 542 3626; x_wconf 85' lang='lat' dir='ltr'>huic</span> <span class='ocrx_word' id='word_1_482' title='bbox 576 3569 826 3626; x_wconf 90' lang='lat' dir='ltr'>uniones</span> <span class='ocrx_word' id='word_1_483' title='bbox 857 3577 1199 3645; x_wconf 63' lang='lat' dir='ltr'>ceteraeque</span> <span class='ocrx_word' id='word_1_484' title='bbox 1229 3575 1459 3630; x_wconf 70' lang='lat' dir='ltr'>insertae</span> <span class='ocrx_word' id='word_1_485' title='bbox 1491 3594 1737 3648; x_wconf 79' lang='lat' dir='ltr'>gemmae</span> <span class='ocrx_word' id='word_1_486' title='bbox 1786 3579 1904 3633; x_wconf 92' lang='lat' dir='ltr'>vim</span> <span class='ocrx_word' id='word_1_487' title='bbox 1957 3578 2058 3634; x_wconf 86' lang='lat' dir='ltr'>ba-</span> 
     </span>
    </p>
   </div>
   <div class='ocr_carea' id='block_1_67' title="bbox 405 3660 2061 3739">
    <p class='ocr_par' dir='ltr' id='par_1_67' title="bbox 405 3660 2061 3739">
     <span class='ocr_line' id='line_1_67' title="bbox 405 3660 2061 3739; baseline 0.005 -25"><span class='ocrx_word' id='word_1_488' title='bbox 405 3660 612 3716; x_wconf 90' lang='lat' dir='ltr'>berent</span> <span class='ocrx_word' id='word_1_489' title='bbox 670 3677 944 3715; x_wconf 80' lang='lat' dir='ltr'>arcanam</span> <span class='ocrx_word' id='word_1_490' title='bbox 999 3667 1343 3734; x_wconf 89' lang='lat' dir='ltr'>quampiam</span> <span class='ocrx_word' id='word_1_491' title='bbox 1405 3665 1638 3737; x_wconf 84' lang='lat' dir='ltr'>fulgura</span> <span class='ocrx_word' id='word_1_492' title='bbox 1695 3666 2061 3739; x_wconf 88' lang='lat' dir='ltr'>fulminaque</span> 
     </span>
    </p>
   </div>
   <div class='ocr_carea' id='block_1_68' title="bbox 411 3749 2060 3827">
    <p class='ocr_par' dir='ltr' id='par_1_68' title="bbox 411 3749 2060 3827">
     <span class='ocr_line' id='line_1_68' title="bbox 411 3749 2060 3827; baseline 0.005 -23"><span class='ocrx_word' id='word_1_493' title='bbox 411 3749 710 3804; x_wconf 84' lang='lat' dir='ltr'>avertendi</span> <span class='ocrx_word' id='word_1_494' title='bbox 743 3767 776 3804; x_wconf 93' lang='lat' dir='ltr'>a</span> <span class='ocrx_word' id='word_1_495' title='bbox 805 3757 1068 3821; x_wconf 88' lang='lat' dir='ltr'>gestante</span> <span class='ocrx_word' id='word_1_496' title='bbox 1096 3772 1110 3819; x_wconf 89' lang='lat'><strong>;</strong></span> <span class='ocrx_word' id='word_1_497' title='bbox 1157 3757 1347 3810; x_wconf 83' lang='lat' dir='ltr'>vestes</span> <span class='ocrx_word' id='word_1_498' title='bbox 1379 3755 1518 3810; x_wconf 90' lang='lat' dir='ltr'>item</span> <span class='ocrx_word' id='word_1_499' title='bbox 1546 3755 1654 3810; x_wconf 81' lang='lat' dir='ltr'>illae</span> <span class='ocrx_word' id='word_1_500' title='bbox 1687 3757 1962 3827; x_wconf 70' lang='lat' dir='ltr'>speciosae</span> <span class='ocrx_word' id='word_1_501' title='bbox 1994 3775 2060 3813; x_wconf 86' lang='lat' dir='ltr'>ac</span> 
     </span>
    </p>
   </div>
   <div class='ocr_carea' id='block_1_69' title="bbox 411 3837 2057 3913">
    <p class='ocr_par' dir='ltr' id='par_1_69' title="bbox 411 3837 2057 3913">
     <span class='ocr_line' id='line_1_69' title="bbox 411 3837 2057 3913; baseline 0.004 -20"><span class='ocrx_word' id='word_1_502' title='bbox 411 3837 619 3893; x_wconf 89' lang='lat' dir='ltr'>molles</span> <span class='ocrx_word' id='word_1_503' title='bbox 654 3856 794 3893; x_wconf 91' lang='lat' dir='ltr'>num</span> <span class='ocrx_word' id='word_1_504' title='bbox 829 3842 1097 3896; x_wconf 86' lang='lat' dir='ltr'>membra</span> <span class='ocrx_word' id='word_1_505' title='bbox 1127 3859 1256 3913; x_wconf 74' lang='lat' dir='ltr'>quae</span> <span class='ocrx_word' id='word_1_506' title='bbox 1290 3845 1582 3899; x_wconf 82' lang='lat' dir='ltr'>ambirent</span> <span class='ocrx_word' id='word_1_507' title='bbox 1621 3847 1970 3903; x_wconf 83' lang='lat' dir='ltr'>lassitudine</span> <span class='ocrx_word' id='word_1_508' title='bbox 2000 3847 2057 3901; x_wconf 93' lang='lat' dir='ltr'>in</span> 
     </span>
    </p>
   </div>
   <div class='ocr_carea' id='block_1_70' title="bbox 405 3926 2058 4008">
    <p class='ocr_par' dir='ltr' id='par_1_70' title="bbox 405 3926 2058 4008">
     <span class='ocr_line' id='line_1_70' title="bbox 405 3926 2058 4008; baseline 0.005 -26"><span class='ocrx_word' id='word_1_509' title='bbox 405 3926 604 3982; x_wconf 81' lang='lat' dir='ltr'>labore</span> <span class='ocrx_word' id='word_1_510' title='bbox 662 3927 1060 3998; x_wconf 88' lang='lat' dir='ltr'>prohiberent.</span> <span class='ocrx_word' id='word_1_511' title='bbox 1131 3931 1280 3986; x_wconf 90' lang='lat' dir='ltr'>Tum</span> <span class='ocrx_word' id='word_1_512' title='bbox 1342 3932 1440 3988; x_wconf 92' lang='lat' dir='ltr'>illo</span> <span class='ocrx_word' id='word_1_513' title='bbox 1493 3933 1715 3990; x_wconf 90' lang='lat' dir='ltr'>scilicet</span> <span class='ocrx_word' id='word_1_514' title='bbox 1788 3941 2058 4008; x_wconf 84' lang='lat' dir='ltr'>negante,</span> 
     </span>
    </p>
   </div>
   <div class='ocr_carea' id='block_1_71' title="bbox 405 4016 2057 4094">
    <p class='ocr_par' dir='ltr' id='par_1_71' title="bbox 405 4016 2057 4094">
     <span class='ocr_line' id='line_1_71' title="bbox 405 4016 2057 4094; baseline 0.004 -22"><span class='ocrx_word' id='word_1_515' title='bbox 405 4016 598 4087; x_wconf 90' lang='lat' dir='ltr'>Nogas</span> <span class='ocrx_word' id='word_1_516' title='bbox 629 4016 920 4088; x_wconf 90' lang='lat' dir='ltr'>quidquid</span> <span class='ocrx_word' id='word_1_517' title='bbox 953 4016 1161 4072; x_wconf 81' lang='lat' dir='ltr'>horum</span> <span class='ocrx_word' id='word_1_518' title='bbox 1198 4020 1563 4092; x_wconf 87' lang='lat' dir='ltr'>interrogans</span> <span class='ocrx_word' id='word_1_519' title='bbox 1592 4025 1864 4094; x_wconf 88' lang='lat' dir='ltr'>attigerat</span> <span class='ocrx_word' id='word_1_520' title='bbox 1898 4025 2057 4079; x_wconf 58' lang='lat' dir='ltr'>fasti-</span> 
     </span>
    </p>
   </div>
   <div class='ocr_carea' id='block_1_72' title="bbox 413 4106 2062 4182">
    <p class='ocr_par' dir='ltr' id='par_1_72' title="bbox 413 4106 2062 4182">
     <span class='ocr_line' id='line_1_72' title="bbox 413 4106 2062 4182; baseline 0.006 -22"><span class='ocrx_word' id='word_1_521' title='bbox 413 4106 576 4160; x_wconf 90' lang='lat' dir='ltr'>diose</span> <span class='ocrx_word' id='word_1_522' title='bbox 636 4106 1079 4176; x_wconf 86' lang='lat' dir='ltr'>rejectabat.Ac</span> <span class='ocrx_word' id='word_1_523' title='bbox 1133 4127 1465 4181; x_wconf 88' lang='lat' dir='ltr'>quanquam</span> <span class='ocrx_word' id='word_1_524' title='bbox 1525 4114 1791 4182; x_wconf 59' lang='lat' dir='ltr'>amicitia;</span> <span class='ocrx_word' id='word_1_525' title='bbox 1842 4121 2062 4170; x_wconf 73' lang='lat' dir='ltr'>mutua:</span> 
     </span>
    </p>
   </div>
   <div class='ocr_carea' id='block_1_73' title="bbox 413 4195 2058 4274">
    <p class='ocr_par' dir='ltr' id='par_1_73' title="bbox 413 4195 2058 4274">
     <span class='ocr_line' id='line_1_73' title="bbox 413 4195 2058 4274; baseline 0.007 -26"><span class='ocrx_word' id='word_1_526' title='bbox 413 4195 808 4248; x_wconf 71' lang='lat' dir='ltr'>contestandae</span> <span class='ocrx_word' id='word_1_527' title='bbox 842 4212 1020 4250; x_wconf 87' lang='lat' dir='ltr'>causa</span> <span class='ocrx_word' id='word_1_528' title='bbox 1056 4215 1232 4252; x_wconf 88' lang='lat' dir='ltr'>unam</span> <span class='ocrx_word' id='word_1_529' title='bbox 1267 4217 1296 4254; x_wconf 89' lang='lat' dir='ltr'>e</span> <span class='ocrx_word' id='word_1_530' title='bbox 1330 4200 1532 4256; x_wconf 90' lang='lat' dir='ltr'>missis</span> <span class='ocrx_word' id='word_1_531' title='bbox 1565 4203 1637 4256; x_wconf 91' lang='lat' dir='ltr'>ab</span> <span class='ocrx_word' id='word_1_532' title='bbox 1668 4209 1931 4274; x_wconf 84' lang='lat' dir='ltr'>Augusto</span> <span class='ocrx_word' id='word_1_533' title='bbox 1965 4221 2058 4259; x_wconf 83' lang='lat' dir='ltr'>ve-</span> 
     </span>
    </p>
   </div>
   <div class='ocr_carea' id='block_1_74' title="bbox 411 4283 2060 4360">
    <p class='ocr_par' dir='ltr' id='par_1_74' title="bbox 411 4283 2060 4360">
     <span class='ocr_line' id='line_1_74' title="bbox 411 4283 2060 4360; baseline 0.007 -23"><span class='ocrx_word' id='word_1_534' title='bbox 411 4283 604 4338; x_wconf 87' lang='lat' dir='ltr'>stibus</span> <span class='ocrx_word' id='word_1_535' title='bbox 655 4284 762 4337; x_wconf 80' lang='lat' dir='ltr'>sibi</span> <span class='ocrx_word' id='word_1_536' title='bbox 817 4285 1181 4344; x_wconf 85' lang='lat' dir='ltr'>circumdare</span> <span class='ocrx_word' id='word_1_537' title='bbox 1213 4291 1518 4360; x_wconf 80' lang='lat' dir='ltr'>sustinuit,</span> <span class='ocrx_word' id='word_1_538' title='bbox 1557 4293 1901 4349; x_wconf 76' lang='lat' dir='ltr'>brevissimo</span> <span class='ocrx_word' id='word_1_539' title='bbox 1931 4310 2060 4349; x_wconf 90' lang='lat' dir='ltr'>eam</span> 
     </span>
    </p>
   </div>
   <div class='ocr_carea' id='block_1_75' title="bbox 413 4371 2063 4442">
    <p class='ocr_par' dir='ltr' id='par_1_75' title="bbox 413 4371 2063 4442">
     <span class='ocr_line' id='line_1_75' title="bbox 413 4371 2063 4442; baseline 0.007 -16"><span class='ocrx_word' id='word_1_540' title='bbox 413 4371 552 4426; x_wconf 86' lang='lat' dir='ltr'>tulit</span> <span class='ocrx_word' id='word_1_541' title='bbox 608 4372 816 4442; x_wconf 89' lang='lat' dir='ltr'>spatio,</span> <span class='ocrx_word' id='word_1_542' title='bbox 880 4375 1159 4432; x_wconf 67' lang='lat' dir='ltr'>familiare</span> <span class='ocrx_word' id='word_1_543' title='bbox 1215 4380 1406 4435; x_wconf 79' lang='lat' dir='ltr'>statim</span> <span class='ocrx_word' id='word_1_544' title='bbox 1441 4397 1469 4435; x_wconf 88' lang='lat' dir='ltr'>e</span> <span class='ocrx_word' id='word_1_545' title='bbox 1501 4382 1710 4437; x_wconf 90' lang='lat' dir='ltr'>canina</span> <span class='ocrx_word' id='word_1_546' title='bbox 1757 4382 1846 4438; x_wconf 87' lang='lat' dir='ltr'>vel</span> <span class='ocrx_word' id='word_1_547' title='bbox 1894 4383 2063 4438; x_wconf 90' lang='lat' dir='ltr'>ovina</span> 
     </span>
    </p>
   </div>
   <div class='ocr_carea' id='block_1_76' title="bbox 411 4459 2059 4544">
    <p class='ocr_par' dir='ltr' id='par_1_76' title="bbox 411 4459 2059 4544">
     <span class='ocr_line' id='line_1_76' title="bbox 411 4459 2059 4544; baseline 0.008 -30"><span class='ocrx_word' id='word_1_548' title='bbox 411 4459 562 4531; x_wconf 89' lang='lat' dir='ltr'>pelle</span> <span class='ocrx_word' id='word_1_549' title='bbox 591 4461 1008 4518; x_wconf 83' lang='lat' dir='ltr'>vestimentum</span> <span class='ocrx_word' id='word_1_550' title='bbox 1045 4482 1375 4539; x_wconf 87' lang='lat' dir='ltr'>resumens,</span> <span class='ocrx_word' id='word_1_551' title='bbox 1405 4487 1470 4526; x_wconf 91' lang='lat' dir='ltr'>eo</span> <span class='ocrx_word' id='word_1_552' title='bbox 1518 4488 1580 4527; x_wconf 90' lang='lat' dir='ltr'>se</span> <span class='ocrx_word' id='word_1_553' title='bbox 1631 4473 1936 4544; x_wconf 81' lang='lat' dir='ltr'>magniﬁce</span> <span class='ocrx_word' id='word_1_554' title='bbox 1967 4491 2059 4530; x_wconf 88' lang='lat' dir='ltr'>os-</span> 
     </span>
    </p>
   </div>
   <div class='ocr_carea' id='block_1_77' title="bbox 411 4552 2057 4630">
    <p class='ocr_par' dir='ltr' id='par_1_77' title="bbox 411 4552 2057 4630">
     <span class='ocr_line' id='line_1_77' title="bbox 411 4552 2057 4630; baseline 0.008 -28"><span class='ocrx_word' id='word_1_555' title='bbox 411 4552 671 4619; x_wconf 89' lang='lat' dir='ltr'>tentans,</span> <span class='ocrx_word' id='word_1_556' title='bbox 725 4567 829 4606; x_wconf 89' lang='lat' dir='ltr'>nec</span> <span class='ocrx_word' id='word_1_557' title='bbox 890 4554 1106 4623; x_wconf 89' lang='lat' dir='ltr'>minus,</span> <span class='ocrx_word' id='word_1_558' title='bbox 1155 4562 1217 4611; x_wconf 95' lang='lat' dir='ltr'>ut</span> <span class='ocrx_word' id='word_1_559' title='bbox 1275 4561 1612 4630; x_wconf 89' lang='lat' dir='ltr'>apparebat,</span> <span class='ocrx_word' id='word_1_560' title='bbox 1675 4562 1733 4616; x_wconf 91' lang='lat' dir='ltr'>in</span> <span class='ocrx_word' id='word_1_561' title='bbox 1789 4561 1887 4616; x_wconf 92' lang='lat' dir='ltr'>illo</span> <span class='ocrx_word' id='word_1_562' title='bbox 1947 4562 2057 4616; x_wconf 88' lang='lat' dir='ltr'>sibi</span> 
     </span>
    </p>
   </div>
   <div class='ocr_carea' id='block_1_78' title="bbox 411 4641 2056 4721">
    <p class='ocr_par' dir='ltr' id='par_1_78' title="bbox 411 4641 2056 4721">
     <span class='ocr_line' id='line_1_78' title="bbox 411 4641 2056 4721; baseline 0.009 -30"><span class='ocrx_word' id='word_1_563' title='bbox 411 4655 590 4708; x_wconf 88' lang='lat' dir='ltr'>quam</span> <span class='ocrx_word' id='word_1_564' title='bbox 625 4641 832 4709; x_wconf 89' lang='lat' dir='ltr'>quovis</span> <span class='ocrx_word' id='word_1_565' title='bbox 864 4643 1020 4713; x_wconf 84' lang='lat' dir='ltr'>regio</span> <span class='ocrx_word' id='word_1_566' title='bbox 1055 4645 1470 4715; x_wconf 89' lang='lat' dir='ltr'>paludamento</span> <span class='ocrx_word' id='word_1_567' title='bbox 1502 4649 1758 4721; x_wconf 90' lang='lat' dir='ltr'>placens.</span> <span class='ocrx_word' id='word_1_568' title='bbox 1793 4652 1886 4707; x_wconf 92' lang='lat' dir='ltr'>Sic</span> <span class='ocrx_word' id='word_1_569' title='bbox 1916 4658 1972 4708; x_wconf 91' lang='lat' dir='ltr'>et</span> <span class='ocrx_word' id='word_1_570' title='bbox 1997 4653 2056 4707; x_wconf 90' lang='lat' dir='ltr'>in</span> 
     </span>
    </p>
   </div>
   <div class='ocr_carea' id='block_1_79' title="bbox 411 4730 2060 4811">
    <p class='ocr_par' dir='ltr' id='par_1_79' title="bbox 411 4730 2060 4811">
     <span class='ocr_line' id='line_1_79' title="bbox 411 4730 2060 4811; baseline 0.01 -29"><span class='ocrx_word' id='word_1_571' title='bbox 411 4730 789 4800; x_wconf 88' lang='lat' dir='ltr'>operimentis</span> <span class='ocrx_word' id='word_1_572' title='bbox 821 4735 1030 4806; x_wconf 88' lang='lat' dir='ltr'>capitis</span> <span class='ocrx_word' id='word_1_573' title='bbox 1065 4739 1216 4808; x_wconf 88' lang='lat' dir='ltr'>fecit,</span> <span class='ocrx_word' id='word_1_574' title='bbox 1240 4751 1563 4811; x_wconf 81' lang='lat' dir='ltr'>opportuna</span> <span class='ocrx_word' id='word_1_575' title='bbox 1593 4747 1647 4797; x_wconf 91' lang='lat' dir='ltr'>et</span> <span class='ocrx_word' id='word_1_576' title='bbox 1677 4743 1790 4799; x_wconf 92' lang='lat' dir='ltr'>sibi</span> <span class='ocrx_word' id='word_1_577' title='bbox 1823 4750 2060 4801; x_wconf 89' lang='lat' dir='ltr'>assueta</span> 
     </span>
    </p>
   </div>
   <div class='ocr_carea' id='block_1_80' title="bbox 413 4822 2057 4906">
    <p class='ocr_par' dir='ltr' id='par_1_80' title="bbox 413 4822 2057 4906">
     <span class='ocr_line' id='line_1_80' title="bbox 413 4822 2057 4906; baseline 0.012 -34"><span class='ocrx_word' id='word_1_578' title='bbox 413 4836 532 4890; x_wconf 70' lang='lat' dir='ltr'>prce</span> <span class='ocrx_word' id='word_1_579' title='bbox 595 4822 878 4892; x_wconf 81' lang='lat' dir='ltr'>speciosis</span> <span class='ocrx_word' id='word_1_580' title='bbox 937 4826 1326 4900; x_wconf 87' lang='lat' dir='ltr'>pretiosisque</span> <span class='ocrx_word' id='word_1_581' title='bbox 1380 4830 1624 4902; x_wconf 86' lang='lat' dir='ltr'>eligens.</span> <span class='ocrx_word' id='word_1_582' title='bbox 1657 4835 1817 4898; x_wconf 89' lang='lat' dir='ltr'>Quod</span> <span class='ocrx_word' id='word_1_583' title='bbox 1865 4835 1913 4890; x_wconf 90' lang='lat' dir='ltr'>si</span> <span class='ocrx_word' id='word_1_584' title='bbox 1961 4837 2057 4906; x_wconf 89' lang='lat' dir='ltr'>qui</span> 
     </span>
    </p>
   </div>
   <div class='ocr_carea' id='block_1_81' title="bbox 410 4907 2062 4992">
    <p class='ocr_par' dir='ltr' id='par_1_81' title="bbox 410 4907 2062 4992">
     <span class='ocr_line' id='line_1_81' title="bbox 410 4907 2062 4992; baseline 0.012 -31"><span class='ocrx_word' id='word_1_585' title='bbox 410 4907 532 4963; x_wconf 69' lang='lat' dir='ltr'>haec</span> <span class='ocrx_word' id='word_1_586' title='bbox 562 4909 671 4980; x_wconf 90' lang='lat' dir='ltr'>ipsi</span> <span class='ocrx_word' id='word_1_587' title='bbox 707 4911 981 4968; x_wconf 86' lang='lat' dir='ltr'>attulerat</span> <span class='ocrx_word' id='word_1_588' title='bbox 1013 4916 1158 4972; x_wconf 89' lang='lat' dir='ltr'>forte</span> <span class='ocrx_word' id='word_1_589' title='bbox 1190 4919 1413 4989; x_wconf 78' lang='lat' dir='ltr'>tingens</span> <span class='ocrx_word' id='word_1_590' title='bbox 1446 4923 1839 4992; x_wconf 86' lang='lat' dir='ltr'>respondisset</span> <span class='ocrx_word' id='word_1_591' title='bbox 1872 4925 2062 4980; x_wconf 87' lang='lat' dir='ltr'>inesse</span> 
     </span>
    </p>
   </div>
   <div class='ocr_carea' id='block_1_82' title="bbox 413 4996 2064 5085">
    <p class='ocr_par' dir='ltr' id='par_1_82' title="bbox 413 4996 2064 5085">
     <span class='ocr_line' id='line_1_82' title="bbox 413 4996 2064 5085; baseline 0.011 -33"><span class='ocrx_word' id='word_1_592' title='bbox 413 4996 486 5052; x_wconf 90' lang='lat' dir='ltr'>iis</span> <span class='ocrx_word' id='word_1_593' title='bbox 537 5014 715 5070; x_wconf 90' lang='lat' dir='ltr'>quam</span> <span class='ocrx_word' id='word_1_594' title='bbox 776 5003 1107 5073; x_wconf 90' lang='lat' dir='ltr'>requirebat</span> <span class='ocrx_word' id='word_1_595' title='bbox 1154 5007 1272 5062; x_wconf 91' lang='lat' dir='ltr'>vim</span> <span class='ocrx_word' id='word_1_596' title='bbox 1323 5009 1542 5066; x_wconf 86' lang='lat' dir='ltr'>doloris</span> <span class='ocrx_word' id='word_1_597' title='bbox 1591 5028 1656 5067; x_wconf 89' lang='lat' dir='ltr'>ac</span> <span class='ocrx_word' id='word_1_598' title='bbox 1702 5013 2064 5085; x_wconf 88' lang='lat' dir='ltr'>fatigationis</span> 
     </span>
    </p>
   </div>
   <div class='ocr_carea' id='block_1_83' title="bbox 416 5085 2064 5164">
    <p class='ocr_par' dir='ltr' id='par_1_83' title="bbox 416 5085 2064 5164">
     <span class='ocr_line' id='line_1_83' title="bbox 416 5085 2064 5164; baseline 0.013 -25"><span class='ocrx_word' id='word_1_599' title='bbox 416 5085 628 5142; x_wconf 86' lang='lat' dir='ltr'>malive</span> <span class='ocrx_word' id='word_1_600' title='bbox 659 5091 854 5148; x_wconf 88' lang='lat' dir='ltr'>omnis</span> <span class='ocrx_word' id='word_1_601' title='bbox 887 5095 1144 5164; x_wconf 85' lang='lat' dir='ltr'>arcendi,</span> <span class='ocrx_word' id='word_1_602' title='bbox 1173 5101 1312 5153; x_wconf 91' lang='lat' dir='ltr'>tunc</span> <span class='ocrx_word' id='word_1_603' title='bbox 1357 5116 1498 5155; x_wconf 87' lang='lat' dir='ltr'>sane</span> <span class='ocrx_word' id='word_1_604' title='bbox 1548 5100 1643 5156; x_wconf 93' lang='lat' dir='ltr'>ille</span> <span class='ocrx_word' id='word_1_605' title='bbox 1692 5103 1890 5159; x_wconf 82' lang='lat' dir='ltr'>statim</span> <span class='ocrx_word' id='word_1_606' title='bbox 1937 5121 2064 5159; x_wconf 87' lang='lat' dir='ltr'>cre-</span> 
     </span>
    </p>
   </div>
   <div class='ocr_carea' id='block_1_84' title="bbox 417 5177 2062 5261">
    <p class='ocr_par' dir='ltr' id='par_1_84' title="bbox 417 5177 2062 5261">
     <span class='ocr_line' id='line_1_84' title="bbox 417 5177 2062 5261; baseline 0.011 -31"><span class='ocrx_word' id='word_1_607' title='bbox 417 5177 562 5232; x_wconf 89' lang='lat' dir='ltr'>dens</span> <span class='ocrx_word' id='word_1_608' title='bbox 591 5183 801 5235; x_wconf 91' lang='lat' dir='ltr'>cuncta</span> <span class='ocrx_word' id='word_1_609' title='bbox 832 5180 1122 5240; x_wconf 90' lang='lat' dir='ltr'>induisset</span> <span class='ocrx_word' id='word_1_610' title='bbox 1154 5193 1707 5260; x_wconf 85' lang='lat' dir='ltr'>perseveranterque</span> <span class='ocrx_word' id='word_1_611' title='bbox 1754 5197 2062 5261; x_wconf 86' lang='lat' dir='ltr'>gestasset,</span> 
     </span>
    </p>
   </div>
   <div class='ocr_carea' id='block_1_85' title="bbox 419 5275 2064 5352">
    <p class='ocr_par' dir='ltr' id='par_1_85' title="bbox 419 5275 2064 5352">
     <span class='ocr_line' id='line_1_85' title="bbox 419 5275 2064 5352; baseline 0.01 -32"><span class='ocrx_word' id='word_1_612' title='bbox 419 5282 532 5320; x_wconf 91' lang='lat' dir='ltr'>non</span> <span class='ocrx_word' id='word_1_613' title='bbox 569 5283 832 5339; x_wconf 82' lang='lat' dir='ltr'>geminas</span> <span class='ocrx_word' id='word_1_614' title='bbox 863 5278 968 5327; x_wconf 83' lang='lat' dir='ltr'>aut</span> <span class='ocrx_word' id='word_1_615' title='bbox 1001 5275 1348 5346; x_wconf 83' lang='lat' dir='ltr'>margaritas</span> <span class='ocrx_word' id='word_1_616' title='bbox 1380 5278 1667 5346; x_wconf 87' lang='lat' dir='ltr'>videlicet,</span> <span class='ocrx_word' id='word_1_617' title='bbox 1701 5296 1900 5335; x_wconf 86' lang='lat' dir='ltr'>verum</span> <span class='ocrx_word' id='word_1_618' title='bbox 1932 5299 2064 5352; x_wconf 85' lang='lat' dir='ltr'>pro-</span> 
     </span>
    </p>
   </div>
   <div class='ocr_carea' id='block_1_86' title="bbox 417 5355 2068 5441">
    <p class='ocr_par' dir='ltr' id='par_1_86' title="bbox 417 5355 2068 5441">
     <span class='ocr_line' id='line_1_86' title="bbox 417 5355 2068 5441; baseline 0.012 -32"><span class='ocrx_word' id='word_1_619' title='bbox 417 5355 660 5412; x_wconf 88' lang='lat' dir='ltr'>missam</span> <span class='ocrx_word' id='word_1_620' title='bbox 697 5359 1009 5418; x_wconf 89' lang='lat' dir='ltr'>utilitatem</span> <span class='ocrx_word' id='word_1_621' title='bbox 1041 5381 1274 5421; x_wconf 92' lang='lat' dir='ltr'>curans.</span> <span class='ocrx_word' id='word_1_622' title='bbox 1301 5369 1485 5422; x_wconf 91' lang='lat' dir='ltr'>Istum</span> <span class='ocrx_word' id='word_1_623' title='bbox 1520 5367 1696 5437; x_wconf 84' lang='lat' dir='ltr'>igitur</span> <span class='ocrx_word' id='word_1_624' title='bbox 1717 5373 1834 5425; x_wconf 90' lang='lat' dir='ltr'>tam</span> <span class='ocrx_word' id='word_1_625' title='bbox 1857 5376 2068 5441; x_wconf 89' lang='lat' dir='ltr'>poten-</span> 
     </span>
    </p>
   </div>
   <div class='ocr_carea' id='block_1_87' title="bbox 411 5446 2064 5527">
    <p class='ocr_par' dir='ltr' id='par_1_87' title="bbox 411 5446 2064 5527">
     <span class='ocr_line' id='line_1_87' title="bbox 411 5446 2064 5527; baseline 0.011 -29"><span class='ocrx_word' id='word_1_626' title='bbox 411 5449 526 5500; x_wconf 88' lang='lat' dir='ltr'>tem</span> <span class='ocrx_word' id='word_1_627' title='bbox 562 5446 888 5520; x_wconf 90' lang='lat' dir='ltr'>principem</span> <span class='ocrx_word' id='word_1_628' title='bbox 942 5451 1166 5510; x_wconf 90' lang='lat' dir='ltr'>babens</span> <span class='ocrx_word' id='word_1_629' title='bbox 1217 5461 1480 5525; x_wconf 85' lang='lat' dir='ltr'>paratum</span> <span class='ocrx_word' id='word_1_630' title='bbox 1534 5456 1851 5527; x_wconf 88' lang='lat' dir='ltr'>imperator</span> <span class='ocrx_word' id='word_1_631' title='bbox 1879 5461 1949 5515; x_wconf 89' lang='lat' dir='ltr'>ad</span> <span class='ocrx_word' id='word_1_632' title='bbox 1984 5462 2064 5517; x_wconf 85' lang='lat' dir='ltr'>ir-</span> 
     </span>
    </p>
   </div>
   <div class='ocr_carea' id='block_1_88' title="bbox 417 5538 2066 5614">
    <p class='ocr_par' dir='ltr' id='par_1_88' title="bbox 417 5538 2066 5614">
     <span class='ocr_line' id='line_1_88' title="bbox 417 5538 2066 5614; baseline 0.012 -26"><span class='ocrx_word' id='word_1_633' title='bbox 417 5538 809 5606; x_wconf 89' lang='lat' dir='ltr'>rumpendum</span> <span class='ocrx_word' id='word_1_634' title='bbox 846 5539 903 5594; x_wconf 86' lang='lat' dir='ltr'>in</span> <span class='ocrx_word' id='word_1_635' title='bbox 940 5541 1293 5614; x_wconf 83' lang='lat' dir='ltr'>Bulgarinm,</span> <span class='ocrx_word' id='word_1_636' title='bbox 1320 5545 1547 5614; x_wconf 88' lang='lat' dir='ltr'>quoties</span> <span class='ocrx_word' id='word_1_637' title='bbox 1581 5545 1712 5603; x_wconf 89' lang='lat' dir='ltr'>inde</span> <span class='ocrx_word' id='word_1_638' title='bbox 1734 5565 1794 5604; x_wconf 90' lang='lat' dir='ltr'>se</span> <span class='ocrx_word' id='word_1_639' title='bbox 1818 5565 2066 5608; x_wconf 83' lang='lat' dir='ltr'>commo-</span> 
     </span>
    </p>
   </div>
   <div class='ocr_carea' id='block_1_89' title="bbox 417 5624 2061 5713">
    <p class='ocr_par' dir='ltr' id='par_1_89' title="bbox 417 5624 2061 5713">
     <span class='ocr_line' id='line_1_89' title="bbox 417 5624 2061 5713; baseline 0.014 -36"><span class='ocrx_word' id='word_1_640' title='bbox 417 5624 600 5680; x_wconf 89' lang='lat' dir='ltr'>visset</span> <span class='ocrx_word' id='word_1_641' title='bbox 630 5626 1151 5689; x_wconf 82' lang='lat' dir='ltr'>Constantinusad</span> <span class='ocrx_word' id='word_1_642' title='bbox 1185 5633 1606 5706; x_wconf 65' lang='lat' dir='ltr'>depredandas</span> <span class='ocrx_word' id='word_1_643' title='bbox 1653 5643 1753 5695; x_wconf 90' lang='lat' dir='ltr'>aut</span> <span class='ocrx_word' id='word_1_644' title='bbox 1801 5656 2061 5713; x_wconf 87' lang='lat' dir='ltr'>quoquo-</span> 
     </span>
    </p>
   </div>
   <div class='ocr_carea' id='block_1_90' title="bbox 2170 3299 3742 3385">
    <p class='ocr_par' dir='ltr' id='par_1_90' title="bbox 2170 3299 3742 3385">
     <span class='ocr_line' id='line_1_90' title="bbox 2170 3299 3742 3385; baseline -0.011 -15"><span class='ocrx_word' id='word_1_645' title='bbox 2170 3330 2427 3385; x_wconf 89' lang='lat' dir='ltr'>unquam</span> <span class='ocrx_word' id='word_1_646' title='bbox 2486 3313 2637 3368; x_wconf 70' lang='lat'><strong>349</strong></span> <span class='ocrx_word' id='word_1_647' title='bbox 2699 3313 2958 3368; x_wconf 73' lang='lat' dir='ltr'>reidere.</span> <span class='ocrx_word' id='word_1_648' title='bbox 3001 3311 3147 3367; x_wconf 90' lang='lat' dir='ltr'>Nam</span> <span class='ocrx_word' id='word_1_649' title='bbox 3206 3309 3598 3367; x_wconf 76' lang='lat' dir='ltr'>Mesembream</span> <span class='ocrx_word' id='word_1_650' title='bbox 3642 3299 3742 3357; x_wconf 89' lang='lat' dir='ltr'>olim</span> 
     </span>
    </p>
   </div>
   <div class='ocr_carea' id='block_1_91' title="bbox 2168 3393 3744 3476">
    <p class='ocr_par' dir='ltr' id='par_1_91' title="bbox 2168 3393 3744 3476">
     <span class='ocr_line' id='line_1_91' title="bbox 2168 3393 3744 3476; baseline -0.009 -17"><span class='ocrx_word' id='word_1_651' title='bbox 2168 3420 2503 3476; x_wconf 87' lang='lat' dir='ltr'>possessam</span> <span class='ocrx_word' id='word_1_652' title='bbox 2573 3403 2708 3473; x_wconf 88' lang='lat' dir='ltr'>jure</span> <span class='ocrx_word' id='word_1_653' title='bbox 2758 3403 2884 3472; x_wconf 90' lang='lat' dir='ltr'>jam</span> <span class='ocrx_word' id='word_1_654' title='bbox 2940 3418 3046 3457; x_wconf 92' lang='lat' dir='ltr'>suo</span> <span class='ocrx_word' id='word_1_655' title='bbox 3106 3417 3173 3456; x_wconf 91' lang='lat' dir='ltr'>se</span> <span class='ocrx_word' id='word_1_656' title='bbox 3234 3399 3471 3472; x_wconf 88' lang='lat' dir='ltr'>putabat</span> <span class='ocrx_word' id='word_1_657' title='bbox 3522 3393 3744 3456; x_wconf 82' lang='lat' dir='ltr'>obtinere,</span> 
     </span>
    </p>
   </div>
   <div class='ocr_carea' id='block_1_92' title="bbox 2169 3480 3739 3566">
    <p class='ocr_par' dir='ltr' id='par_1_92' title="bbox 2169 3480 3739 3566">
     <span class='ocr_line' id='line_1_92' title="bbox 2169 3480 3739 3566; baseline -0.013 -15"><span class='ocrx_word' id='word_1_658' title='bbox 2169 3495 2385 3566; x_wconf 90' lang='lat' dir='ltr'>quippe</span> <span class='ocrx_word' id='word_1_659' title='bbox 2417 3492 2530 3548; x_wconf 90' lang='lat' dir='ltr'>sibi</span> <span class='ocrx_word' id='word_1_660' title='bbox 2559 3492 2834 3550; x_wconf 89' lang='lat' dir='ltr'>donatam</span> <span class='ocrx_word' id='word_1_661' title='bbox 2861 3510 2895 3548; x_wconf 90' lang='lat' dir='ltr'>a</span> <span class='ocrx_word' id='word_1_662' title='bbox 2924 3490 3188 3563; x_wconf 87' lang='lat' dir='ltr'>legitimo</span> <span class='ocrx_word' id='word_1_663' title='bbox 3219 3496 3358 3547; x_wconf 89' lang='lat' dir='ltr'>tunc</span> <span class='ocrx_word' id='word_1_664' title='bbox 3400 3489 3519 3559; x_wconf 88' lang='lat' dir='ltr'>ejus</span> <span class='ocrx_word' id='word_1_665' title='bbox 3560 3480 3739 3540; x_wconf 88' lang='lat' dir='ltr'>domino</span> 
     </span>
    </p>
   </div>
   <div class='ocr_carea' id='block_1_93' title="bbox 2169 3584 2375 3654">
    <p class='ocr_par' dir='ltr' id='par_1_93' title="bbox 2169 3584 2375 3654">
     <span class='ocr_line' id='line_1_93' title="bbox 2169 3584 2375 3654; baseline -0.005 -15"><span class='ocrx_word' id='word_1_666' title='bbox 2169 3584 2375 3654; x_wconf 76' lang='lat' dir='ltr'>Mytze.</span> 
     </span>
    </p>
   </div>
   <div class='ocr_carea' id='block_1_94' title="bbox 2166 3714 3746 3850">
    <p class='ocr_par' dir='ltr' id='par_1_94' title="bbox 2166 3714 3746 3850">
     <span class='ocr_line' id='line_1_94' title="bbox 2166 3714 3746 3850; baseline -0.011 -68"><span class='ocrx_word' id='word_1_667' title='bbox 2166 3729 2221 3784; x_wconf 89' lang='grc'><strong>5.</strong></span> <span class='ocrx_word' id='word_1_668' title='bbox 2283 3728 2357 3782; x_wconf 78' lang='lat' dir='ltr'>De</span> <span class='ocrx_word' id='word_1_669' title='bbox 2424 3730 2629 3799; x_wconf 74' lang='lat' dir='ltr'>Mylze,</span> <span class='ocrx_word' id='word_1_670' title='bbox 2687 3732 2741 3781; x_wconf 77' lang='lat' dir='ltr'>et</span> <span class='ocrx_word' id='word_1_671' title='bbox 2802 3726 2976 3850; x_wconf 47' lang='lat' dir='ltr'>uidi;</span> <span class='ocrx_word' id='word_1_672' title='bbox 3036 3722 3366 3850; x_wconf 31' lang='lat' dir='ltr'>iortnperatori</span> <span class='ocrx_word' id='word_1_673' title='bbox 3435 3714 3746 3774; x_wconf 74' lang='lat' dir='ltr'>Mesembream</span> 
     </span>
     <span class='ocr_line' id='line_1_95' title="bbox 2913 3811 3106 3850; baseline -0.005 0"><span class='ocrx_word' id='word_1_674' title='bbox 2913 3811 2941 3850; x_wconf 86' lang='lat' dir='ltr'>e</span> <span class='ocrx_word' id='word_1_675' title='bbox 2979 3812 3060 3850; x_wconf 73' lang='grc' dir='ltr'>εισι</span> <span class='ocrx_word' id='word_1_676' title='bbox 3094 3837 3106 3849; x_wconf 93' lang='grc'><strong>.</strong></span> 
     </span>
    </p>
   </div>
   <div class='ocr_carea' id='block_1_95' title="bbox 2913 3811 3106 3852">
    <p class='ocr_par' dir='ltr' id='par_1_95' title="bbox 2913 3811 3106 3852">
     <span class='ocr_line' id='line_1_96' title="bbox 2913 3811 3106 3852; baseline -0.01 -1"><span class='ocrx_word' id='word_1_677' title='bbox 2913 3811 3106 3852; x_wconf 75' lang='grc' dir='ltr'>εαθιοιι.</span> 
     </span>
    </p>
   </div>
   <div class='ocr_carea' id='block_1_96' title="bbox 2240 3925 3745 4025">
    <p class='ocr_par' dir='ltr' id='par_1_96' title="bbox 2240 3925 3745 4025">
     <span class='ocr_line' id='line_1_97' title="bbox 2240 3925 3745 4025; baseline -0.011 -25"><span class='ocrx_word' id='word_1_678' title='bbox 2240 3945 2342 4000; x_wconf 83' lang='lat' dir='ltr'>Hic</span> <span class='ocrx_word' id='word_1_679' title='bbox 2375 3959 2546 4015; x_wconf 93' lang='lat' dir='ltr'>porro</span> <span class='ocrx_word' id='word_1_680' title='bbox 2599 3947 2836 4014; x_wconf 85' lang='lat' dir='ltr'>Mytzes,</span> <span class='ocrx_word' id='word_1_681' title='bbox 2873 3946 2936 3997; x_wconf 92' lang='lat' dir='ltr'>ut</span> <span class='ocrx_word' id='word_1_682' title='bbox 2967 3940 3144 3996; x_wconf 91' lang='lat' dir='ltr'>altius</span> <span class='ocrx_word' id='word_1_683' title='bbox 3181 3943 3447 4012; x_wconf 84' lang='lat' dir='ltr'>repetens</span> <span class='ocrx_word' id='word_1_684' title='bbox 3475 3925 3745 4025; x_wconf 47' lang='lat' dir='ltr'>distinetias</span> 
     </span>
    </p>
   </div>
   <div class='ocr_carea' id='block_1_97' title="bbox 2168 4015 3743 4105">
    <p class='ocr_par' dir='ltr' id='par_1_97' title="bbox 2168 4015 3743 4105">
     <span class='ocr_line' id='line_1_98' title="bbox 2168 4015 3743 4105; baseline -0.006 -15"><span class='ocrx_word' id='word_1_685' title='bbox 2168 4052 2292 4090; x_wconf 90' lang='lat' dir='ltr'>rem</span> <span class='ocrx_word' id='word_1_686' title='bbox 2324 4049 2633 4105; x_wconf 88' lang='lat' dir='ltr'>exponam,</span> <span class='ocrx_word' id='word_1_687' title='bbox 2661 4048 2839 4103; x_wconf 89' lang='lat' dir='ltr'>gener</span> <span class='ocrx_word' id='word_1_688' title='bbox 2867 4037 2991 4086; x_wconf 89' lang='lat' dir='ltr'>erat</span> <span class='ocrx_word' id='word_1_689' title='bbox 3019 4030 3236 4086; x_wconf 86' lang='lat' dir='ltr'>Asanis</span> <span class='ocrx_word' id='word_1_690' title='bbox 3277 4030 3449 4084; x_wconf 84' lang='lat' dir='ltr'>ducta</span> <span class='ocrx_word' id='word_1_691' title='bbox 3491 4024 3601 4092; x_wconf 89' lang='lat' dir='ltr'>ejus</span> <span class='ocrx_word' id='word_1_692' title='bbox 3643 4015 3743 4080; x_wconf 59' lang='lat' dir='ltr'>ﬁlia:</span> 
     </span>
    </p>
   </div>
   <div class='ocr_carea' id='block_1_98' title="bbox 2169 4108 3747 4194">
    <p class='ocr_par' dir='ltr' id='par_1_98' title="bbox 2169 4108 3747 4194">
     <span class='ocr_line' id='line_1_99' title="bbox 2169 4108 3747 4194; baseline -0.015 -14"><span class='ocrx_word' id='word_1_693' title='bbox 2169 4125 2342 4194; x_wconf 86' lang='lat' dir='ltr'>cujus</span> <span class='ocrx_word' id='word_1_694' title='bbox 2395 4137 2653 4178; x_wconf 88' lang='lat' dir='ltr'>sororem</span> <span class='ocrx_word' id='word_1_695' title='bbox 2686 4121 2746 4176; x_wconf 91' lang='lat' dir='ltr'>in</span> <span class='ocrx_word' id='word_1_696' title='bbox 2789 4119 3170 4176; x_wconf 89' lang='lat' dir='ltr'>matrimonio</span> <span class='ocrx_word' id='word_1_697' title='bbox 3223 4117 3430 4173; x_wconf 90' lang='lat' dir='ltr'>babuit</span> <span class='ocrx_word' id='word_1_698' title='bbox 3479 4108 3747 4168; x_wconf 78' lang='lat' dir='ltr'>Theodorus</span> 
     </span>
    </p>
   </div>
   <div class='ocr_carea' id='block_1_99' title="bbox 2170 4199 3746 4283">
    <p class='ocr_par' dir='ltr' id='par_1_99' title="bbox 2170 4199 3746 4283">
     <span class='ocr_line' id='line_1_100' title="bbox 2170 4199 3746 4283; baseline -0.011 -15"><span class='ocrx_word' id='word_1_699' title='bbox 2170 4212 2454 4278; x_wconf 88' lang='lat' dir='ltr'>Lascaris,</span> <span class='ocrx_word' id='word_1_700' title='bbox 2470 4211 2592 4283; x_wconf 91' lang='lat' dir='ltr'>pari</span> <span class='ocrx_word' id='word_1_701' title='bbox 2616 4210 2794 4266; x_wconf 86' lang='lat' dir='ltr'>Asani</span> <span class='ocrx_word' id='word_1_702' title='bbox 2827 4208 3133 4265; x_wconf 82' lang='lat' dir='ltr'>affinitatis</span> <span class='ocrx_word' id='word_1_703' title='bbox 3157 4207 3346 4280; x_wconf 87' lang='lat' dir='ltr'>gradu</span> <span class='ocrx_word' id='word_1_704' title='bbox 3370 4199 3746 4260; x_wconf 76' lang='lat' dir='ltr'>admotus.Asan</span> 
     </span>
    </p>
   </div>
   <div class='ocr_carea' id='block_1_100' title="bbox 2170 4286 3749 4380">
    <p class='ocr_par' dir='ltr' id='par_1_100' title="bbox 2170 4286 3749 4380">
     <span class='ocr_line' id='line_1_101' title="bbox 2170 4286 3749 4380; baseline -0.011 -22"><span class='ocrx_word' id='word_1_705' title='bbox 2170 4307 2365 4358; x_wconf 90' lang='lat' dir='ltr'>autem</span> <span class='ocrx_word' id='word_1_706' title='bbox 2400 4301 2494 4354; x_wconf 90' lang='lat' dir='ltr'>hic</span> <span class='ocrx_word' id='word_1_707' title='bbox 2523 4311 2634 4370; x_wconf 87' lang='lat' dir='ltr'>est,</span> <span class='ocrx_word' id='word_1_708' title='bbox 2668 4316 2842 4370; x_wconf 91' lang='lat' dir='ltr'>quem</span> <span class='ocrx_word' id='word_1_709' title='bbox 2877 4297 3118 4353; x_wconf 86' lang='lat' dir='ltr'>historia</span> <span class='ocrx_word' id='word_1_710' title='bbox 3177 4298 3350 4352; x_wconf 86' lang='lat' dir='ltr'>docet</span> <span class='ocrx_word' id='word_1_711' title='bbox 3389 4289 3580 4351; x_wconf 84' lang='lat' dir='ltr'>Joanni</span> <span class='ocrx_word' id='word_1_712' title='bbox 3620 4286 3749 4380; x_wconf 57' lang='lat' dir='ltr'>Ducti!</span> 
     </span>
    </p>
   </div>
   <div class='ocr_carea' id='block_1_101' title="bbox 2169 4385 3748 4476">
    <p class='ocr_par' dir='ltr' id='par_1_101' title="bbox 2169 4385 3748 4476">
     <span class='ocr_line' id='line_1_102' title="bbox 2169 4385 3748 4476; baseline -0.008 -30"><span class='ocrx_word' id='word_1_713' title='bbox 2169 4388 2506 4463; x_wconf 90' lang='lat' dir='ltr'>imperatori</span> <span class='ocrx_word' id='word_1_714' title='bbox 2533 4387 2758 4444; x_wconf 89' lang='lat' dir='ltr'>socium</span> <span class='ocrx_word' id='word_1_715' title='bbox 2786 4387 2989 4456; x_wconf 90' lang='lat' dir='ltr'>fuisse,</span> <span class='ocrx_word' id='word_1_716' title='bbox 3007 4385 3356 4458; x_wconf 85' lang='lat' dir='ltr'>junctisque</span> <span class='ocrx_word' id='word_1_717' title='bbox 3376 4399 3501 4439; x_wconf 90' lang='lat' dir='ltr'>cum</span> <span class='ocrx_word' id='word_1_718' title='bbox 3530 4395 3586 4434; x_wconf 92' lang='lat' dir='ltr'>eo</span> <span class='ocrx_word' id='word_1_719' title='bbox 3609 4386 3748 4476; x_wconf 63' lang='grc' dir='ltr'>ιοριιε</span> 
     </span>
    </p>
   </div>
   <div class='ocr_carea' id='block_1_102' title="bbox 2169 4474 3746 4548">
    <p class='ocr_par' dir='ltr' id='par_1_102' title="bbox 2169 4474 3746 4548">
     <span class='ocr_line' id='line_1_103' title="bbox 2169 4474 3746 4548; baseline -0.004 -14"><span class='ocrx_word' id='word_1_720' title='bbox 2169 4481 2506 4535; x_wconf 87' lang='lat' dir='ltr'>incursasse</span> <span class='ocrx_word' id='word_1_721' title='bbox 2526 4477 2824 4533; x_wconf 89' lang='lat' dir='ltr'>communi</span> <span class='ocrx_word' id='word_1_722' title='bbox 2839 4493 2903 4532; x_wconf 89' lang='lat' dir='ltr'>ex</span> <span class='ocrx_word' id='word_1_723' title='bbox 2914 4477 3210 4548; x_wconf 89' lang='lat' dir='ltr'>peditione</span> <span class='ocrx_word' id='word_1_724' title='bbox 3227 4474 3504 4531; x_wconf 90' lang='lat' dir='ltr'>Occiduas</span> <span class='ocrx_word' id='word_1_725' title='bbox 3521 4474 3746 4538; x_wconf 59' lang='lat' dir='ltr'>regiones;</span> 
     </span>
    </p>
   </div>
   <div class='ocr_carea' id='block_1_103' title="bbox 2171 4554 3746 4641">
    <p class='ocr_par' dir='ltr' id='par_1_103' title="bbox 2171 4554 3746 4641">
     <span class='ocr_line' id='line_1_104' title="bbox 2171 4554 3746 4641; baseline -0.014 -16"><span class='ocrx_word' id='word_1_726' title='bbox 2171 4586 2384 4641; x_wconf 86' lang='lat' dir='ltr'>magna</span> <span class='ocrx_word' id='word_1_727' title='bbox 2414 4567 2607 4623; x_wconf 89' lang='lat' dir='ltr'>omnis</span> <span class='ocrx_word' id='word_1_728' title='bbox 2638 4566 2940 4638; x_wconf 68' lang='lat' dir='ltr'>elegantia</span> <span class='ocrx_word' id='word_1_729' title='bbox 2973 4565 3194 4620; x_wconf 90' lang='lat' dir='ltr'>indicia</span> <span class='ocrx_word' id='word_1_730' title='bbox 3223 4554 3651 4637; x_wconf 66' lang='lat' dir='ltr'>praebentemUt</span> <span class='ocrx_word' id='word_1_731' title='bbox 3674 4567 3746 4605; x_wconf 88' lang='lat' dir='ltr'>au-</span> 
     </span>
    </p>
   </div>
   <div class='ocr_carea' id='block_1_104' title="bbox 2169 4647 3746 4727">
    <p class='ocr_par' dir='ltr' id='par_1_104' title="bbox 2169 4647 3746 4727">
     <span class='ocr_line' id='line_1_105' title="bbox 2169 4647 3746 4727; baseline -0.013 -13"><span class='ocrx_word' id='word_1_732' title='bbox 2169 4665 2287 4716; x_wconf 88' lang='lat' dir='ltr'>tem</span> <span class='ocrx_word' id='word_1_733' title='bbox 2317 4659 2544 4712; x_wconf 88' lang='lat' dir='ltr'>Joanne</span> <span class='ocrx_word' id='word_1_734' title='bbox 2561 4657 2685 4727; x_wconf 89' lang='lat' dir='ltr'>jam</span> <span class='ocrx_word' id='word_1_735' title='bbox 2712 4659 2942 4711; x_wconf 91' lang='lat' dir='ltr'>mortuo</span> <span class='ocrx_word' id='word_1_736' title='bbox 2973 4659 3128 4710; x_wconf 81' lang='lat' dir='ltr'>Asan</span> <span class='ocrx_word' id='word_1_737' title='bbox 3162 4668 3408 4725; x_wconf 84' lang='lat' dir='ltr'>regnum</span> <span class='ocrx_word' id='word_1_738' title='bbox 3432 4647 3746 4718; x_wconf 86' lang='lat' dir='ltr'>Bulgarorum</span> 
     </span>
    </p>
   </div>
   <div class='ocr_carea' id='block_1_105' title="bbox 2169 4735 3747 4818">
    <p class='ocr_par' dir='ltr' id='par_1_105' title="bbox 2169 4735 3747 4818">
     <span class='ocr_line' id='line_1_106' title="bbox 2169 4735 3747 4818; baseline -0.012 -14"><span class='ocrx_word' id='word_1_739' title='bbox 2169 4747 2460 4818; x_wconf 90' lang='lat' dir='ltr'>Bulgarus</span> <span class='ocrx_word' id='word_1_740' title='bbox 2490 4751 2623 4802; x_wconf 89' lang='lat' dir='ltr'>ortu</span> <span class='ocrx_word' id='word_1_741' title='bbox 2655 4744 2896 4815; x_wconf 90' lang='lat' dir='ltr'>accepit,</span> <span class='ocrx_word' id='word_1_742' title='bbox 2925 4742 3173 4815; x_wconf 88' lang='lat' dir='ltr'>contigit</span> <span class='ocrx_word' id='word_1_743' title='bbox 3204 4759 3341 4798; x_wconf 88' lang='lat' dir='ltr'>eum</span> <span class='ocrx_word' id='word_1_744' title='bbox 3372 4738 3516 4811; x_wconf 90' lang='lat' dir='ltr'>apud</span> <span class='ocrx_word' id='word_1_745' title='bbox 3547 4735 3747 4802; x_wconf 81' lang='lat' dir='ltr'>impera-</span> 
     </span>
    </p>
   </div>
   <div class='ocr_carea' id='block_1_106' title="bbox 2173 4828 3750 4900">
    <p class='ocr_par' dir='ltr' id='par_1_106' title="bbox 2173 4828 3750 4900">
     <span class='ocr_line' id='line_1_107' title="bbox 2173 4828 3750 4900; baseline -0.013 -6"><span class='ocrx_word' id='word_1_746' title='bbox 2173 4845 2360 4895; x_wconf 89' lang='lat' dir='ltr'>torem</span> <span class='ocrx_word' id='word_1_747' title='bbox 2404 4836 2718 4900; x_wconf 72' lang='lat' dir='ltr'>oﬂ‘endere,</span> <span class='ocrx_word' id='word_1_748' title='bbox 2750 4832 3156 4890; x_wconf 88' lang='lat' dir='ltr'>simultatibus</span> <span class='ocrx_word' id='word_1_749' title='bbox 3207 4832 3268 4887; x_wconf 90' lang='lat' dir='ltr'>in</span> <span class='ocrx_word' id='word_1_750' title='bbox 3319 4828 3526 4885; x_wconf 90' lang='lat' dir='ltr'>bellum</span> <span class='ocrx_word' id='word_1_751' title='bbox 3568 4829 3750 4894; x_wconf 82' lang='lat' dir='ltr'>quoque</span> 
     </span>
    </p>
   </div>
   <div class='ocr_carea' id='block_1_107' title="bbox 2173 4911 3749 5006">
    <p class='ocr_par' dir='ltr' id='par_1_107' title="bbox 2173 4911 3749 5006">
     <span class='ocr_line' id='line_1_108' title="bbox 2173 4911 3749 5006; baseline -0.012 -23"><span class='ocrx_word' id='word_1_752' title='bbox 2173 4931 2439 4998; x_wconf 89' lang='lat' dir='ltr'>apertum</span> <span class='ocrx_word' id='word_1_753' title='bbox 2473 4922 3019 4996; x_wconf 85' lang='lat' dir='ltr'>prorumpentibus,</span> <span class='ocrx_word' id='word_1_754' title='bbox 3048 4923 3242 4977; x_wconf 85' lang='lat' dir='ltr'>Asane</span> <span class='ocrx_word' id='word_1_755' title='bbox 3294 4936 3406 4975; x_wconf 91' lang='lat' dir='ltr'>non</span> <span class='ocrx_word' id='word_1_756' title='bbox 3453 4911 3613 4971; x_wconf 87' lang='lat' dir='ltr'>semel</span> 
     </span>
    </p>
   </div>
   <div class='ocr_carea' id='block_1_108' title="bbox 2174 4994 3752 5091">
    <p class='ocr_par' dir='ltr' id='par_1_108' title="bbox 2174 4994 3752 5091">
     <span class='ocr_line' id='line_1_109' title="bbox 2174 4994 3752 5091; baseline -0.016 -17"><span class='ocrx_word' id='word_1_757' title='bbox 2174 4994 2372 5088; x_wconf 78' lang='lat' dir='ltr'>copias</span> <span class='ocrx_word' id='word_1_758' title='bbox 2414 4994 2695 5069; x_wconf 70' lang='lat' dir='ltr'>Romanis</span> <span class='ocrx_word' id='word_1_759' title='bbox 2748 5015 3098 5084; x_wconf 83' lang='lat' dir='ltr'>Opponente.</span> <span class='ocrx_word' id='word_1_760' title='bbox 3131 5009 3246 5065; x_wconf 91' lang='lat' dir='ltr'>Sed</span> <span class='ocrx_word' id='word_1_761' title='bbox 3297 5013 3354 5064; x_wconf 89' lang='lat' dir='ltr'>et</span> <span class='ocrx_word' id='word_1_762' title='bbox 3398 5006 3524 5062; x_wconf 86' lang='lat' dir='ltr'>item</span> <span class='ocrx_word' id='word_1_763' title='bbox 3565 4994 3752 5091; x_wconf 74' lang='lat' dir='ltr'>contigit</span> 
     </span>
    </p>
   </div>
   <div class='ocr_carea' id='block_1_109' title="bbox 2176 5084 3751 5182">
    <p class='ocr_par' dir='ltr' id='par_1_109' title="bbox 2176 5084 3751 5182">
     <span class='ocr_line' id='line_1_110' title="bbox 2176 5084 3751 5182; baseline -0.012 -21"><span class='ocrx_word' id='word_1_764' title='bbox 2176 5084 2382 5178; x_wconf 73' lang='lat' dir='ltr'>parum</span> <span class='ocrx_word' id='word_1_765' title='bbox 2415 5108 2649 5176; x_wconf 88' lang='lat' dir='ltr'>gratum</span> <span class='ocrx_word' id='word_1_766' title='bbox 2673 5101 2798 5157; x_wconf 88' lang='lat' dir='ltr'>suis</span> <span class='ocrx_word' id='word_1_767' title='bbox 2826 5101 3018 5172; x_wconf 89' lang='lat' dir='ltr'>ipsum</span> <span class='ocrx_word' id='word_1_768' title='bbox 3041 5101 3281 5156; x_wconf 89' lang='lat' dir='ltr'>evadere</span> <span class='ocrx_word' id='word_1_769' title='bbox 3311 5093 3578 5168; x_wconf 87' lang='lat' dir='ltr'>Bulgaris,</span> <span class='ocrx_word' id='word_1_770' title='bbox 3596 5084 3751 5182; x_wconf 58' lang='lat' dir='ltr'>multis</span> 
     </span>
    </p>
   </div>
   <div class='ocr_carea' id='block_1_110' title="bbox 2175 5179 3748 5274">
    <p class='ocr_par' dir='ltr' id='par_1_110' title="bbox 2175 5179 3748 5274">
     <span class='ocr_line' id='line_1_111' title="bbox 2175 5179 3748 5274; baseline -0.008 -23"><span class='ocrx_word' id='word_1_771' title='bbox 2175 5202 2233 5251; x_wconf 91' lang='lat' dir='ltr'>et</span> <span class='ocrx_word' id='word_1_772' title='bbox 2266 5191 2576 5264; x_wconf 68' lang='lat' dir='ltr'>przecipuis</span> <span class='ocrx_word' id='word_1_773' title='bbox 2607 5191 2872 5264; x_wconf 87' lang='lat' dir='ltr'>ipsorum</span> <span class='ocrx_word' id='word_1_774' title='bbox 2901 5191 2952 5246; x_wconf 93' lang='lat' dir='ltr'>ei</span> <span class='ocrx_word' id='word_1_775' title='bbox 2980 5190 3236 5261; x_wconf 86' lang='lat' dir='ltr'>graviter</span> <span class='ocrx_word' id='word_1_776' title='bbox 3265 5185 3494 5243; x_wconf 81' lang='lat' dir='ltr'>oll‘ensis</span> <span class='ocrx_word' id='word_1_777' title='bbox 3533 5179 3748 5274; x_wconf 35' lang='lat' dir='ltr'>infensi?</span> 
     </span>
    </p>
   </div>
   <div class='ocr_carea' id='block_1_111' title="bbox 2178 5263 3751 5364">
    <p class='ocr_par' dir='ltr' id='par_1_111' title="bbox 2178 5263 3751 5364">
     <span class='ocr_line' id='line_1_112' title="bbox 2178 5263 3751 5364; baseline -0.007 -25"><span class='ocrx_word' id='word_1_778' title='bbox 2178 5301 2312 5357; x_wconf 90' lang='lat' dir='ltr'>que.</span> <span class='ocrx_word' id='word_1_779' title='bbox 2339 5263 2504 5338; x_wconf 85' lang='lat' dir='ltr'>Unde</span> <span class='ocrx_word' id='word_1_780' title='bbox 2525 5282 2574 5337; x_wconf 93' lang='lat' dir='ltr'>is</span> <span class='ocrx_word' id='word_1_781' title='bbox 2594 5263 2653 5335; x_wconf 87' lang='lat' dir='ltr'>in</span> <span class='ocrx_word' id='word_1_782' title='bbox 2676 5279 3149 5352; x_wconf 89' lang='lat' dir='ltr'>perturbationes</span> <span class='ocrx_word' id='word_1_783' title='bbox 3181 5277 3341 5333; x_wconf 89' lang='lat' dir='ltr'>haud</span> <span class='ocrx_word' id='word_1_784' title='bbox 3364 5288 3559 5364; x_wconf 72' lang='lat' dir='ltr'>parvas</span> <span class='ocrx_word' id='word_1_785' title='bbox 3577 5263 3751 5364; x_wconf 43' lang='lat' dir='ltr'>incidi},</span> 
     </span>
    </p>
   </div>
   <div class='ocr_carea' id='block_1_112' title="bbox 2178 5347 3752 5456">
    <p class='ocr_par' dir='ltr' id='par_1_112' title="bbox 2178 5347 3752 5456">
     <span class='ocr_line' id='line_1_113' title="bbox 2178 5347 3752 5456; baseline -0.01 -28"><span class='ocrx_word' id='word_1_786' title='bbox 2178 5347 2543 5446; x_wconf 79' lang='lat' dir='ltr'>proceribus,</span> <span class='ocrx_word' id='word_1_787' title='bbox 2574 5387 2721 5441; x_wconf 91' lang='lat' dir='ltr'>quos</span> <span class='ocrx_word' id='word_1_788' title='bbox 2763 5370 2836 5425; x_wconf 92' lang='lat' dir='ltr'>ab</span> <span class='ocrx_word' id='word_1_789' title='bbox 2867 5385 2934 5424; x_wconf 93' lang='lat' dir='ltr'>eo</span> <span class='ocrx_word' id='word_1_790' title='bbox 2968 5367 3316 5424; x_wconf 88' lang='lat' dir='ltr'>alienaverat</span> <span class='ocrx_word' id='word_1_791' title='bbox 3369 5347 3752 5456; x_wconf 25' lang='lat' dir='ltr'>invidianinncb&#39;</span> 
     </span>
    </p>
   </div>
   <div class='ocr_carea' id='block_1_113' title="bbox 2179 5446 3750 5540">
    <p class='ocr_par' dir='ltr' id='par_1_113' title="bbox 2179 5446 3750 5540">
     <span class='ocr_line' id='line_1_114' title="bbox 2179 5446 3750 5540; baseline -0.013 -21"><span class='ocrx_word' id='word_1_792' title='bbox 2179 5462 2459 5518; x_wconf 88' lang='lat' dir='ltr'>nantibus</span> <span class='ocrx_word' id='word_1_793' title='bbox 2492 5460 2561 5516; x_wconf 85' lang='lat' dir='ltr'>ad</span> <span class='ocrx_word' id='word_1_794' title='bbox 2595 5459 3068 5525; x_wconf 89' lang='lat' dir='ltr'>Constantinum,</span> <span class='ocrx_word' id='word_1_795' title='bbox 3101 5455 3412 5511; x_wconf 89' lang='lat' dir='ltr'>dimidium</span> <span class='ocrx_word' id='word_1_796' title='bbox 3441 5446 3641 5523; x_wconf 86' lang='lat' dir='ltr'>generis</span> <span class='ocrx_word' id='word_1_797' title='bbox 3659 5446 3750 5540; x_wconf 41' lang='lat' dir='ltr'>iras</span> 
     </span>
    </p>
   </div>
   <div class='ocr_carea' id='block_1_114' title="bbox 2177 5539 3748 5617">
    <p class='ocr_par' dir='ltr' id='par_1_114' title="bbox 2177 5539 3748 5617">
     <span class='ocr_line' id='line_1_115' title="bbox 2177 5539 3748 5617; baseline -0.016 -11"><span class='ocrx_word' id='word_1_798' title='bbox 2177 5551 2416 5607; x_wconf 90' lang='lat' dir='ltr'>bentem</span> <span class='ocrx_word' id='word_1_799' title='bbox 2440 5566 2509 5604; x_wconf 81' lang='lat' dir='ltr'>ex</span> <span class='ocrx_word' id='word_1_800' title='bbox 2527 5548 2755 5617; x_wconf 71' lang='lat' dir='ltr'>Serbis;</span> <span class='ocrx_word' id='word_1_801' title='bbox 2781 5547 2874 5604; x_wconf 91' lang='lat' dir='ltr'>cui</span> <span class='ocrx_word' id='word_1_802' title='bbox 2907 5546 3069 5604; x_wconf 92' lang='lat' dir='ltr'>nulla</span> <span class='ocrx_word' id='word_1_803' title='bbox 3098 5561 3234 5600; x_wconf 87' lang='lat' dir='ltr'>cum</span> <span class='ocrx_word' id='word_1_804' title='bbox 3265 5546 3449 5599; x_wconf 84' lang='lat' dir='ltr'>Asane</span> <span class='ocrx_word' id='word_1_805' title='bbox 3477 5539 3748 5617; x_wconf 68' lang='lat' dir='ltr'>cognatione</span> 
     </span>
    </p>
   </div>
   <div class='ocr_carea' id='block_1_115' title="bbox 2174 5615 3752 5715">
    <p class='ocr_par' dir='ltr' id='par_1_115' title="bbox 2174 5615 3752 5715">
     <span class='ocr_line' id='line_1_116' title="bbox 2174 5615 3752 5715; baseline -0.015 -17"><span class='ocrx_word' id='word_1_806' title='bbox 2174 5643 2382 5715; x_wconf 89' lang='lat' dir='ltr'>juncto</span> <span class='ocrx_word' id='word_1_807' title='bbox 2416 5643 2703 5712; x_wconf 88' lang='lat' dir='ltr'>quantum</span> <span class='ocrx_word' id='word_1_808' title='bbox 2735 5615 2808 5696; x_wconf 86' lang='lat' dir='ltr'>ad</span> <span class='ocrx_word' id='word_1_809' title='bbox 2839 5637 3182 5711; x_wconf 75' lang='lat' dir='ltr'>suffragium</span> <span class='ocrx_word' id='word_1_810' title='bbox 3241 5631 3583 5708; x_wconf 82' lang='lat' dir='ltr'>principatus</span> <span class='ocrx_word' id='word_1_811' title='bbox 3605 5615 3752 5679; x_wconf 69' lang='lat' dir='ltr'>demi</span> 
     </span>
    </p>
   </div>
  </div>
