3912 6192
192 348 275 402 801
1210 341 1301 393 DE
1340 339 1712 394 MlCHAELE
1752 336 2199 393 PALEOLOGO
2232 339 2366 393 LIB.
2408 341 2475 392 V.

3445 357 3553 411 802

193 468 305 522 ἱέναι
356 459 745 540 στρατεύμασι,
804 454 1079 514 συνέϐαινε
1154 457 1211 513 δὲ
1268 456 1627 535 προσκρούειν
1698 456 1786 511 καὶ
1822 462 1871 526 Α
1903 462 2179 528 περιποιεῖ
2206 464 2324 520 τοῖς
2373 447 2696 532 Ῥωμαίοις,
2750 463 2839 516 τὸν
2902 458 2962 518 δέ’
2988 487 3047 540 γε
3078 468 3301 539 Μυτζῆν
3334 470 3423 529 διὰ
3450 483 3550 531 τοῦ

191 552 392 614 πολλοῖς
456 553 561 621 ἅμα
624 548 713 603 καὶ
768 551 1044 623 μεγιστᾶσι
1117 552 1224 601 τῶν
1308 544 1645 619 Βουλγάρων
1703 545 1793 599 καὶ

190 647 416 717 ταραχαῖς
440 640 496 694 ού
526 637 933 713 προσηκούσαις
966 636 1277 708 ἐμπίπτειν.
1328 638 1493 692 Ταῦτ’
1549 637 1651 707 ἄρα
1703 635 1789 688 καὶ

188 733 337 803 τούτῳ
406 726 846 805 διαφθονούμενοι
923 727 1059 799 πρὸς
1126 726 1216 779 τὸν
1278 730 1677 779 Κωνσταντῖνον
1738 723 1796 778 ἐκ

191 816 375 892 Σέρϐων
431 817 479 887 ἐξ
525 817 782 889 ἡμισείας
821 816 885 870 τὸ
934 815 1091 890 γένος
1138 812 1336 889 ἔχοντα
1384 813 1793 868 ἀποκλίνουσιν.

186 912 314 968 Ὀσιν
363 907 449 962 οὖν
502 905 741 960 ἐνέλιπεν
796 907 845 959 οἱ
895 905 1029 978 πρὸς
1061 906 1159 972 τὴν
1205 903 1383 977 ἀρχὴν
1439 904 1496 956 έκ
1536 903 1795 975 σφετέρου

187 999 366 1074 γένους,
424 992 587 1068 μηδὲν
644 999 724 1065 τῷ
784 993 942 1048 Ἀσάν
993 994 1309 1063 προσήκων,
1341 993 1441 1060 τὴν
1474 991 1678 1046 ἐκείνου
1709 990 1796 1045 ἐκ·

184 1087 324 1163 γόνην
372 1080 549 1140 λαϐὼν
610 1083 686 1146 εἰς
732 1088 955 1158 γυναῖκα
1002 1086 1100 1136 τοῦ
1154 1083 1405 1139 Ἰωάννου
1456 1083 1797 1154 πέμψαντος,

184 1176 251 1231 ἐπ’
278 1175 395 1229 ἴσων
422 1175 536 1248 εἶχε
560 1173 622 1227 τὸ
652 1173 789 1247 πρὸς
819 1173 917 1239 τὴν
950 1176 1046 1225 τοῦ
1076 1170 1231 1227 Ἀσάν
1276 1168 1556 1245 βασιλείαν
1585 1168 1794 1224 δίκαιον

184 1266 367 1337 Μυτζῇ·
418 1263 665 1322 κάκεῖνος
702 1262 795 1333 μὶν
822 1261 920 1328 τὴν
957 1258 1232 1334 Τέργονον
1284 1258 1422 1334 εἶχε,
1472 1260 1561 1313 καὶ
1602 1259 1668 1313 τά
1697 1265 1795 1327 τῆς

186 1352 427 1428 βασιλείας
474 1350 611 1421 κλέη
644 1349 929 1425 ἐπεφέρετο
973 1346 1422 1423 μεγαλοπρεπῶς·
1458 1350 1486 1402 6
1539 1348 1595 1403 δὲ
1646 1350 1795 1404 Μυτ-

185 1449 260 1513 ζῆς
283 1442 343 1497 τὰ
385 1440 574 1513 κύκλῳ
600 1443 940 1515 περικρατῶν
988 1447 1123 1493 ποτε
1167 1438 1261 1511 μὲν
1307 1439 1533 1511 ἠρκεῖτο
1583 1438 1797 1498 τούτοις

178 1531 250 1585 καὶ
298 1528 660 1603 καθησύχαζε,
719 1530 853 1583 ποτὲ
911 1524 957 1581 δ’
1012 1526 1164 1589 αὖθις
1223 1526 1314 1581 καὶ
1374 1525 1795 1605 ἀντεφιλονείκει

178 1621 290 1695 πρὸς
342 1623 765 1689 Κωνσταντῖνον,
808 1618 867 1671 ’ὸν
900 1616 988 1671 καί
1037 1637 1171 1671 ποτε
1217 1613 1431 1669 διώκων
1486 1615 1800 1671 ἀπέκλεισεν

179 1709 238 1771 εἷς
287 1709 626 1783 Σθενίμαχον
683 1707 955 1781 ἡμέτερον
1015 1702 1095 1761 ὄν.
1155 1704 1259 1762 Καὶ
1318 1704 1363 1758 εἰ
1427 1706 1502 1778 μή
1532 1711 1650 1767 ταῖς
1688 1710 1795 1760 τῶν

177 1796 428 1870 Ῥωμαίων
489 1794 783 1869 δυνάμεσιν
833 1793 1107 1869 ἐχρήσατο
1152 1794 1290 1869 πρὸς
1342 1794 1620 1867 βοήθειαν,
1674 1794 1801 1868 τάχ’

178 1884 227 1940 ἂν
276 1886 356 1941 καὶ
411 1884 584 1947 ἁλοὺς
640 1882 925 1939 ἀπώλετο.
988 1879 1145 1940 Ἀλλ’
1204 1884 1239 1951 ἡ
1298 1882 1442 1957 τύχη
1505 1881 1653 1957 ῥέπει
1706 1888 1804 1945 τας

172 1977 503 2050 πλάστιγγας,
559 1974 645 2028 καὶ
708 1970 1046 2045 δυναμωθεῖς
1105 1970 1256 2035 αὖθις
1318 1972 1344 2025 6
1406 1974 1803 2033 Κωνσταντῖνος

171 2066 244 2119 τὸν
291 2070 511 2133 Μυτζῆν
566 2060 751 2117 διώκει
813 2060 1276 2138 θαρραλεώτερον.
1335 2061 1392 2113 Ὀ
1443 2057 1500 2113 δὲ
1551 2062 1663 2133 ἅμα
1708 2060 1799 2114 τέ-

172 2175 298 2215 κνοις
323 2148 655 2209 καταλαϐὼν
710 2152 810 2219 τὴν
871 2144 1272 2224 Μεσέμϐρειαν,
1321 2148 1522 2204 ἐκεῖθεν
1574 2149 1799 2205 ἱκετεύει

173 2245 239 2317 [Ρ.
265 2246 380 2317 239]
408 2244 513 2297 τὸν
544 2242 772 2318 βασιλέα
803 2238 1054 2315 δέχεσθαι
1082 2244 1275 2295 τοῦτον
1320 2240 1410 2294 καὶ
1457 2238 1628 2313 λύτρα
1659 2240 1803 2313 λαμ-

173 2328 325 2387 ϐάνειν
350 2334 447 2401 τήν
473 2331 667 2386 πόλιν.
716 2329 947 2385 Στέλλει
997 2334 1127 2405 γοῦν
1178 2331 1205 2383 6
1261 2328 1515 2405 βασιλεὺς
1549 2329 1600 2400 ἐξ
1631 2331 1801 2399 αὐτῆς

172 2423 247 2479 τὸν
273 2419 473 2478 Γλαϐἆν
517 2419 936 2497 κουροπαλάτην
987 2420 1077 2474 καὶ
1115 2420 1280 2494 μέγαν
1337 2420 1538 2474 παπίαν
1586 2419 1801 2474 ἐσύστε-

174 2533 271 2586 ρον,
340 2513 426 2568 καὶ
489 2511 558 2573 ὃς
642 2508 837 2571 ἄλλοις
892 2507 1102 2582 σύναμα
1164 2509 1299 2581 μετά
1354 2509 1445 2563 καὶ
1502 2507 1801 2585 αύτάρκους

174 2607 394 2678 στρατοῦ,
436 2595 773 2657 καταλαϐὼν
815 2600 915 2668 τήν
970 2593 1373 2674 Μεσέμϐρειαν,
1431 2596 1642 2669 ἐκείνην
1706 2600 1803 2672 μὶν

178 2838 233 2878 ex
259 2838 481 2895 genere,
526 2819 819 2893 supplevit
850 2818 1125 2886 affinitas,
1163 2834 1289 2889 quae
1320 2818 1487 2873 illum
1539 2819 1714 2874 ducta
1745 2818 1804 2874 in

178 2927 390 2968 uxorem
411 2912 500 2967 Ire
513 2926 584 2965 ne
602 2910 725 2965 ﬁlia
748 2909 1039 2965 Theodori
1060 2915 1114 2964 et
1132 2907 1345 2964 Asanis
1385 2911 1573 2977 nepte,
1595 2925 1623 2961 a
1644 2912 1808 2979 patre

175 2999 433 3056 Theodori
464 3002 705 3056 Joanne
734 3001 997 3071 Augusto
1031 2997 1087 3051 in
1112 2996 1443 3066 Bulgariam
1468 2997 1533 3049 ad
1558 2996 1665 3050 has
1700 3013 1808 3049 nu-

172 3090 305 3159 ptias
329 3089 541 3155 missa,
574 3088 633 3142 in
667 3087 790 3159 pari
812 3086 1096 3158 jamjuris
1129 3088 1194 3139 ad
1226 3085 1442 3139 Asanis
1477 3084 1807 3139 successio-

174 3194 287 3233 nem
305 3180 484 3251 gradu
516 3194 649 3232 cum
693 3177 877 3248 Mytze
909 3174 1233 3230 constituit.
1278 3178 1341 3229 Et
1384 3174 1808 3229 Constantinus

174 3269 388 3339 quidem
423 3267 641 3323 urbem
677 3266 967 3337 Butgariae
998 3263 1214 3336 regiam
1244 3264 1548 3318 Tenobum
1581 3268 1809 3329 tenens,

173 3358 368 3412 caeteris
412 3358 597 3413 etiam
632 3356 858 3411 cunctis
890 3355 1017 3425 ejus
1049 3351 1409 3423 principatus
1442 3358 1685 3407 ornatus
1715 3350 1809 3405 in-

166 3446 442 3518 signibus,
466 3462 581 3519 pro
604 3444 761 3499 haud
781 3442 958 3498 dubio
978 3441 1365 3514 Bulgarorum
1400 3457 1531 3513 rege
1563 3457 1692 3496 sese
1717 3457 1811 3511 pa-

170 3533 269 3589 lam
288 3535 605 3607 magnifice
626 3534 944 3588 ferebat.At
957 3532 1170 3603 Mytzes
1183 3530 1537 3585 circumsitis
1558 3530 1811 3599 regioni-

178 3622 275 3679 bus
296 3624 651 3696 imperitans
675 3622 968 3676 interdum
994 3620 1229 3690 quidem
1256 3618 1350 3673 his
1380 3624 1692 3673 contentus
1715 3634 1809 3673 ac-

177 3714 532 3784 quiescebat,
568 3712 865 3768 interdum
903 3711 1057 3766 350
1091 3709 1480 3765 contendebat
1501 3725 1632 3763 cum
1666 3708 1811 3762 Con-

178 3804 532 3871 stantino,ac
566 3802 679 3857 fuit
709 3817 840 3856 cum
876 3816 1010 3855 eum
1048 3798 1198 3854 bello
1232 3814 1590 3870 persequens
1619 3796 1811 3852 inclu-

172 3893 288 3949 dere
306 3910 433 3949 sese
457 3894 703 3963 cogeret
728 3890 786 3944 in
824 3904 1015 3944 arcem
1044 3889 1375 3958 quamdam
1414 3892 1674 3941 nostram
1718 3885 1810 3940 cui

170 3978 657 4037 Sthenimacbum
682 3994 894 4033 nomen
909 3980 1017 4047 est,
1037 3975 1137 4030 ubi
1155 3974 1474 4047 quominus
1506 3978 1815 4045 caperetur

166 4074 214 4123 et
240 4070 471 4141 periret,
503 4070 838 4140 opportune
870 4064 1114 4121 allatum
1139 4063 1469 4119 aRomanis
1504 4063 1688 4134 COpiiS
1710 4080 1810 4116 au-

167 4157 355 4215 xilium
392 4157 733 4232 prohibuit.
766 4156 873 4211 Sed
913 4155 1147 4210 fortuna
1196 4153 1409 4208 deinde
1457 4152 1611 4206 vices
1641 4152 1813 4207 alter-

171 4255 328 4304 nante
357 4262 785 4315 successuum,
814 4253 1019 4300 auctus
1062 4259 1268 4298 rursus
1303 4242 1484 4297 animi
1507 4246 1563 4296 et
1593 4242 1814 4297 viribus

169 4336 593 4395 Constantinus
626 4340 787 4391 tanto
819 4340 1056 4406 tamque
1091 4332 1283 4387 valido
1312 4332 1530 4402 impetu
1554 4331 1816 4386 incubuit

166 4424 214 4481 in
266 4433 528 4501 Mytzen,
563 4431 631 4481 ut
667 4425 760 4480 his
800 4424 994 4495 impar
1040 4421 1366 4477 resistendo
1396 4421 1816 4476 Mesembream

1905 544 2084 618 Α’ίμου
2142 551 2280 620 πεζῇ
2338 546 2455 621 ἄγει
2513 550 2648 622 πρὸς
2711 551 2957 624 βασιλέα.
2990 557 3095 609 Τὸν
3127 555 3181 611 δὲ
3209 562 3298 613 καὶ
3333 560 3551 638 δέχεται

1903 635 2163 713 πρόφρων
2192 637 2280 689 καὶ
2313 643 2619 712 παρηγορεῖ
2666 639 2929 711 εὐμενῶς,
2961 646 3045 697 καὶ
3100 648 3236 719 πρὸς
3286 654 3364 719 τῷ
3417 635 3551 705 Σκα.

1907 724 2128 802 μάνὸρῳ
2156 728 2529 803 ἀποχρώντως
2561 735 3083 805 προμηθευσάμενος
3121 735 3292 792 ἐκεῖσέ
3322 761 3426 793 που
3461 742 3553 795 σὺν

1903 823 2020 878 τοῖς
2048 818 2256 879 τέκνοις
2286 826 2633 889 κατασκηνοῖ,
2669 826 2937 892 συνθήκας
2965 826 3100 899 πρὸς
3130 826 3287 881 αὐτὸν
3319 831 3555 899 ποιησά-

1909 927 2067 978 μενος
2098 906 2235 962 ὥστε
2264 910 2353 963 καὶ
2384 911 2474 964 τὸν
2504 911 2807 981 πρώτιστον
2838 913 2952 967 υἱὸν
2986 914 3239 986 Ἰωάννην
3273 920 3552 994 συναρμὸο

1908 1017 1993 1050 σαι
2025 1001 2093 1070 τῇ
2127 998 2372 1072 Θυγατρί.

1908 1096 1966 1162 ζ’.
2001 1096 2081 1151 Τὰ
2110 1097 2231 1168 περὶ
2283 1097 2345 1150 τὸ
2396 1095 2725 1176 Δυρᾷάχιον,
2777 1100 2863 1153 καὶ
2911 1106 3005 1154 τοῦ
3049 1108 3275 1176 σεισμοῦ
3322 1110 3417 1159 τοῦ
3448 1107 3558 1162 ἐκεῖ

2532 1168 2922 1243 ἐνσκήψαντος,

1978 1254 2158 1311 Ἀλλὰ
2211 1260 2278 1329 τῇ
2342 1257 2437 1329 μὲν
2488 1258 2769 1333 πρωτίστη·⁸
2822 1264 2929 1313 τῶν
2992 1264 3299 1337 θυγατέροιν
3352 1264 3559 1340 Εἰρήνῃ

1906 1344 2048 1399 οὕτω
2103 1346 2361 1417 προύνύει
2408 1353 2514 1401 τῶν
2567 1349 2779 1421 γάμων,
2808 1350 2906 1417 τὴν
2953 1347 3008 1404 δέ
3039 1373 3100 1425 γε
3151 1350 3398 1427 δευτέραν
3428 1358 3560 1408 ’Ἅν-

1905 1456 1997 1488 ναν
2029 1435 2218 1508 ᾑρεῖτο
2249 1439 2482 1509 πέμπειν
2513 1442 2589 1509 τῷ
2638 1440 2740 1510 υἱῴ
2791 1438 3110 1512 Μηλωτίνῳ
3167 1444 3217 1512 (6
3260 1443 3359 1516 γὰρ
3406 1446 3561 1517 ὁμω-

1906 1529 2093 1596 νυμῶν
2120 1530 2201 1597 τῷ
2252 1528 2411 1601 πατρὶ
2466 1529 2558 1581 καί
2602 1533 2819 1601 πρῶτος
2861 1534 2941 1600 τῷ
2994 1529 3122 1605 ῥηγὶ
3172 1532 3436 1595 Παιονίας
3486 1535 3562 1595 εἷς

1907 1616 2169 1690 θυγατέρα
2195 1611 2596 1691 γεγάμϐρευτο)
2649 1617 2723 1679 εἰς
2773 1622 2949 1692 γάμον
3003 1622 3311 1678 συνάπτειν.
3362 1624 3459 1677 Καὶ
3494 1621 3562 1691 δὴ

1906 1709 2015 1759 τῶν
2047 1706 2184 1781 πρὸς
2217 1704 2504 1777 ἀλλήλους
2535 1709 2823 1762 συνθεσιῶν
2874 1707 3091 1764 στέλλει
3128 1712 3223 1783 μὲν
3275 1712 3351 1775 εἰς
3400 1734 3563 1787 πρεσ-

1911 1789 2056 1848 ϐείαν
2101 1796 2193 1849 τὸν
2243 1794 2532 1871 ἱεράρχην,
2593 1797 2956 1868 συνεκπέμπει
3008 1796 3065 1852 δὲ
3110 1801 3195 1853 καὶ
3238 1802 3337 1869 τήν
3392 1804 3560 1875 κόρην

1913 1884 2016 1939 ὑπὸ
2077 1886 2334 1959 θεραπείᾳ
2390 1886 2610 1961 μεγίστῃ
2674 1886 2979 1960 βασιλικῆ.
3045 1888 3140 1944 Καί
3210 1910 3273 1963 γε
3326 1889 3563 1945 καταλα-

1912 1970 2069 2029 ϐοῦσι
2116 1976 2215 2043 τὴν
2267 1974 2534 2051 Βάρῥοιαν
2579 1975 2727 2053 σφίσι
2775 1978 2842 2030 τὰ
2870 1983 2969 2046 τῆς
3026 1975 3234 2047 ϐουλῆς
3266 1974 3391 2049 ἔστη
3415 2001 3560 2053 πεμ-

1913 2067 2109 2138 φθῆναι
2138 2065 2275 2140 πρὸς
2313 2066 2405 2119 τὸν
2455 2061 2679 2139 Οὔρεσιν
2735 2066 3000 2143 Στέφανον
3034 2068 3123 2121 τὸν
3171 2067 3565 2146 χαρτοιρύλακα

1913 2152 2140 2223 Βέκκον,
2187 2156 2300 2226 ἁμα
2326 2151 2384 2208 δὲ
2413 2153 2505 2207 σὺν
2558 2154 2750 2227 ἐκείνῳ
2796 2158 2887 2209 καί
2935 2157 3024 2211 τὸν
3076 2156 3564 2232 Τραϊανουπόλεως

1912 2240 2332 2315 Κουδουμηνήν.
2388 2246 2490 2299 Ἦν
2542 2241 2599 2298 δὲ
2649 2244 2739 2299 καὶ
2772 2245 2905 2319 πρὸς
2955 2252 3055 2315 τῆς
3104 2243 3395 2320 δεσποίνης
3427 2248 3570 2304 ἐντε-

1910 2332 2178 2407 ταγμένον
2252 2334 2328 2405 τῷ
2383 2331 2765 2410 χαρτοιρύλακι
2833 2335 2992 2389 αὐτὸν
3048 2336 3412 2410 προαπελθεῖν
3474 2338 3565 2393 καὶ

1912 2422 2177 2497 γνωρίσαι
2235 2424 2303 2477 τὰ
2358 2424 2492 2477 κατά
2547 2423 2674 2487 τοὺς
2733 2420 2970 2498 Σέρϐους
3018 2428 3360 2501 τρανότερον,
3411 2427 3565 2489 ὅπως

1918 2513 2012 2585 μὲν
2044 2512 2218 2589 σφίσιν
2248 2511 2387 2567 ἐστὶν
2422 2515 2455 2581 ἡ
2490 2510 2689 2582 δίαιτα,
2721 2512 2870 2575 ὅπως
2917 2513 2974 2568 δῖε
3003 2517 3038 2584 ἡ
3088 2517 3234 2588 τάξις
3275 2524 3375 2586 τῆς
3424 2516 3568 2572 ἐκεί·

1913 2622 2019 2655 νων
2047 2601 2226 2677 ἀρχῆς
2258 2599 2575 2657 διιθύνεταιο
2630 2602 2802 2673 ἐκείνη
2853 2604 2953 2680 γάρ
3000 2604 3091 2660 καὶ
3150 2605 3407 2680 μεγίστην
3466 2609 3566 2677 τὴν

1920 2838 2053 2876 cum
2088 2821 2441 2893 imperatore
2473 2823 2639 2892 inito,
2674 2840 2789 2894 quo
2825 2822 2977 2877 inter
3008 2823 3167 2892 ipsos
3200 2830 3408 2881 mutuo
3430 2844 3567 2883 con-

1916 2910 2077 2966 venit
2124 2916 2188 2965 ut
2244 2915 2440 2983 Mytzaa
2492 2912 2886 2983 primogenito
2933 2912 3147 2966 Joanni
3179 2912 3569 2986 primogenita

1918 2999 2059 3054 item
2094 2999 2467 3071 imperatoris
2500 2998 2617 3054 lilia
2648 3000 3131 3070 desponderetur.

1917 3107 1971 3160 6.
2001 3112 2078 3161 De
2105 3106 2308 3175 [uadere
2338 3105 2686 3179 imperatoris
2727 3122 2853 3179 cum
2884 3105 3085 3170 Serbis,
3132 3105 3306 3179 deque
3348 3112 3563 3179 pro/"ec-

2097 3180 2245 3233 lione
2272 3178 2609 3248 patriarcha
2639 3176 2701 3232 in
2729 3176 2980 3232 Serbz'am
3009 3194 3075 3232 ea
3106 3178 3170 3233 de
3190 3176 3384 3234 causa.

1991 3267 2083 3321 Sic
2118 3267 2300 3321 lrenae
2346 3268 2598 3321 maxime
2649 3273 2921 3320 natarum
2972 3267 3223 3337 Augusti
3266 3267 3566 3339 provisum

1920 3356 2259 3428 coniugium
2295 3361 2403 3411 est.
2440 3355 2525 3409 Ab
2558 3356 2665 3410 hac
2698 3373 2833 3410 vero
2864 3357 3186 3411 secundam
3220 3360 3445 3412 Annam
3470 3359 3570 3412 de-

1920 3445 2101 3501 crevit
2136 3454 2298 3517 pater
2332 3445 2562 3500 mittere
2595 3445 2663 3498 ad
2709 3444 2918 3498 cralem
2957 3445 3175 3500 Serbize
3202 3446 3569 3517 Stephanum

1920 3535 2165 3601 Uresim,
2191 3534 2447 3589 secundo
2468 3534 2595 3603 ejus
2616 3532 2733 3587 filio
2752 3532 3024 3588 Melotino
3049 3537 3364 3604 nupturam
3394 3550 3406 3586 :
3432 3550 3568 3589 nam

1923 3624 2351 3696 primogenitus
2385 3622 2533 3695 patri
2556 3623 3075 3692 cognonomisjam
3121 3637 3357 3677 uxorem
3390 3621 3569 3677 habe-

1921 3714 2019 3768 bat
2052 3713 2205 3784 regis
2244 3712 2555 3769 Pannoniae
2615 3711 2817 3765 filiam.
2878 3712 3021 3767 351
3094 3712 3237 3765 Cum
3282 3711 3463 3783 igitur
3498 3712 3569 3767 de

1922 3802 2196 3858 omnibus
2228 3807 2362 3856 ante
2400 3806 2749 3856 conventum
2781 3804 2956 3867 esset,
3008 3800 3079 3853 ad
3139 3799 3565 3856 exsecutionem

1922 3896 2224 3961 pactorum
2259 3890 2441 3944 mittit
2471 3890 2792 3960 imperator
2841 3888 3094 3958 legatum
3150 3888 3547 3959 patriarcham

1923 3985 1979 4036 et
2009 3996 2140 4034 cum
2174 3996 2238 4034 eo
2269 3996 2546 4051 sponsam
2577 3978 2859 4050 virginem
2896 3977 3052 4049 regio
3098 3978 3408 4049 magnifico
3460 3979 3569 4031 sti-

1923 4076 2119 4142 patam
2154 4068 2455 4122 comitatu.
2492 4067 2589 4121 llis
2618 4068 2795 4122 simul
2829 4065 3060 4121 cunctis
3094 4065 3194 4120 ubi
3228 4065 3564 4121 Berrhceam

1924 4166 2331 4232 pervenerunt,
2376 4156 2646 4228 expedire
2679 4155 3075 4210 communiter
3106 4153 3267 4208 visus
3299 4158 3388 4209 est
3416 4171 3563 4225 prae-

1924 4248 2242 4303 mittendos
2265 4245 2336 4299 ad
2367 4245 2727 4315 Stephanum
2778 4243 3003 4299 Uresim
3058 4242 3569 4315 chartophylacem

1921 4341 2171 4392 Veccum
2206 4341 2262 4391 et
2291 4350 2424 4389 cum
2467 4350 2533 4389 eo
2583 4331 3038 4402 Traianapoleos
3081 4331 3419 4403 episcopum
3452 4331 3566 4387 Cu-

1923 4428 2235 4481 dumenen.
2280 4425 2490 4479 Fuerat
2534 4428 2726 4477 autem
2774 4423 2845 4475 ab
2891 4426 3155 4491 Augusta
3199 4419 3572 4491 peculiariter

164 4529 281 4571 cum
311 4517 529 4573 liberis
560 4514 928 4585 confugiens,
960 4511 1096 4567 inde
1140 4509 1346 4580 legatis
1394 4510 1461 4564 ad
1500 4510 1811 4580 imperato-
1847 4508 1888 4571 D
1923 4515 2399 4571 commendatum
2433 4510 2865 4583 chartophylaci
2910 4515 2974 4565 ut
3007 4510 3360 4582 praecederet
3393 4526 3569 4580 εροη-

166 4619 275 4660 rem
305 4604 695 4679 supplicibus
730 4602 930 4657 missis
957 4605 1165 4672 pactus
1198 4615 1332 4653 cum
1356 4615 1422 4653 eo
1453 4598 1808 4653 deditionem

169 4694 236 4748 sit
276 4713 412 4751 cum
460 4694 561 4751 sui
607 4699 733 4748 tum
775 4692 902 4761 ejus
926 4690 1199 4757 civitatis,
1242 4704 1359 4760 qua
1388 4686 1444 4741 in
1477 4688 1567 4742 sui
1601 4688 1809 4743 servati

159 4784 399 4854 pretium
434 4785 702 4840 offerret.
731 4781 845 4838 Nec
870 4779 1155 4836 recusavit
1183 4778 1521 4848 imperator,
1554 4778 1650 4831 sed
1688 4783 1808 4832 sta-

158 4873 253 4929 tim
276 4873 540 4930 Glabam
565 4869 1094 4942 curopalatam,qui
1121 4872 1324 4939 postea
1345 4881 1588 4934 magnus
1608 4867 1810 4936 papias

159 4959 279 5028 fuit,
310 4979 453 5016 cum
491 4960 631 5016 aliis
662 4964 720 5014 et
750 4959 961 5012 idonea
1007 4972 1185 5011 manu
1238 4954 1489 5009 militum
1541 4952 1721 5008 misit.
1760 4954 1810 5008 Is

157 5048 459 5122 ingressus
485 5047 911 5105 Mesembream
936 5047 1064 5116 ejus
1090 5044 1196 5099 rite
1222 5042 1649 5115 possessionem
1680 5042 1814 5097 iniit

159 5135 377 5209 imperii
402 5136 667 5194 Romani
698 5135 963 5201 nomine;
1004 5137 1130 5188 tum
1150 5133 1398 5204 Mytzem
1426 5147 1527 5202 per
1546 5130 1809 5186 Haemum

153 5224 356 5283 itinere
386 5226 667 5284 terrestri
702 5223 973 5296 perduxit
1020 5222 1091 5278 ad
1138 5222 1566 5293 imperatorem,
1619 5220 1718 5290 qui
1760 5220 1811 5275 ei

157 5316 614 5386 perhumaniter
643 5318 882 5385 excepto
923 5314 1201 5382 omnique
1251 5308 1468 5365 amoris
1517 5309 1809 5380 significa-

149 5405 301 5463 tione
332 5410 609 5464 recreato
652 5404 862 5459 uberes
911 5402 1125 5456 fundos
1173 5400 1328 5470 apud
1389 5398 1810 5455 Scamandrum

149 5499 508 5571 assignavit,
539 5511 789 5567 quorum
823 5490 1004 5548 annui
1037 5495 1353 5563 proventus
1398 5489 1467 5542 ad
1500 5489 1725 5544 victum
1760 5490 1813 5544 ei

143 5585 505 5659 cultumque
539 5582 913 5657 splendidum
948 5582 1183 5637 abunde
1229 5578 1586 5634 sufficerent.
1624 5578 1727 5634 Ubi
1761 5587 1814 5634 et

140 5676 265 5746 ipse
289 5675 588 5745 deinceps
610 5688 745 5729 cum
771 5669 907 5727 ﬁliis
938 5670 1270 5728 diversatus
1310 5669 1421 5732 est,
1448 5670 1618 5737 pacto
1650 5668 1815 5739 prius

1920 4622 2068 4673 sam,
2102 4604 2372 4675 priorque
2404 4602 2462 4655 in
2493 4600 2753 4655 Serbiam
2789 4600 3108 4654 adveniens
3140 4599 3466 4669 exploraret
3495 4600 3568 4654 ad

1920 4692 2213 4764 liquidum
2247 4691 2539 4762 quodnam
2577 4690 2633 4743 id
2662 4692 2816 4743 esset
2856 4688 3162 4743 hominum
3196 4704 3404 4758 genus,
3440 4704 3566 4759 qua)

1917 4782 1997 4837 ibi
2034 4783 2217 4836 forma
2248 4780 2377 4835 vitae
2407 4779 2745 4849 cultusque,
2778 4794 2900 4848 quae
2935 4777 3085 4831 ratio
3116 4777 3568 4833 consuetudinis

1918 4871 2125 4940 civilis,
2156 4870 2290 4942 quis
2321 4870 2458 4924 ordo
2490 4868 2735 4939 publicae
2768 4867 2869 4933 rei,
2903 4884 2969 4921 ac
2994 4868 3091 4935 jus
3120 4883 3382 4938 ususque
3406 4867 3568 4938 prin-

1919 4960 2167 5031 cipatus.
2195 4959 2339 5013 Nam
2372 4974 2506 5013 cum
2540 4956 2636 5011 illa
2676 4955 3068 5027 proficiscenti
3130 4955 3263 5011 filiae
3316 4972 3571 5027 appara-

1918 5055 2044 5106 tum
2078 5055 2134 5104 et
2163 5065 2438 5120 pompam
2470 5064 2646 5119 quam
2707 5051 2980 5118 potuerat
3022 5045 3278 5101 maxime
3327 5046 3566 5121 regiam,

1920 5145 2140 5195 etcum
2174 5138 2366 5211 specie
2406 5155 2471 5192 ac
2514 5137 2697 5207 pretio
2744 5136 2814 5190 ad
2868 5135 3389 5206 magnificentiam,
3441 5138 3568 5188 tum

1919 5245 2057 5291 usu,
2101 5233 2158 5281 et
2211 5227 2378 5297 copia
2408 5228 2480 5282 ad
2512 5225 2816 5281 mollitiem
2866 5223 3223 5295 deliciasque
3262 5240 3569 5294 compara-

1920 5314 2398 5379 tam,ambitiose
2455 5314 2842 5378 attribuisset,
2898 5311 3169 5368 muliebri
3217 5311 3440 5367 scilicet
3469 5326 3570 5363 ουρ

1921 5405 2186 5460 riositate
2219 5420 2388 5459 nosse
2419 5403 2624 5458 avebat
2660 5402 2868 5472 ecquid
2923 5402 3088 5472 paria
3136 5400 3278 5467 illis,
3312 5403 3412 5453 aut
3452 5414 3570 5466 qua

1921 5494 2051 5550 istis
2080 5494 2452 5565 proportione
2483 5491 2917 5562 respondentia,
2953 5494 3246 5558 repertura
3280 5488 3433 5541 esset
3462 5501 3571 5539 sua

1922 5582 2062 5639 ﬁlia.
2099 5584 2176 5637 Ea
2220 5583 2290 5637 de
2345 5598 2523 5636 causa
2569 5583 2833 5651 jusserat
2876 5580 3129 5650 priorem
3182 5592 3248 5631 eo
3280 5571 3571 5647 proficisci

1920 5672 2201 5743 Veccum,
2232 5674 2289 5726 et
2318 5670 2431 5727 sibi
2464 5686 2565 5741 per
2593 5666 2831 5722 nuntios
2862 5665 3195 5737 significare
3239 5678 3371 5735 quae
3418 5678 3574 5718 com-
