  <div class='ocr_page' id='page_1' title='image "/cluster/home/n/w/nwhite01/storage/ocr_20150623/143/hvd.32044073502585/407.png"; bbox 0 0 4002 6198; ppageno 0'>
   <div class='ocr_carea' id='block_1_1' title="bbox 415 288 522 344">
    <p class='ocr_par' dir='ltr' id='par_1_1' title="bbox 415 288 522 344">
     <span class='ocr_line' id='line_1_1' title="bbox 415 288 522 344; baseline 0 0"><span class='ocrx_word' id='word_1_1' title='bbox 415 288 522 344; x_wconf 91' lang='lat'><strong>803</strong></span> 
     </span>
    </p>
   </div>
   <div class='ocr_carea' id='block_1_2' title="bbox 1716 272 3725 346">
    <p class='ocr_par' dir='ltr' id='par_1_2' title="bbox 1716 272 3725 346">
     <span class='ocr_line' id='line_1_2' title="bbox 1716 272 3725 346; baseline 0.001 -18"><span class='ocrx_word' id='word_1_2' title='bbox 1716 272 2020 330; x_wconf 79' lang='lat' dir='ltr'><strong>GEORGII</strong></span> <span class='ocrx_word' id='word_1_3' title='bbox 2057 273 2520 331; x_wconf 61' lang='lat' dir='ltr'><strong>mammam</strong></span> <span class='ocrx_word' id='word_1_4' title='bbox 3638 288 3725 346; x_wconf 66' lang='grc' dir='ltr'>θοι,</span> 
     </span>
    </p>
   </div>
   <div class='ocr_carea' id='block_1_3' title="bbox 416 391 3726 484">
    <p class='ocr_par' dir='ltr' id='par_1_3' title="bbox 416 391 3726 484">
     <span class='ocr_line' id='line_1_3' title="bbox 416 391 3726 484; baseline -0.002 -21"><span class='ocrx_word' id='word_1_5' title='bbox 416 407 700 483; x_wconf 81' lang='grc' dir='ltr'><strong>θεραπείαν</strong></span> <span class='ocrx_word' id='word_1_6' title='bbox 725 406 794 475; x_wconf 74' lang='grc' dir='ltr'>τῇ</span> <span class='ocrx_word' id='word_1_7' title='bbox 849 394 1075 475; x_wconf 88' lang='grc' dir='ltr'>θυγατρί</span> <span class='ocrx_word' id='word_1_8' title='bbox 1120 395 1532 471; x_wconf 85' lang='grc' dir='ltr'>προητοίμαζεν</span> <span class='ocrx_word' id='word_1_9' title='bbox 1583 393 1668 450; x_wconf 79' lang='grc' dir='ltr'><strong>ἐπὶ</strong></span> <span class='ocrx_word' id='word_1_10' title='bbox 1717 391 1892 468; x_wconf 80' lang='grc' dir='ltr'>χλιδῇ</span> <span class='ocrx_word' id='word_1_11' title='bbox 1923 414 2058 484; x_wconf 80' lang='grc' dir='ltr'>παν·</span> <span class='ocrx_word' id='word_1_12' title='bbox 2087 398 2140 465; x_wconf 76' lang='grc' dir='ltr'>Α</span> <span class='ocrx_word' id='word_1_13' title='bbox 2174 397 2250 468; x_wconf 81' lang='grc' dir='ltr'>μή</span> <span class='ocrx_word' id='word_1_14' title='bbox 2281 395 2371 451; x_wconf 82' lang='grc' dir='ltr'><strong>καὶ</strong></span> <span class='ocrx_word' id='word_1_15' title='bbox 2424 395 2624 451; x_wconf 70' lang='grc' dir='ltr'>ἰκτοῦ</span> <span class='ocrx_word' id='word_1_16' title='bbox 2671 395 3016 471; x_wconf 73' lang='grc' dir='ltr'>παραχρῆμα</span> <span class='ocrx_word' id='word_1_17' title='bbox 3066 395 3301 473; x_wconf 68' lang='grc' dir='ltr'>ὶνίδραις</span> <span class='ocrx_word' id='word_1_18' title='bbox 3327 397 3568 474; x_wconf 73' lang='grc' dir='ltr'><strong>χαλεπαῖς</strong></span> <span class='ocrx_word' id='word_1_19' title='bbox 3602 428 3726 484; x_wconf 71' lang='grc' dir='ltr'>περι.</span> 
     </span>
    </p>
   </div>
   <div class='ocr_carea' id='block_1_4' title="bbox 415 482 2062 569">
    <p class='ocr_par' dir='ltr' id='par_1_4' title="bbox 415 482 2062 569">
     <span class='ocr_line' id='line_1_4' title="bbox 415 482 2062 569; baseline -0.009 -17"><span class='ocrx_word' id='word_1_20' title='bbox 415 482 534 567; x_wconf 79' lang='grc' dir='ltr'>τοίᾳ</span> <span class='ocrx_word' id='word_1_21' title='bbox 569 493 850 569; x_wconf 78' lang='grc' dir='ltr'>βασιλικῇ.</span> <span class='ocrx_word' id='word_1_22' title='bbox 907 489 1128 562; x_wconf 83' lang='grc' dir='ltr'>Ἐκείνῳ</span> <span class='ocrx_word' id='word_1_23' title='bbox 1182 488 1360 544; x_wconf 80' lang='grc' dir='ltr'>τοίνυν</span> <span class='ocrx_word' id='word_1_24' title='bbox 1420 486 1823 561; x_wconf 82' lang='grc' dir='ltr'>προαπελθόντι</span> <span class='ocrx_word' id='word_1_25' title='bbox 1863 482 2062 569; x_wconf 85' lang='grc' dir='ltr'>γνωρί-</span> 
     </span>
    </p>
   </div>
   <div class='ocr_carea' id='block_1_5' title="bbox 414 567 2064 652">
    <p class='ocr_par' dir='ltr' id='par_1_5' title="bbox 414 567 2064 652">
     <span class='ocr_line' id='line_1_5' title="bbox 414 567 2064 652; baseline -0.008 -13"><span class='ocrx_word' id='word_1_26' title='bbox 414 606 522 640; x_wconf 88' lang='grc' dir='ltr'>σειν</span> <span class='ocrx_word' id='word_1_27' title='bbox 605 583 694 637; x_wconf 86' lang='grc' dir='ltr'><strong>καὶ</strong></span> <span class='ocrx_word' id='word_1_28' title='bbox 777 584 1036 651; x_wconf 77' lang='grc' dir='ltr'>σημανεῖν</span> <span class='ocrx_word' id='word_1_29' title='bbox 1113 575 1532 652; x_wconf 82' lang='grc' dir='ltr'>προσετάσσετο,</span> <span class='ocrx_word' id='word_1_30' title='bbox 1600 574 1726 649; x_wconf 84' lang='grc' dir='ltr'>πρὶν</span> <span class='ocrx_word' id='word_1_31' title='bbox 1787 570 1846 628; x_wconf 78' lang='grc' dir='ltr'>ἄν</span> <span class='ocrx_word' id='word_1_32' title='bbox 1899 567 2064 645; x_wconf 75' lang='grc' dir='ltr'>ἐπιϐῇ</span> 
     </span>
    </p>
   </div>
   <div class='ocr_carea' id='block_1_6' title="bbox 413 662 2061 744">
    <p class='ocr_par' dir='ltr' id='par_1_6' title="bbox 413 662 2061 744">
     <span class='ocr_line' id='line_1_6' title="bbox 413 662 2061 744; baseline -0.007 -17"><span class='ocrx_word' id='word_1_33' title='bbox 413 668 647 744; x_wconf 81' lang='grc' dir='ltr'>Σερϐίας</span> <span class='ocrx_word' id='word_1_34' title='bbox 703 673 730 726; x_wconf 89' lang='grc' dir='ltr'>ὁ</span> <span class='ocrx_word' id='word_1_35' title='bbox 786 670 1159 744; x_wconf 80' lang='grc' dir='ltr'>πατριάρχης.</span> <span class='ocrx_word' id='word_1_36' title='bbox 1215 667 1282 724; x_wconf 78' lang='grc' dir='ltr'><strong>Οἱ</strong></span> <span class='ocrx_word' id='word_1_37' title='bbox 1336 662 1382 720; x_wconf 87' lang='grc' dir='ltr'>δ’</span> <span class='ocrx_word' id='word_1_38' title='bbox 1438 664 1749 726; x_wconf 77' lang='grc' dir='ltr'><strong>ἐπιστάντες</strong></span> <span class='ocrx_word' id='word_1_39' title='bbox 1798 663 1862 718; x_wconf 82' lang='grc' dir='ltr'><strong>οὐ</strong></span> <span class='ocrx_word' id='word_1_40' title='bbox 1899 662 2061 736; x_wconf 90' lang='grc' dir='ltr'>μόνον</span> 
     </span>
    </p>
   </div>
   <div class='ocr_carea' id='block_1_7' title="bbox 409 752 2067 832">
    <p class='ocr_par' dir='ltr' id='par_1_7' title="bbox 409 752 2067 832">
     <span class='ocr_line' id='line_1_7' title="bbox 409 752 2067 832; baseline -0.007 -16"><span class='ocrx_word' id='word_1_41' title='bbox 409 759 566 816; x_wconf 77' lang='grc' dir='ltr'>οὐδὲν</span> <span class='ocrx_word' id='word_1_42' title='bbox 593 765 701 815; x_wconf 82' lang='grc' dir='ltr'><strong>τῶν</strong></span> <span class='ocrx_word' id='word_1_43' title='bbox 737 758 812 821; x_wconf 81' lang='grc' dir='ltr'><strong>εἷς</strong></span> <span class='ocrx_word' id='word_1_44' title='bbox 861 761 1147 832; x_wconf 75' lang='grc' dir='ltr'>θεραπειαν</span> <span class='ocrx_word' id='word_1_45' title='bbox 1205 752 1346 810; x_wconf 76' lang='grc' dir='ltr'>εἶδον</span> <span class='ocrx_word' id='word_1_46' title='bbox 1405 753 1576 809; x_wconf 82' lang='grc' dir='ltr'><strong>ἐκεῖσε</strong></span> <span class='ocrx_word' id='word_1_47' title='bbox 1617 753 1707 808; x_wconf 79' lang='grc' dir='ltr'><strong>καὶ</strong></span> <span class='ocrx_word' id='word_1_48' title='bbox 1756 754 1938 828; x_wconf 84' lang='grc' dir='ltr'>ἀρχῆς</span> <span class='ocrx_word' id='word_1_49' title='bbox 1965 757 2067 820; x_wconf 79' lang='grc' dir='ltr'>τῆς</span> 
     </span>
    </p>
   </div>
   <div class='ocr_carea' id='block_1_8' title="bbox 408 839 2060 927">
    <p class='ocr_par' dir='ltr' id='par_1_8' title="bbox 408 839 2060 927">
     <span class='ocr_line' id='line_1_8' title="bbox 408 839 2060 927; baseline -0.007 -21"><span class='ocrx_word' id='word_1_50' title='bbox 408 851 690 927; x_wconf 73' lang='grc' dir='ltr'><strong>τυχούσης</strong></span> <span class='ocrx_word' id='word_1_51' title='bbox 749 848 926 920; x_wconf 79' lang='grc' dir='ltr'>ἄξιον,</span> <span class='ocrx_word' id='word_1_52' title='bbox 983 844 1131 901; x_wconf 83' lang='grc' dir='ltr'>ἀλλὰ</span> <span class='ocrx_word' id='word_1_53' title='bbox 1185 845 1278 900; x_wconf 89' lang='grc' dir='ltr'><strong>καὶ</strong></span> <span class='ocrx_word' id='word_1_54' title='bbox 1333 844 1395 898; x_wconf 90' lang='grc' dir='ltr'>τὸ</span> <span class='ocrx_word' id='word_1_55' title='bbox 1453 841 1833 917; x_wconf 86' lang='grc' dir='ltr'>θεραπευτικὸν</span> <span class='ocrx_word' id='word_1_56' title='bbox 1891 841 1954 896; x_wconf 86' lang='grc' dir='ltr'>τὸ</span> <span class='ocrx_word' id='word_1_57' title='bbox 2008 839 2060 896; x_wconf 81' lang='grc' dir='ltr'><strong>ἐν</strong></span> 
     </span>
    </p>
   </div>
   <div class='ocr_carea' id='block_1_9' title="bbox 408 928 2063 1012">
    <p class='ocr_par' dir='ltr' id='par_1_9' title="bbox 408 928 2063 1012">
     <span class='ocr_line' id='line_1_9' title="bbox 408 928 2063 1012; baseline -0.01 -14"><span class='ocrx_word' id='word_1_58' title='bbox 408 945 490 1012; x_wconf 85' lang='grc' dir='ltr'><strong>[Ρ.</strong></span> <span class='ocrx_word' id='word_1_59' title='bbox 527 944 654 1012; x_wconf 68' lang='grc'><strong>240]</strong></span> <span class='ocrx_word' id='word_1_60' title='bbox 685 939 915 1002; x_wconf 81' lang='grc' dir='ltr'>ἐκείνοις</span> <span class='ocrx_word' id='word_1_61' title='bbox 949 934 1165 1011; x_wconf 74' lang='grc' dir='ltr'>βλέπων</span> <span class='ocrx_word' id='word_1_62' title='bbox 1215 935 1243 988; x_wconf 86' lang='grc' dir='ltr'>ὁ</span> <span class='ocrx_word' id='word_1_63' title='bbox 1292 930 1518 1006; x_wconf 75' lang='grc' dir='ltr'>Οὕρεσις</span> <span class='ocrx_word' id='word_1_64' title='bbox 1558 934 1647 987; x_wconf 88' lang='grc' dir='ltr'><strong>καὶ</strong></span> <span class='ocrx_word' id='word_1_65' title='bbox 1684 928 1941 1000; x_wconf 82' lang='grc' dir='ltr'>οἰκίδιον,</span> <span class='ocrx_word' id='word_1_66' title='bbox 1970 930 2063 986; x_wconf 82' lang='grc' dir='ltr'><strong>καὶ</strong></span> 
     </span>
    </p>
   </div>
   <div class='ocr_carea' id='block_1_10' title="bbox 409 1017 2063 1105">
    <p class='ocr_par' dir='ltr' id='par_1_10' title="bbox 409 1017 2063 1105">
     <span class='ocr_line' id='line_1_10' title="bbox 409 1017 2063 1105; baseline -0.008 -18"><span class='ocrx_word' id='word_1_67' title='bbox 409 1029 627 1105; x_wconf 76' lang='grc' dir='ltr'>μᾶλλον</span> <span class='ocrx_word' id='word_1_68' title='bbox 680 1030 743 1085; x_wconf 86' lang='grc' dir='ltr'>τὸ</span> <span class='ocrx_word' id='word_1_69' title='bbox 791 1032 901 1083; x_wconf 81' lang='grc' dir='ltr'><strong>τῶν</strong></span> <span class='ocrx_word' id='word_1_70' title='bbox 946 1021 1312 1100; x_wconf 78' lang='grc' dir='ltr'>ἡμιανδρίων,</span> <span class='ocrx_word' id='word_1_71' title='bbox 1352 1023 1406 1077; x_wconf 87' lang='grc' dir='ltr'><strong>τί</strong></span> <span class='ocrx_word' id='word_1_72' title='bbox 1456 1020 1514 1077; x_wconf 80' lang='grc' dir='ltr'>ἄν</span> <span class='ocrx_word' id='word_1_73' title='bbox 1559 1023 1647 1077; x_wconf 86' lang='grc' dir='ltr'><strong>καὶ</strong></span> <span class='ocrx_word' id='word_1_74' title='bbox 1699 1017 1886 1091; x_wconf 70' lang='grc' dir='ltr'>εἴησαν</span> <span class='ocrx_word' id='word_1_75' title='bbox 1914 1020 2063 1075; x_wconf 82' lang='grc' dir='ltr'>οὗτοι</span> 
     </span>
    </p>
   </div>
   <div class='ocr_carea' id='block_1_11' title="bbox 409 1109 2067 1187">
    <p class='ocr_par' dir='ltr' id='par_1_11' title="bbox 409 1109 2067 1187">
     <span class='ocr_line' id='line_1_11' title="bbox 409 1109 2067 1187; baseline -0.008 -10"><span class='ocrx_word' id='word_1_76' title='bbox 409 1119 814 1184; x_wconf 81' lang='grc' dir='ltr'>διεπυνθάνετο.</span> <span class='ocrx_word' id='word_1_77' title='bbox 871 1119 962 1180; x_wconf 77' lang='grc' dir='ltr'>Ὠς</span> <span class='ocrx_word' id='word_1_78' title='bbox 1021 1113 1067 1170; x_wconf 88' lang='grc' dir='ltr'>δ’</span> <span class='ocrx_word' id='word_1_79' title='bbox 1117 1113 1285 1184; x_wconf 77' lang='grc' dir='ltr'>ἤκουε</span> <span class='ocrx_word' id='word_1_80' title='bbox 1341 1115 1469 1187; x_wconf 86' lang='grc' dir='ltr'>παρ’</span> <span class='ocrx_word' id='word_1_81' title='bbox 1527 1110 1748 1166; x_wconf 80' lang='grc' dir='ltr'>ἐκείνων</span> <span class='ocrx_word' id='word_1_82' title='bbox 1780 1112 1862 1165; x_wconf 83' lang='grc' dir='ltr'><strong>ὅτι</strong></span> <span class='ocrx_word' id='word_1_83' title='bbox 1919 1109 2067 1180; x_wconf 82' lang='grc' dir='ltr'><strong>τάξις</strong></span> 
     </span>
    </p>
   </div>
   <div class='ocr_carea' id='block_1_12' title="bbox 408 1197 2064 1283">
    <p class='ocr_par' dir='ltr' id='par_1_12' title="bbox 408 1197 2064 1283">
     <span class='ocr_line' id='line_1_12' title="bbox 408 1197 2064 1283; baseline -0.008 -17"><span class='ocrx_word' id='word_1_84' title='bbox 408 1210 555 1267; x_wconf 75' lang='grc' dir='ltr'>ἐστὶν</span> <span class='ocrx_word' id='word_1_85' title='bbox 606 1209 740 1278; x_wconf 78' lang='grc' dir='ltr'>αὕτη</span> <span class='ocrx_word' id='word_1_86' title='bbox 801 1207 1104 1283; x_wconf 76' lang='grc' dir='ltr'>βασίλειος,</span> <span class='ocrx_word' id='word_1_87' title='bbox 1155 1203 1246 1260; x_wconf 79' lang='grc' dir='ltr'><strong>καὶ</strong></span> <span class='ocrx_word' id='word_1_88' title='bbox 1276 1204 1352 1266; x_wconf 82' lang='grc' dir='ltr'>ὡς</span> <span class='ocrx_word' id='word_1_89' title='bbox 1397 1206 1468 1276; x_wconf 83' lang='grc' dir='ltr'>τῇ</span> <span class='ocrx_word' id='word_1_90' title='bbox 1521 1197 1762 1276; x_wconf 83' lang='grc' dir='ltr'>βασιλίδι</span> <span class='ocrx_word' id='word_1_91' title='bbox 1799 1198 1876 1262; x_wconf 81' lang='grc' dir='ltr'>εἷς</span> <span class='ocrx_word' id='word_1_92' title='bbox 1909 1209 2064 1274; x_wconf 89' lang='grc' dir='ltr'>θερα-</span> 
     </span>
    </p>
   </div>
   <div class='ocr_carea' id='block_1_13' title="bbox 411 1287 2062 1366">
    <p class='ocr_par' dir='ltr' id='par_1_13' title="bbox 411 1287 2062 1366">
     <span class='ocr_line' id='line_1_13' title="bbox 411 1287 2062 1366; baseline -0.01 -10"><span class='ocrx_word' id='word_1_93' title='bbox 411 1299 564 1356; x_wconf 85' lang='grc' dir='ltr'>πείαν</span> <span class='ocrx_word' id='word_1_94' title='bbox 647 1296 1103 1366; x_wconf 74' lang='grc' dir='ltr'>ἀκολουθήσαιεν,</span> <span class='ocrx_word' id='word_1_95' title='bbox 1163 1292 1364 1354; x_wconf 81' lang='grc' dir='ltr'>ἐκεῖνος</span> <span class='ocrx_word' id='word_1_96' title='bbox 1422 1287 1798 1360; x_wconf 75' lang='grc' dir='ltr'>ἆταλαστήσας</span> <span class='ocrx_word' id='word_1_97' title='bbox 1872 1287 2062 1366; x_wconf 84' lang='grc' dir='ltr'>φησὶν,</span> 
     </span>
    </p>
   </div>
   <div class='ocr_carea' id='block_1_14' title="bbox 417 1375 2062 1459">
    <p class='ocr_par' dir='ltr' id='par_1_14' title="bbox 417 1375 2062 1459">
     <span class='ocr_line' id='line_1_14' title="bbox 417 1375 2062 1459; baseline -0.007 -17"><span class='ocrx_word' id='word_1_98' title='bbox 417 1413 446 1442; x_wconf 85' lang='grc'><strong>‹‹</strong></span> <span class='ocrx_word' id='word_1_99' title='bbox 505 1387 572 1444; x_wconf 74' lang='lat' dir='ltr'><strong>A&#39;i</strong></span> <span class='ocrx_word' id='word_1_100' title='bbox 625 1386 702 1459; x_wconf 74' lang='lat' dir='ltr'><strong>a&#39;l,</strong></span> <span class='ocrx_word' id='word_1_101' title='bbox 759 1385 813 1441; x_wconf 89' lang='grc' dir='ltr'><strong>τί</strong></span> <span class='ocrx_word' id='word_1_102' title='bbox 871 1389 1074 1452; x_wconf 61' lang='lat' dir='ltr'><strong>rubra;</strong></span> <span class='ocrx_word' id='word_1_103' title='bbox 1135 1382 1224 1436; x_wconf 84' lang='grc' dir='ltr'><strong>καὶ</strong></span> <span class='ocrx_word' id='word_1_104' title='bbox 1281 1383 1417 1453; x_wconf 81' lang='grc' dir='ltr'>ἡμῖν</span> <span class='ocrx_word' id='word_1_105' title='bbox 1471 1378 1532 1433; x_wconf 80' lang='grc' dir='ltr'><strong>οὗ</strong></span> <span class='ocrx_word' id='word_1_106' title='bbox 1586 1379 1828 1447; x_wconf 75' lang='grc' dir='ltr'>συνήθης</span> <span class='ocrx_word' id='word_1_107' title='bbox 1858 1375 1993 1446; x_wconf 75' lang='grc' dir='ltr'>αὕτη</span> <span class='ocrx_word' id='word_1_108' title='bbox 2025 1377 2062 1445; x_wconf 82' lang='grc' dir='ltr'>ἡ</span> 
     </span>
    </p>
   </div>
   <div class='ocr_carea' id='block_1_15' title="bbox 415 1464 2062 1547">
    <p class='ocr_par' dir='ltr' id='par_1_15' title="bbox 415 1464 2062 1547">
     <span class='ocr_line' id='line_1_15' title="bbox 415 1464 2062 1547; baseline -0.009 -15"><span class='ocrx_word' id='word_1_109' title='bbox 415 1476 618 1533; x_wconf 84' lang='grc' dir='ltr'>δίαιτα.</span> <span class='ocrx_word' id='word_1_110' title='bbox 679 1500 708 1529; x_wconf 88' lang='grc'><strong>››</strong></span> <span class='ocrx_word' id='word_1_111' title='bbox 772 1475 875 1531; x_wconf 84' lang='grc' dir='ltr'><strong>Καὶ</strong></span> <span class='ocrx_word' id='word_1_112' title='bbox 931 1473 1022 1527; x_wconf 83' lang='grc' dir='ltr'>τὸν</span> <span class='ocrx_word' id='word_1_113' title='bbox 1083 1469 1241 1547; x_wconf 80' lang='grc' dir='ltr'>φάναι</span> <span class='ocrx_word' id='word_1_114' title='bbox 1280 1489 1338 1524; x_wconf 84' lang='grc' dir='ltr'><strong>τε</strong></span> <span class='ocrx_word' id='word_1_115' title='bbox 1390 1469 1478 1522; x_wconf 86' lang='grc' dir='ltr'><strong>καὶ</strong></span> <span class='ocrx_word' id='word_1_116' title='bbox 1541 1468 1653 1540; x_wconf 81' lang='grc' dir='ltr'>ἅμα</span> <span class='ocrx_word' id='word_1_117' title='bbox 1697 1467 1794 1534; x_wconf 73' lang='grc' dir='ltr'>τὴν</span> <span class='ocrx_word' id='word_1_118' title='bbox 1843 1464 2062 1537; x_wconf 77' lang='grc' dir='ltr'>νύμφην</span> 
     </span>
    </p>
   </div>
   <div class='ocr_carea' id='block_1_16' title="bbox 416 1552 2060 1638">
    <p class='ocr_par' dir='ltr' id='par_1_16' title="bbox 416 1552 2060 1638">
     <span class='ocr_line' id='line_1_16' title="bbox 416 1552 2060 1638; baseline -0.009 -16"><span class='ocrx_word' id='word_1_119' title='bbox 416 1566 676 1622; x_wconf 80' lang='grc' dir='ltr'>δείκνύειν</span> <span class='ocrx_word' id='word_1_120' title='bbox 719 1563 957 1636; x_wconf 84' lang='grc' dir='ltr'>πενιχρὰ</span> <span class='ocrx_word' id='word_1_121' title='bbox 1008 1563 1278 1638; x_wconf 80' lang='grc' dir='ltr'>φοροῦσαν</span> <span class='ocrx_word' id='word_1_122' title='bbox 1325 1558 1415 1612; x_wconf 83' lang='grc' dir='ltr'><strong>καὶ</strong></span> <span class='ocrx_word' id='word_1_123' title='bbox 1465 1555 1699 1627; x_wconf 83' lang='grc' dir='ltr'>ταλασίᾳ</span> <span class='ocrx_word' id='word_1_124' title='bbox 1753 1552 2060 1629; x_wconf 65' lang='grc' dir='ltr'>προσέχου-</span> 
     </span>
    </p>
   </div>
   <div class='ocr_carea' id='block_1_17' title="bbox 416 1642 2063 1724">
    <p class='ocr_par' dir='ltr' id='par_1_17' title="bbox 416 1642 2063 1724">
     <span class='ocr_line' id='line_1_17' title="bbox 416 1642 2063 1724; baseline -0.01 -11"><span class='ocrx_word' id='word_1_125' title='bbox 416 1678 533 1724; x_wconf 89' lang='grc' dir='ltr'>σαν,</span> <span class='ocrx_word' id='word_1_126' title='bbox 585 1654 696 1723; x_wconf 83' lang='grc' dir='ltr'>καὶ,</span> <span class='ocrx_word' id='word_1_127' title='bbox 755 1676 783 1703; x_wconf 84' lang='grc' dir='ltr'>κ</span> <span class='ocrx_word' id='word_1_128' title='bbox 816 1649 995 1717; x_wconf 79' lang='grc' dir='ltr'>Οὕτω,</span> <span class='ocrx_word' id='word_1_129' title='bbox 1029 1673 1058 1700; x_wconf 92' lang='grc'><strong>››</strong></span> <span class='ocrx_word' id='word_1_130' title='bbox 1111 1649 1289 1722; x_wconf 81' lang='grc' dir='ltr'>Αὲγειν</span> <span class='ocrx_word' id='word_1_131' title='bbox 1339 1651 1490 1721; x_wconf 72' lang='grc' dir='ltr'>’χειρὶ</span> <span class='ocrx_word' id='word_1_132' title='bbox 1539 1642 1839 1712; x_wconf 79' lang='grc' dir='ltr'>δεικνύντα,</span> <span class='ocrx_word' id='word_1_133' title='bbox 1883 1667 1911 1695; x_wconf 92' lang='grc'><strong>‹‹</strong></span> <span class='ocrx_word' id='word_1_134' title='bbox 1941 1647 2063 1704; x_wconf 88' lang='grc' dir='ltr'>ταῖς</span> 
     </span>
    </p>
   </div>
   <div class='ocr_carea' id='block_1_18' title="bbox 2169 485 3726 566">
    <p class='ocr_par' dir='ltr' id='par_1_18' title="bbox 2169 485 3726 566">
     <span class='ocr_line' id='line_1_18' title="bbox 2169 485 3726 566; baseline 0.006 -28"><span class='ocrx_word' id='word_1_135' title='bbox 2169 485 2410 539; x_wconf 69' lang='grc' dir='ltr'>πέσοιεν*</span> <span class='ocrx_word' id='word_1_136' title='bbox 2471 486 2536 540; x_wconf 81' lang='grc' dir='ltr'><strong>ού</strong></span> <span class='ocrx_word' id='word_1_137' title='bbox 2588 486 2690 559; x_wconf 77' lang='grc' dir='ltr'><strong>γὰρ</strong></span> <span class='ocrx_word' id='word_1_138' title='bbox 2751 485 2901 560; x_wconf 77' lang='grc' dir='ltr'>εἶχον</span> <span class='ocrx_word' id='word_1_139' title='bbox 2961 486 3229 542; x_wconf 75' lang='grc' dir='ltr'>πιστεύειν</span> <span class='ocrx_word' id='word_1_140' title='bbox 3281 487 3482 564; x_wconf 78' lang='grc' dir='ltr'>ἀνδράσι</span> <span class='ocrx_word' id='word_1_141' title='bbox 3530 496 3592 566; x_wconf 78' lang='grc' dir='ltr'>μὴ</span> <span class='ocrx_word' id='word_1_142' title='bbox 3634 497 3726 554; x_wconf 82' lang='grc' dir='ltr'>ἐπι.</span> 
     </span>
    </p>
   </div>
   <div class='ocr_carea' id='block_1_19' title="bbox 2170 573 3732 658">
    <p class='ocr_par' dir='ltr' id='par_1_19' title="bbox 2170 573 3732 658">
     <span class='ocr_line' id='line_1_19' title="bbox 2170 573 3732 658; baseline 0.012 -32"><span class='ocrx_word' id='word_1_143' title='bbox 2170 573 2558 648; x_wconf 72' lang='grc' dir='ltr'>στρεφομένοις</span> <span class='ocrx_word' id='word_1_144' title='bbox 2613 574 2880 649; x_wconf 78' lang='grc' dir='ltr'>αἰσχύνης</span> <span class='ocrx_word' id='word_1_145' title='bbox 2937 574 3028 630; x_wconf 78' lang='grc' dir='ltr'><strong>καὶ</strong></span> <span class='ocrx_word' id='word_1_146' title='bbox 3089 577 3376 650; x_wconf 66' lang='grc' dir='ltr'>μέμψεως.</span> <span class='ocrx_word' id='word_1_147' title='bbox 3431 581 3559 644; x_wconf 70' lang='grc' dir='ltr'>Τέως</span> <span class='ocrx_word' id='word_1_148' title='bbox 3604 582 3732 658; x_wconf 70' lang='grc' dir='ltr'>ᾔεσαν</span> 
     </span>
    </p>
   </div>
   <div class='ocr_carea' id='block_1_20' title="bbox 2169 663 3736 741">
    <p class='ocr_par' dir='ltr' id='par_1_20' title="bbox 2169 663 3736 741">
     <span class='ocr_line' id='line_1_20' title="bbox 2169 663 3736 741; baseline 0.008 -23"><span class='ocrx_word' id='word_1_149' title='bbox 2169 663 2244 725; x_wconf 81' lang='grc' dir='ltr'><strong>εἷς</strong></span> <span class='ocrx_word' id='word_1_150' title='bbox 2271 665 2334 718; x_wconf 89' lang='grc' dir='ltr'>τὸ</span> <span class='ocrx_word' id='word_1_151' title='bbox 2364 663 2554 738; x_wconf 90' lang='grc' dir='ltr'>πρόσω</span> <span class='ocrx_word' id='word_1_152' title='bbox 2582 665 2772 727; x_wconf 82' lang='grc' dir='ltr'>νωθεῖς</span> <span class='ocrx_word' id='word_1_153' title='bbox 2799 684 2940 726; x_wconf 89' lang='grc' dir='ltr'>τινες</span> <span class='ocrx_word' id='word_1_154' title='bbox 2988 665 3090 733; x_wconf 76' lang='grc' dir='ltr'>τὴν</span> <span class='ocrx_word' id='word_1_155' title='bbox 3121 664 3336 741; x_wconf 76' lang='grc' dir='ltr'>πορείαν</span> <span class='ocrx_word' id='word_1_156' title='bbox 3378 669 3463 722; x_wconf 86' lang='grc' dir='ltr'><strong>καὶ</strong></span> <span class='ocrx_word' id='word_1_157' title='bbox 3487 677 3588 733; x_wconf 86' lang='grc' dir='ltr'>τοῖς</span> <span class='ocrx_word' id='word_1_158' title='bbox 3615 673 3736 740; x_wconf 78' lang='grc' dir='ltr'>ὅλοις</span> 
     </span>
    </p>
   </div>
   <div class='ocr_carea' id='block_1_21' title="bbox 2171 749 3736 837">
    <p class='ocr_par' dir='ltr' id='par_1_21' title="bbox 2171 749 3736 837">
     <span class='ocr_line' id='line_1_21' title="bbox 2171 749 3736 837; baseline 0.004 -31"><span class='ocrx_word' id='word_1_159' title='bbox 2171 751 2428 814; x_wconf 85' lang='grc' dir='ltr'>ὑπόπτως</span> <span class='ocrx_word' id='word_1_160' title='bbox 2485 750 2725 827; x_wconf 69' lang='grc' dir='ltr'>ἔχοντες.</span> <span class='ocrx_word' id='word_1_161' title='bbox 2784 753 2872 814; x_wconf 84' lang='grc' dir='ltr'>Ὦς</span> <span class='ocrx_word' id='word_1_162' title='bbox 2939 749 2996 808; x_wconf 75' lang='grc' dir='ltr'>δὲ</span> <span class='ocrx_word' id='word_1_163' title='bbox 3048 751 3343 809; x_wconf 70' lang='grc' dir='ltr'>κατελαλω</span> <span class='ocrx_word' id='word_1_164' title='bbox 3394 757 3484 824; x_wconf 80' lang='grc' dir='ltr'>τήν</span> <span class='ocrx_word' id='word_1_165' title='bbox 3535 759 3736 837; x_wconf 66' lang='grc' dir='ltr'><strong>Ἀχρίδα⁸</strong></span> 
     </span>
    </p>
   </div>
   <div class='ocr_carea' id='block_1_22' title="bbox 2166 838 3736 917">
    <p class='ocr_par' dir='ltr' id='par_1_22' title="bbox 2166 838 3736 917">
     <span class='ocr_line' id='line_1_22' title="bbox 2166 838 3736 917; baseline 0.006 -20"><span class='ocrx_word' id='word_1_166' title='bbox 2166 842 2264 910; x_wconf 77' lang='grc' dir='ltr'>τὴν</span> <span class='ocrx_word' id='word_1_167' title='bbox 2329 841 2425 914; x_wconf 72' lang='grc' dir='ltr'>μὲν</span> <span class='ocrx_word' id='word_1_168' title='bbox 2459 838 2718 917; x_wconf 85' lang='grc' dir='ltr'>βασιλίδα</span> <span class='ocrx_word' id='word_1_169' title='bbox 2771 841 2862 896; x_wconf 83' lang='grc' dir='ltr'><strong>καὶ</strong></span> <span class='ocrx_word' id='word_1_170' title='bbox 2916 842 2980 896; x_wconf 84' lang='grc' dir='ltr'>τὸ</span> <span class='ocrx_word' id='word_1_171' title='bbox 3023 843 3148 917; x_wconf 86' lang='grc' dir='ltr'>περὶ</span> <span class='ocrx_word' id='word_1_172' title='bbox 3202 844 3364 912; x_wconf 78' lang='grc' dir='ltr'>αὐτὴν</span> <span class='ocrx_word' id='word_1_173' title='bbox 3416 844 3645 904; x_wconf 69' lang='grc' dir='ltr'>οῗκετικὸν</span> <span class='ocrx_word' id='word_1_174' title='bbox 3669 857 3736 906; x_wconf 74' lang='grc' dir='ltr'><strong>καί</strong></span> 
     </span>
    </p>
   </div>
   <div class='ocr_carea' id='block_1_23' title="bbox 2169 930 3735 1007">
    <p class='ocr_par' dir='ltr' id='par_1_23' title="bbox 2169 930 3735 1007">
     <span class='ocr_line' id='line_1_23' title="bbox 2169 930 3735 1007; baseline 0.004 -22"><span class='ocrx_word' id='word_1_175' title='bbox 2169 930 2292 986; x_wconf 76' lang='grc' dir='ltr'>ὅσον</span> <span class='ocrx_word' id='word_1_176' title='bbox 2371 931 2447 993; x_wconf 78' lang='grc' dir='ltr'>εἰς</span> <span class='ocrx_word' id='word_1_177' title='bbox 2543 933 2829 1007; x_wconf 85' lang='grc' dir='ltr'>θεραπείαν</span> <span class='ocrx_word' id='word_1_178' title='bbox 2911 931 3076 986; x_wconf 76' lang='grc' dir='ltr'>αὐτοῦ</span> <span class='ocrx_word' id='word_1_179' title='bbox 3157 953 3262 987; x_wconf 87' lang='grc' dir='ltr'><strong>που</strong></span> <span class='ocrx_word' id='word_1_180' title='bbox 3343 930 3735 1007; x_wconf 82' lang='grc' dir='ltr'>διαναπαύουσιν,</span> 
     </span>
    </p>
   </div>
   <div class='ocr_carea' id='block_1_24' title="bbox 2169 1017 3739 1098">
    <p class='ocr_par' dir='ltr' id='par_1_24' title="bbox 2169 1017 3739 1098">
     <span class='ocr_line' id='line_1_24' title="bbox 2169 1017 3739 1098; baseline 0.003 -22"><span class='ocrx_word' id='word_1_181' title='bbox 2169 1018 2367 1076; x_wconf 78' lang='grc' dir='ltr'>ἐκεῖνοι</span> <span class='ocrx_word' id='word_1_182' title='bbox 2454 1017 2513 1076; x_wconf 65' lang='grc' dir='ltr'>δὲ</span> <span class='ocrx_word' id='word_1_183' title='bbox 2595 1019 2982 1097; x_wconf 75' lang='grc' dir='ltr'>προαγγέλους</span> <span class='ocrx_word' id='word_1_184' title='bbox 3064 1021 3205 1093; x_wconf 86' lang='grc' dir='ltr'>πρὸς</span> <span class='ocrx_word' id='word_1_185' title='bbox 3281 1019 3493 1097; x_wconf 73' lang='grc' dir='ltr'>Οὕρεσιν</span> <span class='ocrx_word' id='word_1_186' title='bbox 3537 1025 3739 1098; x_wconf 82' lang='grc' dir='ltr'>πέμπον-</span> 
     </span>
    </p>
   </div>
   <div class='ocr_carea' id='block_1_25' title="bbox 2165 1107 3740 1185">
    <p class='ocr_par' dir='ltr' id='par_1_25' title="bbox 2165 1107 3740 1185">
     <span class='ocr_line' id='line_1_25' title="bbox 2165 1107 3740 1185; baseline 0.002 -21"><span class='ocrx_word' id='word_1_187' title='bbox 2165 1129 2252 1171; x_wconf 86' lang='grc' dir='ltr'><strong>τες</strong></span> <span class='ocrx_word' id='word_1_188' title='bbox 2337 1109 2428 1164; x_wconf 83' lang='grc' dir='ltr'><strong>καὶ</strong></span> <span class='ocrx_word' id='word_1_189' title='bbox 2485 1108 2643 1164; x_wconf 80' lang='grc' dir='ltr'>αὐτοὶ</span> <span class='ocrx_word' id='word_1_190' title='bbox 2721 1107 3004 1184; x_wconf 85' lang='grc' dir='ltr'>σχολαίως</span> <span class='ocrx_word' id='word_1_191' title='bbox 3083 1115 3207 1173; x_wconf 87' lang='grc' dir='ltr'>τοῖς</span> <span class='ocrx_word' id='word_1_192' title='bbox 3257 1110 3437 1185; x_wconf 88' lang='grc' dir='ltr'>πρόσω</span> <span class='ocrx_word' id='word_1_193' title='bbox 3503 1109 3740 1184; x_wconf 62' lang='lat' dir='ltr'><strong>upon-£64:-</strong></span> 
     </span>
    </p>
   </div>
   <div class='ocr_carea' id='block_1_26' title="bbox 2165 1195 3741 1273">
    <p class='ocr_par' dir='ltr' id='par_1_26' title="bbox 2165 1195 3741 1273">
     <span class='ocr_line' id='line_1_26' title="bbox 2165 1195 3741 1273; baseline 0.004 -21"><span class='ocrx_word' id='word_1_194' title='bbox 2165 1219 2277 1255; x_wconf 86' lang='lat' dir='ltr'><strong>vov.</strong></span> <span class='ocrx_word' id='word_1_195' title='bbox 2311 1201 2395 1270; x_wconf 77' lang='grc' dir='ltr'><strong>Τῇ</strong></span> <span class='ocrx_word' id='word_1_196' title='bbox 2447 1196 2686 1273; x_wconf 87' lang='grc' dir='ltr'>Πολόγῳ</span> <span class='ocrx_word' id='word_1_197' title='bbox 2741 1195 2800 1252; x_wconf 73' lang='grc' dir='ltr'>δὶ</span> <span class='ocrx_word' id='word_1_198' title='bbox 2845 1197 3348 1272; x_wconf 84' lang='grc' dir='ltr'>παραγγειλάντων,</span> <span class='ocrx_word' id='word_1_199' title='bbox 3397 1201 3454 1268; x_wconf 78' lang='grc' dir='ltr'><strong>ἣν</strong></span> <span class='ocrx_word' id='word_1_200' title='bbox 3509 1197 3566 1269; x_wconf 81' lang='grc' dir='ltr'>δὴ</span> <span class='ocrx_word' id='word_1_201' title='bbox 3613 1199 3741 1266; x_wconf 74' lang='grc' dir='ltr'>ἄλσος</span> 
     </span>
    </p>
   </div>
   <div class='ocr_carea' id='block_1_27' title="bbox 2167 1285 3742 1365">
    <p class='ocr_par' dir='ltr' id='par_1_27' title="bbox 2167 1285 3742 1365">
     <span class='ocr_line' id='line_1_27' title="bbox 2167 1285 3742 1365; baseline 0.001 -23"><span class='ocrx_word' id='word_1_202' title='bbox 2167 1290 2301 1342; x_wconf 80' lang='grc' dir='ltr'>Θεοῦ</span> <span class='ocrx_word' id='word_1_203' title='bbox 2329 1285 2526 1342; x_wconf 78' lang='grc' dir='ltr'>ἐκεῖνοι</span> <span class='ocrx_word' id='word_1_204' title='bbox 2555 1286 2692 1342; x_wconf 82' lang='grc' dir='ltr'>κατὰ</span> <span class='ocrx_word' id='word_1_205' title='bbox 2719 1286 2972 1362; x_wconf 82' lang='grc' dir='ltr'>γλῶσσαν</span> <span class='ocrx_word' id='word_1_206' title='bbox 3025 1285 3254 1355; x_wconf 70' lang='grc' dir='ltr'>εἴποιεν,</span> <span class='ocrx_word' id='word_1_207' title='bbox 3285 1288 3371 1342; x_wconf 83' lang='grc' dir='ltr'><strong>καὶ</strong></span> <span class='ocrx_word' id='word_1_208' title='bbox 3417 1285 3517 1358; x_wconf 76' lang='grc' dir='ltr'><strong>ἤδη</strong></span> <span class='ocrx_word' id='word_1_209' title='bbox 3540 1289 3617 1344; x_wconf 84' lang='grc' dir='ltr'><strong>καὶ</strong></span> <span class='ocrx_word' id='word_1_210' title='bbox 3639 1292 3742 1365; x_wconf 85' lang='grc' dir='ltr'>πρὸς</span> 
     </span>
    </p>
   </div>
   <div class='ocr_carea' id='block_1_28' title="bbox 2167 1371 3742 1451">
    <p class='ocr_par' dir='ltr' id='par_1_28' title="bbox 2167 1371 3742 1451">
     <span class='ocr_line' id='line_1_28' title="bbox 2167 1371 3742 1451; baseline 0.003 -20"><span class='ocrx_word' id='word_1_211' title='bbox 2167 1374 2454 1431; x_wconf 90' lang='grc' dir='ltr'>Λιπαίνιον</span> <span class='ocrx_word' id='word_1_212' title='bbox 2513 1374 2726 1444; x_wconf 72' lang='grc' dir='ltr'>ἰόντων,</span> <span class='ocrx_word' id='word_1_213' title='bbox 2783 1376 3058 1448; x_wconf 69' lang='grc' dir='ltr'>πέμπεται</span> <span class='ocrx_word' id='word_1_214' title='bbox 3123 1377 3219 1449; x_wconf 74' lang='grc' dir='ltr'><strong>μὶν</strong></span> <span class='ocrx_word' id='word_1_215' title='bbox 3276 1371 3497 1451; x_wconf 73' lang='grc' dir='ltr'>πρέσϐυς</span> <span class='ocrx_word' id='word_1_216' title='bbox 3537 1377 3742 1443; x_wconf 76' lang='grc' dir='ltr'>ὲκεῖθενὸ</span> 
     </span>
    </p>
   </div>
   <div class='ocr_carea' id='block_1_29' title="bbox 2165 1463 3744 1540">
    <p class='ocr_par' dir='ltr' id='par_1_29' title="bbox 2165 1463 3744 1540">
     <span class='ocr_line' id='line_1_29' title="bbox 2165 1463 3744 1540; baseline 0.003 -22"><span class='ocrx_word' id='word_1_217' title='bbox 2165 1464 2253 1519; x_wconf 86' lang='grc' dir='ltr'><strong>καὶ</strong></span> <span class='ocrx_word' id='word_1_218' title='bbox 2305 1467 2550 1537; x_wconf 80' lang='grc' dir='ltr'>μεσάζων</span> <span class='ocrx_word' id='word_1_219' title='bbox 2611 1463 2856 1534; x_wconf 74' lang='grc' dir='ltr'>ἐκείνων,</span> <span class='ocrx_word' id='word_1_220' title='bbox 2907 1467 3179 1540; x_wconf 87' lang='grc' dir='ltr'>Γεώργιος</span> <span class='ocrx_word' id='word_1_221' title='bbox 3231 1463 3555 1539; x_wconf 76' lang='grc' dir='ltr'>τοῦνομα,.ᾦ</span> <span class='ocrx_word' id='word_1_222' title='bbox 3596 1463 3650 1535; x_wconf 73' lang='grc' dir='ltr'>δὴ</span> <span class='ocrx_word' id='word_1_223' title='bbox 3675 1470 3744 1522; x_wconf 79' lang='grc' dir='ltr'><strong>καὶ</strong></span> 
     </span>
    </p>
   </div>
   <div class='ocr_carea' id='block_1_30' title="bbox 2168 1550 3744 1630">
    <p class='ocr_par' dir='ltr' id='par_1_30' title="bbox 2168 1550 3744 1630">
     <span class='ocr_line' id='line_1_30' title="bbox 2168 1550 3744 1630; baseline 0.001 -22"><span class='ocrx_word' id='word_1_224' title='bbox 2168 1551 2341 1629; x_wconf 84' lang='grc' dir='ltr'>λόχος</span> <span class='ocrx_word' id='word_1_225' title='bbox 2374 1550 2584 1628; x_wconf 71' lang='grc' dir='ltr'>ἀνδρῶν</span> <span class='ocrx_word' id='word_1_226' title='bbox 2621 1551 2928 1628; x_wconf 82' lang='grc' dir='ltr'>ἐνεδρεύσας</span> <span class='ocrx_word' id='word_1_227' title='bbox 2957 1553 3355 1630; x_wconf 86' lang='grc' dir='ltr'>προσεζημίου.</span> <span class='ocrx_word' id='word_1_228' title='bbox 3383 1554 3479 1616; x_wconf 76' lang='grc' dir='ltr'><strong>Τὰς</strong></span> <span class='ocrx_word' id='word_1_229' title='bbox 3507 1552 3547 1609; x_wconf 84' lang='grc' dir='ltr'>δ’</span> <span class='ocrx_word' id='word_1_230' title='bbox 3576 1553 3744 1628; x_wconf 77' lang='grc' dir='ltr'>ἐνέδρας</span> 
     </span>
    </p>
   </div>
   <div class='ocr_carea' id='block_1_31' title="bbox 2165 1642 3746 1719">
    <p class='ocr_par' dir='ltr' id='par_1_31' title="bbox 2165 1642 3746 1719">
     <span class='ocr_line' id='line_1_31' title="bbox 2165 1642 3746 1719; baseline 0.001 -22"><span class='ocrx_word' id='word_1_231' title='bbox 2165 1643 2255 1697; x_wconf 83' lang='grc' dir='ltr'><strong>καὶ</strong></span> <span class='ocrx_word' id='word_1_232' title='bbox 2287 1643 2482 1719; x_wconf 88' lang='grc' dir='ltr'>πρώην</span> <span class='ocrx_word' id='word_1_233' title='bbox 2532 1644 2586 1698; x_wconf 77' lang='grc' dir='ltr'>οἱ</span> <span class='ocrx_word' id='word_1_234' title='bbox 2623 1643 2747 1719; x_wconf 80' lang='grc' dir='ltr'>περὶ</span> <span class='ocrx_word' id='word_1_235' title='bbox 2792 1643 2885 1698; x_wconf 87' lang='grc' dir='ltr'><strong>τὸν</strong></span> <span class='ocrx_word' id='word_1_236' title='bbox 2930 1642 3282 1718; x_wconf 81' lang='grc' dir='ltr'>πατριάρχην</span> <span class='ocrx_word' id='word_1_237' title='bbox 3334 1643 3597 1706; x_wconf 80' lang='grc' dir='ltr'>ἀκούοντες</span> <span class='ocrx_word' id='word_1_238' title='bbox 3640 1643 3746 1699; x_wconf 73' lang='grc' dir='ltr'>ἔδει·</span> 
     </span>
    </p>
   </div>
   <div class='ocr_carea' id='block_1_32' title="bbox 415 1726 3744 1820">
    <p class='ocr_par' dir='ltr' id='par_1_32' title="bbox 415 1726 3744 1820">
     <span class='ocr_line' id='line_1_32' title="bbox 415 1726 3744 1820; baseline -0.003 -21"><span class='ocrx_word' id='word_1_239' title='bbox 415 1743 653 1820; x_wconf 82' lang='grc' dir='ltr'>νύμφαις</span> <span class='ocrx_word' id='word_1_240' title='bbox 701 1743 866 1813; x_wconf 77' lang='grc' dir='ltr'>ἡμεῖς</span> <span class='ocrx_word' id='word_1_241' title='bbox 916 1736 1358 1813; x_wconf 84' lang='grc' dir='ltr'>προσφερόμεθα.</span> <span class='ocrx_word' id='word_1_242' title='bbox 1409 1756 1436 1789; x_wconf 69' lang='grc' dir='ltr'><strong><em>ι</em></strong></span> <span class='ocrx_word' id='word_1_243' title='bbox 1497 1735 1668 1792; x_wconf 87' lang='grc' dir='ltr'>Ἦσαν</span> <span class='ocrx_word' id='word_1_244' title='bbox 1727 1730 1795 1802; x_wconf 82' lang='grc' dir='ltr'>δὴ</span> <span class='ocrx_word' id='word_1_245' title='bbox 1851 1732 1942 1788; x_wconf 86' lang='grc' dir='ltr'><strong>καὶ</strong></span> <span class='ocrx_word' id='word_1_246' title='bbox 1997 1730 2064 1786; x_wconf 80' lang='grc' dir='ltr'>τὰ</span> <span class='ocrx_word' id='word_1_247' title='bbox 2092 1749 2138 1814; x_wconf 74' lang='grc' dir='ltr'><strong>Β</strong></span> <span class='ocrx_word' id='word_1_248' title='bbox 2169 1730 2328 1790; x_wconf 90' lang='grc' dir='ltr'>λίων.</span> <span class='ocrx_word' id='word_1_249' title='bbox 2361 1733 2502 1790; x_wconf 84' lang='grc' dir='ltr'>Τότε</span> <span class='ocrx_word' id='word_1_250' title='bbox 2531 1729 2590 1787; x_wconf 70' lang='grc' dir='ltr'>δὲ</span> <span class='ocrx_word' id='word_1_251' title='bbox 2628 1731 2721 1788; x_wconf 78' lang='grc' dir='ltr'><strong>καὶ</strong></span> <span class='ocrx_word' id='word_1_252' title='bbox 2751 1726 2996 1808; x_wconf 77' lang='grc' dir='ltr'>ἀκριϐῶς</span> <span class='ocrx_word' id='word_1_253' title='bbox 3027 1731 3082 1795; x_wconf 80' lang='grc' dir='ltr'>ἐς</span> <span class='ocrx_word' id='word_1_254' title='bbox 3137 1728 3309 1804; x_wconf 84' lang='grc' dir='ltr'>φόϐον</span> <span class='ocrx_word' id='word_1_255' title='bbox 3338 1734 3491 1809; x_wconf 66' lang='grc' dir='ltr'>μεγαν</span> <span class='ocrx_word' id='word_1_256' title='bbox 3519 1737 3744 1797; x_wconf 81' lang='grc' dir='ltr'>καθίσταν-</span> 
     </span>
    </p>
   </div>
   <div class='ocr_carea' id='block_1_33' title="bbox 414 1821 2061 1901">
    <p class='ocr_par' dir='ltr' id='par_1_33' title="bbox 414 1821 2061 1901">
     <span class='ocr_line' id='line_1_33' title="bbox 414 1821 2061 1901; baseline -0.007 -14"><span class='ocrx_word' id='word_1_257' title='bbox 414 1833 532 1888; x_wconf 82' lang='grc' dir='ltr'>κατ³</span> <span class='ocrx_word' id='word_1_258' title='bbox 587 1829 780 1891; x_wconf 78' lang='grc' dir='ltr'>αὐτοὺς</span> <span class='ocrx_word' id='word_1_259' title='bbox 833 1829 896 1884; x_wconf 86' lang='grc' dir='ltr'>τὸ</span> <span class='ocrx_word' id='word_1_260' title='bbox 953 1825 1203 1901; x_wconf 83' lang='grc' dir='ltr'>παράπαν</span> <span class='ocrx_word' id='word_1_261' title='bbox 1265 1821 1392 1878; x_wconf 85' lang='grc' dir='ltr'>λιτά</span> <span class='ocrx_word' id='word_1_262' title='bbox 1445 1844 1503 1879; x_wconf 89' lang='grc' dir='ltr'><strong>τε</strong></span> <span class='ocrx_word' id='word_1_263' title='bbox 1557 1824 1649 1878; x_wconf 83' lang='grc' dir='ltr'><strong>καὶ</strong></span> <span class='ocrx_word' id='word_1_264' title='bbox 1707 1821 1926 1890; x_wconf 70' lang='grc' dir='ltr'>εὐτελῆ,</span> <span class='ocrx_word' id='word_1_265' title='bbox 1985 1821 2061 1884; x_wconf 81' lang='grc' dir='ltr'><strong>ὡς</strong></span> 
     </span>
    </p>
   </div>
   <div class='ocr_carea' id='block_1_34' title="bbox 414 1909 2056 1994">
    <p class='ocr_par' dir='ltr' id='par_1_34' title="bbox 414 1909 2056 1994">
     <span class='ocr_line' id='line_1_34' title="bbox 414 1909 2056 1994; baseline -0.007 -18"><span class='ocrx_word' id='word_1_266' title='bbox 414 1921 624 1994; x_wconf 70' lang='grc' dir='ltr'>ἀποζῆν</span> <span class='ocrx_word' id='word_1_267' title='bbox 684 1920 877 1994; x_wconf 80' lang='grc' dir='ltr'>θήραις</span> <span class='ocrx_word' id='word_1_268' title='bbox 923 1917 1013 1971; x_wconf 80' lang='grc' dir='ltr'><strong>καὶ</strong></span> <span class='ocrx_word' id='word_1_269' title='bbox 1043 1914 1399 1974; x_wconf 69' lang='grc' dir='ltr'>κλέπτοντας.</span> <span class='ocrx_word' id='word_1_270' title='bbox 1439 1913 1527 1975; x_wconf 82' lang='grc' dir='ltr'>Ὠς</span> <span class='ocrx_word' id='word_1_271' title='bbox 1558 1916 1686 1987; x_wconf 78' lang='grc' dir='ltr'>γοῦν</span> <span class='ocrx_word' id='word_1_272' title='bbox 1725 1909 2056 1986; x_wconf 72' lang='grc' dir='ltr'>ὑπέστρεφον</span> 
     </span>
    </p>
   </div>
   <div class='ocr_carea' id='block_1_35' title="bbox 414 1998 2059 2084">
    <p class='ocr_par' dir='ltr' id='par_1_35' title="bbox 414 1998 2059 2084">
     <span class='ocr_line' id='line_1_35' title="bbox 414 1998 2059 2084; baseline -0.007 -19"><span class='ocrx_word' id='word_1_273' title='bbox 414 2012 467 2066; x_wconf 76' lang='lat' dir='ltr'><strong>o&#39;t</strong></span> <span class='ocrx_word' id='word_1_274' title='bbox 524 2008 856 2084; x_wconf 66' lang='grc' dir='ltr'>πεμφθᾶντες</span> <span class='ocrx_word' id='word_1_275' title='bbox 904 2006 992 2060; x_wconf 85' lang='grc' dir='ltr'><strong>καὶ</strong></span> <span class='ocrx_word' id='word_1_276' title='bbox 1045 1998 1286 2078; x_wconf 78' lang='grc' dir='ltr'>ἀκριϐῶς</span> <span class='ocrx_word' id='word_1_277' title='bbox 1336 1999 1568 2072; x_wconf 77' lang='grc' dir='ltr'>ἐδήλουν</span> <span class='ocrx_word' id='word_1_278' title='bbox 1623 2005 1704 2073; x_wconf 80' lang='grc' dir='ltr'><strong>τῷ</strong></span> <span class='ocrx_word' id='word_1_279' title='bbox 1743 1998 2059 2074; x_wconf 81' lang='grc' dir='ltr'>πατριάρχῃ</span> 
     </span>
    </p>
   </div>
   <div class='ocr_carea' id='block_1_36' title="bbox 416 2088 2061 2165">
    <p class='ocr_par' dir='ltr' id='par_1_36' title="bbox 416 2088 2061 2165">
     <span class='ocr_line' id='line_1_36' title="bbox 416 2088 2061 2165; baseline -0.009 -8"><span class='ocrx_word' id='word_1_280' title='bbox 416 2101 451 2156; x_wconf 77' lang='grc' dir='ltr'>ἃ</span> <span class='ocrx_word' id='word_1_281' title='bbox 498 2121 557 2157; x_wconf 90' lang='grc' dir='ltr'><strong>τε</strong></span> <span class='ocrx_word' id='word_1_282' title='bbox 615 2096 757 2154; x_wconf 81' lang='grc' dir='ltr'>εἶδον</span> <span class='ocrx_word' id='word_1_283' title='bbox 815 2095 904 2153; x_wconf 84' lang='grc' dir='ltr'><strong>καὶ</strong></span> <span class='ocrx_word' id='word_1_284' title='bbox 963 2095 996 2150; x_wconf 78' lang='grc' dir='ltr'>ἃ</span> <span class='ocrx_word' id='word_1_285' title='bbox 1051 2092 1314 2165; x_wconf 76' lang='grc' dir='ltr'>ἤκουσαν,</span> <span class='ocrx_word' id='word_1_286' title='bbox 1361 2090 1658 2147; x_wconf 72' lang='grc' dir='ltr'>ἐπέκλασάν</span> <span class='ocrx_word' id='word_1_287' title='bbox 1689 2111 1748 2146; x_wconf 91' lang='grc' dir='ltr'><strong>τε</strong></span> <span class='ocrx_word' id='word_1_288' title='bbox 1791 2094 1909 2152; x_wconf 83' lang='grc' dir='ltr'>τοῖς</span> <span class='ocrx_word' id='word_1_289' title='bbox 1936 2088 2061 2164; x_wconf 85' lang='grc' dir='ltr'>περὶ</span> 
     </span>
    </p>
   </div>
   <div class='ocr_carea' id='block_1_37' title="bbox 415 2175 2060 2261">
    <p class='ocr_par' dir='ltr' id='par_1_37' title="bbox 415 2175 2060 2261">
     <span class='ocr_line' id='line_1_37' title="bbox 415 2175 2060 2261; baseline -0.009 -15"><span class='ocrx_word' id='word_1_290' title='bbox 415 2189 618 2246; x_wconf 76' lang='grc' dir='ltr'>ἐκεῖνον</span> <span class='ocrx_word' id='word_1_291' title='bbox 648 2188 747 2256; x_wconf 85' lang='grc' dir='ltr'>τὴν</span> <span class='ocrx_word' id='word_1_292' title='bbox 778 2183 1108 2261; x_wconf 85' lang='grc' dir='ltr'>προθυμίαν,</span> <span class='ocrx_word' id='word_1_293' title='bbox 1158 2182 1248 2238; x_wconf 90' lang='grc' dir='ltr'><strong>καὶ</strong></span> <span class='ocrx_word' id='word_1_294' title='bbox 1300 2181 1425 2256; x_wconf 80' lang='grc' dir='ltr'>περὶ</span> <span class='ocrx_word' id='word_1_295' title='bbox 1473 2181 1685 2242; x_wconf 74' lang='grc' dir='ltr'>ἑαυτοῖς</span> <span class='ocrx_word' id='word_1_296' title='bbox 1744 2175 2060 2256; x_wconf 81' lang='grc' dir='ltr'>ὠρῥώδουν,</span> 
     </span>
    </p>
   </div>
   <div class='ocr_carea' id='block_1_38' title="bbox 418 2402 2062 2486">
    <p class='ocr_par' dir='ltr' id='par_1_38' title="bbox 418 2402 2062 2486">
     <span class='ocr_line' id='line_1_38' title="bbox 418 2402 2062 2486; baseline -0.007 -18"><span class='ocrx_word' id='word_1_297' title='bbox 418 2409 687 2486; x_wconf 89' lang='lat' dir='ltr'><strong>perisset,</strong></span> <span class='ocrx_word' id='word_1_298' title='bbox 719 2406 1063 2480; x_wconf 86' lang='lat' dir='ltr'><strong>priusquam</strong></span> <span class='ocrx_word' id='word_1_299' title='bbox 1112 2402 1445 2476; x_wconf 81' lang='lat' dir='ltr'><strong>patriarcha</strong></span> <span class='ocrx_word' id='word_1_300' title='bbox 1493 2417 1626 2458; x_wconf 93' lang='lat' dir='ltr'><strong>cum</strong></span> <span class='ocrx_word' id='word_1_301' title='bbox 1659 2417 1806 2459; x_wconf 88' lang='lat' dir='ltr'><strong>nova</strong></span> <span class='ocrx_word' id='word_1_302' title='bbox 1844 2415 2062 2472; x_wconf 87' lang='lat' dir='ltr'><strong>sponsa</strong></span> 
     </span>
    </p>
   </div>
   <div class='ocr_carea' id='block_1_39' title="bbox 420 2489 2060 2565">
    <p class='ocr_par' dir='ltr' id='par_1_39' title="bbox 420 2489 2060 2565">
     <span class='ocr_line' id='line_1_39' title="bbox 420 2489 2060 2565; baseline -0.007 -9"><span class='ocrx_word' id='word_1_303' title='bbox 420 2499 684 2556; x_wconf 90' lang='lat' dir='ltr'><strong>Serbiam</strong></span> <span class='ocrx_word' id='word_1_304' title='bbox 715 2495 1137 2565; x_wconf 78' lang='lat' dir='ltr'><strong>ingrederetur.</strong></span> <span class='ocrx_word' id='word_1_305' title='bbox 1189 2495 1264 2547; x_wconf 82' lang='lat' dir='ltr'><strong>At</strong></span> <span class='ocrx_word' id='word_1_306' title='bbox 1308 2491 1531 2547; x_wconf 88' lang='lat' dir='ltr'><strong>Veccus</strong></span> <span class='ocrx_word' id='word_1_307' title='bbox 1589 2494 1647 2546; x_wconf 90' lang='lat' dir='ltr'><strong>et</strong></span> <span class='ocrx_word' id='word_1_308' title='bbox 1687 2489 2060 2547; x_wconf 87' lang='lat' dir='ltr'><strong>Cudumenes</strong></span> 
     </span>
    </p>
   </div>
   <div class='ocr_carea' id='block_1_40' title="bbox 419 2577 2061 2657">
    <p class='ocr_par' dir='ltr' id='par_1_40' title="bbox 419 2577 2061 2657">
     <span class='ocr_line' id='line_1_40' title="bbox 419 2577 2061 2657; baseline -0.007 -14"><span class='ocrx_word' id='word_1_309' title='bbox 419 2587 519 2643; x_wconf 90' lang='lat' dir='ltr'><strong>ubi</strong></span> <span class='ocrx_word' id='word_1_310' title='bbox 549 2600 881 2657; x_wconf 87' lang='lat' dir='ltr'><strong>pervenere,</strong></span> <span class='ocrx_word' id='word_1_311' title='bbox 917 2581 1058 2637; x_wconf 86' lang='lat' dir='ltr'><strong>adeo</strong></span> <span class='ocrx_word' id='word_1_312' title='bbox 1094 2579 1239 2634; x_wconf 86' lang='lat' dir='ltr'>nihil</span> <span class='ocrx_word' id='word_1_313' title='bbox 1273 2580 1352 2634; x_wconf 87' lang='lat' dir='ltr'><strong>ibi</strong></span> <span class='ocrx_word' id='word_1_314' title='bbox 1383 2581 1453 2634; x_wconf 87' lang='lat' dir='ltr'><strong>ad</strong></span> <span class='ocrx_word' id='word_1_315' title='bbox 1480 2577 1873 2634; x_wconf 81' lang='lat' dir='ltr'><strong>ministerium</strong></span> <span class='ocrx_word' id='word_1_316' title='bbox 1901 2593 2061 2633; x_wconf 89' lang='lat' dir='ltr'><strong>com-</strong></span> 
     </span>
    </p>
   </div>
   <div class='ocr_carea' id='block_1_41' title="bbox 421 2667 2064 2742">
    <p class='ocr_par' dir='ltr' id='par_1_41' title="bbox 421 2667 2064 2742">
     <span class='ocr_line' id='line_1_41' title="bbox 421 2667 2064 2742; baseline -0.007 -11"><span class='ocrx_word' id='word_1_317' title='bbox 421 2675 683 2740; x_wconf 90' lang='lat' dir='ltr'><strong>modum,</strong></span> <span class='ocrx_word' id='word_1_318' title='bbox 718 2673 786 2727; x_wconf 89' lang='lat' dir='ltr'><strong>ad</strong></span> <span class='ocrx_word' id='word_1_319' title='bbox 831 2671 1105 2742; x_wconf 83' lang='lat' dir='ltr'><strong>pompam</strong></span> <span class='ocrx_word' id='word_1_320' title='bbox 1139 2667 1426 2740; x_wconf 77' lang='lat' dir='ltr'><strong>exquisite</strong></span> <span class='ocrx_word' id='word_1_321' title='bbox 1473 2670 1910 2735; x_wconf 84' lang='lat' dir='ltr'><strong>ornamentum,</strong></span> <span class='ocrx_word' id='word_1_322' title='bbox 1963 2669 2064 2720; x_wconf 88' lang='lat' dir='ltr'><strong>aut</strong></span> 
     </span>
    </p>
   </div>
   <div class='ocr_carea' id='block_1_42' title="bbox 424 2756 2061 2829">
    <p class='ocr_par' dir='ltr' id='par_1_42' title="bbox 424 2756 2061 2829">
     <span class='ocr_line' id='line_1_42' title="bbox 424 2756 2061 2829; baseline -0.008 -8"><span class='ocrx_word' id='word_1_323' title='bbox 424 2762 660 2821; x_wconf 87' lang='lat' dir='ltr'><strong>omnino</strong></span> <span class='ocrx_word' id='word_1_324' title='bbox 713 2760 802 2818; x_wconf 87' lang='lat' dir='ltr'><strong>vel</strong></span> <span class='ocrx_word' id='word_1_325' title='bbox 855 2757 1133 2815; x_wconf 87' lang='lat' dir='ltr'><strong>mediocri</strong></span> <span class='ocrx_word' id='word_1_326' title='bbox 1175 2757 1418 2829; x_wconf 90' lang='lat' dir='ltr'><strong>dignum</strong></span> <span class='ocrx_word' id='word_1_327' title='bbox 1453 2756 1801 2829; x_wconf 77' lang='lat' dir='ltr'><strong>magistratu</strong></span> <span class='ocrx_word' id='word_1_328' title='bbox 1835 2768 2061 2826; x_wconf 90' lang='lat' dir='ltr'><strong>repere-</strong></span> 
     </span>
    </p>
   </div>
   <div class='ocr_carea' id='block_1_43' title="bbox 426 2843 2064 2923">
    <p class='ocr_par' dir='ltr' id='par_1_43' title="bbox 426 2843 2064 2923">
     <span class='ocr_line' id='line_1_43' title="bbox 426 2843 2064 2923; baseline -0.006 -14"><span class='ocrx_word' id='word_1_329' title='bbox 426 2857 588 2922; x_wconf 83' lang='lat' dir='ltr'><strong>runt,</strong></span> <span class='ocrx_word' id='word_1_330' title='bbox 619 2855 685 2907; x_wconf 88' lang='lat' dir='ltr'><strong>ut</strong></span> <span class='ocrx_word' id='word_1_331' title='bbox 716 2850 908 2923; x_wconf 90' lang='lat' dir='ltr'><strong>ipsum</strong></span> <span class='ocrx_word' id='word_1_332' title='bbox 945 2847 1178 2903; x_wconf 90' lang='lat' dir='ltr'><strong>illorum</strong></span> <span class='ocrx_word' id='word_1_333' title='bbox 1210 2846 1673 2902; x_wconf 78' lang='lat' dir='ltr'><strong>instrumentum</strong></span> <span class='ocrx_word' id='word_1_334' title='bbox 1716 2861 1783 2900; x_wconf 89' lang='lat' dir='ltr'><strong>ac</strong></span> <span class='ocrx_word' id='word_1_335' title='bbox 1821 2843 2064 2900; x_wconf 87' lang='lat' dir='ltr'><strong>comita-</strong></span> 
     </span>
    </p>
   </div>
   <div class='ocr_carea' id='block_1_44' title="bbox 429 2933 2064 3012">
    <p class='ocr_par' dir='ltr' id='par_1_44' title="bbox 429 2933 2064 3012">
     <span class='ocr_line' id='line_1_44' title="bbox 429 2933 2064 3012; baseline -0.006 -15"><span class='ocrx_word' id='word_1_336' title='bbox 429 2947 554 2997; x_wconf 91' lang='lat' dir='ltr'><strong>tum</strong></span> <span class='ocrx_word' id='word_1_337' title='bbox 588 2940 924 3012; x_wconf 84' lang='lat' dir='ltr'><strong>Stephanus</strong></span> <span class='ocrx_word' id='word_1_338' title='bbox 990 2936 1189 2993; x_wconf 91' lang='lat' dir='ltr'><strong>Uresis</strong></span> <span class='ocrx_word' id='word_1_339' title='bbox 1248 2935 1664 3002; x_wconf 81' lang='lat' dir='ltr'><strong>admiraretur,</strong></span> <span class='ocrx_word' id='word_1_340' title='bbox 1711 2934 1836 2990; x_wconf 90' lang='lat' dir='ltr'><strong>viso</strong></span> <span class='ocrx_word' id='word_1_341' title='bbox 1874 2933 2064 2989; x_wconf 89' lang='lat' dir='ltr'><strong>taber-</strong></span> 
     </span>
    </p>
   </div>
   <div class='ocr_carea' id='block_1_45' title="bbox 2167 1821 3745 1900">
    <p class='ocr_par' dir='ltr' id='par_1_45' title="bbox 2167 1821 3745 1900">
     <span class='ocr_line' id='line_1_45' title="bbox 2167 1821 3745 1900; baseline 0.001 -25"><span class='ocrx_word' id='word_1_342' title='bbox 2167 1841 2276 1890; x_wconf 86' lang='grc' dir='ltr'><strong>το,</strong></span> <span class='ocrx_word' id='word_1_343' title='bbox 2339 1821 2416 1894; x_wconf 76' lang='grc' dir='ltr'>μὴ</span> <span class='ocrx_word' id='word_1_344' title='bbox 2467 1821 2557 1876; x_wconf 84' lang='grc' dir='ltr'><strong>καὶ</strong></span> <span class='ocrx_word' id='word_1_345' title='bbox 2604 1822 2935 1896; x_wconf 74' lang='grc' dir='ltr'>νεωτερισθῇ</span> <span class='ocrx_word' id='word_1_346' title='bbox 2984 1843 3038 1877; x_wconf 87' lang='grc' dir='ltr'><strong>τι</strong></span> <span class='ocrx_word' id='word_1_347' title='bbox 3093 1821 3247 1900; x_wconf 89' lang='grc' dir='ltr'>σφίσι</span> <span class='ocrx_word' id='word_1_348' title='bbox 3296 1826 3402 1878; x_wconf 82' lang='grc' dir='ltr'><strong>τῶν</strong></span> <span class='ocrx_word' id='word_1_349' title='bbox 3457 1823 3745 1892; x_wconf 63' lang='grc' dir='ltr'>ἀνηκέστων·</span> 
     </span>
    </p>
   </div>
   <div class='ocr_carea' id='block_1_46' title="bbox 2167 1907 3745 1985">
    <p class='ocr_par' dir='ltr' id='par_1_46' title="bbox 2167 1907 3745 1985">
     <span class='ocr_line' id='line_1_46' title="bbox 2167 1907 3745 1985; baseline 0 -20"><span class='ocrx_word' id='word_1_350' title='bbox 2167 1908 2296 1972; x_wconf 79' lang='grc' dir='ltr'>τοὺς</span> <span class='ocrx_word' id='word_1_351' title='bbox 2322 1910 2424 1985; x_wconf 78' lang='grc' dir='ltr'><strong>γὰρ</strong></span> <span class='ocrx_word' id='word_1_352' title='bbox 2454 1909 2598 1966; x_wconf 75' lang='grc' dir='ltr'>οὕτω</span> <span class='ocrx_word' id='word_1_353' title='bbox 2627 1909 2719 1965; x_wconf 88' lang='grc' dir='ltr'><strong>καὶ</strong></span> <span class='ocrx_word' id='word_1_354' title='bbox 2746 1915 2867 1972; x_wconf 88' lang='grc' dir='ltr'>τοῖς</span> <span class='ocrx_word' id='word_1_355' title='bbox 2915 1908 3082 1973; x_wconf 78' lang='grc' dir='ltr'>ῒδίοις</span> <span class='ocrx_word' id='word_1_356' title='bbox 3123 1910 3220 1966; x_wconf 85' lang='grc' dir='ltr'><strong>καὶ</strong></span> <span class='ocrx_word' id='word_1_357' title='bbox 3271 1909 3475 1984; x_wconf 79' lang='grc' dir='ltr'>μᾶλλον</span> <span class='ocrx_word' id='word_1_358' title='bbox 3517 1916 3617 1971; x_wconf 81' lang='grc' dir='ltr'>τοῖς</span> <span class='ocrx_word' id='word_1_359' title='bbox 3638 1907 3745 1965; x_wconf 63' lang='lat' dir='ltr'><strong>Mt-</strong></span> 
     </span>
    </p>
   </div>
   <div class='ocr_carea' id='block_1_47' title="bbox 2170 1996 3746 2075">
    <p class='ocr_par' dir='ltr' id='par_1_47' title="bbox 2170 1996 3746 2075">
     <span class='ocr_line' id='line_1_47' title="bbox 2170 1996 3746 2075; baseline -0.001 -21"><span class='ocrx_word' id='word_1_360' title='bbox 2170 1999 2282 2070; x_wconf 81' lang='grc' dir='ltr'>ξοις</span> <span class='ocrx_word' id='word_1_361' title='bbox 2309 1998 2402 2054; x_wconf 86' lang='grc' dir='ltr'><strong>καὶ</strong></span> <span class='ocrx_word' id='word_1_362' title='bbox 2431 1997 2697 2073; x_wconf 82' lang='grc' dir='ltr'>ἄρχουσιν</span> <span class='ocrx_word' id='word_1_363' title='bbox 2743 1997 3118 2073; x_wconf 72' lang='grc' dir='ltr'>ἐνεδρεύοντας</span> <span class='ocrx_word' id='word_1_364' title='bbox 3170 1996 3352 2074; x_wconf 81' lang='grc' dir='ltr'>σχολῇ</span> <span class='ocrx_word' id='word_1_365' title='bbox 3399 2003 3516 2075; x_wconf 79' lang='grc' dir='ltr'>γοῦν</span> <span class='ocrx_word' id='word_1_366' title='bbox 3559 1999 3746 2072; x_wconf 72' lang='grc' dir='ltr'>ἀποσχίι</span> 
     </span>
    </p>
   </div>
   <div class='ocr_carea' id='block_1_48' title="bbox 2171 2085 3747 2163">
    <p class='ocr_par' dir='ltr' id='par_1_48' title="bbox 2171 2085 3747 2163">
     <span class='ocr_line' id='line_1_48' title="bbox 2171 2085 3747 2163; baseline -0.001 -21"><span class='ocrx_word' id='word_1_367' title='bbox 2171 2098 2293 2152; x_wconf 90' lang='grc' dir='ltr'>σθαι</span> <span class='ocrx_word' id='word_1_368' title='bbox 2317 2086 2792 2162; x_wconf 65' lang='grc' dir='ltr'>τῶνζάλλοτρίων.</span> <span class='ocrx_word' id='word_1_369' title='bbox 2841 2088 3078 2146; x_wconf 85' lang='grc' dir='ltr'>Ἤκουον</span> <span class='ocrx_word' id='word_1_370' title='bbox 3107 2085 3169 2143; x_wconf 72' lang='grc' dir='ltr'>δὲ</span> <span class='ocrx_word' id='word_1_371' title='bbox 3215 2089 3305 2143; x_wconf 87' lang='grc' dir='ltr'><strong>καὶ</strong></span> <span class='ocrx_word' id='word_1_372' title='bbox 3352 2089 3491 2163; x_wconf 79' lang='grc' dir='ltr'><strong>παρά</strong></span> <span class='ocrx_word' id='word_1_373' title='bbox 3527 2085 3747 2160; x_wconf 79' lang='grc' dir='ltr'>Γεωργίου</span> 
     </span>
    </p>
   </div>
   <div class='ocr_carea' id='block_1_49' title="bbox 2167 2172 3750 2254">
    <p class='ocr_par' dir='ltr' id='par_1_49' title="bbox 2167 2172 3750 2254">
     <span class='ocr_line' id='line_1_49' title="bbox 2167 2172 3750 2254; baseline -0.001 -23"><span class='ocrx_word' id='word_1_374' title='bbox 2167 2175 2236 2231; x_wconf 79' lang='grc' dir='ltr'>τὰ</span> <span class='ocrx_word' id='word_1_375' title='bbox 2267 2177 2365 2249; x_wconf 75' lang='grc' dir='ltr'><strong>μὲν</strong></span> <span class='ocrx_word' id='word_1_376' title='bbox 2395 2175 2471 2240; x_wconf 74' lang='grc' dir='ltr'><strong>εἷς</strong></span> <span class='ocrx_word' id='word_1_377' title='bbox 2519 2172 2803 2254; x_wconf 82' lang='grc' dir='ltr'>πρεσϐείαν</span> <span class='ocrx_word' id='word_1_378' title='bbox 2833 2177 3006 2248; x_wconf 84' lang='grc' dir='ltr'>πάντη</span> <span class='ocrx_word' id='word_1_379' title='bbox 3054 2182 3137 2250; x_wconf 81' lang='grc' dir='ltr'>τῷ</span> <span class='ocrx_word' id='word_1_380' title='bbox 3179 2181 3368 2250; x_wconf 84' lang='grc' dir='ltr'>σκοπῷ</span> <span class='ocrx_word' id='word_1_381' title='bbox 3409 2181 3508 2234; x_wconf 80' lang='grc' dir='ltr'>τῶν</span> <span class='ocrx_word' id='word_1_382' title='bbox 3540 2173 3750 2251; x_wconf 61' lang='grc' dir='ltr'>βασιλέων</span> 
     </span>
    </p>
   </div>
   <div class='ocr_carea' id='block_1_50' title="bbox 2169 2396 3748 2472">
    <p class='ocr_par' dir='ltr' id='par_1_50' title="bbox 2169 2396 3748 2472">
     <span class='ocr_line' id='line_1_50' title="bbox 2169 2396 3748 2472; baseline -0.002 -18"><span class='ocrx_word' id='word_1_383' title='bbox 2169 2397 2447 2456; x_wconf 79' lang='lat' dir='ltr'><strong>familiari</strong></span> <span class='ocrx_word' id='word_1_384' title='bbox 2479 2398 2845 2457; x_wconf 88' lang='lat' dir='ltr'><strong>ministerio:</strong></span> <span class='ocrx_word' id='word_1_385' title='bbox 2872 2397 2985 2472; x_wconf 85' lang='lat' dir='ltr'><strong>ipsi</strong></span> <span class='ocrx_word' id='word_1_386' title='bbox 3034 2401 3228 2472; x_wconf 75' lang='lat' dir='ltr'><strong>empto</strong></span> <span class='ocrx_word' id='word_1_387' title='bbox 3272 2396 3625 2456; x_wconf 87' lang='lat' dir='ltr'><strong>itinerelents</strong></span> <span class='ocrx_word' id='word_1_388' title='bbox 3648 2412 3748 2468; x_wconf 82' lang='lat' dir='ltr'><strong>per-</strong></span> 
     </span>
    </p>
   </div>
   <div class='ocr_carea' id='block_1_51' title="bbox 2169 2486 3749 2562">
    <p class='ocr_par' dir='ltr' id='par_1_51' title="bbox 2169 2486 3749 2562">
     <span class='ocr_line' id='line_1_51' title="bbox 2169 2486 3749 2562; baseline -0.004 -17"><span class='ocrx_word' id='word_1_389' title='bbox 2169 2489 2766 2562; x_wconf 68' lang='lat' dir='ltr'><strong>gentes,prremiltunt</strong></span> <span class='ocrx_word' id='word_1_390' title='bbox 2786 2487 3024 2546; x_wconf 89' lang='lat' dir='ltr'><strong>nuntios</strong></span> <span class='ocrx_word' id='word_1_391' title='bbox 3049 2488 3122 2544; x_wconf 90' lang='lat' dir='ltr'><strong>ad</strong></span> <span class='ocrx_word' id='word_1_392' title='bbox 3148 2487 3399 2559; x_wconf 84' lang='lat' dir='ltr'><strong>Uresim,</strong></span> <span class='ocrx_word' id='word_1_393' title='bbox 3421 2487 3512 2560; x_wconf 89' lang='lat' dir='ltr'><strong>qui</strong></span> <span class='ocrx_word' id='word_1_394' title='bbox 3529 2486 3749 2542; x_wconf 82' lang='lat' dir='ltr'><strong>docerent</strong></span> 
     </span>
    </p>
   </div>
   <div class='ocr_carea' id='block_1_52' title="bbox 2170 2575 3750 2649">
    <p class='ocr_par' dir='ltr' id='par_1_52' title="bbox 2170 2575 3750 2649">
     <span class='ocr_line' id='line_1_52' title="bbox 2170 2575 3750 2649; baseline -0.004 -16"><span class='ocrx_word' id='word_1_395' title='bbox 2170 2578 2610 2649; x_wconf 72' lang='lat' dir='ltr'><strong>praestolaturos</strong></span> <span class='ocrx_word' id='word_1_396' title='bbox 2649 2595 2710 2635; x_wconf 89' lang='lat' dir='ltr'><strong>se</strong></span> <span class='ocrx_word' id='word_1_397' title='bbox 2747 2579 3024 2634; x_wconf 88' lang='lat' dir='ltr'><strong>mandata</strong></span> <span class='ocrx_word' id='word_1_398' title='bbox 3061 2578 3194 2648; x_wconf 83' lang='lat' dir='ltr'><strong>ejus</strong></span> <span class='ocrx_word' id='word_1_399' title='bbox 3244 2582 3302 2633; x_wconf 90' lang='lat' dir='ltr'><strong>et</strong></span> <span class='ocrx_word' id='word_1_400' title='bbox 3339 2592 3593 2633; x_wconf 90' lang='lat' dir='ltr'><strong>occursus</strong></span> <span class='ocrx_word' id='word_1_401' title='bbox 3619 2575 3676 2629; x_wconf 82' lang='lat' dir='ltr'><strong>ab</strong></span> <span class='ocrx_word' id='word_1_402' title='bbox 3698 2587 3750 2628; x_wconf 88' lang='lat' dir='ltr'><strong>eo</strong></span> 
     </span>
    </p>
   </div>
   <div class='ocr_carea' id='block_1_53' title="bbox 2173 2660 3750 2740">
    <p class='ocr_par' dir='ltr' id='par_1_53' title="bbox 2173 2660 3750 2740">
     <span class='ocr_line' id='line_1_53' title="bbox 2173 2660 3750 2740; baseline -0.006 -15"><span class='ocrx_word' id='word_1_403' title='bbox 2173 2669 2490 2725; x_wconf 88' lang='lat' dir='ltr'><strong>missorum</strong></span> <span class='ocrx_word' id='word_1_404' title='bbox 2521 2668 2675 2740; x_wconf 88' lang='lat' dir='ltr'><strong>apud</strong></span> <span class='ocrx_word' id='word_1_405' title='bbox 2710 2668 3011 2740; x_wconf 87' lang='lat' dir='ltr'><strong>Pologum.</strong></span> <span class='ocrx_word' id='word_1_406' title='bbox 3043 2668 3148 2723; x_wconf 87' lang='lat' dir='ltr'><strong>Est</strong></span> <span class='ocrx_word' id='word_1_407' title='bbox 3170 2666 3229 2722; x_wconf 89' lang='lat' dir='ltr'><strong>id</strong></span> <span class='ocrx_word' id='word_1_408' title='bbox 3255 2666 3362 2723; x_wconf 91' lang='lat' dir='ltr'><strong>loci</strong></span> <span class='ocrx_word' id='word_1_409' title='bbox 3386 2681 3576 2722; x_wconf 84' lang='lat' dir='ltr'><strong>nomen</strong></span> <span class='ocrx_word' id='word_1_410' title='bbox 3607 2660 3750 2736; x_wconf 83' lang='lat' dir='ltr'><strong>patria</strong></span> 
     </span>
    </p>
   </div>
   <div class='ocr_carea' id='block_1_54' title="bbox 2171 2750 3752 2829">
    <p class='ocr_par' dir='ltr' id='par_1_54' title="bbox 2171 2750 3752 2829">
     <span class='ocr_line' id='line_1_54' title="bbox 2171 2750 3752 2829; baseline -0.006 -14"><span class='ocrx_word' id='word_1_411' title='bbox 2171 2759 2487 2815; x_wconf 85' lang='lat' dir='ltr'><strong>Serborum</strong></span> <span class='ocrx_word' id='word_1_412' title='bbox 2521 2757 2728 2829; x_wconf 85' lang='lat' dir='ltr'><strong>lingua</strong></span> <span class='ocrx_word' id='word_1_413' title='bbox 2755 2773 2996 2828; x_wconf 83' lang='lat' dir='ltr'><strong>sonans,</strong></span> <span class='ocrx_word' id='word_1_414' title='bbox 3030 2760 3094 2812; x_wconf 90' lang='lat' dir='ltr'><strong>ut</strong></span> <span class='ocrx_word' id='word_1_415' title='bbox 3121 2756 3311 2824; x_wconf 90' lang='lat' dir='ltr'><strong>aiunt,</strong></span> <span class='ocrx_word' id='word_1_416' title='bbox 3347 2771 3538 2812; x_wconf 88' lang='lat' dir='ltr'><strong>nemus</strong></span> <span class='ocrx_word' id='word_1_417' title='bbox 3568 2751 3664 2808; x_wconf 93' lang='lat' dir='ltr'><strong>Dei.</strong></span> <span class='ocrx_word' id='word_1_418' title='bbox 3692 2750 3752 2806; x_wconf 79' lang='lat' dir='ltr'><strong>Ea</strong></span> 
     </span>
    </p>
   </div>
   <div class='ocr_carea' id='block_1_55' title="bbox 2174 2842 3749 2922">
    <p class='ocr_par' dir='ltr' id='par_1_55' title="bbox 2174 2842 3749 2922">
     <span class='ocr_line' id='line_1_55' title="bbox 2174 2842 3749 2922; baseline -0.007 -15"><span class='ocrx_word' id='word_1_419' title='bbox 2174 2867 2275 2921; x_wconf 90' lang='lat' dir='ltr'><strong>spe</strong></span> <span class='ocrx_word' id='word_1_420' title='bbox 2291 2848 2609 2922; x_wconf 67' lang='lat' dir='ltr'><strong>Lipaenium</strong></span> <span class='ocrx_word' id='word_1_421' title='bbox 2633 2848 3150 2921; x_wconf 83' lang='lat' dir='ltr'><strong>progredientibus</strong></span> <span class='ocrx_word' id='word_1_422' title='bbox 3169 2847 3420 2904; x_wconf 86' lang='lat' dir='ltr'><strong>occurrit</strong></span> <span class='ocrx_word' id='word_1_423' title='bbox 3435 2842 3612 2902; x_wconf 89' lang='lat' dir='ltr'><strong>acrale</strong></span> <span class='ocrx_word' id='word_1_424' title='bbox 3625 2843 3749 2913; x_wconf 79' lang='lat' dir='ltr'><strong>legs-</strong></span> 
     </span>
    </p>
   </div>
   <div class='ocr_carea' id='block_1_56' title="bbox 2177 2932 3749 3010">
    <p class='ocr_par' dir='ltr' id='par_1_56' title="bbox 2177 2932 3749 3010">
     <span class='ocr_line' id='line_1_56' title="bbox 2177 2932 3749 3010; baseline -0.007 -15"><span class='ocrx_word' id='word_1_425' title='bbox 2177 2939 2280 3007; x_wconf 88' lang='lat' dir='ltr'><strong>tio,</strong></span> <span class='ocrx_word' id='word_1_426' title='bbox 2303 2939 2478 3010; x_wconf 86' lang='lat' dir='ltr'><strong>cujus</strong></span> <span class='ocrx_word' id='word_1_427' title='bbox 2509 2943 2627 2994; x_wconf 89' lang='lat' dir='ltr'><strong>erat</strong></span> <span class='ocrx_word' id='word_1_428' title='bbox 2653 2943 2829 3010; x_wconf 91' lang='lat' dir='ltr'><strong>caput</strong></span> <span class='ocrx_word' id='word_1_429' title='bbox 2856 2937 3139 3007; x_wconf 76' lang='lat' dir='ltr'><strong>Georgius</strong></span> <span class='ocrx_word' id='word_1_430' title='bbox 3173 2937 3434 3010; x_wconf 87' lang='lat' dir='ltr'><strong>quidam,</strong></span> <span class='ocrx_word' id='word_1_431' title='bbox 3465 2932 3749 3004; x_wconf 82' lang='lat' dir='ltr'><strong>magistratu</strong></span> 
     </span>
    </p>
   </div>
   <div class='ocr_carea' id='block_1_57' title="bbox 426 3021 3753 3109">
    <p class='ocr_par' dir='ltr' id='par_1_57' title="bbox 426 3021 3753 3109">
     <span class='ocr_line' id='line_1_57' title="bbox 426 3021 3753 3109; baseline -0.002 -23"><span class='ocrx_word' id='word_1_432' title='bbox 426 3030 656 3098; x_wconf 86' lang='lat' dir='ltr'><strong>naculo,</strong></span> <span class='ocrx_word' id='word_1_433' title='bbox 735 3026 1056 3101; x_wconf 71' lang='lat' dir='ltr'><strong>praesertim</strong></span> <span class='ocrx_word' id='word_1_434' title='bbox 1115 3029 1310 3081; x_wconf 90' lang='lat' dir='ltr'><strong>autem</strong></span> <span class='ocrx_word' id='word_1_435' title='bbox 1378 3024 1604 3080; x_wconf 85' lang='lat' dir='ltr'><strong>familia</strong></span> <span class='ocrx_word' id='word_1_436' title='bbox 1664 3022 2066 3096; x_wconf 75' lang='lat' dir='ltr'><strong>obsequioque</strong></span> <span class='ocrx_word' id='word_1_437' title='bbox 2097 3041 2138 3109; x_wconf 71' lang='grc' dir='ltr'><strong>ρ</strong></span> <span class='ocrx_word' id='word_1_438' title='bbox 2176 3028 2296 3084; x_wconf 88' lang='lat' dir='ltr'><strong>illic</strong></span> <span class='ocrx_word' id='word_1_439' title='bbox 2327 3027 2506 3084; x_wconf 84' lang='lat' dir='ltr'><strong>simili</strong></span> <span class='ocrx_word' id='word_1_440' title='bbox 2560 3028 2845 3100; x_wconf 69' lang='lat' dir='ltr'><strong>praeditus</strong></span> <span class='ocrx_word' id='word_1_441' title='bbox 2889 3027 3018 3098; x_wconf 87' lang='lat' dir='ltr'><strong>ejus</strong></span> <span class='ocrx_word' id='word_1_442' title='bbox 3059 3025 3162 3099; x_wconf 87' lang='lat' dir='ltr'><strong>qui</strong></span> <span class='ocrx_word' id='word_1_443' title='bbox 3217 3041 3478 3082; x_wconf 86' lang='lat' dir='ltr'><strong>mesazon</strong></span> <span class='ocrx_word' id='word_1_444' title='bbox 3508 3021 3638 3094; x_wconf 86' lang='lat' dir='ltr'><strong>apud</strong></span> <span class='ocrx_word' id='word_1_445' title='bbox 3674 3033 3753 3074; x_wconf 77' lang='lat' dir='ltr'><strong>nos</strong></span> 
     </span>
    </p>
   </div>
   <div class='ocr_carea' id='block_1_58' title="bbox 424 3113 2064 3189">
    <p class='ocr_par' dir='ltr' id='par_1_58' title="bbox 424 3113 2064 3189">
     <span class='ocr_line' id='line_1_58' title="bbox 424 3113 2064 3189; baseline -0.007 -12"><span class='ocrx_word' id='word_1_446' title='bbox 424 3115 1031 3189; x_wconf 88' lang='lat' dir='ltr'><strong>eunuchorum,quasi</strong></span> <span class='ocrx_word' id='word_1_447' title='bbox 1053 3115 1474 3187; x_wconf 89' lang='lat' dir='ltr'><strong>obstupesceus</strong></span> <span class='ocrx_word' id='word_1_448' title='bbox 1497 3113 1970 3185; x_wconf 88' lang='lat' dir='ltr'><strong>inopinatissima</strong></span> <span class='ocrx_word' id='word_1_449' title='bbox 1982 3128 2064 3180; x_wconf 90' lang='lat' dir='ltr'><strong>re,</strong></span> 
     </span>
    </p>
   </div>
   <div class='ocr_carea' id='block_1_59' title="bbox 420 3205 2062 3282">
    <p class='ocr_par' dir='ltr' id='par_1_59' title="bbox 420 3205 2062 3282">
     <span class='ocr_line' id='line_1_59' title="bbox 420 3205 2062 3282; baseline -0.005 -18"><span class='ocrx_word' id='word_1_450' title='bbox 420 3213 707 3282; x_wconf 67' lang='lat' dir='ltr'><strong>quaereret</strong></span> <span class='ocrx_word' id='word_1_451' title='bbox 737 3207 879 3279; x_wconf 91' lang='lat' dir='ltr'><strong>quid</strong></span> <span class='ocrx_word' id='word_1_452' title='bbox 919 3206 1042 3262; x_wconf 66' lang='lat' dir='ltr'><strong>haec</strong></span> <span class='ocrx_word' id='word_1_453' title='bbox 1073 3205 1309 3260; x_wconf 84' lang='lat' dir='ltr'><strong>tandem</strong></span> <span class='ocrx_word' id='word_1_454' title='bbox 1343 3208 1542 3260; x_wconf 89' lang='lat' dir='ltr'><strong>essent</strong></span> <span class='ocrx_word' id='word_1_455' title='bbox 1571 3207 1628 3258; x_wconf 90' lang='lat' dir='ltr'><strong>et</strong></span> <span class='ocrx_word' id='word_1_456' title='bbox 1670 3218 1844 3273; x_wconf 92' lang='lat' dir='ltr'><strong>quem</strong></span> <span class='ocrx_word' id='word_1_457' title='bbox 1885 3217 2062 3257; x_wconf 92' lang='lat' dir='ltr'><strong>usum</strong></span> 
     </span>
    </p>
   </div>
   <div class='ocr_carea' id='block_1_60' title="bbox 421 3290 2061 3366">
    <p class='ocr_par' dir='ltr' id='par_1_60' title="bbox 421 3290 2061 3366">
     <span class='ocr_line' id='line_1_60' title="bbox 421 3290 2061 3366; baseline -0.005 -12"><span class='ocrx_word' id='word_1_458' title='bbox 421 3299 725 3366; x_wconf 90' lang='lat' dir='ltr'><strong>haberent,</strong></span> <span class='ocrx_word' id='word_1_459' title='bbox 759 3313 889 3352; x_wconf 92' lang='lat' dir='ltr'><strong>cum</strong></span> <span class='ocrx_word' id='word_1_460' title='bbox 947 3311 1080 3350; x_wconf 90' lang='lat' dir='ltr'><strong>vero</strong></span> <span class='ocrx_word' id='word_1_461' title='bbox 1123 3293 1385 3349; x_wconf 84' lang='lat' dir='ltr'><strong>audisset</strong></span> <span class='ocrx_word' id='word_1_462' title='bbox 1441 3296 1664 3362; x_wconf 89' lang='lat' dir='ltr'><strong>partem</strong></span> <span class='ocrx_word' id='word_1_463' title='bbox 1724 3307 1854 3347; x_wconf 89' lang='lat' dir='ltr'><strong>esse</strong></span> <span class='ocrx_word' id='word_1_464' title='bbox 1903 3290 2061 3346; x_wconf 87' lang='lat' dir='ltr'><strong>illam</strong></span> 
     </span>
    </p>
   </div>
   <div class='ocr_carea' id='block_1_61' title="bbox 423 3379 2065 3458">
    <p class='ocr_par' dir='ltr' id='par_1_61' title="bbox 423 3379 2065 3458">
     <span class='ocr_line' id='line_1_61' title="bbox 423 3379 2065 3458; baseline -0.004 -17"><span class='ocrx_word' id='word_1_465' title='bbox 423 3386 786 3458; x_wconf 71' lang='lat' dir='ltr'><strong>praemissam</strong></span> <span class='ocrx_word' id='word_1_466' title='bbox 819 3381 1081 3439; x_wconf 88' lang='lat' dir='ltr'><strong>satellitii</strong></span> <span class='ocrx_word' id='word_1_467' title='bbox 1123 3399 1188 3436; x_wconf 90' lang='lat' dir='ltr'><strong>ac</strong></span> <span class='ocrx_word' id='word_1_468' title='bbox 1219 3380 1598 3452; x_wconf 87' lang='lat' dir='ltr'><strong>supellectilis</strong></span> <span class='ocrx_word' id='word_1_469' title='bbox 1616 3381 1827 3452; x_wconf 65' lang='lat' dir='ltr'><strong>reginae</strong></span> <span class='ocrx_word' id='word_1_470' title='bbox 1851 3379 2065 3434; x_wconf 87' lang='lat' dir='ltr'><strong>adven-</strong></span> 
     </span>
    </p>
   </div>
   <div class='ocr_carea' id='block_1_62' title="bbox 423 3468 2064 3542">
    <p class='ocr_par' dir='ltr' id='par_1_62' title="bbox 423 3468 2064 3542">
     <span class='ocr_line' id='line_1_62' title="bbox 423 3468 2064 3542; baseline -0.002 -13"><span class='ocrx_word' id='word_1_471' title='bbox 423 3473 628 3542; x_wconf 86' lang='lat' dir='ltr'><strong>tantis,</strong></span> <span class='ocrx_word' id='word_1_472' title='bbox 689 3470 1075 3528; x_wconf 90' lang='lat' dir='ltr'><strong>indolescenti</strong></span> <span class='ocrx_word' id='word_1_473' title='bbox 1132 3469 1344 3525; x_wconf 89' lang='lat' dir='ltr'><strong>similis</strong></span> <span class='ocrx_word' id='word_1_474' title='bbox 1393 3468 1798 3525; x_wconf 83' lang='lat' dir='ltr'><strong>exclamaret:</strong></span> <span class='ocrx_word' id='word_1_475' title='bbox 1858 3492 1880 3519; x_wconf 77' lang='grc' dir='ltr'><strong>ι</strong></span> <span class='ocrx_word' id='word_1_476' title='bbox 1916 3472 2064 3536; x_wconf 86' lang='lat' dir='ltr'><strong>Heu,</strong></span> 
     </span>
    </p>
   </div>
   <div class='ocr_carea' id='block_1_63' title="bbox 423 3556 2064 3633">
    <p class='ocr_par' dir='ltr' id='par_1_63' title="bbox 423 3556 2064 3633">
     <span class='ocr_line' id='line_1_63' title="bbox 423 3556 2064 3633; baseline -0.002 -16"><span class='ocrx_word' id='word_1_477' title='bbox 423 3563 557 3628; x_wconf 91' lang='lat' dir='ltr'><strong>heu,</strong></span> <span class='ocrx_word' id='word_1_478' title='bbox 594 3579 719 3633; x_wconf 75' lang='lat' dir='ltr'><strong>qua:</strong></span> <span class='ocrx_word' id='word_1_479' title='bbox 750 3564 807 3616; x_wconf 88' lang='lat' dir='ltr'><strong>et</strong></span> <span class='ocrx_word' id='word_1_480' title='bbox 835 3575 1117 3632; x_wconf 90' lang='lat' dir='ltr'><strong>quorsum</strong></span> <span class='ocrx_word' id='word_1_481' title='bbox 1145 3557 1258 3614; x_wconf 88' lang='lat' dir='ltr'><strong>ista</strong></span> <span class='ocrx_word' id='word_1_482' title='bbox 1278 3557 1305 3613; x_wconf 79' lang='lat' dir='ltr'><strong>‘I</strong></span> <span class='ocrx_word' id='word_1_483' title='bbox 1334 3558 1452 3613; x_wconf 89' lang='lat' dir='ltr'><strong>Nos</strong></span> <span class='ocrx_word' id='word_1_484' title='bbox 1480 3557 1692 3613; x_wconf 89' lang='lat' dir='ltr'><strong>harum</strong></span> <span class='ocrx_word' id='word_1_485' title='bbox 1723 3556 2064 3614; x_wconf 85' lang='lat' dir='ltr'><strong>deliciarum</strong></span> 
     </span>
    </p>
   </div>
   <div class='ocr_carea' id='block_1_64' title="bbox 422 3646 2065 3718">
    <p class='ocr_par' dir='ltr' id='par_1_64' title="bbox 422 3646 2065 3718">
     <span class='ocr_line' id='line_1_64' title="bbox 422 3646 2065 3718; baseline -0.003 -11"><span class='ocrx_word' id='word_1_486' title='bbox 422 3666 594 3707; x_wconf 89' lang='lat' dir='ltr'><strong>usum</strong></span> <span class='ocrx_word' id='word_1_487' title='bbox 623 3667 736 3705; x_wconf 91' lang='lat' dir='ltr'><strong>non</strong></span> <span class='ocrx_word' id='word_1_488' title='bbox 770 3649 1094 3718; x_wconf 88' lang='lat' dir='ltr'><strong>habemus;</strong></span> <span class='ocrx_word' id='word_1_489' title='bbox 1130 3668 1158 3698; x_wconf 85' lang='lat'>»</span> <span class='ocrx_word' id='word_1_490' title='bbox 1191 3651 1246 3702; x_wconf 86' lang='lat' dir='ltr'><strong>et</strong></span> <span class='ocrx_word' id='word_1_491' title='bbox 1275 3647 1429 3704; x_wconf 73' lang='lat'><strong>352</strong></span> <span class='ocrx_word' id='word_1_492' title='bbox 1452 3646 1572 3702; x_wconf 72' lang='lat' dir='ltr'><strong>haec</strong></span> <span class='ocrx_word' id='word_1_493' title='bbox 1600 3646 1844 3717; x_wconf 88' lang='lat' dir='ltr'><strong>loquens</strong></span> <span class='ocrx_word' id='word_1_494' title='bbox 1889 3646 2065 3702; x_wconf 88' lang='lat' dir='ltr'><strong>simul</strong></span> 
     </span>
    </p>
   </div>
   <div class='ocr_carea' id='block_1_65' title="bbox 419 3735 2067 3809">
    <p class='ocr_par' dir='ltr' id='par_1_65' title="bbox 419 3735 2067 3809">
     <span class='ocr_line' id='line_1_65' title="bbox 419 3735 2067 3809; baseline -0.002 -14"><span class='ocrx_word' id='word_1_495' title='bbox 419 3755 635 3796; x_wconf 88' lang='lat' dir='ltr'><strong>nurum</strong></span> <span class='ocrx_word' id='word_1_496' title='bbox 668 3739 1003 3795; x_wconf 88' lang='lat' dir='ltr'><strong>ostenderet</strong></span> <span class='ocrx_word' id='word_1_497' title='bbox 1029 3736 1374 3809; x_wconf 90' lang='lat' dir='ltr'><strong>paupertino</strong></span> <span class='ocrx_word' id='word_1_498' title='bbox 1407 3735 1705 3792; x_wconf 87' lang='lat' dir='ltr'><strong>sordidam</strong></span> <span class='ocrx_word' id='word_1_499' title='bbox 1731 3735 1950 3792; x_wconf 90' lang='lat' dir='ltr'><strong>vestitu</strong></span> <span class='ocrx_word' id='word_1_500' title='bbox 2001 3752 2067 3792; x_wconf 89' lang='lat' dir='ltr'><strong>ac</strong></span> 
     </span>
    </p>
   </div>
   <div class='ocr_carea' id='block_1_66' title="bbox 418 3825 2065 3898">
    <p class='ocr_par' dir='ltr' id='par_1_66' title="bbox 418 3825 2065 3898">
     <span class='ocr_line' id='line_1_66' title="bbox 418 3825 2065 3898; baseline -0.002 -14"><span class='ocrx_word' id='word_1_501' title='bbox 418 3828 672 3885; x_wconf 85' lang='lat' dir='ltr'><strong>laniﬁcio</strong></span> <span class='ocrx_word' id='word_1_502' title='bbox 705 3829 1014 3892; x_wconf 89' lang='lat' dir='ltr'><strong>intentam,</strong></span> <span class='ocrx_word' id='word_1_503' title='bbox 1049 3843 1283 3898; x_wconf 90' lang='lat' dir='ltr'><strong>unaque</strong></span> <span class='ocrx_word' id='word_1_504' title='bbox 1313 3842 1490 3882; x_wconf 90' lang='lat' dir='ltr'><strong>manu</strong></span> <span class='ocrx_word' id='word_1_505' title='bbox 1525 3841 1652 3881; x_wconf 88' lang='lat' dir='ltr'><strong>eam</strong></span> <span class='ocrx_word' id='word_1_506' title='bbox 1677 3825 1946 3882; x_wconf 88' lang='lat' dir='ltr'><strong>indicans</strong></span> <span class='ocrx_word' id='word_1_507' title='bbox 1967 3843 2065 3881; x_wconf 90' lang='lat' dir='ltr'><strong>su-</strong></span> 
     </span>
    </p>
   </div>
   <div class='ocr_carea' id='block_1_67' title="bbox 419 3913 2066 3990">
    <p class='ocr_par' dir='ltr' id='par_1_67' title="bbox 419 3913 2066 3990">
     <span class='ocr_line' id='line_1_67' title="bbox 419 3913 2066 3990; baseline -0.001 -18"><span class='ocrx_word' id='word_1_508' title='bbox 419 3917 660 3990; x_wconf 88' lang='lat' dir='ltr'><strong>bjiceret</strong></span> <span class='ocrx_word' id='word_1_509' title='bbox 690 3932 706 3972; x_wconf 90' lang='lat'><strong>:</strong></span> <span class='ocrx_word' id='word_1_510' title='bbox 745 3940 766 3966; x_wconf 75' lang='grc' dir='ltr'><strong>ι</strong></span> <span class='ocrx_word' id='word_1_511' title='bbox 803 3917 882 3972; x_wconf 88' lang='lat' dir='ltr'><strong>En</strong></span> <span class='ocrx_word' id='word_1_512' title='bbox 933 3914 1034 3971; x_wconf 86' lang='lat' dir='ltr'><strong>tali</strong></span> <span class='ocrx_word' id='word_1_513' title='bbox 1067 3931 1172 3971; x_wconf 90' lang='lat' dir='ltr'><strong>nos</strong></span> <span class='ocrx_word' id='word_1_514' title='bbox 1204 3913 1366 3971; x_wconf 92' lang='lat' dir='ltr'><strong>cultu</strong></span> <span class='ocrx_word' id='word_1_515' title='bbox 1419 3931 1604 3970; x_wconf 90' lang='lat' dir='ltr'><strong>nurus</strong></span> <span class='ocrx_word' id='word_1_516' title='bbox 1652 3915 2066 3971; x_wconf 89' lang='lat' dir='ltr'><strong>consuevimus</strong></span> 
     </span>
    </p>
   </div>
   <div class='ocr_carea' id='block_1_68' title="bbox 418 4002 2064 4077">
    <p class='ocr_par' dir='ltr' id='par_1_68' title="bbox 418 4002 2064 4077">
     <span class='ocr_line' id='line_1_68' title="bbox 418 4002 2064 4077; baseline -0.001 -15"><span class='ocrx_word' id='word_1_517' title='bbox 418 4006 715 4062; x_wconf 89' lang='lat' dir='ltr'><strong>habere.»</strong></span> <span class='ocrx_word' id='word_1_518' title='bbox 754 4005 928 4061; x_wconf 86' lang='lat' dir='ltr'><strong>Porro</strong></span> <span class='ocrx_word' id='word_1_519' title='bbox 958 4004 1017 4060; x_wconf 91' lang='lat' dir='ltr'><strong>in</strong></span> <span class='ocrx_word' id='word_1_520' title='bbox 1065 4009 1270 4060; x_wconf 70' lang='lat' dir='ltr'><strong>caetero</strong></span> <span class='ocrx_word' id='word_1_521' title='bbox 1318 4003 1472 4060; x_wconf 87' lang='lat' dir='ltr'><strong>circa</strong></span> <span class='ocrx_word' id='word_1_522' title='bbox 1514 4002 1728 4061; x_wconf 91' lang='lat' dir='ltr'><strong>cralem</strong></span> <span class='ocrx_word' id='word_1_523' title='bbox 1781 4009 2064 4077; x_wconf 89' lang='lat' dir='ltr'><strong>apparatu</strong></span> 
     </span>
    </p>
   </div>
   <div class='ocr_carea' id='block_1_69' title="bbox 419 4092 2065 4166">
    <p class='ocr_par' dir='ltr' id='par_1_69' title="bbox 419 4092 2065 4166">
     <span class='ocr_line' id='line_1_69' title="bbox 419 4092 2065 4166; baseline -0.001 -16"><span class='ocrx_word' id='word_1_524' title='bbox 419 4094 566 4151; x_wconf 88' lang='lat' dir='ltr'><strong>nihil</strong></span> <span class='ocrx_word' id='word_1_525' title='bbox 611 4095 725 4150; x_wconf 88' lang='lat' dir='ltr'><strong>nisi</strong></span> <span class='ocrx_word' id='word_1_526' title='bbox 785 4093 1048 4165; x_wconf 83' lang='lat' dir='ltr'><strong>vulgare,</strong></span> <span class='ocrx_word' id='word_1_527' title='bbox 1107 4092 1434 4149; x_wconf 90' lang='lat' dir='ltr'><strong>obsoletum</strong></span> <span class='ocrx_word' id='word_1_528' title='bbox 1467 4109 1534 4148; x_wconf 91' lang='lat' dir='ltr'><strong>ac</strong></span> <span class='ocrx_word' id='word_1_529' title='bbox 1568 4092 1740 4165; x_wconf 88' lang='lat' dir='ltr'><strong>plane</strong></span> <span class='ocrx_word' id='word_1_530' title='bbox 1770 4092 2065 4166; x_wconf 90' lang='lat' dir='ltr'><strong>plebeium</strong></span> 
     </span>
    </p>
   </div>
   <div class='ocr_carea' id='block_1_70' title="bbox 420 4181 2068 4255">
    <p class='ocr_par' dir='ltr' id='par_1_70' title="bbox 420 4181 2068 4255">
     <span class='ocr_line' id='line_1_70' title="bbox 420 4181 2068 4255; baseline -0.001 -16"><span class='ocrx_word' id='word_1_531' title='bbox 420 4185 759 4255; x_wconf 88' lang='lat' dir='ltr'><strong>apparebat.</strong></span> <span class='ocrx_word' id='word_1_532' title='bbox 794 4182 968 4238; x_wconf 88' lang='lat' dir='ltr'><strong>Nulla</strong></span> <span class='ocrx_word' id='word_1_533' title='bbox 999 4183 1189 4238; x_wconf 89' lang='lat' dir='ltr'><strong>victus</strong></span> <span class='ocrx_word' id='word_1_534' title='bbox 1223 4181 1544 4238; x_wconf 88' lang='lat' dir='ltr'><strong>mundities</strong></span> <span class='ocrx_word' id='word_1_535' title='bbox 1580 4198 1646 4238; x_wconf 89' lang='lat' dir='ltr'><strong>:e</strong></span> <span class='ocrx_word' id='word_1_536' title='bbox 1668 4187 1875 4238; x_wconf 84' lang='lat' dir='ltr'><strong>venatu</strong></span> <span class='ocrx_word' id='word_1_537' title='bbox 1895 4181 2068 4238; x_wconf 89' lang='lat' dir='ltr'><strong>illau-</strong></span> 
     </span>
    </p>
   </div>
   <div class='ocr_carea' id='block_1_71' title="bbox 417 4269 2070 4343">
    <p class='ocr_par' dir='ltr' id='par_1_71' title="bbox 417 4269 2070 4343">
     <span class='ocr_line' id='line_1_71' title="bbox 417 4269 2070 4343; baseline 0 -17"><span class='ocrx_word' id='word_1_538' title='bbox 417 4275 499 4339; x_wconf 92' lang='lat' dir='ltr'><strong>to,</strong></span> <span class='ocrx_word' id='word_1_539' title='bbox 534 4288 601 4326; x_wconf 90' lang='lat' dir='ltr'><strong>ac</strong></span> <span class='ocrx_word' id='word_1_540' title='bbox 631 4270 895 4326; x_wconf 85' lang='lat' dir='ltr'><strong>tumultu</strong></span> <span class='ocrx_word' id='word_1_541' title='bbox 923 4287 1063 4326; x_wconf 87' lang='lat' dir='ltr'><strong>sane</strong></span> <span class='ocrx_word' id='word_1_542' title='bbox 1087 4271 1405 4338; x_wconf 87' lang='lat' dir='ltr'><strong>venatorio,</strong></span> <span class='ocrx_word' id='word_1_543' title='bbox 1427 4269 1589 4326; x_wconf 89' lang='lat' dir='ltr'><strong>nulla</strong></span> <span class='ocrx_word' id='word_1_544' title='bbox 1619 4270 1812 4343; x_wconf 82' lang='lat' dir='ltr'><strong>specie</strong></span> <span class='ocrx_word' id='word_1_545' title='bbox 1843 4275 1944 4327; x_wconf 90' lang='lat' dir='ltr'><strong>aut</strong></span> <span class='ocrx_word' id='word_1_546' title='bbox 1971 4289 2070 4328; x_wconf 85' lang='lat' dir='ltr'><strong>or-</strong></span> 
     </span>
    </p>
   </div>
   <div class='ocr_carea' id='block_1_72' title="bbox 419 4358 2064 4433">
    <p class='ocr_par' dir='ltr' id='par_1_72' title="bbox 419 4358 2064 4433">
     <span class='ocr_line' id='line_1_72' title="bbox 419 4358 2064 4433; baseline 0.001 -19"><span class='ocrx_word' id='word_1_547' title='bbox 419 4360 556 4415; x_wconf 88' lang='lat' dir='ltr'><strong>dine</strong></span> <span class='ocrx_word' id='word_1_548' title='bbox 583 4358 916 4425; x_wconf 85' lang='lat' dir='ltr'><strong>ministerii,</strong></span> <span class='ocrx_word' id='word_1_549' title='bbox 951 4359 1113 4415; x_wconf 92' lang='lat' dir='ltr'><strong>nulla</strong></span> <span class='ocrx_word' id='word_1_550' title='bbox 1143 4376 1478 4415; x_wconf 83' lang='lat' dir='ltr'><strong>mensarum</strong></span> <span class='ocrx_word' id='word_1_551' title='bbox 1510 4358 1802 4432; x_wconf 83' lang='lat' dir='ltr'><strong>elegantia</strong></span> <span class='ocrx_word' id='word_1_552' title='bbox 1849 4360 2064 4433; x_wconf 90' lang='lat' dir='ltr'><strong>raptim</strong></span> 
     </span>
    </p>
   </div>
   <div class='ocr_carea' id='block_1_73' title="bbox 419 4447 2066 4523">
    <p class='ocr_par' dir='ltr' id='par_1_73' title="bbox 419 4447 2066 4523">
     <span class='ocr_line' id='line_1_73' title="bbox 419 4447 2066 4523; baseline 0.001 -19"><span class='ocrx_word' id='word_1_553' title='bbox 419 4447 533 4504; x_wconf 89' lang='lat' dir='ltr'><strong>cibi</strong></span> <span class='ocrx_word' id='word_1_554' title='bbox 565 4448 943 4504; x_wconf 87' lang='lat' dir='ltr'><strong>vorabantur.</strong></span> <span class='ocrx_word' id='word_1_555' title='bbox 999 4449 1070 4506; x_wconf 88' lang='lat' dir='ltr'><strong>Ut</strong></span> <span class='ocrx_word' id='word_1_556' title='bbox 1109 4464 1246 4520; x_wconf 89' lang='lat' dir='ltr'><strong>ergo</strong></span> <span class='ocrx_word' id='word_1_557' title='bbox 1291 4447 1412 4504; x_wconf 81' lang='lat' dir='ltr'><strong>haec</strong></span> <span class='ocrx_word' id='word_1_558' title='bbox 1463 4447 1577 4504; x_wconf 90' lang='lat' dir='ltr'><strong>sibi</strong></span> <span class='ocrx_word' id='word_1_559' title='bbox 1636 4447 1936 4520; x_wconf 82' lang='lat' dir='ltr'><strong>explorata</strong></span> <span class='ocrx_word' id='word_1_560' title='bbox 1965 4450 2066 4523; x_wconf 90' lang='lat' dir='ltr'><strong>qui</strong></span> 
     </span>
    </p>
   </div>
   <div class='ocr_carea' id='block_1_74' title="bbox 419 4537 2064 4609">
    <p class='ocr_par' dir='ltr' id='par_1_74' title="bbox 419 4537 2064 4609">
     <span class='ocr_line' id='line_1_74' title="bbox 419 4537 2064 4609; baseline 0.001 -16"><span class='ocrx_word' id='word_1_561' title='bbox 419 4537 587 4593; x_wconf 89' lang='lat' dir='ltr'><strong>missi</strong></span> <span class='ocrx_word' id='word_1_562' title='bbox 646 4537 880 4592; x_wconf 88' lang='lat' dir='ltr'><strong>fuerant</strong></span> <span class='ocrx_word' id='word_1_563' title='bbox 935 4537 1146 4594; x_wconf 88' lang='lat' dir='ltr'><strong>reversi</strong></span> <span class='ocrx_word' id='word_1_564' title='bbox 1179 4538 1250 4592; x_wconf 89' lang='lat' dir='ltr'><strong>ad</strong></span> <span class='ocrx_word' id='word_1_565' title='bbox 1282 4537 1675 4609; x_wconf 90' lang='lat' dir='ltr'><strong>patriarcham</strong></span> <span class='ocrx_word' id='word_1_566' title='bbox 1718 4538 2064 4608; x_wconf 87' lang='lat' dir='ltr'><strong>retulerunt,</strong></span> 
     </span>
    </p>
   </div>
   <div class='ocr_carea' id='block_1_75' title="bbox 420 4625 2072 4698">
    <p class='ocr_par' dir='ltr' id='par_1_75' title="bbox 420 4625 2072 4698">
     <span class='ocr_line' id='line_1_75' title="bbox 420 4625 2072 4698; baseline 0.001 -16"><span class='ocrx_word' id='word_1_567' title='bbox 420 4630 602 4698; x_wconf 90' lang='lat' dir='ltr'><strong>utque</strong></span> <span class='ocrx_word' id='word_1_568' title='bbox 629 4626 969 4682; x_wconf 89' lang='lat' dir='ltr'><strong>distinctius</strong></span> <span class='ocrx_word' id='word_1_569' title='bbox 993 4631 1308 4682; x_wconf 87' lang='lat' dir='ltr'><strong>narrarunt</strong></span> <span class='ocrx_word' id='word_1_570' title='bbox 1329 4642 1460 4697; x_wconf 74' lang='lat' dir='ltr'><strong>quae</strong></span> <span class='ocrx_word' id='word_1_571' title='bbox 1484 4625 1814 4694; x_wconf 87' lang='lat' dir='ltr'><strong>audierant,</strong></span> <span class='ocrx_word' id='word_1_572' title='bbox 1837 4631 2072 4684; x_wconf 88' lang='lat' dir='ltr'><strong>contur-</strong></span> 
     </span>
    </p>
   </div>
   <div class='ocr_carea' id='block_1_76' title="bbox 421 4714 2072 4786">
    <p class='ocr_par' dir='ltr' id='par_1_76' title="bbox 421 4714 2072 4786">
     <span class='ocr_line' id='line_1_76' title="bbox 421 4714 2072 4786; baseline 0.002 -16"><span class='ocrx_word' id='word_1_573' title='bbox 421 4715 641 4771; x_wconf 89' lang='lat' dir='ltr'><strong>barunt</strong></span> <span class='ocrx_word' id='word_1_574' title='bbox 667 4731 734 4770; x_wconf 89' lang='lat' dir='ltr'><strong>ea</strong></span> <span class='ocrx_word' id='word_1_575' title='bbox 762 4732 876 4771; x_wconf 91' lang='lat' dir='ltr'><strong>non</strong></span> <span class='ocrx_word' id='word_1_576' title='bbox 902 4731 1108 4786; x_wconf 87' lang='lat' dir='ltr'><strong>parum</strong></span> <span class='ocrx_word' id='word_1_577' title='bbox 1130 4715 1474 4772; x_wconf 89' lang='lat' dir='ltr'><strong>comitatum</strong></span> <span class='ocrx_word' id='word_1_578' title='bbox 1497 4714 1860 4785; x_wconf 81' lang='lat' dir='ltr'><strong>universum,</strong></span> <span class='ocrx_word' id='word_1_579' title='bbox 1892 4717 2072 4775; x_wconf 86' lang='lat' dir='ltr'><strong>infre-</strong></span> 
     </span>
    </p>
   </div>
   <div class='ocr_carea' id='block_1_77' title="bbox 424 4802 2071 4878">
    <p class='ocr_par' dir='ltr' id='par_1_77' title="bbox 424 4802 2071 4878">
     <span class='ocr_line' id='line_1_77' title="bbox 424 4802 2071 4878; baseline 0.002 -18"><span class='ocrx_word' id='word_1_580' title='bbox 424 4809 750 4878; x_wconf 88' lang='lat' dir='ltr'><strong>geruntque</strong></span> <span class='ocrx_word' id='word_1_581' title='bbox 797 4804 1026 4860; x_wconf 89' lang='lat' dir='ltr'><strong>cunctis</strong></span> <span class='ocrx_word' id='word_1_582' title='bbox 1059 4804 1310 4874; x_wconf 88' lang='lat' dir='ltr'><strong>animos,</strong></span> <span class='ocrx_word' id='word_1_583' title='bbox 1335 4802 1730 4860; x_wconf 81' lang='lat' dir='ltr'><strong>sollicitudine</strong></span> <span class='ocrx_word' id='word_1_584' title='bbox 1761 4805 1974 4876; x_wconf 88' lang='lat' dir='ltr'><strong>injecta</strong></span> <span class='ocrx_word' id='word_1_585' title='bbox 1999 4821 2071 4863; x_wconf 88' lang='lat' dir='ltr'><strong>ne</strong></span> 
     </span>
    </p>
   </div>
   <div class='ocr_carea' id='block_1_78' title="bbox 418 4891 2072 4968">
    <p class='ocr_par' dir='ltr' id='par_1_78' title="bbox 418 4891 2072 4968">
     <span class='ocr_line' id='line_1_78' title="bbox 418 4891 2072 4968; baseline 0.002 -20"><span class='ocrx_word' id='word_1_586' title='bbox 418 4893 655 4950; x_wconf 89' lang='lat' dir='ltr'><strong>insidiis</strong></span> <span class='ocrx_word' id='word_1_587' title='bbox 679 4893 901 4964; x_wconf 87' lang='lat' dir='ltr'><strong>excepti</strong></span> <span class='ocrx_word' id='word_1_588' title='bbox 940 4891 1334 4964; x_wconf 87' lang='lat' dir='ltr'><strong>spoliarentur</strong></span> <span class='ocrx_word' id='word_1_589' title='bbox 1359 4909 1371 4947; x_wconf 94' lang='lat'>:</span> <span class='ocrx_word' id='word_1_590' title='bbox 1401 4893 1543 4964; x_wconf 92' lang='lat' dir='ltr'><strong>quid</strong></span> <span class='ocrx_word' id='word_1_591' title='bbox 1578 4893 1735 4950; x_wconf 91' lang='lat' dir='ltr'><strong>enim</strong></span> <span class='ocrx_word' id='word_1_592' title='bbox 1773 4900 2072 4968; x_wconf 85' lang='lat' dir='ltr'><strong>exspecta-</strong></span> 
     </span>
    </p>
   </div>
   <div class='ocr_carea' id='block_1_79' title="bbox 421 4980 2073 5055">
    <p class='ocr_par' dir='ltr' id='par_1_79' title="bbox 421 4980 2073 5055">
     <span class='ocr_line' id='line_1_79' title="bbox 421 4980 2073 5055; baseline 0.002 -18"><span class='ocrx_word' id='word_1_593' title='bbox 421 4987 551 5039; x_wconf 89' lang='lat' dir='ltr'><strong>rent</strong></span> <span class='ocrx_word' id='word_1_594' title='bbox 575 4982 781 5037; x_wconf 88' lang='lat' dir='ltr'><strong>mitius</strong></span> <span class='ocrx_word' id='word_1_595' title='bbox 812 4999 846 5039; x_wconf 91' lang='lat' dir='ltr'><strong>a</strong></span> <span class='ocrx_word' id='word_1_596' title='bbox 872 4981 1145 5038; x_wconf 82' lang='lat' dir='ltr'><strong>Barbarie</strong></span> <span class='ocrx_word' id='word_1_597' title='bbox 1176 4981 1319 5037; x_wconf 92' lang='lat' dir='ltr'><strong>adeo</strong></span> <span class='ocrx_word' id='word_1_598' title='bbox 1351 4980 1619 5053; x_wconf 89' lang='lat' dir='ltr'><strong>incultis,</strong></span> <span class='ocrx_word' id='word_1_599' title='bbox 1674 4999 1822 5055; x_wconf 91' lang='lat' dir='ltr'><strong>quos</strong></span> <span class='ocrx_word' id='word_1_600' title='bbox 1873 4983 2073 5042; x_wconf 88' lang='lat' dir='ltr'><strong>nullus</strong></span> 
     </span>
    </p>
   </div>
   <div class='ocr_carea' id='block_1_80' title="bbox 421 5069 2075 5143">
    <p class='ocr_par' dir='ltr' id='par_1_80' title="bbox 421 5069 2075 5143">
     <span class='ocr_line' id='line_1_80' title="bbox 421 5069 2075 5143; baseline 0.001 -14"><span class='ocrx_word' id='word_1_601' title='bbox 421 5089 552 5129; x_wconf 88' lang='lat' dir='ltr'><strong>mos</strong></span> <span class='ocrx_word' id='word_1_602' title='bbox 583 5075 685 5128; x_wconf 89' lang='lat' dir='ltr'><strong>aut</strong></span> <span class='ocrx_word' id='word_1_603' title='bbox 709 5073 919 5143; x_wconf 89' lang='lat' dir='ltr'><strong>pudor,</strong></span> <span class='ocrx_word' id='word_1_604' title='bbox 954 5069 1153 5127; x_wconf 88' lang='lat' dir='ltr'><strong>nullus</strong></span> <span class='ocrx_word' id='word_1_605' title='bbox 1186 5075 1490 5133; x_wconf 82' lang='lat' dir='ltr'><strong>respectus</strong></span> <span class='ocrx_word' id='word_1_606' title='bbox 1531 5070 1924 5130; x_wconf 89' lang='lat' dir='ltr'><strong>humanitatis</strong></span> <span class='ocrx_word' id='word_1_607' title='bbox 1972 5078 2075 5131; x_wconf 86' lang='lat' dir='ltr'><strong>aut</strong></span> 
     </span>
    </p>
   </div>
   <div class='ocr_carea' id='block_1_81' title="bbox 421 5159 2074 5220">
    <p class='ocr_par' dir='ltr' id='par_1_81' title="bbox 421 5159 2074 5220">
     <span class='ocr_line' id='line_1_81' title="bbox 421 5159 2074 5220; baseline 0.002 -4"><span class='ocrx_word' id='word_1_608' title='bbox 421 5160 599 5216; x_wconf 85' lang='lat' dir='ltr'><strong>ofﬁcii</strong></span> <span class='ocrx_word' id='word_1_609' title='bbox 623 5160 970 5216; x_wconf 88' lang='lat' dir='ltr'><strong>verecundia</strong></span> <span class='ocrx_word' id='word_1_610' title='bbox 993 5164 1331 5216; x_wconf 88' lang='lat' dir='ltr'><strong>revocatura</strong></span> <span class='ocrx_word' id='word_1_611' title='bbox 1355 5159 1690 5216; x_wconf 88' lang='lat' dir='ltr'><strong>viderentur</strong></span> <span class='ocrx_word' id='word_1_612' title='bbox 1714 5161 1787 5217; x_wconf 89' lang='lat' dir='ltr'><strong>ab</strong></span> <span class='ocrx_word' id='word_1_613' title='bbox 1805 5162 2074 5220; x_wconf 89' lang='lat' dir='ltr'><strong>audendo</strong></span> 
     </span>
    </p>
   </div>
   <div class='ocr_carea' id='block_1_82' title="bbox 425 5247 2074 5322">
    <p class='ocr_par' dir='ltr' id='par_1_82' title="bbox 425 5247 2074 5322">
     <span class='ocr_line' id='line_1_82' title="bbox 425 5247 2074 5322; baseline 0.001 -17"><span class='ocrx_word' id='word_1_614' title='bbox 425 5251 582 5322; x_wconf 91' lang='lat' dir='ltr'><strong>quod</strong></span> <span class='ocrx_word' id='word_1_615' title='bbox 613 5249 822 5306; x_wconf 89' lang='lat' dir='ltr'><strong>liberet</strong></span> <span class='ocrx_word' id='word_1_616' title='bbox 879 5249 1155 5322; x_wconf 82' lang='lat' dir='ltr'><strong>cunque?</strong></span> <span class='ocrx_word' id='word_1_617' title='bbox 1210 5247 1430 5304; x_wconf 85' lang='lat' dir='ltr'><strong>Tristes</strong></span> <span class='ocrx_word' id='word_1_618' title='bbox 1488 5247 1670 5320; x_wconf 79' lang='lat' dir='ltr'><strong>igitur</strong></span> <span class='ocrx_word' id='word_1_619' title='bbox 1723 5248 1884 5306; x_wconf 89' lang='lat' dir='ltr'><strong>hisce</strong></span> <span class='ocrx_word' id='word_1_620' title='bbox 1914 5251 2074 5308; x_wconf 90' lang='lat' dir='ltr'><strong>curis</strong></span> 
     </span>
    </p>
   </div>
   <div class='ocr_carea' id='block_1_83' title="bbox 420 5337 2074 5414">
    <p class='ocr_par' dir='ltr' id='par_1_83' title="bbox 420 5337 2074 5414">
     <span class='ocr_line' id='line_1_83' title="bbox 420 5337 2074 5414; baseline 0 -16"><span class='ocrx_word' id='word_1_621' title='bbox 420 5357 755 5414; x_wconf 84' lang='lat' dir='ltr'><strong>segnesque</strong></span> <span class='ocrx_word' id='word_1_622' title='bbox 773 5342 1190 5413; x_wconf 88' lang='lat' dir='ltr'><strong>procedebant,</strong></span> <span class='ocrx_word' id='word_1_623' title='bbox 1219 5338 1393 5394; x_wconf 84' lang='lat' dir='ltr'><strong>anxia</strong></span> <span class='ocrx_word' id='word_1_624' title='bbox 1415 5337 1718 5394; x_wconf 89' lang='lat' dir='ltr'><strong>constricti</strong></span> <span class='ocrx_word' id='word_1_625' title='bbox 1760 5338 2074 5398; x_wconf 79' lang='lat' dir='ltr'><strong>formidine</strong></span> 
     </span>
    </p>
   </div>
   <div class='ocr_carea' id='block_1_84' title="bbox 417 5425 2077 5503">
    <p class='ocr_par' dir='ltr' id='par_1_84' title="bbox 417 5425 2077 5503">
     <span class='ocr_line' id='line_1_84' title="bbox 417 5425 2077 5503; baseline 0.001 -17"><span class='ocrx_word' id='word_1_626' title='bbox 417 5430 816 5503; x_wconf 88' lang='lat' dir='ltr'><strong>periculorum</strong></span> <span class='ocrx_word' id='word_1_627' title='bbox 834 5431 894 5486; x_wconf 92' lang='lat' dir='ltr'><strong>in</strong></span> <span class='ocrx_word' id='word_1_628' title='bbox 916 5430 1395 5497; x_wconf 85' lang='lat' dir='ltr'><strong>monumenta,ut</strong></span> <span class='ocrx_word' id='word_1_629' title='bbox 1412 5425 2077 5500; x_wconf 84' lang='lat' dir='ltr'><strong>putabant,singulaim-</strong></span> 
     </span>
    </p>
   </div>
   <div class='ocr_carea' id='block_1_85' title="bbox 415 5513 2073 5590">
    <p class='ocr_par' dir='ltr' id='par_1_85' title="bbox 415 5513 2073 5590">
     <span class='ocr_line' id='line_1_85' title="bbox 415 5513 2073 5590; baseline 0.001 -15"><span class='ocrx_word' id='word_1_630' title='bbox 415 5519 824 5590; x_wconf 87' lang='lat' dir='ltr'><strong>pendentium.</strong></span> <span class='ocrx_word' id='word_1_631' title='bbox 874 5519 932 5573; x_wconf 85' lang='lat' dir='ltr'><strong>In</strong></span> <span class='ocrx_word' id='word_1_632' title='bbox 966 5517 1057 5574; x_wconf 89' lang='lat' dir='ltr'><strong>his</strong></span> <span class='ocrx_word' id='word_1_633' title='bbox 1088 5513 1528 5588; x_wconf 87' lang='lat' dir='ltr'><strong>suspicionibus</strong></span> <span class='ocrx_word' id='word_1_634' title='bbox 1577 5531 1713 5573; x_wconf 91' lang='lat' dir='ltr'><strong>cum</strong></span> <span class='ocrx_word' id='word_1_635' title='bbox 1757 5516 2073 5578; x_wconf 87' lang='lat' dir='ltr'><strong>Achridam</strong></span> 
     </span>
    </p>
   </div>
   <div class='ocr_carea' id='block_1_86' title="bbox 415 5602 2072 5680">
    <p class='ocr_par' dir='ltr' id='par_1_86' title="bbox 415 5602 2072 5680">
     <span class='ocr_line' id='line_1_86' title="bbox 415 5602 2072 5680; baseline 0.003 -18"><span class='ocrx_word' id='word_1_636' title='bbox 415 5607 814 5677; x_wconf 89' lang='lat' dir='ltr'><strong>devenissent,</strong></span> <span class='ocrx_word' id='word_1_637' title='bbox 842 5605 1062 5677; x_wconf 87' lang='lat' dir='ltr'><strong>regiam</strong></span> <span class='ocrx_word' id='word_1_638' title='bbox 1098 5605 1180 5661; x_wconf 89' lang='lat' dir='ltr'><strong>ibi</strong></span> <span class='ocrx_word' id='word_1_639' title='bbox 1211 5602 1575 5676; x_wconf 89' lang='lat' dir='ltr'><strong>reliquerunt</strong></span> <span class='ocrx_word' id='word_1_640' title='bbox 1611 5605 1902 5680; x_wconf 85' lang='lat' dir='ltr'><strong>virginem</strong></span> <span class='ocrx_word' id='word_1_641' title='bbox 1937 5623 2072 5667; x_wconf 89' lang='lat' dir='ltr'><strong>cum</strong></span> 
     </span>
    </p>
   </div>
   <div class='ocr_carea' id='block_1_87' title="bbox 2177 3112 3754 3173">
    <p class='ocr_par' dir='ltr' id='par_1_87' title="bbox 2177 3112 3754 3173">
     <span class='ocr_line' id='line_1_87' title="bbox 2177 3112 3754 3173; baseline -0.007 0"><span class='ocrx_word' id='word_1_642' title='bbox 2177 3117 2412 3173; x_wconf 91' lang='lat' dir='ltr'><strong>dicitur.</strong></span> <span class='ocrx_word' id='word_1_643' title='bbox 2446 3116 2596 3173; x_wconf 88' lang='lat' dir='ltr'><strong>Huic</strong></span> <span class='ocrx_word' id='word_1_644' title='bbox 2611 3133 2680 3172; x_wconf 83' lang='lat' dir='ltr'><strong>ex</strong></span> <span class='ocrx_word' id='word_1_645' title='bbox 2703 3115 2936 3172; x_wconf 88' lang='lat' dir='ltr'><strong>insidiis</strong></span> <span class='ocrx_word' id='word_1_646' title='bbox 2963 3114 3277 3171; x_wconf 87' lang='lat' dir='ltr'><strong>latrocinio</strong></span> <span class='ocrx_word' id='word_1_647' title='bbox 3295 3113 3512 3169; x_wconf 90' lang='lat' dir='ltr'><strong>illatum</strong></span> <span class='ocrx_word' id='word_1_648' title='bbox 3530 3112 3754 3166; x_wconf 86' lang='lat' dir='ltr'><strong>damnum</strong></span> 
     </span>
    </p>
   </div>
   <div class='ocr_carea' id='block_1_88' title="bbox 2173 3198 3754 3277">
    <p class='ocr_par' dir='ltr' id='par_1_88' title="bbox 2173 3198 3754 3277">
     <span class='ocr_line' id='line_1_88' title="bbox 2173 3198 3754 3277; baseline -0.008 -15"><span class='ocrx_word' id='word_1_649' title='bbox 2173 3211 2230 3262; x_wconf 87' lang='lat' dir='ltr'><strong>et</strong></span> <span class='ocrx_word' id='word_1_650' title='bbox 2259 3211 2395 3262; x_wconf 91' lang='lat' dir='ltr'><strong>ante</strong></span> <span class='ocrx_word' id='word_1_651' title='bbox 2415 3206 2601 3262; x_wconf 88' lang='lat' dir='ltr'><strong>nostri</strong></span> <span class='ocrx_word' id='word_1_652' title='bbox 2620 3206 2933 3261; x_wconf 90' lang='lat' dir='ltr'><strong>audierant</strong></span> <span class='ocrx_word' id='word_1_653' title='bbox 2953 3209 3010 3260; x_wconf 88' lang='lat' dir='ltr'><strong>et</strong></span> <span class='ocrx_word' id='word_1_654' title='bbox 3028 3203 3159 3277; x_wconf 89' lang='lat' dir='ltr'><strong>ipso</strong></span> <span class='ocrx_word' id='word_1_655' title='bbox 3194 3204 3471 3260; x_wconf 80' lang='lat' dir='ltr'><strong>referente</strong></span> <span class='ocrx_word' id='word_1_656' title='bbox 3493 3198 3754 3272; x_wconf 86' lang='lat' dir='ltr'><strong>cognorunt</strong></span> 
     </span>
    </p>
   </div>
   <div class='ocr_carea' id='block_1_89' title="bbox 2173 3287 3756 3367">
    <p class='ocr_par' dir='ltr' id='par_1_89' title="bbox 2173 3287 3756 3367">
     <span class='ocr_line' id='line_1_89' title="bbox 2173 3287 3756 3367; baseline -0.007 -17"><span class='ocrx_word' id='word_1_657' title='bbox 2173 3295 2410 3352; x_wconf 90' lang='lat' dir='ltr'><strong>certius.</strong></span> <span class='ocrx_word' id='word_1_658' title='bbox 2461 3296 2644 3366; x_wconf 87' lang='lat' dir='ltr'><strong>Atque</strong></span> <span class='ocrx_word' id='word_1_659' title='bbox 2695 3298 2761 3350; x_wconf 91' lang='lat' dir='ltr'><strong>ut</strong></span> <span class='ocrx_word' id='word_1_660' title='bbox 2805 3293 2995 3367; x_wconf 92' lang='lat' dir='ltr'><strong>primo</strong></span> <span class='ocrx_word' id='word_1_661' title='bbox 3029 3294 3105 3349; x_wconf 91' lang='lat' dir='ltr'><strong>rei</strong></span> <span class='ocrx_word' id='word_1_662' title='bbox 3141 3293 3350 3349; x_wconf 88' lang='lat' dir='ltr'><strong>auditu</strong></span> <span class='ocrx_word' id='word_1_663' title='bbox 3383 3287 3756 3353; x_wconf 86' lang='lat' dir='ltr'><strong>cohorruerant,</strong></span> 
     </span>
    </p>
   </div>
   <div class='ocr_carea' id='block_1_90' title="bbox 2173 3370 3754 3456">
    <p class='ocr_par' dir='ltr' id='par_1_90' title="bbox 2173 3370 3754 3456">
     <span class='ocr_line' id='line_1_90' title="bbox 2173 3370 3754 3456; baseline -0.011 -13"><span class='ocrx_word' id='word_1_664' title='bbox 2173 3385 2326 3443; x_wconf 76' lang='lat'><strong>858</strong></span> <span class='ocrx_word' id='word_1_665' title='bbox 2360 3384 2439 3440; x_wconf 88' lang='lat' dir='ltr'><strong>ita</strong></span> <span class='ocrx_word' id='word_1_666' title='bbox 2488 3384 2624 3440; x_wconf 81' lang='lat' dir='ltr'><strong>facti</strong></span> <span class='ocrx_word' id='word_1_667' title='bbox 2675 3385 2913 3456; x_wconf 86' lang='lat' dir='ltr'><strong>accepta</strong></span> <span class='ocrx_word' id='word_1_668' title='bbox 2962 3381 3412 3438; x_wconf 89' lang='lat' dir='ltr'><strong>conﬁrmatione</strong></span> <span class='ocrx_word' id='word_1_669' title='bbox 3459 3370 3754 3434; x_wconf 73' lang='lat' dir='ltr'><strong>mmstissimi</strong></span> 
     </span>
    </p>
   </div>
   <div class='ocr_carea' id='block_1_91' title="bbox 2173 3465 3754 3545">
    <p class='ocr_par' dir='ltr' id='par_1_91' title="bbox 2173 3465 3754 3545">
     <span class='ocr_line' id='line_1_91' title="bbox 2173 3465 3754 3545; baseline -0.009 -15"><span class='ocrx_word' id='word_1_670' title='bbox 2173 3479 2486 3531; x_wconf 89' lang='lat' dir='ltr'><strong>senserunt</strong></span> <span class='ocrx_word' id='word_1_671' title='bbox 2516 3490 2632 3545; x_wconf 92' lang='lat' dir='ltr'><strong>quo</strong></span> <span class='ocrx_word' id='word_1_672' title='bbox 2662 3471 2926 3529; x_wconf 91' lang='lat' dir='ltr'><strong>locorum</strong></span> <span class='ocrx_word' id='word_1_673' title='bbox 2963 3471 3373 3544; x_wconf 90' lang='lat' dir='ltr'><strong>malorumque</strong></span> <span class='ocrx_word' id='word_1_674' title='bbox 3412 3465 3754 3526; x_wconf 84' lang='lat' dir='ltr'><strong>devenissenl:</strong></span> 
     </span>
    </p>
   </div>
   <div class='ocr_carea' id='block_1_92' title="bbox 2174 3549 3754 3636">
    <p class='ocr_par' dir='ltr' id='par_1_92' title="bbox 2174 3549 3754 3636">
     <span class='ocr_line' id='line_1_92' title="bbox 2174 3549 3754 3636; baseline -0.009 -17"><span class='ocrx_word' id='word_1_675' title='bbox 2174 3563 2314 3636; x_wconf 92' lang='lat' dir='ltr'><strong>quid</strong></span> <span class='ocrx_word' id='word_1_676' title='bbox 2348 3563 2507 3620; x_wconf 90' lang='lat' dir='ltr'><strong>enim</strong></span> <span class='ocrx_word' id='word_1_677' title='bbox 2562 3579 2678 3618; x_wconf 92' lang='lat' dir='ltr'><strong>non</strong></span> <span class='ocrx_word' id='word_1_678' title='bbox 2727 3563 2864 3634; x_wconf 88' lang='lat' dir='ltr'><strong>jure</strong></span> <span class='ocrx_word' id='word_1_679' title='bbox 2897 3565 3234 3617; x_wconf 87' lang='lat' dir='ltr'><strong>metuerent</strong></span> <span class='ocrx_word' id='word_1_680' title='bbox 3264 3561 3322 3616; x_wconf 90' lang='lat' dir='ltr'><strong>in</strong></span> <span class='ocrx_word' id='word_1_681' title='bbox 3364 3563 3516 3616; x_wconf 76' lang='lat' dir='ltr'><strong>tanta</strong></span> <span class='ocrx_word' id='word_1_682' title='bbox 3535 3549 3754 3612; x_wconf 72' lang='lat' dir='ltr'><strong>barbaria</strong></span> 
     </span>
    </p>
   </div>
   <div class='ocr_carea' id='block_1_93' title="bbox 2173 3638 3756 3724">
    <p class='ocr_par' dir='ltr' id='par_1_93' title="bbox 2173 3638 3756 3724">
     <span class='ocr_line' id='line_1_93' title="bbox 2173 3638 3756 3724; baseline -0.009 -16"><span class='ocrx_word' id='word_1_683' title='bbox 2173 3652 2446 3708; x_wconf 84' lang='lat' dir='ltr'><strong>licentia?</strong></span> <span class='ocrx_word' id='word_1_684' title='bbox 2474 3656 2577 3708; x_wconf 91' lang='lat' dir='ltr'><strong>aut</strong></span> <span class='ocrx_word' id='word_1_685' title='bbox 2607 3652 2900 3724; x_wconf 90' lang='lat' dir='ltr'><strong>quomodo</strong></span> <span class='ocrx_word' id='word_1_686' title='bbox 2931 3654 3238 3723; x_wconf 86' lang='lat' dir='ltr'><strong>sperarent</strong></span> <span class='ocrx_word' id='word_1_687' title='bbox 3261 3649 3572 3723; x_wconf 88' lang='lat' dir='ltr'><strong>parcituros</strong></span> <span class='ocrx_word' id='word_1_688' title='bbox 3597 3638 3756 3699; x_wconf 74' lang='lat' dir='ltr'><strong>exterit</strong></span> 
     </span>
    </p>
   </div>
   <div class='ocr_carea' id='block_1_94' title="bbox 2171 3734 3754 3815">
    <p class='ocr_par' dir='ltr' id='par_1_94' title="bbox 2171 3734 3754 3815">
     <span class='ocr_line' id='line_1_94' title="bbox 2171 3734 3754 3815; baseline -0.009 -17"><span class='ocrx_word' id='word_1_689' title='bbox 2171 3759 2236 3798; x_wconf 87' lang='lat' dir='ltr'><strong>ac</strong></span> <span class='ocrx_word' id='word_1_690' title='bbox 2263 3745 2698 3815; x_wconf 91' lang='lat' dir='ltr'><strong>temperaturos</strong></span> <span class='ocrx_word' id='word_1_691' title='bbox 2717 3740 2918 3796; x_wconf 80' lang='lat' dir='ltr'><strong>avidas</strong></span> <span class='ocrx_word' id='word_1_692' title='bbox 2938 3756 3150 3796; x_wconf 87' lang='lat' dir='ltr'><strong>manus</strong></span> <span class='ocrx_word' id='word_1_693' title='bbox 3175 3757 3210 3796; x_wconf 91' lang='lat' dir='ltr'><strong>a</strong></span> <span class='ocrx_word' id='word_1_694' title='bbox 3231 3756 3378 3813; x_wconf 88' lang='lat' dir='ltr'><strong>gaza</strong></span> <span class='ocrx_word' id='word_1_695' title='bbox 3397 3734 3667 3810; x_wconf 86' lang='lat' dir='ltr'><strong>peregrina</strong></span> <span class='ocrx_word' id='word_1_696' title='bbox 3686 3743 3754 3815; x_wconf 71' lang='lat' dir='ltr'><strong>eos</strong></span> 
     </span>
    </p>
   </div>
   <div class='ocr_carea' id='block_1_95' title="bbox 2174 3813 3755 3903">
    <p class='ocr_par' dir='ltr' id='par_1_95' title="bbox 2174 3813 3755 3903">
     <span class='ocr_line' id='line_1_95' title="bbox 2174 3813 3755 3903; baseline -0.011 -15"><span class='ocrx_word' id='word_1_697' title='bbox 2174 3831 2274 3903; x_wconf 88' lang='lat' dir='ltr'><strong>qui</strong></span> <span class='ocrx_word' id='word_1_698' title='bbox 2300 3848 2370 3887; x_wconf 90' lang='lat' dir='ltr'><strong>ne</strong></span> <span class='ocrx_word' id='word_1_699' title='bbox 2391 3813 2424 3887; x_wconf 70' lang='grc' dir='ltr'><strong>ιι</strong></span> <span class='ocrx_word' id='word_1_700' title='bbox 2446 3830 2832 3903; x_wconf 90' lang='lat' dir='ltr'><strong>popularibus</strong></span> <span class='ocrx_word' id='word_1_701' title='bbox 2847 3829 3085 3900; x_wconf 90' lang='lat' dir='ltr'><strong>quidem</strong></span> <span class='ocrx_word' id='word_1_702' title='bbox 3106 3813 3755 3898; x_wconf 78' lang='lat' dir='ltr'><strong>suis,iisdemqueillustii</strong></span> 
     </span>
    </p>
   </div>
   <div class='ocr_carea' id='block_1_96' title="bbox 2175 3911 3759 3993">
    <p class='ocr_par' dir='ltr' id='par_1_96' title="bbox 2175 3911 3759 3993">
     <span class='ocr_line' id='line_1_96' title="bbox 2175 3911 3759 3993; baseline -0.009 -17"><span class='ocrx_word' id='word_1_703' title='bbox 2175 3920 2521 3993; x_wconf 89' lang='lat' dir='ltr'><strong>magistratu</strong></span> <span class='ocrx_word' id='word_1_704' title='bbox 2567 3918 2926 3991; x_wconf 85' lang='lat' dir='ltr'><strong>conspicuis,</strong></span> <span class='ocrx_word' id='word_1_705' title='bbox 2967 3917 3340 3974; x_wconf 88' lang='lat' dir='ltr'><strong>abstinerent</strong></span> <span class='ocrx_word' id='word_1_706' title='bbox 3375 3915 3604 3988; x_wconf 84' lang='lat' dir='ltr'><strong>injurias</strong></span> <span class='ocrx_word' id='word_1_707' title='bbox 3626 3911 3759 3965; x_wconf 80' lang='lat' dir='ltr'><strong>extre-</strong></span> 
     </span>
    </p>
   </div>
   <div class='ocr_carea' id='block_1_97' title="bbox 2177 3998 3756 4081">
    <p class='ocr_par' dir='ltr' id='par_1_97' title="bbox 2177 3998 3756 4081">
     <span class='ocr_line' id='line_1_97' title="bbox 2177 3998 3756 4081; baseline -0.011 -15"><span class='ocrx_word' id='word_1_708' title='bbox 2177 4009 2334 4065; x_wconf 84' lang='lat' dir='ltr'><strong>mas?</strong></span> <span class='ocrx_word' id='word_1_709' title='bbox 2357 4012 2643 4066; x_wconf 69' lang='lat' dir='ltr'><strong>Caeterum</strong></span> <span class='ocrx_word' id='word_1_710' title='bbox 2673 4011 2744 4064; x_wconf 90' lang='lat' dir='ltr'><strong>de</strong></span> <span class='ocrx_word' id='word_1_711' title='bbox 2763 4007 2996 4081; x_wconf 88' lang='lat' dir='ltr'><strong>negotio</strong></span> <span class='ocrx_word' id='word_1_712' title='bbox 3017 4007 3148 4080; x_wconf 89' lang='lat' dir='ltr'><strong>ipso</strong></span> <span class='ocrx_word' id='word_1_713' title='bbox 3173 4025 3242 4064; x_wconf 90' lang='lat' dir='ltr'><strong>ac</strong></span> <span class='ocrx_word' id='word_1_714' title='bbox 3260 4007 3469 4063; x_wconf 78' lang='lat' dir='ltr'><strong>fcedere</strong></span> <span class='ocrx_word' id='word_1_715' title='bbox 3489 3998 3756 4076; x_wconf 87' lang='lat' dir='ltr'><strong>principum</strong></span> 
     </span>
    </p>
   </div>
   <div class='ocr_carea' id='block_1_98' title="bbox 2176 4087 3760 4169">
    <p class='ocr_par' dir='ltr' id='par_1_98' title="bbox 2176 4087 3760 4169">
     <span class='ocr_line' id='line_1_98' title="bbox 2176 4087 3760 4169; baseline -0.009 -15"><span class='ocrx_word' id='word_1_716' title='bbox 2176 4100 2429 4156; x_wconf 90' lang='lat' dir='ltr'><strong>duorum</strong></span> <span class='ocrx_word' id='word_1_717' title='bbox 2463 4101 2582 4154; x_wconf 88' lang='lat' dir='ltr'><strong>tam</strong></span> <span class='ocrx_word' id='word_1_718' title='bbox 2613 4097 3106 4168; x_wconf 86' lang='lat' dir='ltr'><strong>inconsequenter</strong></span> <span class='ocrx_word' id='word_1_719' title='bbox 3134 4101 3317 4169; x_wconf 90' lang='lat' dir='ltr'><strong>atque</strong></span> <span class='ocrx_word' id='word_1_720' title='bbox 3349 4094 3607 4164; x_wconf 88' lang='lat' dir='ltr'><strong>ambigue</strong></span> <span class='ocrx_word' id='word_1_721' title='bbox 3634 4087 3760 4143; x_wconf 74' lang='lat' dir='ltr'><strong>Geor</strong></span> 
     </span>
    </p>
   </div>
   <div class='ocr_carea' id='block_1_99' title="bbox 2176 4184 3756 4258">
    <p class='ocr_par' dir='ltr' id='par_1_99' title="bbox 2176 4184 3756 4258">
     <span class='ocr_line' id='line_1_99' title="bbox 2176 4184 3756 4258; baseline -0.009 -18"><span class='ocrx_word' id='word_1_722' title='bbox 2176 4185 2310 4258; x_wconf 90' lang='lat' dir='ltr'><strong>gius</strong></span> <span class='ocrx_word' id='word_1_723' title='bbox 2359 4184 2468 4240; x_wconf 90' lang='lat' dir='ltr'><strong>iste</strong></span> <span class='ocrx_word' id='word_1_724' title='bbox 2517 4185 2745 4240; x_wconf 89' lang='lat' dir='ltr'><strong>locutus</strong></span> <span class='ocrx_word' id='word_1_725' title='bbox 2775 4188 2886 4250; x_wconf 89' lang='lat' dir='ltr'><strong>est,</strong></span> <span class='ocrx_word' id='word_1_726' title='bbox 2929 4187 2995 4239; x_wconf 92' lang='lat' dir='ltr'><strong>ut</strong></span> <span class='ocrx_word' id='word_1_727' title='bbox 3043 4200 3212 4256; x_wconf 90' lang='lat' dir='ltr'><strong>spem</strong></span> <span class='ocrx_word' id='word_1_728' title='bbox 3246 4196 3547 4240; x_wconf 86' lang='lat' dir='ltr'><strong>successus</strong></span> <span class='ocrx_word' id='word_1_729' title='bbox 3577 4185 3756 4232; x_wconf 85' lang='lat' dir='ltr'><strong>omnem</strong></span> 
     </span>
    </p>
   </div>
   <div class='ocr_carea' id='block_1_100' title="bbox 2177 4263 3762 4346">
    <p class='ocr_par' dir='ltr' id='par_1_100' title="bbox 2177 4263 3762 4346">
     <span class='ocr_line' id='line_1_100' title="bbox 2177 4263 3762 4346; baseline -0.009 -17"><span class='ocrx_word' id='word_1_730' title='bbox 2177 4273 2569 4346; x_wconf 89' lang='lat' dir='ltr'><strong>prudentibus</strong></span> <span class='ocrx_word' id='word_1_731' title='bbox 2587 4277 2901 4330; x_wconf 83' lang='lat' dir='ltr'><strong>excuteret.</strong></span> <span class='ocrx_word' id='word_1_732' title='bbox 2928 4273 3198 4329; x_wconf 90' lang='lat' dir='ltr'><strong>Primum</strong></span> <span class='ocrx_word' id='word_1_733' title='bbox 3220 4272 3486 4330; x_wconf 82' lang='lat' dir='ltr'><strong>omnium</strong></span> <span class='ocrx_word' id='word_1_734' title='bbox 3507 4263 3762 4339; x_wconf 85' lang='lat' dir='ltr'><strong>deprehen-</strong></span> 
     </span>
    </p>
   </div>
   <div class='ocr_carea' id='block_1_101' title="bbox 2179 4354 3764 4435">
    <p class='ocr_par' dir='ltr' id='par_1_101' title="bbox 2179 4354 3764 4435">
     <span class='ocr_line' id='line_1_101' title="bbox 2179 4354 3764 4435; baseline -0.011 -16"><span class='ocrx_word' id='word_1_735' title='bbox 2179 4379 2312 4419; x_wconf 89' lang='lat' dir='ltr'><strong>sum</strong></span> <span class='ocrx_word' id='word_1_736' title='bbox 2343 4370 2431 4420; x_wconf 87' lang='lat' dir='ltr'><strong>est</strong></span> <span class='ocrx_word' id='word_1_737' title='bbox 2461 4379 2710 4419; x_wconf 86' lang='lat' dir='ltr'><strong>errorem</strong></span> <span class='ocrx_word' id='word_1_738' title='bbox 2735 4362 3076 4435; x_wconf 90' lang='lat' dir='ltr'><strong>imperatori</strong></span> <span class='ocrx_word' id='word_1_739' title='bbox 3110 4362 3380 4418; x_wconf 87' lang='lat' dir='ltr'><strong>oblatum</strong></span> <span class='ocrx_word' id='word_1_740' title='bbox 3414 4361 3470 4415; x_wconf 89' lang='lat' dir='ltr'><strong>in</strong></span> <span class='ocrx_word' id='word_1_741' title='bbox 3509 4374 3564 4414; x_wconf 91' lang='lat' dir='ltr'><strong>re</strong></span> <span class='ocrx_word' id='word_1_742' title='bbox 3587 4354 3691 4427; x_wconf 82' lang='lat' dir='ltr'><strong>ipsa</strong></span> <span class='ocrx_word' id='word_1_743' title='bbox 3716 4360 3764 4403; x_wconf 81' lang='lat' dir='ltr'><strong>ac</strong></span> 
     </span>
    </p>
   </div>
   <div class='ocr_carea' id='block_1_102' title="bbox 2179 4444 3764 4524">
    <p class='ocr_par' dir='ltr' id='par_1_102' title="bbox 2179 4444 3764 4524">
     <span class='ocr_line' id='line_1_102' title="bbox 2179 4444 3764 4524; baseline -0.009 -16"><span class='ocrx_word' id='word_1_744' title='bbox 2179 4451 2514 4508; x_wconf 89' lang='lat' dir='ltr'><strong>substantia</strong></span> <span class='ocrx_word' id='word_1_745' title='bbox 2570 4450 2812 4524; x_wconf 85' lang='lat' dir='ltr'><strong>negotii,</strong></span> <span class='ocrx_word' id='word_1_746' title='bbox 2846 4451 2987 4506; x_wconf 90' lang='lat' dir='ltr'><strong>dum</strong></span> <span class='ocrx_word' id='word_1_747' title='bbox 3040 4451 3091 4507; x_wconf 88' lang='lat' dir='ltr'><strong>is</strong></span> <span class='ocrx_word' id='word_1_748' title='bbox 3143 4450 3334 4508; x_wconf 86' lang='lat' dir='ltr'><strong>ﬁliam</strong></span> <span class='ocrx_word' id='word_1_749' title='bbox 3381 4444 3764 4519; x_wconf 62' lang='lat' dir='ltr'><strong>despondere»</strong></span> 
     </span>
    </p>
   </div>
   <div class='ocr_carea' id='block_1_103' title="bbox 2179 4535 3760 4613">
    <p class='ocr_par' dir='ltr' id='par_1_103' title="bbox 2179 4535 3760 4613">
     <span class='ocr_line' id='line_1_103' title="bbox 2179 4535 3760 4613; baseline -0.01 -16"><span class='ocrx_word' id='word_1_750' title='bbox 2179 4557 2348 4597; x_wconf 88' lang='lat' dir='ltr'><strong>suam</strong></span> <span class='ocrx_word' id='word_1_751' title='bbox 2377 4541 2631 4596; x_wconf 89' lang='lat' dir='ltr'><strong>credidit</strong></span> <span class='ocrx_word' id='word_1_752' title='bbox 2661 4539 2876 4596; x_wconf 90' lang='lat' dir='ltr'><strong>minori</strong></span> <span class='ocrx_word' id='word_1_753' title='bbox 2929 4540 3167 4613; x_wconf 87' lang='lat' dir='ltr'><strong>quidem</strong></span> <span class='ocrx_word' id='word_1_754' title='bbox 3230 4539 3352 4596; x_wconf 91' lang='lat' dir='ltr'><strong>ﬁlio</strong></span> <span class='ocrx_word' id='word_1_755' title='bbox 3403 4535 3582 4604; x_wconf 88' lang='lat' dir='ltr'><strong>cralis,</strong></span> <span class='ocrx_word' id='word_1_756' title='bbox 3608 4539 3760 4613; x_wconf 73' lang='lat' dir='ltr'><strong>verum</strong></span> 
     </span>
    </p>
   </div>
   <div class='ocr_carea' id='block_1_104' title="bbox 2179 4612 3763 4702">
    <p class='ocr_par' dir='ltr' id='par_1_104' title="bbox 2179 4612 3763 4702">
     <span class='ocr_line' id='line_1_104' title="bbox 2179 4612 3763 4702; baseline -0.009 -17"><span class='ocrx_word' id='word_1_757' title='bbox 2179 4633 2415 4702; x_wconf 90' lang='lat' dir='ltr'><strong>propter</strong></span> <span class='ocrx_word' id='word_1_758' title='bbox 2445 4632 2717 4687; x_wconf 92' lang='lat' dir='ltr'><strong>morbum</strong></span> <span class='ocrx_word' id='word_1_759' title='bbox 2750 4612 3139 4686; x_wconf 86' lang='lat' dir='ltr'><strong>incurabilem</strong></span> <span class='ocrx_word' id='word_1_760' title='bbox 3174 4629 3418 4701; x_wconf 85' lang='lat' dir='ltr'><strong>majoris</strong></span> <span class='ocrx_word' id='word_1_761' title='bbox 3442 4621 3631 4682; x_wconf 70' lang='lat' dir='ltr'><strong>heredi</strong></span> <span class='ocrx_word' id='word_1_762' title='bbox 3646 4612 3763 4676; x_wconf 81' lang='lat' dir='ltr'><strong>haud</strong></span> 
     </span>
    </p>
   </div>
   <div class='ocr_carea' id='block_1_105' title="bbox 2179 4707 3761 4792">
    <p class='ocr_par' dir='ltr' id='par_1_105' title="bbox 2179 4707 3761 4792">
     <span class='ocr_line' id='line_1_105' title="bbox 2179 4707 3761 4792; baseline -0.011 -18"><span class='ocrx_word' id='word_1_763' title='bbox 2179 4719 2360 4774; x_wconf 90' lang='lat' dir='ltr'><strong>dubio</strong></span> <span class='ocrx_word' id='word_1_764' title='bbox 2400 4723 2456 4774; x_wconf 90' lang='lat' dir='ltr'><strong>et</strong></span> <span class='ocrx_word' id='word_1_765' title='bbox 2495 4719 2824 4775; x_wconf 88' lang='lat' dir='ltr'><strong>successori</strong></span> <span class='ocrx_word' id='word_1_766' title='bbox 2857 4718 3162 4792; x_wconf 89' lang='lat' dir='ltr'><strong>designato</strong></span> <span class='ocrx_word' id='word_1_767' title='bbox 3195 4717 3359 4791; x_wconf 89' lang='lat' dir='ltr'><strong>regni</strong></span> <span class='ocrx_word' id='word_1_768' title='bbox 3390 4713 3607 4772; x_wconf 69' lang='lat' dir='ltr'><strong>Serbire.</strong></span> <span class='ocrx_word' id='word_1_769' title='bbox 3634 4707 3761 4763; x_wconf 83' lang='lat' dir='ltr'><strong>Nunc</strong></span> 
     </span>
    </p>
   </div>
   <div class='ocr_carea' id='block_1_106' title="bbox 2182 4801 3766 4880">
    <p class='ocr_par' dir='ltr' id='par_1_106' title="bbox 2182 4801 3766 4880">
     <span class='ocr_line' id='line_1_106' title="bbox 2182 4801 3766 4880; baseline -0.009 -16"><span class='ocrx_word' id='word_1_770' title='bbox 2182 4814 2379 4864; x_wconf 85' lang='lat' dir='ltr'><strong>autem</strong></span> <span class='ocrx_word' id='word_1_771' title='bbox 2424 4807 2862 4880; x_wconf 85' lang='lat' dir='ltr'><strong>intelligebatur</strong></span> <span class='ocrx_word' id='word_1_772' title='bbox 2905 4823 2974 4864; x_wconf 82' lang='lat' dir='ltr'><strong>ex</strong></span> <span class='ocrx_word' id='word_1_773' title='bbox 3021 4807 3258 4880; x_wconf 74' lang='lat' dir='ltr'><strong>Georgii</strong></span> <span class='ocrx_word' id='word_1_774' title='bbox 3288 4801 3637 4862; x_wconf 87' lang='lat' dir='ltr'><strong>sermonibus</strong></span> <span class='ocrx_word' id='word_1_775' title='bbox 3655 4805 3766 4851; x_wconf 72' lang='lat' dir='ltr'><strong>vana</strong></span> 
     </span>
    </p>
   </div>
   <div class='ocr_carea' id='block_1_107' title="bbox 2182 4893 3765 4968">
    <p class='ocr_par' dir='ltr' id='par_1_107' title="bbox 2182 4893 3765 4968">
     <span class='ocr_line' id='line_1_107' title="bbox 2182 4893 3765 4968; baseline -0.004 -16"><span class='ocrx_word' id='word_1_776' title='bbox 2182 4896 2284 4952; x_wconf 91' lang='lat' dir='ltr'><strong>illa</strong></span> <span class='ocrx_word' id='word_1_777' title='bbox 2315 4897 2519 4964; x_wconf 89' lang='lat' dir='ltr'><strong>fuisse,</strong></span> <span class='ocrx_word' id='word_1_778' title='bbox 2554 4913 2682 4968; x_wconf 75' lang='lat' dir='ltr'><strong>quae</strong></span> <span class='ocrx_word' id='word_1_779' title='bbox 2722 4897 2949 4968; x_wconf 83' lang='lat' dir='ltr'><strong>jactata</strong></span> <span class='ocrx_word' id='word_1_780' title='bbox 2979 4897 3215 4952; x_wconf 83' lang='lat' dir='ltr'><strong>fuerant</strong></span> <span class='ocrx_word' id='word_1_781' title='bbox 3254 4896 3327 4952; x_wconf 88' lang='lat' dir='ltr'><strong>de</strong></span> <span class='ocrx_word' id='word_1_782' title='bbox 3359 4895 3530 4951; x_wconf 86' lang='lat' dir='ltr'><strong>fracto</strong></span> <span class='ocrx_word' id='word_1_783' title='bbox 3559 4897 3698 4944; x_wconf 75' lang='lat' dir='ltr'><strong>crure</strong></span> <span class='ocrx_word' id='word_1_784' title='bbox 3718 4893 3765 4968; x_wconf 52' lang='grc' dir='ltr'><strong>σε</strong></span> 
     </span>
    </p>
   </div>
   <div class='ocr_carea' id='block_1_108' title="bbox 2182 4966 3766 5059">
    <p class='ocr_par' dir='ltr' id='par_1_108' title="bbox 2182 4966 3766 5059">
     <span class='ocr_line' id='line_1_108' title="bbox 2182 4966 3766 5059; baseline 0.001 -17"><span class='ocrx_word' id='word_1_785' title='bbox 2182 4987 2492 5059; x_wconf 85' lang='lat' dir='ltr'><strong>desperata</strong></span> <span class='ocrx_word' id='word_1_786' title='bbox 2519 4966 2852 5042; x_wconf 77' lang='lat' dir='ltr'><strong>valetudine</strong></span> <span class='ocrx_word' id='word_1_787' title='bbox 2884 4984 3292 5058; x_wconf 87' lang='lat' dir='ltr'><strong>primogeniti,</strong></span> <span class='ocrx_word' id='word_1_788' title='bbox 3324 4983 3424 5056; x_wconf 91' lang='lat' dir='ltr'><strong>qui</strong></span> <span class='ocrx_word' id='word_1_789' title='bbox 3456 4979 3618 5037; x_wconf 86' lang='lat' dir='ltr'><strong>ﬁliam</strong></span> <span class='ocrx_word' id='word_1_790' title='bbox 3652 4966 3766 5059; x_wconf 65' lang='grc' dir='ltr'>νοεῖξ</span> 
     </span>
    </p>
   </div>
   <div class='ocr_carea' id='block_1_109' title="bbox 2189 5054 3763 5132">
    <p class='ocr_par' dir='ltr' id='par_1_109' title="bbox 2189 5054 3763 5132">
     <span class='ocr_line' id='line_1_109' title="bbox 2189 5054 3763 5132; baseline -0.011 -1"><span class='ocrx_word' id='word_1_791' title='bbox 2189 5054 2507 5132; x_wconf 69' lang='lat' dir='ltr'><strong>Pannoniae</strong></span> <span class='ocrx_word' id='word_1_792' title='bbox 2539 5075 2599 5131; x_wconf 90' lang='lat' dir='ltr'><strong>in</strong></span> <span class='ocrx_word' id='word_1_793' title='bbox 2632 5054 3012 5130; x_wconf 81' lang='lat' dir='ltr'><strong>matrimonio</strong></span> <span class='ocrx_word' id='word_1_794' title='bbox 3041 5054 3448 5131; x_wconf 51' lang='lat' dir='ltr'><strong>habebat—De</strong></span> <span class='ocrx_word' id='word_1_795' title='bbox 3487 5063 3680 5125; x_wconf 64' lang='lat' dir='ltr'><strong>ceteris</strong></span> <span class='ocrx_word' id='word_1_796' title='bbox 3712 5054 3763 5113; x_wconf 76' lang='lat' dir='ltr'><strong>ad</strong></span> 
     </span>
    </p>
   </div>
   <div class='ocr_carea' id='block_1_110' title="bbox 2183 5158 3763 5238">
    <p class='ocr_par' dir='ltr' id='par_1_110' title="bbox 2183 5158 3763 5238">
     <span class='ocr_line' id='line_1_110' title="bbox 2183 5158 3763 5238; baseline -0.008 -17"><span class='ocrx_word' id='word_1_797' title='bbox 2183 5181 2304 5221; x_wconf 90' lang='lat' dir='ltr'><strong>rem</strong></span> <span class='ocrx_word' id='word_1_798' title='bbox 2338 5181 2470 5238; x_wconf 79' lang='lat' dir='ltr'><strong>quae</strong></span> <span class='ocrx_word' id='word_1_799' title='bbox 2491 5165 2777 5237; x_wconf 85' lang='lat' dir='ltr'><strong>agebatur</strong></span> <span class='ocrx_word' id='word_1_800' title='bbox 2805 5163 3237 5237; x_wconf 87' lang='lat' dir='ltr'><strong>spectantibus,</strong></span> <span class='ocrx_word' id='word_1_801' title='bbox 3269 5162 3420 5218; x_wconf 90' lang='lat' dir='ltr'><strong>idem</strong></span> <span class='ocrx_word' id='word_1_802' title='bbox 3461 5158 3658 5231; x_wconf 76' lang='lat' dir='ltr'><strong>legatus</strong></span> <span class='ocrx_word' id='word_1_803' title='bbox 3681 5161 3763 5204; x_wconf 79' lang='lat' dir='ltr'><strong>non</strong></span> 
     </span>
    </p>
   </div>
   <div class='ocr_carea' id='block_1_111' title="bbox 2184 5243 3764 5328">
    <p class='ocr_par' dir='ltr' id='par_1_111' title="bbox 2184 5243 3764 5328">
     <span class='ocr_line' id='line_1_111' title="bbox 2184 5243 3764 5328; baseline -0.009 -17"><span class='ocrx_word' id='word_1_804' title='bbox 2184 5255 2386 5312; x_wconf 90' lang='lat' dir='ltr'><strong>minus</strong></span> <span class='ocrx_word' id='word_1_805' title='bbox 2418 5255 2726 5328; x_wconf 86' lang='lat' dir='ltr'><strong>inopinata</strong></span> <span class='ocrx_word' id='word_1_806' title='bbox 2755 5259 2811 5312; x_wconf 89' lang='lat' dir='ltr'><strong>et</strong></span> <span class='ocrx_word' id='word_1_807' title='bbox 2841 5255 3126 5328; x_wconf 91' lang='lat' dir='ltr'><strong>ambigua</strong></span> <span class='ocrx_word' id='word_1_808' title='bbox 3146 5253 3389 5323; x_wconf 89' lang='lat' dir='ltr'><strong>ferebat,</strong></span> <span class='ocrx_word' id='word_1_809' title='bbox 3415 5251 3524 5307; x_wconf 82' lang='lat' dir='ltr'><strong>alia</strong></span> <span class='ocrx_word' id='word_1_810' title='bbox 3540 5243 3764 5328; x_wconf 57' lang='lat' dir='ltr'><strong>quedam,</strong></span> 
     </span>
    </p>
   </div>
   <div class='ocr_carea' id='block_1_112' title="bbox 2182 5325 3763 5416">
    <p class='ocr_par' dir='ltr' id='par_1_112' title="bbox 2182 5325 3763 5416">
     <span class='ocr_line' id='line_1_112' title="bbox 2182 5325 3763 5416; baseline -0.003 -19"><span class='ocrx_word' id='word_1_811' title='bbox 2182 5359 2438 5416; x_wconf 88' lang='lat' dir='ltr'><strong>quorum</strong></span> <span class='ocrx_word' id='word_1_812' title='bbox 2474 5325 2636 5400; x_wconf 79' lang='lat' dir='ltr'><strong>nulla</strong></span> <span class='ocrx_word' id='word_1_813' title='bbox 2666 5351 2787 5401; x_wconf 89' lang='lat' dir='ltr'><strong>erat</strong></span> <span class='ocrx_word' id='word_1_814' title='bbox 2829 5325 3095 5415; x_wconf 70' lang='lat' dir='ltr'><strong>unquam</strong></span> <span class='ocrx_word' id='word_1_815' title='bbox 3143 5342 3347 5398; x_wconf 78' lang='lat' dir='ltr'><strong>audita</strong></span> <span class='ocrx_word' id='word_1_816' title='bbox 3400 5339 3555 5413; x_wconf 91' lang='lat' dir='ltr'><strong>prius</strong></span> <span class='ocrx_word' id='word_1_817' title='bbox 3581 5325 3763 5416; x_wconf 51' lang='lat' dir='ltr'><strong>mentiti:</strong></span> 
     </span>
    </p>
   </div>
   <div class='ocr_carea' id='block_1_113' title="bbox 2181 5413 3762 5505">
    <p class='ocr_par' dir='ltr' id='par_1_113' title="bbox 2181 5413 3762 5505">
     <span class='ocr_line' id='line_1_113' title="bbox 2181 5413 3762 5505; baseline 0.006 -18"><span class='ocrx_word' id='word_1_818' title='bbox 2181 5413 2543 5505; x_wconf 81' lang='lat' dir='ltr'><strong>proponens,</strong></span> <span class='ocrx_word' id='word_1_819' title='bbox 2586 5413 2991 5505; x_wconf 80' lang='lat' dir='ltr'><strong>circuitusque</strong></span> <span class='ocrx_word' id='word_1_820' title='bbox 3019 5431 3182 5488; x_wconf 83' lang='lat' dir='ltr'><strong>vafro</strong></span> <span class='ocrx_word' id='word_1_821' title='bbox 3216 5434 3479 5504; x_wconf 86' lang='lat' dir='ltr'><strong>captans,</strong></span> <span class='ocrx_word' id='word_1_822' title='bbox 3527 5434 3682 5494; x_wconf 63' lang='lat' dir='ltr'><strong>eaque</strong></span> <span class='ocrx_word' id='word_1_823' title='bbox 3709 5413 3762 5505; x_wconf 43' lang='grc' dir='ltr'><strong>θ’</strong></span> 
     </span>
    </p>
   </div>
   <div class='ocr_carea' id='block_1_114' title="bbox 2183 5502 3761 5595">
    <p class='ocr_par' dir='ltr' id='par_1_114' title="bbox 2183 5502 3761 5595">
     <span class='ocr_line' id='line_1_114' title="bbox 2183 5502 3761 5595; baseline -0.015 -16"><span class='ocrx_word' id='word_1_824' title='bbox 2183 5502 2401 5595; x_wconf 82' lang='lat' dir='ltr'><strong>quibus</strong></span> <span class='ocrx_word' id='word_1_825' title='bbox 2431 5525 2587 5580; x_wconf 90' lang='lat' dir='ltr'><strong>certo</strong></span> <span class='ocrx_word' id='word_1_826' title='bbox 2617 5502 2970 5580; x_wconf 74' lang='lat' dir='ltr'><strong>convenerat</strong></span> <span class='ocrx_word' id='word_1_827' title='bbox 3014 5524 3209 5578; x_wconf 86' lang='lat' dir='ltr'><strong>astuto</strong></span> <span class='ocrx_word' id='word_1_828' title='bbox 3238 5502 3528 5576; x_wconf 78' lang='lat' dir='ltr'><strong>involvens</strong></span> <span class='ocrx_word' id='word_1_829' title='bbox 3565 5502 3761 5595; x_wconf 51' lang='lat' dir='ltr'><strong>silentio.</strong></span> 
     </span>
    </p>
   </div>
   <div class='ocr_carea' id='block_1_115' title="bbox 2181 5590 3762 5681">
    <p class='ocr_par' dir='ltr' id='par_1_115' title="bbox 2181 5590 3762 5681">
     <span class='ocr_line' id='line_1_115' title="bbox 2181 5590 3762 5681; baseline -0.018 -1"><span class='ocrx_word' id='word_1_830' title='bbox 2181 5590 2319 5681; x_wconf 61' lang='lat' dir='ltr'><strong>Quae</strong></span> <span class='ocrx_word' id='word_1_831' title='bbox 2350 5610 2551 5670; x_wconf 88' lang='lat' dir='ltr'><strong>omnia</strong></span> <span class='ocrx_word' id='word_1_832' title='bbox 2580 5611 2939 5669; x_wconf 88' lang='lat' dir='ltr'><strong>mirantibus</strong></span> <span class='ocrx_word' id='word_1_833' title='bbox 2968 5609 3189 5669; x_wconf 84' lang='lat' dir='ltr'><strong>nostris</strong></span> <span class='ocrx_word' id='word_1_834' title='bbox 3246 5607 3423 5667; x_wconf 82' lang='lat' dir='ltr'><strong>simul</strong></span> <span class='ocrx_word' id='word_1_835' title='bbox 3449 5590 3762 5664; x_wconf 64' lang='lat' dir='ltr'><strong>occurrebant</strong></span> 
     </span>
    </p>
   </div>
  </div>
