3912 6192
214 299 300 355 805

1199 290 1294 343 na
1332 288 1707 345 MICHAELE
1744 290 2189 351 PALzEOLOGO
2227 269 2472 352 mefv.

3438 299 3545 356 806

211 418 363 494 ἀπῳδά
407 436 457 471 τε
505 411 586 467 καὶ
644 409 831 473 ἄλλως
885 414 1074 486 σαθρά.
1130 410 1327 467 ἐκεῖνοι
1398 413 1498 487 γὰρ
1565 414 1654 467 καὶ
1705 414 1779 475 ὡς
1807 420 1862 486 Α
1891 416 1991 489 γὰς
2047 418 2372 494 γνωρίζουσι
2407 421 2501 493 μὲν
2540 421 2603 476 τὸ
2655 422 2921 497 πραχθὲν,
2958 425 3181 493 ζητοῦσι
3211 420 3267 477 δὲ
3295 422 3422 486 τοὺς
3458 422 3548 479 δε-

210 510 390 586 ἄρξοντα
437 502 556 577 μετὰ
598 502 689 556 τὸν
744 501 950 576 πατέρα
1002 500 1080 565 εἷς
1128 499 1296 570 κῆδος
1350 502 1642 576 προσίεντο
1694 504 1785 557 τὸν

210 598 419 667 υἱὸν,τοῦ
444 592 698 665 προτέρου
735 594 845 644 τῶν
891 586 1099 644 παίδων
1154 591 1429 668 Στεφάνου
1476 594 1537 646 τὸ
1594 590 1787 653 σκέλος

206 684 476 759 κατεαγότος
521 681 607 735 καὶ
670 680 785 754 βίον
848 685 1053 749 ζῶντος
1086 681 1428 755 ἀπράγμονα’
1469 684 1495 737 ὁ
1544 680 1602 736 δὲ
1660 679 1788 736 ἀλλ’

1897 501 2192 578 δρακότας.
2253 508 2434 564 Ἀλλὰ
2488 514 2708 580 ζητοῦσι
2774 512 3006 583 μάταιος
3063 514 3128 581 ἦν
3186 515 3220 581 ἡ
3282 511 3491 584 σπουδή
3530 533 3542 546 υ

1897 593 2020 650 οὔτε
2069 598 2170 672 γὰρ
2220 600 2368 673 εἶχον
2424 604 2609 670 μαθεῖν
2664 605 2792 675 παρ’
2836 601 3049 655 ἐκείνων
3083 602 3209 663 τοὺς
3260 604 3548 676 σφετέρους

1896 682 2285 753 ἐπειλυόντων,
2327 688 2416 741 καὶ
2460 689 2519 742 τὸ
2578 686 2877 763 δραστικῶς
2929 688 3190 760 ἐξετάζειν
3234 690 3324 745 καὶ
3386 692 3545 744 ἁπαι-

206 777 308 833 ἄττα
331 771 491 843 κύκλῳ
524 765 994 845 περιϐαλλόμενος
1043 772 1110 824 τὰ
1140 769 1555 846 ὡμολογημένα
1578 770 1789 840 ἐπηλυ-
1868 780 2004 828 ,τεῖν
2064 776 2125 830 οὐ
2186 778 2500 852 συνήνεγκε,
2564 780 2639 850 μὴ
2700 776 2790 833 καί
2839 777 3006 833 πλέον
3063 774 3421 851 ἐπισυμϐαίη,
3455 780 3545 833 ἀν-

206 869 378 940 γάζετο.
410 861 481 917 Τὰ
509 856 551 913 δ’
584 857 660 920 εἲς
690 859 790 927 τήν
838 857 961 913 ὁδὸν
1020 856 1258 932 δυσχερῆ
1315 881 1374 914 τε
1429 858 1639 927 ἄλλως,
1699 859 1787 914 καὶ

204 955 261 1015 ὡς
308 950 447 1011 αὐτὸς
490 946 689 1002 ἐδείκνυ
748 947 1081 1021 ζημιωθείς.
1141 951 1306 1006 Ἦσαν
1364 947 1409 1003 δ’
1468 950 1566 1004 ἀ·σά
1629 951 1791 1026 μέρος

203 1041 269 1097 καὶ
297 1041 338 1094 οἱ
366 1036 471 1112 περὶ
514 1037 602 1091 τὸν
658 1035 1056 1112 χαρτοφυλακα
1104 1039 1180 1110 (αἱ
1209 1039 1309 1114 γὰρ
1352 1046 1451 1109 τῆς
1499 1038 1788 1109 δεσποίνης

200 1126 503 1205 παραγγελίαι
532 1124 621 1180 καὶ
653 1126 901 1196 ἀξιώσεις
950 1123 1118 1180 δειναὶ
1171 1125 1247 1188 εἷς
1304 1128 1366 1182 τὸ
1423 1133 1596 1182 ποιεῖν
1650 1127 1789 1182 ἐκεί-

200 1242 280 1275 νων
320 1215 620 1296 φροντίζειν,
653 1215 826 1279 οὕτως
875 1214 1079 1289 ἰδόντα)
1125 1216 1460 1280 ἐπικλῶντες
1511 1221 1607 1281 τὰς
1652 1239 1789 1292 προ-

197 1306 353 1380 θυμίας
378 1310 450 1377 τῷ
478 1306 793 1380 πατριάρχη
824 1305 917 1359 καὶ
947 1310 1064 1366 τοῖς
1095 1302 1383 1380 ἄρχουσιν,
1414 1307 1499 1379 [Ρ.
1531 1310 1657 1381 241]
1708 1307 1789 1384 ἐφ’

200 1395 338 1468 ᾦμὴ
364 1394 515 1449 πλέον
548 1389 845 1467 προϐῆναι·
908 1392 1051 1468 μηδὲ
1106 1395 1213 1472 γὰρ
1268 1395 1467 1450 ἀνυστά
1523 1398 1610 1451 καὶ
1670 1396 1790 1451 ἐπι-

196 1481 396 1539 κίνδυνα.
451 1482 636 1544 Οὕτως
669 1482 907 1558 ἐχόντων
940 1483 1141 1559 γίνεταί
1197 1505 1248 1538 τι
1280 1486 1369 1538 καὶ
1418 1484 1562 1539 ἄλλο
1596 1483 1789 1557 δεινὸν,

198 1570 296 1640 ὃδὴ
339 1572 417 1625 καὶ
449 1572 518 1633 είς
573 1572 808 1647 ὑποψίαν
844 1567 1113 1645 ἐμϐάλλει
1158 1578 1295 1651 σφᾶς
1339 1577 1437 1627 τοῦ
1482 1574 1571 1628 καὶ
1620 1576 1790 1650 πρόσ-

196 1662 261 1715 θεν
309 1661 467 1724 ἳόντας
522 1664 711 1717 παθεῖν
771 1664 838 1717 τά
892 1661 1164 1737 χείριστα.
1217 1664 1283 1719 Οἱ
1317 1663 1420 1739 γὰρ
1466 1666 1563 1733 τὴν
1600 1666 1788 1740 χώραν

1897 864 2139 937 θρώποις
2174 866 2267 938 μὲν
2296 871 2396 934 τήν
2432 864 2599 936 ἰδέαν,
2629 867 2843 942 θηρίοις
2877 865 2933 920 δὲ
2960 868 3052 921 τὸν
3102 869 3303 940 τρόπον
3331 888 3548 943 παρεμ-

1895 952 2192 1010 πεσόντων.
2243 957 2437 1027 ’Ὁμως
2479 960 2599 1017 τοῖς
2641 956 2860 1010 ἐκείνων
2916 952 3153 1031 ἄρχουσι
3201 957 3547 1032 χρησάμενοι

1898 1041 1972 1107 εἷς
2009 1045 2262 1120 βοήθειαν
2312 1043 2480 1119 (μηδέ
2527 1046 2628 1121 γὰρ
2680 1044 2827 1121 ἔχειν
2885 1045 3036 1109 ὅπως
3085 1047 3177 1101 καὶ
3232 1051 3545 1122 κινηθεῖεν),

1895 1138 2002 1188 τῶν
2043 1136 2368 1205 κρειττόνων
2410 1133 2598 1189 ’ίππων
2653 1133 3028 1190 ἀπολωλότων
3090 1135 3546 1210 ἀντισηκουμενοι

1895 1229 2016 1285 τοῖς
2043 1231 2143 1294 τῆς
2178 1226 2364 1301 χώρας
2409 1224 2509 1279 οὐκ
2553 1223 2635 1278 ἐπ’
2684 1223 2835 1293 ἴσων,
2888 1221 3018 1278 ἀλλ’
3068 1222 3189 1279 οὐδ’
3218 1224 3401 1300 ἐγγὺς,
3455 1246 3548 1298 με-

1894 1315 2233 1370 ταναστεῦειν
2281 1315 2358 1377 εἴς
2409 1312 2697 1370 τοῦπισθεν
2750 1309 3130 1371 ἐϐουλεύοντο.
3183 1316 3286 1370 Καὶ
3335 1312 3400 1383 δὴ
3454 1314 3551 1369 δο-

1897 1403 2062 1476 ξάσης
2091 1410 2191 1473 τῆς
2225 1403 2432 1477 βουλῆς
2466 1406 2669 1479 ἀγαθῆς
2723 1405 2810 1457 καὶ
2876 1402 3235 1473 συνοισοόσης
3286 1402 3454 1458 πλέον
3512 1402 3547 1471 ἢ

1903 1492 2009 1563 μὴν
2069 1491 2412 1567 βλαψοῦσης,
2444 1492 2694 1567 πρύμναν
2749 1512 2807 1545 τε
2855 1491 3166 1567 κρούονται,
3206 1491 3269 1545 τὸ
3326 1495 3423 1546 τοῦ
3455 1490 3549 1545 λό-

1894 1600 2015 1652 γου,
2074 1579 2159 1633 καὶ
2218 1585 2336 1641 τοῖς
2393 1575 2610 1643 ὄπισθεν
2672 1578 3107 1651 ἐπεκτεινόμενοι
3157 1576 3552 1655 ἕιυςἊχρίὸας

1898 1664 2082 1738 ᾔεσαν.
2142 1669 2377 1732 Ἐκεῖθεν
2440 1666 2496 1721 δέ
2555 1667 2766 1739 σύναμα
2817 1671 2885 1740 τῇ
2950 1664 3190 1742 βασιλίδι
3224 1666 3552 1722 Θεσσαλονί-

195 1749 485 1824 ἰπῳκημένοι
542 1752 681 1807 κατά
738 1750 933 1826 στίχας
996 1750 1159 1814 ἴόντες
1216 1752 1497 1827 ἐφίσταντο
1546 1756 1791 1826 καθημέ-
1822 1778 1999 1858 Βκης
2030 1751 2335 1825 ἐπιϐάντες,
2380 1754 2548 1826 κῆδος
2580 1756 2755 1810 ἐκεῖνο
2807 1756 2897 1809 καὶ
2948 1758 3217 1826 συνθήκας
3279 1757 3367 1810 καὶ
3426 1777 3552 1810 συν-

378 1839 473 1858 η,
712 1841 819 1858 ει,
993 1841 1005 1858 ε
1107 1839 1295 1858 νη...
1542 1842 1566 1858 η
1942 1845 2042 1858 ς..
2394 1847 2407 1858 .
2496 1843 2568 1858 η.
2674 1846 2723 1858 Α.
3052 1844 3064 1858 ς
3165 1845 3193 1858 η
3294 1842 3349 1858 ε.
3456 1844 3471 1858 ρ

196 1860 287 1901 νοις
313 1839 593 1910 πολλάκις,
637 1841 727 1895 καὶ
760 1842 943 1915 ἑώρων
977 1841 1051 1903 ὡς
1100 1839 1332 1897 ἄλλοθέν
1382 1862 1488 1896 που
1535 1842 1791 1911 ἥκοντας.

194 1916 312 2005 σφίσι
339 1926 381 1983 δ’
407 1929 468 1997 ἦν
525 1929 735 1991 σκοπὸς
768 1935 1100 2005 παρατηρεῖν
1141 1932 1208 1984 τὰ
1240 1929 1479 1985 ἐκείνωνι
1513 1930 1593 2009 ἐφ’
1643 1933 1791 2008 ᾧπερ

194 2017 266 2070 καὶ
310 2019 480 2081 νυκτὸς
538 2017 865 2081 ἐπελθόντες
923 2016 1236 2089 συλήσειαν.
1297 2021 1365 2077 Ὅ
1426 2018 1491 2089 δὴ
1553 2021 1641 2076 καὶ
1678 2023 1793 2095 μετ’

195 2102 345 2181 ὀλίγον
391 2102 652 2181 λαμϐάνει
709 2106 887 2172 τέλος·
932 2108 1127 2170 νυκτὸς
1168 2108 1266 2182 γὰρ
1317 2107 1560 2174 ἐπιόντες
1599 2110 1795 2189 ἀψόφῳ

192 2191 295 2249 ποδι
334 2195 449 2261 τοὺς
497 2196 722 2253 ἐκείνων
764 2196 969 2259 ’ίππους
1018 2197 1245 2266 συλῶσι,
1293 2197 1444 2272 καὶῇ
1486 2196 1667 2255 ποδῶν
1718 2201 1795 2255 εἶ-

188 2302 289 2359 χον,
317 2287 647 2357 ἀφανίζουσιν
680 2287 900 2349 ἑαυτούς
975 2287 1037 2341 Οἱ
1086 2283 1131 2341 δ’
1182 2288 1277 2361 ἅμ’
1324 2285 1399 2361 ἕῳ
1444 2289 1534 2343 καὶ
1581 2291 1669 2345 ὑπ’
1698 2290 1796 2345 αὐ-

185 2502 401 2573 pericula
429 2507 659 2563 infestae
706 2505 1032 2562 latrociniis
1087 2506 1215 2573 vim,
1276 2524 1407 2579 quas
1455 2523 1629 2578 quam
1676 2523 1792 2562 non

187 2592 289 2648 sine
314 2611 474 2652 causa
502 2595 1016 2666 timerentur,ipse
1034 2595 1263 2668 legatus
1284 2613 1393 2651 sua
1413 2597 1540 2667 ejus
1560 2596 1793 2668 generis

183 2697 350 2740 recens
377 2701 540 2757 accep
555 2690 617 2740 ta
640 2684 853 2740 damna
879 2700 1346 2742 commemorans
1372 2685 1601 2757 plenam
1622 2685 1792 2741 facie-

180 2770 263 2825 bat
285 2772 462 2830 ﬁdem.
496 2774 735 2829 Partem
770 2772 946 2827 etiam
974 2776 1394 2841 momenti,nec
1425 2790 1551 2829 eam
1588 2772 1789 2843 levem,

180 2858 235 2914 ad
260 2876 447 2917 novum
482 2860 915 2916 inclinantibus
948 2861 1262 2917 consilium
1317 2862 1630 2931 addebant,
1664 2878 1794 2934 quas

182 2945 557 3024 cbartophylax
594 2966 787 3006 coram
823 2958 1129 3023 perspecta
1159 2951 1439 3007 retulerat
1484 2953 1553 3007 de
1606 2952 1791 3007 sordi-

184 3034 273 3092 bus
298 3043 348 3094 et
384 3040 630 3097 miseria
677 3040 999 3095 domestica
1055 3040 1209 3113 regis
1255 3042 1493 3110 Serbize,
1552 3058 1794 3113 quasque

1906 1845 2233 1922 αλλάγματα
2279 1847 2407 1921 παρ’
2456 1843 2610 1901 οὐδὶν
2672 1846 2915 1917 θέμενοι,
2966 1844 3103 1919 πρὸς
3164 1842 3391 1920 βασιλέα
3451 1844 3551 1899 ὑπ-

1903 1930 2179 2012 ἔστρεφον,

1903 2043 1973 2112 η’.
2023 2043 2105 2099 Τὰ
2146 2043 2283 2097 κατὰ
2326 2042 2418 2096 τὸν
2472 2040 2617 2117 ῥῆγοι.
2660 2038 2970 2117 Κάρουλον,
3017 2038 3107 2093 καὶ
3156 2037 3305 2100 ὅπως
3352 2036 3551 2093 στόλον

2577 2111 2861 2184 ἐξηρτύετο
2872 2154 2884 2168 .

1978 2204 2059 2274 [Ρ.
2090 2203 2218 2276 242]
2248 2202 2385 2256 Τότε
2419 2200 2598 2256 τοίνυν
2648 2200 2784 2274 μετά
2830 2199 3017 2274 καιρὸν
3065 2197 3155 2252 καὶ
3201 2199 3271 2253 τὰ
3319 2196 3438 2271 περὶ
3489 2197 3554 2252 τὸ

1906 2289 2211 2368 Δυρράχιον
2261 2285 2453 2363 ξυνέϐη
2488 2290 2694 2346 ἐλεεινά
2723 2288 2813 2345 καὶ
2844 2286 3037 2363 πλήρη
3089 2284 3356 2362 δακρύων.
3409 2293 3551 2363 Κρο-

1903 2509 2060 2576 runt,
2093 2521 2220 2576 quae
2254 2505 2367 2562 cito
2392 2506 2451 2562 in
2485 2506 2745 2563 dolorem
2786 2508 3038 2564 transiit.
3091 2509 3238 2564 Nam
3295 2525 3410 2563 non
3470 2507 3553 2563 ita

1904 2595 2089 2650 multo
2124 2604 2250 2667 post
2281 2596 2553 2651 nocturni
2576 2602 2947 2669 grassatores
2971 2596 3123 2653 clam
3150 2596 3557 2669 appulsi,pede

1903 2700 2193 2754 suspenso
2226 2700 2462 2741 summa
2492 2703 2633 2742 cura
2667 2688 2952 2759 strepitus
2984 2688 3430 2758 vitandi,equos
3454 2702 3555 2741 no-

1904 2777 2160 2827 strorum
2188 2774 2559 2831 abduxerunt
2606 2784 2661 2831 et
2710 2793 2842 2830 cum
2895 2777 2968 2831 iis
3000 2792 3177 2848 quam
3213 2774 3559 2847 longissime

1903 2863 2199 2935 fugerunt.
2227 2865 2475 2921 Romani
2508 2866 2618 2922 sub
2650 2883 2920 2921 auroram
2957 2867 3109 2920 furto
3152 2865 3348 2939 agnito
3398 2881 3556 2935 quaa-

1904 2957 2043 3006 runt
2073 2956 2343 3009 auctores
2374 2955 2530 3021 facti,
2565 2954 2634 3010 de
2659 2954 2845 3009 obviis
2879 2957 3292 3025 percontantes
3340 2951 3551 3023 ecquid

1903 3039 2115 3094 horum
2149 3049 2406 3096 nossent.
2441 3042 2551 3096 Sed
2584 3057 2799 3096 vanum
2834 3040 3055 3096 scilicet
3111 3039 3372 3094 studium
3423 3042 3548 3093 erat

182 3123 307 3181 idem
328 3128 430 3183 sibi
454 3130 629 3185 enixe
654 3129 1059 3184 commendata
1081 3130 1306 3184 dicebat
1329 3131 1400 3185 ab
1435 3133 1701 3203 Augusta
1724 3131 1793 3187 de
1826 3156 1867 3223 Ο
1907 3127 2103 3183 indicii
2138 3129 2573 3201 testimoniique
2605 3130 2953 3201 corrogandi
2993 3147 3025 3185 a
3054 3127 3306 3184 consciis
3357 3128 3554 3181 furum

177 3217 547 3288 prospiciendo
592 3216 862 3289 dignitati
894 3235 959 3273 ac
1008 3219 1334 3273 commodis
1384 3219 1537 3287 ﬁliae,
1591 3236 1792 3291 quam,

185 3303 251 3357 uti
278 3322 333 3360 se
352 3323 437 3362 res
467 3306 795 3372 habebant,
830 3307 1205 3362 manifestum
1241 3312 1385 3375 erat,
1419 3309 1463 3363 si
1515 3309 1792 3381 perduce-

184 3395 315 3447 retur
340 3409 447 3466 quo
480 3394 885 3460 intenderant,
912 3412 1026 3450 non
1076 3394 1136 3451 in
1184 3412 1431 3467 regnum
1484 3401 1585 3452 aut
1632 3396 1795 3468 regni

173 3495 328 3551 spem,
360 3485 456 3539 sed
491 3485 549 3540 in
596 3483 934 3561 servitutem
985 3486 1301 3540 transcribi
1362 3485 1793 3542 tristissimam.

176 3567 279 3624 Hec
294 3574 637 3643 patriarcha
661 3589 727 3628 ac
750 3572 994 3644 reliquis
1023 3574 1080 3627 in
1110 3590 1175 3629 eo
1195 3574 1475 3629 comitatu
1502 3575 1798 3646 praecipua

173 3657 422 3731 dignitate
453 3661 799 3734 conspicuis
830 3679 1061 3719 omnem
1090 3663 1489 3735 infringebant
1509 3663 1797 3735 impetum

169 3746 383 3805 ulterius
413 3750 724 3824 pergendi,
758 3752 959 3822 utique
986 3752 1397 3823 reputantibus
1421 3750 1651 3806 nullum
1684 3769 1795 3807 cm-

169 3841 373 3904 ptorum
394 3841 779 3897 commodum
801 3845 902 3895 aut
926 3840 1134 3896 saltem
1158 3840 1521 3897 tolerabilem
1550 3843 1797 3909 exitum,

176 3926 375 3985 nullum
406 3930 607 4003 longae
625 3947 691 3985 ac
717 3928 1019 3985 laboriosae
1043 3930 1144 3984 viae
1166 3930 1421 3985 fructum
1438 3932 1797 4001 sperandum

167 4028 435 4087 apparere.
471 4020 556 4075 Ne
593 4019 775 4091 pactis
810 4018 1039 4089 quidem
1077 4019 1257 4073 videri
1291 4020 1674 4075 constituram
1730 4019 1799 4073 ﬁ-

172 4102 302 4173 dem,
326 4108 372 4163 si
403 4108 616 4163 futura
648 4124 678 4163 e
709 4108 1098 4179 praesentibus
1148 4108 1598 4164 aestimarentur.
1651 4107 1798 4173 Quid

164 4189 323 4263 igitur
339 4197 623 4254 attineret
644 4196 701 4251 in
723 4196 1069 4268 ambiguum
1090 4201 1146 4251 et
1168 4197 1423 4268 obliquis
1439 4197 1802 4253 anfractibus

168 4283 450 4342 confusum
486 4286 797 4358 negotium
829 4285 988 4340 velut
1018 4286 1077 4340 in
1102 4302 1320 4341 caecum
1346 4285 1804 4358 perplexumque

164 4366 543 4445 labyrinthum
604 4390 733 4431 sese
764 4373 945 4429 altius
992 4378 1049 4429 et
1082 4374 1522 4430 irrevocabilius
1556 4375 1801 4430 immer-

161 4470 355 4530 gere,et
384 4481 500 4520 non
523 4466 729 4537 potius
750 4463 1114 4533 deprehensa
1134 4464 1221 4519 vel
1253 4480 1383 4519 sera
1410 4465 1566 4521 354
1597 4465 1804 4521 fraude

1906 3216 1965 3270 in
1998 3233 2137 3272 suos
2170 3216 2432 3288 ipsorum
2455 3216 2766 3289 populares
2797 3219 3123 3288 sociosque,
3177 3232 3429 3288 quorum
3460 3231 3555 3270 ra-

1903 3305 2215 3377 pacitatem
2247 3306 2402 3361 haud
2438 3308 2611 3377 paulo
2646 3305 2935 3361 imitaturi
2969 3304 3244 3361 libentius
3267 3319 3446 3375 quam
3468 3320 3559 3358 ac-

1903 3395 2161 3451 cusaturi
2195 3395 2554 3450 viderentur.
2590 3396 2791 3467 Itaque
2819 3396 3078 3467 prudens
3104 3392 3422 3449 consilium
3449 3391 3561 3446 fuit

1906 3501 2026 3539 rem
2053 3485 2224 3539 istam
2254 3501 2362 3539 non
2400 3484 2652 3539 nimium
2679 3500 2998 3556 urgere,ne
3029 3483 3143 3538 ista
3182 3481 3557 3553 ipsainstan-

1904 3574 1988 3628 tia
2016 3573 2246 3629 irritata
2277 3591 2417 3645 gens
2450 3574 2720 3642 barbara,
2765 3572 3084 3628 belluinam
3128 3572 3417 3627 feritatem
3448 3571 3559 3625 hu-

1908 3680 2083 3717 mana
2113 3663 2308 3718 celans
2327 3662 2538 3735 specie,
2572 3662 2741 3733 pejus
2772 3662 2994 3734 aliquid
3030 3659 3565 3730 funestiusquede-

1908 3752 2413 3824 signaret.'(‘amen
2448 3768 2519 3806 ne
2551 3751 2693 3822 quid
2739 3750 3089 3805 intentatum
3137 3748 3558 3818 relinquerent,

1908 3841 2290 3910 magistratus
2322 3841 2578 3895 locorum
2612 3839 2902 3906 adierunt,
2952 3840 3228 3908 rogantes
3270 3840 3334 3889 ut
3371 3851 3556 3905 equos

1909 3929 2020 3985 sibi
2057 3928 2285 3984 restitui
2316 3931 2609 3993 curarent,
2644 3926 2773 3981 sine
2823 3925 3038 3996 quibus
3085 3924 3430 3978 institutum
3480 3922 3553 3976 ad

1909 4034 2102 4088 regem
2137 4018 2397 4088 ipsorum
2430 4016 2539 4070 iter
2568 4014 2845 4086 perﬁcere
2877 4011 3206 4083 nequirent,
3238 4009 3455 4063 Verum
3484 4007 3557 4063 ab

1911 4107 1999 4162 his
2034 4105 2154 4160 nihi
2190 4104 2347 4160 aliud
2372 4102 2672 4175 impetrari
2709 4101 2897 4174 potuit
2927 4100 3039 4155 nisi
3070 4104 3137 4156 ut
3184 4114 3367 4170 equos
3411 4098 3560 4168 ipsis

1912 4195 2168 4267 regionis
2199 4194 2348 4263 ejus,
2378 4192 2541 4247 nulla
2571 4197 2734 4262 parte
2765 4207 2898 4246 cum
2922 4187 3160 4244 amissis
3190 4184 3558 4257 comparabi-

1911 4282 2019 4348 les,
2052 4284 2344 4339 offerrent.
2378 4281 2511 4345 Quas
2562 4281 2826 4335 videntes
2878 4278 3064 4333 nostri
3115 4278 3187 4332 ad
3242 4273 3558 4331 consilium

1914 4373 2149 4427 tandem
2179 4371 2238 4427 in
2272 4387 2529 4442 proram,
2563 4370 2711 4425 855
2761 4368 2914 4439 quod
2948 4367 3137 4433 aiunt,
3175 4362 3560 4420 incumbendi

1915 4461 2365 4532 reﬂectendique
2397 4467 2549 4515 retro
2582 4458 2808 4514 itineris
2858 4454 3145 4527 compulsi
3187 4457 3345 4510 sunt.
3396 4452 3565 4508 Refe—

162 4548 343 4616 pedem
377 4553 588 4607 statim
615 4552 850 4620 referre,
883 4553 1241 4623 tandemque
1290 4552 1520 4624 imperii
1572 4552 1801 4621 honori,
1835 4542 1884 4605 D
1916 4556 2110 4606 rentes
2141 4566 2278 4620 ergo
2309 4550 2513 4619 pedem
2542 4564 2716 4619 quam
2751 4546 3007 4601 maxima
3028 4543 3332 4600 velocitate
3354 4543 3415 4596 in
3438 4546 3563 4597 tan-

158 4632 532 4707 imperaloriae
567 4639 815 4710 virginis
852 4640 1123 4711 dignitati
1141 4640 1436 4711 salutique
1467 4641 1806 4697 consulere?

157 4722 299 4781 Talia
321 4727 440 4784 illis
459 4729 935 4785 deliberantibus
954 4733 1011 4785 et
1026 4728 1220 4785 adhuc
1235 4731 1542 4786 sententias
1564 4730 1803 4786 incertis

154 4818 474 4885 supervenit
508 4818 845 4890 quidpiam,
872 4834 985 4889 quo
1018 4819 1387 4889 suspiciones
1413 4820 1471 4874 in
1501 4824 1722 4875 metum
1748 4823 1805 4874 et

159 4908 651 4976 exspectationem
682 4912 1055 4962 verterentur
1076 4912 1296 4963 certam
1320 4924 1496 4980 grave
1519 4908 1801 4979 quiddam

155 4995 203 5045 et
229 4994 457 5052 exitiale
490 4994 779 5069 patiendi,
814 4995 864 5051 si
906 5013 1079 5067 porro
1128 5003 1454 5069 pergerent,
1508 4997 1803 5068 siquidem

154 5076 337 5136 incola
366 5084 638 5154 regionis
671 5100 773 5154 per
803 5087 1031 5138 turmas
1060 5086 1401 5140 accedentes
1443 5086 1803 5141 recedentes-

152 5170 371 5236 que,ubi
393 5172 672 5227 cominus
691 5176 1041 5243 aspexerant
1063 5172 1304 5229 minime
1322 5173 1598 5230 familiari
1614 5173 1801 5242 vultu,

149 5270 206 5309 ac
235 5258 312 5313 sic
345 5260 619 5332 speciem
655 5260 988 5333 praebentes
1031 5264 1295 5317 euntium
1332 5268 1804 5337 praeoccupatum

146 5341 360 5405 insidiis
394 5350 625 5417 locum,
661 5350 816 5405 unde
862 5354 1038 5405 noctu
1089 5359 1468 5424 erumpentes
1515 5353 1803 5425 impetum

145 5432 390 5497 facerent
422 5440 488 5493 in
526 5438 892 5510 peregrinos,
940 5456 1194 5510 quorum
1244 5446 1355 5497 iter
1398 5442 1806 5514 explorassent

143 5526 194 5575 et
220 5540 397 5595 quam
430 5525 699 5602 multum
745 5528 950 5599 praedae
1002 5528 1302 5586 traherent
1360 5532 1629 5602 praesenti
1669 5549 1805 5588 con-

142 5618 335 5683 spectu
369 5617 821 5687 observassent,
854 5616 1233 5675 formidinem
1266 5618 1483 5675 nostris
1532 5622 1803 5678 admove-

1913 4641 1988 4695 tis
2019 4638 2469 4693 difﬁcultatibus
2495 4637 2684 4703 licuit,
2722 4635 3033 4691 Achridam
3087 4650 3150 4688 se
3193 4635 3563 4703 receperunt,

1913 4728 2111 4799 ibique
2143 4732 2504 4798 resumptam
2540 4726 2757 4797 regiam
2780 4725 3065 4796 virginem
3085 4719 3564 4777 Thessalonicam

1912 4818 2293 4883 deducentes,
2325 4815 2464 4871 inde
2494 4815 2714 4870 omissa
2745 4814 2859 4883 iam
2892 4815 3051 4868 omni
3083 4809 3435 4883 cogitatione
3467 4808 3561 4863 in-

1914 4905 2105 4977 dignae
2134 4922 2198 4962 ac
2229 4904 2571 4978 perniciosas
2602 4902 2912 4957 afﬁnitatis
2945 4901 3015 4957 ad
3039 4901 3455 4973 imperatorem
3481 4912 3564 4951 re-

1914 4995 2171 5050 dierunt.

1911 5139 2058 5194 7.De
2086 5138 2434 5207 Dirrhachz’o,
2468 5141 2520 5192 et
2551 5137 2619 5193 de
2650 5142 2964 5191 terraemotu
2996 5148 3100 5206 quo
3133 5134 3212 5189 est
3242 5130 3343 5186 illa
3368 5127 3566 5184 civim:

2622 5223 2832 5264 eversa.

1986 5355 2148 5412 Circa
2166 5355 2272 5411 hoc
2305 5358 2536 5426 tempus
2568 5357 2670 5408 aut
2700 5350 2874 5423 paulo
2898 5354 3031 5423 post
3048 5346 3294 5418 contigit
3316 5342 3559 5400 misera-

1913 5445 2052 5501 bilis
2083 5450 2139 5499 et
2168 5445 2431 5500 omnium
2466 5443 2643 5515 digna
2674 5440 2950 5513 lacrymis
2974 5433 3418 5510 Dyrrachiensis
3445 5428 3563 5484 cla-

1912 5533 2201 5603 des,huno
2233 5532 2413 5587 ferme
2445 5531 2503 5585 in
2536 5532 2803 5587 modum.
2835 5533 3034 5583 Mense
3082 5525 3319 5578 ineunte
3352 5517 3561 5574 Martio

1912 5622 2112 5680 sonori
2145 5639 2176 5679 e
2206 5626 2359 5679 terra
2379 5620 2641 5692 fragores
2664 5618 3007 5674 increbuere
3028 5614 3087 5668 in
3108 5612 3421 5681 strepitum
3445 5606 3565 5664 fere
