4002 6198
260 269 365 325 809

1334 268 1432 322 DE
1468 263 1840 321 MICHAELE
1877 261 2304 317 PALEOLOGO
2340 264 2473 318 LIB.
2507 268 2580 324 V.

3559 277 3669 332 810

248 415 304 452 τε
336 393 420 449 καὶ
453 389 738 456 δικέλλαις
781 391 869 447 καὶ
927 412 1089 447 παντι
1145 394 1225 464 τῷ
1277 387 1898 479 προστυχόνταόργανῳ
1929 388 1984 456 Α
2013 384 2136 479 λος,
2180 379 2419 479 ἔκπαλαι
2469 389 2558 479 τον
2590 391 2806 479 ,Μαιρρὲ
2845 394 3377 469 καταγωνισάμενος,
3407 396 3462 453 ἐν
3505 398 3661 479 ἀκμῇ

247 484 381 558 πρὸς
427 481 630 557 ὀρυγήν
688 481 994 558 χρώμενοι,
1053 481 1147 536 καὶ
1205 479 1602 552 προσπεσόντες
1632 471 1892 553 ὤρυττον,

241 571 330 627 ’ίνα
357 575 484 648 γοῦν
516 569 607 625 καί
651 591 764 625 τισι
795 567 1174 645 ταλαιπώροις
1225 564 1306 624 ἔτι
1361 573 1521 638 ζῶσιν
1558 564 1892 639 ἀπαμύναιεν

243 666 335 718 τοῦ
361 658 635 734 κινδύνου,
663 660 726 714 τὸ
758 657 816 714 δὲ
845 657 1014 714 πλέον
1068 659 1141 721 ὡς
1187 657 1248 713 ἃν
1301 659 1389 713 καὶ
1422 657 1663 712 πλοῦτον
1697 675 1897 709 παντο-

249 749 412 806 δαπὸν
473 748 874 828 ἐκφορήσαντες
952 754 1069 810 τοῖς
1147 746 1409 824 ἐρειπίοις
1464 742 1899 808 κατασπασθέντα

247 835 504 901 λαϐόντες
553 832 732 914 ἔχοιεν
762 858 776 870 ⁵
819 839 945 892 τότε
1001 837 1101 912 γάρ
1155 842 1278 899 τοῖς
1336 837 1618 913 πράγμασι
1669 838 1774 890 τῶν
1802 853 1899 888 πε-

249 929 450 984 σόντων
481 927 572 982 καὶ
617 928 669 982 οὶ
717 925 1061 1002 κληρονόμοι
1102 923 1552 1001 συγκατεδύοντο,
1583 923 1671 978 καὶ
1706 925 1733 978 ὁ
1764 921 1898 997 λαγ-

246 1021 436 1094 χάνειν
466 1017 562 1078 τάς
592 1013 822 1086 ἐξούλης
869 1012 1021 1077 δίκας
1071 1014 1297 1078 ἐκείνοις
1349 1013 1446 1069 οὐκ
1490 1015 1579 1084 ἧν.
1615 1014 1729 1090 Ἐφ’
1757 1010 1894 1085 ἡμέ-

244 1128 361 1184 ραις
393 1105 487 1161 οὖν
521 1108 658 1160 ἁπαν
707 1105 770 1159 τὸ
813 1105 1042 1182 γεγονὸς
1104 1104 1179 1166 εἷς
1238 1101 1434 1181 ἔδαφος
1463 1103 1894 1176 κατασκάψαντες

238 1197 324 1252 καὶ
387 1199 629 1271 χρυσοῦν
690 1193 997 1267 ἀμήσαντες
1056 1195 1212 1270 θέρος
1271 1189 1535 1250 Ἀλϐανοί
1591 1214 1649 1247 τε
1703 1193 1792 1246 καὶ
1837 1191 1895 1244 οἱ

235 1285 534 1360 περίοικοι,
566 1283 640 1344 ὡς
679 1279 844 1356 ἄμαις
895 1284 1174 1359 χρώμενοι
1222 1288 1343 1344 ταῖς
1404 1279 1704 1350 δικέλλαις,
1732 1277 1893 1342 τέλος

233 1372 445 1448 ἔρημον
480 1373 664 1452 ἀφιᾶσι
696 1375 794 1444 τήν
828 1393 960 1427 ποτε
991 1372 1152 1428 πόλιν
1200 1371 1437 1443 ἐκείνην,
1471 1369 1887 1446 γνωριζομένην

233 1464 489 1536 σημείοις
538 1462 677 1518 τισὶν
731 1459 1028 1538 ἀμυδροῖς,
1081 1463 1133 1516 ἐν
1189 1459 1306 1516 οὖσι
1349 1459 1789 1534 καταλεγομένην
1829 1458 1889 1514 οὐ

227 1559 305 1626 τῷ
335 1553 499 1615 εἶναι,
551 1549 698 1606 ἀλλᾶ
743 1551 892 1624 μόνῳ
943 1556 1023 1623 τῷ
1077 1551 1456 1624 ὀνομάζεσθαι.
1489 1552 1550 1606 Ὁ
1601 1547 1648 1603 δ’
1678 1547 1890 1618 ἐκεινης

233 1641 528 1718 ἀρχιερεὺς
586 1642 824 1712 Νικήτας
878 1641 1120 1714 εὑρεθεὶς
1176 1641 1420 1702 κάκεῖνος
1475 1643 1554 1710 τῷ
1604 1638 1748 1707 τότε,
1797 1637 1886 1691 καὶ

2011 473 2077 542 ἦν
2137 471 2243 527 τῶν
2299 476 2420 539 καθ’
2477 477 2642 533 αὑτὸν
2715 482 3070 555 πραγμάτων,
3139 483 3228 538 καὶ
3296 490 3428 539 νεῶν
3487 471 3661 564 παραξ

2011 569 2229 624 σκευαῖς
2279 561 2552 620 πλείστων
2599 565 2985 642 ἐμεγαλύνετο,
3046 569 3343 628 ἔκσπονδος
3389 571 3463 628 ὢν
3502 561 3665 650 βασι-

2010 650 2191 706 λεῖτᾶ
2245 653 2477 708 πλεῖστα
2537 653 2619 710 ἐπ’
2676 655 2877 722 αἰτίαις
2930 663 3038 713 τῶν
3099 659 3436 718 Βαλδουΐνου
3466 666 3663 722 συναλ-

2010 738 2324 816 λαγμάτων,
2359 743 2434 806 ὡς
2465 741 2702 799 ἐντεῦθεν
2735 744 2822 800 ἐπῖ
2867 749 2934 820 τῇ
2987 746 3145 803 πόλει
3179 747 3381 806 οἴεσθαι
3416 749 3659 810 δικαιοῦ-

2007 840 2149 891 σθαι.
2198 831 2568 904 Ηαρεσκεύαζε
2621 833 2714 905 μὲν
2791 833 2880 888 καὶ
2942 834 3005 890 τὸ
3089 839 3336 894 ναυτικὸν
3396 840 3653 899 πλεῖστον

2007 917 2153 988 ὅσον,
2185 919 2273 972 καὶ
2325 918 2536 993 σώμασι
2586 920 2675 975 καὶ
2724 920 2920 985 ὅπλοις
2967 924 3058 979 καὶ
3109 929 3362 1001 χρήμασι
3398 933 3653 1009 συνεκρό-

2001 1026 2081 1060 τει
2106 1024 2119 1038 ⁹
2155 1005 2217 1060 οὐ
2253 1005 2415 1080 μόνον
2450 1005 2528 1076 δὲ,
2571 1007 2716 1064 ἀλλά
2746 1011 2832 1065 καὶ
2883 1012 2972 1066 τὸν
3006 1012 3228 1069 πάππαν
3261 1005 3652 1097 προσελιπάρει

2003 1095 2088 1148 καὶ
2126 1093 2339 1172 οερμῶς
2396 1095 2572 1152 ἐδέετο
2628 1097 2832 1175 ἐφεῖναί
2887 1102 2939 1154 οἱ
2996 1103 3095 1172 τὴν
3145 1107 3280 1160 κατὰ
3308 1109 3405 1176 τῆς
3435 1093 3652 1174 πόλεως

2001 1181 2367 1259 ἐκστρατείαν,
2399 1185 2473 1250 ὡς
2513 1186 2602 1240 καὶ
2652 1183 2839 1250 ἄλλως
2899 1187 3106 1245 δίκαιον
3147 1190 3204 1246 ὃν
3243 1198 3422 1264 ζητεῖν
3449 1197 3515 1252 τὰ
3541 1204 3649 1254 τῶν

2000 1271 2206 1328 παίδων
2254 1273 2440 1344 αὐτοῦ,
2475 1274 2554 1351 ἐφ’
2605 1279 2690 1338 οἷς
2734 1277 2884 1355 σφίσι
2933 1286 3285 1358 συμφωνοῦσι
3325 1284 3416 1338 καὶ
3455 1289 3490 1355 ἠ
3525 1289 3650 1343 Ἐκ-

1998 1361 2199 1431 κλησία
2229 1366 2444 1436 συνῇνει
2501 1364 2590 1418 καὶ
2648 1373 2925 1444 συνεργεῖν
2979 1368 3046 1423 τὰ
3103 1371 3332 1446 μέγιστα
3364 1372 3650 1450 ὑπισχνεῖ-

1995 1471 2078 1506 το.
2113 1452 2213 1507 Καὶ
2247 1453 2274 1505 ὁ
2310 1453 2404 1524 μὲν
2441 1451 2490 1506 ἐν
2546 1453 2760 1517 τούτοις
2801 1456 2892 1525 ἦν,
2944 1457 3002 1512 ἐκ
3050 1457 3268 1514 πολλοῦ
3299 1482 3646 1537 παρασκευα-

1999 1540 2225 1612 ζόμενος
2262 1557 2275 1572 ’
2331 1542 2359 1595 ὁ
2416 1538 2473 1595 δὲ
2533 1543 2790 1618 βασιλεὺς
2851 1544 3101 1620 ἀνέριστα
3155 1549 3223 1604 τὰ
3263 1550 3401 1623 πρὸς
3442 1549 3644 1607 ἐκεῖνον

1997 1625 2371 1704 διαγινώσκων
2429 1631 2520 1684 καὶ
2587 1632 2650 1686 τὸ
2727 1638 2829 1687 πᾶν
2886 1632 3139 1712 ἀδήριτα,
3192 1639 3274 1693 δτι
3343 1639 3432 1694 καὶ
3489 1641 3649 1697 πλεί-

230 1731 541 1810 φυλαχοείς
577 1731 696 1802 μέν,
743 1727 870 1784 ἀλλ’
922 1727 972 1783 ἐν
1019 1726 1258 1790 πολλοῖς
1291 1732 1396 1782 τῶν
1435 1727 1616 1800 μελῶν
1649 1727 1716 1781 τά
1746 1727 1886 1798 σύμ-
1920 1760 1966 1826 Β
1997 1741 2146 1782 σταις
2209 1721 2302 1793 μὶν
2360 1726 2482 1784 ταῖς
2558 1722 2739 1777 ναυσὶν
2818 1723 3128 1800 ἐξηρτύετο,
3189 1728 3389 1802 πολλῷ
3447 1729 3504 1786 δὲ
3555 1734 3646 1788 καὶ

236 1817 260 1826 -
301 1819 316 1826 -
504 1823 527 1826 _
664 1816 718 1826 -.
946 1818 955 1826 .
1304 1817 1316 1826 .
1415 1815 1495 1826 ,μ
1832 1815 1843 1826 .
2041 1811 2068 1821 ν
2261 1809 2274 1826 .
2397 1817 2422 1826 -
2609 1817 2634 1826 μ
2704 1817 2732 1826 ..
2823 1811 2846 1826 ,ι
2885 1815 2897 1826 .
2982 1817 3019 1826 .,
3237 1819 3246 1826 .

230 1817 374 1876 ϐολα
435 1823 532 1873 τοῦ
568 1816 821 1873 κινδύνου
899 1818 1099 1897 φέρων,
1159 1817 1354 1889 πικράν
1415 1815 1543 1871 ἰδὼν
1604 1815 1882 1891 συμφορὰν

224 1911 316 1965 καὶ
348 1911 414 1979 ἦν
448 1906 638 1978 ἥκιστ’⁸
659 1905 720 1962 ἄν
759 1929 842 1969 τις
895 1906 984 1961 καὶ
1039 1904 1415 1980 προσεδόκησε
1445 1906 1685 1973 πώποτε,
1717 1905 1886 1958 κατά-

228 1994 404 2075 φλϐος
436 1998 640 2074 φεύγει,
685 1997 837 2074 ἀφεὶς
880 1990 1087 2070 ἔρημον
1139 1995 1247 2070 ούχ
1295 1997 1486 2049 ἑαυτοῦ
1519 1995 1707 2066 μόνον,
1738 1992 1886 2048 ἀλλὰ

222 2088 455 2143 καὶτῶν
499 2085 700 2156 ταύτης
749 2083 981 2140 ἐποίκων
1032 2084 1122 2138 καὶ
1171 2082 1414 2146 κάλλους
1455 2081 1761 2155 κτισμάτων
1794 2081 1882 2136 καὶ

221 2176 562 2254 πραγμάτων
597 2175 774 2230 αὐτῶν
806 2176 905 2243 τήν
940 2171 1308 2250 μητρόπολιν.

222 2289 295 2359 η’.
357 2287 452 2344 Τά
505 2284 643 2340 κατά
696 2285 787 2338 τὸν
845 2281 992 2359 ῥῆγα
1048 2283 1358 2359 Κάρουλον,
1413 2282 1502 2336 καὶ
1556 2279 1705 2342 ὅπως
1756 2281 1882 2335 στό-

852 2319 856 2320 ν
890 2319 992 2358 'll“
1049 2319 1271 2355 uui’vv"

843 2319 938 2411 λον
967 2354 1275 2428 ἐξηρτύετο.

295 2451 384 2523 [Ρ.
419 2449 552 2520 244]
581 2446 717 2501 Τότε
763 2443 939 2500 τοίνυν
991 2443 1080 2498 καὶ
1141 2444 1168 2498 ὁ
1380 2439 1620 2504 Πουλίας
1669 2442 1880 2516 Κάρου-

232 2664 391 2736 cepit
426 2665 680 2730 noctem,
705 2663 1128 2717 concurrerunt
1151 2676 1219 2715 ex
1245 2658 1400 2731 agris
1431 2657 1694 2730 undique
1717 2671 1894 2729 quam

234 2752 501 2811 maxime
534 2766 799 2816 numero,
825 2749 1079 2822 sumptis
1110 2748 1169 2803 in
1203 2749 1478 2804 manibus
1510 2746 1806 2820 ligonibus
1839 2751 1896 2802 et

237 2842 462 2900 marris
492 2840 770 2912 omnique
799 2845 966 2896 terra:
995 2839 1296 2894 movendae
1317 2841 1452 2910 apto
1477 2837 1892 2905 instrumento,

235 2933 397 3006 quod
437 2931 648 3003 cuique
678 2935 740 2986 tn
775 2945 1009 2984 manum
1046 2927 1331 3000 quaerenti
1353 2931 1611 2983 venerat.
1633 2927 1776 2983 Cum
1799 2925 1894 2980 his

236 3039 519 3081 acervum
551 3022 719 3077 illum
741 3020 1059 3075 immanem
1084 3019 1518 3090 ruinarum,qui
1546 3018 1732 3089 pridie
1755 3017 1894 3072 urbs

237 3114 460 3177 fuerat,
483 3111 742 3182 undique
775 3108 1034 3182 aggressi
1070 3109 1263 3164 fodere
1293 3084 1610 3178 coeperunt,
1645 3107 1762 3162 sive
1794 3123 1892 3160 ur-
1925 3084 1968 3151 (ἶ

238 3209 424 3276 gente
452 3201 756 3268 cbaritate,
779 3200 826 3254 si
852 3215 1022 3268 quem
1059 3200 1204 3253 forte
1234 3197 1517 3252 miserum
1551 3196 1743 3251 adhuc
1775 3197 1899 3268 spi-

240 3296 479 3346 rantem
497 3290 648 3344 inter
662 3293 791 3343 ruta
804 3291 861 3343 et
873 3287 1361 3343 cmsadirutarum
1377 3287 1457 3341 and
1471 3286 1589 3340 ium
1604 3284 1901 3341 vindicare

242 3383 316 3437 ab
348 3380 601 3435 interitu
637 3381 897 3450 possent,
930 3377 1071 3447 sive,
1107 3393 1237 3448 qua:
1265 3376 1519 3431 maxima
1570 3393 1705 3447 pars
1755 3380 1900 3446 erat,

237 3471 537 3526 instinctu
569 3484 752 3524 avara:
783 3465 1147 3538 cupiditatis,
1180 3470 1242 3520 ut
1278 3470 1357 3520 tot
1387 3465 1622 3521 divitias
1653 3465 1735 3520 ibi
1767 3481 1900 3520 cum

240 3557 694 3633 possessoribus
727 3556 988 3629 sepultas
1020 3572 1126 3611 nec
1153 3556 1335 3611 alium
1363 3556 1484 3626 jam
1515 3555 1797 3610 habentes
1829 3554 1902 3610 le-

242 3649 532 3721 gitimum
582 3646 896 3711 heredem,
924 3645 1182 3700 dominis
1211 3661 1343 3700 cum
1377 3643 1577 3700 sobole
1603 3648 1659 3699 et
1689 3661 1903 3715 cogna-

241 3738 415 3794 tione
450 3735 720 3792 universa
752 3733 968 3806 pariter
997 3733 1507 3801 occumbentibus,
1530 3732 1590 3788 in
1622 3749 1761 3788 suos
1791 3732 1903 3804 ipsi

245 3843 400 3883 usus
437 3825 752 3894 auferrent,
775 3824 964 3879 securi
999 3824 1318 3879 forensium
1350 3825 1629 3878 tricarum
1654 3838 1760 3877 nec
1782 3838 1904 3877 mc-

246 3920 496 3972 tuentes
517 3913 894 3968 interdictum
919 3914 1074 3966 unde
1097 3911 1170 3967 vi.
1197 3912 1299 3967 Hic
1329 3911 1554 3983 aliquot
1584 3911 1807 3966 dierum
1828 3910 1908 3964 la-

243 4006 355 4061 bor
406 4003 540 4071 fuit,
573 4019 686 4073 quo
735 4001 836 4057 illa
860 4001 1148 4058 versando
1195 4001 1632 4072 scrutandoque
1678 3999 1907 4056 evoluta

242 4091 560 4167 congeries
574 4091 702 4147 etin
720 4108 897 4146 unam
923 4095 1219 4162 utcunque
1230 4095 1521 4162 mquatam
1537 4089 1908 4161 complanata

246 4182 632 4256 superﬁciem
689 4185 797 4236 est.
831 4180 909 4235 Ex
939 4196 1004 4234 eo
1039 4179 1208 4234 multi
1242 4196 1450 4252 campo
1483 4195 1784 4234 messuere
1815 4194 1909 4234 se-

245 4278 452 4345 getem
477 4285 740 4338 auream,
763 4269 1058 4339 ligonibus
1081 4269 1308 4324 usivice
1341 4269 1600 4338 falcium,
1623 4267 1908 4323 Albanitaa

245 4359 569 4431 cmterique
583 4358 803 4414 circum
829 4358 1548 4430 habitantes,dcmumqua
1565 4375 1696 4414 cum
1716 4357 1910 4430 prmda

1994 1811 2073 1882 τῷ
2147 1809 2284 1864 κατᾶ
2355 1817 2456 1885 γῆν
2534 1817 2744 1884 πεζικῷ
2819 1811 2908 1868 διὰ
2982 1817 3316 1889 Βρεντησίου
3407 1841 3644 1896 περαιω-

1996 1899 2301 1972 θησόμενος
2359 1899 2433 1960 εἷς
2486 1900 2549 1954 τὸ
2605 1906 2701 1955 τοῦ
2761 1901 3068 1978 Δυῤῥαχίου
3133 1905 3388 1977 ἐπίνειον,
3431 1908 3642 1983 ἐρήμου

1994 1983 2150 2049 ὄντος
2175 1988 2210 2058 ἢ
2241 1989 2327 2043 καὶ
2365 1987 2578 2062 μᾶλλον
2625 1991 2750 2066 παρ’
2804 1991 3013 2046 ἐκεῖνου
3052 1995 3445 2070 κατεχομένου,
3475 1999 3550 2061 εἰς
3577 2001 3640 2054 τὸ

1991 2079 2376 2149 ἀνακτισοῆναι
2426 2081 2798 2157 χρησόμενος,
2855 2084 2931 2145 ὡς
2987 2083 3221 2160 ἐλέγετο,
3275 2084 3498 2151 δυνατὸς
3546 2090 3638 2164 ἦν,

1990 2171 2271 2235 κάκθτεῦθεν
2328 2168 2507 2226 διττὸν
2590 2173 2862 2247 ᾠκονόμει
2937 2175 3001 2229 τὸ
3059 2177 3386 2252 στράτευμα,
3447 2177 3636 2241 ἄλλως

1991 2257 2127 2337 ἔγνω
2156 2263 2253 2329 τήν
2304 2263 2442 2335 πρὸς
2499 2260 2699 2318 ἐκεῖνον
2758 2265 2945 2339 μάχην
3003 2268 3503 2345 μεταχειρίσασθαι.
3539 2274 3634 2328 Καὶ

1991 2348 2056 2420 δὴ
2090 2349 2361 2414 πολλάκις
2412 2354 2507 2426 μὲν
2557 2355 2656 2409 οὐκ
2705 2353 2879 2417 ἰδίους
2928 2354 3160 2428 πέμπων
3206 2360 3351 2434 παρᾶ
3374 2360 3463 2414 τὸν
3495 2361 3640 2416 πάπ-

1988 2462 2090 2495 παν
2123 2439 2208 2512 (ού
2252 2441 2354 2516 γάρ
2404 2439 2626 2498 ἐδύνατο
2689 2443 2890 2500 ἐκείνου
2944 2445 3080 2500 κατὰ
3135 2446 3300 2522 Θύρας
3361 2449 3642 2506 ἀπαντῶν-

2007 2655 2125 2710 haec
2153 2657 2224 2711 ad
2255 2659 2576 2713 extremum
2595 2657 2685 2714 sui
2702 2659 2950 2731 pastoris
2963 2662 3219 2718 accessio
3233 2661 3467 2736 reliquit
3479 2665 3654 2738 plane

2006 2744 2352 2801 desolatam.

2158 2889 2211 2943 8.
2249 2889 2320 2943 De
2350 2904 2473 2960 rege
2505 2889 2718 2957 Carolo,
2749 2894 2810 2944 ut
2840 2890 2888 2946 is
2917 2893 3148 2948 classem
3178 2895 3497 2952 armaverit.

2079 3033 2194 3086 Hac
2227 3034 2575 3101 tempestate
2610 3031 2841 3087 fortuna
2867 3033 3022 3106 regis
3052 3035 3274 3105 Apulia:
3307 3035 3514 3104 Caroli,
3548 3036 3650 3108 qui

1998 3119 2355 3191 jampridem
2389 3119 2751 3175 Manl‘redum
2784 3121 3192 3194 debellaverat,
3215 3124 3274 3180 in
3307 3125 3447 3181 ﬂore
3474 3130 3651 3198 atque

2006 3210 2168 3282 apice
2213 3208 2512 3264 felicitatis
2560 3213 2704 3264 erat.
2739 3211 2801 3265 In
2835 3211 3043 3282 primis
3095 3218 3377 3285 apparatu
3427 3215 3649 3286 ingenti

2008 3299 2199 3356 navali
2232 3305 2440 3372 potens
2478 3302 2535 3353 et
2577 3299 2982 3356 formidandus
3030 3301 3294 3358 habrtur.
3315 3303 3510 3360 Palam
3540 3322 3649 3360 an-

2007 3394 2121 3445 tem
2142 3405 2204 3444 se
2220 3388 2432 3443 ferebat
2449 3388 2505 3443 in
2518 3387 2747 3443 l‘ensum
2764 3387 3099 3459 imperatori
3116 3391 3188 3445 ob
3203 3391 3540 3449 societatem
3555 3394 3650 3449 λιιι

2011 3478 2191 3534 nitate
2206 3478 2488 3532 ﬁrmatam
2508 3494 2634 3548 qua:
2649 3476 2760 3548 ipsi
2775 3493 2908 3532 cum
2927 3478 3209 3535 Balduino
3231 3481 3654 3539 intercedebat.

2009 3568 2113 3625 Cui
2136 3567 2409 3636 velutjus
2433 3565 2835 3622 vindicaturus
2868 3566 3208 3639 pristinum,
3226 3571 3657 3641 expeditionem

2012 3657 2070 3711 in
2096 3657 2298 3711 urbem
2321 3654 2883 3726 Constantinopolim
2903 3657 3245 3727 adornabat,
3273 3676 3570 3732 navesque
3587 3661 3658 3715 ad

2013 3744 2069 3799 id
2095 3748 2150 3799 et
2172 3743 2512 3815 praevalidas
2535 3749 2591 3798 et
2612 3743 2898 3814 plurimas
2928 3749 2984 3800 et
3015 3750 3137 3801 tum
3161 3747 3504 3818 corporibus
3533 3753 3660 3804 tum

2013 3832 2196 3888 armis
2227 3837 2343 3886 tum
2378 3831 2598 3886 caeteris
2630 3832 2876 3887 utilibus
2894 3833 2964 3887 ad
2991 3850 3234 3905 scopum
3260 3837 3436 3891 rebus
3466 3838 3660 3907 copio-

2015 3921 2247 3977 sissime
2299 3921 2618 3975 instructas
2674 3927 3046 3992 compararat
3090 3931 3143 3976 et
3186 3929 3658 3996 congregaverat.

2015 4012 2215 4082 Neque
2246 4009 2339 4064 his
2370 4013 2679 4064 contentus
2701 4026 2733 4062 a
2756 4009 2906 4079 Papa
2928 4011 3102 4064 etiam
3124 4011 3358 4081 petebat
3378 4017 3434 4066 et
3455 4014 3662 4068 arden-

2016 4101 2175 4156 tibus
2196 4098 2453 4154 instabat
2476 4098 2766 4169 precibus,
2791 4102 2854 4152 ut
2873 4099 3526 4172 Constantinopolitanm
3558 4103 3664 4158 hu-

2010 4188 2276 4260 jusmodi
2326 4187 2715 4258 expeditionis
2763 4192 2966 4243 auctor
2996 4188 3120 4260 ipse
3156 4189 3320 4246 ﬁeret
3349 4207 3531 4262 seque
3562 4191 3660 4247 isti

2019 4276 2252 4349 negotio
2311 4275 2624 4346 praeﬁceret
2655 4291 2668 4330 :
2706 4274 2950 4348 dignum
2981 4277 3136 4332 enim
3170 4294 3298 4334 esse
3329 4279 3385 4334 id
3419 4279 3662 4349 bellum,

2020 4383 2136 4440 quo
2157 4364 2419 4419 videlicet
2448 4365 2764 4435 repetenda
2797 4365 3051 4421 ﬁliorum
3084 4367 3212 4437 ejus
3241 4372 3398 4424 esset
3420 4369 3666 4426 haeredi-

247 4452 601 4510 recedentes
631 4450 804 4522 plane
836 4451 1130 4505 desertam
1177 4449 1543 4522 reliquerunt
1572 4449 1732 4504 illam
1766 4448 1905 4504 olim
1939 4475 1985 4539 ι)
2017 4461 2130 4521 tas,
2163 4454 2317 4525 quod
2359 4452 2547 4508 Patris
2597 4453 2930 4510 communis
2979 4456 3217 4512 nomine
3264 4457 3669 4532 auspiciisque

247 4542 491 4606 urbem,
516 4538 616 4595 ubi
644 4539 817 4594 fuerit
841 4539 1026 4611 signis
1052 4556 1206 4593 nunc
1229 4543 1456 4594 tantum
1481 4539 1729 4595 exilibus
1744 4555 1909 4593 mon-

248 4627 640 4695 strantem,in
660 4627 908 4683 urbibus
927 4633 1291 4682 numeratam
1307 4627 1451 4682 dicis
1468 4634 1694 4683 tantum
1709 4644 1906 4694 causa,

246 4725 309 4776 et
344 4718 590 4775 nomine
643 4726 830 4786 lenus,
864 4735 998 4791 cum
1032 4719 1206 4774 modo
1238 4718 1377 4774 urbs
1410 4735 1526 4773 non
1557 4721 1652 4774 sit.
1685 4723 1758 4774 At
1786 4720 1914 4788 ejus

247 4807 516 4864 antistes
538 4806 771 4862 Nicetas
802 4823 956 4862 unus
990 4811 1350 4880 repertorum
1402 4807 1556 4863 inter
1602 4809 1825 4874 ruinas,
1859 4813 1916 4863 et

256 4899 539 4952 servatus
567 4900 867 4968 superstes
898 4895 994 4952 ille
1025 4896 1286 4968 quidem,
1319 4903 1592 4952 czeterum
1624 4896 1681 4951 in
1715 4897 1916 4952 multis

247 4982 639 5040 cicatricibus
670 4983 911 5056 reliquis
935 5000 1004 5040 ex
1026 4984 1214 5056 plagis
1236 5001 1385 5056 quas
1406 4983 1620 5056 illapsu
1644 5002 1917 5042 saxorum

251 5074 694 5146 tignorumque
716 5078 1038 5145 acceperat,
1061 5071 1364 5130 luculenta
1383 5073 1626 5146 vestigia
1643 5074 1921 5130 mirabili.

248 5167 349 5218 ter
362 5159 534 5216 vitati
555 5159 799 5232 periculi
825 5160 1695 5233 circumferens,memoriaipsa
1715 5162 1919 5232 cladis,

255 5266 449 5323 quam
482 5248 703 5305 viderat
732 5254 789 5305 et
819 5254 1084 5305 senserat
1113 5253 1458 5308 atrociorem
1479 5251 1630 5308 358
1651 5252 1923 5322 opinione

255 5339 458 5409 omni,
481 5338 794 5411 perculsus
825 5339 969 5394 adeo
993 5343 1083 5395 est
1100 5343 1164 5394 ut
1185 5339 1377 5395 locum
1399 5341 1610 5413 fugerit
1627 5357 1729 5396 nec
1752 5341 1927 5396 susti-

252 5447 296 5486 n
316 5427 477 5485 uerit
508 5427 778 5484 insistere
805 5427 1073 5501 sepulcro
1104 5446 1221 5485 suae
1253 5429 1810 5502 metropolis,quam
1842 5447 1929 5486 or-

254 5519 481 5574 batam
513 5515 760 5587 civibus,
784 5533 998 5574 corona
1021 5517 1302 5573 moenium
1326 5523 1383 5573 et
1403 5517 1780 5574 aediﬁciorum
1812 5518 1928 5575 ele-

249 5605 547 5680 gantium
607 5606 770 5663 omni
827 5611 1059 5678 ornatu,
1090 5607 1302 5678 opibus
1335 5623 1568 5679 quoque
1597 5608 1933 5680 spoliatam,

565 5731 831 5791 PATROL.
881 5729 992 5790 Ga.
1032 5729 1292 5790 CXLIII.

2022 4550 2354 4619 generetur.
2390 4548 2453 4597 In
2506 4559 2634 4614 quae
2683 4543 2801 4599 illis
2849 4546 3380 4614 consentientibus,
3423 4549 3675 4606 Ecclesia

2022 4650 2257 4706 quoque
2287 4630 2603 4687 consilium
2636 4632 2924 4703 probavit,
2949 4637 3007 4688 et
3031 4639 3474 4706 cooperaturam
3505 4653 3567 4693 se
3600 4637 3671 4692 ad

2023 4725 2295 4780 effectum
2327 4728 2592 4776 votorum
2625 4737 2802 4792 quam
2835 4727 3033 4793 posset
3063 4725 3317 4780 maxime
3376 4725 3666 4798 promisit.

2024 4813 2126 4868 His
2149 4816 2293 4866 tunc
2313 4809 2606 4881 agitandis
2639 4810 3136 4884 conﬁciendisque
3154 4813 3416 4871 intentus
3429 4815 3674 4872 Carolus

2026 4905 2167 4957 erat.
2194 4903 2518 4971 Imperator
2546 4915 2680 4954 vero
2730 4916 2969 4971 prorsus
3001 4901 3285 4974 imparem
3315 4920 3377 4959 se
3408 4904 3672 4960 sentiens

2030 4990 2124 5045 isti
2159 4988 2509 5044 sustinendo
2539 4987 2710 5056 bello,
2736 5004 2840 5043 nec
2867 4989 3186 5062 quidquam
3220 4991 3500 5048 dubitans
3527 4993 3672 5064 quin

2031 5078 2441 5135 succumberet
2483 5077 2742 5132 Romana
2785 5095 2898 5146 res,
2931 5080 2982 5135 si
3011 5083 3214 5136 contra
3259 5097 3385 5138 eam
3433 5081 3674 5136 Carolus

2032 5169 2270 5224 duceret
2316 5170 2442 5222 tum
2491 5165 2678 5235 illam,
2709 5167 2780 5222 de
2825 5184 2944 5238 qua
2985 5167 3122 5240 dixi,
3154 5168 3673 5226 instruetissimam

2033 5256 2303 5323 classem,
2331 5261 2453 5311 tum
2488 5254 2666 5310 simul
2699 5256 3112 5325 fortissimum,
3137 5275 3304 5329 quem
3338 5259 3475 5314 item
3507 5274 3678 5328 para-

2035 5349 2216 5411 verat,
2247 5347 2581 5401 terrestrem
2607 5344 2947 5416 exercitum,
2975 5346 3300 5402 Brundusio
3332 5346 3392 5401 in
3429 5344 3681 5417 Dyrrha-

2038 5434 2156 5490 cbii
2206 5433 2407 5489 navale
2448 5434 2576 5502 jam
2619 5449 2870 5489 vacuum
2902 5439 2960 5488 et
2989 5433 3299 5506 occupanti
3349 5431 3681 5504 expositum

2043 5541 2198 5591 mox,
2240 5526 2411 5596 prout
2459 5521 2870 5591 destinaverat,
2906 5523 3057 5580 359
3107 5522 3551 5594 deportandum.
3585 5521 3686 5575 Bi-

2042 5611 2252 5669 tariam
2301 5611 2457 5668 enim
2507 5610 2618 5667 isto
2664 5611 2834 5667 modo
2883 5611 3087 5683 partiri
3118 5610 3314 5682 copias
3345 5608 3588 5668 Carolus
3619 5611 3691 5667 de

3334 5733 3413 5794 26
