4002 6198
379 286 480 342 811

377 431 440 466 το

380 410 518 481 τος),
568 410 754 462 ἄλλως
806 410 862 452 δὲ
917 410 1421 471 γραμματοφορους
1473 410 1774 463 κρυφηοον,
1817 410 1909 437 και
1954 410 2022 448 υι,

380 497 468 554 καὶ
501 490 721 548 Ἰταλῶν
777 481 1057 556 ἐπιδόξους
1108 475 1270 542 ὅσους
1315 475 1436 553 ᾔδει
1485 475 1779 554 φιλοῦντας
1806 468 1895 526 καὶ
1925 475 2028 539 τῆς

378 582 586 640 ἐκείνων
623 572 938 649 συμμορίας
986 568 1453 646 γινωσκομένους,
1506 559 1615 619 ἔστι
1659 560 1704 616 δ’
1736 560 1908 615 ἐνίοτε
1936 558 2028 613 καὶ

377 671 467 731 οὕς
499 666 752 745 φρερίους
785 648 938 716 αυτοὶ
993 659 1271 732 λέγουσιν,
1329 651 1596 730 ἀδελφοὺς
1641 648 1822 745 δῆθεν,
1863 649 2024 723 ὑπερ-

375 737 615 835 χόμενος
646 755 734 809 καὶ
787 748 1068 818 θωπεύων,
1122 744 1292 807 πολὺς
1345 744 1413 813 ἧν
1465 741 1732 797 δυσωπῶν
1772 737 1863 793 τὸν
1893 738 2030 793 Ῥώ-

383 828 490 922 μης
539 843 798 920 ἀρχιερέα
845 840 936 895 καὶ
982 835 1488 907 καταποτνιώμενος
1545 832 1621 905 μὴ
1677 828 1882 904 ἐφεῖναι
1915 829 2029 882 Κα-

383 918 584 1014 ροῦλῳ-
636 918 704 988 τὰ
767 929 904 986 κατά
975 931 1099 982 νοῦν
1158 923 1434 1000 πράττειν,
1499 918 1638 994 μηδὲ
1723 920 2026 994 συγχωρεῖν

378 1007 732 1100 Χριστιανοῖς
807 1019 894 1074 ἐπὶ
969 1012 1329 1092 Χριστιανοὺς
1416 1009 1816 1087 στρατεύεσθαι·
1897 1007 2030 1060 εἶναι

375 1097 477 1192 γαρ
507 1114 598 1169 καὶ
631 1109 960 1183 Ῥωμαίους,
1010 1105 1102 1168 οὓς
1157 1102 1308 1158 αὐτοὶ
1362 1098 1624 1175 Γραικοὺς
1676 1097 2028 1170 ὀνομάζουσι,

378 1185 476 1260 rei}
529 1201 691 1257 αὖτοῦ
750 1200 982 1275 Χριστοῦ
1038 1193 1128 1249 καὶ
1184 1198 1285 1261 τῆς
1347 1189 1516 1259 αὐτῆς
1557 1185 1890 1256 Ἐκκλησίας
1913 1189 2030 1244 τοῖς

381 1291 638 1359 Ἰταλοῖς,
672 1287 816 1364 ἔχειν
865 1283 923 1340 δὲ
970 1285 1058 1339 καὶ
1110 1281 1267 1337 αὐτὸν
1319 1284 1510 1334 τοῦτον
1555 1277 1761 1350 πατὲρα
1798 1294 2030 1346 πνευμα-

380 1382 529 1438 τικὸν
562 1379 650 1434 καὶ
685 1376 996 1453 λογίζεσθαι
1038 1369 1338 1446 ἀρχιερέων
1390 1364 1517 1422 ὅντα
1566 1365 1658 1420 τὸν
1699 1364 2028 1438 πρώτιστον.

381 1468 524 1540 Ἤδη
559 1465 615 1523 δὲ
645 1465 734 1522 καὶ
768 1460 1085 1539 ὑπισχνεῖτὸ
1137 1461 1188 1514 οἱ
1236 1459 1304 1512 τὰ
1364 1456 1709 1531 χρηστότερα
1734 1472 1747 1485 °
1903 1454 2029 1524 2’15]

379 1559 446 1614 τὰ
477 1555 519 1612 δ’
553 1555 708 1625 ἦντὸ
771 1553 896 1626 μίαν
955 1546 1190 1624 μάνδραν
1246 1546 1486 1620 γενέσθαι
1545 1543 1646 1610 τήν
1699 1539 2029 1610 Ἐκκλησίαν

384 1651 540 1716 Θεοῦ,
587 1643 676 1699 καὶ
737 1642 964 1715 ἀρθῆναι
1041 1638 1103 1692 τὸ
1184 1634 1343 1709 μέσον
1401 1629 1730 1702 σκάνδαλον,
1800 1629 2035 1700 ἀνόνητα

384 1737 747 1810 ἐπεισφρῆσαν
780 1730 838 1784 ἐκ
881 1727 1247 1800 παλαιοτέρου
1294 1729 1411 1783 ταῖς
1459 1719 1814 1791 Ἑκκλησίαις
1843 1741 1854 1754 ·
1893 1716 2034 1792 μηδέ
2069 1743 2112 1807 Β

383 1826 487 1901 γὰρ
539 1809 670 1877 εἶναι
721 1819 914 1876 λοιπὸν
964 1812 1222 1890 ἐμποδὼν
1270 1817 1367 1868 τοῦ
1414 1815 1582 1866 ταῦτα
1624 1809 1865 1884 γίνεσθαι
1897 1809 2035 1862 ἀπο-

385 1896 808 1978 κατασταοείσης
851 1913 969 1970 τοῖς
1016 1903 1309 1979 ἐξορίστοις
1366 1907 1467 1970 τῆς
1500 1897 1738 1959 πόλεως.
1773 1896 1953 1954 Ταῦτά
1981 1919 2039 1952 τε

389 2000 648 2077 συχνάκις
707 1996 987 2072 διεμήνυε,
1049 1994 1139 2048 καὶ
1198 1989 1402 2066 χρυσὸν
1462 1989 1692 2061 πέμπων
1754 1983 2039 2056 Καδδηνσ-

388 2073 532 2153 λίὸὶς
579 2087 909 2166 (στρόφιγξιν
969 2085 997 2138 ὁ
1048 2081 1261 2152 Ἕλλην
1323 2078 1489 2152 εἶ’ποι,
1523 2078 1596 2139 ὡς
1649 2079 1813 2152 θύρας
1870 2073 2036 2166 οὔσης

382 2184 480 2237 τοῦ
522 2179 718 2236 πάππα
748 2163 900 2231 ’κατᾶ
945 2173 1047 2242 τήν
1095 2172 1333 2249 Χριστοῦ
1387 2167 1643 2242 μίμησιν)
1691 2166 1779 2220 καὶ
1827 2167 1908 2226 οἷς
1936 2163 2035 2219 αλ-

383 2403 676 2465 creverat;
727 2401 786 2452 et
828 2396 952 2466 jam
1001 2392 1235 2448 misisse
1266 2386 1690 2462 Dyrrhachium
1723 2385 2029 2441 dicebatur

385 2491 486 2563 qui
518 2487 708 2545 solum
742 2485 1212 2556 praeoccuparem
1242 2479 1340 2534 ubi
1369 2482 1609 2534 steterat
1647 2473 1752 2529 illa
1799 2474 2027 2563 civitas,

386 2562 567 2652 quam
590 2576 789 2639 etiam,
825 2577 886 2627 ut
907 2570 1222 2634 ferebatur,
1253 2567 1488 2622 reﬁcere
1517 2564 1832 2652 cogitabat.
1861 2562 2028 2632 Cum,

389 2650 656 2738 inquam,
690 2663 811 2717 haec
842 2675 1041 2715 secum
1074 2658 1372 2730 reputaret
1398 2655 1731 2726 imperator,
1759 2650 1876 2708 alia
1903 2667 2031 2706 om-

388 2757 528 2813 nino
561 2752 784 2809 ratione
812 2765 991 2821 quam
1032 2747 1084 2803 vi
1133 2749 1329 2816 aperta
1361 2743 1722 2798 instantibus
1754 2757 2030 2796 occuren-

385 2847 526 2903 dum
578 2840 749 2897 malis
796 2836 1044 2894 censuit.
1086 2834 1418 2892 Missitabat
1467 2831 1648 2904 igitur
1697 2831 2036 2901 frequenter

395 2949 596 3009 preces
627 2935 684 2986 et
712 2929 936 2984 litteras
968 2923 1265 2998 supplices
1296 2923 1368 2978 ad
1403 2937 1633 2994 papam,
1670 2936 1783 2976 non
1818 2935 1920 2990 per
1953 2917 2034 2975 le-

387 3029 555 3097 gates
602 3022 706 3077 aut
751 3016 1021 3074 homines
1053 3013 1284 3088 agnitos
1312 3027 1416 3084 pro
1448 3010 1574 3066 suis
1607 3009 1847 3082 (frustra
1875 3010 2033 3064 enim

386 3112 529 3170 tales
577 3109 807 3166 mittere
856 3107 1185 3174 conaretur,
1218 3106 1453 3158 tenente
1501 3098 1798 3154 citeriores
1854 3099 2034 3153 Roma
2063 3141 2106 3208 ρ

537 3201 549 3208 .
635 3198 648 3208 ι
791 3202 800 3208 .
987 3193 999 3206 ο
1164 3197 1173 3208 ι
1306 3191 1458 3208 9,---
1525 3187 1660 3208 -__I--
1726 3186 2028 3208 ___A!l'!-!..

393 3198 722 3275 provincias
752 3202 810 3252 et
833 3193 1004 3266 quasi
1053 3197 1249 3266 portas
1304 3191 1461 3261 ipsas
1519 3187 1666 3244 aulae
1724 3186 2033 3258 pontiﬁciis

395 3289 621 3356 Carolo,
651 3287 806 3342 haud
835 3283 1013 3338 dubie
1036 3281 1402 3354 prohibituro
1434 3295 1505 3334 ne
1535 3277 1898 3349 transirent),
1933 3277 2033 3332 sed

392 3397 497 3451 per
525 3377 671 3433 alios
720 3374 868 3428 ﬁdos
899 3376 954 3427 et
985 3387 1098 3426 non
1150 3373 1457 3440 suspectos
1487 3367 1559 3422 ob
1592 3364 2032 3421 dissimulatum

389 3466 660 3524 habitum
683 3460 1101 3527 tabellarios,et
1120 3474 1222 3530 per
1238 3456 1525 3528 quosdam
1552 3455 1728 3511 Italos
1750 3453 2032 3520 illustres,

391 3570 643 3629 quorum
673 3551 785 3607 sibi
817 3547 1138 3605 amicitiam
1172 3549 1475 3618 paraverat
1503 3559 1770 3615 quosque
1792 3560 1825 3598 a
1847 3542 2035 3600 Caroli

389 3643 661 3719 partibus
709 3639 934 3695 alienos
984 3639 1174 3692 norat.
1209 3633 1489 3691 Utebatur
1530 3638 1588 3690 et
1629 3635 1697 3688 ad
1748 3633 1803 3687 id
1857 3633 2034 3688 inter-

391 3737 533 3791 dum
564 3733 693 3804 ejus
722 3727 952 3802 generis
984 3725 1291 3782 hominum
1317 3723 1826 3795 ministerio,quos
1848 3722 2036 3778 Latini

390 3823 620 3881 Frerios
653 3821 882 3887 vocant,
907 3815 1072 3888 quasi
1124 3814 1348 3869 diceres
1397 3813 1625 3878 fratres,
1657 3829 1801 3883 quos
1855 3813 1924 3867 ad
1976 3812 2033 3868 id

389 3911 502 3969 sibi
523 3909 699 3968 ofﬁcii
721 3905 1118 3982 praestandum
1145 3902 1389 3958 artiﬁcio
1413 3901 1831 3957 blanditiarum
1855 3905 2034 3957 attra-

384 4000 570 4054 xerat.
603 3995 820 4050 Herum
853 3993 1181 4048 interventu
1215 3990 1480 4047 omnium
1533 3989 1754 4044 multus
1801 3994 1924 4044 erat
1972 3989 2030 4044 in

384 4084 746 4142 obsecrando
803 4081 1272 4153 obtestandoque
1318 4077 1594 4134 Pontiﬁee
1640 4079 1920 4146 Romano,
1962 4094 2035 4134 ne

385 4175 604 4230 sineret
632 4169 904 4227 Carolum
957 4170 1200 4241 exsequi
1251 4185 1377 4240 quae
1430 4168 1843 4233 destinaverat,
1893 4184 2036 4223 neve

386 4262 752 4336 permitteret
770 4259 1135 4314 Christianos
1165 4257 1516 4313 Christianis
1539 4256 1754 4312 bellum
1779 4255 1992 4312 inferre
2018 4274 2030 4311 :

385 4367 517 4406 esse
549 4349 704 4406 enim
740 4365 845 4404 nos
868 4363 1104 4419 quoque
1137 4347 1620 4418 ltomanos,quos
1654 4345 1848 4400 Latini
1875 4345 2033 4401 Gra-

385 4456 486 4495 cos
520 4437 904 4510 appellarent,
938 4436 1038 4491 uni
1072 4435 1381 4506 eidemque
1428 4435 1728 4505 subjectos
1774 4435 2024 4501 Christo,

1679 259 1980 317 GEORGII
2023 255 2482 312 PACHYMERJE
3619 264 3702 320 812

568 400 754 462 ἄλλως
806 395 862 452 δὲ
917 387 1421 471 γραμματοφόρους
1473 381 1774 463 κρυφηὸὸν,
1817 380 1909 471 καὶ
1954 377 2022 448 δὴ
2057 384 2109 451 Α
2137 376 2260 471 λοις
2291 377 2542 471 ιῖιιιεισειεεῳΔ
2567 375 2970 471 φίλοιςρεῧρδα
3005 377 3074 471 ,τὰ
3101 385 3204 471 ,ἧς
3244 379 3493 471 πρὸς-,ὸν
3531 382 3706 444 πάμπαν

2134 467 2367 530 ἱκετείας
2421 467 2666 540 καθίστα,
2716 468 2802 523 καὶ
2861 469 2888 523 ὁ
2938 464 3225 544 Κάρουλος
3275 467 3540 532 ἐκωλύετο.
3573 475 3714 541 Αὐτὸς

2137 555 2193 612 δὲ
2221 556 2312 612 καὶ
2343 556 2508 613 πλέον
2569 559 2597 612 ὁ
2660 555 2916 632 βασιλεὺς
2966 559 3066 627 τὴν
3121 557 3260 632 πρὸς
3315 558 3405 626 τήν
3443 560 3712 632 Ἐκκλησίαν

2137 647 2357 722 εἰρήνην
2417 645 2759 717 ἐπισυνδὲων,
2813 646 2942 712 τοὺς
3017 647 3111 720 μὲν
3170 645 3361 703 ἐκεῖθεν
3415 648 3714 724 ἐρχομένους,

2133 736 2223 791 καὶ
2257 736 2472 811 μᾶλλον
2518 736 2563 792 εἱ
2606 745 2706 808 τῆς
2753 734 3085 807 Ἐκκλησίας
3117 735 3322 807 ἐκείνης
3358 739 3469 808 εἶεν,
3495 739 3713 818 φιλοφρά.

2134 849 2242 891 νως
2271 827 2548 904 προσίετο,
2605 829 2680 892 ὡς
2738 829 2826 882 καί
2884 847 3019 882 ποτε
3075 828 3165 882 τὸν
3224 827 3503 901 Κροτώνης
3537 829 3714 889 ἐπίσκο-

2137 938 2262 988 πον,
2307 915 2473 990 ἄνδρα
2521 914 2708 991 λόγιον
2760 911 2890 971 ὄντα
2935 915 3026 970 καὶ
3059 913 3455 992 διγλωσσοῦντα
3481 921 3582 974 κατ’
3620 920 3714 975 ἐπι-

2139 1007 2352 1078 στήμην
2384 1007 2483 1076 τήν
2515 1005 2678 1073 Θείαν,
2711 1005 2768 1060 ’ὀν
2814 1005 2905 1060 καὶ
2959 1009 3039 1077 τῷ
3086 1007 3396 1081 πατριάρχςι
3426 1007 3628 1082 πέμπων
3648 1012 3716 1065 καὶ

2137 1089 2409 1167 κυϐερνῶν
2447 1097 2580 1168 μετά
2617 1095 2802 1168 καιρὸν
2841 1093 3184 1167 μετημφίαζε
3234 1094 3367 1168 πρὸς
3406 1095 3464 1150 τὸ
3506 1096 3718 1168 Ἐλληνι-

2137 1184 2396 1260 κώτερον,
2428 1183 2514 1238 καὶ
2546 1181 2837 1254 ἐκκλησίαν
2894 1179 3100 1237 διδόναι
3156 1183 3208 1237 οἱ
3250 1187 3326 1255 τῷ
3356 1183 3496 1258 λόγῳ
3521 1189 3606 1254 τῆς
3630 1185 3722 1242 ἔπι-

2139 1269 2366 1342 δόσεως,
2416 1273 2492 1336 ὡς
2538 1270 2868 1347 σχολάζοντι
2918 1278 3017 1342 τῆς
3072 1271 3374 1348 λαχούσης,
3416 1271 3566 1342 ἤθελὲ
3589 1277 3722 1331 τεκαὶ

2140 1361 2451 1434 ᾠκονόμειο
2484 1361 2580 1416 κᾶν
2638 1359 2872 1436 ἐγένετο,
2932 1361 2976 1415 εί
3033 1363 3108 1434 μή
3169 1382 3229 1436 γε
3288 1363 3540 1439 φωραθεὶς
3564 1362 3724 1426 ἐκεῖνος

2141 1450 2216 1512 είς
2247 1447 2492 1504 δύσνοιαν
2543 1451 2630 1504 καὶ
2689 1456 2798 1505 τῶν
2857 1450 3141 1525 ἡμετέρων
3207 1445 3417 1525 βλάϐην
3443 1451 3502 1506 τὸ
3533 1453 3721 1524 μὲνκαθ¹

2138 1538 2418 1609 Ἕλληνας
2471 1537 2775 1594 ἐστολίσοαι
2823 1539 2911 1594 καὶ
2959 1537 3125 1593 πάλιν
3166 1540 3302 1614 εἶχε,
3347 1539 3440 1608 τήν
3471 1537 3522 1594 δὲ
3552 1541 3723 1616 βασιλι-

2140 1629 2240 1696 κὴν
2275 1627 2548 1701 εὐμένειαν
2581 1625 2956 1690 ἀπολωλεκὼς
3010 1627 3136 1700 περί
3184 1649 3290 1682 που
3332 1630 3423 1696 τήν
3465 1630 3725 1702 Ποντοηρά-

2139 1716 2325 1772 κλειαν
2356 1715 2657 1792 ἐξωρίζετο.
2707 1715 2860 1778 Τέως
2910 1714 2957 1770 δ’
3015 1713 3104 1771 οὖν
3155 1719 3224 1790 τῇ
3268 1715 3548 1789 Ἐκκλησία
3572 1718 3653 1772 οὐκ
3675 1720 3726 1787 ἦν

2144 1803 2399 1879 ἐμποδὼν
2449 1807 2585 1860 κατὰ
2631 1811 2732 1860 πᾶν
2787 1805 2976 1878 ἐκείνῳ
3025 1807 3370 1881 συγχρῆσθαι
3419 1807 3574 1870 οὕτως
3599 1805 3728 1882 ἔχον-

2145 1917 2219 1952 τι.
2252 1895 2495 1958 ’Δλλους
2554 1893 2610 1950 δὲ
2666 1893 2911 1957 πολλοὺς
2962 1893 3250 1958 πλείστους
3283 1896 3523 1972 φρερίους
3551 1894 3726 1970 ἐδέχετο

2146 2007 2234 2040 και
2285 1985 2420 2058 πρὸς
2495 1986 2593 2054 τήν
2673 1983 2960 2055 ἐκκλησίαν
3035 1979 3274 2057 ἔπεμπεν
3335 1986 3616 2060 ἀρχιερεῦσι
3662 1988 3730 2040 καὶ

2147 2075 2488 2150 πατριάρχῃ,
2543 2071 2603 2128 ἐκ
2659 2080 2760 2144 τῆς
2813 2077 3127 2151 προσφορᾶς
3185 2074 3363 2128 αὐτῶν
3418 2074 3666 2136 κοινωνίας
3689 2073 3730 2129 ἐν

2148 2162 2412 2237 ψαλμοῖς,
2466 2162 2516 2217 ἐν
2575 2167 2694 2225 ταῖς
2743 2161 2827 2217 ἐπὶ
2860 2160 3183 2218 τῶνᾶδὺτων
3245 2162 3558 2239 εἰσαγωγαῖς
3592 2163 3732 2219 τεκαὶ

2138 2383 2408 2439 mittebat
2433 2385 2506 2439 ad
2532 2383 2880 2452 cardinales,
2917 2400 3044 2455 qua
3069 2401 3175 2440 vox
3211 2385 3416 2441 Latina
3454 2387 3636 2443 Grece
3660 2406 3731 2444 re-

2137 2473 2388 2544 spondet
2415 2473 2773 2545 signiﬁcanti
2804 2473 3092 2542 cardines,
3116 2475 3363 2532 studens
3391 2475 3494 2531 hac
3521 2482 3626 2532 arte
3651 2494 3732 2549 pa-

2139 2577 2297 2632 pam,
2331 2561 2428 2633 qui
2469 2566 2527 2616 et
2567 2561 2710 2632 ipse,
2745 2563 2900 2632 quod
2951 2561 3022 2617 de
3071 2561 3303 2619 Christo
3351 2565 3569 2634 dicitur,
3597 2565 3733 2637 quasi

2140 2650 2354 2706 ostium
2381 2654 2487 2720 est,
2512 2649 2604 2705 his
2637 2649 2806 2722 quasi
2839 2650 3181 2706 cardinibus
3212 2651 3267 2708 ei
3300 2653 3483 2708 afﬁxis
3511 2654 3561 2708 in
3589 2670 3731 2726 quam

2142 2739 2254 2812 ipsi
2287 2744 2442 2795 esset
2472 2738 2616 2794 utile
2647 2744 2871 2812 partem
2906 2739 3212 2809 invertere,
3240 2744 3394 2814 quod
3428 2760 3530 2798 non
3561 2744 3738 2800 frustra

2142 2828 2406 2897 tentavit,
2461 2827 2773 2900 impetrato
2823 2831 2948 2883 tum
2982 2845 3014 2884 a
3047 2847 3198 2901 papa
3247 2833 3401 2901 quod
3450 2833 3670 2903 petebat,
3693 2836 3736 2885 et

2143 2920 2344 2974 Carolo
2395 2934 2465 2973 ne
2510 2917 2621 2972 sibi
2655 2917 2874 2973 bellum
2907 2917 3146 2974 inferret
3176 2921 3489 2991 prohibito.
3519 2924 3632 2993 Ipse
3657 2938 3737 2976 au-

2143 3013 2262 3063 tem
2295 3007 2527 3062 interim
2562 3006 2880 3078 imperator
2903 3007 3089 3080 magis
3114 3009 3423 3081 magisque
3443 3010 3737 3066 attendebat

2145 3096 2270 3170 paci
2321 3095 2590 3153 Ecclesiae
2621 3097 2997 3168 procuranda:
3045 3097 3383 3170 arctiusque
3413 3099 3735 3172 stringende,

2145 3187 2416 3243 homines
2457 3185 2665 3242 Italicae
2711 3186 2973 3254 ditionis,
3010 3186 3264 3244 maxime
3315 3191 3364 3245 si
3412 3187 3738 3245 ecclesiastici

2145 3280 2343 3332 essent
2381 3280 2437 3332 et
2483 3276 2670 3332 Latini
2704 3276 2877 3343 ritus,
2910 3276 3052 3332 forte
3081 3277 3578 3351 Constantinopoli
3607 3294 3740 3350 pere-

2144 3365 2446 3437 grinantes
2465 3369 2566 3421 aut
2587 3365 2865 3438 degentes
2897 3364 3446 3424 benevolentissime
3473 3367 3739 3422 admittens

2146 3454 2568 3527 adhibensque.
2604 3455 2665 3510 Id
2699 3455 2855 3527 quod
2895 3455 3204 3512 observare
3233 3456 3402 3513 licuit
3432 3457 3487 3514 in
3515 3457 3742 3530 episcopo

2145 3544 2445 3618 quondam
2503 3543 2784 3611 Crotonaa,
2816 3542 2938 3599 viro
2973 3542 3184 3601 litteris
3215 3546 3434 3602 divinis
3464 3545 3742 3619 pererudito

2145 3641 2203 3690 et
2222 3633 2422 3706 lingua
2439 3633 2606 3704 juxta
2638 3637 2886 3705 utraque
2910 3634 3148 3704 diserto,
3169 3651 3347 3706 quem
3374 3635 3430 3691 in
3453 3633 3741 3708 patriarcha

2145 3723 2425 3778 comitatu
2459 3721 2807 3777 collocatum
2839 3721 3009 3794 eique
3038 3725 3515 3781 commendatum
3537 3729 3652 3796 post
3668 3721 3744 3778 ali-

2144 3811 2297 3882 quod
2333 3815 2564 3881 tempus
2597 3809 2779 3865 sacris
2827 3810 3010 3866 Grmci
3065 3811 3215 3867 ritus
3261 3815 3519 3870 vestibus
3567 3811 3738 3875 induit,

2142 3900 2341 3956 volens
2377 3916 2813 3971 procuransque
2839 3905 2901 3955 ut
2930 3899 3177 3956 ecclesia
3203 3901 3303 3959 hic
3333 3904 3383 3958 ei
3414 3900 3741 3976 gubernanda

2144 4006 2246 4061 per
2275 3989 2724 4061 delegationem,
2761 3993 2826 4044 ut
2857 3989 3006 4045 solet
3037 3991 3172 4058 dici,
3203 3993 3560 4060 traderetur;
3605 3992 3738 4058 cujus

2142 4077 2523 4148 delegationis
2581 4094 2758 4149 capax
2816 4083 2962 4148 erat,
3010 4079 3224 4152 quippe
3279 4081 3382 4152 qui
3433 4083 3571 4153 ejus,
3600 4093 3738 4151 quam

2142 4167 2399 4238 primum
2435 4167 2622 4222 fuerat
2654 4166 2924 4236 sortitus,
2944 4183 3084 4223 cura
3112 4175 3169 4224 et
3198 4167 3741 4242 gubernationeliber

2142 4260 2317 4312 esset.
2349 4257 2511 4320 Quod
2543 4256 2814 4312 effectum
2848 4255 3002 4312 haud
3038 4257 3213 4313 dubie
3255 4258 3481 4327 fuisset,
3514 4257 3613 4314 nisi
3653 4254 3738 4310 sub

2142 4345 2262 4400 haec
2297 4345 2396 4400 ille
2427 4345 2828 4418 deprehensus
2862 4345 3053 4400 moliri
3104 4347 3304 4404 nescio
3356 4347 3495 4421 quid
3542 4343 3738 4401 inimico

2141 4433 2338 4489 animo
2387 4434 2445 4488 in
2497 4438 2761 4489 nostrum
2817 4434 3123 4501 damnum,
3172 4436 3229 4491 in
3277 4438 3488 4493 vestitu
3542 4433 3736 4507 quidem

385 4508 574 4584 unum
595 4527 772 4583 unius
803 4525 1068 4582 Ecclesiae
1101 4541 1313 4597 corpus
1336 4541 1466 4579 cum
1495 4523 1655 4578 italis
1677 4523 2030 4594 conﬁantes;
2063 4508 2108 4573 D
2139 4527 2332 4579 Graeco
2357 4539 2723 4594 perseverare
2755 4523 3082 4595 permissus
3114 4525 3290 4581 etiam
3323 4532 3519 4600 postea
3545 4524 3734 4586 fuisset,

379 4634 443 4674 se
465 4633 697 4690 quoque
729 4631 940 4688 papam
967 4613 1180 4669 habere
1211 4619 1385 4684 atque
1418 4628 1733 4686 agnoscere
1753 4613 2027 4685 spiritua-

376 4707 490 4763 lem
514 4705 1188 4777 Patrem,episcoporum
1215 4703 1480 4758 omnium
1505 4703 1852 4775 principem.
1882 4703 2026 4760 Huic

375 4794 725 4869 professioni
758 4793 1180 4866 promissiones
1211 4792 1266 4846 in
1297 4797 1595 4863 posterum
1655 4791 2025 4864 plausibilia-

376 4901 470 4940 res
527 4884 801 4949 addebat,
857 4883 1140 4937 daturum
1200 4896 1262 4937 se
1288 4881 1339 4936 ei
1399 4879 1672 4937 videlicet
1729 4883 2024 4939 efﬁcacem

377 4989 616 5046 operam
648 4987 765 5045 quo
805 4971 866 5027 in
917 4987 1102 5026 unum
1154 4970 1303 5026 ovile
1355 4970 1719 5043 redigeretur
1774 4972 2027 5028 Ecclesia

378 5062 502 5131 Dei,
520 5062 827 5118 nationum
850 5059 1192 5116 discrimine
1215 5059 1469 5128 sublato,
1485 5066 1541 5117 et
1563 5061 1837 5117 seandalo
1855 5064 2024 5117 dam-

377 5150 506 5206 nosi
561 5150 817 5219 discidii,
858 5165 975 5222 quo
1030 5149 1256 5205 dudum
1311 5149 1636 5222 perniciose
1691 5151 2024 5207 communis

375 5239 688 5296 concordia
744 5239 1153 5306 dirimebatur,
1197 5239 1268 5296 de
1327 5239 1520 5296 medio
1575 5241 1766 5292 amoto
1817 5255 1830 5291 :
1878 5239 2022 5293 nihil

371 5329 528 5384 enim
551 5329 678 5400 jam
705 5328 1062 5384 obstiturum
1091 5328 1412 5401 quominus
1435 5326 1490 5380 id
1524 5325 1708 5391 ﬁeret,
1732 5326 2023 5381 restitutis

369 5417 429 5472 in
464 5418 711 5491 patriam
763 5418 1068 5490 antiquam
1103 5434 1272 5472 suam
1304 5413 1870 5484 Constantinopolim
1906 5414 2022 5472 illis

373 5509 474 5578 qui
505 5525 574 5564 ex
602 5526 670 5565 ea
701 5509 854 5564 860
887 5508 1112 5563 dudum
1155 5505 1306 5577 pulsi
1341 5521 1443 5576 per
1473 5502 1708 5557 Latinos
1772 5504 2021 5560 fuerant.

368 5596 534 5651 Talia
554 5597 734 5652 simul
756 5596 1009 5652 subinde
1030 5593 1377 5664 inculcabat,
1402 5589 1581 5646 simul
1599 5608 1808 5649 aurum
1831 5596 2022 5651 trans-

2135 4617 2330 4669 tamen
2352 4612 2568 4668 amissa
2601 4613 2807 4669 deinde
2836 4613 3208 4686 imperatoris
3238 4617 3429 4690 gratia
3457 4613 3738 4673 exsulatum

2136 4704 2289 4760 circa
2315 4701 2651 4758 Heracleam
2684 4703 2852 4758 Ponti
2879 4705 3098 4760 missus
3119 4714 3276 4762 esset
3297 4708 3370 4762 ob
3394 4706 3574 4762 nescio
3595 4716 3738 4774 quam

2137 4794 2364 4851 civilem
2397 4809 2660 4848 causam.
2689 4794 2748 4848 In
2772 4810 2890 4864 qua
2913 4793 3040 4866 ipsa
3069 4812 3196 4850 eam
3229 4795 3496 4851 adhibuit
3516 4793 3735 4848 modera-

2137 4884 2380 4950 tionem,
2402 4887 2466 4937 ut
2495 4881 2817 4939 declararet
2839 4900 2954 4938 non
2978 4884 3213 4940 obstare
3245 4901 3308 4940 se
3339 4883 3634 4956 quominus
3657 4894 3727 4942 eo,

2135 4964 2272 5029 licet
2301 4972 2608 5029 exsulante
2638 4990 2744 5029 suo
2769 4975 2966 5044 jussu,
3004 4973 3258 5031 Ecclesia
3288 4976 3359 5030 ad
3392 4973 3737 5046 quodcunque

2136 5062 2334 5119 utilem
2370 5066 2598 5134 putaret
2629 5067 2912 5118 uteretur.
2943 5062 3104 5120 Alios
3136 5079 3268 5120 vero
3313 5065 3540 5120 Latinos
3583 5057 3734 5132 pluri-

2136 5169 2262 5208 mos
2284 5153 2416 5208 etin
2452 5152 2524 5208 iis
2555 5151 2880 5224 saepissime
2912 5152 3162 5219 Frerios,
3195 5153 3524 5209 humaniter
3549 5144 3733 5217 excepit

2133 5245 2190 5296 et
2211 5241 2268 5294 in
2292 5241 2600 5296 ecclesiam
2629 5241 2815 5307 misit,
2839 5245 2906 5296 ut
2927 5239 3007 5296 ibi
3035 5242 3108 5297 ab
3138 5242 3430 5314 episcopis
3451 5246 3503 5296 et
3523 5235 3731 5310 patriar-

2133 5329 2310 5383 archa
2347 5328 2402 5382 in
2437 5345 2672 5384 omnem
2725 5327 2905 5385 libere
2954 5346 3254 5386 sacrorum
3302 5328 3730 5386 communionem

2134 5415 2608 5488 admitterentur,
2666 5417 3000 5487 oblationis,
3059 5418 3421 5491 psalmodia,
3471 5419 3728 5488 ingressus

2133 5508 2463 5579 adytorum,
2491 5507 2838 5578 stationum,
2872 5508 3338 5581 participationis
3391 5508 3531 5564 801
3578 5497 3724 5559 divini

2135 5597 2326 5669 panis,
2349 5613 2525 5670 quem
2559 5595 2895 5655 antidorum
2919 5606 3144 5668 vocant,
3170 5599 3394 5656 cunctis
3423 5597 3573 5653 hisce
3595 5605 3724 5650 com-
