3912 6192
241 334 326 390 813
1246 330 1341 383 DE
1380 328 1751 383 MICHAELE
1792 327 2235 384 PALEOLOGO
2272 331 2404 385 LIB.
2449 334 2514 385 V.
3475 337 3581 393 814

242 454 522 523 στάσεσιν,ὲν
568 452 870 527 μεταλήψει
921 456 1022 508 τοῦ
1080 451 1224 517 θείου
1256 449 1442 527 ἄρτου,
1499 452 1558 506 ὃν
1589 448 1820 505 ἀντίδωο
1853 454 1905 521 Α
1938 452 2106 525 χῆθεν
2165 452 2255 507 καὶ
2313 454 2398 508 ἐπὶ
2465 455 2849 532 μεγαλειότητι
2919 456 3155 528 ἐξουσίας
3222 460 3578 533 τιμώμενον,

239 569 309 623 ρον
343 546 593 619 λέγουσιν,
642 542 701 598 ἐκ
747 544 961 598 πάντων
1013 540 1201 597 ἄλλων
1253 541 1401 610 πλὴν
1466 540 1821 614 μεταλήψεως
1927 545 2063 617 πρὸς
2114 541 2171 598 δὲ
2216 545 2307 599 καὶ
2353 545 2483 608 τοὺς
2528 548 2763 621 τρόπους
2816 548 2995 618 εὐθὺν,
3043 550 3137 604 τὸν
3197 546 3443 625 δεύτερον
3488 554 3579 608 καὶ

237 635 303 710 (οὗ
335 637 419 709 γάρ
454 631 697 709 ἔχρῃζον)
732 633 831 700 τήν
884 631 964 693 εἷς
1016 630 1211 706 ἐγγῦας
1255 629 1511 703 κειμένην
1560 634 1669 683 τῶν
1698 630 1821 685 Ἐκ·
1927 634 2058 707 χθὲς
2090 634 2165 697 εἷς
2196 634 2338 709 ῥῆγα
2386 636 2770 709 τετιμημένον,
2830 639 2965 711 πρὸς
3017 635 3073 693 δὲ
3119 637 3210 693 καὶ
3265 642 3333 713 τῇ
3367 638 3579 712 ἐξουσίᾳ

232 724 433 792 κλησιῶν
472 721 687 796 εἰρήνην
735 718 1089 794 κατεμπεὲῶν
1161 742 1218 775 τε
1266 720 1353 774 καὶ
1414 718 1821 797 προασνραλιζό-
1926 722 2266 795 λειπόμεπον
2315 725 2405 778 καὶ
2452 723 2509 779 δε
2552 725 2776 781 σκολιὸν
2828 727 3051 790 πείθειν·
3110 726 3249 801 μηδέ
3278 731 3378 804 γάρ
3410 731 3577 785 ἀπευ-

1926 811 2172 876 θύνεσθαί
2221 834 2354 867 ποτε
2400 815 2460 868 τὸ
2520 816 2680 891 ὀρθὸν
2729 817 2866 891 πρὸς
2908 818 2971 871 τὸ
3022 815 3267 887 σκολιὸν,
3301 816 3426 873 εἶδ’
3459 820 3573 892 οὗν,

1929 899 2059 973 μηδ’
2089 901 2569 971 ἀποσκολιοῦσθαι,
2602 903 2746 959 ἀλλά
2773 906 2835 959 τὸ
2888 904 3106 961 σκολιὸν
3153 908 3288 981 πρὸς
3331 908 3394 963 τὸ
3426 908 3573 978 εὐθὺ,

1924 992 2052 1067 παρ’
2109 992 2136 1045 ὃ
2188 992 2276 1046 καὶ
2318 995 2351 1061 ἡ
2397 994 2742 1068 προσηγορία
2788 1003 2889 1065 τῆς
2951 997 3246 1064 ποιότητος
3291 996 3574 1069 εἴληπται.

1925 1081 1995 1135 Ei’
2026 1082 2120 1153 μὲν
2165 1080 2255 1135 οὗν
2316 1082 2518 1152 πείθοι,
2567 1082 2693 1138 ἀλλ’
2738 1082 2828 1137 οὖν
2880 1084 3226 1161 ἐντυγχάνειν
3272 1092 3351 1159 τῷ
3380 1089 3575 1161 πάππᾳ

1930 1171 2062 1245 ὑπὲρ
2116 1173 2387 1245 Γραικῶν,
2432 1169 2682 1249 ἀδελφῶν
2740 1174 2831 1226 καὶ
2888 1176 3065 1228 αὐτῶν
3124 1173 3295 1229 ὄντων
3350 1176 3438 1230 καὶ
3480 1182 3575 1232 τοῦ

1928 1260 2088 1315 αὐτοῦ
2144 1260 2464 1332 ἠξιωμένων
2546 1261 2854 1334 ὀνόματος,
2916 1263 3005 1316 καὶ
3063 1262 3235 1327 οὕτως
3301 1263 3579 1320 ἐκκόπτειν

1925 1349 2209 1423 πειράσθαι
2253 1350 2318 1403 τά
2368 1349 2503 1404 κατᾶ
2548 1355 2654 1405 τῶν
2703 1351 2991 1423 Ῥωμαίων
3040 1355 3136 1406 τοῦ
3187 1349 3423 1429 ἀδελφοὶ)
3472 1374 3578 1425 μη-

1925 1438 2234 1510 χανήματα.
2310 1440 2485 1490 Ταῦτα
2558 1441 2654 1490 τοῦ
2716 1436 2987 1510 βασιλεως
3067 1435 3401 1511 ὁναθεμένου
3462 1444 3580 1500 τοῖς

1923 1522 2268 1601 πρεσϐευσιν,
2329 1527 2430 1580 ὑπὸ
2492 1525 2705 1601 μεγάλῃ
2764 1526 3020 1602 θεραπείᾳ
3075 1525 3210 1581 λαοῦ
3255 1549 3314 1582 τε
3354 1528 3440 1581 καὶ
3480 1528 3581 1602 βα-

214 1612 421 1690 φόλαξὸ
472 1620 669 1674 Βεκκος
716 1613 807 1667 καὶ
858 1612 885 1665 ὁ
940 1617 1035 1666 τοῦ
1089 1610 1376 1689 βασιλικοῦ
1432 1609 1817 1687 ἀρχιδιάκονος
1924 1615 2150 1671 σιλικῶν
2184 1614 2407 1669 εἶκόνων
2430 1615 2522 1670 καὶ
2580 1614 2920 1687 ἐκπωμάτων
2975 1615 3065 1669 καὶ
3117 1616 3338 1691 βαρείας
3370 1614 3579 1686 ἐξόδου.

210 1703 387 1774 κλήρου
418 1702 856 1769 Μελιτηνιώτης.
909 1703 1006 1763 Οἷς
1062 1699 1127 1771 δη
1181 1702 1270 1755 καὶ
1305 1702 1406 1756 οὐκ
1431 1701 1712 1777 ἐκχιοροῦν
1746 1703 1822 1765 εἷς
1924 1706 1996 1766 ὡς
2050 1704 2138 1759 καὶ
2199 1704 2457 1780 φανέντας
2521 1702 2689 1777 μόνον
2737 1702 3027 1773 ἐκκλῆξαὲ,
3086 1702 3324 1777 ἐξῄεσαν,
3385 1706 3474 1767 Ὠς
3534 1702 3581 1759 δ’

217 1790 492 1862 βρεντήσιον
544 1788 995 1863 διαπεραιοῦσθαι
1046 1791 1133 1844 καὶ
1182 1795 1251 1865 γῇ
1283 1790 1607 1866 χρωμένους
1661 1789 1817 1865 paea-
1856 1822 1901 1886 Β
1934 1791 2167 1848 Αὐλῶνα
2197 1794 2490 1871 φθάσαντες
2545 1794 2632 1847 καὶ
2679 1793 2805 1861 νηὸς
2848 1787 3129 1855 ἐπιϐάντες
3178 1794 3412 1868 Παχύνῳ
3444 1792 3580 1868 ἄκρᾳ

211 1885 318 1949 ζειν,
344 1880 432 1946 τήν
489 1881 585 1952 μὲν
636 1880 801 1955 μέχρι
848 1880 937 1933 καὶ
986 1878 1244 1942 Αὐλῶνος
1292 1878 1415 1935 ὁδὸν
1443 1878 1637 1944 ’ίπποις
1669 1900 1825 1955 χρω-
1856 1878 1892 1886 ⁷
1936 1882 2191 1944 Σικελίας
2220 1882 2553 1957 προσέσχον,
2591 1882 2916 1953 μανθάνουσι
2964 1882 3129 1956 πέραν
3174 1882 3309 1957 πρὸς
3344 1888 3578 1957 Καρχη-

214 1969 373 2038 μένους
420 1966 621 2023 ὁδεύειν
668 1973 951 2044 παρεῖχεν,
999 1968 1197 2033 ἐκεῖθεν
1253 1967 1309 2023 δὲ
1356 1971 1485 2040 νηὸς
1529 1965 1818 2033 ἐπιϐάντας
1934 1970 2103 2045 δόνα,
2162 1972 2228 2041 ἦν
2281 1972 2533 2029 Τοόνισιν
2594 1970 2878 2046 λέγουσιν,
2941 1969 3237 2025 ἀπελθόντα
3291 1972 3381 2026 τὸν
3440 1971 3580 2047 ῥῆγα

1926 2063 2041 2123 τοῖς
2090 2062 2226 2116 κατά
2274 2056 2481 2131 Λιϐύην
2543 2060 2766 2133 Αἰθίοψι
2832 2058 3120 2132 πολεμεῖν.
3189 2059 3295 2115 Καὶ
3366 2057 3431 2129 δὴ
3492 2059 3573 2137 ἐφ’

1927 2152 2159 2226 ἡμέραις
2237 2150 2407 2205 ἐκεῖσε
2480 2147 2965 2224 νανλοχησάμενοι
3042 2149 3341 2213 ἀπαυτόθεν
3417 2149 3577 2213 εὐθὺς

1926 2240 2226 2302 Τουνίσεως
2283 2237 2543 2310 ἤλαυνον,
2596 2241 2658 2293 τὸ
2722 2238 3005 2294 Σικελικὸν
3074 2239 3576 2312 καταμετροῦμενοι

1928 2327 2185 2405 πέλαγος,
2221 2333 2301 2399 [Ρ.
2337 2332 2469 2400 247]
2500 2328 2580 2406 ἐφ’
2621 2328 2714 2382 οὗν
2765 2325 2832 2396 δὴ
2881 2327 2969 2382 καὶ
3018 2328 3259 2403 ναυαγίῳ
3291 2328 3577 2402 χρησάμε-

1926 2438 2011 2471 νοι
2042 2420 2167 2493 παρ’
2200 2415 2390 2493 ὀλίγον
2422 2418 2610 2486 ἦλθον
2656 2420 2753 2471 τοῦ
2806 2417 3147 2492 βυθισθῆναι.
3205 2416 3293 2477 Ὠς
3326 2412 3383 2470 δὲ
3416 2415 3580 2488 μόλις

1927 2507 2114 2563 πολλά
2140 2507 2398 2571 παθόντες
2431 2502 2743 2573 ὀπὲϐαινον,
2774 2510 2852 2577 τῷ
2888 2506 2981 2579 μὲν
3028 2504 3154 2581 ρηὸὶ
3204 2503 3258 2559 ἐν
3305 2504 3580 2582 ἀρρωστίᾳ

1927 2594 2042 2651 ὄντι
2102 2596 2320 2672 χαλεπῇ
2378 2591 2770 2671 προσελθόντες
2814 2594 2882 2649 τά
2939 2594 3195 2670 βασιλικᾶ
3249 2591 3575 2669 ἐνεχείριζον

1925 2688 2242 2762 γράμματα.
2270 2687 2331 2755 ὀ
2362 2684 2418 2740 δὲ
2619 2684 2694 2758 μὴ
2746 2680 2876 2738 ἔνων
2912 2684 2941 2737 ὅ
2968 2704 3021 2737 τι
3073 2682 3162 2737 καὶ
3212 2679 3385 2756 δρῴη,
3416 2686 3577 2737 τοῦτο

241 829 388 886 μενος,

230 975 276 1028 0'.
330 975 489 1034 Ὂπως
560 965 811 1046 πρεσϐεις
970 968 1231 1046 βασιλευς
1304 970 1441 1044 πρὸς
1519 971 1607 1023 τὸν
1679 968 1823 1045 ρῆγα

664 1041 948 1117 Φραγγίας
970 1039 1330 1096 ’ἀπέστελλεν

281 1173 346 1244 [Ρ.
389 1171 503 1243 246]
546 1171 797 1241 Ἕπεμπε
846 1166 903 1222 δὲ
947 1168 1038 1222 καὶ
1092 1164 1287 1240 ἄνδρας
1339 1166 1822 1238 ἐκκλησιαστικοὺς

224 1258 339 1315 πολῦ
365 1260 419 1312 τὸ
446 1259 759 1331 άξιοπρεπέες
788 1256 847 1311 ἔκ
874 1278 932 1311 τε
974 1256 1182 1329 τρόπου
1235 1256 1322 1309 καὶ
1356 1257 1620 1335 ὀιρφικίων
1656 1253 1819 1331 ἔχον-

221 1368 296 1412 τας
331 1348 449 1423 πρὸς
488 1348 579 1402 τὸν
628 1346 767 1423 ῥῆγα
817 1347 1092 1422 Φραγγίας
1123 1393 1137 1417 ,
1191 1344 1523 1423 αὐτάδελφον
1578 1345 1669 1418 μὲν
1724 1350 1819 1400 τοῦ

220 1434 465 1511 Καροῦλου
518 1436 581 1489 τὸ
638 1434 793 1510 γένος
856 1432 1004 1501 ὄντα,
1054 1435 1182 1498 τοὺς
1229 1434 1471 1509 τρόπους
1522 1432 1577 1488 δὲ
1624 1434 1821 1503 ἥκιστα

215 1522 543 1598 ἀδελφίζοντα.
578 1524 645 1581 Οἱ
696 1520 741 1577 δ’
797 1524 930 1593 ἦσαν
962 1525 991 1577 ὅ
1019 1545 1076 1579 τε
1105 1531 1203 1593 τῆς
1252 1522 1583 1595 Έκκλησίας
1617 1543 1817 1598 χαρτό-

205 2058 273 2111 καί
305 2056 557 2112 θάλασσαν
590 2058 881 2129 τέμνοντας
910 2060 1007 2127 τὴν
1051 2058 1101 2119 ἐς
1146 2061 1236 2113 τὸν
1291 2059 1453 2134 ῥῆγα,
1506 2058 1642 2113 ὅπου
1697 2062 1815 2114 ποτ’

208 2145 254 2198 ξω
290 2146 507 2220 εὑρεθείη
571 2143 769 2221 διάγων
797 2192 810 2216 ,
863 2149 1126 2202 ποιεῖσθαι
1179 2145 1585 2220 διαπεραιωσιν,
1616 2151 1714 2205 Ἦν
1761 2148 1818 2204 δέ

206 2233 246 2287 οἱ
273 2234 296 2286 ὁ
324 2241 413 2303 τῆς
440 2230 731 2309 πρεσϐείας
791 2236 990 2298 σκοπὸς
1049 2236 1295 2291 κάκεῖνον
1354 2236 1554 2310 δώροις
1600 2238 1688 2292 καὶ
1722 2237 1817 2293 λόο

204 2343 300 2395 γοις
330 2324 399 2386 ὡς
453 2322 681 2378 δυνατὸν
735 2324 1194 2397 ἑκμειλίσσεσθαι,
1251 2326 1340 2379 καὶ
1398 2330 1815 2402 παρασκευάζειν

201 2410 436 2483 εἰρηνικὸν
486 2410 621 2468 ὄντα
669 2418 785 2475 ταῖς
838 2416 1047 2491 φήμαις
1096 2416 1323 2492 γράφειν
1377 2417 1470 2489 μὲν
1539 2416 1645 2470 καὶ
1682 2437 1818 2492 προς

196 2501 269 2554 τὸν
314 2499 533 2579 ἀδελφὸν
596 2504 661 2557 τά
711 2502 892 2558 εῗκότα
948 2504 1037 2559 καὶ
1087 2504 1150 2559 τὸ
1199 2506 1398 2577 θράσος
1458 2503 1814 2578 ἐκμαλάττειν

199 2589 270 2642 καὶ
318 2590 404 2653 τάς
452 2591 632 2667 ὁρμάς
682 2591 888 2647 ἐκείνου
938 2592 1173 2668 ἀνέχειν.
1222 2596 1374 2650 Ῥἆον
1422 2594 1546 2670 γάρ,
1601 2597 1674 2657 ὡς
1726 2594 1816 2651 καὶ

194 2698 294 2732 τινα
318 2676 533 2755 οἴεσθαι,
569 2685 787 2757 πρῶτον
817 2677 945 2736 ὄντα
990 2683 1080 2737 καὶ
1131 2690 1276 2758 ρῆγα
1318 2686 1683 2757 τετιμημένον
1719 2686 1815 2761 ἀρ-

200 2903 671 2958 municalionibus
702 2904 965 2974 (excepta
995 2901 1228 2957 interim
1280 2901 1407 2956 sola
1454 2903 1820 2975 perceptione

204 2993 329 3047 sacri
350 2992 544 3048 calicis
587 3009 600 3047 :
636 3008 748 3046 non
782 2991 939 3046 enim
959 2991 1109 3046 hanc
1140 2990 1221 3045 illi
1252 2992 1820 3063 qumrcbant),quam

199 3082 327 3136 serio
356 3085 816 3154 procuraturum
850 3082 1244 3153 spoponderat
1271 3084 1327 3135 et
1354 3086 1819 3151 perpetratorum

1933 2906 2186 2977 denique
2216 2907 2590 2976 obliquorum
2627 2910 2684 2961 et
2714 2923 2746 2961 a
2778 2910 2934 2961 recto
2965 2904 3309 2960 inﬂexorum
3342 2919 3574 2958 morum

1932 2994 2353 3066 homo,quibus
2385 2995 2710 3066 dirigendis
2756 2994 3065 3065 aptissima
3119 2998 3273 3047 esset
3314 2991 3575 3047 amussis

1933 3084 2237 3139 domestici
2271 3084 2521 3155 exempli
2553 3090 2609 3139 et
2631 3084 2746 3138 late
2769 3084 3058 3138 celebrata
3075 3081 3363 3137 rectitude
3386 3081 3573 3137 sancti

199 3177 485 3241 receperat,
513 3170 910 3227 Ecclesiarum
946 3187 1144 3242 pacem
1164 3170 1288 3241 jam
1326 3186 1478 3224 nunc
1510 3170 1823 3241 auspicans
1855 3205 1895 3270 Ο
1933 3174 2059 3243 ejus
2092 3172 2247 3244 regis
2270 3177 2389 3228 tam
2416 3178 2540 3228 arto
2564 3172 2646 3227 illi
2674 3171 2982 3243 sanguinis
3006 3169 3235 3226 vinculo
3258 3170 3575 3241 conjuncli:

192 3265 239 3314 et
263 3262 469 3317 sensim
503 3261 854 3333 usurpando
887 3260 1648 3332 obstaculaqueamoliendo
1678 3279 1819 3334 pra:-

197 3364 462 3408 muniens.

218 3491 265 3544 9.
296 3493 352 3548 υι
381 3492 402 3547 ι
412 3503 605 3565 egatos
634 3493 940 3563 imperator
967 3492 1037 3547 ad
1066 3508 1250 3563 regem
1279 3493 1525 3549 Francia
1546 3493 1785 3549 miserit.

247 3616 395 3673 Misit
426 3622 636 3673 autem
664 3621 722 3671 et
751 3616 906 3671 viros
936 3616 1363 3672 ecclesiasticos
1396 3618 1592 3673 multa:
1626 3618 1825 3691 digni-

194 3705 336 3770 tatis,
367 3719 494 3763 tum
529 3705 742 3761 merito
775 3704 1056 3761 virtutum
1076 3710 1198 3760 tum
1225 3706 1549 3762 officiorum
1575 3706 1828 3762 auctori-

197 3798 298 3848 tate
317 3812 437 3866 quae
469 3796 779 3868 gerebant,
802 3795 873 3849 ad
893 3811 1085 3867 regem
1105 3796 1376 3864 Francizr,
1401 3797 1589 3852 Caroli
1622 3813 1829 3867 genere

195 3881 440 3953 fratrem,
503 3899 851 3957 quanquam
912 3884 1217 3955 utriusque
1277 3902 1467 3940 mores
1521 3885 1829 3940 minimum

196 3968 331 4027 inter
360 3990 422 4029 se
450 3974 871 4045 germanitatis
904 3974 1301 4045 pra2ferebant.
1344 3976 1412 4028 Hi
1442 3980 1637 4029 autem
1676 3976 1833 4030 luere

193 4060 578 4136 cbatophylax
602 4062 862 4117 ecclesiae
898 4063 1113 4119 Veccus
1143 4068 1198 4118 et
1219 4064 1361 4135 regii
1392 4063 1835 4119 archidiaconus

196 4148 317 4205 cleri
346 4152 760 4207 Melitcniotes.
796 4151 896 4206 His
946 4168 1074 4206 cum
1109 4170 1223 4207 non
1269 4152 1405 4208 licet
1462 4159 1617 4208 recta
1650 4155 1836 4208 Brun-

194 4238 416 4296 dusium
480 4240 760 4312 trajicere
814 4245 1050 4313 propter
1107 4241 1188 4296 ibi
1248 4243 1606 4298 dominantis
1655 4240 1839 4297 Caroli

197 4332 431 4395 metum,
506 4328 907 4401 prescriptum
972 4335 1035 4384 ut
1091 4330 1183 4385 via
1240 4331 1498 4386 terrestri
1556 4331 1841 4387 Aulonem

193 4416 504 4488 equitando
541 4435 608 4474 se
641 4419 1048 4487 transferrent,
1079 4419 1331 4491 indeque
1358 4437 1501 4476 nave
1522 4435 1844 4477 conscensa

196 4520 286 4574 per
313 4508 503 4563 altum
531 4508 596 4563 in
632 4508 934 4563 Franciam
969 4508 1295 4576 tenderent,
1327 4508 1447 4565 illic
1479 4526 1674 4581 regem
1706 4525 1843 4563 con-

1931 3280 2044 3318 non
2078 3264 2229 3319 enim
2265 3267 2491 3319 rectum
2522 3263 2592 3316 ad
2648 3261 2870 3333 obliqui
2904 3276 3173 3315 normam
3226 3258 3578 3332 exigendum

1930 3358 2017 3408 est
2040 3352 2353 3420 (enimvero
2377 3352 2715 3424 depravatio
2738 3351 2861 3405 bzec
2883 3350 3267 3422 quidem,non
3297 3348 3579 3403 correctio

1929 3443 2332 3514 esset),verum
2369 3441 2691 3513 obliquitas
2714 3440 2922 3495 detorti
2967 3438 3327 3510 exzequanda
3356 3437 3426 3493 ad
3452 3453 3577 3492 rec-

1929 3536 2079 3600 tum,
2114 3535 2179 3586 ut
2209 3531 2293 3586 sic
2324 3548 2431 3586 sua
2461 3534 2689 3586 constet
2719 3527 2931 3601 regulae
2966 3527 3109 3582 ratio
3140 3544 3203 3582 ac
3234 3525 3319 3581 vis
3351 3526 3579 3598 origine

1932 3619 2190 3675 indicata
2218 3621 2374 3675 vocis
2408 3638 2439 3675 a
2471 3619 2721 3692 regendo
2753 3623 2809 3674 ct
2838 3616 3146 3689 dirigenda
3169 3616 3378 3671 ductae.
3413 3616 3574 3681 Quod

1933 3710 1981 3763 si
2016 3711 2362 3781 persuadere
2395 3710 2555 3763 fratri
2590 3724 2703 3763 non
2736 3710 2951 3779 posset,
2977 3709 3129 3762 certe
3181 3710 3378 3776 ageret
3421 3705 3574 3774 apud

1936 3815 2146 3871 papam
2184 3815 2283 3869 pro
2323 3799 2557 3865 Graecis,
2621 3796 2900 3850 fratribus
2959 3798 3015 3848 et
3071 3792 3217 3863 ipsis
3265 3797 3322 3846 et
3377 3794 3580 3847 eodem

1938 3886 2398 3943 Christianorum
2435 3884 2671 3940 nomine
2705 3883 2985 3953 dignatis,
3020 3880 3222 3950 sicque
3271 3884 3583 3935 conaretur

1939 3975 2256 4046 infringere
2288 3975 2483 4029 fratris
2516 3970 3063 4028 machinationesin
3112 3968 3426 4023 Romanos.
3484 3967 3586 4022 His

1942 4067 2014 4122 ab
2047 4066 2398 4136 imperatore
2430 4061 2725 4117 mandatis
2751 4058 3029 4129 acceptis,
3062 4058 3204 4111 dant
3252 4073 3313 4111 se
3344 4057 3403 4110 in
3429 4055 3583 4109 viam

1942 4155 2113 4227 legati
2135 4154 2408 4210 comitatu
2426 4170 2489 4207 ac
2508 4150 2782 4206 satellitio
2811 4147 3008 4219 stipati
3039 4162 3351 4201 numeroso
3375 4144 3591 4217 pariter

1945 4250 2002 4300 et
2029 4242 2418 4314 ornato,regio
2440 4242 2547 4313 ipsi
2566 4239 2723 4294 cultu
2761 4238 3173 4306 instructuque
3204 4233 3588 4306 supellectilis

1949 4330 2817 4405 splendidazﬁmperatoriarum
2838 4325 3163 4397 imaginum
3200 4340 3264 4379 ac
3294 4339 3591 4387 vasorum,

1952 4427 2017 4476 ut
2045 4422 2216 4493 longo
2250 4422 2362 4476 isla
2385 4418 2744 4492 portantium
2775 4420 2964 4470 tractu
2980 4420 3302 4483 caeteraque
3327 4412 3597 4484 magniﬁ-

1953 4511 2145 4565 centia
2176 4509 2423 4564 illustris
2456 4523 2679 4579 pompae
2714 4504 3018 4559 mirificam
3057 4500 3421 4574 egredientes
3454 4501 3598 4555 urbe

195 4596 411 4651 venturi
448 4596 801 4667 ubicunque
830 4596 1045 4651 versari
1074 4613 1204 4651 eum
1234 4597 1594 4668 contigisset.
1623 4599 1846 4669 Scopus
1880 4583 1921 4645 Ι)
1956 4597 2220 4653 attonitis
2252 4600 2377 4653 visu
2428 4596 2662 4669 populis
2701 4593 2955 4666 speciem
3005 4589 3263 4644 fecerint.
3312 4588 3597 4644 Aulonem

192 4679 506 4753 legationis
541 4690 671 4741 erat
697 4700 891 4756 regem
925 4684 1095 4740 donis
1125 4690 1181 4739 et
1210 4686 1399 4742 verbis
1419 4691 1702 4758 quantum
1730 4685 1851 4740 fieri

192 4779 381 4840 posset
414 4774 699 4842 delinire,
733 4774 1051 4846 conarique
1082 4775 1373 4830 adducere
1433 4776 1647 4847 ipsum,
1676 4792 1851 4846 quem

190 4858 339 4916 fama
373 4864 614 4918 ferebat
644 4862 808 4933 pacis
836 4879 965 4918 esse
991 4864 1348 4934 studiosum,
1373 4865 1444 4919 ad
1479 4864 1852 4919 suadendum

192 4948 347 5004 fratri
382 4953 638 5024 scriptis
664 4951 881 5007 litteris
914 4968 985 5007 ne
1017 4952 1166 5009 bello
1188 4953 1543 5025 inquietaret
1565 4952 1855 5008 Orientem

194 5038 321 5097 Erat
352 5048 570 5097 autem
603 5041 922 5099 verisimile
956 5060 1233 5116 magnum
1257 5045 1488 5116 pondus
1519 5043 1854 5100 habituram

189 5130 612 5186 auctoritatem
660 5132 904 5203 majoris
964 5138 1100 5188 natu
1160 5134 1448 5206 germani,
1512 5134 1614 5206 qui
1672 5151 1770 5189 rex
1826 5150 1860 5188 a

187 5218 483 5293 principio
513 5220 733 5276 fuisset
757 5226 1108 5292 tentumque
1126 5223 1234 5295 ipsi
1266 5224 1523 5294 potentia
1542 5228 1857 5294 praestaret,

188 5308 255 5361 ad
322 5309 456 5365 haec
516 5309 627 5381 qui
688 5309 808 5365 vita
862 5316 1056 5367 rectus
1114 5316 1169 5366 et
1201 5312 1466 5368 moribus
1522 5312 1859 5385 inculpatus

191 5395 546 5466 haberetur,
607 5401 677 5455 ad
738 5400 1155 5457 emolliendum
1209 5403 1472 5457 animum
1523 5408 1580 5459 et
1643 5405 1859 5459 feroces

183 5485 447 5559 impetus
482 5490 811 5544 frenandos
833 5491 1016 5545 Caroli
1052 5491 1298 5546 minoris
1332 5496 1472 5547 natu
1508 5494 1726 5560 fratris,
1762 5493 1862 5564 qui

182 5592 373 5649 nuper
407 5580 657 5633 tantum
701 5578 895 5633 vocari
946 5595 1044 5634 rex
1091 5580 1385 5651 ccepisset,
1432 5583 1864 5654 angustiusque

184 5680 247 5719 ac
280 5666 517 5739 opibus
542 5665 696 5723 ³32
728 5667 985 5724 fraterno
1016 5668 1265 5725 inferius
1310 5686 1555 5742 regnum
1598 5671 1863 5739 haberet,

1962 4688 2233 4759 pervecti,
2270 4687 2367 4742 ubi
2405 4702 2547 4741 nave
2596 4684 2715 4739 illic
2761 4696 3084 4737 conscensa
3127 4677 3466 4750 Pachynum
3512 4678 3601 4732 Si-

1962 4777 2107 4834 ciliae
2140 4780 2474 4841 tenuerunt,
2508 4774 2756 4830 audiunt
2802 4777 3241 4839 transgressum
3288 4783 3483 4839 regem
3547 4768 3606 4822 in

1965 4866 2464 4923 adversumlitlus
2496 4879 2674 4937 prope
2728 4859 3165 4928 Carthaginem,
3216 4873 3394 4929 quam
3447 4874 3605 4911 nunc

1965 4962 2177 5011 vocant
2205 4954 2527 5021 Tunissim,
2561 4968 2691 5008 cum
2725 4948 3098 5020 Ethiopibus
3128 4946 3378 5001 Africam
3412 4949 3612 5001 tenen-

1968 5046 2123 5101 tibus
2152 5044 2389 5100 liellare.
2422 5048 2566 5116 Ergo
2587 5040 2667 5096 ibi
2700 5038 2907 5095 morati
2938 5036 3142 5109 paucis
3202 5034 3433 5101 diebus,
3495 5034 3611 5090 sol-

1966 5138 2166 5189 ventes
2196 5133 2267 5188 ad
2306 5131 2565 5187 Siculum
2617 5126 3011 5185 emetiendum
3060 5124 3270 5179 fretum
3315 5123 3613 5179 Tunissim

1968 5239 2193 5288 versus,
2225 5238 2429 5278 navem
2456 5220 2557 5276 illo
2574 5235 2746 5275 cursu
2772 5216 3093 5288 fregerunt,
3119 5217 3176 5267 et
3199 5228 3405 5285 parum
3428 5212 3619 5267 abfuit

1972 5314 2109 5385 quin
2142 5316 2561 5383 mergerentur.
2611 5308 2684 5365 Ut
2740 5311 2935 5362 autem
2995 5303 3088 5357 vix
3144 5302 3378 5356 tandem
3430 5298 3618 5353 multa

1974 5402 2233 5475 perpessi
2268 5401 2713 5464 exscenderunt,
2737 5394 2855 5467 regi
2883 5410 2949 5449 ex
2973 5391 3133 5464 gravi
3168 5388 3367 5444 morbo
3383 5388 3617 5442 decum-

1972 5491 2131 5548 benti
2163 5491 2388 5546 litteras
2417 5486 2790 5561 imperatoris
2813 5478 3341 5538 reddiderunt.Rex
3360 5475 3622 5533 incertus

1975 5584 2115 5654 quid
2150 5586 2365 5653 ageret,
2412 5581 2549 5636 hinc
2605 5577 2844 5648 quidem
2906 5571 3109 5627 morbo
3170 5571 3429 5639 urgente,
3485 5566 3624 5625 inde

1980 5672 2117 5728 belli
2148 5670 2453 5727 districtus
2484 5668 2661 5736 curis,
2690 5659 3107 5734 supersedebat
3127 5655 3494 5729 expeditione
3529 5674 3625 5713 ne-
