3912 6192
369 310 477 366 815

1667 294 1965 355 GEORGII
2007 297 2470 352 PACHYMBRIE

3594 307 3676 364 816

373 433 470 507 μὲν
502 427 816 504 ἀρρωστῶν,
847 422 1008 479 τούτο
1040 421 1098 478 δὲ
1135 422 1225 480 καὶ
1275 420 1547 495 πολέμοις
1598 417 2013 497 ἐνασχολούμε-
2043 423 2098 490 Α
2130 416 2285 483 εὐθὺς
2318 417 2772 492 ἐνσκευασάμενοι
2817 418 2908 474 τὸν
2961 420 3152 494 νεκρὸν
3194 419 3380 478 ἐκείνου
3418 425 3483 490 ὡς
3506 425 3548 481 ἐν
3572 428 3685 502 πλη.

369 540 482 588 νος,
527 517 731 590 ἀνήρτα
773 535 830 570 τε
883 514 1103 575 τούτοις
1158 512 1224 568 τὰ
1273 510 1565 586 πράγματα
1619 509 1709 566 καὶ
1769 509 1904 584 πρὸς
1958 509 2019 564 τὸ

371 605 789 677 νοσοκομεῖσθαι
822 603 910 674 ᾖν.
943 603 1010 659 Οἱ
1061 599 1118 656 δὲ
1169 602 1287 666 καθ’
1336 601 1547 676 ἡμέραν
1601 600 1774 672 οέαμα
1832 599 2016 674 ἑώρων

373 693 605 749 ἐλεεινὸν
663 694 981 768 Ἀγαρηνῶν
1033 690 1227 766 μεταξύ
1283 690 1374 745 καὶ
1424 689 1688 745 Λατίνων.
1721 688 1859 758 Ἐξω
1916 687 2020 762 γὰρ

373 780 649 852 Θαλάσσης
753 779 1276 858 ἐπιταφρευσάμενοι
1386 776 1585 834 Ἰταλοὶ
1695 775 2020 850 ὀχυρώματι

373 869 620 945 ἐχρῶντο
678 872 746 943 τῇ
778 869 985 944 τάφρῳ,
1026 868 1087 924 τὸ
1147 867 1340 941 μεταξὺ
1388 867 1732 940 κατέχοντες·
1763 864 1917 920 Αἱοίο
1967 885 2018 927 ες

373 958 430 1016 δὲ
461 957 776 1036 Καρχηδόνι
828 957 1070 1036 φρουρίῳ
1115 978 1173 1010 τε
1202 956 1292 1010 καὶ
1351 954 1678 1031 ὁρμητηρίῳ
1736 955 2019 1028 χρώμενυι

376 1051 525 1125 εἶχον
565 1050 660 1122 μὶν
708 1048 759 1102 ἐν
806 1047 1037 1123 ἀσφαλεῖ
1087 1047 1374 1115 καθῆσθαι,
1435 1046 1582 1119 εἶχον
1639 1042 1696 1098 δὲ
1761 1045 1846 1098 καὶ
1909 1042 2015 1114 ὅπη

375 1139 626 1215 παρείκοι
654 1137 999 1214 Θαρῥούντως
1030 1136 1227 1211 ὁρμᾷν.
1267 1135 1366 1189 Καὶ
1416 1137 1661 1208 συνεχῶς
1709 1134 1824 1188 καθ’
1881 1134 2019 1205 ἠμὲ-

371 1249 466 1302 ραν
500 1225 860 1297 διεπολέμουν
893 1225 1029 1295 πρὸς
1077 1221 1384 1294 ἀλλήλους,
1419 1225 1492 1286 ὡς
1522 1222 1807 1284 πλείστους
1840 1223 2018 1296 ἀμφο-

365 1317 596 1392 τέρωθεν
633 1314 868 1370 πίπτειν.
919 1311 1198 1369 Ἐπέκειτο
1232 1309 1287 1366 δὲ
1320 1310 1518 1384 λοιμὸς
1568 1310 1820 1385 ἰσχυρὸς,
1858 1309 2019 1380 ἔθνη-

367 1425 493 1459 σκον
524 1401 582 1458 δὲ
630 1402 1008 1478 ἐπασσύτεροι,
1066 1400 1156 1456 καὶ
1215 1402 1242 1455 ὁ
1302 1400 1516 1465 θάπτων
1569 1399 1672 1454 οὐκ
1727 1400 1816 1470 ἦν,
1849 1401 2012 1473 πυραὶ

367 1491 425 1548 δὲ
479 1492 679 1548 νεκύων
737 1491 797 1546 ού
852 1491 1070 1546 καίοντο
1150 1490 1631 1559 κατατεθνηώτων.
1719 1490 1780 1542 Ἡ
1810 1489 2013 1568 τάφρος

368 1580 414 1637 δ’
463 1579 636 1652 ἐκείνη
700 1578 880 1656 εὐρεῖά
935 1601 992 1635 τε
1036 1579 1126 1634 καὶ
1184 1578 1369 1654 ραθεία
1437 1579 1567 1632 οὖσα
1641 1576 1736 1639 οὓς
1814 1583 2014 1647 ζῶντας

367 1670 596 1747 ἐτήρει,
655 1669 884 1733 τούτους
937 1671 1027 1724 καὶ
1087 1667 1344 1732 θανόντας
1404 1665 1624 1743 ἐδέχετο
1657 1709 1670 1735 ,
1721 1667 1808 1722 καὶ
1867 1667 2013 1722 οὕτω

366 1761 660 1822 πλείστους
693 1759 828 1814 ὥστε
869 1758 959 1814 καὶ
1010 1759 1506 1833 ἀναχωματοῦσοαι
1562 1759 1698 1812 κατὰ
1731 1758 1869 1831 μέρη
1903 1779 2012 1812 κιν·

368 1848 600 1905 δυνεύειν
641 1847 1104 1924 ἀγχωμαλοῦσαν.
1159 1847 1299 1902 οὕτω
1350 1847 1543 1922 συχνοὶ
1591 1843 1736 1911 ἕνοεν
1801 1848 1896 1919 μὲν
1933 1852 2014 1919 τῷ

365 1937 621 2011 πολέμῳ,
656 1937 856 2002 ἐκεῖθεν
889 1935 947 1992 δὲ
969 1943 1048 2010 τῷ
1079 1937 1264 2010 λοιμῷ
1303 1933 1553 1991 ἔπιπτον.
1595 1937 1774 2010 Ὀρμὴ
1800 1934 1845 1990 δ’
1877 1935 2012 1991 ἐκεί-

365 2049 478 2091 νοις
510 2029 680 2098 ἀνέζει
721 2028 796 2090 ὡς
860 2026 990 2102 ὑπὲρ
1038 2030 1273 2102 σταυροῦ
1320 2023 1713 2082 κινδυνεύουσι.
1765 2026 1894 2080 Τότε
1924 2026 2012 2080 καὶ

366 2119 394 2174 ὁ
417 2117 538 2194 ῥὴξ,
568 2117 680 2172 ἐπεὶ
715 2122 905 2192 χεῖρον
935 2117 1050 2191 εἶχε
1079 2117 1168 2171 καὶ
1217 2117 1269 2170 οἱ
1301 2117 1365 2169 τὰ
1412 2123 1512 2185 τῆς
1547 2114 1820 2190 σωτηρίας
1877 2117 2012 2170 απὲ-

364 2228 596 2283 γνωστο,
657 2206 781 2262 ὅσον
841 2209 906 2276 ἦν
966 2205 1318 2281 χρηματίσας
1380 2203 1630 2273 ἐκείνοις,
1689 2204 1779 2260 καὶ
1837 2201 2013 2276 δείξας

366 2296 539 2372 ῥοπὴν
589 2295 725 2371 πρὸς
786 2294 1006 2369 εἰρήνην
1067 2294 1210 2369 ἔχων
1271 2293 1362 2348 καί
1417 2295 1466 2368 γ’
1517 2294 1563 2349 εἶ
1621 2293 1894 2371 περιέσται
1923 2295 2015 2349 καὶ

365 2387 748 2462 συγκροτήσων
832 2371 908 2446 εἷς
976 2381 1200 2457 δύναμιν
1234 2428 1249 2456 ,
1332 2382 1574 2439 ἐκέλευεν
1658 2385 2016 2458 ἀναμένοντας

365 2473 662 2548 ἡσυχάζειν
699 2515 712 2528 .
776 2473 922 2529 Ἐπεὶ
986 2469 1031 2526 δ’
1083 2479 1183 2540 τῆς
1243 2469 1507 2541 ἐπιούσης
1585 2471 1781 2543 ἐπέστη
1844 2474 1896 2526 oi
1952 2475 2014 2528 τὸ

365 2561 544 2638 χρεὼν
576 2561 667 2616 καὶ
714 2557 876 2632 ἤδηὸ
1063 2557 1335 2630 ἐτελεύτα,
1386 2562 1438 2616 οἱ
1497 2561 1590 2635 μὲν
1621 2561 1756 2640 ἀμφ’
1810 2561 2011 2618 ἐκεῖνον

366 2785 682 2860 gotiorum,
711 2781 975 2838 intentus
1005 2777 1325 2836 valetudini
1355 2779 1508 2835 868
1563 2778 1856 2834 curandae.
1904 2779 2012 2834 Per

369 2877 474 2932 has
507 2888 700 2930 moras
728 2871 1095 2928 feriebantur
1142 2867 1296 2924 oculi
1344 2867 1605 2940 quotidie
1673 2871 2008 2924 nostrorum

365 2961 701 3038 spectaculo
737 2959 1005 3016 luctuoso
1038 2958 1325 3014 atrocium
1375 2962 1432 3013 et
1479 2961 1855 3014 cruentorum
1907 2964 2006 3014 La-

363 3055 517 3110 tinos
547 3053 700 3108 inter
727 3052 1144 3122 Agarenosque
1176 3047 1589 3102 certaminum.
1622 3046 2007 3118 Aliquantum

365 3144 622 3202 alittore
656 3142 873 3196 fossam
906 3137 1030 3194 Itali
1089 3138 1319 3210 longam
1369 3139 1677 3206 duxerant,
1739 3141 1796 3192 et
1853 3138 2008 3209 quod

366 3250 497 3290 eam
532 3233 685 3288 inter
714 3247 780 3286 ac
812 3245 973 3285 mare
1007 3227 1246 3299 patebat
1276 3227 1765 3299 spatiitenebant.
1799 3229 2018 3284 Ethio-

367 3340 472 3396 pes
500 3320 851 3390 Carthagine
883 3334 986 3389 pro
1019 3332 1150 3371 arce
1179 3316 1269 3370 usi
1304 3317 1374 3370 ad
1404 3316 1836 3387 receptaculum
1867 3321 2013 3389 tuta,

371 3412 500 3482 ejus
532 3409 746 3464 fiducia
776 3405 1166 3476 erumpebant
1196 3405 1476 3460 audacius
1505 3405 1563 3458 in
1604 3405 1824 3461 hostes.
1865 3407 2015 3462 Hinc

376 3497 732 3570 quotidiana:
763 3492 1132 3549 velitationes
1181 3495 1235 3546 et
1275 3505 1484 3562 pugna:
1533 3493 2014 3564 conserebantur,

375 3585 652 3662 plurimis
683 3583 956 3653 utrinque
979 3581 1338 3637 cadentibus.
1362 3581 1751 3636 Grassabatur
1780 3582 2014 3640 interim

378 3676 704 3751 perniciosa
727 3672 928 3745 pestis,
961 3670 1475 3741 densabanturque
1505 3675 1743 3742 mortes,
1776 3673 1918 3728 adeo
1951 3677 2017 3729 ut

361 3765 675 3824 funeribus
696 3761 950 3818 Libitina
979 3762 1228 3831 deesset,
1279 3760 1702 3832 superstitibus
1735 3762 1803 3816 ad
1836 3763 2015 3818 cada-

364 3872 570 3916 verum
585 3853 952 3927 sepulturam
972 3869 1084 3907 non
1111 3850 1765 3906 sufficientibus.Unum
1788 3851 2013 3909 scilicet

361 3946 506 4002 illud
533 3945 604 4000 ad
625 3943 905 4016 tragicam
924 3940 1238 3997 Iliacorum
1255 3939 1544 3996 malorum
1561 3939 1767 3996 faciem
1789 3941 2008 4008 deerat,

359 4039 515 4110 quod
576 4053 729 4110 pyris
781 4039 1146 4090 mortuorum
1201 4049 1316 4088 non
1360 4033 1655 4103 arderent,
1703 4032 1803 4087 sed
1853 4033 2012 4090 fossa

360 4129 564 4184 eadem
623 4123 726 4179 illa
756 4123 1044 4195 profunda
1073 4126 1131 4178 et
1186 4121 1326 4191 lata,
1359 4139 1483 4193 quas
1526 4121 1684 4177 vivos
1713 4121 2006 4193 tuebatur,

358 4215 669 4271 detunctos
699 4211 979 4277 hauriret,
1010 4215 1172 4267 tanto
1220 4212 1344 4280 jam
1404 4225 1669 4280 numero,
1734 4215 1794 4265 ut
1849 4211 2008 4267 brevi

357 4303 710 4374 complenda
739 4302 1036 4357 videretur
1065 4306 1121 4356 et
1151 4301 1218 4355 ad
1250 4299 1645 4371 mqualitatem
1684 4299 2007 4358 attollenda

351 4392 728 4463 campi;tam
763 4392 822 4446 in
855 4407 980 4446 eam
1018 4388 1186 4445 multi
1231 4389 1490 4460 quotidie
1540 4389 1755 4460 partim
1805 4389 2002 4446 hostili

2128 508 2358 585 ροιρορίᾳ
2435 507 2786 582 ᾠκειωμένου
2865 512 3005 581 Θεῷ,
3075 508 3261 585 μύροις
3313 509 3580 592 ἀλείφοντες
3621 522 3688 576 καὶ

2130 599 2402 677 βράσμασι
2445 595 2694 671 λεϐήτιον
2750 599 3052 675 ἐνέψοντες,
3097 601 3294 674 τιμίοις
3321 603 3500 679 χηλοῖς
3540 607 3687 665 Evam-

2123 690 2305 754 τίθουν
2336 690 2403 744 τὰ
2456 688 2684 764 λείψανα
2728 690 2800 752 ὡς
2858 693 2926 764 τῇ
2974 687 3192 764 πατρίδι
3246 691 3694 766 ἆνακομίσοντες,οἳ

2126 777 2183 833 δέ
2212 799 2275 852 γε
2324 772 2579 853 πρέσϐεις
2627 783 2826 850 κεναῖς,
2862 779 2890 833 δ
2925 778 3162 853 λέγεται,
3207 785 3308 835 τῶν
3366 783 3691 859 ὑπεσχημένων

2126 868 2455 944 ὑπέστρεφον
2488 873 2607 931 ταῖς
2666 867 2874 943 χερσίν.
2941 867 3094 926 Ἀλλ’
3128 871 3155 924 ὁ
3191 869 3424 944 βασιλεὺς
3475 873 3562 928 οὐκ
3581 875 3698 948 ἠφίει

2123 963 2624 1034 προσμηχανᾶσθαι
2677 958 2935 1034 ἁμαρτὼν
2995 962 3103 1012 τῶν
3163 958 3222 1014 ἐκ
3273 963 3368 1013 τοῦ
3395 960 3698 1036 ρηγὲς,ἀλλᾶ

2123 1045 2361 1109 πολλοῖς
2395 1046 2597 1122 ἕτεροις
2635 1041 3000 1119 μεσολαϐοῦσι
3033 1046 3170 1120 πρὸς
3198 1049 3405 1103 πάππαν
3513 1050 3599 1124 γὰρ
3625 1055 3699 1107 τοῦ

2124 1134 2412 1212 Καρούλου
2471 1134 2708 1198 ἐπίθεσις
2768 1131 2968 1209 ἔπειθε)
3023 1135 3090 1191 τὰ
3134 1141 3229 1192 τοῦ
3276 1142 3466 1193 σκοποῦ
3516 1137 3699 1194 διανύειν

2125 1224 2176 1296 ἐξ
2210 1227 2441 1288 ἅπαντος
2471 1224 2741 1301 ἐπειρᾶτο.

2126 1386 2176 1443 ι’.
2237 1388 2423 1448 Ὅπως
2481 1385 2820 1458 ἀκουομένου
2874 1389 2971 1441 τοῦ
3029 1383 3227 1441 στόλου
3295 1388 3358 1442 τὰ
3413 1385 3534 1443 κατᾶ
3578 1385 3705 1442 πόλιν

2550 1459 2577 1512 ὁ
2613 1456 2868 1534 βασιλεὺς
2896 1458 3340 1535 παρεσκευάζετο.

2193 1580 2270 1638 Οὐ
2309 1582 2415 1655 μὴν
2450 1579 2507 1636 δὲ
2549 1583 2640 1636 κΞὶ
2683 1586 2791 1636 τῶν
2855 1582 2936 1638 εἰσ
2980 1583 3319 1658 παρασκευὰς
3347 1582 3708 1660 κατερρᾳθυμη-

2125 1672 2300 1744 μένως
2333 1673 2447 1746 εἶχε
2475 1670 2565 1726 καὶ
2618 1668 2902 1744 ἀμελλῶς,
2957 1673 3033 1735 ὡς
3090 1672 3290 1737 ἐκεῖθεν
3344 1674 3494 1746 μὸνον
3523 1670 3715 1746 προσδο·

2120 1765 2230 1814 κῶν
2293 1761 2670 1835 ἀποχρώυτως
2721 1763 3089 1836 γενήσεσθαι,
3156 1765 3239 1836 [P'
3296 1765 3419 1834 248]
3473 1761 3602 1817 ἀλλὰ
3645 1759 3714 1814 καὶ

2125 1847 2283 1911 αὐτὸς
2313 1850 2386 1912 ὡς
2416 1849 2530 1925 εἶχε
2572 1850 3019 1924 παρεσκευάζετο.
3077 1851 3398 1928 Εἷσαγαγὼν
3453 1855 3570 1928 γοῦν
3610 1849 3716 1923 ἔξω·

2125 1951 2209 2004 θεν
2243 1944 2389 1993 σῖτον
2438 1939 2572 1994 ὥστε
2627 1939 2877 2014 πύργολς
2934 1937 3230 2015 πληρῶσαι
3286 1946 3362 2012 τῷ
3415 1941 3616 2010 πλήθει,
3643 1939 3716 1993 τὸν

2124 2025 2318 2082 λοιπὸν
2350 2032 2467 2090 τοῖς
2499 2025 2752 2092 πολίταις
2801 2034 3062 2104 παρεῖχεν
3119 2029 3200 2092 εἷς
3259 2028 3494 2107 φυλακὴν
3525 2028 3592 2091 ὡς
3613 2025 3724 2081 κατὰ

2121 2117 2307 2192 καιρὸν
2359 2116 2511 2181 αὖθις
2569 2117 3001 2192 ἀντιπαρέξουσι,
3059 2119 3152 2173 καὶ
3201 2119 3411 2194 χοίρων
3466 2116 3587 2178 ὅλας
3627 2116 3725 2190 ἆγέ-

2123 2205 2242 2278 λας,
2300 2205 2391 2260 καὶ
2449 2205 2648 2269 αὐτοὺς
2699 2204 2986 2283 ἐπεμέριζε
3033 2212 3159 2270 τοῖς
3203 2205 3454 2268 πολίταις
3499 2206 3585 2260 ανᾶ
3624 2202 3727 2259 diu

2121 2296 2212 2352 καὶ
2242 2293 2408 2350 πλὲον
2436 2297 2470 2364 ἢ
2503 2295 2591 2351 καὶ
2624 2294 2881 2352 ἐλλεῖπον
2935 2295 3145 2369 ἑκάστῳ
3197 2295 3381 2358 διδοὺς
3425 2296 3552 2351 ὥστε
3593 2293 3730 2372 σφάτ-

2121 2407 2232 2442 τειν
2291 2384 2383 2440 καὶ
2439 2384 2632 2447 αὐτοὺς
2705 2383 3204 2462 ἀποκερδαίνοντας
3280 2385 3348 2441 τὰ
3410 2384 3634 2448 ἐντόσθια
3677 2380 3732 2436 τὰ.

2123 2475 2328 2551 ταρίχη
2382 2479 2461 2547 τῷ
2516 2479 2690 2548 κοινῷ
2741 2473 3026 2553 φυλάττειν
3063 2518 3077 2544 ,
3140 2474 3290 2531 ὅπλα
3347 2496 3405 2530 τε
3460 2474 3613 2550 μυρία
3656 2470 3731 2524 καὶ

2125 2565 2338 2627 ὀϊστοὺς
2370 2563 2458 2620 καὶ
2490 2563 2686 2641 ὅργανα
2736 2560 3068 2642 πετροϐόλα,
3131 2565 3495 2640 ὁπλοτὲχναις
3539 2560 3618 2617 καὶ
3647 2581 3733 2634 μη-

2122 2781 2330 2836 merito
2379 2779 2609 2847 animae,
2668 2796 2846 2852 quam
2895 2785 3007 2836 Deo
3039 2798 3175 2838 esse
3197 2779 3600 2837 charissimam
3626 2791 3732 2848 per-

2120 2868 2539 2925 suasissimum
2569 2869 2884 2936 habebant,
2942 2871 3273 2942 unguentis
3333 2868 3643 2925 delibutum
3691 2868 3738 2919 et

2120 2957 2327 3012 alienis
2361 2957 2718 3014 ferventibus
2749 2958 3043 3014 incoctum
3078 2960 3360 3032 pretiosis
3393 2955 3738 3014 condiderunt

2119 3047 2274 3101 364
2305 3046 2535 3114 loculis,
2567 3049 2933 3104 venerandas
2964 3047 3098 3106 illas
3150 3065 3358 3107 secum
3411 3047 3469 3102 in
3517 3044 3732 3119 patriam

2123 3135 2402 3208 reliquias
2442 3135 2707 3193 relaturi.
2759 3137 2953 3209 Legati
2986 3154 3122 3194 vero
3180 3137 3334 3194 nihil
3385 3135 3498 3193 nisi
3539 3148 3738 3197 vacuas,

2123 3225 2277 3295 quod
2311 3225 2546 3294 dicitur,
2581 3241 2792 3280 manus
2813 3242 2876 3280 ex
2921 3227 3104 3282 tantis
3153 3225 3476 3299 promissis
3527 3226 3742 3295 reporta-

2124 3319 2264 3368 runt
2293 3314 2843 3369 domum.Caaterum
2871 3314 3195 3386 imperator
3219 3332 3326 3388 per
3350 3315 3503 3386 regis
3533 3317 3743 3367 mortem

2122 3419 2227 3476 spe
2259 3404 2575 3459 frustratus
2606 3420 2856 3471 sua,non
2879 3410 3074 3460 tamen
3099 3407 3341 3462 destitit
3363 3404 3478 3461 alia
3498 3403 3565 3459 ad
3596 3399 3748 3458 desti-

2123 3497 2327 3548 natum
2360 3492 2452 3549 via
2483 3493 2759 3566 grassari,
2790 3495 2892 3549 sed
2935 3493 3144 3551 multis
3203 3495 3342 3551 aliis
3375 3493 3530 3567 apud
3570 3502 3746 3563 papam

2121 3583 2612 3639 intercessoribus
2671 3583 2952 3640 adhibitis
3001 3587 3164 3651 (nam
3230 3584 3447 3657 ingens
3495 3600 3530 3639 a
3579 3575 3749 3637 Carolo

2123 3677 2314 3728 metus
2345 3673 2543 3728 omnia
2563 3672 2810 3744 experiri
2843 3674 3151 3746 suadebat)
3185 3675 3513 3748 impetrare
3540 3671 3609 3727 ab
3627 3684 3685 3725 eo
3703 3671 3753 3720 ut

2119 3761 2309 3817 Caroli
2339 3762 2764 3834 expeditionem
2789 3761 3095 3834 impediret
3127 3765 3490 3820 conabatur.

2123 3870 2206 3925 10.
2245 3870 2307 3926 Ut
2338 3870 2412 3925 ad
2436 3872 2649 3940 famam
2686 3876 2941 3926 ventura
2995 3870 3228 3941 infestae
3283 3872 3485 3927 classis
3538 3868 3596 3923 in
3647 3863 3754 3919 urbe

2192 3942 2499 4014 imperator
2525 3945 2929 4014 praeparaverit
2955 3957 3078 4014 quae
3097 3943 3430 4000 necessaria
3445 3941 3756 4014 putabantur

2187 4015 2240 4068 ei
2266 4013 2503 4070 tuenda.

2187 4119 2301 4174 Nec
2333 4136 2501 4190 porro
2534 4119 2690 4176 idem
2723 4119 2818 4176 his
2849 4121 3163 4177 conatibus
3192 4126 3326 4178 arte
3358 4122 3602 4177 Martem
3623 4129 3757 4171 aver-

2116 4208 2276 4264 tendi
2339 4209 2482 4264 adeo
2539 4209 2952 4265 confidendum
3001 4211 3240 4281 putavit
3289 4215 3580 4282 tanquam
3626 4201 3758 4261 haud

2113 4297 2290 4353 dubie
2316 4313 2656 4354 successum
2689 4302 2953 4370 optatum
2987 4298 3324 4366 habituris,
3361 4306 3430 4355 ut
3470 4298 3757 4370 apparatus

2112 4385 2427 4458 negligere,
2459 4387 2697 4444 bellicos
2726 4405 2738 4442 :
2773 4387 2950 4443 simul
2974 4388 3130 4444 enim
3158 4386 3633 4461 providendisin
3660 4398 3763 4440 om-

353 4482 488 4538 cassi
519 4482 688 4551 ferro,
724 4481 935 4553 partim
964 4480 1058 4535 lue
1085 4479 1361 4551 pestifera
1410 4478 1684 4535 exstincti
1734 4479 2000 4536 devolve-
2034 4478 2079 4543 D
2110 4492 2240 4532 nem
2276 4481 2547 4532 eventum
2581 4493 2707 4544 quze
2737 4477 2809 4532 ad
2839 4477 2953 4532 vim
2993 4479 3328 4535 arcendam
3373 4495 3528 4550 opus
3568 4475 3759 4532 essent,

351 4571 586 4627 bantur.
619 4570 909 4642 Vigebant
963 4574 1161 4625 tamen
1204 4568 1415 4624 animis
1468 4568 1724 4641 reliqui;
1777 4572 1834 4623 et
1889 4569 2001 4624 sibi

356 4661 573 4717 conscii
607 4677 710 4731 pro
742 4659 933 4715 crucis
962 4658 1149 4731 gloria
1179 4657 1493 4730 periclitari
1525 4674 1676 4724 sese,
1730 4659 1994 4714 ardorem

351 4749 778 4820 audaciamque
822 4767 854 4804 a
912 4765 1092 4804 causa
1149 4746 1283 4803 belli
1325 4751 1644 4816 trahentes,
1675 4747 1996 4806 fortissime

353 4839 636 4895 adversus
669 4837 1040 4909 quantamvis
1061 4838 1303 4893 fortunae
1334 4835 1699 4908 iniquitatem
1732 4836 1995 4894 niteban-

343 4931 463 4982 tur.
497 4931 615 4983 Rex
645 4926 884 4982 interim
919 4925 1122 4981 morbo
1155 4924 1548 4981 invalescente
1595 4925 1653 4980 in
1711 4941 1845 4981 eum
1898 4943 1992 4983 re-

341 5017 552 5074 dactus
581 5019 799 5073 statum
836 5019 902 5070 ut
931 5015 1001 5070 de
1041 5014 1160 5069 vita
1209 5014 1337 5084 ejus
1373 5013 1800 5084 desperaretur,
1851 5015 1991 5072 allo-

336 5108 510 5160 cutus
543 5108 740 5161 tamen
772 5093 999 5176 legatos
1031 5106 1140 5173 est,
1169 5117 1444 5174 magnam
1491 5101 1806 5157 ostendens
1855 5118 1988 5172 pro-

334 5193 680 5266 pensionem
710 5194 780 5250 ad
804 5209 1003 5265 pacem
1029 5191 1609 5262 interimperatorem
1632 5190 1988 5260 fratremque

335 5284 788 5356 procurandam.
820 5283 1080 5353 Eamque
1111 5279 1583 5336 conciliationem
1625 5295 1729 5350 pro
1761 5277 1985 5336 viribus

333 5389 396 5428 se
447 5377 875 5444 promoturum,
955 5371 1004 5426 si
1072 5371 1192 5425 vita
1258 5369 1613 5439 suppeteret,
1692 5365 1982 5437 promisit,

330 5467 666 5534 exspectare
699 5462 924 5517 interea
949 5459 1111 5531 ipsos
1157 5463 1214 5514 et
1265 5456 1565 5528 quiescere
1607 5455 1847 5525 jubens.
1899 5457 1983 5510 Ab

329 5551 422 5606 his
455 5552 627 5608 dictis
659 5556 894 5624 postera
950 5547 1001 5605 ei
1051 5548 1177 5604 dies
1227 5561 1506 5619 suprema
1555 5543 1766 5599 illuxit.
1830 5543 1983 5618 Rege

326 5645 582 5710 mortuo,
624 5641 725 5713 qui
777 5640 828 5696 ei
879 5638 1174 5706 astabant,
1235 5634 1494 5693 defuncti
1553 5635 1821 5702 cadaver,
1874 5650 1976 5707 pro

2113 4564 2448 4635 diligentem
2481 4565 3343 4638 impenditoperam.Primum
3374 4565 3641 4623 omnium
3665 4561 3763 4616 fru-

2105 4659 2366 4710 mentum
2401 4653 2618 4709 invexit
2647 4655 2706 4709 in
2757 4655 2965 4710 urbem
3027 4659 3197 4714 tanta
3261 4657 3464 4728 copia,
3515 4659 3580 4710 ut
3627 4647 3760 4723 quod

2106 4745 2176 4800 ab
2204 4743 2430 4800 horreis
2460 4742 2719 4814 publicis
2758 4749 2817 4798 et
2874 4743 3143 4800 turribus
3209 4745 3479 4818 expletis
3527 4740 3763 4799 multum

2103 4833 2293 4890 adhuc
2327 4833 2981 4904 supererat,deponeret
3011 4834 3169 4904 apud
3213 4835 3386 4891 cives
3420 4835 3649 4905 signato
3671 4843 3767 4882 nu-

2103 4940 2284 4991 mero,
2343 4921 2882 4994 reprmsentandum
2945 4921 3017 4976 ab
3075 4921 3236 4993 ipsis
3293 4923 3430 4995 pari
3488 4929 3768 4981 mensura,

2101 5012 2332 5083 quando
2394 5015 2815 5083 repeterentur.
2852 5009 3091 5066 Induxit
3136 5015 3204 5066 et
3245 5007 3766 5068 numerosissimos

2100 5118 2276 5159 suum
2307 5116 2531 5172 greges,
2563 5116 2711 5171 quos
2741 5098 2880 5156 item
2914 5099 3144 5154 civibus
3182 5099 3536 5164 distribuit,
3584 5098 3765 5152 decem

2098 5191 2310 5262 cuique
2342 5189 2476 5262 plus
2521 5188 2791 5245 minusve
2840 5188 3032 5260 porcis
3081 5189 3458 5263 assignatis.
3513 5189 3628 5244 Hos
3680 5182 3766 5253 qui

2097 5278 2760 5351 accipiebant,occidere
2789 5277 3094 5334 confestim
3129 5278 3552 5347 jubebantur,
3595 5279 3652 5330 et
3684 5272 3764 5326 in-

2095 5369 2310 5424 testina
2341 5368 2579 5440 quidem
2611 5367 2730 5426 sibi
2755 5367 2989 5438 habere,
3021 5367 3317 5424 membra
3374 5368 3574 5424 solida
3615 5363 3769 5421 salita

2094 5455 2330 5529 publico
2391 5473 2642 5513 servare.
2696 5461 3051 5513 Immensam
3104 5457 3185 5510 ad
3246 5457 3382 5512 haec
3428 5447 3765 5526 comportari

2091 5545 2314 5603 curavit
2343 5563 2646 5602 armorum
2679 5546 2873 5602 omnis
2897 5546 3091 5601 forma
3121 5546 3414 5617 copiam,
3444 5544 3767 5617 jaculorum

2089 5635 2807 5710 praesertim,sagittarum
2836 5651 2903 5691 ac
2930 5631 3186 5690 telorum
3215 5636 3502 5706 cujusvis
3525 5629 3760 5706 generis.
