4002 6198
326 304 438 359 817

1413 306 1509 357 DE
1548 303 1921 359 MICHALLB
1958 304 2400 361 PALEOLOGO
2436 307 2573 362 LIB.
2612 310 2681 361 V.

3650 302 3758 357 818

328 429 587 500 χανικοῖς
614 426 679 480 τὸ
727 423 907 479 ἰκανὸν
964 425 1250 499 παρέχων,
1303 422 1590 497 ἡτοίμαζε.
1634 424 1738 481 Καὶ
1767 425 1829 479 τὸ
1858 444 1988 479 ναυ-
2017 426 2072 493 Α
2104 422 2377 501 ἀνδράσιν,
2439 425 2841 505 ἀσφαλέστερον
2903 426 2960 482 δὲ
3016 424 3322 504 πράγμασι,
3369 427 3432 481 τὸ
3478 426 3613 501 πρὸς
3663 424 3755 480 τὸν

326 516 481 570 τικὸν
514 513 780 587 ἐξῄρτμεν
814 510 974 571 ἅπαν.
1009 510 1351 587 Οἷκοδόμους
1381 514 1429 568 τ’
1479 512 1773 583 ἐπιστήσας
1801 512 1994 568 πλείο·

326 625 425 667 νας
476 605 569 658 καὶ
620 603 908 664 ἐπιστάταις
966 599 1228 675 ἐδιδύμου
1284 603 1346 657 τὸ
1402 608 1590 678 τεῖχος
1636 609 1735 671 τῆς
1775 602 1991 665 πόλεως

325 696 393 749 τὸ
424 694 562 768 πρὸς
614 692 883 757 θάλασσαν
912 712 925 725 ·
978 690 1039 747 τὸ
1088 692 1191 767 γὰρ
1243 691 1379 766 πρὸς
1417 693 1517 760 τὴν
1551 699 1650 762 τῆν
1685 690 1991 747 δεδίπλωτο

327 786 577 845 παντως.
611 784 714 840 Καὶ
761 782 893 839 λαὸν
943 781 1199 838 πλεῖστον
1250 782 1337 837 καὶ
1392 783 1663 859 μάχιμον,
1698 780 1820 838 ὅσον
1855 785 1994 839 ἁπο-

330 878 563 950 χρῶντα
590 872 820 948 τοιαύτῃ
864 876 1180 949 παρασκευῇ
1232 872 1483 947 πολέμου
1528 870 1692 944 ᾤετο,
1743 872 1793 944 ἐξ
1821 874 1994 943 αὐτῆς

332 960 632 1033 διέταττεν,
662 964 737 1027 ὡς
782 962 859 1025 εἰς
905 965 1093 1038 καιρὸν
1134 962 1633 1039 εἷσαχθησομένους
1670 963 1762 1036 ἅμ’
1794 958 1991 1025 ὅπλοις

329 1052 423 1108 καὶ
476 1051 851 1125 δαπανήμασι.
905 1051 1145 1127 Ηέμπων
1194 1074 1251 1108 τε
1292 1054 1418 1115 τοὺς
1469 1054 1561 1126 μὲν
1610 1056 1717 1107 τῶν
1758 1054 1877 1108 κατ’
1905 1052 1990 1107 αἷ-

326 1142 568 1218 γιαλοὺς
614 1141 943 1218 κατωχύρου
1000 1142 1089 1197 καὶ
1149 1145 1368 1214 νήσους,
1415 1142 1541 1205 τοὺς
1591 1140 1637 1197 δ’
1684 1140 1989 1199 ἀνέστελλε.

329 1233 437 1290 Καὶ
467 1234 529 1289 τὸ
560 1230 612 1288 ἐν
664 1232 1004 1307 Βλαχέρναις
1046 1233 1272 1310 νεώριον
1324 1234 1426 1289 οὐκ
1475 1229 1885 1309 ἀποδεχόμενος
1916 1233 1989 1295 ὡς

326 1323 471 1378 κατὰ
518 1321 809 1398 πρόσωπον
864 1322 1110 1396 παρέχον
1165 1327 1285 1385 ταῖς
1314 1322 1471 1377 ναυσὶ
1538 1322 1674 1396 πρὸς
1731 1323 1827 1386 τὰς
1879 1326 1987 1377 τῶν

325 1414 546 1489 ἐχθρῶν
574 1413 673 1482 τὴν
714 1413 925 1486 μάχην,
976 1412 1039 1467 τὸ
1089 1409 1147 1467 δὲ
1195 1411 1332 1467 κατᾶ
1380 1411 1672 1487 πρόσωπον
1726 1408 1989 1487 δυσχερὲς

328 1504 466 1558 εἶναι
554 1503 629 1564 ὡς
711 1500 1131 1563 ἀντιστατούσας
1215 1501 1459 1577 ἰσχυρῶς
1537 1503 1829 1576 μάχεσθαι,
1894 1502 1987 1557 τὸν

326 1593 533 1666 ὅμοιον
565 1590 771 1667 τρόπον
821 1592 910 1646 καὶ
957 1595 1035 1662 τῷ
1091 1590 1311 1663 παλαιῷ
1365 1590 1579 1667 νεωρίῳ
1636 1593 1986 1667 προσήχθετο

327 1680 501 1756 (λέγω
560 1678 618 1735 δὲ
665 1678 898 1735 παλαιὸν
959 1679 1069 1755 οὐχ
1124 1681 1170 1751 ᾧ
1224 1682 1357 1755 χθὲς
1415 1680 1505 1735 καὶ
1536 1681 1729 1756 πρώην
1763 1686 1982 1735 Λατῖνοι

2101 514 2321 590 Βλάγκα
2353 517 2742 572 Κοντοσκέλιον
2796 516 3177 591 ἀνοικοδομεῖν
3207 515 3423 586 ἤθελεν,
3475 514 3612 570 ὥστε
3660 536 3755 590 γυ-

2101 609 2269 676 ρῶσαι
2350 607 2443 679 μὲν
2521 608 2801 683 μεγίσταις
2878 607 3100 683 πέτραις
3164 608 3254 661 τὸν
3312 604 3503 677 κύκλῳ
3558 604 3747 677 τόπον,

2098 689 2395 765 ἐμϐαθῦναι
2431 693 2487 751 δὲ
2515 699 2613 767 τήν
2661 697 2808 759 ἐντὸς
2840 696 3135 769 θάλασσαν,
3170 694 3401 771 ἄργυρον
3452 696 3610 769 ὑγρὸν
3643 712 3747 767 χυ-

2095 784 2186 837 τὸν
2248 781 2597 859 ἐμϐαλόντα,
2654 785 3091 860 ἐποικοδομῆσαί
3148 808 3205 842 τε
3268 786 3359 840 καὶ
3412 782 3570 858 στέγη
3631 788 3748 843 ταῖς

2097 874 2279 929 ναυσὶν
2346 876 2701 952 ἀποχρῶντα,
2783 875 2965 939 πύλας
3046 873 3093 930 δ’
3170 876 3429 930 ἐπιθεῖναι
3488 871 3747 949 ἀραρυίας

2098 966 2183 1035 [Ρ.
2215 967 2340 1038 249]
2375 964 2433 1021 ἐκ
2464 964 2693 1043 σιδήρου
2742 970 2810 1040 τῇ
2842 966 2895 1020 ἐν
2928 970 3051 1029 ταῖς
3096 963 3317 1041 πέτραις
3364 962 3583 1036 εἷσῖομῃ
3618 958 3747 1031 ἔξω·

2097 1064 2206 1123 Οεν,
2268 1054 2396 1109 ὥσθ’
2453 1055 2565 1129 ἅμα
2621 1056 2713 1129 μὲν
2776 1054 3035 1133 ἀσφαλῶς
3087 1050 3232 1131 ἔχειν
3259 1054 3350 1109 τὸν
3383 1051 3601 1123 στόλον,
3635 1052 3749 1123 ἅμα

2097 1140 2153 1197 δὲ
2182 1144 2270 1198 καὶ
2314 1148 2433 1208 ταῖς
2476 1150 2583 1199 τῶν
2635 1144 2849 1220 ἐχθρῶν
2902 1144 3262 1219 ἀναγομέναις
3463 1141 3563 1216 γὰρ
3613 1141 3745 1195 εἶναι

2096 1230 2185 1288 διὰ
2213 1232 2275 1287 τὸ
2308 1232 2510 1310 ῥοῶδες
2537 1241 2638 1304 τῆς
2670 1233 2945 1304 Θαλάσσης
2985 1233 3258 1302 ’ίστασοαὴ
3306 1231 3532 1287 κατόπιν
3580 1229 3745 1303 ἐμπί-

2092 1344 2243 1378 πτειν
2300 1324 2397 1386 τὰς
2455 1325 2747 1399 ἡμετέρας.
2802 1323 3163 1401 Ἠσφαλίζετο
3217 1320 3274 1376 δὲ
3320 1320 3408 1375 καὶ
3469 1318 3598 1381 τοὺς
3656 1318 3743 1373 ἐπὶ

2090 1420 2192 1483 τῆς
2240 1412 2463 1486 περαίας
2495 1412 2831 1484 Γεννουΐτας,
2886 1414 2959 1474 ὡς
2994 1414 3070 1485 μὴ
3104 1413 3547 1473 συνεπιτιθῶνται
3592 1407 3742 1483 στέρ-

2089 1522 2274 1577 γοντες
2306 1501 2401 1563 τὰς
2431 1499 2690 1571 σπονδὰς,
2740 1501 2805 1556 οὐ
2864 1501 2972 1573 μὴν
3021 1498 3078 1555 δὲ
3109 1496 3254 1554 ἀλλὰ
3283 1496 3375 1553 καὶ
3428 1493 3612 1555 ἄλλως
3643 1516 3741 1560 φυ-

2091 1589 2371 1645 λάττοιντο
2402 1592 2500 1659 τήν
2550 1592 2688 1667 πρὸς
2739 1589 2867 1653 τοὺς
2918 1586 3378 1661 ἐπελευσομένους
3427 1582 3737 1653 κοινωνίαν,

2087 1678 2183 1733 κᾶν
2216 1679 2551 1755 ἀπόσχοιντο
2581 1684 2677 1734 τοῦ
2706 1680 2841 1750 πρὸς
2875 1678 3109 1739 ἐκείνους
3141 1675 3396 1748 πολέμου
3428 1672 3518 1729 διὰ
3553 1674 3615 1728 τὸ
3646 1671 3737 1749 γέ-

326 1768 603 1845 ἐχρῶντο,
654 1774 733 1841 τῷ
779 1769 918 1845 πρὸς
964 1771 1033 1842 τῇ
1088 1772 1225 1843 μονῇ
1268 1773 1365 1823 τοῦ
1412 1769 1691 1847 εὐεργέτου
1722 1774 1982 1843 Χριστοῦ.
2014 1782 2061 1847 Β
2089 1788 2207 1836 νος,
2241 1766 2427 1831 ἄλλως
2460 1766 2516 1824 δὲ
2544 1768 2634 1824 καὶ
2674 1769 2920 1843 παρέσπα
2967 1766 3056 1822 καὶ
3091 1763 3260 1826 ἷδίους
3290 1763 3462 1819 ἐποίει
3494 1762 3740 1836 (λυζίους

324 1858 479 1913 ἀλλὰ
530 1859 594 1914 τὸ
642 1859 779 1931 πρὸς
830 1862 898 1931 τῇ
956 1857 1106 1933 πύλῃ
1164 1863 1260 1913 τοῦ
1315 1857 1545 1933 νεωρίου
1593 1858 1789 1914 ἐκεῖθεν
1840 1859 1978 1913 ὠνο-

330 1948 610 2022 μασμένῃ)
661 1947 736 2010 ὡς
794 1946 1008 2011 πάντως
1072 1952 1170 2003 τοῦ
1224 1948 1360 2003 κατᾶ
1429 1946 1697 2012 θάλασσαν
1753 1949 1979 2024 κέρατος

324 2035 555 2109 λιμένος
611 2032 765 2098 ὄντος
817 2037 906 2090 καὶ
930 2034 1123 2090 ταυτὸν
1172 2041 1290 2098 τοῖς
1322 2034 1609 2109 Ῥωμαίων
1641 2036 1825 2091 ναυσὶν
1856 2038 1993 2107 ὅσον,

320 2125 417 2180 καὶ
477 2130 597 2188 ταῖς
650 2129 758 2181 τῶν
820 2123 1033 2201 ἐγθρῶν
1068 2122 1333 2189 διδόντος.
1372 2124 1531 2181 Ἀλλ’
1564 2125 1722 2188 εἰδὼς
1751 2127 1813 2181 τὸ
1847 2127 1982 2182 κατὰ

316 2216 505 2271 νώτου
537 2215 828 2291 γινομένας
890 2215 1159 2290 μάχεσθαι
1210 2214 1334 2270 ὅσον
1379 2212 1821 2293 θαρραλεώτερον
1887 2216 1982 2291 μὶν

325 2433 610 2491 Ballistae
641 2436 920 2507 praeterea
949 2437 1008 2490 et
1058 2434 1360 2491 machinas
1412 2434 1774 2505 ejaculandis
1824 2434 1981 2491 saxis

328 2525 462 2581 ﬁeri
491 2524 774 2597 plurimas
796 2524 1001 2595 jussit,
1027 2524 1208 2580 fabris
1238 2540 1440 2580 earum
1474 2524 1797 2580 artificibus
1821 2525 1986 2593 justa

329 2615 606 2671 mercede
635 2617 966 2670 numerata.
1021 2612 1282 2670 Classem
1334 2614 1394 2669 in
1444 2613 1651 2685 primis
1697 2613 1986 2685 expedivit

326 2723 531 2773 suam,
564 2706 908 2778 cunctisque
930 2705 1278 2762 necessariis
1301 2705 1599 2785 instruxit.
1636 2705 1983 2761 Architectis

328 2795 476 2851 item
490 2796 953 2851 etstructoribus
969 2811 1085 2850 uno
1111 2800 1371 2866 tempore
1388 2794 1672 2851 adhibitis
1692 2794 1983 2866 pluribus,

329 2900 571 2939 murum
624 2883 787 2939 urbis
836 2900 954 2955 qua
986 2900 1145 2939 mare
1177 2888 1402 2956 spectat
1432 2884 1752 2957 geminavit
1780 2883 1891 2940 alio
1923 2901 1985 2939 a-

326 2976 556 3028 structo
591 2988 603 3027 :
634 2988 771 3028 nam
791 2973 889 3043 qui
912 2973 1177 3045 partibus
1197 2973 1451 3032 civitatis
1467 2976 1538 3029 ad
1563 2979 1774 3029 terram
1803 2973 1985 3029 versis

328 3062 806 3135 prcetendebatur
848 3063 1185 3135 duplicatus
1235 3063 1454 3135 ubique
1503 3065 1727 3119 dudum
1778 3064 1983 3119 fuerat.

326 3152 483 3209 365
507 3150 945 3207 Multitudinem
966 3169 1200 3224 quoque
1213 3169 1391 3225 quam
1414 3153 1721 3209 maximam
1742 3153 1980 3209 fortium
2016 3187 2057 3255 ὓ

324 3247 390 3299 et
408 3242 858 3298 exercitatorum
881 3242 1051 3298 bellis
1073 3242 1403 3311 hominum,
1438 3243 1715 3317 quaniam
1750 3244 1984 3299 abundo

326 3331 711 3387 suli'ecturam
735 3332 975 3388 rebatur
994 3332 1223 3388 cunctis
1249 3332 1426 3389 simul
1451 3334 1593 3390 locis
1616 3337 1791 3389 vastas
1824 3333 1983 3388 urbis

330 3421 862 3492 defensandis,jam
889 3438 1045 3478 nunc
1068 3427 1482 3495 congregatum
1507 3423 1681 3479 certis
1704 3426 1863 3479 extra
1885 3439 1983 3477 ur—

330 3511 470 3565 bem
495 3509 845 3566 stationibus
877 3510 1190 3584 disposuit,
1223 3512 1710 3569 introducendam
1742 3512 1803 3567 in
1835 3516 1983 3567 tem-

326 3614 473 3671 pore
496 3615 631 3654 cum
655 3600 836 3655 armis
862 3604 918 3656 et
938 3605 1292 3668 commeatu,
1322 3618 1451 3672 quze
1484 3602 1624 3657 foris
1658 3601 1978 3657 habuisset.

319 3688 489 3744 Misit
507 3688 683 3743 etiam
710 3705 810 3760 per
829 3688 1027 3746 littora
1048 3695 1105 3745 et
1125 3690 1351 3746 insulas
1373 3690 1474 3762 qui
1510 3690 1839 3746 maritimos
1864 3688 1983 3744 adi-

321 3782 426 3833 tus
460 3777 896 3835 munitionibus
927 3786 1424 3851 praeoccuparent;
1453 3780 1513 3835 in
1546 3796 1658 3849 quo
1690 3778 1980 3834 delectum

316 3866 691 3938 etjudicium
720 3867 1134 3939 adhibuit,non
1159 3874 1434 3941 portuum
1460 3886 1527 3924 ex
1549 3884 1715 3940 aequo
1738 3870 1982 3922 cuncto.

318 3972 481 4025 rum,
513 3956 957 4028 suspiciendam
1008 3959 1404 4015 defensionem
1458 3974 1728 4023 censens,
1779 3954 1981 4010 navale

314 4045 621 4116 siquidem
646 4045 1101 4103 Blachernarum
1128 4066 1242 4104 non
1268 4047 1572 4121 probabat,
1601 4046 1755 4118 quod
1782 4060 1979 4114 naves,

317 4136 376 4192 si
400 4152 529 4207 quae
554 4135 633 4191 ibi
667 4136 1161 4209 relinquerentur,
1185 4138 1389 4195 hostili
1418 4143 1624 4195 contra
1647 4135 1979 4208 appulsuras

317 4224 503 4281 classi
527 4225 803 4282 adversas
823 4226 1122 4297 obiiceret;
1156 4228 1213 4282 id
1240 4228 1394 4298 quod
1419 4228 1489 4282 ad
1517 4242 1722 4300 pugnae
1747 4240 1981 4281 succes-

313 4331 458 4371 sum
487 4312 744 4386 plurium
768 4316 820 4370 vi
849 4332 1085 4373 summa
1107 4333 1175 4372 ex
1199 4316 1313 4372 alto
1346 4315 1745 4373 invehentium
1778 4318 1981 4371 contra

316 4403 633 4476 pauciores
654 4408 822 4461 terrae
851 4406 1142 4471 admotas,
1159 4406 1559 4477 periculosum
1584 4404 1976 4460 existimabat.

306 4492 501 4548 Vetus
526 4492 742 4564 pariter
764 4494 967 4550 navale
988 4494 1100 4567 ipsi
1128 4512 1242 4551 non
1268 4496 1746 4568 placebat.Vetus
1775 4492 1978 4549 navale

2091 1857 2233 1912 εἶπεν
2288 1856 2348 1912 ἃν
2403 1880 2487 1920 τις
2545 1857 2785 1931 ἐκείνων)
2836 1861 2955 1918 ταῖς
3011 1854 3311 1927 εὖμενείαις
3345 1894 3361 1911 .
3417 1851 3521 1909 Καὶ
3572 1855 3739 1935 ταῐτα

2089 1949 2340 2020 πράττων
2419 1947 2510 2003 καί
2594 1945 3126 2019 κατασκευαζόμενος
3209 1938 3501 2019 πρεσϐείας
3586 1938 3738 2001 αὖθις

2091 2039 2295 2113 συχνὰς
2349 2036 2709 2093 ἀποστέλλειν
2741 2035 2839 2093 οὐκ
2868 2037 3107 2092 ἀπώκνει
3165 2035 3312 2109 παρὰ
3366 2033 3458 2088 τὸν
3515 2033 3735 2086 πάππαν

2092 2125 2181 2181 δια
2212 2125 2510 2201 θαλάσσης,
2560 2127 2651 2183 καὶ
2687 2126 2899 2202 μᾶλλον
2935 2127 3015 2181 ὅτι
3048 2124 3135 2181 καὶ
3170 2126 3415 2198 συνεχῶς
3447 2123 3498 2177 οἳ
3523 2121 3738 2175 πάππαι

2091 2215 2532 2289 ἀπηλλάττοντο,
2589 2222 2668 2291 τῷ
2727 2215 2959 2291 Οανᾶτῳ.
3019 2216 3118 2270 Καὶ
3174 2213 3236 2270 τὸ
3284 2216 3390 2268 τῶν
3442 2205 3742 2289 πρεσϐειῶν

2093 2438 2342 2493 fundum
2374 2437 2643 2494 immisso
2694 2440 2937 2509 argento
2986 2435 3135 2491 vivo.
3185 2432 3319 2490 Moli
3372 2447 3608 2505 quoque
3653 2430 3737 2486 illi

2094 2527 2245 2582 muri
2278 2527 2581 2584 circularis
2613 2526 2987 2583 inaedificavit
3016 2524 3257 2581 loricam
3289 2521 3511 2578 idoneis
3544 2519 3743 2577 altitu-

2093 2616 2248 2673 dinis
2281 2618 2351 2672 ad
2385 2633 2562 2673 naves
2591 2617 2752 2673 intus
2786 2616 3008 2689 positas
3057 2613 3367 2685 tegendas;
3416 2615 3541 2666 tum
3588 2610 3739 2666 ostio

2094 2705 2337 2762 claustri
2369 2708 2498 2778 ejus
2531 2711 2797 2763 catenam
2852 2706 3097 2762 ferream
3153 2701 3441 2775 imposuit
3488 2699 3743 2756 exterius

2094 2799 2218 2851 arte
2265 2796 2642 2853 commissam
2695 2795 2964 2851 foramini
3017 2794 3085 2849 ad
3120 2809 3248 2848 eam
3277 2790 3648 2845 inserendam
3682 2788 3741 2842 in

2095 2887 2253 2942 saxis
2284 2887 2335 2941 vi
2364 2892 2584 2944 cavato.
2612 2888 2741 2943 Haec
2770 2889 3230 2941 consecuturum
3263 2897 3325 2936 se
3358 2879 3600 2951 putabat
3631 2876 3742 2932 isto

2096 2976 2489 3043 munimento,
2526 2980 2590 3031 ut
2616 2980 2773 3031 tutas
2804 2992 2836 3029 a
2859 2975 2913 3030 vi
2941 2973 3101 3028 omni
3132 2988 3200 3027 ea
3226 2968 3477 3025 statione
3506 2966 3749 3021 haberet

2096 3081 2298 3134 naves,
2330 3071 2387 3122 et
2420 3070 2483 3121 ut
2510 3064 2625 3121 illae
2656 3065 2792 3121 inde
2825 3064 2979 3119 360
3011 3064 3341 3134 opportuno
3390 3056 3448 3111 in
3498 3054 3745 3111 hostiles

2097 3171 2327 3211 aversas
2376 3157 2613 3227 possent
2660 3169 2965 3225 erumpere
2999 3169 3011 3207 :
3048 3148 3386 3223 providebat
3432 3144 3589 3201 enim
3626 3144 3747 3199 fore

2098 3249 2163 3301 ut
2210 3244 2547 3300 invehentes
2597 3259 2724 3301 sese
2774 3244 2844 3299 ad
2880 3241 3096 3298 ostium
3132 3238 3262 3309 ejus
3293 3238 3497 3309 portus
3530 3233 3744 3289 Latina:

2097 3351 2295 3404 naves,
2330 3334 2611 3406 adituque
2662 3330 2962 3405 prohibita:
3013 3329 3175 3385 obice
3228 3329 3465 3390 catenae,
3516 3322 3596 3379 ibi
3643 3321 3742 3376 diu

2097 3432 2330 3495 propter
2363 3423 2542 3479 maris
2575 3422 2796 3478 ﬂuxum
2829 3419 3144 3476 consistere
3176 3413 3509 3487 nequirent,
3542 3410 3745 3481 sicque

2094 3513 2152 3568 in
2187 3528 2307 3582 eas,
2359 3512 2535 3569 simul
2587 3528 2791 3584 proras
2838 3509 3173 3573 vertissent,
3214 3508 3427 3560 nostra:
3479 3518 3512 3556 a
3557 3498 3743 3572 puppi

2096 3601 2264 3659 facile
2287 3619 2353 3659 ac
2376 3606 2501 3658 tuto
2534 3604 2775 3674 possent
2804 3602 3095 3672 impetum
3129 3599 3335 3652 facere.
3368 3593 3749 3659 Prazoccupa-

2090 3692 2171 3746 vit
2202 3708 2435 3763 quoque
2458 3694 2734 3747 renovato
2769 3689 2981 3745 foedere
3011 3704 3075 3743 ac
3129 3679 3505 3757 praemunivit
3552 3678 3749 3733 Genu-

2092 3799 2265 3838 enses
2297 3782 2632 3839 habitantes
2666 3782 2724 3836 in
2753 3782 2964 3848 Perma,
3001 3794 3072 3833 ne
3104 3774 3325 3831 Latinis
3354 3785 3416 3827 se
3466 3768 3748 3839 adjungc-

2092 3875 2223 3927 rent
2241 3872 2309 3926 ad
2336 3872 2541 3926 urbem
2566 3869 2743 3926 simul
2769 3866 3250 3940 oppugnandam,
3278 3860 3378 3916 sed
3402 3856 3663 3913 volentes
3688 3854 3745 3908 in

2090 3960 2204 4014 fide
2272 3964 2576 4031 pactorum
2647 3961 2974 4031 perstarent
3033 3950 3535 4025 quiescerentque.
3595 3943 3745 4031 Quin

2090 4029 2362 4104 etiam—ad
2388 4029 2673 4119 quantum
2700 4049 2899 4118 posset
2930 4038 3397 4115 praevertendum
3458 4047 3529 4088 ne
3563 4029 3744 4119 libido

2091 4154 2191 4193 eos
2223 4118 2451 4209 caperet
2484 4152 2616 4193 cum
2649 4134 3034 4208 popularibus
3086 4130 3351 4201 ipsorum
3407 4120 3592 4209 Italis,
3644 4118 3743 4209 ubi

2092 4207 2310 4283 armati
2334 4207 2996 4294 advenissent,aliquam
3027 4219 3231 4275 saltem
3264 4207 3745 4272 communicatio-

2091 4332 2225 4373 nem
2242 4316 2715 4388 usurpandi,quo
2731 4307 3274 4384 utiqueimpulsura
3288 4305 3411 4361 erat
3424 4317 3521 4357 eos
3535 4313 3741 4354 neces-

2091 4406 2287 4462 situdo
2318 4404 2670 4477 cognitionis
2703 4408 2759 4459 et
2788 4399 3021 4474 generis
3054 4415 3119 4454 ac
3152 4394 3351 4469 patrias
3383 4388 3739 4477 communis,

2089 4499 2147 4550 et
2178 4474 2547 4567 peculiariter
2576 4494 2894 4549 invitatura
2925 4488 3185 4545 hostium
3220 4485 3293 4541 ab
3346 4480 3490 4553 ipsis
3535 4474 3742 4567 verisi-

304 4597 458 4637 voco
476 4563 1974 4656 n0nillud,quonuperLatiniurbemtementesute-
2011 4563 2054 4627 Π
2088 4563 2308 4639 militer
2353 4585 2469 4639 vim
2499 4582 2636 4640 belli
2668 4584 3205 4653 temperaturorum
3235 4568 3581 4633 moderatio,
3615 4564 3737 4638 pel-

302 4671 715 4742 bantur,quod
729 4676 819 4727 est
839 4689 1017 4745 prope
1034 4674 1455 4730 monasterium
1471 4673 1685 4730 Christi
1720 4672 1983 4728 benefac-

302 4759 595 4828 toris,sed
610 4759 768 4816 aliud
784 4766 960 4833 portas
974 4763 1389 4836 vicinum,quae
1404 4762 1589 4819 abillo
1606 4767 1783 4834 portas
1800 4778 1979 4816 nava-

308 4848 395 4903 lis
410 4863 623 4904 nomen
638 4850 1077 4922 accepit.Causa
1090 4869 1194 4909 cur
1217 4853 1324 4909 hoc
1340 4852 1673 4925 displiceret
1687 4851 1979 4922 erat,quia

308 4941 514 4993 totum
541 4935 687 4993 illud
716 4955 899 4995 cornu
924 4942 1069 4996 mari
1106 4946 1452 5014 praetentum
1486 4941 1597 4997 late
1629 4944 1974 5014 portuosum

310 5029 500 5091 est,et
512 5043 711 5098 parem
726 5031 1201 5087 commoditatem
1217 5032 1295 5087 ibi
1316 5029 1975 5100 standibostilibuijta

309 5117 723 5189 Romanisque
755 5120 1048 5191 prbebat
1077 5123 1465 5179 navibus.Sed
1498 5121 1830 5191 intelligens
1854 5120 1973 5175 fore

304 5204 462 5262 utile
492 5206 775 5265 Romanis
806 5212 1053 5267 navibus
1086 5227 1260 5284 posse
1290 5212 1527 5268 Latinas
1560 5230 1593 5268 a
1622 5215 1780 5279 tergo
1831 5210 1970 5265 ado-

302 5294 418 5351 riri
451 5295 559 5366 (sic
584 5297 742 5354 enim
767 5304 822 5355 et
845 5302 1125 5357 audacius
1148 5307 1513 5375 pugnaturos
1534 5301 1775 5367 viros,et
1799 5300 1971 5354 rebus

300 5385 586 5443 securius
617 5388 952 5445 consultum
985 5390 1546 5461 iri),Contoskelium
1578 5391 1734 5463 quod
1750 5388 1969 5444 Blancas

300 5475 551 5547 adjacet
583 5478 937 5535 resedificare
987 5480 1189 5537 voluit.
1241 5482 1439 5553 Itaque
1487 5482 1680 5537 locum
1729 5478 1973 5535 ambivit

302 5563 799 5638 murolapidibus
813 5568 1970 5641 maximisexstructo,etcomprehensum

301 5669 391 5713 eo
412 5669 558 5727 gyro
590 5670 750 5715 mare
797 5658 1152 5732 profundius
1198 5659 1408 5732 etfacit,
1459 5658 1709 5735 deprimi
1751 5659 1968 5731 jubens

2094 4673 2234 4729 lexit
2265 4673 2569 4730 blanditiis
2617 4671 3032 4740 beneﬁciisque
3058 4664 3385 4739 praecipuos
3427 4672 3625 4715 eorum
3676 4657 3743 4710 ut

2092 4763 2334 4821 clientes
2379 4762 2491 4819 sibi
2537 4766 2593 4818 et
2641 4760 2819 4834 (quod
2854 4774 3056 4816 eorum
3087 4750 3439 4811 vocabulum
3472 4746 3581 4817 est)
3611 4742 3737 4834 ligii

2090 4856 2317 4919 ﬁerent,
2352 4852 2460 4908 hoc
2491 4832 2779 4923 singulari
2812 4850 3083 4921 professa:
3115 4837 3500 4915 subjectionis
3543 4832 3735 4923 ofﬁcio

2088 4945 2158 5000 ad
2210 4943 2384 4997 fidem
2440 4922 2855 4997 inconcussam
2909 4934 3182 4993 devincti.
3236 4933 3398 4987 Inter
3428 4928 3547 4983 haec
3578 4922 3736 4980 varie

2086 5031 2441 5105 providenda
2472 5030 2847 5102 parandaque
2879 5043 2993 5083 non
3046 5022 3316 5081 cessabat
3365 5016 3543 5105 variis
3594 5012 3733 5068 sub-

2085 5104 2222 5177 inde
2258 5119 2568 5176 missitatis
2612 5119 2700 5175 via
2731 5116 3029 5174 maritima
3058 5114 3275 5169 instare
3307 5106 3461 5181 apud
3495 5104 3730 5173 Papam,

2086 5212 2348 5282 urgendo
2381 5210 2534 5281 quod
2569 5212 2857 5280 coeperat;
2900 5210 2956 5261 et
3006 5203 3144 5276 quia
3192 5194 3569 5268 contingebat
3590 5191 3733 5288 afre-

2085 5280 2287 5371 quenti
2337 5280 2681 5369 pontificum
2724 5301 2908 5352 morte
2939 5294 3085 5350 alios
3116 5308 3183 5347 ex
3211 5289 3341 5345 aliis
3372 5298 3553 5375 papas
3584 5280 3732 5375 fieri,

2084 5366 2150 5444 lit
2173 5366 2463 5460 quemque
2496 5388 2565 5443 de
2598 5404 2746 5443 novo
2777 5388 3037 5441 creatum
3072 5380 3330 5443 noverat,
3356 5371 3553 5460 statim
3582 5366 3731 5460 deli-

2083 5454 2496 5548 niendam-per
2525 5493 2667 5532 suos
2695 5475 2923 5546 sibique
2954 5465 3024 5527 ut
3049 5469 3271 5542 poterat
3300 5454 3727 5554 conciliandum

2082 5546 2416 5622 curabat.ln
2432 5565 2839 5637 capitebarum
2854 5560 3113 5619 omnium
3127 5571 3260 5613 cum
3275 5566 3421 5625 papa
3435 5546 3730 5644 tractatio-

2084 5672 2227 5713 num
2261 5654 2588 5728 poncbatur
2618 5652 2883 5725 speciosa
2912 5648 3033 5705 illic
3063 5646 3116 5704 ei
3147 5647 3342 5715 optata
3369 5653 3480 5707 res,
3530 5647 3723 5691 conci-
