3912 6192
331 265 440 320 819

1639 264 1940 321 GEORGII
1977 265 2437 320 PACHYMBBE
3570 265 3650 322 8'21)

328 387 624 466 κεφάλαιον
678 388 713 454 ἡ
744 388 852 439 τῶν
895 381 1239 454 Ἐκκλησιῶν
1267 380 1468 446 ’ένωσις
1499 383 1587 439 καὶ
1617 387 1714 440 τοῦ
1738 386 1976 440 παλαιοῦ
2007 391 2062 458 Α
2087 385 2352 442 τοιούτων
2407 386 2696 462 εἰρηνικῶν
2751 383 2998 440 σπονδῶν
3041 384 3106 440 τὸ
3155 381 3426 440 σκάνδαλον
3462 386 3654 456 λύεσθαι,

334 473 637 532 σκανδάλου
689 473 1000 548 ἀναίρεσις.
1077 473 1387 550 Συγκρίνων
1460 473 1562 549 γὰρ
1628 475 1690 528 τὸ
1744 474 1830 528 ἐπὶ
1877 477 1974 528 τοῦ

334 565 508 621 Δούκα
537 563 790 618 Ἰωάννου
851 560 1152 625 συδοδικῶς
1207 563 1427 639 γεγονὸς
1475 566 1602 640 παρ’
1659 562 1833 619 αἰτίαν
1879 568 1978 618 τοῦ

333 646 688 705 ἀποστέλλειν
719 647 914 703 ἐκεῖθεν
963 651 1052 704 καὶ
1103 657 1416 726 συμμαχεῖν
1457 657 1572 712 τοῖς
1623 650 1674 706 έν
1701 655 1770 725 τῇ
1818 649 1978 705 πόλει

331 737 692 813 ἀποσχέσθαι,
742 739 816 800 ὡς
877 739 1111 812 έτοίμων
1141 745 1248 795 τῶν
1306 739 1586 815 ἡμετέρων
1637 735 1804 795 ὄντων
1865 738 1981 794 λει-

330 832 577 902 τουργεῖν
627 827 798 883 ἐκεῖσε
853 829 944 883 καὶ
1003 827 1365 902 μνημονεῦειν
1421 834 1522 884 τοῦ
1577 831 1773 884 πάππα
1817 832 1986 884 ταῦτα

338 918 789 991 ὑποσχνουμένου
821 918 931 992 (καὶ
981 917 1382 975 ἀπεστέλλοντο
1414 917 1443 974 ὅ
1479 940 1538 974 τε
1569 916 1818 996 Σάρδεων
1867 923 1986 975 Ἀν-

339 1004 590 1082 δρονικος
642 1008 733 1062 καὶ
782 1009 809 1062 ὁ
856 1007 1085 1077 Κυζίκου
1138 1009 1426 1084 Γεώργιος,
1475 1008 1564 1063 καὶ
1611 1011 1740 1083 τάχ’
1782 1007 1842 1062 ’ἀν
1872 1007 1989 1084 ἐγε-

340 1098 530 1172 γόνει,
591 1096 642 1152 οἶ
709 1097 903 1153 ἐκεῖνοι
964 1097 1346 1175 κατεδέχοντο)
1399 1132 1468 1142 —
1540 1100 1836 1174 συγκρίνων
1899 1097 1988 1152 οὖν

341 1186 515 1243 έκεῖνο
564 1189 699 1264 πρὸς
756 1193 942 1259 τοῦτο,
996 1190 1084 1244 καὶ
1146 1191 1678 1265 ἀναγκαστικώτερον
1732 1188 1989 1263 εὑρίσκων

341 1278 404 1333 τὸ
434 1283 524 1333 νῦν
548 1277 582 1347 ἢ
609 1279 671 1333 τὸ
720 1280 1010 1354 πρότερον,
1043 1281 1154 1351 ὅσῳ
1184 1281 1310 1335 τότε
1344 1282 1437 1353 μὲν
1470 1275 1801 1356 προσλαϐεῖν
1834 1277 1998 1349 ἠπεί-

343 1389 506 1442 γοντο
538 1367 600 1421 τὸ
633 1368 708 1439 μή
736 1370 862 1444 παρ’
912 1370 1101 1432 αὐτοῖς
1135 1369 1215 1437 ὃν,
1269 1374 1356 1424 νῦν
1421 1367 1467 1424 δ’
1515 1365 1814 1424 ἀποϐαλεῖν
1847 1369 1912 1423 τὰ
1941 1368 1993 1422 ἐν

352 1460 512 1532 χερσὶ
568 1455 937 1514 κινδυνεύουσι
972 1503 986 1527 ,
1045 1460 1115 1514 τὰ
1181 1460 1317 1515 αὐτά
1368 1459 1652 1534 προῦτεινε
1705 1459 1793 1515 καὶ
1855 1459 1997 1514 οὕτω

346 1548 465 1606 τοῖς
497 1542 690 1600 πάλαι.
724 1544 883 1616 Μηδέ
904 1547 1006 1622 γὰρ
1031 1544 1218 1608 ἄλλως
1253 1545 1401 1622 ἔχειν
1429 1548 1632 1602 πείθειν
1663 1548 1754 1602 τὸν
1777 1547 1996 1601 πάππαν

358 1634 696 1710 ὑπερμαχεῖν
754 1634 861 1688 τῶν
920 1641 1189 1710 Γραικῶν,
1241 1635 1291 1690 εί
1351 1637 1426 1708 μὴ
1481 1641 1647 1691 ταῦτα
1701 1635 1853 1710 λέγοι
1911 1636 2001 1690 καὶ

2093 473 2183 530 διὰ
2226 473 2282 530 δὲ
2335 482 2436 545 τῆς
2481 480 2579 530 τοῦ
2637 472 2941 531 σκανδάλου
2999 473 3204 537 λύσεως
3248 473 3558 550 ἐπισχεθῆναι
3600 484 3662 550 τῷ

2093 563 2369 639 Καρούλῳ
2397 566 2491 620 τὸν
2522 564 2742 633 στόλον,
2776 561 2865 618 διὰ
2894 561 2950 618 δί
2977 567 3075 618 τοῦ
3106 563 3265 619 πάλιν
3295 563 3520 641 ἀσφαλῶς
3561 567 3662 628 τοὺς

2095 655 2404 725 Ῥωμαίους
2450 651 2597 730 ἔχειν
2628 653 2717 708 καὶ
2753 655 2828 726 μή
2880 653 3011 728 χθὲς
3060 652 3148 706 καὶ
3193 651 3293 723 πρὸ
3338 652 3506 726 τρίτης
3544 653 3666 730 μόγις

2101 741 2310 805 ἰδόντας
2365 744 2464 812 τήν
2529 740 2765 818 πατρίδα
2819 741 2909 796 καὶ
2963 739 3239 816 δυσχερῶς
3299 741 3667 804 ὶπανασωθέντας

2099 833 2262 888 πάλιν
2297 831 2526 909 ἀφέντας
2581 831 3040 906 ἐπανακάμπτειν,
3099 832 3231 906 πρὸς
3285 833 3358 902 τῷ
3401 829 3479 884 καὶ
3523 827 3668 891 ἄλλως

2102 921 2327 999 ἐξῆφθαι
2401 928 2520 984 τοῖς
2568 922 2816 983 πλείτοις
2862 917 3132 976 κίνδυνον.
3187 921 3358 975 Ταῦτα
3410 915 3674 989 διανοούμε-

2101 1032 2190 1073 νος
2243 1010 2418 1073 πολὺς
2479 1012 2545 1080 ἦν
2595 1011 2686 1066 καὶ
2735 1009 3084 1085 πατριάρχην
3137 1007 3328 1063 πείθων
3369 1005 3453 1060 καὶ
3481 1003 3673 1062 σύνοδον.

2103 1101 2172 1157 Οἱ
2205 1098 2249 1155 δ’
2282 1099 2692 1179 ἀφωσιωμένως
2739 1099 2882 1153 οὕτω
2938 1097 3033 1152 καὶ
3081 1093 3405 1157 ἐπιπολαίως
3443 1094 3677 1154 ἀκούοντες

2103 1194 2308 1266 πτερῷ,
2351 1190 2412 1244 τὸ
2468 1193 2565 1244 τοῦ
2619 1186 2815 1263 λόγου,
2871 1188 2938 1242 τά
2991 1187 3103 1241 ὦτα
3131 1186 3415 1258 κνωμένοις
3470 1182 3675 1254 ἐῴκεσαν.

2105 1279 2182 1337 Οὐ
2237 1280 2340 1354 γάρ
2397 1279 2464 1347 ἦν
2523 1277 2710 1332 αὐτοῖς
2749 1277 3063 1346 ἀντιστῆναι
3089 1274 3154 1328 τὸ
3181 1278 3386 1349 πρῶτον
3415 1271 3496 1326 καὶ
3523 1270 3680 1325 aneli-

2106 1389 2217 1444 γειν
2261 1367 2472 1434 τέλεον,
2504 1365 2650 1423 ἀλλὰ
2702 1365 2878 1439 μένειν
2909 1366 2998 1420 καὶ
3043 1365 3195 1426 αὖθις
3226 1363 3275 1418 έν
3321 1365 3384 1435 τῇ
3428 1360 3566 1435 κυρίᾳ
3604 1359 3679 1425 τὴν

2111 1453 2435 1526 Ἐκκλησίαν
2481 1454 2807 1530 ἡγούμενοι.
2860 1457 2940 1525 [Ρ.
2972 1455 3100 1526 250]
3142 1452 3320 1513 καθὼς
3365 1447 3449 1504 καὶ
3494 1448 3682 1523 ἀρχῆθεν

2110 1547 2247 1620 εἶχε,
2303 1545 2394 1599 καὶ
2457 1545 2533 1617 μή
2590 1545 2736 1619 παρά
2791 1541 3055 1613 καπήλων
3114 1537 3429 1596 κινδυνεύειν
3464 1535 3686 1610 κρίνεσθαι

2113 1635 2204 1689 καὶ
2233 1631 2538 1709 βαναύσων,
2591 1637 2807 1707 πρῶτον
2870 1633 2965 1704 μὲν
3021 1629 3120 1685 οὐκ
3167 1627 3314 1704 εἶχον
3368 1626 3437 1688 εἷς
3475 1629 3583 1679 νοῦν
3619 1620 3687 1676 οὗ·

353 1722 604 1798 πράττοιο
670 1726 997 1796 προσίστατο
1045 1724 1146 1799 γὰρ
1194 1725 1256 1778 τὸ
1288 1721 1609 1793 σκάνδαλον,
1665 1725 1756 1780 καὶ
1783 1726 1846 1779 τὸ
1877 1724 2003 1779 λευ-
2032 1753 2078 1818 Β
2113 1727 2222 1786 τῶς
2278 1720 2327 1776 ἐν
2396 1721 2586 1796 ἀκαρεῖ
2641 1719 2964 1789 τελεσθῆναι
3019 1719 3082 1773 τὸ
3147 1717 3292 1792 παρά
3337 1719 3428 1769 τοῦ
3473 1711 3690 1788 βασιλέως

426 1809 435 1818 .
533 1812 544 1818 -
812 1811 822 1818 .
947 1812 970 1818 _
1308 1813 1317 1818 .
1526 1815 1537 1818 _
1597 1812 1610 1818 -
1691 1813 1700 1818 .
2248 1809 2258 1818 .
2523 1807 2639 1818 η..
2713 1809 2726 1818 .
2876 1808 2887 1818 .
2999 1806 3100 1818 η.
3403 1804 3412 1818 .
3572 1800 3595 1818 ι,

353 1809 483 1872 κους
533 1811 871 1886 Ἀγαρηνοὺς
921 1812 1054 1868 εἶναι
1105 1813 1366 1888 Γραικοὺς
1411 1815 1538 1888 παρ’
1595 1812 1817 1874 ἐκείνοις
1882 1818 2002 1886 μεῖ-

355 1904 445 1969 ζον
495 1895 690 1976 ᾔρετο.
741 1903 894 1956 Ταῦτ’
953 1903 1056 1977 ἄρα
1109 1903 1198 1958 καὶ
1258 1903 1532 1976 ᾠκονόμει
1594 1901 1684 1958 διὰ
1743 1902 1836 1974 μὲν
1895 1907 2001 1956 τῶν

343 2116 508 2175 liatio
538 2119 929 2175 Ecclesiarum
962 2124 1020 2176 et
1049 2121 1277 2193 antiqui
1310 2120 1570 2178 scandali
1632 2120 1871 2176 amotio.
1906 2120 1992 2174 Ad

342 2205 454 2262 hoc
482 2206 581 2262 ille
613 2209 696 2263 sic
720 2209 1013 2281 agendum
1043 2210 1386 2266 movebatur
1411 2208 1673 2280 exemplo
1697 2227 1724 2265 e
1747 2208 1993 2266 Joannis

345 2300 512 2352 Ducis
563 2297 898 2370 principatu
950 2299 1216 2370 repetito.
1273 2299 1560 2355 Memoria
1609 2299 1826 2371 quippe
1875 2314 1992 2353 non

343 2383 427 2440 ita
464 2388 632 2441 vetus
667 2387 956 2455 exstabat,
986 2386 1208 2443 Joanne
1240 2387 1398 2444 Duca
1426 2388 1756 2460 imperante
1783 2387 1994 2459 synodi

344 2489 635 2530 consensu
671 2475 961 2531 decretam
995 2477 1359 2548 missumque
1389 2477 1739 2549 legationem
1772 2479 1844 2533 ad
1887 2494 1992 2548 pa-

345 2578 505 2634 pam,
539 2579 657 2634 qua
687 2563 874 2618 nostri
917 2565 1345 2635 proﬁtebantur
1397 2571 1698 2638 separatos
1747 2565 1992 2637 obsequi

345 2650 606 2722 pontiﬁci
639 2651 901 2708 Romano
933 2654 1181 2726 ejusque
1220 2653 1280 2709 in
1331 2671 1496 2710 sacra
1543 2653 1778 2724 liturgia
1827 2670 1991 2721 men-

345 2738 562 2794 tionem
609 2739 720 2795 rite
771 2740 982 2812 facere,
1031 2742 1080 2796 si
1130 2742 1179 2798 is
1230 2743 1567 2799 societatem
1619 2744 1995 2814 abrumperet

346 2844 481 2883 cum
498 2827 717 2884 Latinis
739 2829 945 2886 urbem
969 2831 1537 2905 ConstantinOpolim
1559 2831 1914 2902 tenentibus,
1938 2836 1995 2887 et

345 2933 407 2972 se
437 2916 555 2974 illis
585 2918 803 2974 auxilia
834 2937 950 2976 non
985 2919 1310 2978 missurum
1343 2921 1731 2995 polliceretur.
1788 2925 1866 2976 Ea
1913 2919 1992 2974 le-

345 3005 580 3079 gatione
625 3008 806 3064 functi
849 3015 988 3066 sunt
1037 3011 1294 3084 episcopi
1326 3013 1462 3079 duo,
1499 3011 1649 3068 861
1683 3009 1993 3066 Sardensis

343 3097 713 3156 Andronicus
756 3109 809 3157 et
858 3101 1176 3174 Cyzicenus
1225 3103 1526 3176 Georgius.
1580 3103 1994 3173 Fecissentque

346 3187 530 3243 nostri
555 3189 711 3260 quod
745 3191 1090 3258 offerebant,
1122 3191 1173 3248 si
1200 3192 1285 3248 illi
1320 3193 1677 3266 propositam
1711 3193 1996 3248 conditio-

345 3291 480 3331 nem
545 3282 855 3350 acceptare
914 3280 1254 3336 voluissent.
1316 3281 1379 3336 In
1440 3281 1549 3337 hac
1606 3281 2006 3337 recordatione

347 3363 596 3420 celebris
639 3366 774 3420 facti
797 3382 1146 3438 comparans
1168 3368 1489 3440 imperator
1517 3370 1690 3425 ambo
1718 3375 2002 3440 tempora,

349 3451 681 3522 reperiebat
712 3454 902 3526 magis
933 3473 1090 3512 nunc
1140 3457 1536 3514 necessarium
1582 3458 1639 3513 id
1689 3458 2001 3514 consilium

348 3538 555 3608 videri,
587 3541 883 3612 siquidem
912 3548 1072 3611 tunc,
1097 3544 1214 3601 ista
1244 3547 1496 3616 majores
1525 3547 1709 3602 nostri
1742 3547 2000 3619 pacisce-

351 3627 573 3684 bantur
601 3631 673 3685 ad
705 3635 1168 3704 recuperandum
1201 3636 1355 3706 quod
1391 3652 1502 3692 non
1534 3636 1848 3692 tenebant:
1875 3652 1997 3691 mo-

353 3716 428 3772 do
460 3722 654 3776 autem
687 3720 780 3793 agi
812 3722 884 3777 de
916 3739 1031 3778 non
1062 3723 1384 3780 amittendo
1411 3725 1564 3796 quod
1597 3725 1655 3780 in
1688 3743 1866 3782 manu
1906 3742 2000 3781 es-

354 3811 465 3864 set.
514 3807 672 3866 Solet
730 3815 926 3868 autem
988 3813 1182 3885 majus
1236 3814 1430 3886 putari
1487 3814 1708 3871 malum
1758 3815 1998 3887 perdere

351 3897 507 3969 quod
533 3897 860 3970 possideas,
896 3918 1073 3973 quam
1097 3920 1211 3960 non
1245 3903 1548 3976 acquirere
1577 3905 1731 3976 quod
1769 3903 1871 3960 tibi
1900 3905 1997 3959 de-

346 3985 536 4043 bitum
572 3987 890 4048 existimes.
925 3991 980 4046 Si
1013 4008 1150 4065 ergo
1182 4005 1334 4050 recte
1383 4011 1448 4050 ac
1491 3995 1810 4066 prudenter
1857 4000 1995 4049 tunc

347 4075 534 4134 nostri
568 4095 672 4150 pro
705 4096 810 4152 spe
835 4083 1220 4152 recuperandi
1256 4083 1458 4139 urbem
1489 4083 1627 4140 talia
1659 4084 1995 4156 promittere

344 4170 687 4236 potuerunt,
720 4169 928 4238 quidni
953 4186 1060 4226 nos
1091 4172 1323 4227 easdem
1355 4172 1481 4228 sine
1513 4172 1680 4243 justa
1706 4173 1994 4242 vitupera~

344 4251 505 4308 tione
538 4254 914 4324 paciscamur
941 4257 1000 4312 in
1028 4260 1299 4329 praesenti
1329 4267 1490 4316 metu
1523 4261 1787 4332 ejusdem
1830 4260 1993 4316 urbis

347 4340 717 4411 amittendae;
771 4343 940 4414 cujus
988 4362 1196 4418 nempe
1237 4347 1532 4418 jacturam
1592 4347 1770 4403 vitare
1825 4346 1994 4402 aliter

346 4443 466 4483 non
499 4431 850 4501 possumus?
881 4433 1253 4490 Manifestum
1287 4441 1480 4492 autem
1515 4453 1643 4492 esse
1675 4455 1788 4492 non
1821 4453 1992 4508 posse

2109 1809 2454 1884 κινούμενον,
2511 1807 2639 1866 ἀλλ’
2697 1809 2771 1870 ὡς
2801 1808 2891 1863 καὶ
2923 1806 3196 1868 πολλάκις
3235 1804 3542 1875 κινησάντων
3572 1800 3693 1876 βασι-

2113 1899 2251 1957 λέων
2306 1897 2493 1955 ἅλλων
2542 1898 2608 1954 τά
2670 1898 2790 1974 περὶ
2841 1895 3046 1952 τούτων
3097 1895 3498 1964 ἀνακυπτουσῷν
3540 1889 3689 1944 αἰτιῶν

2101 2117 2539 2175 conditionibus
2597 2115 2939 2172 memoratis
2998 2112 3349 2186 paciscenda
3405 2126 3419 2166 :
3466 2102 3692 2163 seandalo

2101 2224 2272 2280 porro
2333 2210 2546 2273 amoto,
2603 2220 2852 2276 pronum
2912 2202 3125 2258 deinde
3175 2203 3406 2271 speratu
3452 2198 3562 2252 erat
3599 2207 3690 2280 non

2101 2279 2251 2369 aagre
2280 2295 2725 2366 impetrandum
2755 2298 2819 2349 ut
2867 2291 3156 2364 expeditio
3207 2287 3493 2345 maritima
3533 2279 3700 2348 Caroli,

2101 2403 2228 2458 quas
2252 2384 2573 2457 praesertim
2599 2383 2934 2449 timebatur,
2955 2381 3091 2436 inde
3116 2373 3621 2452 impediretur.0ua
3644 2385 3694 2423 ex

2101 2491 2162 2531 re
2180 2474 2458 2531 Romanis
2477 2489 2735 2545 praesens
2754 2467 3340 2542 idemquequantivis
3350 2463 3505 2538 pretii
3518 2462 3698 2517 fructus

2102 2563 2430 2630 exsisteret,
2465 2578 2674 2634 nempe
2706 2567 2770 2616 ut
2800 2560 3184 2615 ﬁrmarentur
3209 2557 3268 2612 in
3298 2571 3492 2612 secura
3518 2563 3700 2623 posses-

2103 2652 2266 2707 sione
2298 2668 2485 2724 nuper
2529 2655 2692 2706 tanto
2743 2648 2836 2704 vix
2883 2647 3082 2704 labore
3129 2648 3473 2718 recuperata
3518 2636 3696 2712 patrie,

2102 2757 2215 2796 neu
2266 2744 2633 2812 cogerentur,
2685 2738 2842 2810 quod
2893 2735 3298 2792 miserrimum
3333 2733 3578 2801 idemque
3605 2741 3695 2781 non

2100 2829 2336 2885 vitabile
2368 2829 2534 2886 aliter
2564 2833 2739 2898 esset,
2771 2843 2949 2899 quam
2983 2826 3056 2881 ab
3089 2824 3219 2880 heri
3249 2826 3350 2878 aut
3379 2813 3572 2876 nudius
3607 2814 3697 2870 fere

2101 2919 2311 2973 tertius
2345 2919 2594 2974 revisere
2625 2914 2941 2989 cmpissent
2959 2931 3030 2970 ex
3050 2917 3171 2969 tam
3198 2912 3487 2968 diuturam
3507 2911 3699 2974 tamque

2106 3007 2236 3062 dira
2283 3007 2566 3064 servitute
2614 3022 2849 3062 summa
2891 3003 2949 3058 vi
2999 3007 3295 3074 receptam
3347 2994 3699 3054 dulcissimam

2110 3095 2382 3169 patriam,
2416 3095 2743 3168 relinquere
2773 3094 2986 3150 iterum
3018 3096 3075 3148 et
3105 3091 3167 3146 in
3204 3088 3513 3160 longinqua
3540 3080 3703 3139 exsilia

2109 3187 2317 3242 redire.
2351 3185 2514 3242 Talia
2550 3185 2865 3257 imperator
2911 3181 3148 3238 assidue
3204 3195 3402 3236 secum
3448 3175 3702 3246 reputans,

2109 3281 2166 3332 et
2187 3277 2341 3348 apud
2368 3274 2687 3330 familiares
2710 3274 3008 3329 disserens
3030 3287 3163 3326 cum
3191 3267 3469 3326 continua
3488 3259 3710 3318 inculca-

2106 3367 2265 3422 tione
2293 3365 2537 3438 periculi
2568 3363 2811 3422 extremi
2841 3379 3004 3436 asque
3032 3361 3191 3418 368
3241 3357 3465 3416 cunctis
3508 3354 3702 3425 impen-

2105 3456 2317 3525 dentis,
2370 3457 2541 3524 cujus
2587 3454 2708 3510 haec
2741 3471 2856 3509 una
2888 3448 3276 3525 prevertendi
3305 3449 3591 3504 offerretur
3615 3439 3707 3502 via.

2107 3544 2330 3601 multus
2361 3545 2501 3601 item
2530 3549 2655 3601 erat
2680 3544 2735 3599 in
2765 3541 3069 3599 suadendo
3099 3540 3220 3596 ista
3254 3545 3376 3594 tum
3409 3527 3703 3608 patriarcha

2107 3637 2227 3689 tum
2263 3635 2506 3707 synodo.
2536 3633 2628 3690 Illi
2661 3636 2860 3688 autem
2891 3631 3003 3686 etsi
3034 3628 3227 3685 obiter
3274 3626 3396 3682 hinc
3445 3621 3619 3696 potius
3658 3632 3707 3670 ac

2104 3724 2500 3794 perfunctorie
2521 3739 2699 3794 quam
2725 3721 2978 3776 libenter
2999 3717 3452 3787 audiebant,per
3471 3728 3528 3768 se
3545 3714 3705 3802 tamen

2102 3817 2243 3869 tunc
2264 3813 2527 3869 tulerunt
2547 3817 2775 3885 gratam
2799 3826 2928 3866 eam
2953 3808 3063 3865 sibi
3079 3807 3523 3879 jucundamque
3543 3796 3707 3854 inferri

2103 3903 2483 3970 mentionem,
2528 3901 2682 3958 velut
2727 3917 2794 3956 ea
2841 3899 3103 3971 ipsorum
3158 3893 3581 3982 demulceretur
3621 3899 3704 3982 au-

2103 4008 2230 4061 res;
2262 3992 2417 4063 quod
2443 3989 2584 4046 falso
2608 3988 3023 4053 simulabatur,
3057 3984 3234 4057 longe
3266 3983 3340 4039 ab
3371 3975 3586 4037 arcanis
3612 3973 3706 4029 dis-

2103 4097 2348 4152 crepans
2378 4081 2672 4136 sensibus.
2706 4081 2922 4134 Verum
2956 4075 3076 4130 illis
3110 4078 3175 4129 ut
3205 4089 3324 4129 non
3356 4067 3603 4142 placebat
3629 4076 3710 4152 nc-

2100 4151 2436 4240 gotium,ita
2467 4185 2569 4224 nec
2601 4167 2950 4239 suppetebat
2979 4180 3244 4237 praesens
3273 4159 3506 4217 animus
3536 4152 3598 4210 ad
3627 4151 3708 4240 ob-

2101 4239 2378 4314 standum
2413 4274 2604 4314 coram
2639 4256 2694 4311 in
2731 4273 2795 4312 os
2826 4253 3074 4327 principi
3109 4257 3321 4307 contra
3351 4239 3710 4310 nitenti,cujus

2099 4347 2288 4419 gratia
2309 4353 2364 4402 et
2384 4346 2737 4404 verecundia
2757 4343 3005 4400 obnoxie
3031 4337 3340 4398 constricti
3367 4332 3708 4406 acquiescan-

2100 4437 2247 4491 tium
2287 4436 2542 4508 speciem
2592 4434 2949 4508 praebebant.
2993 4431 3311 4500 Utcunque
3359 4425 3476 4482 illis
3521 4422 3710 4476 certum

345 4515 470 4572 ulla
501 4517 724 4576 ratione
754 4523 846 4594 agi
881 4539 1014 4578 cum
1047 4541 1196 4596 papa
1226 4542 1329 4597 spe
1379 4525 1696 4581 inducendi
1743 4542 1877 4580 eum
1921 4525 1991 4580 ad
2025 4508 2069 4574 D
2105 4531 2229 4581 erat
2258 4529 2518 4598 perstare
2562 4525 2837 4594 deinceps
2868 4535 3102 4593 quoque
3127 4518 3185 4574 in
3212 4514 3396 4573 semel
3427 4511 3575 4598 adita
3600 4519 3709 4598 90³·

344 4603 659 4664 favendum
691 4608 928 4680 Graecis,
955 4612 1068 4668 nisi
1097 4614 1287 4685 prima
1316 4613 1376 4669 in
1408 4616 1596 4671 fronte
1627 4614 1988 4671 tractationis

342 4693 552 4751 talium
586 4713 782 4754 rerum
816 4701 1132 4771 promissio
1164 4710 1321 4760 certa
1351 4704 1695 4761 collocetur:
1725 4704 1986 4777 quandiu

342 4783 499 4841 enim
533 4786 866 4845 conciliatio
898 4789 1287 4848 Ecclesiarum
1321 4810 1433 4850 non
1465 4794 1816 4866 ostenditur,
1858 4811 1985 4866 per-

344 4877 462 4930 stat
487 4876 834 4933 scandalum
867 4883 1057 4949 vetus,
1091 4886 1149 4937 et
1178 4882 1579 4940 conventionis
1608 4885 1801 4940 omnis
1832 4884 1985 4939 viam

343 4964 595 5020 obstruit
613 4964 766 5039 lapis
787 4967 1022 5040 quidam
1049 4970 1302 5042 antiqua:
1333 4973 1985 5043 oll‘ensionis,invetera-

341 5055 518 5124 taque
535 5054 756 5112 Latinis
771 5059 1135 5115 consuetudo
1149 5059 1376 5117 Graecos
1392 5061 1763 5118 existimandi
1776 5079 1985 5118 vocan-

343 5141 522 5215 dique
553 5145 906 5202 Sarracenos
941 5146 1107 5217 alios;
1139 5149 1236 5220 qui
1270 5165 1479 5206 sensus
1511 5152 1701 5222 quoad
1736 5151 1792 5206 in
1825 5151 1985 5221 ipso-

343 5247 473 5287 rum
489 5232 740 5306 viguerit
760 5233 1226 5305 animis,l'rustra
1247 5244 1514 5311 speretur
1528 5239 1705 5294 ullam
1724 5255 1984 5310 unquam

343 5335 754 5394 processuram
785 5325 1048 5397 cujusvis
1077 5342 1212 5382 cum
1245 5327 1317 5384 iis
1349 5328 1667 5385 concordiae
1718 5327 1984 5384 ineundae

345 5412 853 5482 rationem.Quare
885 5431 993 5472 suo
1025 5418 1282 5473 serviens
1305 5418 1552 5491 tempori
1575 5417 1814 5475 omnino
1845 5432 1985 5472 con-

346 5500 542 5560 stituit
572 5503 680 5561 hoc
707 5508 1062 5562 aeternorum
1109 5505 1489 5565 dissidiorum
1539 5525 1738 5566 semen
1790 5514 1842 5562 et
1887 5523 1984 5560 ne-

347 5593 613 5650 cessariis
644 5592 1069 5653 conciliationis
1101 5595 1340 5655 unicum
1363 5599 1587 5657 obicem
1618 5598 1986 5668 tollere,pace

2097 4596 2360 4670 sessione
2383 4612 2746 4670 auctoritatis
2769 4608 3244 4683 independentis,
3277 4622 3393 4675 qua
3413 4596 3710 4683 Ecclesiatn,

2097 4707 2163 4758 ut
2193 4703 2378 4776 prius,
2408 4704 2480 4760 ab
2513 4701 2671 4759 omni
2700 4681 3032 4758 absolutam
3064 4695 3243 4753 alieni
3273 4693 3554 4768 primatus
3592 4681 3710 4738 sub-

2089 4793 2345 4864 jectione
2373 4809 2437 4850 se
2467 4793 2644 4848 fixum
2678 4790 2977 4846 habebant
3007 4785 3288 4852 tuituros,
3313 4799 3384 4838 ne
3414 4783 3710 4849 cauponum

2096 4881 2400 4939 illiberalis
2460 4881 2635 4938 sortis
2693 4879 3194 4936 bomuncionum.
3226 4870 3441 4943 subjici
3483 4873 3711 4934 unqnam

2096 4971 2226 5043 ipso
2278 4972 2454 5046 (quod
2517 4967 3036 5038 abominabantur)
3079 4963 3312 5036 judicio
3362 4949 3712 5046 contingeret.

2097 5036 2483 5117 liissimiilare
2515 5064 2710 5117 autem
2741 5058 2800 5113 in
2833 5057 2966 5113 istis
2998 5036 3186 5110 initiis
3219 5055 3348 5108 tuto
3381 5064 3442 5104 se
3463 5036 3714 5118 putarunt

2097 5166 2290 5221 posse,
2334 5150 2594 5222 primum
2647 5147 2787 5221 quia
2835 5159 3138 5218 nunquam
3185 5140 3335 5213 ipsis
3386 5136 3443 5192 in
3492 5129 3715 5189 mentem

2097 5239 2256 5293 venit
2279 5256 2393 5294 uno
2417 5237 2501 5294 sic
2525 5240 2821 5294 momento
2844 5229 3378 5290 consummandam
3404 5238 3541 5290 rem,
3565 5225 3711 5287 quam

2095 5343 2324 5384 movere
2382 5326 2701 5401 incipiebat
2756 5324 3094 5396 imperator,
3153 5333 3359 5374 verum
3399 5312 3708 5408 eventurum

2097 5432 2253 5472 nunc
2279 5398 2524 5488 quoque
2542 5415 2914 5473 confidebant
2942 5411 3098 5484 quod
3123 5425 3280 5480 saepe
3311 5403 3442 5461 aliis
3468 5398 3601 5456 alia!
3623 5398 3711 5488 im:

2097 5478 2464 5577 peratoribus
2495 5506 2650 5563 idem
2704 5478 3001 5577 aggressis
3042 5515 3153 5557 usu
3173 5478 3633 5588 veneratmempo

2097 5570 2527 5654 disturbaretur
2554 5613 2660 5668 per
2685 5570 2814 5652 sese
2843 5588 3164 5664 negotium,
3195 5589 3408 5660 sponte
3453 5575 3614 5641 natis,
3655 5570 3708 5622 ιιι
