  <div class='ocr_page' id='page_1' title='image "/cluster/home/n/w/nwhite01/storage/ocr_20150623/143/hvd.32044073502585/416.png"; bbox 0 0 3912 6192; ppageno 0'>
   <div class='ocr_carea' id='block_1_1' title="bbox 226 237 3597 295">
    <p class='ocr_par' dir='ltr' id='par_1_1' title="bbox 226 237 3597 295">
     <span class='ocr_line' id='line_1_1' title="bbox 226 237 3597 295; baseline 0 -2"><span class='ocrx_word' id='word_1_1' title='bbox 226 239 310 293; x_wconf 72' lang='grc'><strong>821</strong></span> <span class='ocrx_word' id='word_1_2' title='bbox 1266 241 1361 291; x_wconf 83' lang='lat' dir='ltr'><strong>DE</strong></span> <span class='ocrx_word' id='word_1_3' title='bbox 1399 237 1772 294; x_wconf 80' lang='lat' dir='ltr'><strong>MICHAELE</strong></span> <span class='ocrx_word' id='word_1_4' title='bbox 1812 238 2256 295; x_wconf 66' lang='lat' dir='ltr'><strong>PALIEOLOGO</strong></span> <span class='ocrx_word' id='word_1_5' title='bbox 2290 238 2425 291; x_wconf 84' lang='lat' dir='ltr'><strong>LIB.</strong></span> <span class='ocrx_word' id='word_1_6' title='bbox 2466 241 2534 292; x_wconf 83' lang='lat' dir='ltr'><strong>V.</strong></span> <span class='ocrx_word' id='word_1_7' title='bbox 3488 239 3597 294; x_wconf 84' lang='lat'><strong>822</strong></span> 
     </span>
    </p>
   </div>
   <div class='ocr_carea' id='block_1_2' title="bbox 226 353 3590 439">
    <p class='ocr_par' dir='ltr' id='par_1_2' title="bbox 226 353 3590 439">
     <span class='ocr_line' id='line_1_2' title="bbox 226 353 3590 439; baseline 0.001 -23"><span class='ocrx_word' id='word_1_8' title='bbox 226 358 488 427; x_wconf 69' lang='grc' dir='ltr'>ἐκωλύετο,</span> <span class='ocrx_word' id='word_1_9' title='bbox 540 357 675 414; x_wconf 74' lang='grc' dir='ltr'>οὕτω</span> <span class='ocrx_word' id='word_1_10' title='bbox 732 358 976 434; x_wconf 75' lang='grc' dir='ltr'>γενέσθαι</span> <span class='ocrx_word' id='word_1_11' title='bbox 1034 356 1124 415; x_wconf 78' lang='grc' dir='ltr'>καί</span> <span class='ocrx_word' id='word_1_12' title='bbox 1179 358 1321 430; x_wconf 83' lang='grc' dir='ltr'>τότε,</span> <span class='ocrx_word' id='word_1_13' title='bbox 1384 357 1630 437; x_wconf 82' lang='grc' dir='ltr'>δεύτερον</span> <span class='ocrx_word' id='word_1_14' title='bbox 1664 357 1721 415; x_wconf 70' lang='grc' dir='ltr'><strong>δὲ</strong></span> <span class='ocrx_word' id='word_1_15' title='bbox 1752 360 1827 421; x_wconf 82' lang='grc' dir='ltr'>ὡς</span> <span class='ocrx_word' id='word_1_16' title='bbox 1857 362 1906 429; x_wconf 80' lang='grc' dir='ltr'><strong>Α</strong></span> <span class='ocrx_word' id='word_1_17' title='bbox 1942 353 2374 432; x_wconf 71' lang='grc' dir='ltr'>διαϐεϐοημένου</span> <span class='ocrx_word' id='word_1_18' title='bbox 2403 356 2479 423; x_wconf 72' lang='grc' dir='ltr'>εἷς</span> <span class='ocrx_word' id='word_1_19' title='bbox 2529 359 2722 434; x_wconf 73' lang='grc' dir='ltr'>ἀρετὴν</span> <span class='ocrx_word' id='word_1_20' title='bbox 2772 358 2862 414; x_wconf 83' lang='grc' dir='ltr'><strong>καὶ</strong></span> <span class='ocrx_word' id='word_1_21' title='bbox 2914 359 3168 432; x_wconf 80' lang='grc' dir='ltr'>ζηλωτοῦ</span> <span class='ocrx_word' id='word_1_22' title='bbox 3214 367 3315 432; x_wconf 80' lang='grc' dir='ltr'>τῆς</span> <span class='ocrx_word' id='word_1_23' title='bbox 3354 361 3590 439; x_wconf 78' lang='grc' dir='ltr'>ἀρχαίας</span> 
     </span>
    </p>
   </div>
   <div class='ocr_carea' id='block_1_3' title="bbox 225 444 3588 525">
    <p class='ocr_par' dir='ltr' id='par_1_3' title="bbox 225 444 3588 525">
     <span class='ocr_line' id='line_1_3' title="bbox 225 444 3588 525; baseline 0.001 -21"><span class='ocrx_word' id='word_1_24' title='bbox 225 451 263 504; x_wconf 85' lang='grc' dir='ltr'><strong>εἰ</strong></span> <span class='ocrx_word' id='word_1_25' title='bbox 315 450 392 503; x_wconf 81' lang='grc' dir='ltr'><strong>καὶ</strong></span> <span class='ocrx_word' id='word_1_26' title='bbox 444 450 516 522; x_wconf 79' lang='grc' dir='ltr'>μὴ</span> <span class='ocrx_word' id='word_1_27' title='bbox 564 446 797 525; x_wconf 73' lang='grc' dir='ltr'>γένοιτο,</span> <span class='ocrx_word' id='word_1_28' title='bbox 860 450 936 523; x_wconf 74' lang='grc' dir='ltr'>μὴ</span> <span class='ocrx_word' id='word_1_29' title='bbox 994 451 1056 505; x_wconf 78' lang='grc' dir='ltr'>ἄν</span> <span class='ocrx_word' id='word_1_30' title='bbox 1116 450 1288 512; x_wconf 72' lang='grc' dir='ltr'>οὕτως</span> <span class='ocrx_word' id='word_1_31' title='bbox 1339 451 1566 525; x_wconf 78' lang='grc' dir='ltr'>ἀρθῆναι</span> <span class='ocrx_word' id='word_1_32' title='bbox 1603 444 1737 523; x_wconf 72' lang='grc' dir='ltr'>μέγα</span> <span class='ocrx_word' id='word_1_33' title='bbox 1766 450 1828 504; x_wconf 84' lang='grc' dir='ltr'>τὸ</span> <span class='ocrx_word' id='word_1_34' title='bbox 1936 453 2043 503; x_wconf 78' lang='grc' dir='ltr'>τῶν</span> <span class='ocrx_word' id='word_1_35' title='bbox 2069 447 2409 519; x_wconf 83' lang='grc' dir='ltr'>Ἑκκλησιῶν</span> <span class='ocrx_word' id='word_1_36' title='bbox 2435 448 2655 523; x_wconf 70' lang='grc' dir='ltr'>εἰρήνης</span> <span class='ocrx_word' id='word_1_37' title='bbox 2680 451 2766 504; x_wconf 76' lang='grc' dir='ltr'><strong>καὶ</strong></span> <span class='ocrx_word' id='word_1_38' title='bbox 2803 450 3088 522; x_wconf 80' lang='grc' dir='ltr'><strong>ὁμονοίας,</strong></span> <span class='ocrx_word' id='word_1_39' title='bbox 3122 450 3197 513; x_wconf 69' lang='grc' dir='ltr'>εἲς</span> <span class='ocrx_word' id='word_1_40' title='bbox 3227 454 3288 507; x_wconf 81' lang='grc' dir='ltr'>τὸ</span> <span class='ocrx_word' id='word_1_41' title='bbox 3313 454 3588 509; x_wconf 83' lang='grc' dir='ltr'>παππικὸν</span> 
     </span>
    </p>
   </div>
   <div class='ocr_carea' id='block_1_4' title="bbox 221 536 3589 613">
    <p class='ocr_par' dir='ltr' id='par_1_4' title="bbox 221 536 3589 613">
     <span class='ocr_line' id='line_1_4' title="bbox 221 536 3589 613; baseline 0.001 -20"><span class='ocrx_word' id='word_1_42' title='bbox 221 540 483 609; x_wconf 74' lang='grc' dir='ltr'>καθ’ἡμᾶς</span> <span class='ocrx_word' id='word_1_43' title='bbox 514 537 832 595; x_wconf 80' lang='grc' dir='ltr'>σκάνδαλον.</span> <span class='ocrx_word' id='word_1_44' title='bbox 891 541 974 594; x_wconf 84' lang='grc' dir='ltr'>Ἐν</span> <span class='ocrx_word' id='word_1_45' title='bbox 1033 539 1251 603; x_wconf 79' lang='grc' dir='ltr'><strong>τούτοις</strong></span> <span class='ocrx_word' id='word_1_46' title='bbox 1306 540 1399 613; x_wconf 70' lang='grc' dir='ltr'>μὲν</span> <span class='ocrx_word' id='word_1_47' title='bbox 1461 537 1550 593; x_wconf 77' lang='grc' dir='ltr'><strong>οὖν</strong></span> <span class='ocrx_word' id='word_1_48' title='bbox 1595 538 1662 594; x_wconf 79' lang='grc' dir='ltr'><strong>τὰ</strong></span> <span class='ocrx_word' id='word_1_49' title='bbox 1692 539 1829 593; x_wconf 81' lang='grc' dir='ltr'>ἐκεί-</span> <span class='ocrx_word' id='word_1_50' title='bbox 1936 536 2379 613; x_wconf 72' lang='grc' dir='ltr'>προσκληθέντος</span> <span class='ocrx_word' id='word_1_51' title='bbox 2436 536 2649 612; x_wconf 80' lang='grc' dir='ltr'>ἀξίωμα</span> <span class='ocrx_word' id='word_1_52' title='bbox 2706 538 2796 593; x_wconf 78' lang='grc' dir='ltr'><strong>καὶ</strong></span> <span class='ocrx_word' id='word_1_53' title='bbox 2854 537 2963 611; x_wconf 72' lang='grc' dir='ltr'>ἤδη</span> <span class='ocrx_word' id='word_1_54' title='bbox 3008 542 3108 610; x_wconf 75' lang='grc' dir='ltr'><strong>τήν</strong></span> <span class='ocrx_word' id='word_1_55' title='bbox 3155 539 3241 595; x_wconf 80' lang='grc' dir='ltr'><strong>ἐπὶ</strong></span> <span class='ocrx_word' id='word_1_56' title='bbox 3283 541 3500 613; x_wconf 81' lang='grc' dir='ltr'>Ῥώμης</span> <span class='ocrx_word' id='word_1_57' title='bbox 3530 542 3589 599; x_wconf 82' lang='grc' dir='ltr'>ἐκ</span> 
     </span>
    </p>
   </div>
   <div class='ocr_carea' id='block_1_5' title="bbox 218 626 3582 707">
    <p class='ocr_par' dir='ltr' id='par_1_5' title="bbox 218 626 3582 707">
     <span class='ocr_line' id='line_1_5' title="bbox 218 626 3582 707; baseline 0.001 -26"><span class='ocrx_word' id='word_1_58' title='bbox 218 648 328 682; x_wconf 78' lang='grc' dir='ltr'>νων.</span> <span class='ocrx_word' id='word_1_59' title='bbox 384 626 482 683; x_wconf 82' lang='grc' dir='ltr'><strong>Καὶ</strong></span> <span class='ocrx_word' id='word_1_60' title='bbox 542 626 746 705; x_wconf 70' lang='grc' dir='ltr'>φρςίοις</span> <span class='ocrx_word' id='word_1_61' title='bbox 807 627 901 699; x_wconf 74' lang='grc' dir='ltr'>μὲν</span> <span class='ocrx_word' id='word_1_62' title='bbox 959 629 1049 683; x_wconf 78' lang='grc' dir='ltr'><strong>καὶ</strong></span> <span class='ocrx_word' id='word_1_63' title='bbox 1105 628 1322 690; x_wconf 83' lang='grc' dir='ltr'>λοιποῖς</span> <span class='ocrx_word' id='word_1_64' title='bbox 1353 626 1587 690; x_wconf 81' lang='grc' dir='ltr'>Ἰταλοῖς</span> <span class='ocrx_word' id='word_1_65' title='bbox 1617 629 1831 704; x_wconf 80' lang='grc' dir='ltr'>ἀγαπη-</span> <span class='ocrx_word' id='word_1_66' title='bbox 1939 628 2137 702; x_wconf 80' lang='grc' dir='ltr'>Συρίας</span> <span class='ocrx_word' id='word_1_67' title='bbox 2178 626 2452 695; x_wconf 77' lang='grc' dir='ltr'><strong>ἀνύοντος,</strong></span> <span class='ocrx_word' id='word_1_68' title='bbox 2506 626 2708 703; x_wconf 74' lang='grc' dir='ltr'>γίνεταί</span> <span class='ocrx_word' id='word_1_69' title='bbox 2765 628 2815 681; x_wconf 76' lang='grc' dir='ltr'>οἱ</span> <span class='ocrx_word' id='word_1_70' title='bbox 2876 628 3129 702; x_wconf 79' lang='grc' dir='ltr'>ἐνθύμιον</span> <span class='ocrx_word' id='word_1_71' title='bbox 3191 626 3448 701; x_wconf 73' lang='grc' dir='ltr'>(ἤκουστο</span> <span class='ocrx_word' id='word_1_72' title='bbox 3481 631 3582 707; x_wconf 77' lang='grc' dir='ltr'><strong>γὰρ</strong></span> 
     </span>
    </p>
   </div>
   <div class='ocr_carea' id='block_1_6' title="bbox 214 714 3581 793">
    <p class='ocr_par' dir='ltr' id='par_1_6' title="bbox 214 714 3581 793">
     <span class='ocr_line' id='line_1_6' title="bbox 214 714 3581 793; baseline 0.001 -23"><span class='ocrx_word' id='word_1_73' title='bbox 214 720 355 778; x_wconf 82' lang='grc' dir='ltr'>τικῶς</span> <span class='ocrx_word' id='word_1_74' title='bbox 404 716 816 793; x_wconf 61' lang='grc' dir='ltr'>προσεφέροντο,</span> <span class='ocrx_word' id='word_1_75' title='bbox 865 717 954 772; x_wconf 80' lang='grc' dir='ltr'><strong>καὶ</strong></span> <span class='ocrx_word' id='word_1_76' title='bbox 1008 716 1131 773; x_wconf 82' lang='grc' dir='ltr'>ὅσον</span> <span class='ocrx_word' id='word_1_77' title='bbox 1180 719 1247 786; x_wconf 81' lang='grc' dir='ltr'><strong>ἧν</strong></span> <span class='ocrx_word' id='word_1_78' title='bbox 1300 718 1363 773; x_wconf 87' lang='grc' dir='ltr'>τὸ</span> <span class='ocrx_word' id='word_1_79' title='bbox 1406 716 1542 772; x_wconf 76' lang='grc' dir='ltr'>κατὰ</span> <span class='ocrx_word' id='word_1_80' title='bbox 1570 718 1829 789; x_wconf 78' lang='grc' dir='ltr'>Χριστια-</span> <span class='ocrx_word' id='word_1_81' title='bbox 1936 714 2126 788; x_wconf 79' lang='grc' dir='ltr'>ἐκείνῳ</span> <span class='ocrx_word' id='word_1_82' title='bbox 2150 716 2253 770; x_wconf 83' lang='grc' dir='ltr'><strong>κάκ</strong></span> <span class='ocrx_word' id='word_1_83' title='bbox 2281 721 2388 771; x_wconf 80' lang='grc' dir='ltr'><strong>τῶν</strong></span> <span class='ocrx_word' id='word_1_84' title='bbox 2419 720 2516 771; x_wconf 77' lang='grc' dir='ltr'><strong>τοῦ</strong></span> <span class='ocrx_word' id='word_1_85' title='bbox 2561 716 2831 791; x_wconf 72' lang='grc' dir='ltr'>βασιλέως</span> <span class='ocrx_word' id='word_1_86' title='bbox 2880 720 3215 792; x_wconf 75' lang='grc' dir='ltr'>μηνυμάτων</span> <span class='ocrx_word' id='word_1_87' title='bbox 3264 719 3399 793; x_wconf 84' lang='grc' dir='ltr'>πρὸς</span> <span class='ocrx_word' id='word_1_88' title='bbox 3436 720 3581 774; x_wconf 87' lang='grc' dir='ltr'>πάπ-</span> 
     </span>
    </p>
   </div>
   <div class='ocr_carea' id='block_1_7' title="bbox 212 803 3580 882">
    <p class='ocr_par' dir='ltr' id='par_1_7' title="bbox 212 803 3580 882">
     <span class='ocr_line' id='line_1_7' title="bbox 212 803 3580 882; baseline 0.001 -21"><span class='ocrx_word' id='word_1_89' title='bbox 212 805 317 867; x_wconf 72' lang='grc' dir='ltr'>νοὺς</span> <span class='ocrx_word' id='word_1_90' title='bbox 342 806 399 860; x_wconf 77' lang='grc' dir='ltr'><strong>οὐ</strong></span> <span class='ocrx_word' id='word_1_91' title='bbox 432 803 721 876; x_wconf 74' lang='grc' dir='ltr'><strong>διίσταντο,</strong></span> <span class='ocrx_word' id='word_1_92' title='bbox 771 806 858 861; x_wconf 78' lang='grc' dir='ltr'>ἐπὶ</span> <span class='ocrx_word' id='word_1_93' title='bbox 912 805 968 862; x_wconf 77' lang='grc' dir='ltr'><strong>δὲ</strong></span> <span class='ocrx_word' id='word_1_94' title='bbox 1009 809 1089 881; x_wconf 80' lang='grc' dir='ltr'>τῷ</span> <span class='ocrx_word' id='word_1_95' title='bbox 1138 805 1331 862; x_wconf 69' lang='grc' dir='ltr'>πλέονι</span> <span class='ocrx_word' id='word_1_96' title='bbox 1372 805 1487 862; x_wconf 77' lang='grc' dir='ltr'>οὐδ’</span> <span class='ocrx_word' id='word_1_97' title='bbox 1519 806 1824 881; x_wconf 50' lang='grc' dir='ltr'>ἐγνωσιμὼ</span> <span class='ocrx_word' id='word_1_98' title='bbox 1933 825 2037 858; x_wconf 88' lang='grc' dir='ltr'><strong>παν</strong></span> <span class='ocrx_word' id='word_1_99' title='bbox 2086 804 2159 866; x_wconf 83' lang='grc' dir='ltr'>ὡς</span> <span class='ocrx_word' id='word_1_100' title='bbox 2211 806 2306 874; x_wconf 64' lang='grc' dir='ltr'>τὴν</span> <span class='ocrx_word' id='word_1_101' title='bbox 2359 804 2579 876; x_wconf 65' lang='grc' dir='ltr'>εἰρήνην</span> <span class='ocrx_word' id='word_1_102' title='bbox 2630 810 2736 859; x_wconf 77' lang='grc' dir='ltr'><strong>τῶν</strong></span> <span class='ocrx_word' id='word_1_103' title='bbox 2790 806 3131 878; x_wconf 80' lang='grc' dir='ltr'>Ἐκκλησιῶν</span> <span class='ocrx_word' id='word_1_104' title='bbox 3178 809 3411 882; x_wconf 71' lang='grc' dir='ltr'>αἱροῖτο)</span> <span class='ocrx_word' id='word_1_105' title='bbox 3442 810 3580 882; x_wconf 74' lang='grc' dir='ltr'>πέμ-</span> 
     </span>
    </p>
   </div>
   <div class='ocr_carea' id='block_1_8' title="bbox 216 892 3579 973">
    <p class='ocr_par' dir='ltr' id='par_1_8' title="bbox 216 892 3579 973">
     <span class='ocr_line' id='line_1_8' title="bbox 216 892 3579 973; baseline 0.001 -25"><span class='ocrx_word' id='word_1_106' title='bbox 216 914 353 969; x_wconf 84' lang='grc' dir='ltr'>χουν,</span> <span class='ocrx_word' id='word_1_107' title='bbox 412 896 752 969; x_wconf 60' lang='grc' dir='ltr'>μμάκουθοί</span> <span class='ocrx_word' id='word_1_108' title='bbox 805 918 946 960; x_wconf 90' lang='grc' dir='ltr'>τινες</span> <span class='ocrx_word' id='word_1_109' title='bbox 1006 892 1154 958; x_wconf 76' lang='grc' dir='ltr'>ὄντες</span> <span class='ocrx_word' id='word_1_110' title='bbox 1210 896 1263 969; x_wconf 67' lang='grc' dir='ltr'><strong>(ἢ</strong></span> <span class='ocrx_word' id='word_1_111' title='bbox 1321 899 1372 952; x_wconf 90' lang='grc' dir='ltr'><strong>τί</strong></span> <span class='ocrx_word' id='word_1_112' title='bbox 1434 895 1493 950; x_wconf 76' lang='grc' dir='ltr'><strong>ἂν</strong></span> <span class='ocrx_word' id='word_1_113' title='bbox 1551 894 1824 969; x_wconf 69' lang='grc' dir='ltr'>ε“ίποιμι;)</span> <span class='ocrx_word' id='word_1_114' title='bbox 1934 896 2029 967; x_wconf 77' lang='grc' dir='ltr'><strong>ψαι</strong></span> <span class='ocrx_word' id='word_1_115' title='bbox 2062 894 2195 967; x_wconf 84' lang='grc' dir='ltr'>πρὸς</span> <span class='ocrx_word' id='word_1_116' title='bbox 2253 895 2500 969; x_wconf 73' lang='grc' dir='ltr'>βασιλέα,</span> <span class='ocrx_word' id='word_1_117' title='bbox 2554 894 2642 949; x_wconf 84' lang='grc' dir='ltr'><strong>καὶ</strong></span> <span class='ocrx_word' id='word_1_118' title='bbox 2671 894 2904 969; x_wconf 78' lang='grc' dir='ltr'>φιλικῶς</span> <span class='ocrx_word' id='word_1_119' title='bbox 2974 898 3069 969; x_wconf 71' lang='grc' dir='ltr'>μὲν</span> <span class='ocrx_word' id='word_1_120' title='bbox 3112 896 3177 952; x_wconf 78' lang='grc' dir='ltr'>τὰ</span> <span class='ocrx_word' id='word_1_121' title='bbox 3224 902 3414 973; x_wconf 77' lang='grc' dir='ltr'>πρῶτα</span> <span class='ocrx_word' id='word_1_122' title='bbox 3448 898 3579 953; x_wconf 75' lang='grc' dir='ltr'>ἐκεῖ·</span> 
     </span>
    </p>
   </div>
   <div class='ocr_carea' id='block_1_9' title="bbox 209 981 3574 1062">
    <p class='ocr_par' dir='ltr' id='par_1_9' title="bbox 209 981 3574 1062">
     <span class='ocr_line' id='line_1_9' title="bbox 209 981 3574 1062; baseline 0.002 -25"><span class='ocrx_word' id='word_1_123' title='bbox 209 983 521 1055; x_wconf 66' lang='grc' dir='ltr'>ἀναισθήτως</span> <span class='ocrx_word' id='word_1_124' title='bbox 570 989 679 1041; x_wconf 79' lang='grc' dir='ltr'><strong>τῶν</strong></span> <span class='ocrx_word' id='word_1_125' title='bbox 756 988 1147 1062; x_wconf 77' lang='grc' dir='ltr'><strong>πραττομένων</strong></span> <span class='ocrx_word' id='word_1_126' title='bbox 1216 985 1457 1061; x_wconf 77' lang='grc' dir='ltr'>ἔχοντες.</span> <span class='ocrx_word' id='word_1_127' title='bbox 1518 982 1663 1041; x_wconf 82' lang='grc' dir='ltr'>Ἔδει</span> <span class='ocrx_word' id='word_1_128' title='bbox 1724 984 1824 1059; x_wconf 76' lang='grc' dir='ltr'><strong>γὰρ</strong></span> <span class='ocrx_word' id='word_1_129' title='bbox 1932 1005 2022 1038; x_wconf 91' lang='grc' dir='ltr'><strong>νον</strong></span> <span class='ocrx_word' id='word_1_130' title='bbox 2057 984 2412 1054; x_wconf 78' lang='grc' dir='ltr'>ἀσπάσασθαι,</span> <span class='ocrx_word' id='word_1_131' title='bbox 2457 984 2567 1057; x_wconf 79' lang='grc' dir='ltr'><strong>ἅμα</strong></span> <span class='ocrx_word' id='word_1_132' title='bbox 2600 981 2656 1039; x_wconf 79' lang='grc' dir='ltr'><strong>δὲ</strong></span> <span class='ocrx_word' id='word_1_133' title='bbox 2706 984 2795 1039; x_wconf 84' lang='grc' dir='ltr'><strong>καὶ</strong></span> <span class='ocrx_word' id='word_1_134' title='bbox 2829 982 3076 1051; x_wconf 80' lang='grc' dir='ltr'>δηλῶσαι</span> <span class='ocrx_word' id='word_1_135' title='bbox 3104 988 3205 1057; x_wconf 71' lang='grc' dir='ltr'>τήν</span> <span class='ocrx_word' id='word_1_136' title='bbox 3236 994 3457 1057; x_wconf 63' lang='grc' dir='ltr'>κλῆσιν,</span> <span class='ocrx_word' id='word_1_137' title='bbox 3487 990 3574 1043; x_wconf 78' lang='grc' dir='ltr'><strong>καὶ</strong></span> 
     </span>
    </p>
   </div>
   <div class='ocr_carea' id='block_1_10' title="bbox 209 1071 3575 1150">
    <p class='ocr_par' dir='ltr' id='par_1_10' title="bbox 209 1071 3575 1150">
     <span class='ocr_line' id='line_1_10' title="bbox 209 1071 3575 1150; baseline 0.001 -23"><span class='ocrx_word' id='word_1_138' title='bbox 209 1072 418 1148; x_wconf 75' lang='grc' dir='ltr'>ἀρχῆθεν</span> <span class='ocrx_word' id='word_1_139' title='bbox 467 1072 680 1149; x_wconf 72' lang='grc' dir='ltr'>ἐπέχειν</span> <span class='ocrx_word' id='word_1_140' title='bbox 734 1076 824 1129; x_wconf 79' lang='grc' dir='ltr'>καὶ</span> <span class='ocrx_word' id='word_1_141' title='bbox 894 1075 1149 1147; x_wconf 81' lang='grc' dir='ltr'>ἀντισπᾷν</span> <span class='ocrx_word' id='word_1_142' title='bbox 1207 1077 1281 1149; x_wconf 72' lang='grc' dir='ltr'>μὴ</span> <span class='ocrx_word' id='word_1_143' title='bbox 1330 1072 1821 1149; x_wconf 72' lang='grc' dir='ltr'>καταδεχομὲνους,</span> <span class='ocrx_word' id='word_1_144' title='bbox 1933 1072 2007 1134; x_wconf 86' lang='grc' dir='ltr'>ὡς</span> <span class='ocrx_word' id='word_1_145' title='bbox 2060 1075 2159 1136; x_wconf 67' lang='grc' dir='ltr'>τῆς</span> <span class='ocrx_word' id='word_1_146' title='bbox 2216 1072 2439 1147; x_wconf 64' lang='grc' dir='ltr'>εῗρήνης</span> <span class='ocrx_word' id='word_1_147' title='bbox 2501 1071 2742 1135; x_wconf 79' lang='grc' dir='ltr'><strong>ἐκτόπως</strong></span> <span class='ocrx_word' id='word_1_148' title='bbox 2788 1078 2893 1128; x_wconf 78' lang='grc' dir='ltr'>τῶν</span> <span class='ocrx_word' id='word_1_149' title='bbox 2955 1075 3294 1146; x_wconf 80' lang='grc' dir='ltr'>Ἐκκλησιῶν</span> <span class='ocrx_word' id='word_1_150' title='bbox 3329 1075 3575 1150; x_wconf 72' lang='grc' dir='ltr'>ὀρέγοιτο</span> 
     </span>
    </p>
   </div>
   <div class='ocr_carea' id='block_1_11' title="bbox 206 1159 3597 1243">
    <p class='ocr_par' dir='ltr' id='par_1_11' title="bbox 206 1159 3575 1241">
     <span class='ocr_line' id='line_1_11' title="bbox 206 1159 3575 1241; baseline 0.002 -26"><span class='ocrx_word' id='word_1_151' title='bbox 206 1164 286 1216; x_wconf 71' lang='grc' dir='ltr'><strong>κᾶν</strong></span> <span class='ocrx_word' id='word_1_152' title='bbox 331 1163 358 1216; x_wconf 78' lang='grc' dir='ltr'><em>ὅ</em></span> <span class='ocrx_word' id='word_1_153' title='bbox 403 1185 451 1217; x_wconf 90' lang='grc' dir='ltr'><strong>τι</strong></span> <span class='ocrx_word' id='word_1_154' title='bbox 499 1164 733 1240; x_wconf 74' lang='grc' dir='ltr'>γένοιτο,</span> <span class='ocrx_word' id='word_1_155' title='bbox 786 1162 934 1241; x_wconf 76' lang='grc' dir='ltr'>εἷ’περ</span> <span class='ocrx_word' id='word_1_156' title='bbox 976 1166 1085 1220; x_wconf 81' lang='grc' dir='ltr'><strong>τῶν</strong></span> <span class='ocrx_word' id='word_1_157' title='bbox 1134 1163 1594 1241; x_wconf 67' lang='grc' dir='ltr'>ἀπηγορευμένων</span> <span class='ocrx_word' id='word_1_158' title='bbox 1639 1160 1823 1233; x_wconf 84' lang='grc' dir='ltr'>ἐνόμι-</span> <span class='ocrx_word' id='word_1_159' title='bbox 1930 1159 2025 1216; x_wconf 74' lang='grc' dir='ltr'><strong>κᾶν</strong></span> <span class='ocrx_word' id='word_1_160' title='bbox 2064 1160 2324 1237; x_wconf 81' lang='grc' dir='ltr'>βούλοιτο</span> <span class='ocrx_word' id='word_1_161' title='bbox 2352 1166 2514 1217; x_wconf 73' lang='grc' dir='ltr'>τοῦτο</span> <span class='ocrx_word' id='word_1_162' title='bbox 2565 1162 2653 1216; x_wconf 78' lang='grc' dir='ltr'><strong>καὶ</strong></span> <span class='ocrx_word' id='word_1_163' title='bbox 2704 1164 2730 1217; x_wconf 86' lang='grc' dir='ltr'>ὁ</span> <span class='ocrx_word' id='word_1_164' title='bbox 2786 1162 3062 1237; x_wconf 65' lang='grc' dir='ltr'>βασιλεὺς,</span> <span class='ocrx_word' id='word_1_165' title='bbox 3110 1165 3208 1219; x_wconf 79' lang='grc' dir='ltr'>οὐκ</span> <span class='ocrx_word' id='word_1_166' title='bbox 3237 1163 3297 1218; x_wconf 79' lang='grc' dir='ltr'><strong>ἂν</strong></span> <span class='ocrx_word' id='word_1_167' title='bbox 3331 1163 3381 1219; x_wconf 79' lang='grc' dir='ltr'>ἐν</span> <span class='ocrx_word' id='word_1_168' title='bbox 3416 1163 3575 1237; x_wconf 83' lang='grc' dir='ltr'>ἄλλῳ</span> 
     </span>
    </p>
   </div>
   <div class='ocr_carea' id='block_1_12' title="bbox 207 1249 3577 1326">
    <p class='ocr_par' dir='ltr' id='par_1_12' title="bbox 207 1249 3577 1326">
     <span class='ocr_line' id='line_1_12' title="bbox 207 1249 3577 1326; baseline 0.001 -22"><span class='ocrx_word' id='word_1_169' title='bbox 207 1255 281 1318; x_wconf 81' lang='grc' dir='ltr'><strong>ζον</strong></span> <span class='ocrx_word' id='word_1_170' title='bbox 308 1251 364 1305; x_wconf 80' lang='grc' dir='ltr'><strong>τὸ</strong></span> <span class='ocrx_word' id='word_1_171' title='bbox 384 1249 733 1325; x_wconf 84' lang='grc' dir='ltr'>τελούμενον.</span> <span class='ocrx_word' id='word_1_172' title='bbox 767 1251 921 1310; x_wconf 86' lang='grc' dir='ltr'>Ἀλλ’</span> <span class='ocrx_word' id='word_1_173' title='bbox 958 1253 1152 1309; x_wconf 74' lang='grc' dir='ltr'>ἐκεῖνοι</span> <span class='ocrx_word' id='word_1_174' title='bbox 1184 1254 1282 1322; x_wconf 73' lang='grc' dir='ltr'><strong>τήν</strong></span> <span class='ocrx_word' id='word_1_175' title='bbox 1310 1250 1633 1323; x_wconf 82' lang='grc' dir='ltr'>Ἐκκλησίαν</span> <span class='ocrx_word' id='word_1_176' title='bbox 1678 1249 1822 1325; x_wconf 74' lang='grc' dir='ltr'>ἔχειν</span> <span class='ocrx_word' id='word_1_177' title='bbox 1930 1250 2169 1326; x_wconf 71' lang='grc' dir='ltr'>γενέσθαι</span> <span class='ocrx_word' id='word_1_178' title='bbox 2228 1249 2455 1306; x_wconf 74' lang='grc' dir='ltr'>κάλλιον</span> <span class='ocrx_word' id='word_1_179' title='bbox 2512 1252 2545 1321; x_wconf 72' lang='grc' dir='ltr'><strong>ἢ</strong></span> <span class='ocrx_word' id='word_1_180' title='bbox 2608 1251 2772 1307; x_wconf 71' lang='grc' dir='ltr'>αὐτοῦ</span> <span class='ocrx_word' id='word_1_181' title='bbox 2828 1274 2887 1325; x_wconf 78' lang='grc' dir='ltr'>γε</span> <span class='ocrx_word' id='word_1_182' title='bbox 2939 1255 3037 1322; x_wconf 69' lang='grc' dir='ltr'>τὴν</span> <span class='ocrx_word' id='word_1_183' title='bbox 3093 1255 3376 1322; x_wconf 75' lang='grc' dir='ltr'>παππικὴν</span> <span class='ocrx_word' id='word_1_184' title='bbox 3429 1254 3577 1323; x_wconf 77' lang='grc' dir='ltr'>ἀξίαν</span> 
     </span>
    </p>
   </div>
   <div class='ocr_carea' id='block_1_13' title="bbox 202 1338 3577 1419">
    <p class='ocr_par' dir='ltr' id='par_1_13' title="bbox 202 1338 3577 1419">
     <span class='ocr_line' id='line_1_13' title="bbox 202 1338 3577 1419; baseline 0.001 -26"><span class='ocrx_word' id='word_1_185' title='bbox 202 1338 245 1394; x_wconf 77' lang='grc' dir='ltr'>ἐν</span> <span class='ocrx_word' id='word_1_186' title='bbox 288 1339 507 1418; x_wconf 70' lang='grc' dir='ltr'>ἀσςιαλεῖ</span> <span class='ocrx_word' id='word_1_187' title='bbox 564 1342 835 1416; x_wconf 70' lang='grc' dir='ltr'>οῗόμενοι,</span> <span class='ocrx_word' id='word_1_188' title='bbox 890 1344 965 1407; x_wconf 88' lang='grc' dir='ltr'>ὡς</span> <span class='ocrx_word' id='word_1_189' title='bbox 1018 1342 1367 1419; x_wconf 68' lang='grc' dir='ltr'>προείρηται,</span> <span class='ocrx_word' id='word_1_190' title='bbox 1421 1342 1539 1407; x_wconf 75' lang='grc' dir='ltr'>καθ’</span> <span class='ocrx_word' id='word_1_191' title='bbox 1591 1340 1699 1395; x_wconf 76' lang='grc' dir='ltr'><strong>ὅτι</strong></span> <span class='ocrx_word' id='word_1_192' title='bbox 1732 1338 1821 1394; x_wconf 81' lang='grc' dir='ltr'><strong>καὶ</strong></span> <span class='ocrx_word' id='word_1_193' title='bbox 1929 1340 2283 1416; x_wconf 72' lang='grc' dir='ltr'>κατέχοντος.</span> <span class='ocrx_word' id='word_1_194' title='bbox 2344 1344 2519 1395; x_wconf 78' lang='grc' dir='ltr'>Ταῦτα</span> <span class='ocrx_word' id='word_1_195' title='bbox 2570 1345 2666 1396; x_wconf 74' lang='grc' dir='ltr'>τοῦ</span> <span class='ocrx_word' id='word_1_196' title='bbox 2726 1342 3034 1418; x_wconf 84' lang='grc' dir='ltr'>Γρηγορίου</span> <span class='ocrx_word' id='word_1_197' title='bbox 3070 1340 3157 1397; x_wconf 66' lang='grc' dir='ltr'>διδ.</span> <span class='ocrx_word' id='word_1_198' title='bbox 3204 1343 3437 1418; x_wconf 77' lang='grc' dir='ltr'>φρερίων</span> <span class='ocrx_word' id='word_1_199' title='bbox 3469 1340 3577 1397; x_wconf 79' lang='grc' dir='ltr'>δια-</span> 
     </span>
    </p>
   </div>
   <div class='ocr_carea' id='block_1_14' title="bbox 200 1428 3579 1511">
    <p class='ocr_par' dir='ltr' id='par_1_14' title="bbox 200 1428 3579 1511">
     <span class='ocr_line' id='line_1_14' title="bbox 200 1428 3579 1511; baseline 0.001 -28"><span class='ocrx_word' id='word_1_200' title='bbox 200 1431 368 1504; x_wconf 70' lang='grc' dir='ltr'>πράξοι</span> <span class='ocrx_word' id='word_1_201' title='bbox 415 1432 666 1505; x_wconf 75' lang='grc' dir='ltr'>νομισθὲν</span> <span class='ocrx_word' id='word_1_202' title='bbox 728 1432 1025 1511; x_wconf 70' lang='grc' dir='ltr'>συμφέρον,</span> <span class='ocrx_word' id='word_1_203' title='bbox 1082 1433 1384 1508; x_wconf 75' lang='grc' dir='ltr'>ἡσύχαζον,</span> <span class='ocrx_word' id='word_1_204' title='bbox 1434 1431 1524 1486; x_wconf 86' lang='grc' dir='ltr'><strong>καὶ</strong></span> <span class='ocrx_word' id='word_1_205' title='bbox 1567 1431 1821 1503; x_wconf 81' lang='grc' dir='ltr'>κινουμὲ-</span> <span class='ocrx_word' id='word_1_206' title='bbox 1934 1430 2336 1502; x_wconf 78' lang='grc' dir='ltr'>μηνυσαμὲνου,</span> <span class='ocrx_word' id='word_1_207' title='bbox 2371 1428 2540 1499; x_wconf 77' lang='grc' dir='ltr'>δῆλον</span> <span class='ocrx_word' id='word_1_208' title='bbox 2600 1431 2665 1499; x_wconf 75' lang='grc' dir='ltr'>ἦν</span> <span class='ocrx_word' id='word_1_209' title='bbox 2716 1432 2788 1492; x_wconf 84' lang='grc' dir='ltr'><strong>ὡς</strong></span> <span class='ocrx_word' id='word_1_210' title='bbox 2846 1432 2873 1486; x_wconf 87' lang='grc' dir='ltr'>ὁ</span> <span class='ocrx_word' id='word_1_211' title='bbox 2937 1432 3030 1501; x_wconf 70' lang='grc' dir='ltr'>μὲν</span> <span class='ocrx_word' id='word_1_212' title='bbox 3069 1437 3280 1505; x_wconf 71' lang='grc' dir='ltr'>κρατῶν</span> <span class='ocrx_word' id='word_1_213' title='bbox 3309 1430 3443 1485; x_wconf 86' lang='grc' dir='ltr'><strong>κατά</strong></span> <span class='ocrx_word' id='word_1_214' title='bbox 3476 1428 3579 1485; x_wconf 84' lang='grc' dir='ltr'>δει-</span> 
     </span>
    </p>
   </div>
   <div class='ocr_carea' id='block_1_15' title="bbox 199 1518 3577 1597">
    <p class='ocr_par' dir='ltr' id='par_1_15' title="bbox 199 1518 3577 1597">
     <span class='ocr_line' id='line_1_15' title="bbox 199 1518 3577 1597; baseline 0 -25"><span class='ocrx_word' id='word_1_215' title='bbox 199 1541 287 1573; x_wconf 72' lang='lat' dir='ltr'><strong>van</strong></span> <span class='ocrx_word' id='word_1_216' title='bbox 337 1521 474 1596; x_wconf 80' lang='grc' dir='ltr'>παρᾶ</span> <span class='ocrx_word' id='word_1_217' title='bbox 534 1522 803 1597; x_wconf 76' lang='grc' dir='ltr'>βασιλέως</span> <span class='ocrx_word' id='word_1_218' title='bbox 863 1528 971 1577; x_wconf 81' lang='grc' dir='ltr'><strong>τῶν</strong></span> <span class='ocrx_word' id='word_1_219' title='bbox 1027 1521 1293 1578; x_wconf 75' lang='grc' dir='ltr'>τοιούτων</span> <span class='ocrx_word' id='word_1_220' title='bbox 1354 1520 1463 1595; x_wconf 79' lang='grc' dir='ltr'><strong>(ἐπὶ</strong></span> <span class='ocrx_word' id='word_1_221' title='bbox 1517 1518 1660 1576; x_wconf 77' lang='grc' dir='ltr'>πολὺ</span> <span class='ocrx_word' id='word_1_222' title='bbox 1717 1519 1819 1595; x_wconf 76' lang='grc' dir='ltr'><strong>γὰρ</strong></span> <span class='ocrx_word' id='word_1_223' title='bbox 1930 1518 2050 1575; x_wconf 85' lang='grc' dir='ltr'>λίαν</span> <span class='ocrx_word' id='word_1_224' title='bbox 2096 1522 2195 1588; x_wconf 70' lang='grc' dir='ltr'>τῆν</span> <span class='ocrx_word' id='word_1_225' title='bbox 2227 1520 2363 1595; x_wconf 82' lang='grc' dir='ltr'>πρὸς</span> <span class='ocrx_word' id='word_1_226' title='bbox 2412 1520 2502 1573; x_wconf 88' lang='grc' dir='ltr'><strong>τὸν</strong></span> <span class='ocrx_word' id='word_1_227' title='bbox 2552 1520 2829 1595; x_wconf 75' lang='grc' dir='ltr'>ΚάρουΛον</span> <span class='ocrx_word' id='word_1_228' title='bbox 2881 1521 2978 1589; x_wconf 75' lang='grc' dir='ltr'><strong>τὴν</strong></span> <span class='ocrx_word' id='word_1_229' title='bbox 3016 1520 3240 1595; x_wconf 71' lang='grc' dir='ltr'>εἰρήνην</span> <span class='ocrx_word' id='word_1_230' title='bbox 3271 1519 3469 1590; x_wconf 67' lang='grc' dir='ltr'>ἐζήτει,</span> <span class='ocrx_word' id='word_1_231' title='bbox 3502 1521 3577 1581; x_wconf 86' lang='grc' dir='ltr'>ὡς</span> 
     </span>
    </p>
   </div>
   <div class='ocr_carea' id='block_1_16' title="bbox 199 1603 3573 1686">
    <p class='ocr_par' dir='ltr' id='par_1_16' title="bbox 199 1603 3573 1686">
     <span class='ocr_line' id='line_1_16' title="bbox 199 1603 3573 1686; baseline 0 -24"><span class='ocrx_word' id='word_1_232' title='bbox 199 1603 410 1683; x_wconf 74' lang='grc' dir='ltr'>ἱτρίϐετο</span> <span class='ocrx_word' id='word_1_233' title='bbox 462 1611 525 1667; x_wconf 87' lang='grc' dir='ltr'>τὸ</span> <span class='ocrx_word' id='word_1_234' title='bbox 586 1610 927 1686; x_wconf 81' lang='grc' dir='ltr'>κινούμενον)</span> <span class='ocrx_word' id='word_1_235' title='bbox 986 1610 1338 1686; x_wconf 64' lang='grc' dir='ltr'>κατημέλουν</span> <span class='ocrx_word' id='word_1_236' title='bbox 1393 1609 1484 1665; x_wconf 83' lang='grc' dir='ltr'><strong>καὶ</strong></span> <span class='ocrx_word' id='word_1_237' title='bbox 1538 1609 1612 1673; x_wconf 83' lang='grc' dir='ltr'><strong>ὡς</strong></span> <span class='ocrx_word' id='word_1_238' title='bbox 1662 1606 1817 1664; x_wconf 72' lang='grc' dir='ltr'>οὐδὲν</span> <span class='ocrx_word' id='word_1_239' title='bbox 1930 1606 2094 1677; x_wconf 74' lang='grc' dir='ltr'>αὐτῆς</span> <span class='ocrx_word' id='word_1_240' title='bbox 2126 1628 2188 1683; x_wconf 88' lang='grc' dir='ltr'><strong>γε</strong></span> <span class='ocrx_word' id='word_1_241' title='bbox 2223 1609 2297 1680; x_wconf 69' lang='grc' dir='ltr'>μὴ</span> <span class='ocrx_word' id='word_1_242' title='bbox 2329 1605 2495 1679; x_wconf 71' lang='grc' dir='ltr'>οὔσης</span> <span class='ocrx_word' id='word_1_243' title='bbox 2530 1605 2661 1681; x_wconf 78' lang='grc' dir='ltr'>μηδ’</span> <span class='ocrx_word' id='word_1_244' title='bbox 2710 1607 2788 1672; x_wconf 72' lang='grc' dir='ltr'><strong>εἴς</strong></span> <span class='ocrx_word' id='word_1_245' title='bbox 2833 1612 2955 1664; x_wconf 80' lang='grc' dir='ltr'>νοῦν</span> <span class='ocrx_word' id='word_1_246' title='bbox 2991 1609 3168 1686; x_wconf 68' lang='grc' dir='ltr'>φέρειν</span> <span class='ocrx_word' id='word_1_247' title='bbox 3203 1608 3409 1679; x_wconf 80' lang='grc' dir='ltr'>ἐκείνην</span> <span class='ocrx_word' id='word_1_248' title='bbox 3458 1610 3573 1663; x_wconf 85' lang='grc' dir='ltr'><strong>πώ-</strong></span> 
     </span>
    </p>
   </div>
   <div class='ocr_carea' id='block_1_17' title="bbox 198 1686 3573 1800">
    <p class='ocr_par' dir='ltr' id='par_1_17' title="bbox 198 1686 3573 1800">
     <span class='ocr_line' id='line_1_17' title="bbox 198 1686 3573 1800; baseline 0.001 -48"><span class='ocrx_word' id='word_1_249' title='bbox 198 1695 442 1771; x_wconf 70' lang='grc' dir='ltr'>ἒνὸμιζον.</span> <span class='ocrx_word' id='word_1_250' title='bbox 889 1686 893 1688; x_wconf 12' lang='grc' dir='ltr'><strong>Ἴ</strong></span> <span class='ocrx_word' id='word_1_251' title='bbox 1848 1734 1895 1800; x_wconf 83' lang='grc' dir='ltr'><strong>Β</strong></span> <span class='ocrx_word' id='word_1_252' title='bbox 1927 1719 2078 1764; x_wconf 89' lang='grc' dir='ltr'>ποτε,</span> <span class='ocrx_word' id='word_1_253' title='bbox 2113 1700 2169 1752; x_wconf 76' lang='grc' dir='ltr'>οἱ</span> <span class='ocrx_word' id='word_1_254' title='bbox 2201 1696 2257 1753; x_wconf 80' lang='grc' dir='ltr'><strong>δὲ</strong></span> <span class='ocrx_word' id='word_1_255' title='bbox 2288 1698 2409 1774; x_wconf 77' lang='grc' dir='ltr'>περὶ</span> <span class='ocrx_word' id='word_1_256' title='bbox 2442 1697 2530 1752; x_wconf 77' lang='grc' dir='ltr'><strong>τὸν</strong></span> <span class='ocrx_word' id='word_1_257' title='bbox 2565 1697 2863 1774; x_wconf 78' lang='grc' dir='ltr'>Γρηγόριον</span> <span class='ocrx_word' id='word_1_258' title='bbox 2918 1697 2989 1753; x_wconf 81' lang='grc' dir='ltr'>δι’</span> <span class='ocrx_word' id='word_1_259' title='bbox 3028 1700 3159 1754; x_wconf 79' lang='grc' dir='ltr'>αὐτὸ</span> <span class='ocrx_word' id='word_1_260' title='bbox 3184 1704 3348 1754; x_wconf 76' lang='grc' dir='ltr'>τοῦτο</span> <span class='ocrx_word' id='word_1_261' title='bbox 3381 1698 3442 1754; x_wconf 83' lang='grc' dir='ltr'>τὸ</span> <span class='ocrx_word' id='word_1_262' title='bbox 3472 1706 3573 1768; x_wconf 75' lang='grc' dir='ltr'>τῆς</span> 
     </span>
     <span class='ocr_line' id='line_1_18' title="bbox 1952 1784 3559 1800; baseline 0 0"><span class='ocrx_word' id='word_1_263' title='bbox 1952 1788 2043 1800; x_wconf 89' lang='grc'><strong>.,</strong></span> <span class='ocrx_word' id='word_1_264' title='bbox 2249 1787 2305 1800; x_wconf 70' lang='lat'><strong>..</strong></span> <span class='ocrx_word' id='word_1_265' title='bbox 2445 1786 2553 1800; x_wconf 86' lang='lat'><strong>..</strong></span> <span class='ocrx_word' id='word_1_266' title='bbox 2674 1785 2947 1800; x_wconf 61' lang='grc' dir='ltr'><strong>-..ης</strong></span> <span class='ocrx_word' id='word_1_267' title='bbox 3074 1784 3193 1800; x_wconf 71' lang='grc' dir='ltr'><strong>-.ι</strong></span> <span class='ocrx_word' id='word_1_268' title='bbox 3417 1784 3559 1800; x_wconf 57' lang='grc' dir='ltr'><strong>--μ</strong></span> 
     </span>
    </p>
   </div>
   <div class='ocr_carea' id='block_1_18' title="bbox 202 1784 3571 1901">
    <p class='ocr_par' dir='ltr' id='par_1_18' title="bbox 202 1784 3571 1901">
     <span class='ocr_line' id='line_1_19' title="bbox 202 1784 3571 1901; baseline -0 -59"><span class='ocrx_word' id='word_1_269' title='bbox 202 1825 261 1863; x_wconf 51' lang='grc' dir='ltr'><strong>ια.</strong></span> <span class='ocrx_word' id='word_1_270' title='bbox 326 1808 503 1869; x_wconf 70' lang='grc' dir='ltr'><strong>*οπως</strong></span> <span class='ocrx_word' id='word_1_271' title='bbox 586 1807 869 1871; x_wconf 53' lang='grc' dir='ltr'><strong>,καθέντος</strong></span> <span class='ocrx_word' id='word_1_272' title='bbox 944 1809 1139 1864; x_wconf 49' lang='lat' dir='ltr'><strong>nam,“</strong></span> <span class='ocrx_word' id='word_1_273' title='bbox 1210 1812 1305 1863; x_wconf 65' lang='grc' dir='ltr'><strong>τοῦ</strong></span> <span class='ocrx_word' id='word_1_274' title='bbox 1378 1807 1709 1901; x_wconf 57' lang='grc' dir='ltr'><strong>Γρηγορίουν</strong></span> <span class='ocrx_word' id='word_1_275' title='bbox 1782 1807 1809 1860; x_wconf 73' lang='grc' dir='ltr'>ὁ</span> <span class='ocrx_word' id='word_1_276' title='bbox 1848 1784 2150 1863; x_wconf 66' lang='grc' dir='ltr'>⁵ἐἱρήνης</span> <span class='ocrx_word' id='word_1_277' title='bbox 2177 1787 2342 1843; x_wconf 88' lang='grc' dir='ltr'>καλὸν</span> <span class='ocrx_word' id='word_1_278' title='bbox 2373 1786 2590 1857; x_wconf 78' lang='grc' dir='ltr'>καὶτήν</span> <span class='ocrx_word' id='word_1_279' title='bbox 2635 1790 2742 1841; x_wconf 78' lang='grc' dir='ltr'><strong>τῶν</strong></span> <span class='ocrx_word' id='word_1_280' title='bbox 2795 1785 3138 1858; x_wconf 80' lang='grc' dir='ltr'>Ἐκκλησιῶν</span> <span class='ocrx_word' id='word_1_281' title='bbox 3169 1784 3383 1844; x_wconf 74' lang='grc' dir='ltr'>ἕνωσιν.</span> <span class='ocrx_word' id='word_1_282' title='bbox 3416 1784 3571 1856; x_wconf 75' lang='grc' dir='ltr'>Μηδὲ</span> 
     </span>
     <span class='ocr_line' id='line_1_20' title="bbox 259 1871 3561 1901; baseline 0 0"><span class='ocrx_word' id='word_1_283' title='bbox 259 1877 447 1901; x_wconf 61' lang='lat' dir='ltr'><strong>a_,_\-\</strong></span> <span class='ocrx_word' id='word_1_284' title='bbox 650 1880 663 1899; x_wconf 58' lang='grc' dir='ltr'><strong>ε</strong></span> <span class='ocrx_word' id='word_1_285' title='bbox 826 1883 839 1900; x_wconf 73' lang='grc' dir='ltr'><strong>ι</strong></span> <span class='ocrx_word' id='word_1_286' title='bbox 1057 1882 1069 1901; x_wconf 70' lang='grc' dir='ltr'><strong>ν</strong></span> <span class='ocrx_word' id='word_1_287' title='bbox 1128 1880 1141 1901; x_wconf 73' lang='grc' dir='ltr'><strong>ν</strong></span> <span class='ocrx_word' id='word_1_288' title='bbox 1220 1882 1231 1901; x_wconf 69' lang='grc' dir='ltr'><strong><em>ρ</em></strong></span> <span class='ocrx_word' id='word_1_289' title='bbox 1495 1882 1508 1901; x_wconf 77' lang='grc' dir='ltr'><em>ι</em></span> <span class='ocrx_word' id='word_1_290' title='bbox 1684 1878 1770 1901; x_wconf 47' lang='grc' dir='ltr'><strong>9η-</strong></span> <span class='ocrx_word' id='word_1_291' title='bbox 1920 1876 2018 1901; x_wconf 56' lang='grc' dir='ltr'><strong>μὶ.-</strong></span> <span class='ocrx_word' id='word_1_292' title='bbox 2089 1873 2289 1901; x_wconf 54' lang='grc'><strong>91---.-..</strong></span> <span class='ocrx_word' id='word_1_293' title='bbox 2352 1873 2479 1901; x_wconf 41' lang='grc' dir='ltr'>.-μοι</span> <span class='ocrx_word' id='word_1_294' title='bbox 2540 1875 2620 1901; x_wconf 61' lang='grc' dir='ltr'><strong>Μ-</strong></span> <span class='ocrx_word' id='word_1_295' title='bbox 2668 1898 2682 1901; x_wconf 84' lang='lat'>_</span> <span class='ocrx_word' id='word_1_296' title='bbox 2743 1872 2968 1901; x_wconf 68' lang='lat' dir='ltr'><strong>-Pf\__--_.</strong></span> <span class='ocrx_word' id='word_1_297' title='bbox 3021 1871 3138 1901; x_wconf 45' lang='lat' dir='ltr'><strong>l’nm:</strong></span> <span class='ocrx_word' id='word_1_298' title='bbox 3194 1880 3414 1901; x_wconf 58' lang='grc' dir='ltr'><strong>---μετ-μ</strong></span> <span class='ocrx_word' id='word_1_299' title='bbox 3476 1875 3561 1901; x_wconf 58' lang='grc'><strong>2-8</strong></span> 
     </span>
    </p>
   </div>
   <div class='ocr_carea' id='block_1_19' title="bbox 258 1871 3561 1956">
    <p class='ocr_par' dir='ltr' id='par_1_19' title="bbox 258 1871 3561 1956">
     <span class='ocr_line' id='line_1_21' title="bbox 258 1871 3561 1956; baseline -0.002 -19"><span class='ocrx_word' id='word_1_300' title='bbox 258 1877 491 1953; x_wconf 72' lang='grc' dir='ltr'>βασιλεὺς</span> <span class='ocrx_word' id='word_1_301' title='bbox 567 1880 703 1956; x_wconf 82' lang='grc' dir='ltr'>πρὸς</span> <span class='ocrx_word' id='word_1_302' title='bbox 780 1883 882 1951; x_wconf 76' lang='grc' dir='ltr'>τὴν</span> <span class='ocrx_word' id='word_1_303' title='bbox 954 1882 1069 1954; x_wconf 81' lang='grc' dir='ltr'>μετ’</span> <span class='ocrx_word' id='word_1_304' title='bbox 1125 1880 1332 1937; x_wconf 82' lang='grc' dir='ltr'>ἐκείνου</span> <span class='ocrx_word' id='word_1_305' title='bbox 1390 1871 1616 1954; x_wconf 63' lang='grc' dir='ltr'>εἷρῆνήν</span> <span class='ocrx_word' id='word_1_306' title='bbox 1666 1871 1807 1951; x_wconf 84' lang='grc' dir='ltr'>ᾦκο-</span> <span class='ocrx_word' id='word_1_307' title='bbox 1919 1876 2022 1951; x_wconf 74' lang='grc' dir='ltr'>γὰρ</span> <span class='ocrx_word' id='word_1_308' title='bbox 2086 1873 2290 1931; x_wconf 80' lang='grc' dir='ltr'>δίκαιον</span> <span class='ocrx_word' id='word_1_309' title='bbox 2350 1873 2479 1950; x_wconf 82' lang='grc' dir='ltr'>μηδ’</span> <span class='ocrx_word' id='word_1_310' title='bbox 2536 1875 2683 1938; x_wconf 82' lang='grc' dir='ltr'>ὅλως</span> <span class='ocrx_word' id='word_1_311' title='bbox 2740 1872 2969 1951; x_wconf 75' lang='grc' dir='ltr'>εὔλογον</span> <span class='ocrx_word' id='word_1_312' title='bbox 3018 1871 3144 1947; x_wconf 75' lang='grc' dir='ltr'>ἔθνη</span> <span class='ocrx_word' id='word_1_313' title='bbox 3192 1880 3417 1931; x_wconf 77' lang='grc' dir='ltr'>τοιαῦτα</span> <span class='ocrx_word' id='word_1_314' title='bbox 3474 1875 3561 1931; x_wconf 72' lang='grc' dir='ltr'>ἐπὶ</span> 
     </span>
    </p>
   </div>
   <div class='ocr_carea' id='block_1_20' title="bbox 244 1957 3563 2041">
    <p class='ocr_par' dir='ltr' id='par_1_20' title="bbox 244 1957 3563 2041">
     <span class='ocr_line' id='line_1_22' title="bbox 244 1957 3563 2041; baseline 0 -24"><span class='ocrx_word' id='word_1_315' title='bbox 244 1957 468 2021; x_wconf 77' lang='grc' dir='ltr'>νομεῖτοο</span> <span class='ocrx_word' id='word_1_316' title='bbox 1921 1970 2140 2037; x_wconf 71' lang='grc' dir='ltr'>μικροῖς</span> <span class='ocrx_word' id='word_1_317' title='bbox 2183 1986 2291 2020; x_wconf 90' lang='grc' dir='ltr'>τισι</span> <span class='ocrx_word' id='word_1_318' title='bbox 2353 1962 2717 2041; x_wconf 73' lang='grc' dir='ltr'>διαφέρεσθαι,</span> <span class='ocrx_word' id='word_1_319' title='bbox 2775 1963 2903 2020; x_wconf 75' lang='grc' dir='ltr'>ἀλλ’</span> <span class='ocrx_word' id='word_1_320' title='bbox 2967 1965 3003 2035; x_wconf 74' lang='grc' dir='ltr'>ἢ</span> <span class='ocrx_word' id='word_1_321' title='bbox 3061 1961 3440 2038; x_wconf 82' lang='grc' dir='ltr'>ἀποδούμενον</span> <span class='ocrx_word' id='word_1_322' title='bbox 3468 1963 3563 2027; x_wconf 70' lang='grc' dir='ltr'>τὰς</span> 
     </span>
    </p>
   </div>
   <div class='ocr_carea' id='block_1_21' title="bbox 243 2052 3563 2137">
    <p class='ocr_par' dir='ltr' id='par_1_21' title="bbox 243 2052 3563 2137">
     <span class='ocr_line' id='line_1_23' title="bbox 243 2052 3563 2137; baseline -0.001 -26"><span class='ocrx_word' id='word_1_323' title='bbox 243 2058 312 2130; x_wconf 82' lang='grc' dir='ltr'><strong>[Ρ.</strong></span> <span class='ocrx_word' id='word_1_324' title='bbox 336 2060 455 2133; x_wconf 86' lang='grc'><strong>251]</strong></span> <span class='ocrx_word' id='word_1_325' title='bbox 485 2056 664 2122; x_wconf 78' lang='grc' dir='ltr'>Τέλος</span> <span class='ocrx_word' id='word_1_326' title='bbox 692 2064 789 2115; x_wconf 79' lang='grc' dir='ltr'><strong>τοῦ</strong></span> <span class='ocrx_word' id='word_1_327' title='bbox 837 2058 972 2116; x_wconf 84' lang='grc' dir='ltr'>κατὰ</span> <span class='ocrx_word' id='word_1_328' title='bbox 1019 2058 1214 2137; x_wconf 86' lang='grc' dir='ltr'>Συρίαν</span> <span class='ocrx_word' id='word_1_329' title='bbox 1247 2057 1578 2136; x_wconf 84' lang='grc' dir='ltr'>Γρηγορίου,</span> <span class='ocrx_word' id='word_1_330' title='bbox 1609 2054 1806 2133; x_wconf 83' lang='grc' dir='ltr'>ἀνδρὸς</span> <span class='ocrx_word' id='word_1_331' title='bbox 1916 2053 2090 2117; x_wconf 77' lang='grc' dir='ltr'>αἰτίας</span> <span class='ocrx_word' id='word_1_332' title='bbox 2164 2054 2256 2109; x_wconf 86' lang='grc' dir='ltr'><strong>τὸν</strong></span> <span class='ocrx_word' id='word_1_333' title='bbox 2338 2053 2665 2129; x_wconf 72' lang='grc' dir='ltr'>αἰτιώμενον</span> <span class='ocrx_word' id='word_1_334' title='bbox 2752 2052 3046 2129; x_wconf 72' lang='grc' dir='ltr'>εἰρηνεύειν</span> <span class='ocrx_word' id='word_1_335' title='bbox 3123 2052 3384 2132; x_wconf 70' lang='grc' dir='ltr'>παρέχειν</span> <span class='ocrx_word' id='word_1_336' title='bbox 3444 2058 3563 2117; x_wconf 85' lang='grc' dir='ltr'>τοῖς</span> 
     </span>
    </p>
   </div>
   <div class='ocr_carea' id='block_1_22' title="bbox 187 2271 3564 2350">
    <p class='ocr_par' dir='ltr' id='par_1_22' title="bbox 187 2271 3564 2350">
     <span class='ocr_line' id='line_1_24' title="bbox 187 2271 3564 2350; baseline -0.001 -20"><span class='ocrx_word' id='word_1_337' title='bbox 187 2275 256 2347; x_wconf 81' lang='lat' dir='ltr'><strong>ﬁt,</strong></span> <span class='ocrx_word' id='word_1_338' title='bbox 284 2276 335 2332; x_wconf 89' lang='lat' dir='ltr'><strong>in</strong></span> <span class='ocrx_word' id='word_1_339' title='bbox 363 2278 489 2350; x_wconf 89' lang='lat' dir='ltr'><strong>ipso</strong></span> <span class='ocrx_word' id='word_1_340' title='bbox 524 2279 896 2336; x_wconf 77' lang='lat' dir='ltr'><strong>tractationis</strong></span> <span class='ocrx_word' id='word_1_341' title='bbox 918 2282 1168 2337; x_wconf 90' lang='lat' dir='ltr'><strong>decursu</strong></span> <span class='ocrx_word' id='word_1_342' title='bbox 1201 2278 1623 2336; x_wconf 70' lang='lat' dir='ltr'><strong>offensionibus</strong></span> <span class='ocrx_word' id='word_1_343' title='bbox 1643 2274 1802 2332; x_wconf 87' lang='lat' dir='ltr'><strong>colli-</strong></span> <span class='ocrx_word' id='word_1_344' title='bbox 1914 2272 2270 2328; x_wconf 81' lang='lat' dir='ltr'><strong>viderentur.</strong></span> <span class='ocrx_word' id='word_1_345' title='bbox 2306 2271 2393 2328; x_wconf 85' lang='lat' dir='ltr'><strong>Illi</strong></span> <span class='ocrx_word' id='word_1_346' title='bbox 2427 2275 2622 2327; x_wconf 86' lang='lat' dir='ltr'><strong>autem</strong></span> <span class='ocrx_word' id='word_1_347' title='bbox 2648 2271 2707 2327; x_wconf 91' lang='lat' dir='ltr'><strong>in</strong></span> <span class='ocrx_word' id='word_1_348' title='bbox 2728 2275 2856 2328; x_wconf 90' lang='lat' dir='ltr'><strong>tuto</strong></span> <span class='ocrx_word' id='word_1_349' title='bbox 2881 2288 3219 2330; x_wconf 82' lang='lat' dir='ltr'><strong>mansuram</strong></span> <span class='ocrx_word' id='word_1_350' title='bbox 3244 2273 3420 2330; x_wconf 88' lang='lat' dir='ltr'><strong>salvis</strong></span> <span class='ocrx_word' id='word_1_351' title='bbox 3438 2273 3564 2330; x_wconf 92' lang='lat' dir='ltr'><strong>suis</strong></span> 
     </span>
    </p>
   </div>
   <div class='ocr_carea' id='block_1_23' title="bbox 188 2360 3559 2440">
    <p class='ocr_par' dir='ltr' id='par_1_23' title="bbox 188 2360 3559 2440">
     <span class='ocr_line' id='line_1_25' title="bbox 188 2360 3559 2440; baseline 0 -21"><span class='ocrx_word' id='word_1_352' title='bbox 188 2365 418 2423; x_wconf 87' lang='lat' dir='ltr'><strong>dentium</strong></span> <span class='ocrx_word' id='word_1_353' title='bbox 448 2384 585 2425; x_wconf 88' lang='lat' dir='ltr'><strong>sese</strong></span> <span class='ocrx_word' id='word_1_354' title='bbox 614 2373 879 2426; x_wconf 84' lang='lat' dir='ltr'><strong>votorum</strong></span> <span class='ocrx_word' id='word_1_355' title='bbox 928 2370 1376 2440; x_wconf 88' lang='lat' dir='ltr'><strong>studiorumque</strong></span> <span class='ocrx_word' id='word_1_356' title='bbox 1417 2368 1569 2424; x_wconf 89' lang='lat' dir='ltr'><strong>inter</strong></span> <span class='ocrx_word' id='word_1_357' title='bbox 1613 2373 1804 2439; x_wconf 86' lang='lat' dir='ltr'><strong>partes</strong></span> <span class='ocrx_word' id='word_1_358' title='bbox 1916 2361 2239 2434; x_wconf 80' lang='lat' dir='ltr'><strong>privilegiis</strong></span> <span class='ocrx_word' id='word_1_359' title='bbox 2274 2378 2339 2416; x_wconf 86' lang='lat' dir='ltr'><strong>ac</strong></span> <span class='ocrx_word' id='word_1_360' title='bbox 2362 2360 2602 2433; x_wconf 87' lang='lat' dir='ltr'><strong>juribus</strong></span> <span class='ocrx_word' id='word_1_361' title='bbox 2633 2361 3281 2435; x_wconf 86' lang='lat' dir='ltr'><strong>Ecclesiam,quidquid</strong></span> <span class='ocrx_word' id='word_1_362' title='bbox 3304 2363 3559 2435; x_wconf 88' lang='lat' dir='ltr'><strong>impera-</strong></span> 
     </span>
    </p>
   </div>
   <div class='ocr_carea' id='block_1_24' title="bbox 186 2449 3561 2532">
    <p class='ocr_par' dir='ltr' id='par_1_24' title="bbox 186 2449 3561 2532">
     <span class='ocr_line' id='line_1_26' title="bbox 186 2449 3561 2532; baseline 0.004 -35"><span class='ocrx_word' id='word_1_363' title='bbox 186 2452 330 2528; x_wconf 66' lang='grc' dir='ltr'><strong>Ῑοιιερ</strong></span> <span class='ocrx_word' id='word_1_364' title='bbox 357 2457 611 2515; x_wconf 60' lang='lat' dir='ltr'><strong>diversis</strong></span> <span class='ocrx_word' id='word_1_365' title='bbox 660 2459 940 2531; x_wconf 58' lang='lat' dir='ltr'><strong>utrinque</strong></span> <span class='ocrx_word' id='word_1_366' title='bbox 972 2457 1727 2532; x_wconf 62' lang='lat' dir='ltr'><strong>prmoccupatagaﬂ&#39;ectibus</strong></span> <span class='ocrx_word' id='word_1_367' title='bbox 1748 2461 1804 2512; x_wconf 79' lang='lat' dir='ltr'><strong>et,</strong></span> <span class='ocrx_word' id='word_1_368' title='bbox 1915 2449 2133 2506; x_wconf 90' lang='lat' dir='ltr'><strong>toristis</strong></span> <span class='ocrx_word' id='word_1_369' title='bbox 2184 2450 2588 2506; x_wconf 88' lang='lat' dir='ltr'><strong>molitionibus</strong></span> <span class='ocrx_word' id='word_1_370' title='bbox 2646 2450 2927 2507; x_wconf 85' lang='lat' dir='ltr'><strong>utilitatis</strong></span> <span class='ocrx_word' id='word_1_371' title='bbox 2971 2451 3192 2509; x_wconf 87' lang='lat' dir='ltr'><strong>intuitu</strong></span> <span class='ocrx_word' id='word_1_372' title='bbox 3253 2453 3561 2525; x_wconf 63' lang='lat' dir='ltr'><strong>praesentis</strong></span> 
     </span>
    </p>
   </div>
   <div class='ocr_carea' id='block_1_25' title="bbox 187 2539 3567 2621">
    <p class='ocr_par' dir='ltr' id='par_1_25' title="bbox 187 2539 3567 2621">
     <span class='ocr_line' id='line_1_27' title="bbox 187 2539 3567 2621; baseline -0.002 -18"><span class='ocrx_word' id='word_1_373' title='bbox 187 2545 428 2603; x_wconf 80' lang='lat' dir='ltr'><strong>sensibus</strong></span> <span class='ocrx_word' id='word_1_374' title='bbox 451 2568 466 2615; x_wconf 85' lang='lat'><strong>;</strong></span> <span class='ocrx_word' id='word_1_375' title='bbox 487 2548 726 2604; x_wconf 91' lang='lat' dir='ltr'><strong>undein</strong></span> <span class='ocrx_word' id='word_1_376' title='bbox 750 2548 989 2621; x_wconf 86' lang='lat' dir='ltr'><strong>plenum</strong></span> <span class='ocrx_word' id='word_1_377' title='bbox 1006 2549 1274 2606; x_wconf 77' lang='lat' dir='ltr'><strong>effectum</strong></span> <span class='ocrx_word' id='word_1_378' title='bbox 1294 2547 1533 2605; x_wconf 77' lang='lat' dir='ltr'><strong>sincerae</strong></span> <span class='ocrx_word' id='word_1_379' title='bbox 1565 2563 1800 2603; x_wconf 77' lang='lat' dir='ltr'><strong>concor-</strong></span> <span class='ocrx_word' id='word_1_380' title='bbox 1914 2539 2187 2606; x_wconf 82' lang='lat' dir='ltr'><strong>efﬁceret,</strong></span> <span class='ocrx_word' id='word_1_381' title='bbox 2238 2539 2529 2611; x_wconf 88' lang='lat' dir='ltr'><strong>arbitrari,</strong></span> <span class='ocrx_word' id='word_1_382' title='bbox 2564 2544 2627 2596; x_wconf 91' lang='lat' dir='ltr'><strong>ut</strong></span> <span class='ocrx_word' id='word_1_383' title='bbox 2657 2540 2881 2597; x_wconf 80' lang='lat' dir='ltr'><strong>dictum</strong></span> <span class='ocrx_word' id='word_1_384' title='bbox 2913 2546 3019 2611; x_wconf 90' lang='lat' dir='ltr'><strong>est,</strong></span> <span class='ocrx_word' id='word_1_385' title='bbox 3051 2542 3418 2614; x_wconf 84' lang='lat' dir='ltr'><strong>quieverunt,</strong></span> <span class='ocrx_word' id='word_1_386' title='bbox 3477 2541 3567 2599; x_wconf 90' lang='lat' dir='ltr'><strong>vel</strong></span> 
     </span>
    </p>
   </div>
   <div class='ocr_carea' id='block_1_26' title="bbox 187 2628 3565 2711">
    <p class='ocr_par' dir='ltr' id='par_1_26' title="bbox 187 2628 3565 2711">
     <span class='ocr_line' id='line_1_28' title="bbox 187 2628 3565 2711; baseline 0 -22"><span class='ocrx_word' id='word_1_387' title='bbox 187 2633 274 2690; x_wconf 73' lang='lat' dir='ltr'><strong>dite</strong></span> <span class='ocrx_word' id='word_1_388' title='bbox 316 2637 557 2709; x_wconf 85' lang='lat' dir='ltr'><strong>perduci</strong></span> <span class='ocrx_word' id='word_1_389' title='bbox 621 2639 893 2695; x_wconf 82' lang='lat' dir='ltr'><strong>tractatio</strong></span> <span class='ocrx_word' id='word_1_390' title='bbox 942 2656 1246 2711; x_wconf 83' lang='lat' dir='ltr'><strong>nunquam</strong></span> <span class='ocrx_word' id='word_1_391' title='bbox 1302 2641 1517 2711; x_wconf 79' lang='lat' dir='ltr'><strong>posset.</strong></span> <span class='ocrx_word' id='word_1_392' title='bbox 1584 2635 1802 2693; x_wconf 87' lang='lat' dir='ltr'><strong>Deinde</strong></span> <span class='ocrx_word' id='word_1_393' title='bbox 1913 2629 2075 2701; x_wconf 88' lang='lat' dir='ltr'><strong>ipsos</strong></span> <span class='ocrx_word' id='word_1_394' title='bbox 2101 2628 2202 2685; x_wconf 89' lang='lat' dir='ltr'><strong>illo</strong></span> <span class='ocrx_word' id='word_1_395' title='bbox 2230 2630 2485 2700; x_wconf 89' lang='lat' dir='ltr'><strong>quodam</strong></span> <span class='ocrx_word' id='word_1_396' title='bbox 2519 2631 2696 2686; x_wconf 90' lang='lat' dir='ltr'><strong>tacito</strong></span> <span class='ocrx_word' id='word_1_397' title='bbox 2740 2630 2959 2686; x_wconf 88' lang='lat' dir='ltr'><strong>silentii</strong></span> <span class='ocrx_word' id='word_1_398' title='bbox 2990 2632 3268 2702; x_wconf 71' lang='lat' dir='ltr'><strong>suffragio</strong></span> <span class='ocrx_word' id='word_1_399' title='bbox 3299 2649 3565 2704; x_wconf 88' lang='lat' dir='ltr'><strong>compro-</strong></span> 
     </span>
    </p>
   </div>
   <div class='ocr_carea' id='block_1_27' title="bbox 189 2717 3561 2801">
    <p class='ocr_par' dir='ltr' id='par_1_27' title="bbox 189 2717 3561 2801">
     <span class='ocr_line' id='line_1_29' title="bbox 189 2717 3561 2801; baseline -0.001 -22"><span class='ocrx_word' id='word_1_400' title='bbox 189 2726 301 2794; x_wconf 87' lang='lat' dir='ltr'><strong>quia</strong></span> <span class='ocrx_word' id='word_1_401' title='bbox 323 2726 402 2783; x_wconf 88' lang='lat' dir='ltr'><strong>vel</strong></span> <span class='ocrx_word' id='word_1_402' title='bbox 434 2732 483 2784; x_wconf 88' lang='lat' dir='ltr'><strong>si</strong></span> <span class='ocrx_word' id='word_1_403' title='bbox 519 2728 671 2784; x_wconf 76' lang='lat' dir='ltr'><strong>forte</strong></span> <span class='ocrx_word' id='word_1_404' title='bbox 701 2728 1004 2785; x_wconf 87' lang='lat' dir='ltr'><strong>conventio</strong></span> <span class='ocrx_word' id='word_1_405' title='bbox 1038 2730 1294 2801; x_wconf 88' lang='lat' dir='ltr'><strong>partium</strong></span> <span class='ocrx_word' id='word_1_406' title='bbox 1338 2744 1616 2784; x_wconf 80' lang='lat' dir='ltr'><strong>assscnsu</strong></span> <span class='ocrx_word' id='word_1_407' title='bbox 1676 2742 1803 2782; x_wconf 85' lang='lat' dir='ltr'><strong>coa-</strong></span> <span class='ocrx_word' id='word_1_408' title='bbox 1913 2717 2049 2773; x_wconf 89' lang='lat' dir='ltr'><strong>bare</strong></span> <span class='ocrx_word' id='word_1_409' title='bbox 2078 2717 2187 2773; x_wconf 88' lang='lat' dir='ltr'><strong>visi</strong></span> <span class='ocrx_word' id='word_1_410' title='bbox 2219 2736 2345 2791; x_wconf 74' lang='lat' dir='ltr'><strong>quas</strong></span> <span class='ocrx_word' id='word_1_411' title='bbox 2378 2719 2695 2791; x_wconf 85' lang='lat' dir='ltr'><strong>imperator</strong></span> <span class='ocrx_word' id='word_1_412' title='bbox 2728 2737 2955 2777; x_wconf 89' lang='lat' dir='ltr'><strong>movere</strong></span> <span class='ocrx_word' id='word_1_413' title='bbox 2989 2721 3059 2776; x_wconf 90' lang='lat' dir='ltr'><strong>de</strong></span> <span class='ocrx_word' id='word_1_414' title='bbox 3090 2721 3308 2777; x_wconf 87' lang='lat' dir='ltr'><strong>talibus</strong></span> <span class='ocrx_word' id='word_1_415' title='bbox 3365 2721 3561 2793; x_wconf 89' lang='lat' dir='ltr'><strong>incep-</strong></span> 
     </span>
    </p>
   </div>
   <div class='ocr_carea' id='block_1_28' title="bbox 185 2807 3557 2890">
    <p class='ocr_par' dir='ltr' id='par_1_28' title="bbox 185 2807 3557 2890">
     <span class='ocr_line' id='line_1_30' title="bbox 185 2807 3557 2890; baseline -0.001 -22"><span class='ocrx_word' id='word_1_416' title='bbox 185 2810 393 2872; x_wconf 86' lang='lat' dir='ltr'><strong>lesceret</strong></span> <span class='ocrx_word' id='word_1_417' title='bbox 422 2818 478 2873; x_wconf 90' lang='lat' dir='ltr'><strong>in</strong></span> <span class='ocrx_word' id='word_1_418' title='bbox 503 2821 683 2889; x_wconf 88' lang='lat' dir='ltr'><strong>pacta</strong></span> <span class='ocrx_word' id='word_1_419' title='bbox 712 2818 989 2889; x_wconf 88' lang='lat' dir='ltr'><strong>utrinque</strong></span> <span class='ocrx_word' id='word_1_420' title='bbox 1017 2818 1313 2890; x_wconf 88' lang='lat' dir='ltr'><strong>stipulata,</strong></span> <span class='ocrx_word' id='word_1_421' title='bbox 1344 2817 1514 2886; x_wconf 67' lang='lat' dir='ltr'><strong>{haud</strong></span> <span class='ocrx_word' id='word_1_422' title='bbox 1563 2819 1800 2872; x_wconf 89' lang='lat' dir='ltr'><strong>secutu-</strong></span> <span class='ocrx_word' id='word_1_423' title='bbox 1914 2807 2093 2863; x_wconf 82' lang='lat' dir='ltr'><strong>tabat.</strong></span> <span class='ocrx_word' id='word_1_424' title='bbox 2128 2808 2240 2863; x_wconf 90' lang='lat' dir='ltr'><strong>Nec</strong></span> <span class='ocrx_word' id='word_1_425' title='bbox 2273 2825 2549 2879; x_wconf 84' lang='lat' dir='ltr'><strong>processu</strong></span> <span class='ocrx_word' id='word_1_426' title='bbox 2583 2808 2741 2879; x_wconf 89' lang='lat' dir='ltr'><strong>ipsos</strong></span> <span class='ocrx_word' id='word_1_427' title='bbox 2775 2809 2986 2881; x_wconf 85' lang='lat' dir='ltr'><strong>negotii</strong></span> <span class='ocrx_word' id='word_1_428' title='bbox 3033 2826 3136 2881; x_wconf 91' lang='lat' dir='ltr'><strong>per</strong></span> <span class='ocrx_word' id='word_1_429' title='bbox 3165 2810 3351 2865; x_wconf 88' lang='lat' dir='ltr'><strong>lentas</strong></span> <span class='ocrx_word' id='word_1_430' title='bbox 3386 2810 3557 2864; x_wconf 88' lang='lat' dir='ltr'><strong>tracti</strong></span> 
     </span>
    </p>
   </div>
   <div class='ocr_carea' id='block_1_29' title="bbox 188 2897 3557 2979">
    <p class='ocr_par' dir='ltr' id='par_1_29' title="bbox 188 2897 3557 2979">
     <span class='ocr_line' id='line_1_31' title="bbox 188 2897 3557 2979; baseline -0.002 -18"><span class='ocrx_word' id='word_1_431' title='bbox 188 2906 348 2960; x_wconf 79' lang='lat' dir='ltr'><strong>turam</strong></span> <span class='ocrx_word' id='word_1_432' title='bbox 386 2909 585 2963; x_wconf 88' lang='lat' dir='ltr'><strong>tamen</strong></span> <span class='ocrx_word' id='word_1_433' title='bbox 623 2924 882 2979; x_wconf 88' lang='lat' dir='ltr'><strong>unquam</strong></span> <span class='ocrx_word' id='word_1_434' title='bbox 901 2907 1293 2979; x_wconf 83' lang='lat' dir='ltr'><strong>opinabantur</strong></span> <span class='ocrx_word' id='word_1_435' title='bbox 1324 2909 1566 2978; x_wconf 83' lang='lat' dir='ltr'><strong>exparte</strong></span> <span class='ocrx_word' id='word_1_436' title='bbox 1585 2904 1802 2960; x_wconf 78' lang='lat' dir='ltr'><strong>Grteco-</strong></span> <span class='ocrx_word' id='word_1_437' title='bbox 1914 2914 2109 2953; x_wconf 86' lang='lat' dir='ltr'><strong>moras</strong></span> <span class='ocrx_word' id='word_1_438' title='bbox 2136 2897 2371 2953; x_wconf 84' lang='lat' dir='ltr'><strong>excitati</strong></span> <span class='ocrx_word' id='word_1_439' title='bbox 2405 2901 2564 2963; x_wconf 89' lang='lat' dir='ltr'><strong>sunt,</strong></span> <span class='ocrx_word' id='word_1_440' title='bbox 2598 2897 2808 2953; x_wconf 85' lang='lat' dir='ltr'><strong>stolide</strong></span> <span class='ocrx_word' id='word_1_441' title='bbox 2836 2899 3022 2953; x_wconf 90' lang='lat' dir='ltr'><strong>securi</strong></span> <span class='ocrx_word' id='word_1_442' title='bbox 3073 2916 3176 2970; x_wconf 90' lang='lat' dir='ltr'><strong>per</strong></span> <span class='ocrx_word' id='word_1_443' title='bbox 3222 2898 3557 2969; x_wconf 85' lang='lat' dir='ltr'><strong>opinionem</strong></span> 
     </span>
    </p>
   </div>
   <div class='ocr_carea' id='block_1_30' title="bbox 184 2985 3556 3069">
    <p class='ocr_par' dir='ltr' id='par_1_30' title="bbox 184 2985 3556 3069">
     <span class='ocr_line' id='line_1_32' title="bbox 184 2985 3556 3069; baseline -0.001 -19"><span class='ocrx_word' id='word_1_444' title='bbox 184 3008 291 3050; x_wconf 87' lang='lat' dir='ltr'><strong>rum</strong></span> <span class='ocrx_word' id='word_1_445' title='bbox 317 2995 749 3052; x_wconf 78' lang='lat' dir='ltr'><strong>exsecutionem</strong></span> <span class='ocrx_word' id='word_1_446' title='bbox 782 3001 1018 3069; x_wconf 80' lang='lat' dir='ltr'><strong>propter</strong></span> <span class='ocrx_word' id='word_1_447' title='bbox 1047 2997 1161 3052; x_wconf 91' lang='lat' dir='ltr'><strong>alte</strong></span> <span class='ocrx_word' id='word_1_448' title='bbox 1210 2995 1556 3068; x_wconf 79' lang='lat' dir='ltr'><strong>impressam</strong></span> <span class='ocrx_word' id='word_1_449' title='bbox 1588 2992 1803 3049; x_wconf 90' lang='lat' dir='ltr'><strong>animis</strong></span> <span class='ocrx_word' id='word_1_450' title='bbox 1914 2985 2146 3056; x_wconf 81' lang='lat' dir='ltr'><strong>falsam,</strong></span> <span class='ocrx_word' id='word_1_451' title='bbox 2182 3004 2296 3058; x_wconf 88' lang='lat' dir='ltr'><strong>qua</strong></span> <span class='ocrx_word' id='word_1_452' title='bbox 2329 2990 2513 3057; x_wconf 83' lang='lat' dir='ltr'><strong>coepta</strong></span> <span class='ocrx_word' id='word_1_453' title='bbox 2554 2986 2842 3056; x_wconf 83' lang='lat' dir='ltr'><strong>ejusmodi</strong></span> <span class='ocrx_word' id='word_1_454' title='bbox 2894 3003 3194 3058; x_wconf 83' lang='lat' dir='ltr'><strong>nunquam</strong></span> <span class='ocrx_word' id='word_1_455' title='bbox 3247 2988 3319 3042; x_wconf 89' lang='lat' dir='ltr'><strong>ad</strong></span> <span class='ocrx_word' id='word_1_456' title='bbox 3380 2987 3556 3042; x_wconf 82' lang='lat' dir='ltr'><strong>ﬁnem</strong></span> 
     </span>
    </p>
   </div>
   <div class='ocr_carea' id='block_1_31' title="bbox 182 3076 2990 3149">
    <p class='ocr_par' dir='ltr' id='par_1_31' title="bbox 182 3076 2990 3149">
     <span class='ocr_line' id='line_1_33' title="bbox 182 3076 2990 3149; baseline -0.001 -14"><span class='ocrx_word' id='word_1_457' title='bbox 182 3084 402 3141; x_wconf 83' lang='lat' dir='ltr'><strong>nationis</strong></span> <span class='ocrx_word' id='word_1_458' title='bbox 432 3084 603 3142; x_wconf 88' lang='lat' dir='ltr'><strong>illius</strong></span> <span class='ocrx_word' id='word_1_459' title='bbox 637 3085 923 3142; x_wconf 70' lang='lat' dir='ltr'><strong>universa:</strong></span> <span class='ocrx_word' id='word_1_460' title='bbox 944 3085 1306 3142; x_wconf 89' lang='lat' dir='ltr'><strong>aversionem</strong></span> <span class='ocrx_word' id='word_1_461' title='bbox 1366 3102 1399 3139; x_wconf 91' lang='lat' dir='ltr'><strong>a</strong></span> <span class='ocrx_word' id='word_1_462' title='bbox 1431 3082 1643 3139; x_wconf 83' lang='lat' dir='ltr'><strong>ritibus</strong></span> <span class='ocrx_word' id='word_1_463' title='bbox 1675 3098 1797 3137; x_wconf 91' lang='lat' dir='ltr'><strong>mo-</strong></span> <span class='ocrx_word' id='word_1_464' title='bbox 1835 3132 1872 3149; x_wconf 59' lang='grc' dir='ltr'><em>η</em></span> <span class='ocrx_word' id='word_1_465' title='bbox 1912 3076 2277 3149; x_wconf 89' lang='lat' dir='ltr'><strong>provehenda</strong></span> <span class='ocrx_word' id='word_1_466' title='bbox 2306 3093 2657 3149; x_wconf 88' lang='lat' dir='ltr'><strong>persuasum</strong></span> <span class='ocrx_word' id='word_1_467' title='bbox 2681 3076 2990 3133; x_wconf 83' lang='lat' dir='ltr'><strong>habebant.</strong></span> 
     </span>
    </p>
   </div>
   <div class='ocr_carea' id='block_1_32' title="bbox 181 3132 1874 3247">
    <p class='ocr_par' dir='ltr' id='par_1_32' title="bbox 181 3132 1874 3247">
     <span class='ocr_line' id='line_1_34' title="bbox 181 3132 1874 3247; baseline 0 -22"><span class='ocrx_word' id='word_1_468' title='bbox 181 3169 447 3246; x_wconf 85' lang='lat' dir='ltr'><strong>ribusque,</strong></span> <span class='ocrx_word' id='word_1_469' title='bbox 479 3192 555 3233; x_wconf 85' lang='lat' dir='ltr'><strong>ac</strong></span> <span class='ocrx_word' id='word_1_470' title='bbox 586 3176 913 3246; x_wconf 72' lang='lat' dir='ltr'><strong>praesertim</strong></span> <span class='ocrx_word' id='word_1_471' title='bbox 946 3174 1192 3247; x_wconf 89' lang='lat' dir='ltr'><strong>imperio</strong></span> <span class='ocrx_word' id='word_1_472' title='bbox 1224 3170 1517 3247; x_wconf 90' lang='lat' dir='ltr'><strong>spirituali</strong></span> <span class='ocrx_word' id='word_1_473' title='bbox 1552 3170 1801 3228; x_wconf 79' lang='lat' dir='ltr'><strong>auctori-</strong></span> <span class='ocrx_word' id='word_1_474' title='bbox 1831 3132 1874 3199; x_wconf 57' lang='grc' dir='ltr'><strong>θ’</strong></span> 
     </span>
    </p>
   </div>
   <div class='ocr_carea' id='block_1_33' title="bbox 183 3262 1806 3335">
    <p class='ocr_par' dir='ltr' id='par_1_33' title="bbox 183 3262 1806 3335">
     <span class='ocr_line' id='line_1_35' title="bbox 183 3262 1806 3335; baseline 0 -20"><span class='ocrx_word' id='word_1_475' title='bbox 183 3265 386 3335; x_wconf 80' lang='lat' dir='ltr'><strong>taleque</strong></span> <span class='ocrx_word' id='word_1_476' title='bbox 443 3265 504 3321; x_wconf 92' lang='lat' dir='ltr'><strong>in</strong></span> <span class='ocrx_word' id='word_1_477' title='bbox 570 3264 749 3321; x_wconf 88' lang='lat' dir='ltr'><strong>rebus</strong></span> <span class='ocrx_word' id='word_1_478' title='bbox 805 3264 1220 3322; x_wconf 87' lang='lat' dir='ltr'><strong>ecclesiasticis</strong></span> <span class='ocrx_word' id='word_1_479' title='bbox 1279 3262 1566 3335; x_wconf 88' lang='lat' dir='ltr'><strong>superiori</strong></span> <span class='ocrx_word' id='word_1_480' title='bbox 1626 3278 1806 3333; x_wconf 88' lang='lat' dir='ltr'><strong>agno-</strong></span> 
     </span>
    </p>
   </div>
   <div class='ocr_carea' id='block_1_34' title="bbox 181 3350 1805 3426">
    <p class='ocr_par' dir='ltr' id='par_1_34' title="bbox 181 3350 1805 3426">
     <span class='ocr_line' id='line_1_36' title="bbox 181 3350 1805 3426; baseline 0 -22"><span class='ocrx_word' id='word_1_481' title='bbox 181 3352 366 3407; x_wconf 87' lang='lat' dir='ltr'><strong>scenda</strong></span> <span class='ocrx_word' id='word_1_482' title='bbox 387 3354 775 3423; x_wconf 82' lang='lat' dir='ltr'><strong>Latinorum;</strong></span> <span class='ocrx_word' id='word_1_483' title='bbox 807 3372 877 3411; x_wconf 85' lang='lat' dir='ltr'><strong>ex</strong></span> <span class='ocrx_word' id='word_1_484' title='bbox 897 3371 1014 3426; x_wconf 91' lang='lat' dir='ltr'><strong>qua</strong></span> <span class='ocrx_word' id='word_1_485' title='bbox 1043 3352 1162 3409; x_wconf 88' lang='lat' dir='ltr'><strong>iras</strong></span> <span class='ocrx_word' id='word_1_486' title='bbox 1193 3352 1441 3424; x_wconf 86' lang='lat' dir='ltr'><strong>odiaque</strong></span> <span class='ocrx_word' id='word_1_487' title='bbox 1482 3350 1540 3407; x_wconf 90' lang='lat' dir='ltr'><strong>in</strong></span> <span class='ocrx_word' id='word_1_488' title='bbox 1572 3353 1805 3405; x_wconf 91' lang='lat' dir='ltr'><strong>tantum</strong></span> 
     </span>
    </p>
   </div>
   <div class='ocr_carea' id='block_1_35' title="bbox 177 3430 3558 3506">
    <p class='ocr_par' dir='ltr' id='par_1_35' title="bbox 177 3430 3558 3506">
     <span class='ocr_line' id='line_1_37' title="bbox 177 3430 3558 3506; baseline -0.002 -10"><span class='ocrx_word' id='word_1_489' title='bbox 177 3442 431 3499; x_wconf 76' lang='lat' dir='ltr'><strong>exarsisse</strong></span> <span class='ocrx_word' id='word_1_490' title='bbox 461 3442 856 3500; x_wconf 87' lang='lat' dir='ltr'><strong>dissidiorum</strong></span> <span class='ocrx_word' id='word_1_491' title='bbox 887 3446 1238 3499; x_wconf 61' lang='lat' dir='ltr'><strong>aeternorum</strong></span> <span class='ocrx_word' id='word_1_492' title='bbox 1282 3440 1617 3498; x_wconf 89' lang='lat' dir='ltr'><strong>incendium</strong></span> <span class='ocrx_word' id='word_1_493' title='bbox 1648 3440 1803 3495; x_wconf 86' lang='lat' dir='ltr'><strong>vide-</strong></span> <span class='ocrx_word' id='word_1_494' title='bbox 1983 3433 2132 3489; x_wconf 90' lang='lat' dir='ltr'><strong>Dum</strong></span> <span class='ocrx_word' id='word_1_495' title='bbox 2162 3432 2282 3488; x_wconf 73' lang='lat' dir='ltr'><strong>haec</strong></span> <span class='ocrx_word' id='word_1_496' title='bbox 2315 3431 2637 3505; x_wconf 86' lang='lat' dir='ltr'><strong>agitantur,</strong></span> <span class='ocrx_word' id='word_1_497' title='bbox 2665 3430 2941 3504; x_wconf 83' lang='lat' dir='ltr'><strong>Gregorio</strong></span> <span class='ocrx_word' id='word_1_498' title='bbox 2963 3430 3063 3504; x_wconf 88' lang='lat' dir='ltr'><strong>qui</strong></span> <span class='ocrx_word' id='word_1_499' title='bbox 3101 3436 3228 3488; x_wconf 89' lang='lat' dir='ltr'><strong>erat</strong></span> <span class='ocrx_word' id='word_1_500' title='bbox 3271 3432 3330 3488; x_wconf 91' lang='lat' dir='ltr'><strong>in</strong></span> <span class='ocrx_word' id='word_1_501' title='bbox 3370 3434 3558 3506; x_wconf 83' lang='lat' dir='ltr'><strong>Syria,</strong></span> 
     </span>
    </p>
   </div>
   <div class='ocr_carea' id='block_1_36' title="bbox 179 3521 3558 3606">
    <p class='ocr_par' dir='ltr' id='par_1_36' title="bbox 179 3521 3558 3606">
     <span class='ocr_line' id='line_1_38' title="bbox 179 3521 3558 3606; baseline -0.001 -24"><span class='ocrx_word' id='word_1_502' title='bbox 179 3527 314 3600; x_wconf 84' lang='lat' dir='ltr'><strong>bant,</strong></span> <span class='ocrx_word' id='word_1_503' title='bbox 343 3532 434 3587; x_wconf 90' lang='lat' dir='ltr'><strong>cui</strong></span> <span class='ocrx_word' id='word_1_504' title='bbox 467 3534 632 3589; x_wconf 88' lang='lat' dir='ltr'><strong>bona</strong></span> <span class='ocrx_word' id='word_1_505' title='bbox 661 3534 775 3589; x_wconf 83' lang='lat' dir='ltr'><strong>ﬁde</strong></span> <span class='ocrx_word' id='word_1_506' title='bbox 804 3533 1223 3606; x_wconf 87' lang='lat' dir='ltr'><strong>restinguendo</strong></span> <span class='ocrx_word' id='word_1_507' title='bbox 1257 3531 1481 3587; x_wconf 87' lang='lat' dir='ltr'><strong>nullam</strong></span> <span class='ocrx_word' id='word_1_508' title='bbox 1522 3530 1803 3586; x_wconf 83' lang='lat' dir='ltr'><strong>suﬂ‘ectu-</strong></span> <span class='ocrx_word' id='word_1_509' title='bbox 1909 3522 2158 3579; x_wconf 87' lang='lat' dir='ltr'><strong>virolate</strong></span> <span class='ocrx_word' id='word_1_510' title='bbox 2175 3522 2467 3579; x_wconf 90' lang='lat' dir='ltr'><strong>celebrato</strong></span> <span class='ocrx_word' id='word_1_511' title='bbox 2488 3521 3558 3595; x_wconf 82' lang='lat' dir='ltr'><strong>famavirtutisetinsigniterstudioso</strong></span> 
     </span>
    </p>
   </div>
   <div class='ocr_carea' id='block_1_37' title="bbox 178 3612 3555 3695">
    <p class='ocr_par' dir='ltr' id='par_1_37' title="bbox 178 3612 3555 3695">
     <span class='ocr_line' id='line_1_39' title="bbox 178 3612 3555 3695; baseline -0.001 -22"><span class='ocrx_word' id='word_1_512' title='bbox 178 3634 284 3675; x_wconf 85' lang='lat' dir='ltr'><strong>ram</strong></span> <span class='ocrx_word' id='word_1_513' title='bbox 338 3627 655 3694; x_wconf 85' lang='lat' dir='ltr'><strong>appareret</strong></span> <span class='ocrx_word' id='word_1_514' title='bbox 702 3622 1128 3695; x_wconf 89' lang='lat' dir='ltr'><strong>qualiscunque</strong></span> <span class='ocrx_word' id='word_1_515' title='bbox 1179 3620 1606 3678; x_wconf 88' lang='lat' dir='ltr'><strong>conciliationis</strong></span> <span class='ocrx_word' id='word_1_516' title='bbox 1654 3618 1807 3673; x_wconf 91' lang='lat' dir='ltr'><strong>inter</strong></span> <span class='ocrx_word' id='word_1_517' title='bbox 1911 3614 2166 3686; x_wconf 68' lang='lat' dir='ltr'><strong>antiquas</strong></span> <span class='ocrx_word' id='word_1_518' title='bbox 2199 3612 2591 3669; x_wconf 83' lang='lat' dir='ltr'><strong>Ecclesiarum</strong></span> <span class='ocrx_word' id='word_1_519' title='bbox 2617 3612 2778 3684; x_wconf 86' lang='lat' dir='ltr'><strong>pacis</strong></span> <span class='ocrx_word' id='word_1_520' title='bbox 2819 3620 2992 3684; x_wconf 90' lang='lat' dir='ltr'><strong>alque</strong></span> <span class='ocrx_word' id='word_1_521' title='bbox 3047 3612 3393 3685; x_wconf 64' lang='lat' dir='ltr'><strong>concordia,</strong></span> <span class='ocrx_word' id='word_1_522' title='bbox 3426 3619 3555 3670; x_wconf 91' lang='lat' dir='ltr'><strong>tan-</strong></span> 
     </span>
    </p>
   </div>
   <div class='ocr_carea' id='block_1_38' title="bbox 181 3701 3551 3785">
    <p class='ocr_par' dir='ltr' id='par_1_38' title="bbox 181 3701 3551 3785">
     <span class='ocr_line' id='line_1_40' title="bbox 181 3701 3551 3785; baseline -0.001 -25"><span class='ocrx_word' id='word_1_523' title='bbox 181 3708 347 3780; x_wconf 88' lang='lat' dir='ltr'><strong>capita</strong></span> <span class='ocrx_word' id='word_1_524' title='bbox 374 3712 665 3785; x_wconf 88' lang='lat' dir='ltr'><strong>partium,</strong></span> <span class='ocrx_word' id='word_1_525' title='bbox 701 3712 1015 3783; x_wconf 89' lang='lat' dir='ltr'><strong>quantavis</strong></span> <span class='ocrx_word' id='word_1_526' title='bbox 1047 3710 1281 3768; x_wconf 61' lang='lat' dir='ltr'><strong>sancitw</strong></span> <span class='ocrx_word' id='word_1_527' title='bbox 1316 3708 1619 3782; x_wconf 85' lang='lat' dir='ltr'><strong>religione,</strong></span> <span class='ocrx_word' id='word_1_528' title='bbox 1642 3724 1800 3763; x_wconf 87' lang='lat' dir='ltr'><strong>reve-</strong></span> <span class='ocrx_word' id='word_1_529' title='bbox 1909 3703 2040 3757; x_wconf 90' lang='lat' dir='ltr'><strong>dem</strong></span> <span class='ocrx_word' id='word_1_530' title='bbox 2068 3703 2124 3757; x_wconf 90' lang='lat' dir='ltr'><strong>in</strong></span> <span class='ocrx_word' id='word_1_531' title='bbox 2146 3701 2414 3775; x_wconf 85' lang='lat' dir='ltr'><strong>papalem</strong></span> <span class='ocrx_word' id='word_1_532' title='bbox 2444 3701 3003 3774; x_wconf 87' lang='lat' dir='ltr'><strong>dignitatemvocato</strong></span> <span class='ocrx_word' id='word_1_533' title='bbox 3020 3702 3551 3776; x_wconf 83' lang='lat' dir='ltr'><strong>eteSyriaRomam</strong></span> 
     </span>
    </p>
   </div>
   <div class='ocr_carea' id='block_1_39' title="bbox 177 3791 3556 3870">
    <p class='ocr_par' dir='ltr' id='par_1_39' title="bbox 177 3791 3556 3870">
     <span class='ocr_line' id='line_1_41' title="bbox 177 3791 3556 3870; baseline -0.001 -18"><span class='ocrx_word' id='word_1_534' title='bbox 177 3799 501 3858; x_wconf 86' lang='lat' dir='ltr'><strong>rentiam.Ei</strong></span> <span class='ocrx_word' id='word_1_535' title='bbox 536 3802 764 3858; x_wconf 68' lang='lat' dir='ltr'><strong>ﬁduciae</strong></span> <span class='ocrx_word' id='word_1_536' title='bbox 794 3802 1067 3858; x_wconf 61' lang='lat' dir='ltr'><strong>Ecclesia:</strong></span> <span class='ocrx_word' id='word_1_537' title='bbox 1098 3806 1238 3857; x_wconf 87' lang='lat' dir='ltr'><strong>tunc</strong></span> <span class='ocrx_word' id='word_1_538' title='bbox 1272 3804 1483 3856; x_wconf 66' lang='lat' dir='ltr'><strong>nostris</strong></span> <span class='ocrx_word' id='word_1_539' title='bbox 1510 3797 1803 3870; x_wconf 90' lang='lat' dir='ltr'><strong>principes</strong></span> <span class='ocrx_word' id='word_1_540' title='bbox 1900 3793 2023 3863; x_wconf 82' lang='lat' dir='ltr'><strong>jam</strong></span> <span class='ocrx_word' id='word_1_541' title='bbox 2060 3793 2128 3848; x_wconf 91' lang='lat' dir='ltr'><strong>ad</strong></span> <span class='ocrx_word' id='word_1_542' title='bbox 2156 3793 2263 3847; x_wconf 92' lang='lat' dir='ltr'><strong>hoc</strong></span> <span class='ocrx_word' id='word_1_543' title='bbox 2311 3791 2726 3865; x_wconf 81' lang='lat' dir='ltr'><strong>proficiscenti,</strong></span> <span class='ocrx_word' id='word_1_544' title='bbox 2759 3792 2917 3846; x_wconf 88' lang='lat' dir='ltr'><strong>venit</strong></span> <span class='ocrx_word' id='word_1_545' title='bbox 2947 3793 3005 3847; x_wconf 90' lang='lat' dir='ltr'><strong>in</strong></span> <span class='ocrx_word' id='word_1_546' title='bbox 3039 3798 3291 3848; x_wconf 88' lang='lat' dir='ltr'><strong>mentem</strong></span> <span class='ocrx_word' id='word_1_547' title='bbox 3324 3794 3556 3850; x_wconf 88' lang='lat' dir='ltr'><strong>mittere</strong></span> 
     </span>
    </p>
   </div>
   <div class='ocr_carea' id='block_1_40' title="bbox 177 3880 3557 3964">
    <p class='ocr_par' dir='ltr' id='par_1_40' title="bbox 177 3880 3557 3964">
     <span class='ocr_line' id='line_1_42' title="bbox 177 3880 3557 3964; baseline -0.001 -25"><span class='ocrx_word' id='word_1_548' title='bbox 177 3885 1094 3964; x_wconf 59' lang='lat' dir='ltr'><strong>indormientes,preterquammt</strong></span> <span class='ocrx_word' id='word_1_549' title='bbox 1123 3889 1261 3961; x_wconf 80' lang='lat' dir='ltr'><strong>dixi,</strong></span> <span class='ocrx_word' id='word_1_550' title='bbox 1294 3889 1519 3963; x_wconf 85' lang='lat' dir='ltr'><strong>placide</strong></span> <span class='ocrx_word' id='word_1_551' title='bbox 1544 3887 1796 3943; x_wconf 87' lang='lat' dir='ltr'><strong>admise-</strong></span> <span class='ocrx_word' id='word_1_552' title='bbox 1907 3882 1978 3937; x_wconf 91' lang='lat' dir='ltr'><strong>ad</strong></span> <span class='ocrx_word' id='word_1_553' title='bbox 2014 3882 2421 3953; x_wconf 87' lang='lat' dir='ltr'><strong>imperatorem</strong></span> <span class='ocrx_word' id='word_1_554' title='bbox 2466 3886 2654 3937; x_wconf 91' lang='lat' dir='ltr'><strong>certos</strong></span> <span class='ocrx_word' id='word_1_555' title='bbox 2686 3880 2955 3936; x_wconf 87' lang='lat' dir='ltr'><strong>homines</strong></span> <span class='ocrx_word' id='word_1_556' title='bbox 2995 3898 3128 3935; x_wconf 92' lang='lat' dir='ltr'><strong>cum</strong></span> <span class='ocrx_word' id='word_1_557' title='bbox 3186 3881 3418 3951; x_wconf 89' lang='lat' dir='ltr'><strong>litteris,</strong></span> <span class='ocrx_word' id='word_1_558' title='bbox 3452 3882 3557 3953; x_wconf 90' lang='lat' dir='ltr'><strong>qui</strong></span> 
     </span>
    </p>
   </div>
   <div class='ocr_carea' id='block_1_41' title="bbox 178 3968 3554 4052">
    <p class='ocr_par' dir='ltr' id='par_1_41' title="bbox 178 3968 3554 4052">
     <span class='ocr_line' id='line_1_43' title="bbox 178 3968 3554 4052; baseline -0.001 -23"><span class='ocrx_word' id='word_1_559' title='bbox 178 3979 1265 4052; x_wconf 86' lang='lat' dir='ltr'><strong>runtprimamillatamabimperatore</strong></span> <span class='ocrx_word' id='word_1_560' title='bbox 1289 3977 1645 4034; x_wconf 86' lang='lat' dir='ltr'><strong>mentionem</strong></span> <span class='ocrx_word' id='word_1_561' title='bbox 1669 3974 1801 4032; x_wconf 90' lang='lat' dir='ltr'><strong>sub-</strong></span> <span class='ocrx_word' id='word_1_562' title='bbox 1906 3987 2038 4027; x_wconf 85' lang='lat' dir='ltr'><strong>eum</strong></span> <span class='ocrx_word' id='word_1_563' title='bbox 2108 3969 2367 4041; x_wconf 87' lang='lat' dir='ltr'><strong>primum</strong></span> <span class='ocrx_word' id='word_1_564' title='bbox 2418 3987 2451 4025; x_wconf 91' lang='lat' dir='ltr'><strong>a</strong></span> <span class='ocrx_word' id='word_1_565' title='bbox 2504 3985 2565 4025; x_wconf 90' lang='lat' dir='ltr'><strong>se</strong></span> <span class='ocrx_word' id='word_1_566' title='bbox 2620 3968 3167 4024; x_wconf 76' lang='lat' dir='ltr'><strong>benevolentissime</strong></span> <span class='ocrx_word' id='word_1_567' title='bbox 3206 3970 3554 4038; x_wconf 85' lang='lat' dir='ltr'><strong>salutarent,</strong></span> 
     </span>
    </p>
   </div>
   <div class='ocr_carea' id='block_1_42' title="bbox 169 4057 3558 4142">
    <p class='ocr_par' dir='ltr' id='par_1_42' title="bbox 169 4057 3558 4142">
     <span class='ocr_line' id='line_1_44' title="bbox 169 4057 3558 4142; baseline -0.002 -21"><span class='ocrx_word' id='word_1_568' title='bbox 169 4064 416 4132; x_wconf 88' lang='lat' dir='ltr'><strong>jectionis</strong></span> <span class='ocrx_word' id='word_1_569' title='bbox 444 4086 614 4142; x_wconf 70' lang='lat' dir='ltr'><strong>papa:</strong></span> <span class='ocrx_word' id='word_1_570' title='bbox 646 4067 1175 4140; x_wconf 58' lang='lat' dir='ltr'><strong>proﬁtendmmltro</strong></span> <span class='ocrx_word' id='word_1_571' title='bbox 1200 4064 1575 4137; x_wconf 88' lang='lat' dir='ltr'><strong>etiam,quasi</strong></span> <span class='ocrx_word' id='word_1_572' title='bbox 1600 4063 1804 4135; x_wconf 88' lang='lat' dir='ltr'><strong>auspi-</strong></span> <span class='ocrx_word' id='word_1_573' title='bbox 1903 4059 2348 4129; x_wconf 88' lang='lat' dir='ltr'><strong>indicarentque</strong></span> <span class='ocrx_word' id='word_1_574' title='bbox 2378 4057 2470 4113; x_wconf 90' lang='lat' dir='ltr'><strong>sui</strong></span> <span class='ocrx_word' id='word_1_575' title='bbox 2504 4057 2863 4114; x_wconf 89' lang='lat' dir='ltr'><strong>vocationem</strong></span> <span class='ocrx_word' id='word_1_576' title='bbox 2888 4058 2957 4111; x_wconf 89' lang='lat' dir='ltr'><strong>ad</strong></span> <span class='ocrx_word' id='word_1_577' title='bbox 2984 4058 3558 4129; x_wconf 81' lang='lat' dir='ltr'><strong>papatum,denique</strong></span> 
     </span>
    </p>
   </div>
   <div class='ocr_carea' id='block_1_43' title="bbox 174 4148 3557 4227">
    <p class='ocr_par' dir='ltr' id='par_1_43' title="bbox 174 4148 3557 4227">
     <span class='ocr_line' id='line_1_45' title="bbox 174 4148 3557 4227; baseline -0.001 -18"><span class='ocrx_word' id='word_1_578' title='bbox 174 4159 347 4213; x_wconf 78' lang='lat' dir='ltr'><strong>cantes</strong></span> <span class='ocrx_word' id='word_1_579' title='bbox 366 4158 769 4224; x_wconf 89' lang='lat' dir='ltr'><strong>concordiam,</strong></span> <span class='ocrx_word' id='word_1_580' title='bbox 799 4156 1024 4213; x_wconf 86' lang='lat' dir='ltr'><strong>Frerios</strong></span> <span class='ocrx_word' id='word_1_581' title='bbox 1055 4161 1112 4213; x_wconf 91' lang='lat' dir='ltr'><strong>et</strong></span> <span class='ocrx_word' id='word_1_582' title='bbox 1159 4156 1418 4227; x_wconf 90' lang='lat' dir='ltr'><strong>reliquos</strong></span> <span class='ocrx_word' id='word_1_583' title='bbox 1470 4154 1667 4220; x_wconf 86' lang='lat' dir='ltr'><strong>Italos,</strong></span> <span class='ocrx_word' id='word_1_584' title='bbox 1702 4152 1800 4224; x_wconf 91' lang='lat' dir='ltr'><strong>qui</strong></span> <span class='ocrx_word' id='word_1_585' title='bbox 1904 4150 2269 4206; x_wconf 85' lang='lat' dir='ltr'><strong>declararent</strong></span> <span class='ocrx_word' id='word_1_586' title='bbox 2299 4149 2515 4220; x_wconf 84' lang='lat' dir='ltr'><strong>ingenti</strong></span> <span class='ocrx_word' id='word_1_587' title='bbox 2549 4165 2610 4204; x_wconf 90' lang='lat' dir='ltr'><strong>se</strong></span> <span class='ocrx_word' id='word_1_588' title='bbox 2642 4150 2843 4205; x_wconf 87' lang='lat' dir='ltr'><strong>ardere</strong></span> <span class='ocrx_word' id='word_1_589' title='bbox 2866 4148 3153 4204; x_wconf 90' lang='lat' dir='ltr'><strong>desiderio</strong></span> <span class='ocrx_word' id='word_1_590' title='bbox 3174 4152 3557 4221; x_wconf 67' lang='lat' dir='ltr'><strong>procuranda:</strong></span> 
     </span>
    </p>
   </div>
   <div class='ocr_carea' id='block_1_44' title="bbox 176 4237 3554 4319">
    <p class='ocr_par' dir='ltr' id='par_1_44' title="bbox 176 4237 3554 4319">
     <span class='ocr_line' id='line_1_46' title="bbox 176 4237 3554 4319; baseline -0.001 -23"><span class='ocrx_word' id='word_1_591' title='bbox 176 4246 290 4300; x_wconf 86' lang='lat' dir='ltr'><strong>tunc</strong></span> <span class='ocrx_word' id='word_1_592' title='bbox 306 4246 810 4319; x_wconf 87' lang='lat' dir='ltr'><strong>Constantinopoli</strong></span> <span class='ocrx_word' id='word_1_593' title='bbox 840 4242 1653 4314; x_wconf 71' lang='lat' dir='ltr'><strong>versabztntur,benevolentia</strong></span> <span class='ocrx_word' id='word_1_594' title='bbox 1684 4258 1799 4297; x_wconf 92' lang='lat' dir='ltr'><strong>non</strong></span> <span class='ocrx_word' id='word_1_595' title='bbox 1904 4239 2064 4312; x_wconf 90' lang='lat' dir='ltr'><strong>pacis</strong></span> <span class='ocrx_word' id='word_1_596' title='bbox 2092 4238 2476 4295; x_wconf 89' lang='lat' dir='ltr'><strong>Ecclesiarum</strong></span> <span class='ocrx_word' id='word_1_597' title='bbox 2510 4243 2565 4294; x_wconf 92' lang='lat' dir='ltr'><strong>et</strong></span> <span class='ocrx_word' id='word_1_598' title='bbox 2596 4239 2776 4293; x_wconf 73' lang='lat' dir='ltr'><strong>ﬁrmae</strong></span> <span class='ocrx_word' id='word_1_599' title='bbox 2827 4237 2979 4293; x_wconf 77' lang='lat' dir='ltr'><strong>inter</strong></span> <span class='ocrx_word' id='word_1_600' title='bbox 3029 4255 3128 4294; x_wconf 90' lang='lat' dir='ltr'><strong>eas</strong></span> <span class='ocrx_word' id='word_1_601' title='bbox 3176 4239 3554 4296; x_wconf 68' lang='lat' dir='ltr'><strong>conciliandas</strong></span> 
     </span>
    </p>
   </div>
   <div class='ocr_carea' id='block_1_45' title="bbox 173 4327 3550 4410">
    <p class='ocr_par' dir='ltr' id='par_1_45' title="bbox 173 4327 3550 4410">
     <span class='ocr_line' id='line_1_47' title="bbox 173 4327 3550 4410; baseline 0 -24"><span class='ocrx_word' id='word_1_602' title='bbox 173 4333 371 4407; x_wconf 74' lang='lat' dir='ltr'><strong>vulgari</strong></span> <span class='ocrx_word' id='word_1_603' title='bbox 401 4335 683 4410; x_wconf 85' lang='lat' dir='ltr'><strong>amplecti</strong></span> <span class='ocrx_word' id='word_1_604' title='bbox 714 4336 989 4407; x_wconf 89' lang='lat' dir='ltr'><strong>deinceps</strong></span> <span class='ocrx_word' id='word_1_605' title='bbox 1034 4335 1381 4391; x_wconf 81' lang='lat' dir='ltr'><strong>all‘ectarunt</strong></span> <span class='ocrx_word' id='word_1_606' title='bbox 1428 4332 1795 4390; x_wconf 86' lang='lat' dir='ltr'><strong>communio-</strong></span> <span class='ocrx_word' id='word_1_607' title='bbox 1904 4330 2247 4386; x_wconf 71' lang='lat' dir='ltr'><strong>concordiae.</strong></span> <span class='ocrx_word' id='word_1_608' title='bbox 2281 4329 2564 4397; x_wconf 88' lang='lat' dir='ltr'><strong>Quocirca</strong></span> <span class='ocrx_word' id='word_1_609' title='bbox 2620 4327 3040 4400; x_wconf 84' lang='lat' dir='ltr'><strong>signiﬁcarent,</strong></span> <span class='ocrx_word' id='word_1_610' title='bbox 3076 4328 3126 4384; x_wconf 89' lang='lat' dir='ltr'><strong>si</strong></span> <span class='ocrx_word' id='word_1_611' title='bbox 3179 4330 3305 4402; x_wconf 86' lang='lat' dir='ltr'><strong>pari</strong></span> <span class='ocrx_word' id='word_1_612' title='bbox 3352 4330 3550 4387; x_wconf 90' lang='lat' dir='ltr'><strong>studio</strong></span> 
     </span>
    </p>
   </div>
   <div class='ocr_carea' id='block_1_46' title="bbox 173 4416 3549 4492">
    <p class='ocr_par' dir='ltr' id='par_1_46' title="bbox 173 4416 3549 4492">
     <span class='ocr_line' id='line_1_48' title="bbox 173 4416 3549 4492; baseline -0 -16"><span class='ocrx_word' id='word_1_613' title='bbox 173 4438 283 4480; x_wconf 87' lang='lat' dir='ltr'><strong>nem</strong></span> <span class='ocrx_word' id='word_1_614' title='bbox 303 4425 428 4482; x_wconf 89' lang='lat' dir='ltr'><strong>sine</strong></span> <span class='ocrx_word' id='word_1_615' title='bbox 445 4424 756 4482; x_wconf 90' lang='lat' dir='ltr'><strong>discrimin</strong></span> <span class='ocrx_word' id='word_1_616' title='bbox 778 4424 1194 4481; x_wconf 88' lang='lat' dir='ltr'><strong>eadmittentes</strong></span> <span class='ocrx_word' id='word_1_617' title='bbox 1220 4439 1417 4479; x_wconf 90' lang='lat' dir='ltr'><strong>eorum</strong></span> <span class='ocrx_word' id='word_1_618' title='bbox 1440 4423 1499 4479; x_wconf 92' lang='lat' dir='ltr'><strong>in</strong></span> <span class='ocrx_word' id='word_1_619' title='bbox 1523 4421 1797 4477; x_wconf 88' lang='lat' dir='ltr'><strong>omnibus</strong></span> <span class='ocrx_word' id='word_1_620' title='bbox 1902 4423 2201 4476; x_wconf 90' lang='lat' dir='ltr'><strong>teneretur</strong></span> <span class='ocrx_word' id='word_1_621' title='bbox 2232 4419 2548 4490; x_wconf 88' lang='lat' dir='ltr'><strong>imperator</strong></span> <span class='ocrx_word' id='word_1_622' title='bbox 2576 4417 2865 4487; x_wconf 88' lang='lat' dir='ltr'><strong>(audierat</strong></span> <span class='ocrx_word' id='word_1_623' title='bbox 2886 4416 3044 4473; x_wconf 88' lang='lat' dir='ltr'><strong>enim</strong></span> <span class='ocrx_word' id='word_1_624' title='bbox 3065 4419 3377 4490; x_wconf 81' lang='lat' dir='ltr'><strong>Gregorius</strong></span> <span class='ocrx_word' id='word_1_625' title='bbox 3408 4420 3549 4492; x_wconf 91' lang='lat' dir='ltr'><strong>quid</strong></span> 
     </span>
    </p>
   </div>
   <div class='ocr_carea' id='block_1_47' title="bbox 173 4494 3552 4589">
    <p class='ocr_par' dir='ltr' id='par_1_47' title="bbox 173 4494 3552 4589">
     <span class='ocr_line' id='line_1_49' title="bbox 173 4494 3552 4589; baseline 0.001 -24"><span class='ocrx_word' id='word_1_626' title='bbox 173 4525 280 4581; x_wconf 69' lang='lat' dir='ltr'><strong>qua:</strong></span> <span class='ocrx_word' id='word_1_627' title='bbox 336 4514 735 4571; x_wconf 87' lang='lat' dir='ltr'><strong>Christianam</strong></span> <span class='ocrx_word' id='word_1_628' title='bbox 790 4512 1129 4585; x_wconf 86' lang='lat' dir='ltr'><strong>religionem</strong></span> <span class='ocrx_word' id='word_1_629' title='bbox 1200 4512 1564 4579; x_wconf 87' lang='lat' dir='ltr'><strong>attinebant;</strong></span> <span class='ocrx_word' id='word_1_630' title='bbox 1633 4515 1690 4565; x_wconf 90' lang='lat' dir='ltr'><strong>et</strong></span> <span class='ocrx_word' id='word_1_631' title='bbox 1742 4509 1791 4565; x_wconf 88' lang='lat' dir='ltr'><strong>si</strong></span> <span class='ocrx_word' id='word_1_632' title='bbox 1824 4494 1872 4560; x_wconf 86' lang='lat' dir='ltr'><strong>D</strong></span> <span class='ocrx_word' id='word_1_633' title='bbox 1904 4512 1977 4569; x_wconf 82' lang='lat' dir='ltr'><strong>ab</strong></span> <span class='ocrx_word' id='word_1_634' title='bbox 2025 4512 2153 4585; x_wconf 84' lang='lat' dir='ltr'><strong>ipso</strong></span> <span class='ocrx_word' id='word_1_635' title='bbox 2194 4512 2408 4569; x_wconf 86' lang='lat' dir='ltr'><strong>moveri</strong></span> <span class='ocrx_word' id='word_1_636' title='bbox 2461 4514 2716 4583; x_wconf 69' lang='lat' dir='ltr'><strong>coeptum</strong></span> <span class='ocrx_word' id='word_1_637' title='bbox 2770 4510 2841 4565; x_wconf 89' lang='lat' dir='ltr'><strong>de</strong></span> <span class='ocrx_word' id='word_1_638' title='bbox 2898 4510 3006 4567; x_wconf 89' lang='lat' dir='ltr'><strong>hoc</strong></span> <span class='ocrx_word' id='word_1_639' title='bbox 3054 4527 3264 4583; x_wconf 89' lang='lat' dir='ltr'><strong>genere</strong></span> <span class='ocrx_word' id='word_1_640' title='bbox 3321 4514 3552 4589; x_wconf 87' lang='lat' dir='ltr'><strong>fuisset,</strong></span> 
     </span>
    </p>
   </div>
   <div class='ocr_carea' id='block_1_48' title="bbox 172 4600 3552 4675">
    <p class='ocr_par' dir='ltr' id='par_1_48' title="bbox 172 4600 3552 4675">
     <span class='ocr_line' id='line_1_50' title="bbox 172 4600 3552 4675; baseline 0.003 -21"><span class='ocrx_word' id='word_1_641' title='bbox 172 4600 303 4656; x_wconf 73' lang='lat'><strong>889</strong></span> <span class='ocrx_word' id='word_1_642' title='bbox 325 4604 469 4674; x_wconf 86' lang='lat' dir='ltr'><strong>quid</strong></span> <span class='ocrx_word' id='word_1_643' title='bbox 505 4601 643 4675; x_wconf 90' lang='lat' dir='ltr'><strong>plus</strong></span> <span class='ocrx_word' id='word_1_644' title='bbox 666 4600 1014 4673; x_wconf 76' lang='lat' dir='ltr'><strong>exigeretur,</strong></span> <span class='ocrx_word' id='word_1_645' title='bbox 1053 4600 1207 4657; x_wconf 90' lang='lat' dir='ltr'><strong>haud</strong></span> <span class='ocrx_word' id='word_1_646' title='bbox 1233 4617 1294 4656; x_wconf 87' lang='lat' dir='ltr'><strong>se</strong></span> <span class='ocrx_word' id='word_1_647' title='bbox 1316 4600 1585 4671; x_wconf 74' lang='lat' dir='ltr'><strong>praefacte</strong></span> <span class='ocrx_word' id='word_1_648' title='bbox 1619 4615 1798 4670; x_wconf 84' lang='lat' dir='ltr'><strong>repu-</strong></span> <span class='ocrx_word' id='word_1_649' title='bbox 1910 4602 2168 4675; x_wconf 89' lang='lat' dir='ltr'><strong>quidque</strong></span> <span class='ocrx_word' id='word_1_650' title='bbox 2197 4603 2316 4673; x_wconf 89' lang='lat' dir='ltr'><strong>jam</strong></span> <span class='ocrx_word' id='word_1_651' title='bbox 2337 4618 2511 4674; x_wconf 88' lang='lat' dir='ltr'><strong>super</strong></span> <span class='ocrx_word' id='word_1_652' title='bbox 2542 4618 2611 4657; x_wconf 85' lang='lat' dir='ltr'><strong>ea</strong></span> <span class='ocrx_word' id='word_1_653' title='bbox 2642 4616 2701 4656; x_wconf 92' lang='lat' dir='ltr'><strong>re</strong></span> <span class='ocrx_word' id='word_1_654' title='bbox 2733 4600 3025 4657; x_wconf 88' lang='lat' dir='ltr'><strong>decessori</strong></span> <span class='ocrx_word' id='word_1_655' title='bbox 3058 4618 3166 4657; x_wconf 90' lang='lat' dir='ltr'><strong>suo</strong></span> <span class='ocrx_word' id='word_1_656' title='bbox 3214 4620 3376 4675; x_wconf 77' lang='lat' dir='ltr'><strong>papae</strong></span> <span class='ocrx_word' id='word_1_657' title='bbox 3423 4606 3552 4663; x_wconf 88' lang='lat' dir='ltr'><strong>Cle-</strong></span> 
     </span>
    </p>
   </div>
   <div class='ocr_carea' id='block_1_49' title="bbox 170 4688 3555 4765">
    <p class='ocr_par' dir='ltr' id='par_1_49' title="bbox 170 4688 3555 4765">
     <span class='ocr_line' id='line_1_51' title="bbox 170 4688 3555 4765; baseline 0.002 -20"><span class='ocrx_word' id='word_1_658' title='bbox 170 4696 431 4759; x_wconf 81' lang='lat' dir='ltr'><strong>gnaturos</strong></span> <span class='ocrx_word' id='word_1_659' title='bbox 455 4709 577 4765; x_wconf 65' lang='lat' dir='ltr'><strong>pra:</strong></span> <span class='ocrx_word' id='word_1_660' title='bbox 594 4708 658 4747; x_wconf 91' lang='lat' dir='ltr'><strong>se</strong></span> <span class='ocrx_word' id='word_1_661' title='bbox 680 4689 1222 4758; x_wconf 79' lang='lat' dir='ltr'><strong>ierebant,nimium</strong></span> <span class='ocrx_word' id='word_1_662' title='bbox 1240 4688 1537 4759; x_wconf 80' lang='lat' dir='ltr'><strong>simplices</strong></span> <span class='ocrx_word' id='word_1_663' title='bbox 1555 4688 1796 4758; x_wconf 86' lang='lat' dir='ltr'><strong>quidam</strong></span> <span class='ocrx_word' id='word_1_664' title='bbox 1909 4691 2093 4747; x_wconf 90' lang='lat' dir='ltr'><strong>menti</strong></span> <span class='ocrx_word' id='word_1_665' title='bbox 2128 4691 2514 4747; x_wconf 88' lang='lat' dir='ltr'><strong>nuntiandum</strong></span> <span class='ocrx_word' id='word_1_666' title='bbox 2548 4708 2579 4746; x_wconf 88' lang='lat' dir='ltr'><strong>a</strong></span> <span class='ocrx_word' id='word_1_667' title='bbox 2604 4706 2665 4746; x_wconf 91' lang='lat' dir='ltr'><strong>se</strong></span> <span class='ocrx_word' id='word_1_668' title='bbox 2696 4690 3318 4761; x_wconf 87' lang='lat' dir='ltr'><strong>curasset),nunquam</strong></span> <span class='ocrx_word' id='word_1_669' title='bbox 3350 4693 3401 4749; x_wconf 90' lang='lat' dir='ltr'><strong>ei</strong></span> <span class='ocrx_word' id='word_1_670' title='bbox 3433 4695 3555 4752; x_wconf 78' lang='lat' dir='ltr'><strong>fore</strong></span> 
     </span>
    </p>
   </div>
   <div class='ocr_carea' id='block_1_50' title="bbox 171 4776 3556 4854">
    <p class='ocr_par' dir='ltr' id='par_1_50' title="bbox 171 4776 3556 4854">
     <span class='ocr_line' id='line_1_52' title="bbox 171 4776 3556 4854; baseline 0.003 -20"><span class='ocrx_word' id='word_1_671' title='bbox 171 4780 584 4854; x_wconf 88' lang='lat' dir='ltr'><strong>acstulti(quid</strong></span> <span class='ocrx_word' id='word_1_672' title='bbox 604 4779 762 4837; x_wconf 89' lang='lat' dir='ltr'><strong>enim</strong></span> <span class='ocrx_word' id='word_1_673' title='bbox 781 4778 973 4835; x_wconf 87' lang='lat' dir='ltr'><strong>dicam</strong></span> <span class='ocrx_word' id='word_1_674' title='bbox 991 4778 1183 4835; x_wconf 89' lang='lat' dir='ltr'><strong>lenius</strong></span> <span class='ocrx_word' id='word_1_675' title='bbox 1206 4777 1492 4849; x_wconf 84' lang='lat' dir='ltr'><strong>?)quinon</strong></span> <span class='ocrx_word' id='word_1_676' title='bbox 1512 4776 1799 4832; x_wconf 89' lang='lat' dir='ltr'><strong>sentirent</strong></span> <span class='ocrx_word' id='word_1_677' title='bbox 1908 4781 2279 4836; x_wconf 89' lang='lat' dir='ltr'><strong>commodius</strong></span> <span class='ocrx_word' id='word_1_678' title='bbox 2312 4785 2546 4853; x_wconf 89' lang='lat' dir='ltr'><strong>tempus</strong></span> <span class='ocrx_word' id='word_1_679' title='bbox 2590 4782 2719 4853; x_wconf 88' lang='lat' dir='ltr'><strong>ejus</strong></span> <span class='ocrx_word' id='word_1_680' title='bbox 2778 4779 2995 4853; x_wconf 88' lang='lat' dir='ltr'><strong>negotii</strong></span> <span class='ocrx_word' id='word_1_681' title='bbox 3052 4781 3207 4837; x_wconf 73' lang='lat'><strong>310</strong></span> <span class='ocrx_word' id='word_1_682' title='bbox 3266 4787 3556 4843; x_wconf 84' lang='lat' dir='ltr'><strong>tractandi</strong></span> 
     </span>
    </p>
   </div>
   <div class='ocr_carea' id='block_1_51' title="bbox 168 4864 3555 4942">
    <p class='ocr_par' dir='ltr' id='par_1_51' title="bbox 168 4864 3555 4942">
     <span class='ocr_line' id='line_1_53' title="bbox 168 4864 3555 4942; baseline 0.003 -20"><span class='ocrx_word' id='word_1_683' title='bbox 168 4869 290 4937; x_wconf 88' lang='lat' dir='ltr'><strong>quid</strong></span> <span class='ocrx_word' id='word_1_684' title='bbox 323 4874 622 4942; x_wconf 88' lang='lat' dir='ltr'><strong>ageretur,</strong></span> <span class='ocrx_word' id='word_1_685' title='bbox 640 4872 697 4925; x_wconf 89' lang='lat' dir='ltr'><strong>et</strong></span> <span class='ocrx_word' id='word_1_686' title='bbox 726 4884 899 4940; x_wconf 89' lang='lat' dir='ltr'><strong>quem</strong></span> <span class='ocrx_word' id='word_1_687' title='bbox 929 4868 987 4923; x_wconf 89' lang='lat' dir='ltr'><strong>in</strong></span> <span class='ocrx_word' id='word_1_688' title='bbox 1020 4867 1235 4923; x_wconf 78' lang='lat' dir='ltr'><strong>exitum</strong></span> <span class='ocrx_word' id='word_1_689' title='bbox 1261 4867 1332 4922; x_wconf 89' lang='lat' dir='ltr'><strong>ab</strong></span> <span class='ocrx_word' id='word_1_690' title='bbox 1367 4865 1458 4922; x_wconf 89' lang='lat' dir='ltr'><strong>his</strong></span> <span class='ocrx_word' id='word_1_691' title='bbox 1490 4864 1797 4938; x_wconf 89' lang='lat' dir='ltr'><strong>principiis</strong></span> <span class='ocrx_word' id='word_1_692' title='bbox 1908 4886 2088 4942; x_wconf 87' lang='lat' dir='ltr'><strong>quam</strong></span> <span class='ocrx_word' id='word_1_693' title='bbox 2120 4887 2182 4925; x_wconf 88' lang='lat' dir='ltr'><strong>se</strong></span> <span class='ocrx_word' id='word_1_694' title='bbox 2213 4869 2479 4941; x_wconf 88' lang='lat' dir='ltr'><strong>papalem</strong></span> <span class='ocrx_word' id='word_1_695' title='bbox 2512 4870 2810 4927; x_wconf 89' lang='lat' dir='ltr'><strong>obtinente</strong></span> <span class='ocrx_word' id='word_1_696' title='bbox 2832 4869 3198 4939; x_wconf 84' lang='lat' dir='ltr'><strong>dignitatem.</strong></span> <span class='ocrx_word' id='word_1_697' title='bbox 3230 4871 3391 4929; x_wconf 88' lang='lat' dir='ltr'><strong>Talia</strong></span> <span class='ocrx_word' id='word_1_698' title='bbox 3421 4892 3555 4931; x_wconf 89' lang='lat' dir='ltr'><strong>cum</strong></span> 
     </span>
    </p>
   </div>
   <div class='ocr_carea' id='block_1_52' title="bbox 166 4956 3556 5032">
    <p class='ocr_par' dir='ltr' id='par_1_52' title="bbox 166 4956 3556 5032">
     <span class='ocr_line' id='line_1_54' title="bbox 166 4956 3556 5032; baseline 0.001 -18"><span class='ocrx_word' id='word_1_699' title='bbox 166 4959 605 5032; x_wconf 84' lang='lat' dir='ltr'><strong>pronuslapsus</strong></span> <span class='ocrx_word' id='word_1_700' title='bbox 654 4962 833 5025; x_wconf 87' lang='lat' dir='ltr'><strong>esset,</strong></span> <span class='ocrx_word' id='word_1_701' title='bbox 867 4975 983 5029; x_wconf 64' lang='lat' dir='ltr'><strong>prae</strong></span> <span class='ocrx_word' id='word_1_702' title='bbox 1016 4957 1227 5013; x_wconf 90' lang='lat' dir='ltr'><strong>mentis</strong></span> <span class='ocrx_word' id='word_1_703' title='bbox 1269 4956 1620 5013; x_wconf 86' lang='lat' dir='ltr'><strong>hebetudine</strong></span> <span class='ocrx_word' id='word_1_704' title='bbox 1680 4972 1794 5011; x_wconf 91' lang='lat' dir='ltr'><strong>non</strong></span> <span class='ocrx_word' id='word_1_705' title='bbox 1908 4957 2223 5029; x_wconf 83' lang='lat' dir='ltr'><strong>Gregorius</strong></span> <span class='ocrx_word' id='word_1_706' title='bbox 2284 4958 2625 5029; x_wconf 88' lang='lat' dir='ltr'><strong>imperatori</strong></span> <span class='ocrx_word' id='word_1_707' title='bbox 2682 4975 2784 5030; x_wconf 89' lang='lat' dir='ltr'><strong>per</strong></span> <span class='ocrx_word' id='word_1_708' title='bbox 2848 4958 3074 5014; x_wconf 88' lang='lat' dir='ltr'><strong>Frerios</strong></span> <span class='ocrx_word' id='word_1_709' title='bbox 3124 4960 3556 5031; x_wconf 78' lang='lat' dir='ltr'><strong>denuntiasset,</strong></span> 
     </span>
    </p>
   </div>
   <div class='ocr_carea' id='block_1_53' title="bbox 166 5044 3558 5121">
    <p class='ocr_par' dir='ltr' id='par_1_53' title="bbox 166 5044 3558 5121">
     <span class='ocr_line' id='line_1_55' title="bbox 166 5044 3558 5121; baseline 0.001 -20"><span class='ocrx_word' id='word_1_710' title='bbox 166 5048 935 5121; x_wconf 65' lang='lat' dir='ltr'><strong>proepexerintﬂportuerat</strong></span> <span class='ocrx_word' id='word_1_711' title='bbox 964 5046 1120 5103; x_wconf 89' lang='lat' dir='ltr'><strong>enim</strong></span> <span class='ocrx_word' id='word_1_712' title='bbox 1150 5063 1183 5103; x_wconf 94' lang='lat' dir='ltr'><strong>a</strong></span> <span class='ocrx_word' id='word_1_713' title='bbox 1205 5046 1413 5119; x_wconf 87' lang='lat' dir='ltr'><strong>primis</strong></span> <span class='ocrx_word' id='word_1_714' title='bbox 1453 5047 1581 5118; x_wconf 88' lang='lat' dir='ltr'><strong>jam</strong></span> <span class='ocrx_word' id='word_1_715' title='bbox 1612 5044 1794 5101; x_wconf 89' lang='lat' dir='ltr'><strong>initiis</strong></span> <span class='ocrx_word' id='word_1_716' title='bbox 1908 5046 2287 5102; x_wconf 81' lang='lat' dir='ltr'><strong>manifestum</strong></span> <span class='ocrx_word' id='word_1_717' title='bbox 2319 5046 2429 5102; x_wconf 76' lang='lat' dir='ltr'><strong>fuit</strong></span> <span class='ocrx_word' id='word_1_718' title='bbox 2460 5047 2871 5119; x_wconf 88' lang='lat' dir='ltr'><strong>imperatorem</strong></span> <span class='ocrx_word' id='word_1_719' title='bbox 2904 5047 3143 5119; x_wconf 88' lang='lat' dir='ltr'><strong>quidem</strong></span> <span class='ocrx_word' id='word_1_720' title='bbox 3176 5065 3282 5120; x_wconf 90' lang='lat' dir='ltr'><strong>per</strong></span> <span class='ocrx_word' id='word_1_721' title='bbox 3312 5050 3558 5121; x_wconf 83' lang='lat' dir='ltr'><strong>pusilla-</strong></span> 
     </span>
    </p>
   </div>
   <div class='ocr_carea' id='block_1_54' title="bbox 164 5135 3559 5209">
    <p class='ocr_par' dir='ltr' id='par_1_54' title="bbox 164 5135 3559 5209">
     <span class='ocr_line' id='line_1_56' title="bbox 164 5135 3559 5209; baseline 0.002 -19"><span class='ocrx_word' id='word_1_722' title='bbox 164 5135 445 5195; x_wconf 86' lang='lat' dir='ltr'><strong>obstitisse</strong></span> <span class='ocrx_word' id='word_1_723' title='bbox 476 5138 690 5195; x_wconf 88' lang='lat' dir='ltr'><strong>acriter</strong></span> <span class='ocrx_word' id='word_1_724' title='bbox 718 5154 785 5193; x_wconf 91' lang='lat' dir='ltr'><strong>ac</strong></span> <span class='ocrx_word' id='word_1_725' title='bbox 814 5135 967 5193; x_wconf 91' lang='lat' dir='ltr'><strong>clare</strong></span> <span class='ocrx_word' id='word_1_726' title='bbox 995 5136 1372 5208; x_wconf 86' lang='lat' dir='ltr'><strong>raclamasse,</strong></span> <span class='ocrx_word' id='word_1_727' title='bbox 1392 5135 1795 5191; x_wconf 90' lang='lat' dir='ltr'><strong>denuntiando</strong></span> <span class='ocrx_word' id='word_1_728' title='bbox 1908 5135 2238 5191; x_wconf 88' lang='lat' dir='ltr'><strong>nimitatem</strong></span> <span class='ocrx_word' id='word_1_729' title='bbox 2273 5135 2488 5205; x_wconf 88' lang='lat' dir='ltr'><strong>solum,</strong></span> <span class='ocrx_word' id='word_1_730' title='bbox 2511 5140 2671 5192; x_wconf 88' lang='lat' dir='ltr'><strong>metu</strong></span> <span class='ocrx_word' id='word_1_731' title='bbox 2702 5139 3139 5193; x_wconf 88' lang='lat' dir='ltr'><strong>consternatum</strong></span> <span class='ocrx_word' id='word_1_732' title='bbox 3165 5144 3559 5209; x_wconf 89' lang='lat' dir='ltr'><strong>apparatuum</strong></span> 
     </span>
    </p>
   </div>
   <div class='ocr_carea' id='block_1_55' title="bbox 163 5224 3555 5300">
    <p class='ocr_par' dir='ltr' id='par_1_55' title="bbox 163 5224 3555 5300">
     <span class='ocr_line' id='line_1_57' title="bbox 163 5224 3555 5300; baseline 0 -20"><span class='ocrx_word' id='word_1_733' title='bbox 163 5228 495 5300; x_wconf 85' lang='lat' dir='ltr'><strong>neutiquam</strong></span> <span class='ocrx_word' id='word_1_734' title='bbox 528 5245 592 5285; x_wconf 88' lang='lat' dir='ltr'><strong>se</strong></span> <span class='ocrx_word' id='word_1_735' title='bbox 622 5231 965 5299; x_wconf 88' lang='lat' dir='ltr'><strong>accepturos</strong></span> <span class='ocrx_word' id='word_1_736' title='bbox 987 5229 1297 5283; x_wconf 88' lang='lat' dir='ltr'><strong>autratam</strong></span> <span class='ocrx_word' id='word_1_737' title='bbox 1328 5241 1591 5298; x_wconf 87' lang='lat' dir='ltr'><strong>unquam</strong></span> <span class='ocrx_word' id='word_1_738' title='bbox 1623 5224 1792 5281; x_wconf 88' lang='lat' dir='ltr'><strong>habi-</strong></span> <span class='ocrx_word' id='word_1_739' title='bbox 1905 5224 2116 5291; x_wconf 88' lang='lat' dir='ltr'><strong>Caroli,</strong></span> <span class='ocrx_word' id='word_1_740' title='bbox 2167 5228 2240 5281; x_wconf 90' lang='lat' dir='ltr'><strong>ad</strong></span> <span class='ocrx_word' id='word_1_741' title='bbox 2300 5225 2459 5281; x_wconf 89' lang='lat' dir='ltr'><strong>istud</strong></span> <span class='ocrx_word' id='word_1_742' title='bbox 2521 5225 2900 5297; x_wconf 67' lang='lat' dir='ltr'><strong>procurandae</strong></span> <span class='ocrx_word' id='word_1_743' title='bbox 2952 5224 3113 5295; x_wconf 89' lang='lat' dir='ltr'><strong>pacis</strong></span> <span class='ocrx_word' id='word_1_744' title='bbox 3160 5224 3555 5281; x_wconf 85' lang='lat' dir='ltr'><strong>Ecclesiarum</strong></span> 
     </span>
    </p>
   </div>
   <div class='ocr_carea' id='block_1_56' title="bbox 168 5312 3557 5387">
    <p class='ocr_par' dir='ltr' id='par_1_56' title="bbox 168 5312 3557 5387">
     <span class='ocr_line' id='line_1_58' title="bbox 168 5312 3557 5387; baseline 0.001 -20"><span class='ocrx_word' id='word_1_745' title='bbox 168 5315 314 5374; x_wconf 88' lang='lat' dir='ltr'><strong>turos</strong></span> <span class='ocrx_word' id='word_1_746' title='bbox 343 5318 794 5375; x_wconf 74' lang='lat' dir='ltr'><strong>conventionem</strong></span> <span class='ocrx_word' id='word_1_747' title='bbox 829 5314 1154 5387; x_wconf 85' lang='lat' dir='ltr'><strong>ullam,qua</strong></span> <span class='ocrx_word' id='word_1_748' title='bbox 1189 5316 1415 5371; x_wconf 88' lang='lat' dir='ltr'><strong>dudum</strong></span> <span class='ocrx_word' id='word_1_749' title='bbox 1447 5316 1602 5386; x_wconf 89' lang='lat' dir='ltr'><strong>apud</strong></span> <span class='ocrx_word' id='word_1_750' title='bbox 1634 5314 1795 5386; x_wconf 90' lang='lat' dir='ltr'><strong>ipsos</strong></span> <span class='ocrx_word' id='word_1_751' title='bbox 1906 5314 2223 5371; x_wconf 90' lang='lat' dir='ltr'><strong>consilium</strong></span> <span class='ocrx_word' id='word_1_752' title='bbox 2254 5314 2554 5387; x_wconf 88' lang='lat' dir='ltr'><strong>appulisse</strong></span> <span class='ocrx_word' id='word_1_753' title='bbox 2586 5314 2874 5382; x_wconf 86' lang='lat' dir='ltr'><strong>animum,</strong></span> <span class='ocrx_word' id='word_1_754' title='bbox 2899 5312 3123 5368; x_wconf 88' lang='lat' dir='ltr'><strong>nullam</strong></span> <span class='ocrx_word' id='word_1_755' title='bbox 3141 5329 3400 5384; x_wconf 86' lang='lat' dir='ltr'><strong>unquam</strong></span> <span class='ocrx_word' id='word_1_756' title='bbox 3424 5315 3557 5369; x_wconf 88' lang='lat' dir='ltr'><strong>abs-</strong></span> 
     </span>
    </p>
   </div>
   <div class='ocr_carea' id='block_1_57' title="bbox 166 5401 3553 5480">
    <p class='ocr_par' dir='ltr' id='par_1_57' title="bbox 166 5401 3553 5480">
     <span class='ocr_line' id='line_1_59' title="bbox 166 5401 3553 5480; baseline -0 -20"><span class='ocrx_word' id='word_1_757' title='bbox 166 5406 377 5464; x_wconf 83' lang='lat' dir='ltr'><strong>sancita</strong></span> <span class='ocrx_word' id='word_1_758' title='bbox 398 5409 473 5464; x_wconf 86' lang='lat' dir='ltr'><strong>de</strong></span> <span class='ocrx_word' id='word_1_759' title='bbox 500 5406 879 5480; x_wconf 67' lang='lat' dir='ltr'><strong>praerogativa</strong></span> <span class='ocrx_word' id='word_1_760' title='bbox 909 5422 1028 5462; x_wconf 69' lang='lat' dir='ltr'><strong>suae</strong></span> <span class='ocrx_word' id='word_1_761' title='bbox 1061 5405 1220 5461; x_wconf 88' lang='lat' dir='ltr'><strong>sedis</strong></span> <span class='ocrx_word' id='word_1_762' title='bbox 1250 5405 1440 5476; x_wconf 91' lang='lat' dir='ltr'><strong>deque</strong></span> <span class='ocrx_word' id='word_1_763' title='bbox 1474 5403 1604 5461; x_wconf 89' lang='lat' dir='ltr'><strong>aliis</strong></span> <span class='ocrx_word' id='word_1_764' title='bbox 1653 5405 1793 5476; x_wconf 86' lang='lat' dir='ltr'><strong>dog-</strong></span> <span class='ocrx_word' id='word_1_765' title='bbox 1905 5421 2019 5477; x_wconf 90' lang='lat' dir='ltr'><strong>que</strong></span> <span class='ocrx_word' id='word_1_766' title='bbox 2050 5405 2161 5462; x_wconf 89' lang='lat' dir='ltr'><strong>hoc</strong></span> <span class='ocrx_word' id='word_1_767' title='bbox 2195 5406 2341 5462; x_wconf 84' lang='lat' dir='ltr'><strong>foret</strong></span> <span class='ocrx_word' id='word_1_768' title='bbox 2370 5404 2451 5461; x_wconf 89' lang='lat' dir='ltr'><strong>rei</strong></span> <span class='ocrx_word' id='word_1_769' title='bbox 2491 5403 2626 5460; x_wconf 87' lang='lat' dir='ltr'><strong>talis</strong></span> <span class='ocrx_word' id='word_1_770' title='bbox 2654 5401 3064 5476; x_wconf 86' lang='lat' dir='ltr'><strong>cogitationem</strong></span> <span class='ocrx_word' id='word_1_771' title='bbox 3098 5406 3512 5472; x_wconf 89' lang='lat' dir='ltr'><strong>suscepturum</strong></span> <span class='ocrx_word' id='word_1_772' title='bbox 3540 5422 3553 5459; x_wconf 88' lang='lat'><strong>:</strong></span> 
     </span>
    </p>
   </div>
   <div class='ocr_carea' id='block_1_58' title="bbox 164 5489 3557 5568">
    <p class='ocr_par' dir='ltr' id='par_1_58' title="bbox 164 5489 3557 5568">
     <span class='ocr_line' id='line_1_60' title="bbox 164 5489 3557 5568; baseline 0 -20"><span class='ocrx_word' id='word_1_773' title='bbox 164 5495 410 5554; x_wconf 86' lang='lat' dir='ltr'><strong>matibus</strong></span> <span class='ocrx_word' id='word_1_774' title='bbox 432 5514 503 5555; x_wconf 87' lang='lat' dir='ltr'><strong>ac</strong></span> <span class='ocrx_word' id='word_1_775' title='bbox 533 5494 848 5564; x_wconf 86' lang='lat' dir='ltr'><strong>ritibus,ab</strong></span> <span class='ocrx_word' id='word_1_776' title='bbox 870 5512 984 5551; x_wconf 87' lang='lat' dir='ltr'><strong>usu</strong></span> <span class='ocrx_word' id='word_1_777' title='bbox 1015 5510 1315 5567; x_wconf 83' lang='lat' dir='ltr'><strong>sensuque</strong></span> <span class='ocrx_word' id='word_1_778' title='bbox 1346 5494 1690 5552; x_wconf 89' lang='lat' dir='ltr'><strong>Latinorum</strong></span> <span class='ocrx_word' id='word_1_779' title='bbox 1723 5494 1794 5550; x_wconf 91' lang='lat' dir='ltr'><strong>ab</strong></span> <span class='ocrx_word' id='word_1_780' title='bbox 1906 5494 2251 5568; x_wconf 87' lang='lat' dir='ltr'><strong>Gregorium</strong></span> <span class='ocrx_word' id='word_1_781' title='bbox 2280 5512 2415 5550; x_wconf 77' lang='lat' dir='ltr'><strong>vero</strong></span> <span class='ocrx_word' id='word_1_782' title='bbox 2447 5494 2505 5549; x_wconf 90' lang='lat' dir='ltr'><strong>in</strong></span> <span class='ocrx_word' id='word_1_783' title='bbox 2539 5494 2696 5549; x_wconf 90' lang='lat' dir='ltr'><strong>idem</strong></span> <span class='ocrx_word' id='word_1_784' title='bbox 2736 5490 2999 5547; x_wconf 89' lang='lat' dir='ltr'><strong>studium</strong></span> <span class='ocrx_word' id='word_1_785' title='bbox 3043 5489 3385 5545; x_wconf 88' lang='lat' dir='ltr'><strong>incumbere</strong></span> <span class='ocrx_word' id='word_1_786' title='bbox 3432 5491 3557 5548; x_wconf 88' lang='lat' dir='ltr'><strong>sola</strong></span> 
     </span>
    </p>
   </div>
   <div class='ocr_carea' id='block_1_59' title="bbox 162 5576 3555 5659">
    <p class='ocr_par' dir='ltr' id='par_1_59' title="bbox 162 5576 3555 5659">
     <span class='ocr_line' id='line_1_61' title="bbox 162 5576 3555 5659; baseline 0 -23"><span class='ocrx_word' id='word_1_787' title='bbox 162 5578 552 5659; x_wconf 84' lang='lat' dir='ltr'><strong>horrentibus,</strong></span> <span class='ocrx_word' id='word_1_788' title='bbox 608 5584 867 5644; x_wconf 87' lang='lat' dir='ltr'><strong>rescindi</strong></span> <span class='ocrx_word' id='word_1_789' title='bbox 912 5582 1002 5641; x_wconf 91' lang='lat' dir='ltr'><strong>vel</strong></span> <span class='ocrx_word' id='word_1_790' title='bbox 1033 5582 1322 5641; x_wconf 75' lang='lat' dir='ltr'><strong>infirmari</strong></span> <span class='ocrx_word' id='word_1_791' title='bbox 1380 5582 1793 5657; x_wconf 90' lang='lat' dir='ltr'><strong>quoquomodo</strong></span> <span class='ocrx_word' id='word_1_792' title='bbox 1905 5587 2142 5655; x_wconf 87' lang='lat' dir='ltr'><strong>captum</strong></span> <span class='ocrx_word' id='word_1_793' title='bbox 2177 5583 2303 5655; x_wconf 86' lang='lat' dir='ltr'><strong>ejus</strong></span> <span class='ocrx_word' id='word_1_794' title='bbox 2326 5583 2409 5639; x_wconf 90' lang='lat' dir='ltr'><strong>rei</strong></span> <span class='ocrx_word' id='word_1_795' title='bbox 2438 5580 2765 5649; x_wconf 88' lang='lat' dir='ltr'><strong>honestate,</strong></span> <span class='ocrx_word' id='word_1_796' title='bbox 2800 5579 2955 5650; x_wconf 87' lang='lat' dir='ltr'><strong>quod</strong></span> <span class='ocrx_word' id='word_1_797' title='bbox 3015 5576 3229 5633; x_wconf 80' lang='lat' dir='ltr'><strong>videret</strong></span> <span class='ocrx_word' id='word_1_798' title='bbox 3266 5581 3555 5648; x_wconf 83' lang='lat' dir='ltr'><strong>quantum</strong></span> 
     </span>
    </p>
   </div>
   <div class='ocr_carea' id='block_1_60' title="bbox 1913 3234 3562 3316">
    <p class='ocr_par' dir='ltr' id='par_1_60' title="bbox 1913 3234 3562 3316">
     <span class='ocr_line' id='line_1_62' title="bbox 1913 3234 3562 3316; baseline 0 -24"><span class='ocrx_word' id='word_1_799' title='bbox 1913 3237 2001 3292; x_wconf 86' lang='grc'><strong>11.</strong></span> <span class='ocrx_word' id='word_1_800' title='bbox 2039 3237 2100 3293; x_wconf 87' lang='lat' dir='ltr'><strong>Ut</strong></span> <span class='ocrx_word' id='word_1_801' title='bbox 2138 3237 2436 3316; x_wconf 63' lang='lat' dir='ltr'><strong>constituto</strong></span> <span class='ocrx_word' id='word_1_802' title='bbox 2476 3252 2619 3316; x_wconf 69' lang='lat' dir='ltr'><strong>papa</strong></span> <span class='ocrx_word' id='word_1_803' title='bbox 2665 3236 2933 3303; x_wconf 75' lang='lat' dir='ltr'><strong>Gregorio</strong></span> <span class='ocrx_word' id='word_1_804' title='bbox 2976 3234 3280 3316; x_wconf 73' lang='lat' dir='ltr'><strong>imperator</strong></span> <span class='ocrx_word' id='word_1_805' title='bbox 3325 3254 3451 3294; x_wconf 86' lang='lat' dir='ltr'><strong>cum</strong></span> <span class='ocrx_word' id='word_1_806' title='bbox 3497 3254 3562 3294; x_wconf 85' lang='lat' dir='ltr'><strong>eo</strong></span> 
     </span>
    </p>
   </div>
   <div class='ocr_carea' id='block_1_61' title="bbox 2292 3309 3176 3379">
    <p class='ocr_par' dir='ltr' id='par_1_61' title="bbox 2292 3309 3176 3379">
     <span class='ocr_line' id='line_1_63' title="bbox 2292 3309 3176 3379; baseline -0.001 -16"><span class='ocrx_word' id='word_1_807' title='bbox 2292 3309 2525 3363; x_wconf 81' lang='lat' dir='ltr'><strong>tractari</strong></span> <span class='ocrx_word' id='word_1_808' title='bbox 2542 3322 2731 3378; x_wconf 81' lang='lat' dir='ltr'><strong>pacem</strong></span> <span class='ocrx_word' id='word_1_809' title='bbox 2760 3309 3176 3379; x_wconf 81' lang='lat' dir='ltr'><strong>procuraverit.</strong></span> 
     </span>
    </p>
   </div>
  </div>
