3912 6192
331 271 436 328 823

1637 257 1941 315 GEORGII
1979 255 2440 314 PACHYMERE

3567 263 3651 320 8‘24

340 387 629 466 ἀδελφοῖς,
659 384 693 453 ἢ
730 383 835 457 μὴν
860 380 911 436 ἐν
937 384 1055 444 τοῖς
1079 377 1243 441 ῗδίοις
1274 375 1549 456 ὂφφικίοις
1579 376 1675 433 εἴτ’
1703 399 1795 466 ουν
1839 396 1979 454 προ·
2009 381 2064 446 Α
2095 377 2294 452 ρήνης,
2327 378 2355 433 ’ὀ
2387 375 2454 448 δὴ
2513 379 2604 435 καὶ
2660 379 2861 455 γίνεται
2911 379 3152 456 ὕστερον.
3210 382 3356 436 Ταῦτ’
3405 378 3552 458 ἔλεγε,
3586 385 3658 440 καὶ

337 465 556 553 νομίοις
616 470 725 536 ὄνθ’
785 469 1035 545 ἑκάτερον
1096 471 1179 542 [Ρ.
1211 471 1339 542 252]
1402 469 1477 541 μὴ
1539 467 1681 523 οὕτω
1713 465 1987 543 διαφόρως

343 571 492 643 ἔχειν
552 563 642 618 καὶ
699 562 1024 637 ἂκηρύκτως
1079 559 1356 631 ἀλλήλοις
1403 558 1840 635 ἀπεχθάνεσθαι·
1892 559 1984 634 ἀρ-

343 662 454 712 κεῖν
514 654 617 728 γὰρ
671 647 1001 729 ἀμφοτέροις
1054 649 1182 712 τοὺς
1242 649 1473 725 ἐχθροὺς
1499 653 1595 705 τοῦ
1628 652 1879 722 σταυροῦ,
1912 649 1983 702 ὧν

339 745 402 801 τὸ
431 742 591 804 τέλος
623 740 893 808 ἀπώλεια,
924 740 1015 794 καὶ
1070 741 1345 816 ἀγαπητὸν
1375 738 1750 814 ἀποχρώντως
1797 737 1986 815 φέρον-

339 855 436 897 τας
495 830 667 905 ὄνομα
727 835 823 885 τοῦ
881 834 1118 906 Χριστοῦ
1194 827 1332 904 πρὸς
1397 827 1634 891 ἐκείνους
1697 830 1988 902 μάχεσθαι,

343 920 480 978 ὅπου
537 920 628 976 καὶ
679 920 742 975 τὸ
798 925 948 990 νικᾷν
999 919 1275 974 ἐπαινετὸν
1328 917 1417 972 καὶ
1473 919 1535 973 τὸ
1596 914 1991 993 ἀποτυγχάνειν

345 1013 641 1087 σωτήριον,
701 1003 842 1084 ἔργῳ
897 1009 996 1078 τὴν
1057 1009 1364 1084 προθυμίαν
1418 1006 1669 1078 δείξασιν.
1702 1005 1860 1064 Οὕτω
1895 1008 1989 1079 μὲν

343 1099 434 1156 οὖν
466 1100 606 1175 πρὸς
637 1097 924 1168 ἀλλήλους
975 1095 1190 1172 ἔχοντες
1246 1094 1501 1172 βασιλεὺς
1546 1098 1633 1151 καὶ
1668 1095 1990 1172 Γρηγόριος,

342 1192 370 1244 ὁ
406 1191 500 1263 μὲν
533 1187 654 1258 ἤϊεν
687 1188 762 1250 εἷς
794 1187 855 1241 τὸ
913 1185 1100 1259 πρόσω
1151 1187 1253 1254 τὴν
1314 1185 1658 1261 χειροτονίαν
1686 1183 1991 1258 δεξόμενος,

347 1277 602 1354 βασιλεὺς
635 1274 694 1330 δὲ
732 1276 906 1337 πολὺς
964 1276 1029 1344 ἦν
1091 1273 1326 1330 ἐντεῦθεν
1381 1279 1451 1349 τῇ
1509 1273 1720 1347 συνόδῳ
1777 1274 1990 1349 ἐπέχων

342 1366 431 1420 καὶ
460 1366 550 1420 τὸν
603 1365 952 1441 πατριάρχην
1017 1366 1365 1428 θὼπευτικῶς
1419 1364 1797 1439 ὑπερχόμενος
1851 1364 1993 1418 ὑπο-

345 1453 549 1509 κλίνειν
600 1454 686 1508 καὶ
739 1453 918 1508 ἀνύειν
953 1453 1015 1508 τὸ
1061 1450 1496 1525 σπουδαζόμενον
1530 1475 1542 1486 ·
1602 1454 1734 1507 εἶναι
1772 1453 1874 1528 γάρ
1905 1451 1994 1506 καὶ

349 1540 519 1618 ἄνδρα
549 1546 650 1611 τῆς
705 1541 930 1618 εἰρήνης
983 1542 1076 1597 τὸν
1132 1541 1351 1596 πάππαν
1412 1542 1501 1595 καὶ
1561 1541 1850 1614 ἐπιθυμίας
1893 1549 1994 1611 τῆς

347 1632 681 1707 κρείττονος.
716 1631 845 1685 Μετ’
903 1629 963 1684 οὐ
1022 1629 1166 1685 πολὺ
1223 1627 1278 1684 δὲ
1336 1628 1696 1692 καταστάντος
1726 1635 1822 1685 τοῦ
1854 1637 1995 1702 Γρη-

2090 471 2208 528 ταῖς
2242 467 2524 538 ἀληθείαις
2585 467 2925 539 σπουδαστὴς
2981 471 3050 538 ἦν
3105 475 3205 532 τῖς
3252 468 3451 545 εἲρήνης
3498 472 3657 546 θερμό-

2091 577 2273 627 τατος,
2327 557 2464 612 ὥστε
2519 557 2794 620 πολλάκις
2859 559 2947 612 καὶ
3024 553 3380 633 παραϐάλλων
3408 557 3665 636 παρτιᾶρχῃ

2093 665 2150 699 τε
2178 644 2268 700 καὶ
2308 649 2374 720 τῇ
2411 643 2620 720 συνόδῳ
2675 646 3026 720 κατελιπάρει
3055 648 3171 702 ’καὶ
3225 646 3408 718 ταύτην
3450 647 3666 704 ἐπέσπευ-

2096 731 2173 802 δε,
2232 734 2299 789 τὰ
2359 737 2452 808 μὲν
2507 739 2628 800 καθ’
2681 739 2830 810 ἡμᾶς
2887 736 3193 806 ἐκθειάζων,
3252 736 3370 792 ὥστ’
3421 736 3564 792 ἐνίοτε
3597 741 3668 793 καὶ

2096 823 2184 878 ὅτε
2240 826 2267 878 ὁ
2323 827 2670 901 πατριάρχης
2729 825 3102 903 λειτουργοίη,
3136 825 3292 882 αὐτὸν
3344 825 3671 900 ἀποτιθέμενον

2093 913 2194 981 τὴν
2225 913 2564 991 καλύπτραν,
2599 915 2660 970 οὐ
2697 917 2803 990 μὴν
2855 913 2913 970 δὲ
2962 913 3107 970 ἀλλά
3151 914 3239 970 καὶ
3267 914 3385 978 τοὺς
3417 917 3517 989 μετ’
3544 915 3673 970 αὐτοῦ

2097 999 2572 1078 συλλαμϐάνοντα,
2625 1005 2964 1081 εἰσέρχεσθαι
3018 1005 3086 1060 τὰ
3129 1002 3308 1071 ἄδυτα,
3347 1005 3429 1060 καὶ
3456 1005 3579 1080 παρᾶ
3599 1007 3670 1060 τὸν

2095 1093 2336 1166 τυχόντα
2395 1093 2654 1171 ἀρχιερέα
2719 1095 3005 1168 ἱστάμενον
3057 1095 3156 1159 τὰς
3206 1094 3449 1168 μυστικὰς
3490 1115 3673 1148 συνανα-

2097 1183 2381 1255 γινώσκειν
2414 1184 2578 1259 εὐχὰς
2610 1184 2744 1256 μετά
2791 1184 2969 1254 πάσης
3019 1182 3438 1253 ἐνθουσιότητος.
3466 1184 3578 1245 Τοῖς
3606 1185 3678 1255 μὲν

2099 1271 2191 1328 οὖν
2223 1275 2514 1350 ἡμετέροις
2565 1274 2707 1330 οὕτω
2755 1275 3001 1347 κοσμίως
3053 1273 3142 1329 καὶ
3191 1268 3429 1336 εὐλαϐῶς
3465 1273 3680 1350 aposset-

2103 1384 2245 1438 ρετο,
2279 1365 2416 1440 πρὸς
2448 1361 2494 1419 δ’
2527 1363 2768 1427 Ἰταλοὺς
2813 1364 3031 1444 ἀφορῶν
3082 1362 3249 1420 καλὸν
3296 1364 3521 1419 εἶναικαὶ
3548 1362 3682 1440 ἂσρα·

2104 1454 2197 1516 Δὶς
2227 1450 2411 1529 ἔλεγεν
2442 1453 2744 1532 ἀφεμένους
2801 1460 2903 1523 τῆς
2957 1454 3278 1529 προσθήκης
3325 1451 3396 1514 εἰς
3434 1449 3682 1507 σκάνδαλον

2103 1543 2437 1617 προειμένης
2494 1550 2612 1608 τοῖς
2670 1542 2932 1622 ἀδελφοῖς
2987 1543 3160 1605 οὕτως
3219 1542 3514 1618 εἰρηνεύειν.
3565 1541 3615 1598 Εἰ
3650 1535 3684 1595 δ’

2107 1631 2221 1701 οὖν,
2267 1633 2357 1688 καὶ
2389 1633 2584 1698 αὐτοὺς
2645 1632 3131 1707 ἀπολογουμένους
3192 1631 3277 1687 ἐπὶ
3332 1636 3396 1705 τῇ
3449 1631 3686 1707 προσθήκῃ

345 1719 538 1796 γορίου
595 1715 846 1793 πρέσϐεις
894 1719 1090 1773 ἐκεῖθεν
1145 1715 1624 1792 καταλαμϐάνουσι
1681 1721 1742 1774 τὸ
1794 1721 1992 1788 Βυζάν-
2027 1746 2074 1809 Β
2106 1720 2317 1777 δίκαιον
2380 1720 2654 1798 δέχεσθαι,
2715 1723 2851 1777 ὥστε
2907 1723 2993 1776 καὶ
3042 1720 3170 1783 τοὺς
3233 1721 3323 1793 μὲν
3379 1721 3601 1794 Λέγοντας
3645 1717 3689 1771 ἐκ

342 1828 482 1878 τιον,
536 1808 626 1862 καὶ
688 1809 739 1863 οἱ
801 1803 1054 1883 πρέσϐεις
1115 1810 1352 1884 φρέριοι,
1413 1810 1486 1862 ὢν
1545 1810 1618 1873 εἷς
1641 1809 1707 1878 ἦν
1737 1810 1992 1879 Ἰωάννης

342 1896 672 1973 Παράστρων
743 1897 1154 1972 ὠνομασμένος,
1186 1895 1424 1969 πολίτης
1458 1900 1697 1974 ἀρχῆθεν
1730 1900 1817 1953 καὶ
1871 1901 1992 1972 ξυν-

341 1986 459 2048 ετὸς
489 1986 556 2041 τὰ
589 1985 644 2048 ἐς
700 1985 954 2062 γλῶσσαν
1011 1986 1285 2059 Ἕλληνα,
1345 1989 1390 2060 ᾦ
1450 1985 1515 2057 δὴ
1565 1991 1655 2042 καὶ
1716 1993 1883 2058 ζῆλος
1922 1988 1988 2058 ἦν

343 2075 477 2152 ὑπὲρ
509 2082 610 2146 τῆς
639 2081 748 2132 τῶν
807 2079 1154 2149 Ἐκκλησιῶν
1217 2077 1482 2149 ἐνώσεως,
1537 2077 1611 2140 ὡς
1662 2076 1866 2141 ἐκεῖνος
1901 2077 1990 2134 λέ-

339 2187 450 2242 γων
482 2170 739 2241 παρίστα,
799 2167 938 2223 ὥστε
993 2167 1083 2222 καὶ
1142 2166 1414 2231 πολλάκις
1470 2169 1827 2243 κατεύχεσθαι
1867 2169 1992 2222 ἐαυ-

304 2259 438 2311 ’τοῦ
468 2255 660 2312 αὐτίκα
719 2255 967 2330 θάνατον,
1018 2256 1085 2328 ἧν
1148 2256 1312 2331 μόνον
1367 2252 1608 2334 προϐαίη
1663 2257 1729 2312 τὰ
1774 2264 1873 2328 τῆς
1917 2257 1996 2312 εἶ-

347 2478 486 2536 boni
517 2496 587 2536 ex
605 2496 673 2536 ea
703 2477 1104 2535 conciliatione
1127 2479 1591 2535 redundaturum
1615 2479 1674 2534 in
1695 2477 1990 2551 publicam

351 2568 688 2625 felicitatem
747 2569 916 2635 foret,
975 2573 1385 2639 reputaretque
1446 2584 1550 2623 nec
1605 2569 1839 2638 justum
1892 2584 2000 2624 nec

351 2659 704 2714 conveniens
752 2672 882 2713 esse
937 2657 1084 2712 tales
1143 2673 1209 2712 ac
1267 2660 1460 2713 tantas
1516 2660 1718 2728 gentes
1771 2656 2000 2729 exiguis

349 2747 546 2804 causis
577 2747 636 2803 in
668 2751 914 2803 aeternas
946 2745 1237 2819 implicari
1277 2747 1632 2818 simultates,
1658 2751 1999 2819 quantoque

348 2836 779 2893 conducibilius
813 2838 1073 2893 futurum
1108 2840 1282 2907 esset,
1317 2853 1682 2910 quazcunque
1734 2837 1997 2908 ipsarum

349 2926 409 2981 in
441 2925 614 2998 culpa
643 2926 1198 2999 deprehenderetur,
1214 2943 1339 2982 eam
1365 2927 1518 2982 bona
1547 2927 1657 2982 ﬁde
1688 2926 2000 2982 emendare

350 3032 417 3072 ac
462 3031 712 3088 purgare
761 3015 979 3072 crimen
1025 3031 1222 3083 suum,
1273 3015 1622 3088 sublataque
1680 3015 2002 3072 offensione

351 3105 609 3176 praebere
638 3105 920 3161 tratribus
979 3122 1202 3177 pacem,
1259 3104 1640 3177 vicissimque
1698 3109 1994 3176 acceptam
2031 3125 2074 3192 ρ

355 3195 582 3250 sincera
614 3199 807 3252 mente
838 3194 1063 3262 colere;
1098 3199 1198 3251 aut
1229 3200 1383 3251 certe
1412 3195 1460 3251 si
1493 3193 2001 3267 postdisquisitio-

359 3300 494 3339 nem
534 3288 830 3340 constaret
859 3283 1006 3338 nihil
1039 3285 1098 3339 in
1131 3285 1346 3339 utravis
1378 3300 1506 3340 esse
1529 3285 1682 3356 quod
1709 3283 1846 3355 jure
1877 3283 2000 3338 cul-

362 3375 620 3444 paretur,
655 3387 1021 3444 perseverare
1053 3373 1369 3442 tranquille
1400 3373 1604 3428 ambas
1634 3372 1694 3428 in
1754 3372 2004 3444 propriis

361 3477 843 3532 unamquamque
895 3459 1104 3516 ofﬁciis
1172 3477 1238 3516 ac
1305 3460 1516 3516 ritibus
1575 3478 1686 3517 usu
1742 3460 2003 3532 legitimo

364 3547 772 3617 statutis,nihil
807 3547 974 3604 alteri
1003 3554 1582 3617 succensentem,nec
1605 3548 2002 3620 internecinis,

363 3645 428 3695 ut
454 3639 761 3705 hactenus,
786 3637 1030 3694 invicem
1055 3639 1204 3694 odiis
1231 3638 1820 3710 contentionibusque
1843 3655 2006 3694 cum-

362 3731 575 3787 missas
590 3727 1055 3802 implacabilium
1077 3733 1131 3785 et
1146 3729 1522 3786 exitiosarum
1541 3731 1772 3802 utrique
1790 3731 2006 3786 discor-

358 3821 586 3877 diarum
621 3821 820 3876 funem
853 3820 1096 3888 ducere;
1138 3821 1408 3876 sufﬁcere
1465 3821 1680 3894 quippe
1734 3821 2002 3893 utrisque

355 3910 554 3968 hostes
586 3909 1059 3983 crucis,quorum
1086 3910 1220 3966 ﬁnis
1251 3910 1548 3967 interitus.
1582 3911 1854 3979 Abunde,
1910 3911 2004 3966 in-

353 4018 625 4074 quam,ac
657 3999 841 4058 multo
856 4000 988 4073 plus
1023 4016 1198 4072 quam
1233 3999 1310 4056 sit
1342 4000 1486 4056 satis
1517 4004 1826 4072 suppetere
1856 4017 1999 4073 gen-

351 4093 501 4148 tium
534 4090 992 4161 infensarum,in
1026 4089 1243 4161 quibus
1274 4090 1682 4162 oppugnandis
1715 4090 1812 4161 qui
1835 4090 1998 4146 Chri-

353 4181 427 4236 sti
459 4179 696 4236 nomine
725 4184 1041 4235 censentur
1069 4178 1346 4234 virtutem
1397 4195 1563 4234 suam
1597 4177 1863 4234 bellicam
1899 4195 1999 4234 ex-

351 4269 703 4340 perirentur,
735 4268 952 4337 quibus
982 4266 1152 4322 bellis
1183 4272 1240 4323 et
1295 4267 1526 4323 vincere
1588 4266 1908 4339 gloriosum
1941 4273 1998 4323 et

349 4357 498 4412 vinci
533 4354 790 4411 salutare
811 4360 900 4412 est
930 4360 1167 4429 propter
1197 4356 1492 4429 ingentem
1527 4357 1850 4412 mercedem
1882 4355 1997 4412 illis

349 4446 449 4518 qui
482 4461 658 4502 suum
690 4446 977 4515 studium,
1029 4463 1204 4518 opera
1244 4448 1418 4503 etiam
1475 4463 1754 4503 successu
1806 4463 1995 4516 cassa,

348 4535 712 4592 ostenderint
741 4552 776 4591 a
804 4536 918 4592 Deo
947 4534 1289 4592 fidelissime
1320 4537 1873 4608 repraesentandam.
1904 4536 1997 4594 Sic

346 4625 592 4682 invicem
623 4623 813 4682 affecti
845 4624 1058 4680 animis
1089 4625 1410 4698 imperator
1447 4630 1506 4681 et
1535 4626 1871 4698 Gregorius,
1901 4625 1992 4684 hic

344 4715 582 4789 quidem
635 4719 824 4788 empta
862 4714 956 4771 via
998 4716 1502 4788 progrediebatur,
1562 4717 1989 4774 ordinationem

349 4809 737 4879 percepturus
797 4821 966 4860 suam
993 4823 1007 4872 ;
1041 4804 1140 4859 ille
1171 4810 1365 4860 autem
1392 4805 1616 4861 multus
1646 4814 1767 4862 erat
1788 4807 1990 4862 inam-

343 4895 558 4951 bienda
580 4894 801 4968 synodo
814 4891 1324 4966 eblandiendoque
1339 4895 1683 4966 patriarchae
1696 4912 1990 4952 consensu

339 4986 398 5041 in
431 5003 499 5042 ea
527 5003 652 5058 qum
675 4984 1210 5057 cogitabat,passim
1244 5002 1713 5043 commemorans
1747 4997 1801 5043 et
1845 5005 1988 5042 cun-

339 5075 450 5132 ctis
481 5075 732 5133 subinde
762 5072 1091 5144 inculcans,
1125 5090 1253 5130 esse
1277 5074 1621 5146 Gregorium
1656 5077 1988 5147 perstudio-

339 5186 474 5226 sum
535 5169 681 5224 371
748 5164 1049 5222 hominem
1109 5166 1289 5238 pacis,
1347 5171 1403 5222 et
1452 5182 1586 5222 vero
1635 5167 1984 5222 instinctum

342 5257 633 5317 desiderio
656 5256 794 5313 boni
823 5254 1043 5329 publici
1065 5271 1130 5311 ac
1164 5255 1498 5327 splendoris
1529 5255 1609 5310 rei
1642 5253 1985 5310 Christiana:

336 5349 643 5406 universae.
679 5344 852 5404 Paulo
876 5350 1004 5416 post
1027 5361 1058 5400 a
1083 5344 1208 5415 jam
1242 5344 1594 5416 inaugurato
1636 5348 1690 5399 et
1742 5343 1798 5396 in
1851 5346 1984 5399 sede

335 5436 654 5509 apostolica
675 5433 782 5490 rite
795 5431 1114 5489 constituto
1137 5431 1411 5504 Gregorio
1434 5431 1638 5488 eodem
1669 5431 1986 5487 adfuerunt

337 5521 846 5596 Constantinopoli
877 5521 1051 5594 legati
1104 5521 1306 5591 Frerii,
1341 5537 1594 5594 quorum
1654 5536 1812 5576 unus
1859 5527 1984 5578 erat

329 5615 584 5673 Joannes
611 5617 922 5672 Parastron
967 5611 1563 5686 nominatus,origine
1583 5610 1725 5669 civis
1758 5613 1978 5679 noster,

2104 1811 2315 1885 Ηατρὸς
2347 1812 2478 1866 Υἱοῦ
2508 1833 2584 1881 τε,
2633 1811 2771 1886 ὑμᾶς
2819 1811 2878 1866 ἐκ
2924 1811 3136 1886 [Ἰατρὸς
3185 1807 3255 1864 δι’
3283 1809 3404 1864 Υἱοῦ
3427 1808 3485 1863 τὸ
3512 1810 3690 1880 Πνεῦμα

2098 1899 2161 1956 τὸ
2223 1902 2376 1976 ἅγιον
2437 1899 2843 1974 ἐκπορεύεσθαι,
2903 1897 3368 1974 παραπληκτῖζειν
3423 1896 3506 1953 καὶ
3554 1894 3686 1973 ἄμφω

2100 1990 2176 2052 εἷς
2253 1995 2387 2045 Θεοῦ
2466 1996 2738 2066 μυστήρια
2788 1991 3268 2064 παρακύπτοντας.
3343 1989 3558 2047 Ἐκεῖνος
3618 1985 3689 2058 μὶν

2099 2081 2250 2135 ταῦτ’
2279 2075 2436 2154 ἔλεγε
2464 2079 2554 2134 καὶ
2601 2078 2904 2148 συσκιάζων
2951 2079 3014 2133 τὸ
3064 2075 3154 2133 ἐπὶ
3205 2082 3286 2150 τῷ
3315 2071 3569 2149 Συμϐόλῳ
3592 2072 3694 2128 τόλ-

2106 2189 2286 2242 μημα,
2335 2163 2559 2243 πρέσϐις
2609 2165 2682 2222 ὢν
2730 2167 2819 2222 καὶ
2873 2164 3150 2243 προῦργου
3206 2165 3412 2240 μᾶλλον
3454 2163 3626 2224 παντὸς
3646 2160 3692 2214 τὸ

2101 2251 2537 2332 πρεσϐευόμενον
2571 2253 2744 2312 θέλων
2777 2255 2982 2311 ἁνύτειν
3011 2276 3023 2289 ·
3081 2256 3134 2310 οἱ
3184 2253 3244 2311 δὲ
3279 2261 3376 2326 τῆς
3419 2249 3697 2322 Ἐκκλησξας

2110 2479 2487 2552 prudensque
2510 2496 2575 2535 ac
2605 2480 2857 2535 disertus
2877 2479 3075 2535 Graeca
3123 2477 3345 2551 lingua.
3375 2475 3474 2532 Hic
3515 2477 3564 2530 et
3599 2488 3698 2528 ver-

2109 2569 2182 2625 bo
2215 2569 2551 2624 afﬁrmabat
2571 2573 2628 2624 et
2658 2568 2826 2626 factis
2876 2585 2992 2640 prie
3021 2584 3083 2624 se
3141 2568 3366 2623 ferebat
3411 2563 3609 2637 ingenti
3649 2577 3696 2616 se

2109 2659 2304 2716 studio
2337 2659 2581 2730 ﬂagrare
2612 2659 2988 2715 conciliandae
3020 2658 3177 2714 inter
3221 2657 3507 2714 discordes
3546 2650 3702 2709 Eccle-

2115 2749 2234 2805 sias
2265 2749 2598 2820 pacis,adeo
2629 2753 2693 2804 ut
2722 2765 2873 2820 saepe
2894 2747 3202 2804 audiretur
3231 2751 3424 2818 optare
3444 2748 3596 2815 atque
3617 2740 3703 2796 im-

2110 2838 2330 2911 precari
2361 2837 2470 2894 sibi
2505 2843 2748 2894 mortem
2797 2842 3076 2909 tanquam
3125 2835 3275 2892 nihil
3327 2832 3570 2892 consenti
3616 2827 3703 2885 sibi

2109 2933 2333 2984 restare
2384 2926 2637 3000 amplius
2687 2928 2845 3000 quod
2888 2926 2947 2982 in
3005 2925 3125 2982 vita
3179 2930 3435 2999 cuperet,
3483 2922 3526 2978 si
3567 2919 3702 2976 modo

2110 3015 2457 3088 contigisset
2476 3016 2785 3088 procedere
2799 3014 3042 3071 feliciter
3062 3015 3135 3071 ad
3169 3015 3550 3071 desideratum
3566 3009 3704 3064 ﬁnem

2111 3105 2410 3177 negotium
2444 3105 2598 3176 quod
2633 3109 2982 3160 tractaretur
3011 3104 3174 3177 pacis
3201 3122 3215 3172 ;
3249 3105 3416 3176 cujus
3438 3106 3490 3158 et
3515 3109 3708 3167 compos

2112 3193 2228 3250 voti
2262 3193 2472 3250 deinde
2502 3196 2689 3250 factus
2711 3197 2817 3250 est.
2872 3194 3003 3250 Haec
3033 3192 3131 3248 ille
3189 3193 3538 3264 loquebatur,
3564 3191 3612 3244 et
3634 3199 3708 3240 re-

2111 3300 2250 3341 vera
2307 3287 2606 3355 promotor
2661 3287 2786 3339 erat
2841 3281 3302 3339 ardentissimus
3359 3274 3709 3338 ecclesiastica

2115 3373 2451 3440 concordiae,
2479 3374 2623 3429 adeo
2656 3377 2722 3428 ut
2751 3388 2903 3444 saepe
2934 3373 3007 3428 de
3037 3373 3274 3444 negotio
3321 3374 3564 3426 tractans
3601 3375 3704 3418 cum

2115 3463 2449 3536 patriarcha
2470 3468 2526 3518 et
2551 3463 2773 3536 synodo
2824 3462 3022 3517 Patres
3068 3462 3206 3518 illos
3253 3453 3710 3517 vehementissime

2115 3557 2397 3620 oraret,ut
2427 3569 2552 3622 quae
2611 3569 2855 3608 suarum
2913 3557 3109 3607 essent
3161 3552 3450 3622 cuiusque
3499 3543 3710 3618 partium

2113 3643 2171 3698 in
2203 3659 2328 3698 rem
2361 3641 2557 3698 studio
2603 3641 2904 3697 communi
2952 3641 3222 3697 conferre
3253 3655 3325 3696 ne
3358 3637 3711 3712 gravarentur,

2113 3748 2206 3789 res
2237 3731 2472 3788 interim
2507 3735 2738 3787 nostras
2772 3731 2970 3802 magni
3020 3729 3266 3800 faciens,
3299 3744 3459 3796 usus,
3491 3725 3710 3795 inquam.

2113 3822 2606 3895 caeremoniasque
2663 3822 2847 3878 nostri
2882 3821 3031 3877 ritus
3079 3820 3396 3876 dilaudans
3439 3821 3491 3874 et
3516 3827 3713 3870 venera-

2112 3913 2270 3970 tione
2297 3912 2488 3985 palam
2522 3927 2882 3984 prosequens
2941 3926 3198 3980 summa,
3242 3910 3324 3967 ita
3353 3913 3416 3964 ut
3461 3901 3708 3962 interdum

2111 4019 2345 4058 sacrum
2405 4001 2653 4058 faciente
2709 3999 3060 4071 patriarcha,
3123 4000 3350 4056 nudato
3408 3997 3529 4070 ipse
3562 3986 3714 4062 capite

2111 4097 2434 4162 caeteraque
2468 4090 2728 4146 adhibita
2757 4088 3188 4161 signiﬁcatione
3239 4089 3452 4144 inﬁma:
3497 4093 3716 4139 reveren-

2110 4182 2208 4236 tiae
2240 4181 2362 4237 suis
2395 4196 2596 4236 secum
2655 4177 2968 4234 comitibus
3001 4179 3331 4249 assumptis
3363 4173 3717 4247 ingrederetur

2109 4272 2304 4342 adyta,
2359 4274 2416 4324 et
2467 4285 2663 4324 coram
2713 4283 3071 4340 quocunque
3121 4266 3244 4323 illic
3288 4269 3508 4338 reperto
3552 4263 3716 4314 astans

2109 4357 2355 4430 praesule
2387 4357 2662 4427 mysticae
2687 4353 2865 4411 simul
2900 4371 3035 4411 cum
3067 4371 3134 4411 eo
3165 4355 3385 4428 legeret
3405 4364 3589 4425 preces
3606 4357 3712 4400 cum

2107 4448 2267 4504 omni
2299 4447 2518 4503 fervore
2545 4444 2943 4517 religionis.Et
2973 4443 3072 4501 ille
3104 4445 3348 4517 quidem
3398 4456 3530 4512 erga
3557 4431 3710 4492 homi-

2107 4554 2211 4593 nes
2262 4535 2446 4592 nostri
2503 4534 2653 4591 ritus
2706 4534 2786 4590 ita
2829 4534 2923 4606 pie
2975 4534 3302 4605 decoreque
3358 4547 3420 4588 se
3471 4523 3710 4602 gerebat:

2102 4626 2280 4684 Italos
2310 4630 2504 4682 autem
2533 4629 2850 4698 praesentes
2882 4623 3140 4694 intuens,
3164 4639 3403 4696 mquum
3450 4631 3504 4676 et
3554 4617 3712 4698 tutum

2103 4717 2295 4773 aiebat
2324 4733 2451 4773 esse
2492 4697 2742 4771 dimisso
2801 4729 2900 4770 eos
2953 4718 3271 4784 amotoque
3321 4705 3617 4768 additionis
3655 4697 3712 4754 ad

2103 4805 2434 4880 symbolum
2466 4805 2746 4861 seandalo
2779 4818 2912 4858 cum
2945 4802 3248 4873 fratribus,
3299 4817 3443 4873 quos
3487 4790 3714 4852 viderent

2101 4913 2320 4965 coram,
2350 4894 2568 4951 Graecis
2599 4891 3067 4959 conciliari;vera
3097 4891 3177 4946 ita
3197 4892 3438 4947 demum
3468 4881 3713 4943 coaliturtI

2101 5005 2260 5059 pace.
2294 4986 2480 5044 Simul
2511 4991 2707 5042 tamen
2743 4983 3098 5039 admonebat
3155 4988 3414 5050 nostros,
3469 4993 3566 5051 par
3605 4982 3712 5064 esse

2099 5077 2261 5150 ipsos
2294 5093 2530 5149 quoque
2569 5091 2718 5147 quas
2763 5072 2951 5130 Latini
2999 5072 3322 5144 allegarent
3368 5061 3710 5150 additamenti

2101 5166 2368 5239 symbolo
2399 5164 2607 5222 inserti
2640 5161 3046 5220 excusationes
3103 5179 3218 5218 non
3271 5153 3578 5232 aspernari,
3625 5143 3708 5239 scil

2100 5233 2294 5326 potius
2325 5259 2391 5311 ut
2423 5256 2661 5311 idoneas
2693 5251 2974 5324 accipere.
3008 5251 3114 5315 Qui
3166 5257 3363 5306 autem
3396 5245 3544 5303 omni
3581 5233 3707 5326 872

2097 5324 2310 5415 reiecta
2339 5342 2787 5416 compositione,
2820 5341 3036 5396 invicta
3079 5339 3359 5412 utrinque
3409 5324 3709 5416 pertinacia,

2096 5432 2155 5488 in
2192 5415 2568 5490 contentione
2601 5435 2866 5506 perstare
2893 5429 3133 5496 vellent,
3181 5428 3560 5485 vociferantes
3599 5415 3710 5472 hinc

2095 5521 2334 5594 quidem
2358 5539 2426 5579 ex
2441 5527 2613 5579 Patre
2635 5519 3092 5593 Filioque,illinc
3123 5522 3321 5575 autem
3353 5533 3421 5573 ex
3440 5515 3598 5569 Patre
3621 5514 3707 5576 per

2090 5611 2302 5669 Filium
2317 5613 2628 5686 procedere
2640 5609 2929 5684 Spiritum
2944 5598 3702 5679 sanctum,nullojurgi0rllm
