4002 6198
242 313 345 371 825

1324 325 1416 378 ΒΕ
1454 323 1822 378 MICHAELE
1860 322 2308 379 PALBOLOGO
2343 327 2474 379 LIB.
2519 325 2587 377 ν.

3548 330 3658 385 826

237 435 408 527 καλὸν
452 439 568 527 ,μὲν
624 435 815 515 ἔλεγον
869 441 969 510 τήν
1003 439 1226 518 εἰρήνην
1281 442 1437 517 εἶναι,
1496 443 1585 500 καὶ
1614 446 1732 504 πῶς
1787 440 1890 517 γὰρ
1923 452 1976 520 Α
2008 446 2247 518 πόμεθα,
2305 446 2379 508 ὡς
2441 447 2514 518 μὴ
2574 445 2740 502 καλὸν
2802 444 2989 509 ἄλλως
3044 449 3102 502 ὃν
3162 446 3290 521 μηδ’
3321 448 3556 527 ἀσφαλὲς
3587 455 3649 509 τὸ

242 525 341 598 οὕς
373 526 496 600 καῖέ
531 526 746 600 μᾶλλον
780 527 1137 600 Ἐκκλησίαις
1175 532 1473 605 τοιαύταις,
1504 534 1749 610 κεφαλῆς
1796 529 1896 586 λό-

233 637 326 692 γον
362 615 621 692 ἐχοῦσαις
652 623 770 680 τοῖς
822 620 908 692 [Ρ.
1102 618 1450 692 ὁπουδήποτε
1495 626 1593 676 τοῦ
1637 621 1894 695 εἶρηνάρ-

235 725 344 781 χου
401 711 640 781 Χριστοῦ
701 709 1010 780 μαθηταῖς,
1063 708 1212 778 πλὴν
1275 713 1391 784 μετ’
1451 709 1746 788 ἀσφαλείας
1804 708 1894 764 καὶ

233 796 345 872 οὐχ
401 797 478 859 ὡς
525 792 738 874 ἔτυχεν·
801 800 936 854 εἶναι
977 801 1078 876 γὰρ
1109 800 1202 854 τὸν
1253 799 1499 857 κίνδυνον
1567 801 1734 875 μέγαν
1779 805 1896 860 τοῖς

226 891 327 942 τοῦ
387 887 555 963 ὀρθοῦ
616 889 868 944 ὁπωσοῦν
921 889 1315 966 ἁμαρτάνουσι.
1377 915 1403 946 α
1436 892 1543 947 Καὶ
1589 896 1755 946 τοῦτο
1788 889 1896 965 υύχ

224 980 369 1050 ἡμῖν
429 975 550 1052 ἄρτι
609 974 799 1052 ξυνέϐη
853 987 1192 1057 πεπρᾶχθαι,
1255 983 1328 1044 ὡς
1384 983 1475 1037 καὶ
1525 981 1697 1037 αἰτίαν
1746 979 1922 1058 ἔχειν’

224 1070 329 1120 τοῦ
383 1086 444 1121 τε
499 1073 852 1140 καινοτομεῖν
912 1067 946 1122 ’ἆ
999 1067 1180 1133 οὐδεὶς
1227 1071 1519 1147 πρότερον,
1566 1069 1782 1125 καὶτοῦ
1819 1068 1892 1142 μή

225 1153 411 1218 θὲλειν
465 1151 830 1228 μεταϐάλλειν
886 1156 1052 1212 πάλιν
1098 1159 1179 1222 εἷς
1230 1158 1258 1213 b‘
1287 1159 1378 1214 καὶ
1408 1158 1536 1234 πρὶν
1565 1159 1727 1232 ἦμεν·
1767 1155 1894 1212 ἀΛλ⁹

223 1241 426 1318 ἄνδρες
479 1245 716 1320 μεγάλοι
768 1248 869 1316 τὴν
929 1245 1128 1322 ἀρετὴῦ
1184 1249 1275 1303 καὶ
1329 1249 1488 1327 σοφοὶ
1536 1249 1637 1317 τὴν
1693 1250 1893 1324 γνῶσιν

220 1335 358 1409 περὶ
425 1334 636 1390 τούτων
715 1334 1059 1407 λαλήσαντες
1122 1335 1512 1415 διηνέχθησαν,
1585 1339 1676 1392 καὶ
1735 1335 1890 1407 δόξαν

221 1421 456 1486 ἐκείνοις
490 1421 798 1496 διέστησαν.
863 1427 943 1484 Τὸ
1000 1425 1057 1481 δὲ
1113 1428 1205 1483 καὶ
1263 1429 1342 1491 εἷς
1391 1427 1560 1484 πλέον
1617 1430 1721 1498 τὴν
1779 1427 1889 1504 ἔριν

219 1512 566 1568 ἑκτείνεσθαι
621 1519 719 1570 τοῦ
781 1514 1004 1591 μετρίου
1055 1515 1168 1572 οὔτ’
1226 1517 1454 1580 ἐκείνοις
1511 1519 1578 1587 ἦν
1635 1517 1889 1587 θελητὸν,

217 1604 316 1657 καὶ
373 1608 494 1665 τοῖς
536 1602 924 1674 πλεονάζουσιν
980 1606 1186 1679 ἀμαθὲς
1242 1605 1430 1672 ἄλλως
1483 1609 1572 1662 καὶ
1605 1605 1890 1680 τολμηρὸν

217 1693 246 1746 ὁ
316 1690 684 1766 πλεονασμός.
748 1692 902 1764 Ηλήν
953 1696 1014 1750 τὸ
1073 1697 1164 1751 καὶ
1223 1699 1371 1770 ἡμᾶς
1430 1699 1528 1766 τήν
1569 1698 1888 1772 προσθήκην

219 1784 528 1860 προφέρειν
586 1785 716 1858 ὑμῖν
763 1784 877 1840 τότ’
939 1784 999 1840 ἃν
1058 1787 1247 1862 χώραν
1328 1788 1444 1863 εἶχε
1493 1787 1584 1842 καὶ
1663 1785 1890 1850 δικαίως

214 1868 661 1946 ὀνειδιζοῖμεθα,
719 1872 766 1928 εἰ
825 1870 1148 1937 δυσσεϐείας
1211 1877 1352 1948 ὑμᾶς
1407 1874 1442 1944 ἣ
1501 1871 1766 1947 ἀσεϐείας,
1823 1877 1886 1931 τὸ

211 1959 528 2035 χείριστον,
577 1959 666 2018 διὰ
693 1966 794 2032 τὴν
819 1963 1106 2040 πρόσθεσιν
1149 1960 1518 2042 ἐγραφὸμεθα,
1568 1965 1641 2026 ὡς
1672 1964 1886 2038 ὁμοίως

209 2051 313 2104 καὶ
349 2052 512 2123 ἡμῶν
569 2047 904 2108 ἀσεϐούντων
937 2049 1030 2107 διὰ
1055 2054 1155 2122 τὴν
1207 2055 1527 2129 προσθήκην
1571 2055 1639 2108 τὰ
1691 2053 1880 2126 ὅμοια.

207 2140 371 2195 Ἐπεὶ
421 2137 481 2195 δὲ
528 2141 628 2211 τὴν
681 2139 769 2196 ἐπὶ
810 2147 892 2214 τῷ
951 2137 1232 2216 Συμϐόλῳ
1279 2144 1598 2220 προσθήκην
1647 2144 1880 2220 ἀποτρε-

211 2359 362 2427 ﬁne,
397 2374 521 2426 eos,
547 2357 885 2431 quicunque
933 2364 1151 2432 essent,
1195 2360 1455 2417 insanire
1504 2360 1724 2434 pariter
1769 2360 1889 2416 aie-

211 2448 347 2518 bat,
374 2451 435 2503 et
461 2447 887 2504 inverecundos
920 2453 1278 2506 scrutatores
1312 2451 1724 2522 mysteriorum
1754 2448 1882 2518 Dei,

209 2535 382 2592 ultra
413 2552 594 2608 quam
629 2537 718 2592 fas
749 2541 904 2594 esset
934 2537 1204 2594 humanae
1233 2539 1587 2609 infirmitati,
1621 2538 1885 2594 curiosos

207 2625 267 2680 in
312 2626 613 2698 profunda
642 2625 980 2684 Divinitatis
1011 2627 1330 2684 immittere
1387 2627 1608 2684 oculos.
1642 2627 1757 2683 Hae
1788 2627 1886 2683 ille

213 2715 468 2787 ancipiti
503 2715 711 2772 ambas
744 2716 802 2770 in
836 2721 1032 2788 partes
1061 2717 1347 2784 oratione,
1387 2717 1648 2772 minuere
1679 2717 1885 2773 obum-

212 2805 451 2861 brando
470 2810 782 2876 tegereque
803 2806 1127 2862 conabatur
1151 2805 1429 2861 invidiam
1453 2811 1669 2862 temere
1691 2810 1884 2861 atteno

212 2899 360 2950 tatze
372 2893 698 2950 additionis
711 2896 778 2950 ad
795 2894 1268 2968 Symbolum,pro
1280 2912 1386 2952 suo
1400 2895 1667 2952 videlicet
1683 2893 1886 2967 legati,

219 2983 335 3039 hoc
366 2986 461 3039 est
485 2982 778 3056 sequestri
823 2985 1282 3057 mediatorisque
1312 2985 1469 3040 inter
1498 2985 1747 3041 invicem
1779 2984 1886 3039 ad—

215 3088 451 3142 versos,
483 3072 678 3129 officio
709 3089 774 3129 ac
809 3089 1083 3142 munere;
1129 3076 1186 3129 in
1239 3091 1354 3146 quo
1395 3091 1538 3130 sane
1588 3073 1886 3146 fungendo

2001 534 2225 590 σύνολον
2281 535 2814 612 κατησφαλισμένοις
2873 535 3213 612 ἐπεγχειρεῖν
3246 585 3261 610 ,
3334 538 3430 592 κᾶν
3501 540 3651 606 ἐντὸς

2001 623 2212 698 λέγοιεν
2270 623 2365 678 τοῦ
2425 624 2609 700 ὀρθοῦ,
2668 630 2774 680 ποῦ
2823 623 3029 680 δίκαιον
3068 629 3202 699 ἡμῖν
3255 628 3552 701 προτείνειν
3583 631 3650 686 τὰ

2001 711 2205 785 Spem;
2264 713 2353 775 Τίς
2407 715 2510 789 γὰρ
2564 715 2724 786 ἡμῶν
2786 713 3060 788 ἐτόλμησε
3116 716 3338 772 πώποτε
3371 716 3544 780 οὕτως
3575 719 3648 781 ὡς

2001 799 2179 876 λὲγεις
2214 801 2349 874 μετά
2402 803 2723 876 προσθήκης
2778 801 3114 876 ὁμολογεῖνε
3173 802 3353 860 Καλὸν
3411 806 3502 860 οὖν
3560 798 3649 860 καὶ

1999 891 2273 968 συμφέρον
2299 891 2399 960 τὴν
2429 890 2651 966 εῗρήνην
2703 912 2760 946 σε
2805 889 3101 947 σπεύδοντα
3146 897 3254 948 τῶν
3305 893 3645 965 Ἐκκλησιῶν

1999 979 2142 1034 οὕτω
2216 982 2503 1055 πειρᾶσθαι
2581 985 2828 1052 συνιστᾷν
2904 980 3128 1052 ταύτην,
3189 987 3369 1060 σοφῶς
3431 983 3647 1039 οἰκονο-

2004 1073 2204 1144 μοῦντα
2242 1071 2368 1144 παρ’
2415 1069 2666 1143 Ἰταλοῖςξ
2694 1072 2794 1140 τήν
2837 1069 2934 1126 τοῦ
2981 1069 3285 1127 σκανδάλου
3345 1073 3644 1150 ἀφαίρεσιν,

1995 1158 2091 1214 κᾶν
2122 1161 2287 1232 ἡμεῖς
2343 1160 2488 1232 ὦμεν
2551 1160 2602 1213 οἱ
2657 1159 2974 1233 αἰτιώμενοι
3025 1165 3118 1215 τοῦ
3176 1159 3506 1230 σκανδάλου,
3561 1161 3644 1217 δι-

1995 1249 2168 1310 καίως
2219 1251 2356 1321 ἡμῖν
2389 1245 2796 1319 ἐπιπλήττοντα
2827 1249 2900 1311 ὡς
2931 1247 3175 1322 ἑτοίμοις
3226 1251 3343 1305 οὖσι
3393 1249 3643 1326 δέχεσθαι

1995 1339 2092 1406 τήν
2154 1335 2468 1410 ἐπίπληξιν.
2522 1338 2585 1394 Εἰ
2647 1335 2703 1392 δὲ
2758 1339 2886 1414 παρ’
2943 1337 3168 1400 ἐκείνοις
3222 1339 3284 1394 τὸ
3344 1339 3641 1396 σκάνδαλον

1997 1422 2254 1482 ἔϐλαστεν
2294 1471 2307 1496 ,
2368 1426 2574 1500 ἀνάγκη
2636 1427 2999 1500 πνευματικὸν
3060 1425 3190 1483 ὄντα
3236 1429 3328 1484 καὶ
3380 1423 3646 1502 πρεσϐευ-

1993 1517 2092 1584 τὴν
2123 1523 2223 1586 τῆς
2279 1516 2502 1590 εἰρήνης
2558 1513 2785 1580 ἐκείνοις
2831 1516 2987 1580 ὠθεῖν
3021 1522 3309 1594 πειρᾶσθαι
3337 1519 3398 1572 τὸ
3431 1517 3518 1572 ἐπὶ
3573 1521 3641 1590 τῇ

1993 1604 2320 1678 καινοτομίᾳ
2346 1609 2442 1660 τοῦ
2477 1601 2776 1678 Συμϐόλου
2808 1607 3129 1681 ἁμάρτημα.
3167 1631 3194 1658 ››
3226 1606 3412 1670 Οὕτως
3455 1605 3639 1684 ἔλεγον

1996 1695 2046 1749 οἱ
2085 1701 2185 1764 τῆς
2218 1693 2568 1764 Ἐκκλησίας,
2599 1694 2688 1748 καὶ
2718 1693 2891 1756 οὕτως
2919 1694 3068 1769 εἶχον
3101 1695 3174 1757 ὡς
3208 1693 3362 1750 οὐδὲν
3414 1696 3642 1752 ἀκουσό-

1920 1822 1966 1887 B
1999 1805 2146 1857 μενοι
2180 1783 2470 1859 βασιλέως,
2503 1783 2548 1838 εἰ
2578 1781 2907 1859 προστάσσοι
2942 1783 2992 1837 ἐν
3023 1782 3262 1854 τούτοις,
3288 1784 3377 1839 καὶ
3411 1783 3464 1840 εἷ’
3486 1807 3548 1859 γε
3575 1787 3642 1841 τὰ

1999 1873 2228 1948 μέγιστα
2260 1871 2493 1929 ἀπειλεῖ.

1997 1979 2087 2054 ιβ’.
2118 1983 2306 2043 Ὀπως
2338 1980 2365 2035 ὁ
2401 1977 2664 2058 βασιλεὺς
2699 1979 2825 2058 τοὺς
2857 1986 2956 2058 τῆς
2998 1977 3329 2058 ΪΕκκλησίας
3375 1980 3638 2058 κατηνάγ-

2487 2058 2615 2122 καζε
2642 2051 2730 2107 διὰ
2764 2053 2863 2122 τὴν
2893 2053 3138 2127 εἰρήνην.

2065 2141 2220 2200 Ἀλλ’
2252 2143 2279 2197 ὁ
2313 2140 2568 2218 βασιλεὺς
2599 2143 2736 2213 ἅπαξ
2759 2143 2860 2197 τοῦ
2905 2139 3121 2197 τοιοῦδε
3167 2147 3372 2198 σκοποῦ
3415 2143 3638 2218 γενόμε-

1997 2375 2072 2414 sm
2101 2359 2414 2431 impiisque
2448 2359 2722 2415 doctrinm
2755 2376 2855 2415 vos
2882 2364 3116 2429 propter
3161 2358 3336 2415 istam
3387 2358 3638 2415 additio-

1997 2465 2128 2504 nem
2148 2450 2760 2505 accusaremus.Tunc
2800 2450 3100 2521 enimjure
3122 2449 3512 2506 causaremini
3532 2467 3640 2505 nos

1996 2538 2268 2608 dogmate
2300 2553 2402 2608 per
2431 2536 2785 2594 additionem
2828 2538 3085 2594 indicato
3117 2537 3432 2609 rejiciendo
3462 2538 3644 2605 istud,

1997 2626 2150 2697 quod
2183 2627 2348 2682 vobis
2378 2625 2523 2682 falso
2553 2627 3036 2699 impingeremus,
3070 2626 3392 2698 impietatis
3423 2625 3643 2682 crimen

1992 2731 2126 2770 vere
2159 2715 2704 2772 consciscere.C.um
2739 2720 2935 2772 autem
2986 2733 3100 2772 non
3146 2716 3357 2789 dogma
3385 2717 3444 2772 in
3477 2716 3643 2772 addi-

1993 2804 2151 2859 tione
2206 2805 2724 2875 reprehendamus,
2772 2806 2873 2862 sed
2925 2807 3353 2862 contendamus
3411 2809 3641 2860 tantum

1996 2892 2315 2949 universim
2369 2910 2472 2950 nec
2523 2894 2843 2966 probabilis
2875 2911 2980 2950 nec
3008 2895 3199 2950 securi
3236 2894 3486 2966 exempli
3518 2910 3639 2949 rem

1995 2982 2456 3052 esse,immutari
2480 2983 2844 3053 praelicenter
2865 2982 3086 3053 aliquid
3109 2986 3212 3038 aut
3241 2982 3482 3054 adjungi
3504 2981 3643 3036 scri-

1998 3072 2113 3144 ptis
2133 3073 2295 3142 prius
2316 3072 2490 3128 editis
2512 3077 2568 3127 et
2589 3088 2722 3127 cum
2752 3088 2988 3128 summa
3018 3071 3486 3128 consideratione
3517 3075 3644 3127 tum

215 3161 340 3217 ﬁde
359 3162 592 3234 optima
619 3161 1045 3236 diligentiaque
1067 3180 1303 3220 summa
1325 3165 1692 3233 versabatur,
1729 3161 1878 3218 nihil
1908 3177 1951 3244 ρ
1994 3165 2211 3216 aeterna
2261 3161 2540 3217 firmitate
2591 3161 2891 3229 stabilitis,
2925 3168 3452 3232 quantumcunque
3491 3161 3645 3231 quod

210 3267 339 3307 non
400 3251 730 3323 experiens,
764 3252 910 3308 nihil
969 3253 1114 3308 tanti
1165 3255 1413 3319 ducens,
1458 3270 1576 3325 quo
1630 3269 1731 3324 pro
1779 3268 1883 3324 spe

211 3341 585 3411 assequendi
618 3340 930 3412 legationis
961 3358 1078 3397 suae
1104 3343 1265 3414 scopi
1288 3341 1539 3398 libenter
1559 3340 1774 3414 pacisci
1794 3358 1884 3397 re-

215 3433 487 3487 cusaret.
521 3429 607 3484 Ad
640 3445 708 3485 ea
739 3446 914 3502 porro
972 3429 1242 3486 Ecclesiae
1277 3434 1490 3486 nostra:
1523 3446 1792 3503 proceres
1823 3432 1884 3485 iu

215 3518 390 3574 hunc
447 3519 691 3575 modum
725 3520 1154 3592 respondebant
1185 3536 1198 3576 :
1235 3541 1263 3571 «
1293 3524 1612 3577 Honestam
1644 3535 1784 3575 sane
1815 3535 1884 3576 ac

211 3607 606 3681 expetibilem
656 3625 859 3681 pacem
909 3624 1059 3678 esse,
1093 3609 1224 3681 quis
1255 3608 1366 3665 hoc
1396 3609 1633 3681 quidem
1667 3611 1886 3681 neget?

209 3699 552 3770 praesertim
585 3698 738 3754 inter
765 3697 1056 3755 Ecclesias
1077 3700 1222 3755 adeo
1246 3698 1882 3770 conspicuas,quaeque

207 3786 378 3843 haud
415 3787 592 3843 dubie
621 3787 882 3860 capitum
930 3787 1121 3844 instar
1167 3788 1452 3844 haberent
1494 3787 1882 3844 aestimatione

205 3876 655 3946 universorum,
679 3877 781 3951 qui
810 3877 1001 3933 ubivis
1033 3882 1321 3934 terrarum
1355 3879 1596 3950 degunt,
1623 3877 1878 3948 discipu-

198 3966 410 4023 lorum
443 3965 659 4022 Christi
691 3966 974 4040 principis
1005 3967 1186 4038 pacis.
1217 3965 1432 4022 Verum
1466 3981 1668 4037 pacem
1703 3965 1878 4021 istam

197 4072 422 4112 secure
451 4071 519 4111 ac
547 4060 695 4124 tuto,
728 4073 845 4112 non
878 4059 1075 4120 autem
1123 4055 1652 4128 quomodocunque
1683 4054 1878 4110 conci-

194 4143 506 4198 liandam.
537 4143 819 4215 Magnum
877 4143 1037 4199 enim
1089 4142 1432 4214 impendere
1478 4139 1808 4214 periculum
1842 4158 1876 4197 a

199 4237 377 4289 recto
415 4232 471 4288 in
508 4233 792 4289 utramvis
844 4236 1068 4306 partem
1117 4232 1547 4288 aberrantibus.
1583 4231 1748 4297 Quod
1799 4231 1871 4287 ad

196 4320 365 4377 hanc
400 4321 849 4379 conventionem
881 4322 1099 4377 mutari
1131 4338 1165 4377 a
1195 4320 1366 4377 nobis
1396 4321 1603 4388 vultis,
1637 4336 1752 4376 non
1781 4336 1873 4376 re-

193 4427 351 4468 cens
403 4415 509 4466 aut
554 4421 713 4467 nunc
757 4411 1015 4484 primum
1060 4410 1292 4466 institui
1339 4410 1588 4482 contigit
1617 4427 1651 4465 a
1681 4408 1869 4478 nobis,

193 4500 435 4573 quibus
466 4500 595 4556 ideo
630 4501 767 4570 jure
796 4499 1165 4573 impingatur
1190 4499 1409 4556 crimen
1443 4503 1546 4555 aut
1576 4502 1871 4570 usurpatis

189 4589 420 4647 audaci
473 4590 731 4647 novitate
761 4589 844 4647 rei
877 4605 1057 4662 quam
1086 4605 1258 4645 nemo
1284 4589 1450 4660 prius
1477 4587 1868 4658 attentaverit,

189 4683 309 4736 aut
339 4675 656 4734 obstinatae
707 4678 1096 4746 recusationis
1126 4695 1192 4734 eo
1220 4677 1504 4734 redeundi
1549 4677 1651 4733 ubi
1699 4680 1874 4733 antea

185 4783 449 4824 eramus
482 4783 495 4822 :
532 4768 634 4824 sed
665 4767 772 4825 viri
805 4768 1003 4840 magni
1037 4767 1275 4838 virtute,
1309 4766 1577 4823 doctrina
1633 4766 1872 4837 sapien-

187 4862 317 4927 tes,
351 4855 469 4912 ista
499 4856 754 4912 multum
788 4857 942 4912 inter
973 4873 1037 4913 se
1060 4860 1316 4912 tractata
1343 4855 1780 4912 constituerunt
1810 4857 1868 4912 in

182 4948 365 5003 hunc
380 4947 717 5014 modum,et
730 4947 1024 5020 dogmatis
1049 4964 1287 5004 summa
1307 4947 1638 5003 constantia
1661 4951 1866 5003 tenen-

179 5037 251 5092 di
293 5036 380 5092 eis
412 5037 822 5094 auctoritatem
865 5037 1227 5095 indiderunt.
1261 5037 1425 5102 Quod
1475 5040 1671 5092 autem
1726 5036 1864 5092 inde

1997 3254 2260 3306 mutatur
2290 3255 2395 3306 aut
2429 3251 2669 3307 additur
2695 3251 2851 3307 intra
2883 3251 3025 3307 recti
3055 3252 3202 3307 fines
3233 3251 3423 3318 sistat,
3457 3265 3644 3322 eoque

1993 3340 2276 3396 duntaxat
2306 3341 2541 3396 nomine
2564 3345 2813 3397 vestram
2845 3341 3017 3397 istam
3049 3340 3405 3397 additionem
3441 3355 3638 3410 repro-

1993 3429 2222 3498 bemus,
2256 3447 2371 3502 quo
2397 3431 2530 3501 jure
2571 3431 2630 3485 in
2683 3430 2788 3486 hoc
2834 3429 3073 3502 quidem
3123 3428 3352 3485 causari
3394 3428 3640 3499 potestis

1991 3519 2158 3591 paria
2205 3535 2312 3576 nos
2355 3519 2416 3574 in
2465 3521 2569 3575 hoc
2619 3535 2829 3592 genere
2862 3534 3118 3592 peccare,
3152 3534 3285 3572 cum
3317 3534 3350 3572 a
3381 3516 3636 3587 nemine,

1991 3609 2147 3680 quod
2180 3608 2420 3680 sciatur,
2452 3613 2723 3665 nostrum
2758 3609 2932 3664 fando
2974 3623 3230 3678 unquam
3263 3606 3340 3662 sit
3369 3607 3636 3661 auditum

1989 3697 2412 3770 professionem
2458 3698 2592 3754 tidei
2625 3715 2759 3755 cum
2795 3698 2913 3754 ulla
2941 3697 3042 3753 tali
3076 3697 3400 3768 adjectione
3433 3695 3636 3752 recita-

1985 3792 2128 3842 tum.
2161 3787 2386 3843 Bonum
2437 3787 2618 3859 igitur
2660 3788 3132 3858 conveniensque
3158 3785 3331 3842 fuerit
3354 3789 3409 3840 te
3440 3784 3634 3840 conci-

1985 3875 2130 3931 liare
2176 3893 2376 3948 pacem
2423 3877 2812 3933 Ecclesiarum
2846 3877 3092 3945 sincero,
3127 3874 3627 3946 quemadmodum

1986 3980 2101 4035 prae
2132 3969 2187 4020 te
2219 3964 2353 4033 fere,
2389 3965 2584 4021 studio
2638 3970 2946 4021 conantem
2977 3981 3104 4020 eam
3136 3962 3514 4035 potissimum
3559 3976 3626 4017 eo

1985 4053 2356 4124 perveniendi
2394 4055 2544 4109 viam
2579 4053 2850 4110 insistere
2881 4071 3007 4124 quae
3033 4052 3364 4108 rectissima
3390 4051 3462 4106 ad
3495 4066 3622 4105 sco-

1983 4159 2123 4214 pum
2154 4143 2336 4199 istum
2362 4148 2474 4213 est,
2501 4159 2710 4215 nempe
2737 4147 2801 4198 ut
2833 4143 3008 4200 Italos
3042 4159 3143 4216 pro
3175 4146 3278 4198 tua
3307 4145 3363 4198 et
3392 4140 3628 4212 sapien-

1981 4231 2064 4288 tia
2092 4236 2150 4288 et
2181 4233 2529 4289 auctoritate
2557 4233 2865 4305 gratiaque
2897 4233 3052 4305 apud
3086 4232 3245 4304 ipsos
3278 4235 3512 4302 satagas
3536 4231 3632 4285 ad-

1980 4323 2192 4378 ducere
2220 4324 2287 4378 ad
2317 4323 2663 4379 scandalum
2698 4323 3114 4390 amovendum,
3138 4321 3394 4393 positum
3429 4320 3631 4391 utique

1980 4413 2052 4468 ab
2083 4413 2251 4485 ipsis,
2284 4417 2584 4486 utcunque
2613 4413 2671 4468 id
2703 4413 2922 4469 factum
2953 4429 2987 4468 a
3018 4411 3188 4469 nobis
3236 4411 3382 4467 falso
3432 4409 3630 4465 crimi-

1980 4506 2212 4557 nentur.
2246 4503 2391 4558 Nam
2419 4502 2469 4558 si
2510 4517 2690 4574 penes
2750 4519 2856 4558 nos
2914 4501 3178 4558 scandali
3238 4499 3450 4572 objecti
3498 4515 3630 4554 vere

1979 4589 2154 4662 culpa
2184 4591 2486 4661 resideret,
2508 4591 2716 4646 merito
2740 4608 2845 4646 nos
2877 4591 3220 4662 objurgares
3253 4594 3310 4645 et
3341 4592 3631 4660 patienter

1982 4679 2498 4751 reprehensionem
2531 4680 2953 4754 exciperemus,
2984 4680 3138 4752 quod
3188 4695 3395 4735 sumus
3444 4676 3629 4749 parati

1978 4769 2167 4826 facere
2198 4769 2428 4841 quoties
2457 4771 2678 4826 erimus
2720 4770 2892 4826 nobis
2935 4770 3152 4827 conscli
3205 4769 3491 4825 meruisse
3539 4783 3630 4823 re-

1979 4859 2286 4932 prehendi.
2320 4860 2378 4915 Si
2410 4876 2542 4916 vero
2602 4859 2946 4916 scandalum
2997 4861 3068 4916 ab
3115 4859 3237 4915 illis
3293 4861 3486 4915 ortum
3537 4861 3628 4914 est

1976 4953 2202 5022 Oportet
2233 4953 2310 5017 te,
2345 4965 2475 5004 cum
2507 4948 2834 5021 spiritualis
2884 4948 2966 5005 sis
3013 4955 3073 5004 et
3112 4952 3394 5006 tractator
3442 4949 3623 5020 pacis,

1975 5054 2247 5094 amovere
2273 5039 2347 5093 ab
2377 5037 2498 5094 illis
2527 5039 2725 5095 conari
2755 5037 2975 5094 crimen
3003 5044 3222 5095 temere
3255 5042 3623 5110 praesumpta;

1973 5126 2250 5184 novitatis
2277 5127 2340 5182 in
2372 5126 2783 5184 immutatione
2812 5126 3094 5199 Symboli.
3125 5151 3152 5178 »
3184 5127 3276 5182 Sic
3308 5125 3625 5196 loqueban-

174 5131 479 5182 secutum
504 5131 684 5192 est,ut
703 5127 1002 5183 contentio
1025 5127 1084 5182 in
1108 5127 1263 5184 rixas
1284 5125 1634 5182 immodicas
1665 5141 1865 5182 erum-

171 5219 384 5289 peret,
411 5231 516 5271 nec
563 5215 677 5288 ipsi
724 5216 1059 5283 voluerunt,
1084 5220 1142 5270 et
1162 5216 1334 5288 culpa
1363 5216 1494 5287 ejus
1523 5213 1718 5272 omnis
1749 5215 1860 5270 im-

167 5304 403 5379 peritis
434 5310 490 5360 et
520 5305 845 5362 audacibus
877 5304 1032 5362 ultra
1081 5307 1168 5362 t'as
1217 5306 1327 5362 hac
1379 5307 1534 5362 373
1582 5305 1641 5360 in
1696 5309 1858 5378 parte

165 5395 613 5455 excedentibus
643 5397 992 5468 imputanda
1012 5401 1120 5453 est.
1148 5399 1433 5454 Caeterum
1463 5398 1615 5469 quod
1649 5413 1857 5468 quere-

166 5485 344 5544 mini
370 5484 595 5557 culpari
615 5503 718 5542 vos
738 5503 771 5542 a
791 5486 965 5542 nobis
985 5487 1060 5542 ob
1080 5486 1550 5544 additamentum
1575 5485 1850 5559 symboli.

160 5582 340 5632 tunc
371 5572 606 5645 querela
637 5574 759 5632 haec
787 5573 984 5631 locum
1015 5574 1277 5644 haberet,
1309 5583 1363 5632 et
1398 5577 1562 5646 juste
1589 5575 1648 5630 id
1682 5574 1852 5632 nobis

159 5663 668 5737 exprobraretur,
699 5664 750 5722 si
782 5662 985 5722 alienae
1016 5668 1142 5737 aut,
1173 5665 1328 5738 quod
1360 5663 1708 5738 pessimum,
1736 5662 1848 5721 fal-

1970 5219 2066 5271 tur
2095 5215 2363 5272 Ecclesia
2396 5233 2703 5289 proceres;
2753 5221 2810 5272 et
2851 5217 2937 5273 sic
2985 5217 3303 5288 comparati
3337 5219 3520 5281 erant,
3556 5218 3619 5269 ut

1966 5305 2377 5378 imperatorem
2428 5306 2687 5362 audituri
2738 5323 2852 5362 non
2893 5311 3108 5376 essent,
3143 5303 3428 5377 quidquid
3463 5303 3617 5357 circa

1969 5395 2357 5468 haeejuberet,
2382 5395 2984 5468 etiamsigravissima
3007 5413 3251 5468 quaeque
3268 5394 3614 5449 minaretur.

2027 5541 2112 5596 12.
2151 5540 2214 5598 Ut
2245 5543 2554 5612 imperator
2579 5542 2966 5599 ecclesiasticos
2996 5540 3201 5596 urserit
3229 5539 3304 5594 ad
3327 5550 3548 5609 pacem.

2032 5665 2514 5725 8-74Perstabat
2545 5666 2646 5723 ille
2675 5670 2873 5724 tamen
2904 5665 3054 5721 ﬁxus
3073 5659 3528 5720 irrevocabiliter
3547 5660 3608 5721 in
