3912 6192
382 298 490 354 827

1685 289 1986 346 GEORGII
2026 290 2489 346 PACHYMERB
3597 287 3678 342 828

385 441 500 487 νος,
556 419 654 473 οὐκ
710 412 828 470 οἶδα
882 411 926 468 εἰ
960 413 1132 476 θέλων
1181 408 1218 479 ἢ
1251 412 1337 465 καὶ
1371 403 1864 486 προσϐιαζόμενος,
1895 409 1924 463 ’ὁ
1957 406 2022 478 δὴ
2054 423 2115 488 Α
2139 413 2231 464 νῦν
2284 408 2575 485 πρὸίγματα
2632 405 2991 484 συνεκρίνετο.
3027 398 3390 478 Προῦὃάλλετο
3418 401 3468 458 δέ
3503 407 3572 460 καὶ
3611 408 3683 470 τὰς

1490 495 1514 514 ἢ

379 506 654 567 κάκείνοις
715 504 807 576 μὶν
863 500 1255 577 ὑπεκρύπτετο,
1301 502 1438 572 ἡμῖν
1488 497 1532 552 δ’
1585 498 1878 576 ἐνεφάνιζε,
1936 497 2030 573 φό-

383 593 512 658 ϐους
535 591 898 666 παραπλέκων
947 590 1037 645 καὶ
1083 586 1363 662 πολέμους
1404 587 1493 642 καὶ
1541 587 1892 663 χυθησόμενα
1944 585 2030 642 α’ί-

383 704 549 757 ματα,
583 680 924 756 ἀμεταθέτως
959 681 1076 754 εἶχε
1117 678 1213 732 κᾶν
1271 679 1302 731 ἀ
1330 676 1381 731 τί
1418 698 1501 741 τις
1551 675 1718 752 ἔλεγε.
1769 679 1848 750 [Ρ.
1900 679 2025 750 254]

375 773 520 833 Maii;
569 774 702 845 γοῦν
762 767 1054 822 συνιόντων
1086 764 1210 840 περὶ
1240 765 1331 819 τὸν
1389 761 1616 840 βασιλέα
1672 767 1766 817 τοῦ
1822 785 1880 818 τε
1928 785 2026 818 ποι·

379 861 646 936 τριάρχου
676 857 901 913 καὶτῶν
931 852 1232 932 ἀρχιερέων
1284 853 1373 909 καί
1423 875 1583 908 τινων
1639 852 1696 907 ἐκ
1740 857 1837 907 τοῦ
1885 851 2024 923 κλή-

377 973 496 1028 ρου,
556 943 972 1023 ἐμϐριθέστερον
1029 944 1172 1021 σφίσι
1231 943 1354 1018 περὶ
1406 948 1514 997 τῶν
1564 943 1940 1017 προκειμένων
1998 943 2026 996 6

369 1027 583 1117 κρατῶν
640 1035 940 1111 διελέγετο,
1013 1034 1268 1108 συνείρων
1334 1034 1427 1106 μὲν
1487 1033 1573 1086 καὶ
1635 1030 1762 1094 τοὺς
1822 1027 2026 1110 φόϐους

375 1131 644 1200 συνήθως,
706 1126 767 1181 οὐ
832 1127 937 1199 μὴν
1001 1125 1058 1179 δε
1089 1121 1213 1178 ἀλλ’
1272 1120 1396 1177 οὐδὲ
1442 1123 1667 1194 πάμπαν
1732 1119 2024 1200 ἐπισφαλὲς

375 1217 585 1274 ἐδείκνυ
613 1217 675 1271 τὸ
713 1214 1099 1290 γενησόμενον.
1151 1213 1282 1287 Εἶχε
1333 1211 1432 1287 γὰρ
1483 1210 1727 1273 καὶτοὺς
1778 1207 2026 1266 ὑποϐαλ-

377 1307 596 1374 λοντας,
652 1304 782 1365 τοὺς
839 1303 980 1377 ἀμφὶ
1010 1303 1101 1357 τὸν
1150 1298 1533 1376 ἀρχιδιάκονον
1595 1299 1738 1376 λέγω
1782 1299 2025 1372 Μελιτη-

369 1395 594 1464 νιώτην,
653 1391 780 1454 τοὺς
839 1391 977 1467 ἀμφὶ
1036 1391 1126 1445 τὸν
1159 1388 1719 1464 πρωταποστολάριον
1750 1389 2023 1465 Γεώργιον

367 1484 460 1538 τὸν
492 1481 762 1556 Κύπριον,
813 1480 901 1534 καὶ
955 1479 1160 1553 τρίτον,
1197 1479 1242 1532 εἰ
1287 1478 1376 1533 καὶ
1421 1479 1495 1550 μὴ
1559 1477 1732 1541 οὕτως
1779 1481 1853 1540 ὡς
1897 1478 2022 1534 1:05-

367 1591 517 1639 τους,
579 1567 704 1624 ἀλλ’
764 1566 853 1622 οὖν
920 1564 1332 1643 ἀφωσιωμένως
1388 1563 1476 1618 καὶ
1534 1563 1897 1632 ἐπιπολαίως,
1931 1565 2023 1620 τὸν

373 1659 586 1736 ῥήτορα
635 1664 732 1727 τῆς
797 1653 1091 1724 ἐκκλησίας
1142 1649 1479 1711 Ὁλόϐωλον.
1532 1652 1635 1710 Καί
1685 1675 1746 1729 γε
1804 1649 2022 1727 λαμϐά-

373 1769 478 1805 νων
531 1749 620 1802 καί
678 1747 768 1800 ἄπ’
820 1743 1037 1800 ἐκείνων
1096 1744 1190 1806 τὰς
1244 1749 1352 1800 τῶν
1408 1745 1663 1819 ἱστοριῶν
1722 1745 2021 1821 συνάρσεις,

375 1831 758 1914 προύϐάλλετο
822 1835 915 1908 μῒεν
973 1835 1065 1889 τὸν
1123 1835 1324 1888 Δούκαν
1359 1833 1615 1904 Ἰωάννην
1655 1835 1748 1889 καὶ
1801 1817 2102 1908 βασιλέαΒ

373 1924 620 1989 καὶτοὺς
651 1925 782 2001 ἀμφ’
825 1923 1026 1979 ἐκεῖνον
1061 1923 1338 2000 ἀρχιερεῖς
1386 1925 1476 1977 καὶ
1524 1924 1612 1978 τὸν
1673 1924 2023 1999 πατριάρχην

375 2019 525 2092 σφῶν
557 2013 846 2084 Μανουήλ,
879 2013 1030 2075 ὅπως
1079 2009 1317 2067 ἐνεδίδου
1366 2011 1700 2076 ἀπελθόντας
1745 2011 2023 2087 ἀρχιερεῖς

372 2101 708 2178 λειτουργεῖν
731 2124 789 2157 τε
845 2101 931 2156 καὶ
968 2101 1354 2176 μνημονεύειν,
1405 2101 1450 2156 εἰ
1500 2101 1663 2174 μόνον
1717 2101 1744 2156 6
1803 2102 2025 2163 πάππας

367 2199 468 2263 τῆς
500 2193 637 2265 πρὸς
667 2191 796 2256 τοὺς
826 2190 877 2246 ἐν
910 2195 978 2265 τῇ
1026 2189 1186 2246 πόλει
1243 2191 1500 2267 βοηθείας
1547 2190 1874 2266 ἀπόσχοιτο.
1926 2191 2022 2245 Καὶ

368 2283 480 2355 ἅμα
545 2283 638 2354 μὲν
692 2281 754 2337 τὸ
825 2278 1085 2335 κωδίκιον
1143 2286 1242 2351 τῆς
1303 2278 1634 2351 Ἐκκλησίας
1710 2279 1786 2343 είς
1845 2278 2024 2334 πίστιν

369 2372 791 2446 προεκομίζετο,
852 2370 967 2444 ἅμα
1025 2367 1084 2424 δέ
1135 2369 1226 2424 καὶ
1283 2374 1360 2442 τῷ
1393 2368 1610 2446 βασιλεῖ
1664 2371 1724 2424 τὸ
1771 2368 1896 2425 τότε
1935 2369 2026 2424 καὶ

371 2584 780 2658 prosecutione
829 2584 1003 2640 istius
1053 2584 1247 2655 ccepti,
1281 2584 1438 2640 haud
1469 2584 1591 2640 scio
1617 2601 1691 2640 an
1722 2583 1922 2641 volens
1953 2601 2028 2640 an

379 2679 662 2742 coactus;
711 2674 868 2745 quod
927 2672 1042 2728 illis
1088 2672 1326 2743 quidem
1385 2673 1800 2739 abscondebat,
1861 2673 2029 2730 nobis

379 2766 578 2819 autem
609 2761 926 2829 indicabat,
952 2777 1218 2817 sermone
1239 2761 1511 2834 perplexo
1529 2763 1842 2833 praeferens
1865 2761 2030 2817 solli-

381 2851 701 2909 citudinem
721 2851 953 2908 anxiam
968 2851 1252 2908 bellorum
1271 2851 1740 2924 impendentium
1760 2851 2030 2925 plurimi-

380 2957 491 3013 que
505 2940 812 3014 sanguinis
830 2941 1143 3010 fundendi;
1179 2942 1396 3012 quibus
1412 2941 1584 2998 malis
1601 2941 2028 3012 praevertendis,

372 3029 1248 3087 immutabiliterherebatﬁxus
1263 3029 1319 3085 in
1335 3031 1631 3102 proposito
1647 3030 1862 3102 negotii
1877 3033 2028 3098 quod

2136 500 2253 554 κατ’
2284 500 2486 556 ἐκεῖνον
2537 499 2610 561 ὡς
2641 495 2801 568 δῆθεν
2856 499 3003 573 σφῶν
3049 494 3268 571 γραφὰς,
3309 497 3413 555 πῶς
3452 495 3516 566 μή
3555 515 3684 566 κατη.

2138 593 2427 663 γοροῦντες
2461 588 2608 654 ὅλως
2665 581 2908 648 ἀσεϐείας
2949 583 3076 645 τοὺς
3128 581 3352 644 Ἰταλοὺς
3383 581 3536 654 ἠξίουν
3583 604 3685 659 uap-

2137 682 2423 750 αιροῦντας
2475 680 2575 747 τὴν
2634 677 2955 752 προσθήκην
3028 676 3126 728 τοῦ
3177 665 3465 745 Συμϐόλου,
3515 670 3559 726 ἰν
3601 679 3689 736 τοῖς

2137 765 2360 830 λοιπαῖς
2386 773 2619 846 γραφαῖς
2649 766 2990 841 ἀνάγραπτον
3044 760 3283 839 ἔχοντας,
3325 757 3569 816 συνδιιέναι
3600 768 3687 824 τοῖς

2134 856 2532 934 πεφρασμένοις
2605 855 3108 930 ἀναγινώσκοντας.
3190 847 3450 922 Προῧτεινε
3518 847 3566 902 6‘s
3623 851 3690 903 mi

2136 944 2217 1022 ἐφ’
2247 944 2395 1008 ὅσοις
2449 949 2558 1000 τῶν
2594 945 2859 1020 μεγίστων
2921 939 3228 1016 μυστηρίων
3275 938 3330 994 οὗ
3377 935 3690 994 διαστέλλοντι

2134 1035 2356 1106 Γραικοὶ
2395 1039 2672 1089 κοινωνεῖν
2705 1030 2941 1095 Ἰταλοῖς
2999 1026 3114 1085 οὐδ’
3173 1029 3472 1094 ὁπωστιοῦν,
3499 1028 3567 1100 [Ρ.
3595 1029 3690 1097 255]

2137 1121 2281 1180 ἀλλὰ
2308 1122 2397 1178 καὶ
2427 1125 2525 1193 τήν
2557 1122 2775 1178 ἐκείνων
2825 1121 2961 1196 πρὸς
3013 1118 3143 1181 τοὺς
3190 1115 3467 1192 ἡμετέρους
3511 1111 3690 1188 μετάϐα-

2134 1234 2216 1267 σιν
2251 1212 2446 1286 ὁμοίαν
2499 1213 2632 1268 εἶναι
2667 1211 2712 1266 εἰ
2754 1208 3008 1287 γλῶσσαν
3037 1207 3292 1283 γλώσσης
3335 1199 3556 1278 ἤμειϐον,
3598 1201 3692 1260 ’Βλ-

2135 1299 2369 1373 ληνικὴν
2413 1309 2516 1371 τῆς
2563 1301 2818 1379 σφετέρας
2853 1342 2868 1357 .
2917 1297 3044 1355 Τίνα
3094 1294 3140 1352 δ’
3191 1292 3300 1371 ἔχει
3343 1292 3628 1350 ἀντικανοῖαν
3668 1293 3694 1360 ἡ

2134 1390 2217 1446 ἐπ’
2269 1390 2562 1462 ἐκκλησίας
2621 1391 2864 1468 ἀναφορα
2891 1392 2988 1444 τοῦ
3032 1386 3316 1459 ὀνόματος,
3371 1383 3492 1438 ὅπου
3538 1403 3587 1456 γε
3629 1381 3695 1434 καὶ

2139 1481 2213 1554 μὴ
2274 1480 2498 1544 πάπποις
2574 1475 2732 1542 ὄντας
2805 1477 2932 1540 τοὺς
3003 1475 3208 1538 ἄλλους
3264 1472 3449 1549 ἀνάγκη
3507 1469 3698 1546 μετέχειν

2129 1565 2351 1623 τοιᾶσδε
2396 1575 2496 1638 τῆς
2545 1565 2833 1630 κοινωνίας
2883 1572 3000 1628 τοῖς
3051 1562 3476 1635 ἐκκλησιάζουσιν
3505 1577 3695 1614 συνιστα-

2136 1656 2352 1730 μένους,
2393 1656 2842 1732 λειτουργοῦντος
2869 1653 2966 1712 τοῦ
3009 1655 3201 1730 ἱερέως
3225 1652 3310 1708 καὶ
3337 1652 3426 1720 τὴν
3457 1656 3540 1718 τῆς
3575 1645 3700 1723 Τριά-

2134 1744 2226 1809 δος
2257 1748 2418 1822 χάριν
2472 1752 2602 1802 πᾶσι
2649 1744 2896 1808 διδόντος
2937 1747 3173 1814 κοινῶς;
3220 1738 3466 1818 Ἀδελφὸν
3492 1736 3540 1792 δὲ
3559 1733 3703 1791 καλεῖν

2131 1835 2220 1891 καὶ
2270 1841 2486 1911 πρῶτον
2541 1835 2744 1892 ἐκεῖνον
2802 1834 2967 1909 μείων
3025 1833 3196 1906 αἰτία,
3252 1827 3382 1886 ὅπου
3423 1828 3501 1883 καὶ
3546 1825 3706 1896 πατέρα

2130 1925 2222 1982 τὸν
2257 1921 2509 2001 Ἀϐραάμ
2549 1923 2730 1981 ἐκάλει
2784 1926 2812 1980 ὁ
2861 1923 2914 1980 ἐν
2971 1927 3040 1998 τῇ
3098 1919 3269 1998 φλογὶ
3301 1917 3556 1984 πλούσιος,
3581 1912 3704 1968 τόσον

2133 2013 2354 2090 ἀπέχων
2413 2015 2543 2077 τοὺς
2594 2015 2834 2089 τρόπους
2897 2009 3021 2068 ὅσον
3079 2010 3170 2067 καὶ
3225 2010 3286 2064 τὸ
3342 2007 3486 2082 μέσον
3536 2002 3704 2090 ἐκείνων

2131 2087 2325 2178 χάσμα
2379 2110 2480 2174 τῆς
2535 2087 2755 2159 ἐκείνωτ
2812 2099 3142 2163 διαστάσεως
3197 2098 3262 2169 ἦν
3318 2095 3617 2172 μαρτύριον.
3658 2087 3707 2146 ΕΞ

2133 2189 2190 2247 δέ
2222 2189 2469 2266 διδοῖμεν
2496 2189 2882 2264 καῖὶέκκλητον
2928 2189 3110 2267 σχολῇ
3169 2209 3288 2244 τινα
3335 2185 3486 2255 τόσην
3526 2182 3705 2267 τέμνονέ

2130 2303 2198 2336 τα
2243 2281 2514 2346 θάλασσαν
2573 2287 2680 2336 τῶν
2734 2279 2961 2336 δικαίων
3011 2272 3396 2354 ἀμφισϐητεῖν.
3440 2275 3596 2332 Ταῦτα
3639 2266 3709 2322 καὶ

2129 2375 2355 2427 τοιαῦτα
2383 2375 2480 2427 τοῦ
2515 2370 2784 2448 βασιλέως
2813 2367 3092 2446 λέγοντος,
3125 2369 3151 2423 ὁ
3202 2365 3528 2444 πατριάρχης
3565 2355 3710 2433 παρὼν

2139 2589 2196 2642 et
2226 2590 2290 2642 ut
2321 2585 2588 2659 proprias
2631 2585 2856 2642 censeri
2905 2584 2978 2641 ab
3027 2582 3198 2656 ipsis,
3230 2580 3331 2654 qui
3371 2592 3512 2635 nunc
3559 2572 3714 2630 eodem

2140 2680 2339 2732 essent
2370 2677 2517 2741 loco,
2549 2675 2760 2732 debere
2790 2674 3206 2739 contendebat,
3238 2672 3296 2727 in
3326 2669 3397 2726 iis
3421 2659 3718 2724 considerari

2131 2764 2352 2835 jubens
2371 2769 2432 2820 ut
2450 2765 2648 2821 Patres
2665 2763 2748 2820 illi
2770 2764 3012 2820 omnino
3042 2756 3506 2819 abstinuerintab
3517 2765 3716 2824 arguen-

2141 2852 2233 2908 dis
2266 2853 2428 2909 Italis
2460 2853 2780 2926 impietatis
2811 2857 2913 2910 aut
2941 2853 3234 2909 harreseos
3259 2854 3481 2922 propter
3521 2838 3720 2900 additio-

2141 2958 2274 2997 nem
2307 2941 2366 2996 in
2398 2941 2673 3014 Symbolo
2720 2946 3106 3010 attentatam;
3159 2955 3335 3013 quam
3368 2934 3486 2993 tolli
3513 2929 3670 2988 solum
3695 2942 3721 2980 a

2141 3031 2416 3102 Symbolo
2476 3032 2772 3104 petebant,
2830 3031 3214 3104 indulgentes
3263 3033 3328 3085 ut
3372 3027 3430 3083 in
3475 3018 3726 3080 ceteriset

379 3125 631 3192 coeperat
663 3119 1227 3192 urgendi,quidquid
1259 3124 1465 3176 contra
1493 3119 1686 3192 quivis
1722 3119 2021 3192 allegaret.
2056 3121 2097 3188 Β
2136 3120 2452 3177 haberetur
2472 3124 2528 3177 et
2549 3121 3050 3193 quemadmodum
3071 3124 3280 3176 caetera
3302 3116 3584 3189 legeretur.
3602 3111 3724 3162 Com-

309 3257 312 3260 .
372 3208 633 3273 Quadam
667 3207 848 3279 igitur
879 3207 972 3264 die
1002 3225 1136 3264 cum
1167 3209 1577 3266 convenissent
1623 3210 1778 3282 apud
1829 3209 2017 3281 impe-

370 3299 622 3350 ratorem
657 3295 1008 3365 patriarcha,
1043 3297 1336 3352 antistites
1361 3301 1418 3352 et
1446 3314 1515 3352 ex
1544 3296 1694 3354 clero
1753 3297 2016 3368 quidam,

372 3383 695 3439 instantius
717 3383 788 3439 iis
810 3385 1224 3456 efﬁcaciusque
1241 3389 1559 3456 imperator
1579 3388 1650 3442 de
1673 3387 1830 3457 pacis
1849 3403 2020 3458 nego-

370 3472 452 3526 tio
509 3471 808 3540 disseruit,
846 3471 1130 3540 intexens,
1179 3478 1243 3528 ut
1292 3473 1537 3542 solebat,
1590 3474 1840 3530 orationi
1899 3492 2016 3531 suae

371 3559 720 3616 formidines
765 3560 1052 3616 atrocium
1111 3561 1412 3626 malorum,
1446 3580 1573 3634 quas
1604 3563 1826 3619 vitandi
1871 3563 2017 3620 ratio

372 3649 495 3704 haec
525 3665 643 3703 una
673 3649 998 3704 oli'erretur.
1044 3650 1411 3721 Adjungebat
1443 3651 1587 3706 nihil
1617 3669 1744 3708 esse
1775 3651 2019 3724 periculi

375 3738 436 3794 in
483 3737 858 3794 assentiendo
906 3738 1131 3794 Latinis
1181 3741 1333 3811 quod
1379 3745 1674 3812 cuperent,
1713 3741 1916 3797 multis
1962 3741 2020 3796 id

375 3826 706 3884 rationibus
729 3826 1143 3884 demonstrans
1180 3845 1192 3885 :
1229 3829 1478 3886 habebat
1496 3830 1650 3886 enim
1681 3831 1780 3904 qui
1811 3829 2020 3886 talium

371 3918 421 3973 ei
483 3923 964 3990 argumentorum
1020 3918 1247 3990 copiam
1290 3925 1694 3992 suggererent,
1752 3925 2021 3976 auctores

373 4008 674 4064 studiosos
706 4007 834 4078 ejus
865 4007 1046 4079 pacis,
1072 4009 1549 4066 arclnidiaconum
1583 4010 2020 4076 Meliteniotem,

376 4096 932 4169 protapostolarium
991 4097 1305 4170 Georgium
1361 4100 1660 4172 Cyprium,
1695 4104 1752 4156 et
1780 4101 2020 4156 tertium

375 4189 737 4258 (quanquam
772 4187 972 4240 minus
1003 4188 1294 4259 ardenter,
1319 4190 1419 4244 sed
1448 4190 1563 4245 fere
1585 4189 1732 4245 dicis
1763 4206 1939 4245 causa
1967 4194 2021 4245 et

378 4272 774 4343 superﬁciarie
797 4289 918 4328 rem
942 4277 1234 4346 ejusmodi
1253 4277 2019 4350 amplectentem)rhetorem

377 4360 633 4418 ecclesiae
662 4361 1007 4418 lioloboum.
1041 4366 1374 4422 Proferebat
1405 4385 1540 4439 ergo
1573 4385 1602 4424 e
1634 4384 1786 4440 penu
1835 4367 1907 4422 ab
1952 4367 2023 4423 iis

2136 3211 2494 3266 memorabat
2538 3209 2748 3266 deinde
2796 3209 3072 3266 distincte
3123 3220 3478 3280 persequens
3522 3195 3727 3257 maxima

2139 3314 2383 3370 Quaeque
2433 3299 2731 3372 mysteria,
2763 3298 2824 3354 in
2852 3297 3071 3371 quibus
3119 3297 3301 3354 Graeci
3352 3287 3723 3352 communicem

2138 3388 2362 3444 Latinis
2378 3405 2492 3444 non
2515 3388 2854 3445 dubitarent
2875 3391 2976 3444 aut
2996 3385 3083 3444 vel
3103 3387 3420 3443 minimum
3441 3382 3724 3436 cunctaren-

2135 3479 2254 3545 tur,
2277 3476 2568 3550 iidemque
2590 3494 2705 3549 prae
2734 3494 2797 3534 se
2827 3477 3045 3533 ferrent
3074 3475 3480 3532 transitionem
3512 3469 3724 3560 ipsoruin

2136 3568 2208 3622 ad
2243 3574 2474 3624 nostros
2521 3567 2672 3623 'ritus
2721 3566 2910 3623 simile
2958 3565 3270 3639 quidpiam
3315 3577 3439 3619 esse
3467 3575 3525 3614 ac
3553 3554 3595 3612 si
3621 3554 3724 3624 quis

2135 3655 2397 3729 linguam
2455 3673 2589 3712 cum
2649 3656 2853 3729 lingua
2907 3659 3232 3713 commutet
3276 3657 3334 3710 et
3372 3652 3552 3708 Graece
3601 3642 3726 3716 prius

2133 3743 2366 3801 locutus
2412 3745 2612 3802 Latino
2659 3745 2937 3818 deinceps
2971 3746 3056 3800 uti
3089 3759 3362 3800 sermone
3408 3736 3579 3803 malit,
3605 3734 3728 3787 aute

2136 3852 2436 3891 converso.
2468 3835 2616 3899 Quid
2669 3851 2841 3908 porro
2889 3834 3066 3890 habet
3112 3831 3443 3889 canonibus
3474 3827 3728 3883 adversum

2135 3923 2384 3994 prolatio
2417 3923 2674 3980 nominis
2705 3930 2873 3996 Papa:
2905 3921 3139 3996 publice
3171 3922 3233 3977 in
3265 3916 3507 3976 ecclesia
3531 3920 3732 3984 pronun-

2135 4013 2262 4068 tiati
2294 4012 2321 4068 ?
2369 4012 2572 4084 utique
2622 4030 2755 4068 cum
2803 4012 3042 4082 multos,
3093 4013 3196 4083 qui
3243 4026 3408 4082 papa:
3456 4019 3561 4061 non
3608 3997 3731 4062 sunt.

2136 4120 2263 4159 mos
2285 4104 2607 4160 obtinuerit
2628 4108 2683 4160 et
2703 4120 2769 4160 ex
2799 4121 2910 4159 usu
2945 4103 3186 4158 inducta
3219 4097 3532 4156 necessitas
3561 4091 3729 4183 impef'

2133 4191 2317 4248 tiendi
2350 4191 2452 4247 tali
2484 4209 2692 4264 genere
2724 4189 3181 4260 communionis,
3214 4183 3556 4246 nominatim
3581 4189 3733 4248 οιρτι·

2137 4282 2349 4338 mendo
2401 4281 2534 4338 illos
2583 4281 2722 4337 dum
2775 4284 3090 4353 pressantes
3122 4279 3180 4335 in
3209 4277 3465 4334 ecclesia:
3495 4265 3731 4328 conventu

2135 4371 2354 4427 adsunt
2415 4371 2746 4427 celebrante
2777 4371 3078 4427 sacerdote
3109 4386 3176 4425 ac
3207 4362 3510 4426 Trinitatis
3539 4354 3736 4433 gratiam

377 4449 638 4505 historiae
694 4451 1034 4524 deprompta
1102 4457 1397 4512 memoria:
1458 4457 1671 4512 veteris
1736 4457 2021 4528 exempla,
2057 4485 2101 4552 ι)
2134 4459 2412 4516 omnlbus
2441 4459 2618 4515 dante
2649 4459 3062 4516 communiter.
3093 4461 3360 4514 Fratrem
3393 4457 3576 4510 autem
3606 4443 3737 4502 illum

380 4539 634 4594 maxime
666 4538 809 4596 illud
841 4541 1214 4614 imperatoris
1243 4545 1486 4602 Joannis
1517 4545 1686 4602 Ducis
1719 4550 1776 4602 et
1802 4545 2026 4601 antisti-

379 4631 507 4682 tum
539 4627 640 4698 qui
674 4633 814 4684 tunc
836 4636 1000 4686 erant
1027 4631 1200 4688 simul
1221 4651 1352 4690 cum
1369 4634 1699 4704 patriarcha
1716 4634 2018 4702 Manuele;

379 4722 442 4770 ut
459 4717 886 4788 consenserint,
913 4721 1426 4794 promiserintque,
1463 4723 1664 4780 missis
1691 4725 1868 4781 etiam
1901 4723 2023 4796 epi-

376 4805 571 4876 scopis
613 4805 714 4877 qui
745 4806 802 4861 in
835 4807 955 4863 haec
1005 4811 1457 4881 paciscerentur,
1491 4814 2025 4870 communicaturos

379 4910 441 4950 se
469 4894 689 4950 Latinis
722 4895 780 4951 in
812 4913 977 4954 sacra
1005 4898 1248 4972 liturgia
1277 4907 1334 4957 et
1365 4918 1523 4973 papas
1573 4903 1934 4960 mentionem
1964 4903 2024 4958 in

381 4998 449 5039 ea
508 4983 785 5052 facturos,
847 4985 897 5040 si
951 4989 1123 5044 modo
1169 4988 1266 5045 ille
1312 4990 1636 5048 abstineret
1679 4993 1750 5048 ab
1807 4992 2024 5049 auxilio

371 5070 654 5143 juvandis
706 5073 923 5129 Latinis
955 5076 1054 5146 qui
1089 5078 1293 5132 urbem
1344 5078 1705 5135 obtinebant.
1739 5082 1823 5137 Ad
1856 5082 2025 5152 cujus

381 5161 462 5216 rei
488 5161 661 5216 fidem
685 5163 862 5218 codex
885 5163 1164 5232 ecclesia),
1188 5166 1248 5222 in
1270 5183 1386 5237 quo
1409 5183 1474 5223 ea
1497 5168 1820 5240 perscripta
1838 5174 2023 5238 erant,

380 5248 646 5322 prolatus
697 5251 756 5306 in
818 5253 1081 5310 medium
1136 5259 1242 5311 est.
1291 5254 1456 5312 Circa
1503 5255 1562 5311 id
1612 5271 1746 5312 vero
1803 5257 2025 5313 factum

379 5339 706 5397 disserebat
763 5341 1102 5415 imperator,
1150 5360 1496 5416 comparans
1552 5348 1775 5401 statum
1828 5363 2024 5404 rerum

378 5429 478 5502 qui
503 5433 645 5486 tunc
676 5435 952 5489 eratcum
977 5435 1127 5492 875
1166 5433 1462 5506 praesenti.
1484 5435 1822 5491 Proferebat
1851 5436 2026 5493 etiam

377 5519 750 5593 praescriptas
782 5525 842 5579 et
869 5521 1261 5597 chirographo
1311 5523 1572 5580 munitas
1616 5525 1688 5580 de
1731 5524 1842 5582 hoc
1891 5543 2028 5583 sen-

377 5607 597 5667 tentias
613 5611 935 5684 prassulum
965 5613 1126 5672 illius
1151 5611 1456 5687 temporis,
1479 5628 1630 5687 quas
1645 5617 1804 5675 ratas
1825 5615 2024 5676 haberi

2135 4554 2192 4604 et
2225 4548 2481 4620 primum
2530 4564 2736 4604 vocare
2782 4547 2976 4603 minus
3027 4545 3208 4602 habet
3255 4537 3738 4620 oﬂensionis,cuﬂ_1

2134 4616 2356 4708 patrem
2377 4636 2669 4693 Abraham
2694 4641 2859 4692 vocet
2891 4636 2946 4691 in
2981 4634 3224 4690 ﬂamma
3256 4633 3440 4700 dives,
3461 4631 3667 4684 tantum
3686 4616 3742 4672 ab

2131 4725 2234 4782 illo
2251 4727 2479 4782 distans
2502 4725 2767 4783 moribus
2791 4729 3074 4796 quantum
3107 4723 3292 4779 chaos
3326 4719 3469 4777 illud
3502 4719 3740 4784 magnum

2133 4815 2287 4873 inter
2307 4815 2468 4888 ipsos
2490 4815 2905 4888 interpositum
2937 4810 3409 4870 demonstrabat.
3432 4807 3488 4864 Si
3508 4806 3678 4860 autem
3703 4801 3746 4849 et

2135 4903 2598 4977 provocationem
2657 4905 2888 4973 demus,
2923 4899 3254 4976 periculum
3316 4896 3535 4954 scilicet
3577 4890 3656 4944 est
3689 4895 3744 4938 ne

2134 4994 2267 5067 quis
2294 4997 2414 5050 tam
2443 4998 2609 5052 vasto
2632 4997 2689 5051 et
2710 4993 2924 5049 infesto
2957 4990 3105 5047 mari
3128 4988 3290 5045 litem
3316 4987 3455 5043 illuc
3476 4983 3746 5041 secuturus

2135 5082 2407 5155 naviget?
2437 5083 2568 5139 Haec
2593 5086 2650 5138 et
2680 5083 2808 5154 ejus
2839 5079 3072 5154 generis
3101 5077 3219 5134 alia
3250 5074 3570 5133 disserente
3595 5067 3745 5155 ἰωρθο

2137 5154 2351 5242 ratore,
2385 5170 2718 5244 patriarcha
2748 5186 3028 5243 presens,
3061 5167 3161 5223 ubi
3192 5160 3540 5236 aliquandiu
3569 5154 3750 5247 frustra

2135 5233 2490 5333 exspectavit
2520 5265 2584 5317 ut
2615 5233 3057 5332 chartophylaa,
3079 5255 3174 5313 cui
3199 5259 3268 5311 ut
3293 5233 3524 5310 erudito
3552 5249 3604 5302 et
3630 5243 3678 5298 in
3703 5233 3748 5290 id

2135 5367 2273 5421 artSu
2285 5354 2545 5406 mentum
2566 5353 2764 5421 parato
2777 5349 3018 5417 ﬁdebat,
3033 5363 3135 5418 pro
3154 5342 3380 5402 Latinis
3402 5340 3556 5398 dicta
3574 5333 3751 5424 extent-

2136 5437 2230 5510 ΡῙο
2245 5437 2399 5492 876
2432 5439 2743 5512 refelleret,
2759 5437 3098 5510 intelligens
3120 5448 3278 5501 eum,
3306 5446 3383 5487 ne
3404 5427 3552 5502 quod
3567 5430 3748 5512 promi-

2137 5505 2294 5582 serat
2318 5525 2507 5584 facere
2527 5505 2788 5600 auderet,
2813 5527 2892 5584 im
2901 5505 3186 5600 peratoris
3203 5516 3567 5577 contrarium
3587 5505 3748 5584 palm

2136 5629 2377 5672 sensum
2403 5617 2789 5691 studiumque
2807 5607 3270 5674 demonstrantis
3290 5600 3629 5675 verecundia
3643 5605 3750 5652 oon-
