  <div class='ocr_page' id='page_1' title='image "/cluster/home/n/w/nwhite01/storage/ocr_20150623/143/hvd.32044073502585/420.png"; bbox 0 0 3912 6192; ppageno 0'>
   <div class='ocr_carea' id='block_1_1' title="bbox 205 292 296 348">
    <p class='ocr_par' dir='ltr' id='par_1_1' title="bbox 205 292 296 348">
     <span class='ocr_line' id='line_1_1' title="bbox 205 292 296 348; baseline -0.022 0"><span class='ocrx_word' id='word_1_1' title='bbox 205 292 296 348; x_wconf 81' lang='lat'><strong>829</strong></span> 
     </span>
    </p>
   </div>
   <div class='ocr_carea' id='block_1_2' title="bbox 203 411 1986 491">
    <p class='ocr_par' dir='ltr' id='par_1_2' title="bbox 203 411 1986 491">
     <span class='ocr_line' id='line_1_2' title="bbox 203 411 1986 491; baseline -0.002 -23"><span class='ocrx_word' id='word_1_2' title='bbox 203 414 356 475; x_wconf 68' lang='lat' dir='ltr'><strong>bitias</strong></span> <span class='ocrx_word' id='word_1_3' title='bbox 397 411 481 467; x_wconf 79' lang='grc' dir='ltr'>καὶ</span> <span class='ocrx_word' id='word_1_4' title='bbox 526 413 586 467; x_wconf 83' lang='grc' dir='ltr'><strong>τὰ</strong></span> <span class='ocrx_word' id='word_1_5' title='bbox 630 411 796 468; x_wconf 80' lang='grc' dir='ltr'>πιστὰ</span> <span class='ocrx_word' id='word_1_6' title='bbox 842 415 1018 491; x_wconf 77' lang='grc' dir='ltr'>φέρων</span> <span class='ocrx_word' id='word_1_7' title='bbox 1067 417 1146 485; x_wconf 76' lang='grc' dir='ltr'>τῷ</span> <span class='ocrx_word' id='word_1_8' title='bbox 1192 412 1571 489; x_wconf 72' lang='grc' dir='ltr'>χαρτοφύλακι</span> <span class='ocrx_word' id='word_1_9' title='bbox 1604 415 1678 477; x_wconf 83' lang='grc' dir='ltr'>ὡς</span> <span class='ocrx_word' id='word_1_10' title='bbox 1709 414 1805 469; x_wconf 82' lang='grc' dir='ltr'><strong>αὐ-</strong></span> <span class='ocrx_word' id='word_1_11' title='bbox 1833 416 1888 482; x_wconf 78' lang='grc' dir='ltr'>Α</span> <span class='ocrx_word' id='word_1_12' title='bbox 1923 412 1986 488; x_wconf 85' lang='grc' dir='ltr'>ιγ’</span> 
     </span>
    </p>
   </div>
   <div class='ocr_carea' id='block_1_3' title="bbox 200 500 1808 577">
    <p class='ocr_par' dir='ltr' id='par_1_3' title="bbox 200 500 1808 577">
     <span class='ocr_line' id='line_1_3' title="bbox 200 500 1808 577; baseline 0 -21"><span class='ocrx_word' id='word_1_13' title='bbox 200 504 305 557; x_wconf 85' lang='grc' dir='ltr'>τίκα</span> <span class='ocrx_word' id='word_1_14' title='bbox 329 500 582 574; x_wconf 79' lang='grc' dir='ltr'>ἐλέγξοντι</span> <span class='ocrx_word' id='word_1_15' title='bbox 614 500 674 555; x_wconf 84' lang='grc' dir='ltr'>ἐκ</span> <span class='ocrx_word' id='word_1_16' title='bbox 725 509 827 571; x_wconf 85' lang='grc' dir='ltr'>τῆς</span> <span class='ocrx_word' id='word_1_17' title='bbox 885 502 976 556; x_wconf 76' lang='grc' dir='ltr'>ἀπ’</span> <span class='ocrx_word' id='word_1_18' title='bbox 1032 502 1240 557; x_wconf 82' lang='grc' dir='ltr'>ἐκεινου</span> <span class='ocrx_word' id='word_1_19' title='bbox 1276 503 1393 577; x_wconf 84' lang='grc' dir='ltr'><strong>βίας</strong></span> <span class='ocrx_word' id='word_1_20' title='bbox 1420 504 1509 557; x_wconf 87' lang='grc' dir='ltr'><strong>καὶ</strong></span> <span class='ocrx_word' id='word_1_21' title='bbox 1541 502 1808 566; x_wconf 84' lang='grc' dir='ltr'>ἀκουσίως</span> 
     </span>
    </p>
   </div>
   <div class='ocr_carea' id='block_1_4' title="bbox 198 589 1803 668">
    <p class='ocr_par' dir='ltr' id='par_1_4' title="bbox 198 589 1803 668">
     <span class='ocr_line' id='line_1_4' title="bbox 198 589 1803 668; baseline 0 -23"><span class='ocrx_word' id='word_1_22' title='bbox 198 591 469 666; x_wconf 67' lang='grc' dir='ltr'>ἀφορισμὸν</span> <span class='ocrx_word' id='word_1_23' title='bbox 519 589 818 660; x_wconf 74' lang='grc' dir='ltr'><strong>ἐπιτίθησιν</strong></span> <span class='ocrx_word' id='word_1_24' title='bbox 873 592 1170 665; x_wconf 70' lang='grc' dir='ltr'>ἱσταμένῳ,</span> <span class='ocrx_word' id='word_1_25' title='bbox 1220 590 1368 668; x_wconf 77' lang='grc' dir='ltr'><strong>ἔφ’ᾠ</strong></span> <span class='ocrx_word' id='word_1_26' title='bbox 1398 594 1515 647; x_wconf 86' lang='grc' dir='ltr'>κατ’</span> <span class='ocrx_word' id='word_1_27' title='bbox 1561 592 1803 666; x_wconf 87' lang='grc' dir='ltr'>ἀνάγκην</span> 
     </span>
    </p>
   </div>
   <div class='ocr_carea' id='block_1_5' title="bbox 199 677 1801 755">
    <p class='ocr_par' dir='ltr' id='par_1_5' title="bbox 199 677 1801 755">
     <span class='ocr_line' id='line_1_5' title="bbox 199 677 1801 755; baseline 0 -21"><span class='ocrx_word' id='word_1_28' title='bbox 199 679 410 735; x_wconf 72' lang='grc' dir='ltr'>εἴποιτά</span> <span class='ocrx_word' id='word_1_29' title='bbox 455 678 529 741; x_wconf 79' lang='grc' dir='ltr'><strong>εἰς</strong></span> <span class='ocrx_word' id='word_1_30' title='bbox 582 680 755 754; x_wconf 89' lang='grc' dir='ltr'>κρίσιν</span> <span class='ocrx_word' id='word_1_31' title='bbox 819 677 957 734; x_wconf 86' lang='grc' dir='ltr'>ἱδιαν</span> <span class='ocrx_word' id='word_1_32' title='bbox 1015 680 1138 755; x_wconf 86' lang='grc' dir='ltr'><strong>περί</strong></span> <span class='ocrx_word' id='word_1_33' title='bbox 1196 685 1304 735; x_wconf 78' lang='grc' dir='ltr'>τῶν</span> <span class='ocrx_word' id='word_1_34' title='bbox 1365 680 1611 736; x_wconf 81' lang='grc' dir='ltr'>Ἰταλῶν.</span> <span class='ocrx_word' id='word_1_35' title='bbox 1668 682 1727 738; x_wconf 71' lang='grc' dir='ltr'><strong>Ὀ</strong></span> <span class='ocrx_word' id='word_1_36' title='bbox 1758 678 1801 734; x_wconf 81' lang='grc' dir='ltr'>δ’</span> 
     </span>
    </p>
   </div>
   <div class='ocr_carea' id='block_1_6' title="bbox 198 766 1803 845">
    <p class='ocr_par' dir='ltr' id='par_1_6' title="bbox 198 766 1803 845">
     <span class='ocr_line' id='line_1_6' title="bbox 198 766 1803 845; baseline 0 -23"><span class='ocrx_word' id='word_1_37' title='bbox 198 768 439 842; x_wconf 72' lang='grc' dir='ltr'><strong>ἐνσχεθεὶς</strong></span> <span class='ocrx_word' id='word_1_38' title='bbox 468 769 863 845; x_wconf 70' lang='grc' dir='ltr'>ἀυφοτέρωθεν,</span> <span class='ocrx_word' id='word_1_39' title='bbox 924 767 1068 824; x_wconf 81' lang='grc' dir='ltr'>ἔνθεν</span> <span class='ocrx_word' id='word_1_40' title='bbox 1135 771 1229 841; x_wconf 66' lang='grc' dir='ltr'>μὲν</span> <span class='ocrx_word' id='word_1_41' title='bbox 1286 775 1366 841; x_wconf 75' lang='grc' dir='ltr'>τῷ</span> <span class='ocrx_word' id='word_1_42' title='bbox 1404 766 1803 844; x_wconf 59' lang='grc' dir='ltr'>τοῦξβασιλέως</span> 
     </span>
    </p>
   </div>
   <div class='ocr_carea' id='block_1_7' title="bbox 194 853 1801 935">
    <p class='ocr_par' dir='ltr' id='par_1_7' title="bbox 194 853 1801 935">
     <span class='ocr_line' id='line_1_7' title="bbox 194 853 1801 935; baseline 0 -24"><span class='ocrx_word' id='word_1_43' title='bbox 194 853 349 934; x_wconf 74' lang='grc' dir='ltr'>φόϐῳ,</span> <span class='ocrx_word' id='word_1_44' title='bbox 378 856 567 921; x_wconf 77' lang='grc' dir='ltr'>ἐκεῖθεν</span> <span class='ocrx_word' id='word_1_45' title='bbox 621 855 678 912; x_wconf 72' lang='grc' dir='ltr'>δὲ</span> <span class='ocrx_word' id='word_1_46' title='bbox 720 862 789 931; x_wconf 76' lang='grc' dir='ltr'>τῇ</span> <span class='ocrx_word' id='word_1_47' title='bbox 836 862 933 913; x_wconf 78' lang='grc' dir='ltr'><strong>τοῦ</strong></span> <span class='ocrx_word' id='word_1_48' title='bbox 978 858 1289 935; x_wconf 78' lang='grc' dir='ltr'>ἀφορισμοῦ</span> <span class='ocrx_word' id='word_1_49' title='bbox 1329 854 1602 928; x_wconf 67' lang='grc' dir='ltr'>εὐλαϐείᾳ,</span> <span class='ocrx_word' id='word_1_50' title='bbox 1640 860 1801 930; x_wconf 83' lang='grc' dir='ltr'>μέσος</span> 
     </span>
    </p>
   </div>
   <div class='ocr_carea' id='block_1_8' title="bbox 191 944 1799 1021">
    <p class='ocr_par' dir='ltr' id='par_1_8' title="bbox 191 944 1799 1021">
     <span class='ocr_line' id='line_1_8' title="bbox 191 944 1799 1021; baseline 0 -20"><span class='ocrx_word' id='word_1_51' title='bbox 191 944 544 1017; x_wconf 73' lang='grc' dir='ltr'>ἑναπολειπτο,</span> <span class='ocrx_word' id='word_1_52' title='bbox 600 947 690 1000; x_wconf 83' lang='grc' dir='ltr'><strong>καὶ</strong></span> <span class='ocrx_word' id='word_1_53' title='bbox 741 967 801 1021; x_wconf 89' lang='grc' dir='ltr'><strong>γε</strong></span> <span class='ocrx_word' id='word_1_54' title='bbox 849 945 1129 1021; x_wconf 81' lang='grc' dir='ltr'><strong>ὡμολόγει</strong></span> <span class='ocrx_word' id='word_1_55' title='bbox 1184 946 1246 1001; x_wconf 87' lang='grc' dir='ltr'>τὸ</span> <span class='ocrx_word' id='word_1_56' title='bbox 1304 948 1494 1015; x_wconf 80' lang='grc' dir='ltr'><strong>πάθος,</strong></span> <span class='ocrx_word' id='word_1_57' title='bbox 1544 948 1616 1009; x_wconf 85' lang='grc' dir='ltr'>ὡς</span> <span class='ocrx_word' id='word_1_58' title='bbox 1650 944 1799 1001; x_wconf 69' lang='grc' dir='ltr'>δυοῖν</span> 
     </span>
    </p>
   </div>
   <div class='ocr_carea' id='block_1_9' title="bbox 188 1030 1799 1112">
    <p class='ocr_par' dir='ltr' id='par_1_9' title="bbox 188 1030 1799 1112">
     <span class='ocr_line' id='line_1_9' title="bbox 188 1030 1799 1112; baseline 0.001 -25"><span class='ocrx_word' id='word_1_59' title='bbox 188 1037 464 1109; x_wconf 77' lang='grc' dir='ltr'>κρήμναται</span> <span class='ocrx_word' id='word_1_60' title='bbox 510 1034 819 1111; x_wconf 80' lang='grc' dir='ltr'>ἀυφοτέρων</span> <span class='ocrx_word' id='word_1_61' title='bbox 880 1030 1053 1112; x_wconf 74' lang='grc' dir='ltr'>φόϐου</span> <span class='ocrx_word' id='word_1_62' title='bbox 1110 1036 1199 1091; x_wconf 79' lang='grc' dir='ltr'>καὶ</span> <span class='ocrx_word' id='word_1_63' title='bbox 1259 1031 1563 1106; x_wconf 71' lang='grc' dir='ltr'>εὐλαϐείας,</span> <span class='ocrx_word' id='word_1_64' title='bbox 1594 1036 1683 1091; x_wconf 85' lang='grc' dir='ltr'><strong>καὶ</strong></span> <span class='ocrx_word' id='word_1_65' title='bbox 1716 1032 1799 1091; x_wconf 73' lang='grc' dir='ltr'>ὅτι</span> 
     </span>
    </p>
   </div>
   <div class='ocr_carea' id='block_1_10' title="bbox 184 1122 1795 1198">
    <p class='ocr_par' dir='ltr' id='par_1_10' title="bbox 184 1122 1795 1198">
     <span class='ocr_line' id='line_1_10' title="bbox 184 1122 1795 1198; baseline 0.002 -22"><span class='ocrx_word' id='word_1_66' title='bbox 184 1124 239 1177; x_wconf 73' lang='grc' dir='ltr'><strong>τὰ</strong></span> <span class='ocrx_word' id='word_1_67' title='bbox 261 1127 347 1177; x_wconf 73' lang='grc' dir='ltr'><strong>τοῦ</strong></span> <span class='ocrx_word' id='word_1_68' title='bbox 395 1122 702 1194; x_wconf 74' lang='grc' dir='ltr'>πνεύματος</span> <span class='ocrx_word' id='word_1_69' title='bbox 762 1125 1105 1198; x_wconf 88' lang='grc' dir='ltr'>προτιμητέα</span> <span class='ocrx_word' id='word_1_70' title='bbox 1251 1124 1317 1179; x_wconf 79' lang='grc' dir='ltr'><strong>τὰ</strong></span> <span class='ocrx_word' id='word_1_71' title='bbox 1370 1129 1468 1180; x_wconf 79' lang='grc' dir='ltr'>τοῦ</span> <span class='ocrx_word' id='word_1_72' title='bbox 1522 1125 1795 1197; x_wconf 85' lang='grc' dir='ltr'>σώματος.</span> 
     </span>
    </p>
   </div>
   <div class='ocr_carea' id='block_1_11' title="bbox 184 1208 1796 1285">
    <p class='ocr_par' dir='ltr' id='par_1_11' title="bbox 184 1208 1796 1285">
     <span class='ocr_line' id='line_1_11' title="bbox 184 1208 1796 1285; baseline -0.001 -17"><span class='ocrx_word' id='word_1_73' title='bbox 184 1212 300 1268; x_wconf 82' lang='grc' dir='ltr'><strong>Τότε</strong></span> <span class='ocrx_word' id='word_1_74' title='bbox 321 1208 531 1285; x_wconf 79' lang='grc' dir='ltr'>διαιρῶν</span> <span class='ocrx_word' id='word_1_75' title='bbox 564 1208 750 1285; x_wconf 83' lang='grc' dir='ltr'>ἔλεγεν</span> <span class='ocrx_word' id='word_1_76' title='bbox 794 1213 892 1281; x_wconf 82' lang='grc' dir='ltr'><strong>ὡς,</strong></span> <span class='ocrx_word' id='word_1_77' title='bbox 949 1238 969 1263; x_wconf 81' lang='grc' dir='ltr'>ι</span> <span class='ocrx_word' id='word_1_78' title='bbox 1025 1214 1093 1270; x_wconf 74' lang='grc' dir='ltr'><strong>Οἱ</strong></span> <span class='ocrx_word' id='word_1_79' title='bbox 1145 1215 1239 1285; x_wconf 80' lang='grc' dir='ltr'><strong>μέν</strong></span> <span class='ocrx_word' id='word_1_80' title='bbox 1294 1215 1380 1268; x_wconf 86' lang='grc' dir='ltr'><strong>έπί</strong></span> <span class='ocrx_word' id='word_1_81' title='bbox 1421 1236 1526 1269; x_wconf 90' lang='grc' dir='ltr'>τινι</span> <span class='ocrx_word' id='word_1_82' title='bbox 1573 1214 1796 1269; x_wconf 84' lang='grc' dir='ltr'>καὶείσί</span> 
     </span>
    </p>
   </div>
   <div class='ocr_carea' id='block_1_12' title="bbox 180 1299 1797 1380">
    <p class='ocr_par' dir='ltr' id='par_1_12' title="bbox 180 1299 1797 1380">
     <span class='ocr_line' id='line_1_12' title="bbox 180 1299 1797 1380; baseline 0.004 -25"><span class='ocrx_word' id='word_1_83' title='bbox 180 1303 255 1355; x_wconf 77' lang='grc' dir='ltr'>καὶ</span> <span class='ocrx_word' id='word_1_84' title='bbox 283 1300 544 1375; x_wconf 85' lang='grc' dir='ltr'>λέγονται,</span> <span class='ocrx_word' id='word_1_85' title='bbox 575 1303 629 1356; x_wconf 81' lang='lat' dir='ltr'><strong>o&#39;t</strong></span> <span class='ocrx_word' id='word_1_86' title='bbox 690 1300 747 1357; x_wconf 72' lang='grc' dir='ltr'>δὲ</span> <span class='ocrx_word' id='word_1_87' title='bbox 807 1299 920 1358; x_wconf 72' lang='grc' dir='ltr'>οὔτ’</span> <span class='ocrx_word' id='word_1_88' title='bbox 979 1302 1110 1358; x_wconf 75' lang='grc' dir='ltr'>εἰσὶν</span> <span class='ocrx_word' id='word_1_89' title='bbox 1173 1300 1296 1359; x_wconf 65' lang='grc' dir='ltr'>οὔτε</span> <span class='ocrx_word' id='word_1_90' title='bbox 1354 1305 1621 1380; x_wconf 86' lang='grc' dir='ltr'>λέγονται,</span> <span class='ocrx_word' id='word_1_91' title='bbox 1656 1306 1708 1360; x_wconf 76' lang='grc' dir='ltr'>οἱ</span> <span class='ocrx_word' id='word_1_92' title='bbox 1741 1304 1797 1361; x_wconf 79' lang='grc' dir='ltr'>δὲ</span> 
     </span>
    </p>
   </div>
   <div class='ocr_carea' id='block_1_13' title="bbox 182 1387 1794 1466">
    <p class='ocr_par' dir='ltr' id='par_1_13' title="bbox 182 1387 1794 1466">
     <span class='ocr_line' id='line_1_13' title="bbox 182 1387 1794 1466; baseline 0.002 -21"><span class='ocrx_word' id='word_1_93' title='bbox 182 1387 399 1465; x_wconf 81' lang='grc' dir='ltr'>λέγονται</span> <span class='ocrx_word' id='word_1_94' title='bbox 430 1390 549 1462; x_wconf 77' lang='grc' dir='ltr'>μὲν,</span> <span class='ocrx_word' id='word_1_95' title='bbox 583 1391 686 1446; x_wconf 80' lang='grc' dir='ltr'>οὐκ</span> <span class='ocrx_word' id='word_1_96' title='bbox 716 1389 818 1446; x_wconf 77' lang='grc' dir='ltr'><strong>εἷ’σὶ</strong></span> <span class='ocrx_word' id='word_1_97' title='bbox 851 1389 928 1464; x_wconf 67' lang='lat' dir='ltr'><strong>3&#39;s,</strong></span> <span class='ocrx_word' id='word_1_98' title='bbox 962 1393 1013 1446; x_wconf 75' lang='lat' dir='ltr'><strong>oi</strong></span> <span class='ocrx_word' id='word_1_99' title='bbox 1048 1389 1095 1446; x_wconf 84' lang='grc' dir='ltr'>δ’</span> <span class='ocrx_word' id='word_1_100' title='bbox 1142 1391 1405 1447; x_wconf 82' lang='grc' dir='ltr'>ἀνάπαλιν</span> <span class='ocrx_word' id='word_1_101' title='bbox 1441 1393 1541 1448; x_wconf 82' lang='grc' dir='ltr'><strong>εἷ’σὶ</strong></span> <span class='ocrx_word' id='word_1_102' title='bbox 1577 1396 1694 1466; x_wconf 75' lang='grc' dir='ltr'>μὲν,</span> <span class='ocrx_word' id='word_1_103' title='bbox 1729 1396 1794 1449; x_wconf 79' lang='grc' dir='ltr'>οὐ</span> 
     </span>
    </p>
   </div>
   <div class='ocr_carea' id='block_1_14' title="bbox 180 1475 1791 1554">
    <p class='ocr_par' dir='ltr' id='par_1_14' title="bbox 180 1475 1791 1554">
     <span class='ocr_line' id='line_1_14' title="bbox 180 1475 1791 1554; baseline 0.002 -23"><span class='ocrx_word' id='word_1_104' title='bbox 180 1477 395 1553; x_wconf 83' lang='grc' dir='ltr'>λέγονται</span> <span class='ocrx_word' id='word_1_105' title='bbox 436 1475 529 1532; x_wconf 79' lang='grc' dir='ltr'><strong>δὲ·</strong></span> <span class='ocrx_word' id='word_1_106' title='bbox 593 1477 646 1533; x_wconf 80' lang='grc' dir='ltr'><strong>ἐν</strong></span> <span class='ocrx_word' id='word_1_107' title='bbox 696 1478 913 1543; x_wconf 68' lang='grc' dir='ltr'>τοῦτοις</span> <span class='ocrx_word' id='word_1_108' title='bbox 963 1481 1184 1534; x_wconf 75' lang='grc' dir='ltr'><strong>τακτέον</strong></span> <span class='ocrx_word' id='word_1_109' title='bbox 1243 1481 1332 1534; x_wconf 72' lang='grc' dir='ltr'>καὶ</span> <span class='ocrx_word' id='word_1_110' title='bbox 1391 1480 1654 1552; x_wconf 76' lang='grc' dir='ltr'>Ἰταλοὺς,</span> <span class='ocrx_word' id='word_1_111' title='bbox 1716 1483 1791 1554; x_wconf 82' lang='grc' dir='ltr'><strong>μή</strong></span> 
     </span>
    </p>
   </div>
   <div class='ocr_carea' id='block_1_15' title="bbox 178 1564 1794 1643">
    <p class='ocr_par' dir='ltr' id='par_1_15' title="bbox 178 1564 1794 1643">
     <span class='ocr_line' id='line_1_15' title="bbox 178 1564 1794 1643; baseline 0.003 -24"><span class='ocrx_word' id='word_1_112' title='bbox 178 1564 473 1638; x_wconf 69' lang='grc' dir='ltr'>λεγομένους</span> <span class='ocrx_word' id='word_1_113' title='bbox 510 1567 634 1638; x_wconf 72' lang='grc' dir='ltr'>μὲν,</span> <span class='ocrx_word' id='word_1_114' title='bbox 663 1566 788 1623; x_wconf 88' lang='grc' dir='ltr'>ἀλλ’</span> <span class='ocrx_word' id='word_1_115' title='bbox 830 1564 989 1629; x_wconf 75' lang='grc' dir='ltr'>ὄντας</span> <span class='ocrx_word' id='word_1_116' title='bbox 1039 1566 1309 1642; x_wconf 83' lang='grc' dir='ltr'>ἐνόχουσα</span> <span class='ocrx_word' id='word_1_117' title='bbox 1338 1569 1526 1643; x_wconf 76' lang='grc' dir='ltr'>ἱρέσει.</span> <span class='ocrx_word' id='word_1_118' title='bbox 1564 1595 1591 1621; x_wconf 89' lang='grc'><strong>››</strong></span> <span class='ocrx_word' id='word_1_119' title='bbox 1623 1574 1794 1624; x_wconf 75' lang='grc' dir='ltr'>Τοῦτο</span> 
     </span>
    </p>
   </div>
   <div class='ocr_carea' id='block_1_16' title="bbox 183 1655 1790 1734">
    <p class='ocr_par' dir='ltr' id='par_1_16' title="bbox 183 1655 1790 1734">
     <span class='ocr_line' id='line_1_16' title="bbox 183 1655 1790 1734; baseline 0.004 -27"><span class='ocrx_word' id='word_1_120' title='bbox 183 1655 258 1708; x_wconf 84' lang='grc' dir='ltr'><strong>τὸν</strong></span> <span class='ocrx_word' id='word_1_121' title='bbox 286 1656 372 1727; x_wconf 74' lang='grc' dir='ltr'>μὲν</span> <span class='ocrx_word' id='word_1_122' title='bbox 403 1656 757 1731; x_wconf 85' lang='grc' dir='ltr'>πατριάρχην</span> <span class='ocrx_word' id='word_1_123' title='bbox 808 1655 1064 1734; x_wconf 70' lang='grc' dir='ltr'>ἐθάρρυνε</span> <span class='ocrx_word' id='word_1_124' title='bbox 1109 1657 1302 1725; x_wconf 88' lang='grc' dir='ltr'>πλέον,</span> <span class='ocrx_word' id='word_1_125' title='bbox 1339 1658 1555 1733; x_wconf 83' lang='grc' dir='ltr'>βασιλεῖ</span> <span class='ocrx_word' id='word_1_126' title='bbox 1585 1656 1642 1713; x_wconf 77' lang='grc' dir='ltr'><strong>δέ</strong></span> <span class='ocrx_word' id='word_1_127' title='bbox 1672 1657 1790 1713; x_wconf 78' lang='grc' dir='ltr'>δει-</span> 
     </span>
    </p>
   </div>
   <div class='ocr_carea' id='block_1_17' title="bbox 176 1742 1788 1822">
    <p class='ocr_par' dir='ltr' id='par_1_17' title="bbox 176 1742 1788 1822">
     <span class='ocr_line' id='line_1_17' title="bbox 176 1742 1788 1822; baseline 0.003 -25"><span class='ocrx_word' id='word_1_128' title='bbox 176 1743 250 1797; x_wconf 81' lang='grc' dir='ltr'><strong>νὸν</strong></span> <span class='ocrx_word' id='word_1_129' title='bbox 275 1742 408 1817; x_wconf 78' lang='grc' dir='ltr'>ἔδοξε</span> <span class='ocrx_word' id='word_1_130' title='bbox 435 1745 525 1799; x_wconf 84' lang='grc' dir='ltr'>καὶ</span> <span class='ocrx_word' id='word_1_131' title='bbox 591 1745 748 1820; x_wconf 72' lang='grc' dir='ltr'>βαρύ.</span> <span class='ocrx_word' id='word_1_132' title='bbox 790 1750 929 1801; x_wconf 83' lang='grc' dir='ltr'><strong>Λῦσε</strong></span> <span class='ocrx_word' id='word_1_133' title='bbox 979 1743 1037 1801; x_wconf 74' lang='grc' dir='ltr'>δὲ</span> <span class='ocrx_word' id='word_1_134' title='bbox 1088 1746 1367 1822; x_wconf 75' lang='grc' dir='ltr'>λαιψηρὴν</span> <span class='ocrx_word' id='word_1_135' title='bbox 1402 1746 1609 1822; x_wconf 80' lang='grc' dir='ltr'>ἀγορὴν</span> <span class='ocrx_word' id='word_1_136' title='bbox 1640 1747 1788 1802; x_wconf 80' lang='grc' dir='ltr'>αὐτί-</span> 
     </span>
    </p>
   </div>
   <div class='ocr_carea' id='block_1_18' title="bbox 176 1808 1867 1912">
    <p class='ocr_par' dir='ltr' id='par_1_18' title="bbox 176 1808 1867 1912">
     <span class='ocr_line' id='line_1_18' title="bbox 176 1808 1867 1912; baseline 0.004 -25"><span class='ocrx_word' id='word_1_137' title='bbox 176 1852 247 1901; x_wconf 84' lang='grc' dir='ltr'><strong>κα,</strong></span> <span class='ocrx_word' id='word_1_138' title='bbox 276 1835 344 1905; x_wconf 78' lang='grc' dir='ltr'><strong>μη</strong></span> <span class='ocrx_word' id='word_1_139' title='bbox 371 1834 483 1896; x_wconf 77' lang='grc' dir='ltr'>οἷός</span> <span class='ocrx_word' id='word_1_140' title='bbox 515 1835 569 1888; x_wconf 80' lang='lat'><strong>0’</strong></span> <span class='ocrx_word' id='word_1_141' title='bbox 602 1835 908 1906; x_wconf 78' lang='grc' dir='ltr'><strong>ὑπενεγκεῖν</strong></span> <span class='ocrx_word' id='word_1_142' title='bbox 949 1834 1077 1898; x_wconf 74' lang='grc' dir='ltr'>τοὺς</span> <span class='ocrx_word' id='word_1_143' title='bbox 1127 1836 1325 1912; x_wconf 78' lang='grc' dir='ltr'>λόγους</span> <span class='ocrx_word' id='word_1_144' title='bbox 1349 1856 1360 1868; x_wconf 91' lang='grc'><strong>·</strong></span> <span class='ocrx_word' id='word_1_145' title='bbox 1397 1833 1789 1907; x_wconf 77' lang='grc' dir='ltr'>ἀνασεσὸὅηται</span> <span class='ocrx_word' id='word_1_146' title='bbox 1820 1808 1867 1874; x_wconf 83' lang='grc' dir='ltr'><strong>Β</strong></span> 
     </span>
    </p>
   </div>
   <div class='ocr_carea' id='block_1_19' title="bbox 169 1922 1787 2001">
    <p class='ocr_par' dir='ltr' id='par_1_19' title="bbox 169 1922 1787 2001">
     <span class='ocr_line' id='line_1_19' title="bbox 169 1922 1787 2001; baseline 0.004 -26"><span class='ocrx_word' id='word_1_147' title='bbox 169 1922 253 1997; x_wconf 72' lang='grc' dir='ltr'>γᾶρ</span> <span class='ocrx_word' id='word_1_148' title='bbox 292 1922 522 1987; x_wconf 76' lang='grc' dir='ltr'>ὶντεῦθεν</span> <span class='ocrx_word' id='word_1_149' title='bbox 578 1924 612 1991; x_wconf 71' lang='grc' dir='ltr'>ἡ</span> <span class='ocrx_word' id='word_1_150' title='bbox 664 1924 804 1998; x_wconf 72' lang='grc' dir='ltr'>θήρα</span> <span class='ocrx_word' id='word_1_151' title='bbox 851 1929 931 1996; x_wconf 81' lang='grc' dir='ltr'>τῷ</span> <span class='ocrx_word' id='word_1_152' title='bbox 983 1923 1219 1998; x_wconf 78' lang='grc' dir='ltr'>βασιλεῖ,</span> <span class='ocrx_word' id='word_1_153' title='bbox 1250 1924 1340 1979; x_wconf 82' lang='grc' dir='ltr'>καὶ</span> <span class='ocrx_word' id='word_1_154' title='bbox 1372 1924 1473 1981; x_wconf 82' lang='grc' dir='ltr'>οὐκ</span> <span class='ocrx_word' id='word_1_155' title='bbox 1502 1926 1647 2001; x_wconf 75' lang='grc' dir='ltr'>εἶχεν</span> <span class='ocrx_word' id='word_1_156' title='bbox 1678 1923 1708 1981; x_wconf 78' lang='grc' dir='ltr'>ὅ</span> <span class='ocrx_word' id='word_1_157' title='bbox 1735 1949 1787 1981; x_wconf 89' lang='grc' dir='ltr'><strong>τι</strong></span> 
     </span>
    </p>
   </div>
   <div class='ocr_carea' id='block_1_20' title="bbox 166 2009 1787 2086">
    <p class='ocr_par' dir='ltr' id='par_1_20' title="bbox 166 2009 1787 2086">
     <span class='ocr_line' id='line_1_20' title="bbox 166 2009 1787 2086; baseline 0.004 -23"><span class='ocrx_word' id='word_1_158' title='bbox 166 2010 240 2063; x_wconf 75' lang='grc' dir='ltr'>καὶ</span> <span class='ocrx_word' id='word_1_159' title='bbox 266 2009 415 2080; x_wconf 81' lang='grc' dir='ltr'>Αέξει,</span> <span class='ocrx_word' id='word_1_160' title='bbox 447 2012 522 2075; x_wconf 82' lang='grc' dir='ltr'><strong>ὡς</strong></span> <span class='ocrx_word' id='word_1_161' title='bbox 562 2012 649 2066; x_wconf 80' lang='grc' dir='ltr'><strong>ὑπ’</strong></span> <span class='ocrx_word' id='word_1_162' title='bbox 678 2010 918 2086; x_wconf 84' lang='grc' dir='ltr'>ἀνάγκης</span> <span class='ocrx_word' id='word_1_163' title='bbox 960 2012 1244 2083; x_wconf 77' lang='grc' dir='ltr'>ἀληθεύειν</span> <span class='ocrx_word' id='word_1_164' title='bbox 1281 2011 1592 2077; x_wconf 81' lang='grc' dir='ltr'>δοκοῦντος.</span> <span class='ocrx_word' id='word_1_165' title='bbox 1628 2014 1787 2071; x_wconf 83' lang='grc' dir='ltr'>Ἀλλ’</span> 
     </span>
    </p>
   </div>
   <div class='ocr_carea' id='block_1_21' title="bbox 166 2096 1785 2175">
    <p class='ocr_par' dir='ltr' id='par_1_21' title="bbox 166 2096 1785 2175">
     <span class='ocr_line' id='line_1_21' title="bbox 166 2096 1785 2175; baseline 0.006 -26"><span class='ocrx_word' id='word_1_166' title='bbox 166 2096 210 2149; x_wconf 77' lang='grc' dir='ltr'>οἱ</span> <span class='ocrx_word' id='word_1_167' title='bbox 236 2097 359 2175; x_wconf 79' lang='grc' dir='ltr'>ἀμφὶ</span> <span class='ocrx_word' id='word_1_168' title='bbox 390 2098 479 2153; x_wconf 89' lang='grc' dir='ltr'>τὸν</span> <span class='ocrx_word' id='word_1_169' title='bbox 543 2096 933 2175; x_wconf 80' lang='grc' dir='ltr'>ἀρχιδιάκονόν</span> <span class='ocrx_word' id='word_1_170' title='bbox 990 2121 1049 2155; x_wconf 92' lang='grc' dir='ltr'>τε</span> <span class='ocrx_word' id='word_1_171' title='bbox 1103 2101 1193 2156; x_wconf 85' lang='grc' dir='ltr'><strong>καὶ</strong></span> <span class='ocrx_word' id='word_1_172' title='bbox 1243 2101 1334 2156; x_wconf 85' lang='grc' dir='ltr'><strong>τὸν</strong></span> <span class='ocrx_word' id='word_1_173' title='bbox 1394 2121 1785 2175; x_wconf 87' lang='grc' dir='ltr'>πρωταποστο-</span> 
     </span>
    </p>
   </div>
   <div class='ocr_carea' id='block_1_22' title="bbox 164 2182 1781 2267">
    <p class='ocr_par' dir='ltr' id='par_1_22' title="bbox 164 2182 1781 2267">
     <span class='ocr_line' id='line_1_22' title="bbox 164 2182 1781 2267; baseline 0.006 -29"><span class='ocrx_word' id='word_1_174' title='bbox 164 2182 321 2257; x_wconf 77' lang='grc' dir='ltr'>λάριον</span> <span class='ocrx_word' id='word_1_175' title='bbox 375 2184 531 2258; x_wconf 85' lang='grc' dir='ltr'>δίκην</span> <span class='ocrx_word' id='word_1_176' title='bbox 593 2192 813 2266; x_wconf 72' lang='grc' dir='ltr'>σφηκῶν</span> <span class='ocrx_word' id='word_1_177' title='bbox 884 2190 1224 2264; x_wconf 67' lang='grc' dir='ltr'>ὁρμήσαντες</span> <span class='ocrx_word' id='word_1_178' title='bbox 1282 2188 1502 2245; x_wconf 83' lang='grc' dir='ltr'><strong>ἐνοδίων</strong></span> <span class='ocrx_word' id='word_1_179' title='bbox 1558 2190 1781 2267; x_wconf 79' lang='grc' dir='ltr'>ἐπεῖχον</span> 
     </span>
    </p>
   </div>
   <div class='ocr_carea' id='block_1_23' title="bbox 164 2274 1779 2356">
    <p class='ocr_par' dir='ltr' id='par_1_23' title="bbox 164 2274 1779 2356">
     <span class='ocr_line' id='line_1_23' title="bbox 164 2274 1779 2356; baseline 0.005 -29"><span class='ocrx_word' id='word_1_180' title='bbox 164 2274 366 2350; x_wconf 67' lang='grc' dir='ltr'>στερρῶς</span> <span class='ocrx_word' id='word_1_181' title='bbox 414 2280 493 2348; x_wconf 78' lang='grc' dir='ltr'>τῷ</span> <span class='ocrx_word' id='word_1_182' title='bbox 562 2277 753 2349; x_wconf 87' lang='grc' dir='ltr'>Βέκκῳ</span> <span class='ocrx_word' id='word_1_183' title='bbox 810 2277 885 2339; x_wconf 85' lang='grc' dir='ltr'><strong>ὡς</strong></span> <span class='ocrx_word' id='word_1_184' title='bbox 936 2282 1117 2342; x_wconf 80' lang='grc' dir='ltr'>κακῶς</span> <span class='ocrx_word' id='word_1_185' title='bbox 1162 2277 1423 2353; x_wconf 83' lang='grc' dir='ltr'>κρίνοντι,</span> <span class='ocrx_word' id='word_1_186' title='bbox 1483 2278 1662 2356; x_wconf 84' lang='grc' dir='ltr'>λογίῳ</span> <span class='ocrx_word' id='word_1_187' title='bbox 1691 2280 1779 2335; x_wconf 79' lang='grc' dir='ltr'><strong>καὶ</strong></span> 
     </span>
    </p>
   </div>
   <div class='ocr_carea' id='block_1_24' title="bbox 162 2362 1779 2447">
    <p class='ocr_par' dir='ltr' id='par_1_24' title="bbox 162 2362 1779 2447">
     <span class='ocr_line' id='line_1_24' title="bbox 162 2362 1779 2447; baseline 0.005 -30"><span class='ocrx_word' id='word_1_188' title='bbox 162 2363 300 2418; x_wconf 76' lang='grc' dir='ltr'>ταῦτά</span> <span class='ocrx_word' id='word_1_189' title='bbox 324 2386 379 2439; x_wconf 87' lang='grc' dir='ltr'>γε</span> <span class='ocrx_word' id='word_1_190' title='bbox 407 2362 520 2421; x_wconf 76' lang='grc' dir='ltr'>ὄντι</span> <span class='ocrx_word' id='word_1_191' title='bbox 580 2366 670 2421; x_wconf 85' lang='grc' dir='ltr'><strong>καὶ</strong></span> <span class='ocrx_word' id='word_1_192' title='bbox 704 2367 835 2442; x_wconf 78' lang='grc' dir='ltr'>ὑπὲρ</span> <span class='ocrx_word' id='word_1_193' title='bbox 886 2365 1015 2430; x_wconf 80' lang='grc' dir='ltr'>τοὺς</span> <span class='ocrx_word' id='word_1_194' title='bbox 1072 2366 1323 2430; x_wconf 70' lang='grc' dir='ltr'>πολλοὺς</span> <span class='ocrx_word' id='word_1_195' title='bbox 1364 2366 1613 2424; x_wconf 72' lang='grc' dir='ltr'>δοκοῦντι</span> <span class='ocrx_word' id='word_1_196' title='bbox 1646 2392 1779 2447; x_wconf 77' lang='grc' dir='ltr'>φροο</span> 
     </span>
    </p>
   </div>
   <div class='ocr_carea' id='block_1_25' title="bbox 160 2457 268 2508">
    <p class='ocr_par' dir='ltr' id='par_1_25' title="bbox 160 2457 268 2508">
     <span class='ocr_line' id='line_1_25' title="bbox 160 2457 268 2508; baseline 0.028 -3"><span class='ocrx_word' id='word_1_197' title='bbox 160 2457 268 2508; x_wconf 81' lang='grc' dir='ltr'>νεῖν.</span> 
     </span>
    </p>
   </div>
   <div class='ocr_carea' id='block_1_26' title="bbox 154 2672 1775 2744">
    <p class='ocr_par' dir='ltr' id='par_1_26' title="bbox 154 2672 1775 2744">
     <span class='ocr_line' id='line_1_26' title="bbox 154 2672 1775 2744; baseline 0.006 -20"><span class='ocrx_word' id='word_1_198' title='bbox 154 2672 352 2744; x_wconf 79' lang='lat' dir='ltr'><strong>stringi,</strong></span> <span class='ocrx_word' id='word_1_199' title='bbox 392 2676 641 2730; x_wconf 89' lang='lat' dir='ltr'><strong>tandem</strong></span> <span class='ocrx_word' id='word_1_200' title='bbox 692 2674 911 2731; x_wconf 85' lang='lat' dir='ltr'><strong>invitus</strong></span> <span class='ocrx_word' id='word_1_201' title='bbox 954 2674 1091 2732; x_wconf 90' lang='lat' dir='ltr'><strong>licet</strong></span> <span class='ocrx_word' id='word_1_202' title='bbox 1120 2678 1176 2731; x_wconf 90' lang='lat' dir='ltr'><strong>in</strong></span> <span class='ocrx_word' id='word_1_203' title='bbox 1210 2677 1605 2734; x_wconf 87' lang='lat' dir='ltr'><strong>necessarium</strong></span> <span class='ocrx_word' id='word_1_204' title='bbox 1639 2696 1775 2735; x_wconf 93' lang='lat' dir='ltr'><strong>con-</strong></span> 
     </span>
    </p>
   </div>
   <div class='ocr_carea' id='block_1_27' title="bbox 154 2760 1775 2835">
    <p class='ocr_par' dir='ltr' id='par_1_27' title="bbox 154 2760 1775 2835">
     <span class='ocr_line' id='line_1_27' title="bbox 154 2760 1775 2835; baseline 0.006 -22"><span class='ocrx_word' id='word_1_205' title='bbox 154 2760 323 2816; x_wconf 85' lang='lat' dir='ltr'><strong>silium</strong></span> <span class='ocrx_word' id='word_1_206' title='bbox 362 2763 628 2819; x_wconf 74' lang='lat' dir='ltr'><strong>trahitur</strong></span> <span class='ocrx_word' id='word_1_207' title='bbox 671 2762 1002 2835; x_wconf 83' lang='lat' dir='ltr'><strong>imperandi</strong></span> <span class='ocrx_word' id='word_1_208' title='bbox 1031 2766 1082 2822; x_wconf 91' lang='lat' dir='ltr'><strong>ei</strong></span> <span class='ocrx_word' id='word_1_209' title='bbox 1115 2766 1227 2821; x_wconf 86' lang='lat' dir='ltr'><strong>sub</strong></span> <span class='ocrx_word' id='word_1_210' title='bbox 1276 2767 1691 2833; x_wconf 87' lang='lat' dir='ltr'><strong>anathematis,</strong></span> <span class='ocrx_word' id='word_1_211' title='bbox 1726 2770 1775 2825; x_wconf 91' lang='lat' dir='ltr'><strong>si</strong></span> 
     </span>
    </p>
   </div>
   <div class='ocr_carea' id='block_1_28' title="bbox 156 2852 1776 2926">
    <p class='ocr_par' dir='ltr' id='par_1_28' title="bbox 156 2852 1776 2926">
     <span class='ocr_line' id='line_1_28' title="bbox 156 2852 1776 2926; baseline 0.007 -24"><span class='ocrx_word' id='word_1_212' title='bbox 156 2856 366 2919; x_wconf 78' lang='lat' dir='ltr'><strong>recuset,</strong></span> <span class='ocrx_word' id='word_1_213' title='bbox 414 2852 768 2908; x_wconf 85' lang='lat' dir='ltr'><strong>incurrendi</strong></span> <span class='ocrx_word' id='word_1_214' title='bbox 818 2871 1007 2923; x_wconf 70' lang='lat' dir='ltr'><strong>pinna,</strong></span> <span class='ocrx_word' id='word_1_215' title='bbox 1062 2859 1126 2909; x_wconf 93' lang='lat' dir='ltr'><strong>ut</strong></span> <span class='ocrx_word' id='word_1_216' title='bbox 1172 2854 1312 2926; x_wconf 90' lang='lat' dir='ltr'><strong>quid</strong></span> <span class='ocrx_word' id='word_1_217' title='bbox 1359 2856 1657 2925; x_wconf 88' lang='lat' dir='ltr'><strong>judicaret</strong></span> <span class='ocrx_word' id='word_1_218' title='bbox 1703 2859 1776 2914; x_wconf 92' lang='lat' dir='ltr'><strong>de</strong></span> 
     </span>
    </p>
   </div>
   <div class='ocr_carea' id='block_1_29' title="bbox 154 2938 1773 3015">
    <p class='ocr_par' dir='ltr' id='par_1_29' title="bbox 154 2938 1773 3015">
     <span class='ocr_line' id='line_1_29' title="bbox 154 2938 1773 3015; baseline 0.007 -23"><span class='ocrx_word' id='word_1_219' title='bbox 154 2938 289 2996; x_wconf 84' lang='lat' dir='ltr'><strong>italis</strong></span> <span class='ocrx_word' id='word_1_220' title='bbox 317 2943 628 3012; x_wconf 79' lang='lat' dir='ltr'><strong>proferret.</strong></span> <span class='ocrx_word' id='word_1_221' title='bbox 684 2942 800 2998; x_wconf 86' lang='lat' dir='ltr'><strong>Hoc</strong></span> <span class='ocrx_word' id='word_1_222' title='bbox 849 2943 1095 3015; x_wconf 88' lang='lat' dir='ltr'><strong>imperio</strong></span> <span class='ocrx_word' id='word_1_223' title='bbox 1149 2948 1518 3015; x_wconf 87' lang='lat' dir='ltr'><strong>perturbatus</strong></span> <span class='ocrx_word' id='word_1_224' title='bbox 1550 2946 1773 3003; x_wconf 89' lang='lat' dir='ltr'><strong>Veccus</strong></span> 
     </span>
    </p>
   </div>
   <div class='ocr_carea' id='block_1_30' title="bbox 150 3031 1769 3106">
    <p class='ocr_par' dir='ltr' id='par_1_30' title="bbox 150 3031 1769 3106">
     <span class='ocr_line' id='line_1_30' title="bbox 150 3031 1769 3106; baseline 0.006 -24"><span class='ocrx_word' id='word_1_225' title='bbox 150 3033 239 3095; x_wconf 89' lang='lat' dir='ltr'><strong>est,</strong></span> <span class='ocrx_word' id='word_1_226' title='bbox 267 3031 409 3087; x_wconf 86' lang='lat' dir='ltr'><strong>inter</strong></span> <span class='ocrx_word' id='word_1_227' title='bbox 455 3031 606 3087; x_wconf 82' lang='lat' dir='ltr'><strong>hinc</strong></span> <span class='ocrx_word' id='word_1_228' title='bbox 655 3031 894 3102; x_wconf 87' lang='lat' dir='ltr'><strong>quidem</strong></span> <span class='ocrx_word' id='word_1_229' title='bbox 938 3032 1095 3087; x_wconf 83' lang='lat' dir='ltr'>haud</span> <span class='ocrx_word' id='word_1_230' title='bbox 1156 3032 1405 3089; x_wconf 78' lang='lat' dir='ltr'><strong>molliter</strong></span> <span class='ocrx_word' id='word_1_231' title='bbox 1464 3042 1769 3106; x_wconf 75' lang='lat' dir='ltr'><strong>urgentem</strong></span> 
     </span>
    </p>
   </div>
   <div class='ocr_carea' id='block_1_31' title="bbox 147 3120 1771 3191">
    <p class='ocr_par' dir='ltr' id='par_1_31' title="bbox 147 3120 1771 3191">
     <span class='ocr_line' id='line_1_31' title="bbox 147 3120 1771 3191; baseline 0.006 -21"><span class='ocrx_word' id='word_1_232' title='bbox 147 3120 416 3186; x_wconf 68' lang='lat' dir='ltr'><strong>prasentis</strong></span> <span class='ocrx_word' id='word_1_233' title='bbox 449 3120 714 3191; x_wconf 86' lang='lat' dir='ltr'><strong>Augusti</strong></span> <span class='ocrx_word' id='word_1_234' title='bbox 746 3126 993 3188; x_wconf 85' lang='lat' dir='ltr'><strong>metum,</strong></span> <span class='ocrx_word' id='word_1_235' title='bbox 1026 3121 1159 3176; x_wconf 90' lang='lat' dir='ltr'><strong>inde</strong></span> <span class='ocrx_word' id='word_1_236' title='bbox 1202 3127 1398 3177; x_wconf 90' lang='lat' dir='ltr'><strong>autem</strong></span> <span class='ocrx_word' id='word_1_237' title='bbox 1428 3129 1633 3180; x_wconf 90' lang='lat' dir='ltr'><strong>contra</strong></span> <span class='ocrx_word' id='word_1_238' title='bbox 1664 3125 1771 3180; x_wconf 90' lang='lat' dir='ltr'><strong>sti-</strong></span> 
     </span>
    </p>
   </div>
   <div class='ocr_carea' id='block_1_32' title="bbox 142 3206 1766 3285">
    <p class='ocr_par' dir='ltr' id='par_1_32' title="bbox 142 3206 1766 3285">
     <span class='ocr_line' id='line_1_32' title="bbox 142 3206 1766 3285; baseline 0.006 -24"><span class='ocrx_word' id='word_1_239' title='bbox 142 3206 431 3265; x_wconf 88' lang='lat' dir='ltr'><strong>mulantem</strong></span> <span class='ocrx_word' id='word_1_240' title='bbox 486 3209 903 3266; x_wconf 88' lang='lat' dir='ltr'><strong>consciscendi</strong></span> <span class='ocrx_word' id='word_1_241' title='bbox 960 3210 1353 3267; x_wconf 86' lang='lat' dir='ltr'><strong>anathematis</strong></span> <span class='ocrx_word' id='word_1_242' title='bbox 1418 3212 1766 3285; x_wconf 86' lang='lat' dir='ltr'><strong>scrupulum</strong></span> 
     </span>
    </p>
   </div>
   <div class='ocr_carea' id='block_1_33' title="bbox 143 3297 1766 3373">
    <p class='ocr_par' dir='ltr' id='par_1_33' title="bbox 143 3297 1766 3373">
     <span class='ocr_line' id='line_1_33' title="bbox 143 3297 1766 3373; baseline 0.007 -24"><span class='ocrx_word' id='word_1_243' title='bbox 143 3297 337 3354; x_wconf 85' lang='lat' dir='ltr'><strong>medius</strong></span> <span class='ocrx_word' id='word_1_244' title='bbox 366 3298 424 3354; x_wconf 91' lang='lat' dir='ltr'><strong>in</strong></span> <span class='ocrx_word' id='word_1_245' title='bbox 457 3303 631 3355; x_wconf 88' lang='lat' dir='ltr'><strong>arcto</strong></span> <span class='ocrx_word' id='word_1_246' title='bbox 673 3299 1100 3369; x_wconf 88' lang='lat' dir='ltr'><strong>deprehensus.</strong></span> <span class='ocrx_word' id='word_1_247' title='bbox 1138 3301 1337 3372; x_wconf 80' lang='lat' dir='ltr'><strong>Itaque</strong></span> <span class='ocrx_word' id='word_1_248' title='bbox 1367 3300 1549 3373; x_wconf 88' lang='lat' dir='ltr'><strong>hujus</strong></span> <span class='ocrx_word' id='word_1_249' title='bbox 1581 3303 1766 3373; x_wconf 86' lang='lat' dir='ltr'><strong>ipsius</strong></span> 
     </span>
    </p>
   </div>
   <div class='ocr_carea' id='block_1_34' title="bbox 141 3386 1765 3460">
    <p class='ocr_par' dir='ltr' id='par_1_34' title="bbox 141 3386 1765 3460">
     <span class='ocr_line' id='line_1_34' title="bbox 141 3386 1765 3460; baseline 0.007 -22"><span class='ocrx_word' id='word_1_250' title='bbox 141 3386 469 3444; x_wconf 84' lang='lat' dir='ltr'><strong>confessione</strong></span> <span class='ocrx_word' id='word_1_251' title='bbox 500 3388 801 3459; x_wconf 69' lang='lat' dir='ltr'><strong>angustias</strong></span> <span class='ocrx_word' id='word_1_252' title='bbox 827 3387 1151 3444; x_wconf 91' lang='lat' dir='ltr'><strong>orationem</strong></span> <span class='ocrx_word' id='word_1_253' title='bbox 1183 3389 1509 3460; x_wconf 82' lang='lat' dir='ltr'><strong>ingressus,</strong></span> <span class='ocrx_word' id='word_1_254' title='bbox 1534 3394 1585 3446; x_wconf 92' lang='lat' dir='ltr'><strong>ei</strong></span> <span class='ocrx_word' id='word_1_255' title='bbox 1605 3409 1765 3449; x_wconf 84' lang='lat' dir='ltr'><strong>exor-</strong></span> 
     </span>
    </p>
   </div>
   <div class='ocr_carea' id='block_1_35' title="bbox 137 3474 1761 3553">
    <p class='ocr_par' dir='ltr' id='par_1_35' title="bbox 137 3474 1761 3553">
     <span class='ocr_line' id='line_1_35' title="bbox 137 3474 1761 3553; baseline 0.006 -25"><span class='ocrx_word' id='word_1_256' title='bbox 137 3474 215 3530; x_wconf 89' lang='lat' dir='ltr'><strong>dio</strong></span> <span class='ocrx_word' id='word_1_257' title='bbox 240 3477 484 3548; x_wconf 80' lang='lat' dir='ltr'><strong>subjecit.</strong></span> <span class='ocrx_word' id='word_1_258' title='bbox 538 3493 695 3544; x_wconf 83' lang='lat' dir='ltr'><strong>sese,</strong></span> <span class='ocrx_word' id='word_1_259' title='bbox 724 3494 859 3534; x_wconf 91' lang='lat' dir='ltr'><strong>cum</strong></span> <span class='ocrx_word' id='word_1_260' title='bbox 908 3476 1047 3533; x_wconf 90' lang='lat' dir='ltr'><strong>hinc</strong></span> <span class='ocrx_word' id='word_1_261' title='bbox 1074 3495 1107 3533; x_wconf 93' lang='lat' dir='ltr'><strong>a</strong></span> <span class='ocrx_word' id='word_1_262' title='bbox 1138 3478 1402 3534; x_wconf 70' lang='lat' dir='ltr'><strong>saeculari</strong></span> <span class='ocrx_word' id='word_1_263' title='bbox 1455 3486 1761 3553; x_wconf 81' lang='lat' dir='ltr'><strong>potestate,</strong></span> 
     </span>
    </p>
   </div>
   <div class='ocr_carea' id='block_1_36' title="bbox 138 3564 1761 3641">
    <p class='ocr_par' dir='ltr' id='par_1_36' title="bbox 138 3564 1761 3641">
     <span class='ocr_line' id='line_1_36' title="bbox 138 3564 1761 3641; baseline 0.007 -25"><span class='ocrx_word' id='word_1_264' title='bbox 138 3564 277 3634; x_wconf 80' lang='lat' dir='ltr'><strong>cujus</strong></span> <span class='ocrx_word' id='word_1_265' title='bbox 303 3566 386 3623; x_wconf 85' lang='lat' dir='ltr'><strong>vis</strong></span> <span class='ocrx_word' id='word_1_266' title='bbox 434 3569 493 3624; x_wconf 89' lang='lat' dir='ltr'><strong>in</strong></span> <span class='ocrx_word' id='word_1_267' title='bbox 563 3584 774 3640; x_wconf 89' lang='lat' dir='ltr'><strong>corpus</strong></span> <span class='ocrx_word' id='word_1_268' title='bbox 820 3572 927 3637; x_wconf 89' lang='lat' dir='ltr'><strong>est,</strong></span> <span class='ocrx_word' id='word_1_269' title='bbox 961 3566 1098 3622; x_wconf 91' lang='lat' dir='ltr'><strong>inde</strong></span> <span class='ocrx_word' id='word_1_270' title='bbox 1146 3585 1178 3622; x_wconf 93' lang='lat' dir='ltr'><strong>a</strong></span> <span class='ocrx_word' id='word_1_271' title='bbox 1223 3567 1495 3639; x_wconf 84' lang='lat' dir='ltr'><strong>spiritali,</strong></span> <span class='ocrx_word' id='word_1_272' title='bbox 1527 3587 1653 3641; x_wconf 71' lang='lat' dir='ltr'><strong>quas</strong></span> <span class='ocrx_word' id='word_1_273' title='bbox 1701 3572 1761 3627; x_wconf 90' lang='lat' dir='ltr'><strong>in</strong></span> 
     </span>
    </p>
   </div>
   <div class='ocr_carea' id='block_1_37' title="bbox 133 3654 1756 3731">
    <p class='ocr_par' dir='ltr' id='par_1_37' title="bbox 133 3654 1756 3731">
     <span class='ocr_line' id='line_1_37' title="bbox 133 3654 1756 3731; baseline 0.006 -23"><span class='ocrx_word' id='word_1_274' title='bbox 133 3654 357 3713; x_wconf 85' lang='lat' dir='ltr'><strong>animam</strong></span> <span class='ocrx_word' id='word_1_275' title='bbox 386 3658 577 3725; x_wconf 85' lang='lat' dir='ltr'><strong>valet,</strong></span> <span class='ocrx_word' id='word_1_276' title='bbox 604 3658 665 3713; x_wconf 90' lang='lat' dir='ltr'><strong>in</strong></span> <span class='ocrx_word' id='word_1_277' title='bbox 716 3658 945 3714; x_wconf 88' lang='lat' dir='ltr'><strong>diversa</strong></span> <span class='ocrx_word' id='word_1_278' title='bbox 971 3657 1351 3729; x_wconf 85' lang='lat' dir='ltr'><strong>propellatur,</strong></span> <span class='ocrx_word' id='word_1_279' title='bbox 1386 3660 1581 3731; x_wconf 84' lang='lat' dir='ltr'><strong>potius</strong></span> <span class='ocrx_word' id='word_1_280' title='bbox 1631 3663 1756 3717; x_wconf 83' lang='lat' dir='ltr'><strong>ani-</strong></span> 
     </span>
    </p>
   </div>
   <div class='ocr_carea' id='block_1_38' title="bbox 132 3746 1760 3823">
    <p class='ocr_par' dir='ltr' id='par_1_38' title="bbox 132 3746 1760 3823">
     <span class='ocr_line' id='line_1_38' title="bbox 132 3746 1760 3823; baseline 0.006 -25"><span class='ocrx_word' id='word_1_281' title='bbox 132 3759 220 3800; x_wconf 69' lang='lat' dir='ltr'><strong>ma:</strong></span> <span class='ocrx_word' id='word_1_282' title='bbox 240 3748 545 3804; x_wconf 79' lang='lat' dir='ltr'><strong>consulere</strong></span> <span class='ocrx_word' id='word_1_283' title='bbox 579 3746 725 3803; x_wconf 84' lang='lat' dir='ltr'><strong>velle</strong></span> <span class='ocrx_word' id='word_1_284' title='bbox 760 3764 939 3819; x_wconf 91' lang='lat' dir='ltr'><strong>quam</strong></span> <span class='ocrx_word' id='word_1_285' title='bbox 980 3748 1230 3820; x_wconf 88' lang='lat' dir='ltr'><strong>corpori.</strong></span> <span class='ocrx_word' id='word_1_286' title='bbox 1266 3750 1415 3804; x_wconf 90' lang='lat' dir='ltr'><strong>Tum</strong></span> <span class='ocrx_word' id='word_1_287' title='bbox 1450 3766 1595 3806; x_wconf 87' lang='lat' dir='ltr'><strong>usus</strong></span> <span class='ocrx_word' id='word_1_288' title='bbox 1627 3768 1760 3823; x_wconf 89' lang='lat' dir='ltr'><strong>par-</strong></span> 
     </span>
    </p>
   </div>
   <div class='ocr_carea' id='block_1_39' title="bbox 129 3832 1761 3901">
    <p class='ocr_par' dir='ltr' id='par_1_39' title="bbox 129 3832 1761 3901">
     <span class='ocr_line' id='line_1_39' title="bbox 129 3832 1761 3901; baseline 0.007 -16"><span class='ocrx_word' id='word_1_289' title='bbox 129 3832 304 3891; x_wconf 85' lang='lat' dir='ltr'><strong>titione</strong></span> <span class='ocrx_word' id='word_1_290' title='bbox 348 3837 436 3894; x_wconf 90' lang='lat' dir='ltr'><strong>sic</strong></span> <span class='ocrx_word' id='word_1_291' title='bbox 488 3835 696 3892; x_wconf 83' lang='lat' dir='ltr'><strong>dixit:</strong></span> <span class='ocrx_word' id='word_1_292' title='bbox 732 3836 1040 3901; x_wconf 84' lang='lat' dir='ltr'><strong>«Quidam</strong></span> <span class='ocrx_word' id='word_1_293' title='bbox 1090 3851 1147 3893; x_wconf 84' lang='lat' dir='ltr'><strong>et.</strong></span> <span class='ocrx_word' id='word_1_294' title='bbox 1193 3844 1333 3893; x_wconf 90' lang='lat' dir='ltr'><strong>sunt</strong></span> <span class='ocrx_word' id='word_1_295' title='bbox 1380 3842 1436 3894; x_wconf 89' lang='lat' dir='ltr'><strong>et</strong></span> <span class='ocrx_word' id='word_1_296' title='bbox 1478 3839 1761 3896; x_wconf 92' lang='lat' dir='ltr'><strong>dicuntur</strong></span> 
     </span>
    </p>
   </div>
   <div class='ocr_carea' id='block_1_40' title="bbox 131 3917 1755 3999">
    <p class='ocr_par' dir='ltr' id='par_1_40' title="bbox 131 3917 1755 3999">
     <span class='ocr_line' id='line_1_40' title="bbox 131 3917 1755 3999; baseline 0.008 -28"><span class='ocrx_word' id='word_1_297' title='bbox 131 3917 376 3993; x_wconf 70' lang='lat' dir='ltr'><strong>heretici;</strong></span> <span class='ocrx_word' id='word_1_298' title='bbox 426 3924 712 3982; x_wconf 83' lang='lat' dir='ltr'><strong>nonnulli</strong></span> <span class='ocrx_word' id='word_1_299' title='bbox 764 3942 955 3997; x_wconf 90' lang='lat' dir='ltr'><strong>neque</strong></span> <span class='ocrx_word' id='word_1_300' title='bbox 1011 3932 1152 3981; x_wconf 90' lang='lat' dir='ltr'><strong>sunt</strong></span> <span class='ocrx_word' id='word_1_301' title='bbox 1205 3944 1395 3999; x_wconf 89' lang='lat' dir='ltr'><strong>neque</strong></span> <span class='ocrx_word' id='word_1_302' title='bbox 1448 3929 1755 3997; x_wconf 88' lang='lat' dir='ltr'><strong>dicuntur;</strong></span> 
     </span>
    </p>
   </div>
   <div class='ocr_carea' id='block_1_41' title="bbox 130 4008 1755 4088">
    <p class='ocr_par' dir='ltr' id='par_1_41' title="bbox 130 4008 1755 4088">
     <span class='ocr_line' id='line_1_41' title="bbox 130 4008 1755 4088; baseline 0.009 -28"><span class='ocrx_word' id='word_1_303' title='bbox 130 4008 207 4063; x_wconf 79' lang='lat' dir='ltr'><strong>alii</strong></span> <span class='ocrx_word' id='word_1_304' title='bbox 233 4012 510 4070; x_wconf 88' lang='lat' dir='ltr'><strong>dicuntur</strong></span> <span class='ocrx_word' id='word_1_305' title='bbox 543 4014 811 4085; x_wconf 90' lang='lat' dir='ltr'><strong>quidem,</strong></span> <span class='ocrx_word' id='word_1_306' title='bbox 842 4015 942 4071; x_wconf 89' lang='lat' dir='ltr'><strong>sed</strong></span> <span class='ocrx_word' id='word_1_307' title='bbox 977 4031 1090 4071; x_wconf 91' lang='lat' dir='ltr'><strong>non</strong></span> <span class='ocrx_word' id='word_1_308' title='bbox 1122 4021 1288 4084; x_wconf 89' lang='lat' dir='ltr'><strong>sunt;</strong></span> <span class='ocrx_word' id='word_1_309' title='bbox 1324 4024 1618 4088; x_wconf 90' lang='lat' dir='ltr'><strong>postremo</strong></span> <span class='ocrx_word' id='word_1_310' title='bbox 1648 4018 1755 4074; x_wconf 89' lang='lat' dir='ltr'><strong>ali-</strong></span> 
     </span>
    </p>
   </div>
   <div class='ocr_carea' id='block_1_42' title="bbox 129 4099 1755 4173">
    <p class='ocr_par' dir='ltr' id='par_1_42' title="bbox 129 4099 1755 4173">
     <span class='ocr_line' id='line_1_42' title="bbox 129 4099 1755 4173; baseline 0.008 -23"><span class='ocrx_word' id='word_1_311' title='bbox 129 4099 206 4166; x_wconf 89' lang='lat' dir='ltr'><strong>qui</strong></span> <span class='ocrx_word' id='word_1_312' title='bbox 232 4101 343 4158; x_wconf 92' lang='lat' dir='ltr'><strong>vice</strong></span> <span class='ocrx_word' id='word_1_313' title='bbox 390 4121 572 4160; x_wconf 85' lang='lat' dir='ltr'><strong>versa</strong></span> <span class='ocrx_word' id='word_1_314' title='bbox 622 4108 783 4169; x_wconf 88' lang='lat' dir='ltr'><strong>sunt,</strong></span> <span class='ocrx_word' id='word_1_315' title='bbox 815 4103 951 4160; x_wconf 86' lang='lat' dir='ltr'><strong>licet</strong></span> <span class='ocrx_word' id='word_1_316' title='bbox 1000 4121 1114 4159; x_wconf 91' lang='lat' dir='ltr'><strong>non</strong></span> <span class='ocrx_word' id='word_1_317' title='bbox 1165 4105 1457 4173; x_wconf 87' lang='lat' dir='ltr'><strong>dicantur,</strong></span> <span class='ocrx_word' id='word_1_318' title='bbox 1491 4108 1655 4162; x_wconf 89' lang='lat' dir='ltr'><strong>tales.</strong></span> <span class='ocrx_word' id='word_1_319' title='bbox 1692 4110 1755 4163; x_wconf 92' lang='lat' dir='ltr'><strong>In</strong></span> 
     </span>
    </p>
   </div>
   <div class='ocr_carea' id='block_1_43' title="bbox 127 4182 1753 4267">
    <p class='ocr_par' dir='ltr' id='par_1_43' title="bbox 127 4182 1753 4267">
     <span class='ocr_line' id='line_1_43' title="bbox 127 4182 1753 4267; baseline 0.008 -28"><span class='ocrx_word' id='word_1_320' title='bbox 127 4182 251 4245; x_wconf 85' lang='lat' dir='ltr'><strong>hanc</strong></span> <span class='ocrx_word' id='word_1_321' title='bbox 305 4192 590 4248; x_wconf 84' lang='lat' dir='ltr'><strong>ultimam</strong></span> <span class='ocrx_word' id='word_1_322' title='bbox 649 4191 897 4248; x_wconf 79' lang='lat' dir='ltr'><strong>classem</strong></span> <span class='ocrx_word' id='word_1_323' title='bbox 952 4194 1296 4263; x_wconf 59' lang='lat' dir='ltr'><strong>redigendos</strong></span> <span class='ocrx_word' id='word_1_324' title='bbox 1355 4198 1495 4266; x_wconf 89' lang='lat' dir='ltr'><strong>puto</strong></span> <span class='ocrx_word' id='word_1_325' title='bbox 1553 4195 1753 4267; x_wconf 90' lang='lat' dir='ltr'><strong>Italos,</strong></span> 
     </span>
    </p>
   </div>
   <div class='ocr_carea' id='block_1_44' title="bbox 126 4276 1755 4354">
    <p class='ocr_par' dir='ltr' id='par_1_44' title="bbox 126 4276 1755 4354">
     <span class='ocr_line' id='line_1_44' title="bbox 126 4276 1755 4354; baseline 0.008 -26"><span class='ocrx_word' id='word_1_326' title='bbox 126 4276 309 4351; x_wconf 88' lang='lat' dir='ltr'><strong>quippe</strong></span> <span class='ocrx_word' id='word_1_327' title='bbox 340 4282 443 4354; x_wconf 90' lang='lat' dir='ltr'><strong>qui</strong></span> <span class='ocrx_word' id='word_1_328' title='bbox 476 4297 623 4337; x_wconf 89' lang='lat' dir='ltr'><strong>cum</strong></span> <span class='ocrx_word' id='word_1_329' title='bbox 656 4280 942 4336; x_wconf 73' lang='lat' dir='ltr'><strong>haereseos</strong></span> <span class='ocrx_word' id='word_1_330' title='bbox 965 4298 1082 4337; x_wconf 90' lang='lat' dir='ltr'><strong>non</strong></span> <span class='ocrx_word' id='word_1_331' title='bbox 1116 4282 1388 4338; x_wconf 88' lang='lat' dir='ltr'><strong>dicantur</strong></span> <span class='ocrx_word' id='word_1_332' title='bbox 1420 4284 1525 4354; x_wconf 89' lang='lat' dir='ltr'><strong>rei,</strong></span> <span class='ocrx_word' id='word_1_333' title='bbox 1556 4301 1755 4341; x_wconf 88' lang='lat' dir='ltr'><strong>revera</strong></span> 
     </span>
    </p>
   </div>
   <div class='ocr_carea' id='block_1_45' title="bbox 124 4368 1749 4429">
    <p class='ocr_par' dir='ltr' id='par_1_45' title="bbox 124 4368 1749 4429">
     <span class='ocr_line' id='line_1_45' title="bbox 124 4368 1749 4429; baseline 0.008 -13"><span class='ocrx_word' id='word_1_334' title='bbox 124 4368 290 4423; x_wconf 86' lang='lat' dir='ltr'><strong>tamen</strong></span> <span class='ocrx_word' id='word_1_335' title='bbox 333 4387 400 4426; x_wconf 89' lang='lat' dir='ltr'><strong>eo</strong></span> <span class='ocrx_word' id='word_1_336' title='bbox 455 4370 713 4426; x_wconf 89' lang='lat' dir='ltr'><strong>crimine</strong></span> <span class='ocrx_word' id='word_1_337' title='bbox 747 4375 1037 4425; x_wconf 89' lang='lat' dir='ltr'><strong>tenentur.</strong></span> <span class='ocrx_word' id='word_1_338' title='bbox 1073 4393 1101 4419; x_wconf 89' lang='lat'><strong>»</strong></span> <span class='ocrx_word' id='word_1_339' title='bbox 1134 4374 1211 4426; x_wconf 89' lang='lat' dir='ltr'><strong>Ea</strong></span> <span class='ocrx_word' id='word_1_340' title='bbox 1258 4372 1444 4428; x_wconf 90' lang='lat' dir='ltr'><strong>libera</strong></span> <span class='ocrx_word' id='word_1_341' title='bbox 1471 4390 1578 4429; x_wconf 73' lang='lat' dir='ltr'><strong>vox</strong></span> <span class='ocrx_word' id='word_1_342' title='bbox 1625 4392 1749 4429; x_wconf 86' lang='lat' dir='ltr'><strong>ma-</strong></span> 
     </span>
    </p>
   </div>
   <div class='ocr_carea' id='block_1_46' title="bbox 120 4458 1750 4535">
    <p class='ocr_par' dir='ltr' id='par_1_46' title="bbox 120 4458 1750 4535">
     <span class='ocr_line' id='line_1_46' title="bbox 120 4458 1750 4535; baseline 0.008 -28"><span class='ocrx_word' id='word_1_343' title='bbox 120 4467 263 4521; x_wconf 83' lang='lat' dir='ltr'><strong>gnam</strong></span> <span class='ocrx_word' id='word_1_344' title='bbox 295 4458 519 4529; x_wconf 87' lang='lat' dir='ltr'><strong>adjecit</strong></span> <span class='ocrx_word' id='word_1_345' title='bbox 554 4458 901 4530; x_wconf 69' lang='lat' dir='ltr'><strong>patriarchas</strong></span> <span class='ocrx_word' id='word_1_346' title='bbox 923 4459 1362 4530; x_wconf 90' lang='lat' dir='ltr'><strong>conﬁdentiam,</strong></span> <span class='ocrx_word' id='word_1_347' title='bbox 1387 4463 1750 4535; x_wconf 88' lang='lat' dir='ltr'><strong>perculitque</strong></span> 
     </span>
    </p>
   </div>
   <div class='ocr_carea' id='block_1_47' title="bbox 1234 290 2491 349">
    <p class='ocr_par' dir='ltr' id='par_1_47' title="bbox 1234 290 2491 349">
     <span class='ocr_line' id='line_1_47' title="bbox 1234 290 2491 349; baseline -0.004 -2"><span class='ocrx_word' id='word_1_348' title='bbox 1234 295 1323 348; x_wconf 76' lang='lat' dir='ltr'><strong>DE</strong></span> <span class='ocrx_word' id='word_1_349' title='bbox 1362 294 1732 349; x_wconf 77' lang='lat' dir='ltr'><strong>MICUABLE</strong></span> <span class='ocrx_word' id='word_1_350' title='bbox 1768 290 2211 346; x_wconf 69' lang='grc' dir='ltr'><strong>ΡΑωςΟιοϐο</strong></span> <span class='ocrx_word' id='word_1_351' title='bbox 2245 292 2380 344; x_wconf 84' lang='lat' dir='ltr'><strong>LIB.</strong></span> <span class='ocrx_word' id='word_1_352' title='bbox 2425 292 2491 342; x_wconf 89' lang='lat' dir='ltr'><strong>V.</strong></span> 
     </span>
    </p>
   </div>
   <div class='ocr_carea' id='block_1_48' title="bbox 3458 284 3564 338">
    <p class='ocr_par' dir='ltr' id='par_1_48' title="bbox 3458 284 3564 338">
     <span class='ocr_line' id='line_1_48' title="bbox 3458 284 3564 338; baseline 0 -1"><span class='ocrx_word' id='word_1_353' title='bbox 3458 284 3564 338; x_wconf 91' lang='lat'><strong>830</strong></span> 
     </span>
    </p>
   </div>
   <div class='ocr_carea' id='block_1_49' title="bbox 2075 407 3561 483">
    <p class='ocr_par' dir='ltr' id='par_1_49' title="bbox 2075 407 3561 483">
     <span class='ocr_line' id='line_1_49' title="bbox 2075 407 3561 483; baseline -0.004 -16"><span class='ocrx_word' id='word_1_354' title='bbox 2075 413 2257 474; x_wconf 90' lang='grc' dir='ltr'>Ὀπως</span> <span class='ocrx_word' id='word_1_355' title='bbox 2330 411 2358 465; x_wconf 86' lang='grc' dir='ltr'>ὁ</span> <span class='ocrx_word' id='word_1_356' title='bbox 2434 414 2693 483; x_wconf 78' lang='grc' dir='ltr'>Χοῦμνος</span> <span class='ocrx_word' id='word_1_357' title='bbox 2765 409 3018 479; x_wconf 84' lang='grc' dir='ltr'>Ἰωάννης</span> <span class='ocrx_word' id='word_1_358' title='bbox 3095 407 3387 483; x_wconf 83' lang='grc' dir='ltr'>κυτηγὸρει</span> <span class='ocrx_word' id='word_1_359' title='bbox 3459 412 3561 462; x_wconf 76' lang='grc' dir='ltr'><strong>τοῦ</strong></span> 
     </span>
    </p>
   </div>
   <div class='ocr_carea' id='block_1_50' title="bbox 2399 481 3075 558">
    <p class='ocr_par' dir='ltr' id='par_1_50' title="bbox 2399 481 3075 558">
     <span class='ocr_line' id='line_1_50' title="bbox 2399 481 3075 558; baseline -0.001 -22"><span class='ocrx_word' id='word_1_360' title='bbox 2399 481 2818 558; x_wconf 66' lang='grc' dir='ltr'>χαρτοιρῦλακος</span> <span class='ocrx_word' id='word_1_361' title='bbox 2852 483 3075 538; x_wconf 82' lang='grc' dir='ltr'>Βέκκον.</span> 
     </span>
    </p>
   </div>
   <div class='ocr_carea' id='block_1_51' title="bbox 1989 586 3555 665">
    <p class='ocr_par' dir='ltr' id='par_1_51' title="bbox 1989 586 3555 665">
     <span class='ocr_line' id='line_1_51' title="bbox 1989 586 3555 665; baseline -0.004 -21"><span class='ocrx_word' id='word_1_362' title='bbox 1989 594 2069 663; x_wconf 81' lang='grc' dir='ltr'><strong>[Ρ.</strong></span> <span class='ocrx_word' id='word_1_363' title='bbox 2102 594 2228 663; x_wconf 79' lang='grc'><strong>256]</strong></span> <span class='ocrx_word' id='word_1_364' title='bbox 2261 590 2470 663; x_wconf 83' lang='grc' dir='ltr'>Ἡμέρα</span> <span class='ocrx_word' id='word_1_365' title='bbox 2528 588 2803 665; x_wconf 78' lang='grc' dir='ltr'>παρῆλθεν</span> <span class='ocrx_word' id='word_1_366' title='bbox 2864 587 3062 657; x_wconf 79' lang='grc' dir='ltr'>ἐκείνη,</span> <span class='ocrx_word' id='word_1_367' title='bbox 3119 586 3208 641; x_wconf 77' lang='grc' dir='ltr'>καὶ</span> <span class='ocrx_word' id='word_1_368' title='bbox 3263 587 3290 640; x_wconf 84' lang='grc' dir='ltr'>ὁ</span> <span class='ocrx_word' id='word_1_369' title='bbox 3355 604 3555 659; x_wconf 80' lang='grc' dir='ltr'>χαρτο-</span> 
     </span>
    </p>
   </div>
   <div class='ocr_carea' id='block_1_52' title="bbox 1915 669 3559 753">
    <p class='ocr_par' dir='ltr' id='par_1_52' title="bbox 1915 669 3559 753">
     <span class='ocr_line' id='line_1_52' title="bbox 1915 669 3559 753; baseline -0.005 -20"><span class='ocrx_word' id='word_1_370' title='bbox 1915 677 2082 749; x_wconf 80' lang='grc' dir='ltr'>θύλαξ</span> <span class='ocrx_word' id='word_1_371' title='bbox 2120 680 2198 751; x_wconf 80' lang='grc' dir='ltr'>τῷ</span> <span class='ocrx_word' id='word_1_372' title='bbox 2262 679 2479 753; x_wconf 79' lang='grc' dir='ltr'>βασιλεῖ</span> <span class='ocrx_word' id='word_1_373' title='bbox 2534 678 2874 753; x_wconf 82' lang='grc' dir='ltr'>ἁπηχάνετο,</span> <span class='ocrx_word' id='word_1_374' title='bbox 2935 678 3107 738; x_wconf 79' lang='grc' dir='ltr'>αἰτίας</span> <span class='ocrx_word' id='word_1_375' title='bbox 3168 669 3559 750; x_wconf 73' lang='grc' dir='ltr'>ἐργολαϐοῦντι</span> 
     </span>
    </p>
   </div>
   <div class='ocr_carea' id='block_1_53' title="bbox 1911 763 3556 844">
    <p class='ocr_par' dir='ltr' id='par_1_53' title="bbox 1911 763 3556 844">
     <span class='ocr_line' id='line_1_53' title="bbox 1911 763 3556 844; baseline -0.005 -21"><span class='ocrx_word' id='word_1_376' title='bbox 1911 773 2007 823; x_wconf 81' lang='grc' dir='ltr'>τοῦ</span> <span class='ocrx_word' id='word_1_377' title='bbox 2045 768 2272 843; x_wconf 77' lang='grc' dir='ltr'>βλάψαι.</span> <span class='ocrx_word' id='word_1_378' title='bbox 2332 768 2434 823; x_wconf 86' lang='grc' dir='ltr'>Καὶ</span> <span class='ocrx_word' id='word_1_379' title='bbox 2497 768 2563 822; x_wconf 59' lang='grc' dir='ltr'>’ἰι’</span> <span class='ocrx_word' id='word_1_380' title='bbox 2618 763 2929 844; x_wconf 78' lang='grc' dir='ltr'>ὑπερϐολὴν</span> <span class='ocrx_word' id='word_1_381' title='bbox 2984 768 3152 842; x_wconf 75' lang='grc' dir='ltr'>ὀργῆς</span> <span class='ocrx_word' id='word_1_382' title='bbox 3188 767 3277 819; x_wconf 86' lang='grc' dir='ltr'><strong>τὸν</strong></span> <span class='ocrx_word' id='word_1_383' title='bbox 3313 768 3556 838; x_wconf 73' lang='grc' dir='ltr'>χοῦμνον</span> 
     </span>
    </p>
   </div>
   <div class='ocr_carea' id='block_1_54' title="bbox 1911 850 3556 931">
    <p class='ocr_par' dir='ltr' id='par_1_54' title="bbox 1911 850 3556 931">
     <span class='ocr_line' id='line_1_54' title="bbox 1911 850 3556 931; baseline -0.004 -20"><span class='ocrx_word' id='word_1_384' title='bbox 1911 859 2361 931; x_wconf 71' lang='grc' dir='ltr'><strong>προστησάμενος</strong></span> <span class='ocrx_word' id='word_1_385' title='bbox 2439 857 2691 928; x_wconf 80' lang='grc' dir='ltr'>Ἰωάννην</span> <span class='ocrx_word' id='word_1_386' title='bbox 2752 858 2826 919; x_wconf 81' lang='grc' dir='ltr'>ὡς</span> <span class='ocrx_word' id='word_1_387' title='bbox 2884 850 3365 930; x_wconf 70' lang='grc' dir='ltr'>παραπρεσὸευτην</span> <span class='ocrx_word' id='word_1_388' title='bbox 3424 852 3556 907; x_wconf 82' lang='grc' dir='ltr'>ὲκεί-</span> 
     </span>
    </p>
   </div>
   <div class='ocr_carea' id='block_1_55' title="bbox 1909 942 3557 1023">
    <p class='ocr_par' dir='ltr' id='par_1_55' title="bbox 1909 942 3557 1023">
     <span class='ocr_line' id='line_1_55' title="bbox 1909 942 3557 1023; baseline -0.006 -18"><span class='ocrx_word' id='word_1_389' title='bbox 1909 972 2001 1005; x_wconf 91' lang='grc' dir='ltr'><strong>νου</strong></span> <span class='ocrx_word' id='word_1_390' title='bbox 2052 948 2349 1012; x_wconf 73' lang='grc' dir='ltr'>διώκοντος</span> <span class='ocrx_word' id='word_1_391' title='bbox 2398 946 2623 1021; x_wconf 79' lang='grc' dir='ltr'><strong>ἔκρινεν.</strong></span> <span class='ocrx_word' id='word_1_392' title='bbox 2674 948 2889 1023; x_wconf 76' lang='grc' dir='ltr'>Εἰσάγει</span> <span class='ocrx_word' id='word_1_393' title='bbox 2936 968 2995 1002; x_wconf 85' lang='grc' dir='ltr'>τε</span> <span class='ocrx_word' id='word_1_394' title='bbox 3039 948 3135 1013; x_wconf 69' lang='grc' dir='ltr'>τὴν</span> <span class='ocrx_word' id='word_1_395' title='bbox 3170 943 3492 1019; x_wconf 74' lang='grc' dir='ltr'>κατηγορίαν</span> <span class='ocrx_word' id='word_1_396' title='bbox 3530 942 3557 995; x_wconf 81' lang='grc' dir='ltr'>ὁ</span> 
     </span>
    </p>
   </div>
   <div class='ocr_carea' id='block_1_56' title="bbox 1907 1032 3556 1112">
    <p class='ocr_par' dir='ltr' id='par_1_56' title="bbox 1907 1032 3556 1112">
     <span class='ocr_line' id='line_1_56' title="bbox 1907 1032 3556 1112; baseline -0.008 -15"><span class='ocrx_word' id='word_1_397' title='bbox 1907 1044 2167 1112; x_wconf 80' lang='grc' dir='ltr'>Χοῦμνος</span> <span class='ocrx_word' id='word_1_398' title='bbox 2199 1038 2285 1093; x_wconf 83' lang='grc' dir='ltr'><strong>ἐπὶ</strong></span> <span class='ocrx_word' id='word_1_399' title='bbox 2318 1036 2567 1108; x_wconf 78' lang='grc' dir='ltr'>συνόδου,</span> <span class='ocrx_word' id='word_1_400' title='bbox 2598 1037 2684 1092; x_wconf 78' lang='grc' dir='ltr'>καὶ</span> <span class='ocrx_word' id='word_1_401' title='bbox 2718 1039 2745 1092; x_wconf 88' lang='grc' dir='ltr'>ὁ</span> <span class='ocrx_word' id='word_1_402' title='bbox 2789 1034 3263 1111; x_wconf 73' lang='grc' dir='ltr'>κατηγορούμενος</span> <span class='ocrx_word' id='word_1_403' title='bbox 3294 1034 3392 1100; x_wconf 75' lang='grc' dir='ltr'><strong>την</strong></span> <span class='ocrx_word' id='word_1_404' title='bbox 3429 1032 3556 1085; x_wconf 76' lang='grc' dir='ltr'><strong>ὑπό-</strong></span> 
     </span>
    </p>
   </div>
   <div class='ocr_carea' id='block_1_57' title="bbox 1909 1123 3551 1205">
    <p class='ocr_par' dir='ltr' id='par_1_57' title="bbox 1909 1123 3551 1205">
     <span class='ocr_line' id='line_1_57' title="bbox 1909 1123 3551 1205; baseline -0.006 -22"><span class='ocrx_word' id='word_1_405' title='bbox 1909 1131 2052 1184; x_wconf 85' lang='grc' dir='ltr'>θεσιν</span> <span class='ocrx_word' id='word_1_406' title='bbox 2086 1128 2459 1205; x_wconf 69' lang='grc' dir='ltr'>παρεγράςρετο</span> <span class='ocrx_word' id='word_1_407' title='bbox 2510 1126 2599 1181; x_wconf 90' lang='grc' dir='ltr'>καὶ</span> <span class='ocrx_word' id='word_1_408' title='bbox 2642 1128 2740 1196; x_wconf 75' lang='grc' dir='ltr'>τήν</span> <span class='ocrx_word' id='word_1_409' title='bbox 2788 1124 3119 1199; x_wconf 77' lang='grc' dir='ltr'>κατηγορίαν</span> <span class='ocrx_word' id='word_1_410' title='bbox 3172 1125 3244 1184; x_wconf 84' lang='grc' dir='ltr'><strong>ὡς</strong></span> <span class='ocrx_word' id='word_1_411' title='bbox 3278 1123 3551 1195; x_wconf 72' lang='grc' dir='ltr'>ὑπερήμε-</span> 
     </span>
    </p>
   </div>
   <div class='ocr_carea' id='block_1_58' title="bbox 1909 1210 3550 1293">
    <p class='ocr_par' dir='ltr' id='par_1_58' title="bbox 1909 1210 3550 1293">
     <span class='ocr_line' id='line_1_58' title="bbox 1909 1210 3550 1293; baseline -0.006 -21"><span class='ocrx_word' id='word_1_412' title='bbox 1909 1238 2001 1293; x_wconf 93' lang='grc' dir='ltr'><strong>ρον</strong></span> <span class='ocrx_word' id='word_1_413' title='bbox 2046 1216 2435 1292; x_wconf 70' lang='grc' dir='ltr'>παρεκρούετο,</span> <span class='ocrx_word' id='word_1_414' title='bbox 2482 1214 2813 1289; x_wconf 75' lang='grc' dir='ltr'>κατηγορίαν</span> <span class='ocrx_word' id='word_1_415' title='bbox 2863 1214 3037 1288; x_wconf 87' lang='grc' dir='ltr'>λέγων</span> <span class='ocrx_word' id='word_1_416' title='bbox 3070 1213 3270 1281; x_wconf 66' lang='grc' dir='ltr'>ταῦτην</span> <span class='ocrx_word' id='word_1_417' title='bbox 3311 1211 3399 1265; x_wconf 89' lang='grc' dir='ltr'>καὶ</span> <span class='ocrx_word' id='word_1_418' title='bbox 3453 1210 3550 1282; x_wconf 75' lang='grc' dir='ltr'>μό-</span> 
     </span>
    </p>
   </div>
   <div class='ocr_carea' id='block_1_59' title="bbox 1904 1299 3553 1381">
    <p class='ocr_par' dir='ltr' id='par_1_59' title="bbox 1904 1299 3553 1381">
     <span class='ocr_line' id='line_1_59' title="bbox 1904 1299 3553 1381; baseline -0.007 -20"><span class='ocrx_word' id='word_1_419' title='bbox 1904 1328 2001 1361; x_wconf 84' lang='grc' dir='ltr'><strong>νου</strong></span> <span class='ocrx_word' id='word_1_420' title='bbox 2031 1310 2129 1361; x_wconf 77' lang='grc' dir='ltr'>τοῦ</span> <span class='ocrx_word' id='word_1_421' title='bbox 2160 1305 2452 1381; x_wconf 87' lang='grc' dir='ltr'>βασιλέως,</span> <span class='ocrx_word' id='word_1_422' title='bbox 2505 1304 2665 1359; x_wconf 72' lang='grc' dir='ltr'>αὐτὸν</span> <span class='ocrx_word' id='word_1_423' title='bbox 2728 1301 2773 1357; x_wconf 80' lang='grc' dir='ltr'>δ’</span> <span class='ocrx_word' id='word_1_424' title='bbox 2828 1302 2937 1376; x_wconf 63' lang='grc' dir='ltr'><strong>οὐχ</strong></span> <span class='ocrx_word' id='word_1_425' title='bbox 2983 1303 3095 1355; x_wconf 78' lang='grc' dir='ltr'>οἷόν</span> <span class='ocrx_word' id='word_1_426' title='bbox 3148 1322 3205 1354; x_wconf 84' lang='grc' dir='ltr'><strong>τε</strong></span> <span class='ocrx_word' id='word_1_427' title='bbox 3252 1300 3387 1352; x_wconf 83' lang='grc' dir='ltr'>εἶναι</span> <span class='ocrx_word' id='word_1_428' title='bbox 3420 1299 3553 1369; x_wconf 62' lang='grc' dir='ltr'>μετὰ</span> 
     </span>
    </p>
   </div>
   <div class='ocr_carea' id='block_1_60' title="bbox 1907 1381 3553 1467">
    <p class='ocr_par' dir='ltr' id='par_1_60' title="bbox 1907 1381 3553 1467">
     <span class='ocr_line' id='line_1_60' title="bbox 1907 1381 3553 1467; baseline -0.008 -19"><span class='ocrx_word' id='word_1_429' title='bbox 1907 1390 2171 1448; x_wconf 80' lang='grc' dir='ltr'>δεσπότου</span> <span class='ocrx_word' id='word_1_430' title='bbox 2219 1392 2514 1467; x_wconf 79' lang='grc' dir='ltr'>κρίνεσθαι.</span> <span class='ocrx_word' id='word_1_431' title='bbox 2572 1392 2736 1447; x_wconf 74' lang='grc' dir='ltr'><strong>Ταῦτ’</strong></span> <span class='ocrx_word' id='word_1_432' title='bbox 2786 1388 2969 1463; x_wconf 80' lang='grc' dir='ltr'>ἔλεγεν</span> <span class='ocrx_word' id='word_1_433' title='bbox 3029 1386 3115 1441; x_wconf 77' lang='grc' dir='ltr'>ἐπὶ</span> <span class='ocrx_word' id='word_1_434' title='bbox 3167 1381 3392 1439; x_wconf 80' lang='grc' dir='ltr'>συνόδου</span> <span class='ocrx_word' id='word_1_435' title='bbox 3427 1404 3553 1436; x_wconf 85' lang='grc' dir='ltr'>στα-</span> 
     </span>
    </p>
   </div>
   <div class='ocr_carea' id='block_1_61' title="bbox 1905 1471 3550 1550">
    <p class='ocr_par' dir='ltr' id='par_1_61' title="bbox 1905 1471 3550 1550">
     <span class='ocr_line' id='line_1_61' title="bbox 1905 1471 3550 1550; baseline -0.007 -14"><span class='ocrx_word' id='word_1_436' title='bbox 1905 1482 2015 1546; x_wconf 70' lang='grc' dir='ltr'>θεὶς</span> <span class='ocrx_word' id='word_1_437' title='bbox 2048 1481 2130 1537; x_wconf 80' lang='grc' dir='ltr'><strong>ἐπ’</strong></span> <span class='ocrx_word' id='word_1_438' title='bbox 2175 1481 2340 1535; x_wconf 76' lang='grc' dir='ltr'>αὐτοῦ</span> <span class='ocrx_word' id='word_1_439' title='bbox 2386 1484 2482 1535; x_wconf 76' lang='grc' dir='ltr'><strong>τοῦ</strong></span> <span class='ocrx_word' id='word_1_440' title='bbox 2528 1480 2699 1534; x_wconf 77' lang='grc' dir='ltr'>τόπου</span> <span class='ocrx_word' id='word_1_441' title='bbox 2746 1480 2806 1532; x_wconf 77' lang='grc' dir='ltr'><strong>οὗ</strong></span> <span class='ocrx_word' id='word_1_442' title='bbox 2853 1480 2915 1532; x_wconf 86' lang='grc' dir='ltr'><strong>τὸ</strong></span> <span class='ocrx_word' id='word_1_443' title='bbox 2956 1475 3219 1550; x_wconf 84' lang='grc' dir='ltr'>πρότερον</span> <span class='ocrx_word' id='word_1_444' title='bbox 3250 1471 3550 1541; x_wconf 70' lang='grc' dir='ltr'>ἐκαθέζετο,</span> 
     </span>
    </p>
   </div>
   <div class='ocr_carea' id='block_1_62' title="bbox 1900 1565 3549 1641">
    <p class='ocr_par' dir='ltr' id='par_1_62' title="bbox 1900 1565 3549 1641">
     <span class='ocr_line' id='line_1_62' title="bbox 1900 1565 3549 1641; baseline -0.007 -17"><span class='ocrx_word' id='word_1_445' title='bbox 1900 1569 1998 1624; x_wconf 80' lang='grc' dir='ltr'>τοῦ</span> <span class='ocrx_word' id='word_1_446' title='bbox 2056 1570 2308 1641; x_wconf 70' lang='grc' dir='ltr'>Χεύμνου</span> <span class='ocrx_word' id='word_1_447' title='bbox 2361 1571 2522 1641; x_wconf 73' lang='grc' dir='ltr'>μέσον</span> <span class='ocrx_word' id='word_1_448' title='bbox 2580 1566 2873 1640; x_wconf 72' lang='grc' dir='ltr'>ἱσταμένου</span> <span class='ocrx_word' id='word_1_449' title='bbox 2942 1565 3031 1618; x_wconf 81' lang='grc' dir='ltr'>καὶ</span> <span class='ocrx_word' id='word_1_450' title='bbox 3085 1566 3549 1637; x_wconf 75' lang='grc' dir='ltr'>κατηγοροῦντος,</span> 
     </span>
    </p>
   </div>
   <div class='ocr_carea' id='block_1_63' title="bbox 1900 1649 3546 1735">
    <p class='ocr_par' dir='ltr' id='par_1_63' title="bbox 1900 1649 3546 1735">
     <span class='ocr_line' id='line_1_63' title="bbox 1900 1649 3546 1735; baseline -0.007 -21"><span class='ocrx_word' id='word_1_451' title='bbox 1900 1664 2007 1713; x_wconf 81' lang='grc' dir='ltr'><strong>τῶν</strong></span> <span class='ocrx_word' id='word_1_452' title='bbox 2041 1657 2097 1713; x_wconf 75' lang='grc' dir='ltr'>δὲ</span> <span class='ocrx_word' id='word_1_453' title='bbox 2128 1656 2508 1735; x_wconf 84' lang='grc' dir='ltr'>συγκλητικῶν</span> <span class='ocrx_word' id='word_1_454' title='bbox 2550 1657 2853 1732; x_wconf 80' lang='grc' dir='ltr'>ἀρχόντων,</span> <span class='ocrx_word' id='word_1_455' title='bbox 2904 1658 3001 1708; x_wconf 72' lang='grc' dir='ltr'>τοῦ</span> <span class='ocrx_word' id='word_1_456' title='bbox 3036 1652 3277 1727; x_wconf 81' lang='grc' dir='ltr'>μεγάλου</span> <span class='ocrx_word' id='word_1_457' title='bbox 3312 1649 3546 1726; x_wconf 73' lang='grc' dir='ltr'>λογοειέ-</span> 
     </span>
    </p>
   </div>
   <div class='ocr_carea' id='block_1_64' title="bbox 1898 1741 3544 1825">
    <p class='ocr_par' dir='ltr' id='par_1_64' title="bbox 1898 1741 3544 1825">
     <span class='ocr_line' id='line_1_64' title="bbox 1898 1741 3544 1825; baseline -0.008 -19"><span class='ocrx_word' id='word_1_458' title='bbox 1898 1772 1995 1806; x_wconf 89' lang='grc' dir='ltr'><strong>του</strong></span> <span class='ocrx_word' id='word_1_459' title='bbox 2021 1754 2118 1805; x_wconf 76' lang='grc' dir='ltr'>τοῦ</span> <span class='ocrx_word' id='word_1_460' title='bbox 2149 1748 2570 1825; x_wconf 84' lang='grc' dir='ltr'>Ἀκροπολίτου,</span> <span class='ocrx_word' id='word_1_461' title='bbox 2615 1751 2711 1802; x_wconf 78' lang='grc' dir='ltr'><strong>τοῦ</strong></span> <span class='ocrx_word' id='word_1_462' title='bbox 2766 1744 3064 1820; x_wconf 78' lang='grc' dir='ltr'>λογοθέτου</span> <span class='ocrx_word' id='word_1_463' title='bbox 3106 1748 3213 1798; x_wconf 80' lang='grc' dir='ltr'><strong>τῶν</strong></span> <span class='ocrx_word' id='word_1_464' title='bbox 3262 1741 3544 1796; x_wconf 81' lang='grc' dir='ltr'>οίκειακῶν</span> 
     </span>
    </p>
   </div>
   <div class='ocr_carea' id='block_1_65' title="bbox 1898 1830 3543 1915">
    <p class='ocr_par' dir='ltr' id='par_1_65' title="bbox 1898 1830 3543 1915">
     <span class='ocr_line' id='line_1_65' title="bbox 1898 1830 3543 1915; baseline -0.009 -20"><span class='ocrx_word' id='word_1_465' title='bbox 1898 1861 1995 1895; x_wconf 84' lang='grc' dir='ltr'><strong>του</strong></span> <span class='ocrx_word' id='word_1_466' title='bbox 2069 1838 2462 1915; x_wconf 78' lang='grc' dir='ltr'>Ἰατροπούλου</span> <span class='ocrx_word' id='word_1_467' title='bbox 2519 1837 2610 1892; x_wconf 81' lang='grc' dir='ltr'><strong>καὶ</strong></span> <span class='ocrx_word' id='word_1_468' title='bbox 2681 1832 2890 1901; x_wconf 77' lang='grc' dir='ltr'>ἄλλων,</span> <span class='ocrx_word' id='word_1_469' title='bbox 2963 1830 3417 1908; x_wconf 81' lang='grc' dir='ltr'>συνεδριαζόντων</span> <span class='ocrx_word' id='word_1_470' title='bbox 3477 1832 3543 1901; x_wconf 80' lang='grc' dir='ltr'>τῇ</span> 
     </span>
    </p>
   </div>
   <div class='ocr_carea' id='block_1_66' title="bbox 1900 1919 3544 2001">
    <p class='ocr_par' dir='ltr' id='par_1_66' title="bbox 1900 1919 3544 2001">
     <span class='ocr_line' id='line_1_66' title="bbox 1900 1919 3544 2001; baseline -0.009 -19"><span class='ocrx_word' id='word_1_471' title='bbox 1900 1926 2110 2001; x_wconf 81' lang='grc' dir='ltr'>συνόδῳ</span> <span class='ocrx_word' id='word_1_472' title='bbox 2157 1928 2247 1982; x_wconf 75' lang='grc' dir='ltr'><strong>καὶ</strong></span> <span class='ocrx_word' id='word_1_473' title='bbox 2295 1925 2561 1982; x_wconf 80' lang='grc' dir='ltr'>Θελόντων</span> <span class='ocrx_word' id='word_1_474' title='bbox 2610 1924 2810 1997; x_wconf 84' lang='grc' dir='ltr'>κρίνειν</span> <span class='ocrx_word' id='word_1_475' title='bbox 2872 1924 2942 1985; x_wconf 86' lang='grc' dir='ltr'>ὡς</span> <span class='ocrx_word' id='word_1_476' title='bbox 3003 1922 3062 1976; x_wconf 73' lang='grc' dir='ltr'>ἐκ</span> <span class='ocrx_word' id='word_1_477' title='bbox 3118 1919 3419 1994; x_wconf 81' lang='grc' dir='ltr'>προσώπου</span> <span class='ocrx_word' id='word_1_478' title='bbox 3448 1920 3544 1970; x_wconf 76' lang='grc' dir='ltr'><strong>τοῦ</strong></span> 
     </span>
    </p>
   </div>
   <div class='ocr_carea' id='block_1_67' title="bbox 1899 2009 3542 2093">
    <p class='ocr_par' dir='ltr' id='par_1_67' title="bbox 1899 2009 3542 2093">
     <span class='ocr_line' id='line_1_67' title="bbox 1899 2009 3542 2093; baseline -0.009 -21"><span class='ocrx_word' id='word_1_479' title='bbox 1899 2017 2171 2093; x_wconf 85' lang='grc' dir='ltr'>βασιλέως</span> <span class='ocrx_word' id='word_1_480' title='bbox 2199 2018 2574 2093; x_wconf 73' lang='grc' dir='ltr'>πεμφθέντων.</span> <span class='ocrx_word' id='word_1_481' title='bbox 2617 2015 2756 2071; x_wconf 82' lang='grc' dir='ltr'>Τότε</span> <span class='ocrx_word' id='word_1_482' title='bbox 2802 2012 2983 2068; x_wconf 72' lang='grc' dir='ltr'>τοίνυν</span> <span class='ocrx_word' id='word_1_483' title='bbox 3035 2012 3087 2066; x_wconf 76' lang='grc' dir='ltr'>οἱ</span> <span class='ocrx_word' id='word_1_484' title='bbox 3137 2010 3230 2083; x_wconf 72' lang='grc' dir='ltr'><strong>μὲν</strong></span> <span class='ocrx_word' id='word_1_485' title='bbox 3265 2009 3542 2081; x_wconf 79' lang='grc' dir='ltr'>ἀρχιερεῖς</span> 
     </span>
    </p>
   </div>
   <div class='ocr_carea' id='block_1_68' title="bbox 1892 2096 3539 2183">
    <p class='ocr_par' dir='ltr' id='par_1_68' title="bbox 1892 2096 3539 2183">
     <span class='ocr_line' id='line_1_68' title="bbox 1892 2096 3539 2183; baseline -0.009 -22"><span class='ocrx_word' id='word_1_486' title='bbox 1892 2110 2238 2183; x_wconf 74' lang='grc' dir='ltr'>παρῃτοῦντο</span> <span class='ocrx_word' id='word_1_487' title='bbox 2286 2107 2385 2174; x_wconf 76' lang='grc' dir='ltr'>την</span> <span class='ocrx_word' id='word_1_488' title='bbox 2445 2105 2639 2181; x_wconf 86' lang='grc' dir='ltr'>κρίσιν,</span> <span class='ocrx_word' id='word_1_489' title='bbox 2706 2105 2781 2175; x_wconf 76' lang='grc' dir='ltr'>μὴ</span> <span class='ocrx_word' id='word_1_490' title='bbox 2838 2098 2983 2177; x_wconf 78' lang='grc' dir='ltr'>ἔχειν</span> <span class='ocrx_word' id='word_1_491' title='bbox 3042 2099 3237 2176; x_wconf 85' lang='grc' dir='ltr'>κρίνειν</span> <span class='ocrx_word' id='word_1_492' title='bbox 3295 2096 3539 2171; x_wconf 83' lang='grc' dir='ltr'>λέγοντες</span> 
     </span>
    </p>
   </div>
   <div class='ocr_carea' id='block_1_69' title="bbox 1891 2184 3538 2270">
    <p class='ocr_par' dir='ltr' id='par_1_69' title="bbox 1891 2184 3538 2270">
     <span class='ocr_line' id='line_1_69' title="bbox 1891 2184 3538 2270; baseline -0.006 -20"><span class='ocrx_word' id='word_1_493' title='bbox 1891 2194 2162 2269; x_wconf 87' lang='grc' dir='ltr'>κληρικὸν</span> <span class='ocrx_word' id='word_1_494' title='bbox 2221 2196 2591 2270; x_wconf 78' lang='grc' dir='ltr'>πατριάρχου,</span> <span class='ocrx_word' id='word_1_495' title='bbox 2650 2193 2693 2247; x_wconf 84' lang='grc' dir='ltr'>εἰ</span> <span class='ocrx_word' id='word_1_496' title='bbox 2758 2193 2833 2265; x_wconf 81' lang='grc' dir='ltr'>μὴ</span> <span class='ocrx_word' id='word_1_497' title='bbox 2892 2190 3053 2251; x_wconf 78' lang='grc' dir='ltr'>αὐτὸς</span> <span class='ocrx_word' id='word_1_498' title='bbox 3089 2188 3441 2263; x_wconf 74' lang='grc' dir='ltr'>ἐπιτρέψειεν.</span> <span class='ocrx_word' id='word_1_499' title='bbox 3478 2184 3538 2240; x_wconf 91' lang='grc' dir='ltr'>Ὀ</span> 
     </span>
    </p>
   </div>
   <div class='ocr_carea' id='block_1_70' title="bbox 1893 2272 3533 2359">
    <p class='ocr_par' dir='ltr' id='par_1_70' title="bbox 1893 2272 3533 2359">
     <span class='ocr_line' id='line_1_70' title="bbox 1893 2272 3533 2359; baseline -0.008 -21"><span class='ocrx_word' id='word_1_500' title='bbox 1893 2281 1949 2338; x_wconf 73' lang='grc' dir='ltr'><strong>δέ</strong></span> <span class='ocrx_word' id='word_1_501' title='bbox 1981 2285 2323 2359; x_wconf 82' lang='grc' dir='ltr'>πατριάρχης</span> <span class='ocrx_word' id='word_1_502' title='bbox 2368 2280 2482 2338; x_wconf 86' lang='grc' dir='ltr'>ουδ’</span> <span class='ocrx_word' id='word_1_503' title='bbox 2539 2282 2686 2345; x_wconf 78' lang='grc' dir='ltr'>ὅλως</span> <span class='ocrx_word' id='word_1_504' title='bbox 2748 2277 2945 2349; x_wconf 74' lang='grc' dir='ltr'>ἐδίδου,</span> <span class='ocrx_word' id='word_1_505' title='bbox 3005 2278 3132 2333; x_wconf 88' lang='grc' dir='ltr'>ἀλλ’</span> <span class='ocrx_word' id='word_1_506' title='bbox 3180 2274 3316 2345; x_wconf 77' lang='grc' dir='ltr'>ἀπαξ</span> <span class='ocrx_word' id='word_1_507' title='bbox 3359 2272 3533 2346; x_wconf 84' lang='grc' dir='ltr'>εὑρὼν</span> 
     </span>
    </p>
   </div>
   <div class='ocr_carea' id='block_1_71' title="bbox 1888 2363 3531 2449">
    <p class='ocr_par' dir='ltr' id='par_1_71' title="bbox 1888 2363 3531 2449">
     <span class='ocr_line' id='line_1_71' title="bbox 1888 2363 3531 2449; baseline -0.009 -21"><span class='ocrx_word' id='word_1_508' title='bbox 1888 2374 2135 2449; x_wconf 76' lang='grc' dir='ltr'>συνεργὸν</span> <span class='ocrx_word' id='word_1_509' title='bbox 2196 2374 2536 2447; x_wconf 77' lang='grc' dir='ltr'>ὑπερμαχεῖς</span> <span class='ocrx_word' id='word_1_510' title='bbox 2590 2369 2808 2440; x_wconf 79' lang='grc' dir='ltr'>ἤθελεν.</span> <span class='ocrx_word' id='word_1_511' title='bbox 2871 2365 3137 2442; x_wconf 78' lang='grc' dir='ltr'>Ἀπραξία</span> <span class='ocrx_word' id='word_1_512' title='bbox 3195 2363 3240 2419; x_wconf 87' lang='grc' dir='ltr'>δ’</span> <span class='ocrx_word' id='word_1_513' title='bbox 3296 2363 3531 2425; x_wconf 74' lang='grc' dir='ltr'>ἐντεῦθεν</span> 
     </span>
    </p>
   </div>
   <div class='ocr_carea' id='block_1_72' title="bbox 1886 2450 3530 2533">
    <p class='ocr_par' dir='ltr' id='par_1_72' title="bbox 1886 2450 3530 2533">
     <span class='ocr_line' id='line_1_72' title="bbox 1886 2450 3530 2533; baseline -0.01 -16"><span class='ocrx_word' id='word_1_514' title='bbox 1886 2459 2281 2533; x_wconf 74' lang='grc' dir='ltr'>κατηκολούοει</span> <span class='ocrx_word' id='word_1_515' title='bbox 2340 2460 2428 2516; x_wconf 75' lang='grc' dir='ltr'>καί</span> <span class='ocrx_word' id='word_1_516' title='bbox 2483 2457 2697 2533; x_wconf 63' lang='grc' dir='ltr'>συνόδῳ</span> <span class='ocrx_word' id='word_1_517' title='bbox 2753 2458 2843 2513; x_wconf 81' lang='grc' dir='ltr'><strong>καὶ</strong></span> <span class='ocrx_word' id='word_1_518' title='bbox 2893 2458 3179 2533; x_wconf 79' lang='grc' dir='ltr'>ἄρχουσιν,</span> <span class='ocrx_word' id='word_1_519' title='bbox 3236 2453 3308 2513; x_wconf 85' lang='grc' dir='ltr'><strong>ὡς</strong></span> <span class='ocrx_word' id='word_1_520' title='bbox 3361 2450 3530 2504; x_wconf 67' lang='grc' dir='ltr'>εἴπεῖν</span> 
     </span>
    </p>
   </div>
   <div class='ocr_carea' id='block_1_73' title="bbox 1890 2672 3533 2745">
    <p class='ocr_par' dir='ltr' id='par_1_73' title="bbox 1890 2672 3533 2745">
     <span class='ocr_line' id='line_1_73' title="bbox 1890 2672 3533 2745; baseline -0.006 -9"><span class='ocrx_word' id='word_1_521' title='bbox 1890 2683 1975 2737; x_wconf 88' lang='grc'><strong>13.</strong></span> <span class='ocrx_word' id='word_1_522' title='bbox 2012 2683 2075 2739; x_wconf 78' lang='lat' dir='ltr'><strong>Ut</strong></span> <span class='ocrx_word' id='word_1_523' title='bbox 2104 2684 2341 2739; x_wconf 78' lang='lat' dir='ltr'><strong>Joannes</strong></span> <span class='ocrx_word' id='word_1_524' title='bbox 2372 2682 2652 2740; x_wconf 76' lang='lat' dir='ltr'><strong>Chumnus</strong></span> <span class='ocrx_word' id='word_1_525' title='bbox 2684 2680 3025 2735; x_wconf 76' lang='lat' dir='ltr'><strong>accusaverit</strong></span> <span class='ocrx_word' id='word_1_526' title='bbox 3052 2672 3533 2745; x_wconf 80' lang='lat' dir='ltr'><strong>charlophylacem</strong></span> 
     </span>
    </p>
   </div>
   <div class='ocr_carea' id='block_1_74' title="bbox 2591 2753 2827 2808">
    <p class='ocr_par' dir='ltr' id='par_1_74' title="bbox 2591 2753 2827 2808">
     <span class='ocr_line' id='line_1_74' title="bbox 2591 2753 2827 2808; baseline 0.004 -1"><span class='ocrx_word' id='word_1_527' title='bbox 2591 2753 2827 2808; x_wconf 80' lang='lat' dir='ltr'><strong>l’eccum.</strong></span> 
     </span>
    </p>
   </div>
   <div class='ocr_carea' id='block_1_75' title="bbox 1957 2850 3524 2917">
    <p class='ocr_par' dir='ltr' id='par_1_75' title="bbox 1957 2850 3524 2917">
     <span class='ocr_line' id='line_1_75' title="bbox 1957 2850 3524 2917; baseline -0.009 -1"><span class='ocrx_word' id='word_1_528' title='bbox 1957 2862 2018 2917; x_wconf 91' lang='lat' dir='ltr'><strong>In</strong></span> <span class='ocrx_word' id='word_1_529' title='bbox 2070 2862 2227 2916; x_wconf 87' lang='lat' dir='ltr'><strong>hunc</strong></span> <span class='ocrx_word' id='word_1_530' title='bbox 2273 2861 2513 2917; x_wconf 88' lang='lat' dir='ltr'><strong>modum</strong></span> <span class='ocrx_word' id='word_1_531' title='bbox 2547 2862 2839 2915; x_wconf 90' lang='lat' dir='ltr'><strong>transacta</strong></span> <span class='ocrx_word' id='word_1_532' title='bbox 2887 2872 2953 2911; x_wconf 90' lang='lat' dir='ltr'><strong>eo</strong></span> <span class='ocrx_word' id='word_1_533' title='bbox 3002 2853 3093 2908; x_wconf 89' lang='lat' dir='ltr'><strong>die</strong></span> <span class='ocrx_word' id='word_1_534' title='bbox 3146 2870 3237 2907; x_wconf 87' lang='lat' dir='ltr'><strong>res</strong></span> <span class='ocrx_word' id='word_1_535' title='bbox 3282 2850 3524 2904; x_wconf 87' lang='lat' dir='ltr'><strong>inﬁxum</strong></span> 
     </span>
    </p>
   </div>
   <div class='ocr_carea' id='block_1_76' title="bbox 1882 2938 3528 3021">
    <p class='ocr_par' dir='ltr' id='par_1_76' title="bbox 1882 2938 3528 3021">
     <span class='ocr_line' id='line_1_76' title="bbox 1882 2938 3528 3021; baseline -0.009 -15"><span class='ocrx_word' id='word_1_536' title='bbox 1882 2949 2256 3021; x_wconf 88' lang='lat' dir='ltr'><strong>imperatoris</strong></span> <span class='ocrx_word' id='word_1_537' title='bbox 2287 2952 2484 3004; x_wconf 91' lang='lat' dir='ltr'><strong>animo</strong></span> <span class='ocrx_word' id='word_1_538' title='bbox 2520 2948 2758 3019; x_wconf 89' lang='lat' dir='ltr'><strong>reliquit</strong></span> <span class='ocrx_word' id='word_1_539' title='bbox 2787 2944 2978 3017; x_wconf 85' lang='lat' dir='ltr'><strong>gravis</strong></span> <span class='ocrx_word' id='word_1_540' title='bbox 3010 2944 3065 2997; x_wconf 88' lang='lat' dir='ltr'><strong>in</strong></span> <span class='ocrx_word' id='word_1_541' title='bbox 3098 2941 3346 2996; x_wconf 90' lang='lat' dir='ltr'><strong>Veccum</strong></span> <span class='ocrx_word' id='word_1_542' title='bbox 3382 2938 3528 2993; x_wconf 87' lang='lat' dir='ltr'><strong>indi-</strong></span> 
     </span>
    </p>
   </div>
   <div class='ocr_carea' id='block_1_77' title="bbox 1882 3030 3519 3111">
    <p class='ocr_par' dir='ltr' id='par_1_77' title="bbox 1882 3030 3519 3111">
     <span class='ocr_line' id='line_1_77' title="bbox 1882 3030 3519 3111; baseline -0.007 -17"><span class='ocrx_word' id='word_1_543' title='bbox 1882 3040 2177 3111; x_wconf 88' lang='lat' dir='ltr'><strong>gnationis</strong></span> <span class='ocrx_word' id='word_1_544' title='bbox 2199 3038 2621 3108; x_wconf 90' lang='lat' dir='ltr'><strong>aculeum,qu0</strong></span> <span class='ocrx_word' id='word_1_545' title='bbox 2647 3035 2744 3091; x_wconf 89' lang='lat' dir='ltr'><strong>ille</strong></span> <span class='ocrx_word' id='word_1_546' title='bbox 2767 3032 3107 3090; x_wconf 87' lang='lat' dir='ltr'><strong>stimulante</strong></span> <span class='ocrx_word' id='word_1_547' title='bbox 3132 3046 3339 3085; x_wconf 88' lang='lat' dir='ltr'><strong>causas</strong></span> <span class='ocrx_word' id='word_1_548' title='bbox 3370 3030 3464 3083; x_wconf 76' lang='lat'><strong>37</strong></span> <span class='ocrx_word' id='word_1_549' title='bbox 3481 3030 3519 3082; x_wconf 78' lang='grc'>7</span> 
     </span>
    </p>
   </div>
   <div class='ocr_carea' id='block_1_78' title="bbox 1880 3118 3525 3198">
    <p class='ocr_par' dir='ltr' id='par_1_78' title="bbox 1880 3118 3525 3198">
     <span class='ocr_line' id='line_1_78' title="bbox 1880 3118 3525 3198; baseline -0.008 -15"><span class='ocrx_word' id='word_1_550' title='bbox 1880 3128 2127 3183; x_wconf 90' lang='lat' dir='ltr'><strong>nocendi</strong></span> <span class='ocrx_word' id='word_1_551' title='bbox 2159 3143 2423 3198; x_wconf 72' lang='lat' dir='ltr'><strong>quaerens</strong></span> <span class='ocrx_word' id='word_1_552' title='bbox 2464 3142 2529 3181; x_wconf 91' lang='lat' dir='ltr'><strong>eo</strong></span> <span class='ocrx_word' id='word_1_553' title='bbox 2570 3125 2665 3179; x_wconf 69' lang='lat' dir='ltr'><strong>iraa</strong></span> <span class='ocrx_word' id='word_1_554' title='bbox 2700 3120 3062 3179; x_wconf 83' lang='lat' dir='ltr'><strong>vehementia</strong></span> <span class='ocrx_word' id='word_1_555' title='bbox 3092 3118 3277 3173; x_wconf 87' lang='lat' dir='ltr'><strong>elatus</strong></span> <span class='ocrx_word' id='word_1_556' title='bbox 3317 3121 3424 3187; x_wconf 87' lang='lat' dir='ltr'><strong>est,</strong></span> <span class='ocrx_word' id='word_1_557' title='bbox 3460 3120 3525 3172; x_wconf 90' lang='lat' dir='ltr'><strong>ut</strong></span> 
     </span>
    </p>
   </div>
   <div class='ocr_carea' id='block_1_79' title="bbox 1876 3206 3519 3289">
    <p class='ocr_par' dir='ltr' id='par_1_79' title="bbox 1876 3206 3519 3289">
     <span class='ocr_line' id='line_1_79' title="bbox 1876 3206 3519 3289; baseline -0.008 -17"><span class='ocrx_word' id='word_1_558' title='bbox 1876 3216 2141 3289; x_wconf 89' lang='lat' dir='ltr'><strong>apposito</strong></span> <span class='ocrx_word' id='word_1_559' title='bbox 2204 3216 2257 3271; x_wconf 87' lang='lat' dir='ltr'><strong>ei</strong></span> <span class='ocrx_word' id='word_1_560' title='bbox 2324 3218 2667 3271; x_wconf 87' lang='lat' dir='ltr'><strong>accusatore</strong></span> <span class='ocrx_word' id='word_1_561' title='bbox 2725 3212 2949 3268; x_wconf 86' lang='lat' dir='ltr'><strong>Joanne</strong></span> <span class='ocrx_word' id='word_1_562' title='bbox 3003 3208 3270 3265; x_wconf 86' lang='lat' dir='ltr'><strong>Chumno</strong></span> <span class='ocrx_word' id='word_1_563' title='bbox 3328 3206 3519 3261; x_wconf 90' lang='lat' dir='ltr'><strong>dicam</strong></span> 
     </span>
    </p>
   </div>
   <div class='ocr_carea' id='block_1_80' title="bbox 1873 3296 3519 3376">
    <p class='ocr_par' dir='ltr' id='par_1_80' title="bbox 1873 3296 3519 3376">
     <span class='ocr_line' id='line_1_80' title="bbox 1873 3296 3519 3376; baseline -0.007 -16"><span class='ocrx_word' id='word_1_564' title='bbox 1873 3305 2026 3360; x_wconf 86' lang='lat' dir='ltr'><strong>male</strong></span> <span class='ocrx_word' id='word_1_565' title='bbox 2083 3304 2254 3360; x_wconf 71' lang='lat' dir='ltr'><strong>obitas</strong></span> <span class='ocrx_word' id='word_1_566' title='bbox 2313 3303 2623 3376; x_wconf 84' lang='lat' dir='ltr'><strong>legationis</strong></span> <span class='ocrx_word' id='word_1_567' title='bbox 2682 3298 3009 3371; x_wconf 86' lang='lat' dir='ltr'><strong>impegerit.</strong></span> <span class='ocrx_word' id='word_1_568' title='bbox 3051 3296 3270 3353; x_wconf 76' lang='lat' dir='ltr'><strong>Detulit</strong></span> <span class='ocrx_word' id='word_1_569' title='bbox 3324 3298 3519 3351; x_wconf 89' lang='lat' dir='ltr'><strong>autem</strong></span> 
     </span>
    </p>
   </div>
   <div class='ocr_carea' id='block_1_81' title="bbox 1872 3386 3516 3464">
    <p class='ocr_par' dir='ltr' id='par_1_81' title="bbox 1872 3386 3516 3464">
     <span class='ocr_line' id='line_1_81' title="bbox 1872 3386 3516 3464; baseline -0.007 -14"><span class='ocrx_word' id='word_1_570' title='bbox 1872 3395 2178 3450; x_wconf 86' lang='lat' dir='ltr'><strong>Cbumnus</strong></span> <span class='ocrx_word' id='word_1_571' title='bbox 2239 3393 2309 3449; x_wconf 89' lang='lat' dir='ltr'><strong>ad</strong></span> <span class='ocrx_word' id='word_1_572' title='bbox 2370 3392 2661 3464; x_wconf 86' lang='lat' dir='ltr'><strong>synodum</strong></span> <span class='ocrx_word' id='word_1_573' title='bbox 2710 3389 2766 3444; x_wconf 89' lang='lat' dir='ltr'><strong>id</strong></span> <span class='ocrx_word' id='word_1_574' title='bbox 2815 3389 3059 3444; x_wconf 88' lang='lat' dir='ltr'><strong>crimen.</strong></span> <span class='ocrx_word' id='word_1_575' title='bbox 3099 3389 3313 3442; x_wconf 82' lang='lat' dir='ltr'><strong>Contra</strong></span> <span class='ocrx_word' id='word_1_576' title='bbox 3362 3386 3516 3456; x_wconf 88' lang='lat' dir='ltr'><strong>quod</strong></span> 
     </span>
    </p>
   </div>
   <div class='ocr_carea' id='block_1_82' title="bbox 1869 3473 3518 3555">
    <p class='ocr_par' dir='ltr' id='par_1_82' title="bbox 1869 3473 3518 3555">
     <span class='ocr_line' id='line_1_82' title="bbox 1869 3473 3518 3555; baseline -0.006 -18"><span class='ocrx_word' id='word_1_577' title='bbox 1869 3483 2092 3539; x_wconf 85' lang='lat' dir='ltr'><strong>Veccns</strong></span> <span class='ocrx_word' id='word_1_578' title='bbox 2124 3481 2510 3555; x_wconf 69' lang='lat' dir='ltr'><strong>prmscribens</strong></span> <span class='ocrx_word' id='word_1_579' title='bbox 2541 3477 2877 3550; x_wconf 85' lang='lat' dir='ltr'><strong>exceptione</strong></span> <span class='ocrx_word' id='word_1_580' title='bbox 2910 3475 3039 3532; x_wconf 72' lang='lat' dir='ltr'><strong>falsi</strong></span> <span class='ocrx_word' id='word_1_581' title='bbox 3073 3475 3248 3531; x_wconf 86' lang='lat' dir='ltr'><strong>etiam</strong></span> <span class='ocrx_word' id='word_1_582' title='bbox 3282 3473 3518 3528; x_wconf 82' lang='lat' dir='ltr'><strong>delatio-</strong></span> 
     </span>
    </p>
   </div>
   <div class='ocr_carea' id='block_1_83' title="bbox 1869 3563 3514 3644">
    <p class='ocr_par' dir='ltr' id='par_1_83' title="bbox 1869 3563 3514 3644">
     <span class='ocr_line' id='line_1_83' title="bbox 1869 3563 3514 3644; baseline -0.007 -16"><span class='ocrx_word' id='word_1_583' title='bbox 1869 3590 2003 3628; x_wconf 87' lang='lat' dir='ltr'><strong>nem</strong></span> <span class='ocrx_word' id='word_1_584' title='bbox 2036 3574 2225 3644; x_wconf 88' lang='lat' dir='ltr'><strong>ipsam</strong></span> <span class='ocrx_word' id='word_1_585' title='bbox 2252 3576 2316 3627; x_wconf 91' lang='lat' dir='ltr'><strong>ut</strong></span> <span class='ocrx_word' id='word_1_586' title='bbox 2337 3587 2527 3626; x_wconf 88' lang='lat' dir='ltr'><strong>seram</strong></span> <span class='ocrx_word' id='word_1_587' title='bbox 2556 3576 2612 3625; x_wconf 89' lang='lat' dir='ltr'><strong>et</strong></span> <span class='ocrx_word' id='word_1_588' title='bbox 2634 3566 3103 3639; x_wconf 86' lang='lat' dir='ltr'><strong>intempestivam</strong></span> <span class='ocrx_word' id='word_1_589' title='bbox 3135 3563 3514 3633; x_wconf 87' lang='lat' dir='ltr'><strong>rejiciendam</strong></span> 
     </span>
    </p>
   </div>
   <div class='ocr_carea' id='block_1_84' title="bbox 1868 3652 3512 3728">
    <p class='ocr_par' dir='ltr' id='par_1_84' title="bbox 1868 3652 3512 3728">
     <span class='ocr_line' id='line_1_84' title="bbox 1868 3652 3512 3728; baseline -0.005 -12"><span class='ocrx_word' id='word_1_590' title='bbox 1868 3663 2278 3727; x_wconf 86' lang='lat' dir='ltr'><strong>contendebat,</strong></span> <span class='ocrx_word' id='word_1_591' title='bbox 2322 3661 2548 3716; x_wconf 79' lang='lat' dir='ltr'><strong>addens</strong></span> <span class='ocrx_word' id='word_1_592' title='bbox 2597 3658 2742 3714; x_wconf 80' lang='lat' dir='ltr'><strong>satis</strong></span> <span class='ocrx_word' id='word_1_593' title='bbox 2794 3672 3071 3728; x_wconf 83' lang='lat' dir='ltr'><strong>apparere</strong></span> <span class='ocrx_word' id='word_1_594' title='bbox 3117 3670 3230 3709; x_wconf 87' lang='lat' dir='ltr'><strong>non</strong></span> <span class='ocrx_word' id='word_1_595' title='bbox 3262 3652 3512 3708; x_wconf 88' lang='lat' dir='ltr'><strong>Chumni</strong></span> 
     </span>
    </p>
   </div>
   <div class='ocr_carea' id='block_1_85' title="bbox 1866 3741 3512 3817">
    <p class='ocr_par' dir='ltr' id='par_1_85' title="bbox 1866 3741 3512 3817">
     <span class='ocr_line' id='line_1_85' title="bbox 1866 3741 3512 3817; baseline -0.006 -12"><span class='ocrx_word' id='word_1_596' title='bbox 1866 3751 2301 3805; x_wconf 88' lang='lat' dir='ltr'><strong>accusationem</strong></span> <span class='ocrx_word' id='word_1_597' title='bbox 2360 3749 2555 3817; x_wconf 88' lang='lat' dir='ltr'><strong>istam,</strong></span> <span class='ocrx_word' id='word_1_598' title='bbox 2608 3749 2707 3803; x_wconf 90' lang='lat' dir='ltr'><strong>sed</strong></span> <span class='ocrx_word' id='word_1_599' title='bbox 2759 3743 3126 3817; x_wconf 76' lang='lat' dir='ltr'><strong>imperatoris</strong></span> <span class='ocrx_word' id='word_1_600' title='bbox 3182 3759 3355 3797; x_wconf 86' lang='lat' dir='ltr'><strong>esse:</strong></span> <span class='ocrx_word' id='word_1_601' title='bbox 3398 3741 3512 3797; x_wconf 89' lang='lat' dir='ltr'><strong>sibi</strong></span> 
     </span>
    </p>
   </div>
   <div class='ocr_carea' id='block_1_86' title="bbox 1867 3832 3513 3907">
    <p class='ocr_par' dir='ltr' id='par_1_86' title="bbox 1867 3832 3513 3907">
     <span class='ocr_line' id='line_1_86' title="bbox 1867 3832 3513 3907; baseline -0.006 -13"><span class='ocrx_word' id='word_1_602' title='bbox 1867 3844 2061 3894; x_wconf 87' lang='lat' dir='ltr'><strong>autem</strong></span> <span class='ocrx_word' id='word_1_603' title='bbox 2094 3839 2251 3893; x_wconf 89' lang='lat' dir='ltr'><strong>haud</strong></span> <span class='ocrx_word' id='word_1_604' title='bbox 2283 3843 2512 3893; x_wconf 90' lang='lat' dir='ltr'><strong>tantum</strong></span> <span class='ocrx_word' id='word_1_605' title='bbox 2561 3840 2870 3907; x_wconf 84' lang='lat' dir='ltr'><strong>suppetere</strong></span> <span class='ocrx_word' id='word_1_606' title='bbox 2902 3832 3113 3887; x_wconf 88' lang='lat' dir='ltr'><strong>virium</strong></span> <span class='ocrx_word' id='word_1_607' title='bbox 3148 3847 3416 3902; x_wconf 81' lang='lat' dir='ltr'><strong>opumve,</strong></span> <span class='ocrx_word' id='word_1_608' title='bbox 3450 3835 3513 3885; x_wconf 91' lang='lat' dir='ltr'><strong>ut</strong></span> 
     </span>
    </p>
   </div>
   <div class='ocr_carea' id='block_1_87' title="bbox 1863 3920 3505 3999">
    <p class='ocr_par' dir='ltr' id='par_1_87' title="bbox 1863 3920 3505 3999">
     <span class='ocr_line' id='line_1_87' title="bbox 1863 3920 3505 3999; baseline -0.005 -18"><span class='ocrx_word' id='word_1_609' title='bbox 1863 3926 2093 3999; x_wconf 85' lang='lat' dir='ltr'><strong>litigare</strong></span> <span class='ocrx_word' id='word_1_610' title='bbox 2123 3943 2257 3983; x_wconf 89' lang='lat' dir='ltr'><strong>cum</strong></span> <span class='ocrx_word' id='word_1_611' title='bbox 2302 3926 2539 3981; x_wconf 90' lang='lat' dir='ltr'><strong>domino</strong></span> <span class='ocrx_word' id='word_1_612' title='bbox 2571 3926 2829 3980; x_wconf 86' lang='lat' dir='ltr'><strong>auderet.</strong></span> <span class='ocrx_word' id='word_1_613' title='bbox 2863 3922 2995 3978; x_wconf 62' lang='lat' dir='ltr'><strong>Haec</strong></span> <span class='ocrx_word' id='word_1_614' title='bbox 3026 3921 3181 3991; x_wconf 88' lang='lat' dir='ltr'><strong>apud</strong></span> <span class='ocrx_word' id='word_1_615' title='bbox 3220 3920 3505 3990; x_wconf 83' lang='lat' dir='ltr'><strong>synodum</strong></span> 
     </span>
    </p>
   </div>
   <div class='ocr_carea' id='block_1_88' title="bbox 1864 4007 3506 4087">
    <p class='ocr_par' dir='ltr' id='par_1_88' title="bbox 1864 4007 3506 4087">
     <span class='ocr_line' id='line_1_88' title="bbox 1864 4007 3506 4087; baseline -0.004 -18"><span class='ocrx_word' id='word_1_616' title='bbox 1864 4014 2095 4072; x_wconf 83' lang='lat' dir='ltr'><strong>locutus</strong></span> <span class='ocrx_word' id='word_1_617' title='bbox 2153 4021 2261 4080; x_wconf 89' lang='lat' dir='ltr'><strong>est,</strong></span> <span class='ocrx_word' id='word_1_618' title='bbox 2316 4014 2637 4087; x_wconf 87' lang='lat' dir='ltr'><strong>persistens</strong></span> <span class='ocrx_word' id='word_1_619' title='bbox 2698 4012 2755 4067; x_wconf 90' lang='lat' dir='ltr'><strong>in</strong></span> <span class='ocrx_word' id='word_1_620' title='bbox 2816 4013 2941 4083; x_wconf 87' lang='lat' dir='ltr'><strong>ipso</strong></span> <span class='ocrx_word' id='word_1_621' title='bbox 2999 4009 3123 4065; x_wconf 93' lang='lat' dir='ltr'><strong>loco</strong></span> <span class='ocrx_word' id='word_1_622' title='bbox 3186 4007 3285 4063; x_wconf 89' lang='lat' dir='ltr'><strong>ubi</strong></span> <span class='ocrx_word' id='word_1_623' title='bbox 3341 4007 3506 4079; x_wconf 88' lang='lat' dir='ltr'><strong>prius</strong></span> 
     </span>
    </p>
   </div>
   <div class='ocr_carea' id='block_1_89' title="bbox 1862 4098 3500 4175">
    <p class='ocr_par' dir='ltr' id='par_1_89' title="bbox 1862 4098 3500 4175">
     <span class='ocr_line' id='line_1_89' title="bbox 1862 4098 3500 4175; baseline -0.006 -14"><span class='ocrx_word' id='word_1_624' title='bbox 1862 4106 2109 4172; x_wconf 83' lang='lat' dir='ltr'><strong>sedarat,</strong></span> <span class='ocrx_word' id='word_1_625' title='bbox 2144 4104 2431 4171; x_wconf 87' lang='lat' dir='ltr'><strong>Chumno,</strong></span> <span class='ocrx_word' id='word_1_626' title='bbox 2466 4103 2565 4175; x_wconf 89' lang='lat' dir='ltr'><strong>qui</strong></span> <span class='ocrx_word' id='word_1_627' title='bbox 2606 4102 2939 4167; x_wconf 85' lang='lat' dir='ltr'><strong>accusabat,</strong></span> <span class='ocrx_word' id='word_1_628' title='bbox 2974 4099 3033 4153; x_wconf 89' lang='lat' dir='ltr'><strong>in</strong></span> <span class='ocrx_word' id='word_1_629' title='bbox 3069 4098 3255 4153; x_wconf 91' lang='lat' dir='ltr'><strong>medio</strong></span> <span class='ocrx_word' id='word_1_630' title='bbox 3288 4101 3500 4152; x_wconf 87' lang='lat' dir='ltr'><strong>stante.</strong></span> 
     </span>
    </p>
   </div>
   <div class='ocr_carea' id='block_1_90' title="bbox 1862 4185 3502 4267">
    <p class='ocr_par' dir='ltr' id='par_1_90' title="bbox 1862 4185 3502 4267">
     <span class='ocr_line' id='line_1_90' title="bbox 1862 4185 3502 4267; baseline -0.007 -17"><span class='ocrx_word' id='word_1_631' title='bbox 1862 4194 2186 4250; x_wconf 88' lang='lat' dir='ltr'><strong>Intererant</strong></span> <span class='ocrx_word' id='word_1_632' title='bbox 2224 4194 2446 4267; x_wconf 85' lang='lat' dir='ltr'><strong>synodo</strong></span> <span class='ocrx_word' id='word_1_633' title='bbox 2492 4193 2562 4247; x_wconf 89' lang='lat' dir='ltr'><strong>ab</strong></span> <span class='ocrx_word' id='word_1_634' title='bbox 2613 4191 2962 4262; x_wconf 89' lang='lat' dir='ltr'><strong>imperatore</strong></span> <span class='ocrx_word' id='word_1_635' title='bbox 3009 4187 3175 4243; x_wconf 90' lang='lat' dir='ltr'><strong>missi</strong></span> <span class='ocrx_word' id='word_1_636' title='bbox 3224 4185 3502 4242; x_wconf 89' lang='lat' dir='ltr'><strong>senatorii</strong></span> 
     </span>
    </p>
   </div>
   <div class='ocr_carea' id='block_1_91' title="bbox 1860 4275 3504 4356">
    <p class='ocr_par' dir='ltr' id='par_1_91' title="bbox 1860 4275 3504 4356">
     <span class='ocr_line' id='line_1_91' title="bbox 1860 4275 3504 4356; baseline -0.004 -18"><span class='ocrx_word' id='word_1_637' title='bbox 1860 4284 2263 4356; x_wconf 87' lang='lat' dir='ltr'><strong>magistratus,</strong></span> <span class='ocrx_word' id='word_1_638' title='bbox 2292 4280 2617 4353; x_wconf 83' lang='lat' dir='ltr'><strong>Acropolita</strong></span> <span class='ocrx_word' id='word_1_639' title='bbox 2645 4296 2893 4351; x_wconf 89' lang='lat' dir='ltr'><strong>magnus</strong></span> <span class='ocrx_word' id='word_1_640' title='bbox 2926 4277 3217 4350; x_wconf 82' lang='lat' dir='ltr'><strong>logotheta</strong></span> <span class='ocrx_word' id='word_1_641' title='bbox 3242 4280 3297 4331; x_wconf 91' lang='lat' dir='ltr'><strong>et</strong></span> <span class='ocrx_word' id='word_1_642' title='bbox 3328 4275 3504 4331; x_wconf 89' lang='lat' dir='ltr'><strong>Iatro-</strong></span> 
     </span>
    </p>
   </div>
   <div class='ocr_carea' id='block_1_92' title="bbox 1858 4364 3499 4445">
    <p class='ocr_par' dir='ltr' id='par_1_92' title="bbox 1858 4364 3499 4445">
     <span class='ocr_line' id='line_1_92' title="bbox 1858 4364 3499 4445; baseline -0.007 -16"><span class='ocrx_word' id='word_1_643' title='bbox 1858 4372 2029 4445; x_wconf 88' lang='lat' dir='ltr'><strong>polus</strong></span> <span class='ocrx_word' id='word_1_644' title='bbox 2080 4372 2374 4444; x_wconf 84' lang='lat' dir='ltr'><strong>logotheta</strong></span> <span class='ocrx_word' id='word_1_645' title='bbox 2424 4370 2917 4438; x_wconf 89' lang='lat' dir='ltr'><strong>domesticorum,</strong></span> <span class='ocrx_word' id='word_1_646' title='bbox 2965 4367 3182 4438; x_wconf 86' lang='lat' dir='ltr'><strong>aliique</strong></span> <span class='ocrx_word' id='word_1_647' title='bbox 3232 4364 3499 4421; x_wconf 88' lang='lat' dir='ltr'><strong>nonnulli</strong></span> 
     </span>
    </p>
   </div>
   <div class='ocr_carea' id='block_1_93' title="bbox 1859 4454 3495 4527">
    <p class='ocr_par' dir='ltr' id='par_1_93' title="bbox 1859 4454 3495 4527">
     <span class='ocr_line' id='line_1_93' title="bbox 1859 4454 3495 4527; baseline -0.007 -10"><span class='ocrx_word' id='word_1_648' title='bbox 1859 4462 2231 4517; x_wconf 83' lang='lat' dir='ltr'><strong>considentes</strong></span> <span class='ocrx_word' id='word_1_649' title='bbox 2275 4477 2391 4516; x_wconf 90' lang='lat' dir='ltr'><strong>una</strong></span> <span class='ocrx_word' id='word_1_650' title='bbox 2420 4476 2553 4515; x_wconf 91' lang='lat' dir='ltr'><strong>cum</strong></span> <span class='ocrx_word' id='word_1_651' title='bbox 2604 4458 2893 4513; x_wconf 88' lang='lat' dir='ltr'><strong>Patribus.</strong></span> <span class='ocrx_word' id='word_1_652' title='bbox 2928 4457 2995 4511; x_wconf 81' lang='lat' dir='ltr'><strong>lli</strong></span> <span class='ocrx_word' id='word_1_653' title='bbox 3028 4472 3199 4527; x_wconf 88' lang='lat' dir='ltr'><strong>porro</strong></span> <span class='ocrx_word' id='word_1_654' title='bbox 3244 4454 3495 4526; x_wconf 87' lang='lat' dir='ltr'><strong>impera-</strong></span> 
     </span>
    </p>
   </div>
   <div class='ocr_carea' id='block_1_94' title="bbox 119 4525 3499 4623">
    <p class='ocr_par' dir='ltr' id='par_1_94' title="bbox 119 4525 3499 4623">
     <span class='ocr_line' id='line_1_94' title="bbox 119 4525 3499 4623; baseline 0.001 -29"><span class='ocrx_word' id='word_1_655' title='bbox 119 4543 292 4601; x_wconf 86' lang='lat' dir='ltr'><strong>eadem</strong></span> <span class='ocrx_word' id='word_1_656' title='bbox 321 4547 773 4620; x_wconf 86' lang='lat' dir='ltr'><strong>imperatorem,</strong></span> <span class='ocrx_word' id='word_1_657' title='bbox 806 4548 908 4619; x_wconf 89' lang='lat' dir='ltr'><strong>qui</strong></span> <span class='ocrx_word' id='word_1_658' title='bbox 939 4565 1054 4604; x_wconf 90' lang='lat' dir='ltr'><strong>non</strong></span> <span class='ocrx_word' id='word_1_659' title='bbox 1087 4547 1289 4605; x_wconf 86' lang='lat' dir='ltr'><strong>leviter</strong></span> <span class='ocrx_word' id='word_1_660' title='bbox 1319 4550 1635 4623; x_wconf 88' lang='lat' dir='ltr'><strong>indignans</strong></span> <span class='ocrx_word' id='word_1_661' title='bbox 1665 4555 1749 4609; x_wconf 92' lang='lat' dir='ltr'><strong>sic</strong></span> <span class='ocrx_word' id='word_1_662' title='bbox 1780 4525 1825 4590; x_wconf 83' lang='lat' dir='ltr'><strong>D</strong></span> <span class='ocrx_word' id='word_1_663' title='bbox 1855 4553 1999 4609; x_wconf 89' lang='lat' dir='ltr'><strong>toris</strong></span> <span class='ocrx_word' id='word_1_664' title='bbox 2031 4570 2206 4609; x_wconf 85' lang='lat' dir='ltr'><strong>causa</strong></span> <span class='ocrx_word' id='word_1_665' title='bbox 2240 4568 2591 4623; x_wconf 89' lang='lat' dir='ltr'><strong>magnopere</strong></span> <span class='ocrx_word' id='word_1_666' title='bbox 2623 4550 2978 4615; x_wconf 87' lang='lat' dir='ltr'><strong>nitebantur,</strong></span> <span class='ocrx_word' id='word_1_667' title='bbox 3013 4551 3077 4603; x_wconf 91' lang='lat' dir='ltr'><strong>ut</strong></span> <span class='ocrx_word' id='word_1_668' title='bbox 3108 4545 3320 4601; x_wconf 88' lang='lat' dir='ltr'><strong>delatio</strong></span> <span class='ocrx_word' id='word_1_669' title='bbox 3343 4525 3499 4599; x_wconf 83' lang='lat' dir='ltr'><strong>acci-</strong></span> 
     </span>
    </p>
   </div>
   <div class='ocr_carea' id='block_1_95' title="bbox 115 4632 1745 4703">
    <p class='ocr_par' dir='ltr' id='par_1_95' title="bbox 115 4632 1745 4703">
     <span class='ocr_line' id='line_1_95' title="bbox 115 4632 1745 4703; baseline 0.008 -18"><span class='ocrx_word' id='word_1_670' title='bbox 115 4632 405 4693; x_wconf 89' lang='lat' dir='ltr'><strong>obductum</strong></span> <span class='ocrx_word' id='word_1_671' title='bbox 430 4635 707 4693; x_wconf 87' lang='lat' dir='ltr'><strong>consiliis</strong></span> <span class='ocrx_word' id='word_1_672' title='bbox 738 4638 864 4693; x_wconf 87' lang='lat' dir='ltr'><strong>suis</strong></span> <span class='ocrx_word' id='word_1_673' title='bbox 894 4644 1135 4703; x_wconf 77' lang='lat' dir='ltr'><strong>ostium,</strong></span> <span class='ocrx_word' id='word_1_674' title='bbox 1167 4644 1517 4695; x_wconf 91' lang='lat' dir='ltr'><strong>conventum</strong></span> <span class='ocrx_word' id='word_1_675' title='bbox 1551 4643 1745 4699; x_wconf 88' lang='lat' dir='ltr'><strong>subito</strong></span> 
     </span>
    </p>
   </div>
   <div class='ocr_carea' id='block_1_96' title="bbox 114 4721 1742 4802">
    <p class='ocr_par' dir='ltr' id='par_1_96' title="bbox 114 4721 1742 4802">
     <span class='ocr_line' id='line_1_96' title="bbox 114 4721 1742 4802; baseline 0.01 -31"><span class='ocrx_word' id='word_1_676' title='bbox 114 4721 339 4795; x_wconf 76' lang='lat' dir='ltr'><strong>abrupit,</strong></span> <span class='ocrx_word' id='word_1_677' title='bbox 370 4742 515 4782; x_wconf 91' lang='lat' dir='ltr'><strong>cum</strong></span> <span class='ocrx_word' id='word_1_678' title='bbox 552 4742 668 4781; x_wconf 92' lang='lat' dir='ltr'><strong>non</strong></span> <span class='ocrx_word' id='word_1_679' title='bbox 709 4725 949 4782; x_wconf 88' lang='lat' dir='ltr'><strong>haberet</strong></span> <span class='ocrx_word' id='word_1_680' title='bbox 991 4726 1047 4782; x_wconf 91' lang='lat' dir='ltr'><strong>in</strong></span> <span class='ocrx_word' id='word_1_681' title='bbox 1097 4732 1371 4799; x_wconf 92' lang='lat' dir='ltr'><strong>promptu</strong></span> <span class='ocrx_word' id='word_1_682' title='bbox 1404 4729 1545 4800; x_wconf 90' lang='lat' dir='ltr'><strong>quid</strong></span> <span class='ocrx_word' id='word_1_683' title='bbox 1578 4748 1742 4802; x_wconf 88' lang='lat' dir='ltr'><strong>repo-</strong></span> 
     </span>
    </p>
   </div>
   <div class='ocr_carea' id='block_1_97' title="bbox 110 4814 1745 4890">
    <p class='ocr_par' dir='ltr' id='par_1_97' title="bbox 110 4814 1745 4890">
     <span class='ocr_line' id='line_1_97' title="bbox 110 4814 1745 4890; baseline 0.008 -28"><span class='ocrx_word' id='word_1_684' title='bbox 110 4820 248 4867; x_wconf 86' lang='lat' dir='ltr'><strong>neret</strong></span> <span class='ocrx_word' id='word_1_685' title='bbox 272 4814 589 4887; x_wconf 87' lang='lat' dir='ltr'><strong>in0pinato</strong></span> <span class='ocrx_word' id='word_1_686' title='bbox 632 4814 810 4881; x_wconf 88' lang='lat' dir='ltr'><strong>dicto,</strong></span> <span class='ocrx_word' id='word_1_687' title='bbox 843 4814 937 4870; x_wconf 91' lang='lat' dir='ltr'><strong>cui</strong></span> <span class='ocrx_word' id='word_1_688' title='bbox 978 4815 1298 4872; x_wconf 87' lang='lat' dir='ltr'><strong>necessitas</strong></span> <span class='ocrx_word' id='word_1_689' title='bbox 1325 4816 1453 4886; x_wconf 88' lang='lat' dir='ltr'><strong>ipsa</strong></span> <span class='ocrx_word' id='word_1_690' title='bbox 1482 4818 1602 4888; x_wconf 92' lang='lat' dir='ltr'><strong>illa,</strong></span> <span class='ocrx_word' id='word_1_691' title='bbox 1627 4836 1745 4890; x_wconf 88' lang='lat' dir='ltr'><strong>qua</strong></span> 
     </span>
    </p>
   </div>
   <div class='ocr_carea' id='block_1_98' title="bbox 111 4894 1740 4976">
    <p class='ocr_par' dir='ltr' id='par_1_98' title="bbox 111 4894 1740 4976">
     <span class='ocr_line' id='line_1_98' title="bbox 111 4894 1740 4976; baseline 0.009 -29"><span class='ocrx_word' id='word_1_692' title='bbox 111 4894 270 4954; x_wconf 81' lang='lat' dir='ltr'><strong>fuerat</strong></span> <span class='ocrx_word' id='word_1_693' title='bbox 298 4918 681 4973; x_wconf 81' lang='lat' dir='ltr'><strong>expressum,</strong></span> <span class='ocrx_word' id='word_1_694' title='bbox 712 4902 1045 4958; x_wconf 82' lang='lat' dir='ltr'><strong>veracitatis</strong></span> <span class='ocrx_word' id='word_1_695' title='bbox 1077 4902 1487 4960; x_wconf 84' lang='lat' dir='ltr'><strong>auctoritatem</strong></span> <span class='ocrx_word' id='word_1_696' title='bbox 1530 4906 1740 4976; x_wconf 84' lang='lat' dir='ltr'><strong>adjun-</strong></span> 
     </span>
    </p>
   </div>
   <div class='ocr_carea' id='block_1_99' title="bbox 102 4990 1738 5064">
    <p class='ocr_par' dir='ltr' id='par_1_99' title="bbox 102 4990 1738 5064">
     <span class='ocr_line' id='line_1_99' title="bbox 102 4990 1738 5064; baseline 0.007 -24"><span class='ocrx_word' id='word_1_697' title='bbox 102 4993 255 5054; x_wconf 81' lang='lat' dir='ltr'><strong>geret.</strong></span> <span class='ocrx_word' id='word_1_698' title='bbox 306 4990 539 5046; x_wconf 87' lang='lat' dir='ltr'><strong>Verum</strong></span> <span class='ocrx_word' id='word_1_699' title='bbox 599 4990 1048 5047; x_wconf 88' lang='lat' dir='ltr'><strong>archidiaconus</strong></span> <span class='ocrx_word' id='word_1_700' title='bbox 1098 4997 1155 5048; x_wconf 89' lang='lat' dir='ltr'><strong>et</strong></span> <span class='ocrx_word' id='word_1_701' title='bbox 1213 4992 1738 5064; x_wconf 87' lang='lat' dir='ltr'><strong>protapostolarius</strong></span> 
     </span>
    </p>
   </div>
   <div class='ocr_carea' id='block_1_100' title="bbox 103 5074 1737 5139">
    <p class='ocr_par' dir='ltr' id='par_1_100' title="bbox 103 5074 1737 5139">
     <span class='ocr_line' id='line_1_100' title="bbox 103 5074 1737 5139; baseline 0.007 -12"><span class='ocrx_word' id='word_1_702' title='bbox 103 5074 262 5132; x_wconf 83' lang='lat' dir='ltr'><strong>instar</strong></span> <span class='ocrx_word' id='word_1_703' title='bbox 290 5078 567 5135; x_wconf 89' lang='lat' dir='ltr'><strong>irritator</strong></span> <span class='ocrx_word' id='word_1_704' title='bbox 584 5095 681 5134; x_wconf 91' lang='lat' dir='ltr'><strong>um</strong></span> <span class='ocrx_word' id='word_1_705' title='bbox 721 5079 779 5134; x_wconf 92' lang='lat' dir='ltr'><strong>in</strong></span> <span class='ocrx_word' id='word_1_706' title='bbox 821 5080 991 5136; x_wconf 89' lang='lat' dir='ltr'><strong>trivio</strong></span> <span class='ocrx_word' id='word_1_707' title='bbox 1023 5081 1345 5136; x_wconf 89' lang='lat' dir='ltr'><strong>crabonum</strong></span> <span class='ocrx_word' id='word_1_708' title='bbox 1378 5082 1559 5137; x_wconf 90' lang='lat' dir='ltr'><strong>coorti</strong></span> <span class='ocrx_word' id='word_1_709' title='bbox 1589 5084 1737 5139; x_wconf 89' lang='lat' dir='ltr'><strong>acri-</strong></span> 
     </span>
    </p>
   </div>
   <div class='ocr_carea' id='block_1_101' title="bbox 102 5164 1737 5231">
    <p class='ocr_par' dir='ltr' id='par_1_101' title="bbox 102 5164 1737 5231">
     <span class='ocr_line' id='line_1_101' title="bbox 102 5164 1737 5231; baseline 0.009 -14"><span class='ocrx_word' id='word_1_710' title='bbox 102 5164 170 5218; x_wconf 82' lang='lat' dir='ltr'><strong>ter</strong></span> <span class='ocrx_word' id='word_1_711' title='bbox 196 5165 249 5222; x_wconf 89' lang='lat' dir='ltr'><strong>in</strong></span> <span class='ocrx_word' id='word_1_712' title='bbox 280 5167 547 5225; x_wconf 85' lang='lat' dir='ltr'><strong>Veccum</strong></span> <span class='ocrx_word' id='word_1_713' title='bbox 590 5169 647 5224; x_wconf 91' lang='lat' dir='ltr'><strong>in</strong></span> <span class='ocrx_word' id='word_1_714' title='bbox 697 5186 764 5225; x_wconf 88' lang='lat' dir='ltr'><strong>os</strong></span> <span class='ocrx_word' id='word_1_715' title='bbox 813 5168 899 5225; x_wconf 90' lang='lat' dir='ltr'><strong>illi</strong></span> <span class='ocrx_word' id='word_1_716' title='bbox 947 5170 1326 5227; x_wconf 74' lang='lat' dir='ltr'><strong>vehementer</strong></span> <span class='ocrx_word' id='word_1_717' title='bbox 1375 5171 1737 5231; x_wconf 88' lang='lat' dir='ltr'><strong>obsistebant</strong></span> 
     </span>
    </p>
   </div>
   <div class='ocr_carea' id='block_1_102' title="bbox 98 5255 1733 5330">
    <p class='ocr_par' dir='ltr' id='par_1_102' title="bbox 98 5255 1733 5330">
     <span class='ocr_line' id='line_1_102' title="bbox 98 5255 1733 5330; baseline 0.01 -28"><span class='ocrx_word' id='word_1_718' title='bbox 98 5257 149 5304; x_wconf 85' lang='lat' dir='ltr'><strong>ut</strong></span> <span class='ocrx_word' id='word_1_719' title='bbox 177 5255 318 5313; x_wconf 83' lang='lat' dir='ltr'><strong>male</strong></span> <span class='ocrx_word' id='word_1_720' title='bbox 364 5257 695 5329; x_wconf 87' lang='lat' dir='ltr'><strong>iniqueque</strong></span> <span class='ocrx_word' id='word_1_721' title='bbox 736 5258 1054 5328; x_wconf 89' lang='lat' dir='ltr'><strong>judicanti,</strong></span> <span class='ocrx_word' id='word_1_722' title='bbox 1086 5259 1355 5330; x_wconf 86' lang='lat' dir='ltr'><strong>quamvis</strong></span> <span class='ocrx_word' id='word_1_723' title='bbox 1400 5266 1607 5317; x_wconf 65' lang='lat' dir='ltr'><strong>cetera</strong></span> <span class='ocrx_word' id='word_1_724' title='bbox 1638 5280 1733 5319; x_wconf 83' lang='lat' dir='ltr'><strong>sa—</strong></span> 
     </span>
    </p>
   </div>
   <div class='ocr_carea' id='block_1_103' title="bbox 94 5340 1732 5418">
    <p class='ocr_par' dir='ltr' id='par_1_103' title="bbox 94 5340 1732 5418">
     <span class='ocr_line' id='line_1_103' title="bbox 94 5340 1732 5418; baseline 0.01 -25"><span class='ocrx_word' id='word_1_725' title='bbox 94 5340 241 5409; x_wconf 87' lang='lat' dir='ltr'><strong>piens</strong></span> <span class='ocrx_word' id='word_1_726' title='bbox 284 5351 449 5403; x_wconf 83' lang='lat' dir='ltr'><strong>esset</strong></span> <span class='ocrx_word' id='word_1_727' title='bbox 503 5352 565 5402; x_wconf 90' lang='lat' dir='ltr'><strong>et</strong></span> <span class='ocrx_word' id='word_1_728' title='bbox 613 5351 894 5418; x_wconf 63' lang='lat' dir='ltr'><strong>prestare</strong></span> <span class='ocrx_word' id='word_1_729' title='bbox 943 5347 1147 5404; x_wconf 87' lang='lat' dir='ltr'><strong>multis</strong></span> <span class='ocrx_word' id='word_1_730' title='bbox 1195 5348 1460 5407; x_wconf 87' lang='lat' dir='ltr'><strong>doctrina</strong></span> <span class='ocrx_word' id='word_1_731' title='bbox 1509 5352 1732 5409; x_wconf 86' lang='lat' dir='ltr'><strong>videre-</strong></span> 
     </span>
    </p>
   </div>
   <div class='ocr_carea' id='block_1_104' title="bbox 99 5432 194 5485">
    <p class='ocr_par' dir='ltr' id='par_1_104' title="bbox 99 5432 194 5485">
     <span class='ocr_line' id='line_1_104' title="bbox 99 5432 194 5485; baseline 0.074 -7"><span class='ocrx_word' id='word_1_732' title='bbox 99 5432 194 5485; x_wconf 89' lang='lat' dir='ltr'><strong>tur.</strong></span> 
     </span>
    </p>
   </div>
   <div class='ocr_carea' id='block_1_105' title="bbox 1854 4633 3496 4713">
    <p class='ocr_par' dir='ltr' id='par_1_105' title="bbox 1854 4633 3496 4713">
     <span class='ocr_line' id='line_1_105' title="bbox 1854 4633 3496 4713; baseline -0.005 -15"><span class='ocrx_word' id='word_1_733' title='bbox 1854 4647 2091 4713; x_wconf 89' lang='lat' dir='ltr'><strong>peretur</strong></span> <span class='ocrx_word' id='word_1_734' title='bbox 2123 4641 2498 4712; x_wconf 86' lang='lat' dir='ltr'><strong>etjudicium</strong></span> <span class='ocrx_word' id='word_1_735' title='bbox 2548 4640 2732 4695; x_wconf 87' lang='lat' dir='ltr'><strong>ﬁeret.</strong></span> <span class='ocrx_word' id='word_1_736' title='bbox 2766 4638 2979 4693; x_wconf 90' lang='lat' dir='ltr'><strong>Verum</strong></span> <span class='ocrx_word' id='word_1_737' title='bbox 3014 4637 3070 4691; x_wconf 90' lang='lat' dir='ltr'><strong>id</strong></span> <span class='ocrx_word' id='word_1_738' title='bbox 3101 4633 3355 4708; x_wconf 89' lang='lat' dir='ltr'><strong>episcopi</strong></span> <span class='ocrx_word' id='word_1_739' title='bbox 3404 4651 3496 4689; x_wconf 86' lang='lat' dir='ltr'><strong>re-</strong></span> 
     </span>
    </p>
   </div>
   <div class='ocr_carea' id='block_1_106' title="bbox 1853 4723 3494 4801">
    <p class='ocr_par' dir='ltr' id='par_1_106' title="bbox 1853 4723 3494 4801">
     <span class='ocr_line' id='line_1_106' title="bbox 1853 4723 3494 4801; baseline -0.005 -16"><span class='ocrx_word' id='word_1_740' title='bbox 1853 4732 2161 4801; x_wconf 87' lang='lat' dir='ltr'><strong>cusabant,</strong></span> <span class='ocrx_word' id='word_1_741' title='bbox 2196 4732 2360 4785; x_wconf 85' lang='lat' dir='ltr'><strong>nefas</strong></span> <span class='ocrx_word' id='word_1_742' title='bbox 2390 4745 2519 4785; x_wconf 90' lang='lat' dir='ltr'><strong>esse</strong></span> <span class='ocrx_word' id='word_1_743' title='bbox 2552 4728 2813 4783; x_wconf 91' lang='lat' dir='ltr'><strong>dicentes</strong></span> <span class='ocrx_word' id='word_1_744' title='bbox 2844 4725 3118 4782; x_wconf 89' lang='lat' dir='ltr'><strong>clericum</strong></span> <span class='ocrx_word' id='word_1_745' title='bbox 3154 4723 3494 4795; x_wconf 74' lang='lat' dir='ltr'><strong>patriarcha:</strong></span> 
     </span>
    </p>
   </div>
   <div class='ocr_carea' id='block_1_107' title="bbox 1844 4812 3494 4891">
    <p class='ocr_par' dir='ltr' id='par_1_107' title="bbox 1844 4812 3494 4891">
     <span class='ocr_line' id='line_1_107' title="bbox 1844 4812 3494 4891; baseline -0.005 -16"><span class='ocrx_word' id='word_1_746' title='bbox 1844 4820 2101 4891; x_wconf 89' lang='lat' dir='ltr'><strong>judicari</strong></span> <span class='ocrx_word' id='word_1_747' title='bbox 2152 4819 2265 4876; x_wconf 90' lang='lat' dir='ltr'><strong>nisi</strong></span> <span class='ocrx_word' id='word_1_748' title='bbox 2314 4818 2441 4889; x_wconf 90' lang='lat' dir='ltr'><strong>ipso</strong></span> <span class='ocrx_word' id='word_1_749' title='bbox 2473 4818 2862 4890; x_wconf 78' lang='lat' dir='ltr'><strong>permittente.</strong></span> <span class='ocrx_word' id='word_1_750' title='bbox 2899 4814 3231 4871; x_wconf 85' lang='lat' dir='ltr'><strong>Patriarcha</strong></span> <span class='ocrx_word' id='word_1_751' title='bbox 3260 4829 3395 4867; x_wconf 88' lang='lat' dir='ltr'><strong>vero</strong></span> <span class='ocrx_word' id='word_1_752' title='bbox 3436 4812 3494 4867; x_wconf 91' lang='lat' dir='ltr'><strong>id</strong></span> 
     </span>
    </p>
   </div>
   <div class='ocr_carea' id='block_1_108' title="bbox 1850 4900 3493 4980">
    <p class='ocr_par' dir='ltr' id='par_1_108' title="bbox 1850 4900 3493 4980">
     <span class='ocr_line' id='line_1_108' title="bbox 1850 4900 3493 4980; baseline -0.005 -16"><span class='ocrx_word' id='word_1_753' title='bbox 1850 4926 1980 4964; x_wconf 90' lang='lat' dir='ltr'><strong>sese</strong></span> <span class='ocrx_word' id='word_1_754' title='bbox 2030 4906 2456 4980; x_wconf 87' lang='lat' dir='ltr'><strong>permissurum</strong></span> <span class='ocrx_word' id='word_1_755' title='bbox 2514 4906 2708 4978; x_wconf 90' lang='lat' dir='ltr'><strong>palam</strong></span> <span class='ocrx_word' id='word_1_756' title='bbox 2752 4904 3049 4976; x_wconf 87' lang='lat' dir='ltr'><strong>negabat:</strong></span> <span class='ocrx_word' id='word_1_757' title='bbox 3083 4908 3289 4959; x_wconf 88' lang='lat' dir='ltr'><strong>nactus</strong></span> <span class='ocrx_word' id='word_1_758' title='bbox 3337 4900 3493 4956; x_wconf 90' lang='lat' dir='ltr'><strong>enim</strong></span> 
     </span>
    </p>
   </div>
   <div class='ocr_carea' id='block_1_109' title="bbox 1849 4989 3493 5068">
    <p class='ocr_par' dir='ltr' id='par_1_109' title="bbox 1849 4989 3493 5068">
     <span class='ocr_line' id='line_1_109' title="bbox 1849 4989 3493 5068; baseline -0.006 -15"><span class='ocrx_word' id='word_1_759' title='bbox 1849 4996 2029 5053; x_wconf 89' lang='lat' dir='ltr'><strong>semel</strong></span> <span class='ocrx_word' id='word_1_760' title='bbox 2064 4998 2135 5052; x_wconf 90' lang='lat' dir='ltr'><strong>ad</strong></span> <span class='ocrx_word' id='word_1_761' title='bbox 2168 4998 2322 5067; x_wconf 90' lang='lat' dir='ltr'><strong>quod</strong></span> <span class='ocrx_word' id='word_1_762' title='bbox 2356 4996 2598 5068; x_wconf 89' lang='lat' dir='ltr'><strong>optabat</strong></span> <span class='ocrx_word' id='word_1_763' title='bbox 2638 4995 2989 5065; x_wconf 88' lang='lat' dir='ltr'><strong>adjutorem,</strong></span> <span class='ocrx_word' id='word_1_764' title='bbox 3022 5009 3155 5047; x_wconf 89' lang='lat' dir='ltr'><strong>eum</strong></span> <span class='ocrx_word' id='word_1_765' title='bbox 3190 4989 3348 5046; x_wconf 89' lang='lat' dir='ltr'><strong>omni</strong></span> <span class='ocrx_word' id='word_1_766' title='bbox 3381 4989 3493 5045; x_wconf 90' lang='lat' dir='ltr'><strong>sibi</strong></span> 
     </span>
    </p>
   </div>
   <div class='ocr_carea' id='block_1_110' title="bbox 1847 5080 3496 5158">
    <p class='ocr_par' dir='ltr' id='par_1_110' title="bbox 1847 5080 3496 5158">
     <span class='ocr_line' id='line_1_110' title="bbox 1847 5080 3496 5158; baseline -0.005 -16"><span class='ocrx_word' id='word_1_767' title='bbox 1847 5103 1954 5158; x_wconf 89' lang='lat' dir='ltr'><strong>0pe</strong></span> <span class='ocrx_word' id='word_1_768' title='bbox 1985 5103 2048 5141; x_wconf 90' lang='lat' dir='ltr'><strong>ac</strong></span> <span class='ocrx_word' id='word_1_769' title='bbox 2078 5084 2451 5142; x_wconf 91' lang='lat' dir='ltr'><strong>contentione</strong></span> <span class='ocrx_word' id='word_1_770' title='bbox 2481 5085 2631 5140; x_wconf 89' lang='lat' dir='ltr'><strong>tueri</strong></span> <span class='ocrx_word' id='word_1_771' title='bbox 2666 5084 3019 5140; x_wconf 87' lang='lat' dir='ltr'><strong>decreverat.</strong></span> <span class='ocrx_word' id='word_1_772' title='bbox 3044 5082 3147 5137; x_wconf 90' lang='lat' dir='ltr'><strong>Hic</strong></span> <span class='ocrx_word' id='word_1_773' title='bbox 3179 5080 3368 5135; x_wconf 87' lang='lat' dir='ltr'><strong>nodus</strong></span> <span class='ocrx_word' id='word_1_774' title='bbox 3402 5093 3496 5133; x_wconf 83' lang='lat' dir='ltr'><strong>ne-</strong></span> 
     </span>
    </p>
   </div>
   <div class='ocr_carea' id='block_1_111' title="bbox 1844 5168 3492 5248">
    <p class='ocr_par' dir='ltr' id='par_1_111' title="bbox 1844 5168 3492 5248">
     <span class='ocr_line' id='line_1_111' title="bbox 1844 5168 3492 5248; baseline -0.006 -17"><span class='ocrx_word' id='word_1_775' title='bbox 1844 5177 1998 5248; x_wconf 87' lang='lat' dir='ltr'><strong>gotio</strong></span> <span class='ocrx_word' id='word_1_776' title='bbox 2032 5175 2283 5247; x_wconf 82' lang='lat' dir='ltr'><strong>iniectus</strong></span> <span class='ocrx_word' id='word_1_777' title='bbox 2334 5190 2467 5230; x_wconf 89' lang='lat' dir='ltr'><strong>cum</strong></span> <span class='ocrx_word' id='word_1_778' title='bbox 2519 5179 2722 5230; x_wconf 88' lang='lat' dir='ltr'><strong>Patres</strong></span> <span class='ocrx_word' id='word_1_779' title='bbox 2776 5172 2999 5246; x_wconf 83' lang='lat' dir='ltr'><strong>synodi,</strong></span> <span class='ocrx_word' id='word_1_780' title='bbox 3036 5175 3161 5225; x_wconf 89' lang='lat' dir='ltr'><strong>tum</strong></span> <span class='ocrx_word' id='word_1_781' title='bbox 3196 5186 3343 5240; x_wconf 88' lang='lat' dir='ltr'><strong>quos</strong></span> <span class='ocrx_word' id='word_1_782' title='bbox 3374 5168 3492 5223; x_wconf 83' lang='lat' dir='ltr'><strong>dixi</strong></span> 
     </span>
    </p>
   </div>
   <div class='ocr_carea' id='block_1_112' title="bbox 1845 5257 3489 5337">
    <p class='ocr_par' dir='ltr' id='par_1_112' title="bbox 1845 5257 3489 5337">
     <span class='ocr_line' id='line_1_112' title="bbox 1845 5257 3489 5337; baseline -0.007 -16"><span class='ocrx_word' id='word_1_783' title='bbox 1845 5265 2247 5337; x_wconf 86' lang='lat' dir='ltr'><strong>magistratus,</strong></span> <span class='ocrx_word' id='word_1_784' title='bbox 2284 5264 2521 5336; x_wconf 90' lang='lat' dir='ltr'><strong>ignaros</strong></span> <span class='ocrx_word' id='word_1_785' title='bbox 2554 5263 2695 5336; x_wconf 89' lang='lat' dir='ltr'><strong>quid</strong></span> <span class='ocrx_word' id='word_1_786' title='bbox 2729 5266 2966 5335; x_wconf 83' lang='lat' dir='ltr'><strong>agerent</strong></span> <span class='ocrx_word' id='word_1_787' title='bbox 2997 5261 3247 5315; x_wconf 88' lang='lat' dir='ltr'><strong>tenebat.</strong></span> <span class='ocrx_word' id='word_1_788' title='bbox 3269 5257 3339 5312; x_wconf 91' lang='lat' dir='ltr'><strong>Ut</strong></span> <span class='ocrx_word' id='word_1_789' title='bbox 3370 5262 3489 5311; x_wconf 80' lang='lat' dir='ltr'><strong>tan-</strong></span> 
     </span>
    </p>
   </div>
   <div class='ocr_carea' id='block_1_113' title="bbox 1843 5345 3487 5426">
    <p class='ocr_par' dir='ltr' id='par_1_113' title="bbox 1843 5345 3487 5426">
     <span class='ocr_line' id='line_1_113' title="bbox 1843 5345 3487 5426; baseline -0.009 -15"><span class='ocrx_word' id='word_1_790' title='bbox 1843 5356 1976 5411; x_wconf 89' lang='lat' dir='ltr'><strong>dem</strong></span> <span class='ocrx_word' id='word_1_791' title='bbox 2009 5371 2328 5426; x_wconf 82' lang='lat' dir='ltr'><strong>exsurgens</strong></span> <span class='ocrx_word' id='word_1_792' title='bbox 2361 5353 2701 5425; x_wconf 87' lang='lat' dir='ltr'><strong>synodoque</strong></span> <span class='ocrx_word' id='word_1_793' title='bbox 2732 5352 3015 5408; x_wconf 84' lang='lat' dir='ltr'><strong>excedens</strong></span> <span class='ocrx_word' id='word_1_794' title='bbox 3047 5363 3295 5418; x_wconf 88' lang='lat' dir='ltr'><strong>magnus</strong></span> <span class='ocrx_word' id='word_1_795' title='bbox 3326 5345 3487 5415; x_wconf 83' lang='lat' dir='ltr'><strong>logo-</strong></span> 
     </span>
    </p>
   </div>
   <div class='ocr_carea' id='block_1_114' title="bbox 1839 5430 3487 5513">
    <p class='ocr_par' dir='ltr' id='par_1_114' title="bbox 1839 5430 3487 5513">
     <span class='ocr_line' id='line_1_114' title="bbox 1839 5430 3487 5513; baseline -0.009 -14"><span class='ocrx_word' id='word_1_796' title='bbox 1839 5443 2002 5500; x_wconf 89' lang='lat' dir='ltr'><strong>theta</strong></span> <span class='ocrx_word' id='word_1_797' title='bbox 2049 5442 2367 5501; x_wconf 74' lang='lat' dir='ltr'><strong>diceretzu</strong></span> <span class='ocrx_word' id='word_1_798' title='bbox 2402 5440 2833 5513; x_wconf 84' lang='lat' dir='ltr'><strong>Cbartophylax</strong></span> <span class='ocrx_word' id='word_1_799' title='bbox 2884 5438 3174 5511; x_wconf 89' lang='lat' dir='ltr'><strong>synodum</strong></span> <span class='ocrx_word' id='word_1_800' title='bbox 3222 5431 3333 5489; x_wconf 91' lang='lat' dir='ltr'><strong>sibi</strong></span> <span class='ocrx_word' id='word_1_801' title='bbox 3382 5430 3487 5486; x_wconf 91' lang='lat' dir='ltr'><strong>ob-</strong></span> 
     </span>
    </p>
   </div>
   <div class='ocr_carea' id='block_1_115' title="bbox 1840 5518 3485 5603">
    <p class='ocr_par' dir='ltr' id='par_1_115' title="bbox 1840 5518 3485 5603">
     <span class='ocr_line' id='line_1_115' title="bbox 1840 5518 3485 5603; baseline -0.008 -15"><span class='ocrx_word' id='word_1_802' title='bbox 1840 5534 2073 5590; x_wconf 83' lang='lat' dir='ltr'><strong>noxiam</strong></span> <span class='ocrx_word' id='word_1_803' title='bbox 2106 5549 2249 5589; x_wconf 89' lang='lat' dir='ltr'><strong>naso</strong></span> <span class='ocrx_word' id='word_1_804' title='bbox 2281 5547 2397 5603; x_wconf 88' lang='lat' dir='ltr'><strong>quo</strong></span> <span class='ocrx_word' id='word_1_805' title='bbox 2428 5530 2553 5587; x_wconf 87' lang='lat' dir='ltr'><strong>vult</strong></span> <span class='ocrx_word' id='word_1_806' title='bbox 2592 5530 2798 5598; x_wconf 85' lang='lat' dir='ltr'><strong>trahit;</strong></span> <span class='ocrx_word' id='word_1_807' title='bbox 2834 5530 2987 5585; x_wconf 91' lang='lat' dir='ltr'><strong>unde</strong></span> <span class='ocrx_word' id='word_1_808' title='bbox 3018 5541 3153 5580; x_wconf 88' lang='lat' dir='ltr'><strong>cum</strong></span> <span class='ocrx_word' id='word_1_809' title='bbox 3191 5520 3285 5577; x_wconf 89' lang='lat' dir='ltr'><strong>hic</strong></span> <span class='ocrx_word' id='word_1_810' title='bbox 3316 5518 3485 5575; x_wconf 87' lang='lat' dir='ltr'><strong>nobis</strong></span> 
     </span>
    </p>
   </div>
   <div class='ocr_carea' id='block_1_116' title="bbox 1836 5606 3483 5690">
    <p class='ocr_par' dir='ltr' id='par_1_116' title="bbox 1836 5606 3483 5690">
     <span class='ocr_line' id='line_1_116' title="bbox 1836 5606 3483 5690; baseline -0.008 -14"><span class='ocrx_word' id='word_1_811' title='bbox 1836 5636 1953 5678; x_wconf 90' lang='lat' dir='ltr'><strong>non</strong></span> <span class='ocrx_word' id='word_1_812' title='bbox 1974 5622 2119 5680; x_wconf 88' lang='lat' dir='ltr'><strong>satis</strong></span> <span class='ocrx_word' id='word_1_813' title='bbox 2141 5624 2367 5679; x_wconf 89' lang='lat' dir='ltr'><strong>constet</strong></span> <span class='ocrx_word' id='word_1_814' title='bbox 2399 5618 2539 5690; x_wconf 89' lang='lat' dir='ltr'><strong>quid</strong></span> <span class='ocrx_word' id='word_1_815' title='bbox 2554 5615 2745 5674; x_wconf 82' lang='lat' dir='ltr'><strong>facere</strong></span> <span class='ocrx_word' id='word_1_816' title='bbox 2776 5611 3123 5689; x_wconf 85' lang='lat' dir='ltr'><strong>oporteat,id</strong></span> <span class='ocrx_word' id='word_1_817' title='bbox 3154 5606 3483 5681; x_wconf 84' lang='lat' dir='ltr'><strong>quaesituri,</strong></span> 
     </span>
    </p>
   </div>
  </div>
