4002 6198
443 313 545 370 831

1754 295 2057 352 GEORGII
2096 298 2560 354 PACHYMERE
3673 302 3754 357 83?.

445 439 543 494 τὸν
575 433 736 508 μέγαν
773 412 1069 502 λογοοὲτην
1098 422 1221 479 τότε
1239 421 1688 499 καταφερόμενον
1717 425 1816 488 τῆς
1848 416 2096 490 συνόδου,
2127 421 2180 488 Α
2209 419 2402 475 αὐτίκα
2432 422 2558 485 εὐθὺ
2589 422 2768 476 ἄπεισι
2823 424 2922 476 τοῦ
2979 418 3296 487 καλοῦντος,
3347 418 3432 475 καὶ
3475 420 3582 497 πρὶν
3626 423 3760 496 ἐμω.

443 512 533 586 Ὠς
563 505 668 577 ἀπὸ
703 518 844 594 ῥινὸς
894 511 1042 570 ἔλκει
1075 515 1104 568 6
1136 509 1484 589 χαρτοσύλαξ
1512 511 1612 580 τὴν
1647 505 1892 579 σύνοδον,
1923 508 2014 562 καὶ
2042 507 2094 562 τί
2199 517 2442 579 νισθῆναι
2474 511 2785 586 κατέχεται,
2835 508 2924 564 καὶ
2975 509 3050 571 είς
3101 508 3343 586 φυλακήν
3379 510 3471 577 τὴν
3494 515 3578 564 τοῦ
3605 513 3762 584 ’Δνεμῐι

445 610 701 680 ποιητέον
752 607 855 660 οὐκ
902 602 1038 659 οἶδα.
1092 602 1277 663 Οὕτως
1325 600 1783 674 ἀποκρουσθέντες
1839 598 2098 672 ὑπὲστρε-
2201 598 2410 674 πύργου
2465 605 2582 662 τοῖς
2642 598 2875 662 Κελτοῖς
2919 598 3337 677 σωματοφύλαξι
3388 596 3664 658 δίδοται.⁹0
3692 604 3762 674 μὶν

448 699 544 777 φόν
592 718 649 752 τε
679 692 1101 771 πρὸςβασιλέα,
1135 692 1222 746 καὶ
1275 691 1308 744 ὀί
1355 683 1689 777 συμϐεϐήκει
1723 684 2094 777 ἀπήγγελλον.

445 775 578 862 Περῖ
635 784 817 860 μέντοι
874 787 970 838 τοῦ
1025 783 1142 836 καθ’
1175 779 1390 835 αὑτὸνὸ
1425 775 1777 854 χαρτοιρύλαξ
1828 775 2093 832 ὑποστελ-

446 877 703 950 λόμενος,
733 873 807 936 ὡς
843 875 918 947 μὴ
943 870 1134 941 δοκοίη
1159 869 1518 945 προσκρούειν
1549 871 1630 938 τῷ
1663 862 1900 942 βασιλεῖ,
1928 866 2101 920 ἀπελ-

451 968 557 1031 θὼν
611 958 890 1035 ἠντιϐόλει
947 963 1022 1035 μὴ
1084 959 1447 1030 ἀκαταιτιάτῳ
1504 955 1739 1029 μηνίειν.
1798 953 1970 1016 Αὐτὸς
1998 955 2097 1030 γὰρ

449 1055 673 1128 ἕτοιμος
733 1053 867 1108 εἶναι
941 1050 1028 1106 καὶ
1094 1047 1345 1126 όφφίκιον
1406 1045 1695 1109 ἀποθέσθαι
1769 1043 1860 1099 καὶ
1926 1049 2099 1098 πᾶσαν

448 1146 660 1225 ἀφεῖναι
689 1146 788 1214 τὴν
823 1141 960 1217 πρὸς
1020 1140 1176 1194 αὐτὸν
1235 1133 1526 1214 πρόσοδον,
1587 1135 1909 1196 κοινωνικὸς
1941 1131 1998 1189 δὲ
2028 1134 2101 1188 εἶ-

448 1223 632 1308 ναιτῇ
663 1230 982 1302 Ἐκκλησία,
1031 1229 1127 1284 κᾶν
1178 1223 1206 1281 ’o'
1254 1248 1306 1282 τι
1364 1225 1580 1300 πράξοι,
1617 1225 1693 1297 μὴ
1725 1224 2102 1297 παραιτεῖσθαι

448 1327 548 1394 τὴν
604 1320 870 1400 βασιλέως
917 1320 1080 1395 χάριν
1136 1317 1226 1372 καὶ
1280 1320 1466 1383 τοῦτο,
1529 1315 1606 1377 ὡς
1656 1314 1731 1386 μή
1767 1311 1974 1387 σχίζειν
2001 1314 2098 1382 τήν

451 1399 776 1482 Ἐκκλησίαν
829 1407 1047 1478 δοκοίη.
1097 1405 1163 1462 Εἴ
1211 1403 1257 1460 δ’
1307 1403 1419 1472 οὖν,
1471 1402 1735 1458 ἀλλὰκαὶ
1788 1400 1863 1464 είς
1892 1399 2098 1476 ἐξορίαν

453 1501 784 1574 πέμπεσθαι,
817 1495 1141 1574 εἷμθελητὸν
1203 1497 1291 1567 [Ρ.
1349 1494 1479 1565 257]
1533 1495 1615 1562 τῷ
1669 1490 1980 1566 κρατοῦντι,
2012 1490 2103 1544 καὶ

451 1572 599 1645 τούτ’
629 1593 766 1644 εἶναι
796 1572 1103 1661 πρόθυμος.
1143 1584 1205 1640 Ὁ
1261 1577 1442 1655 μέντοι
1474 1600 1536 1654 γε
1570 1576 1823 1654 βασιλεὺς
1874 1579 1972 1647 τήν
2001 1582 2102 1644 τῆς

458 1679 628 1755 ὀργῆς
683 1674 896 1746 ἀδοξίαν
945 1679 1025 1745 τῷ
1089 1669 1244 1740 δῆθεν
1307 1669 1440 1744 πρὸς
1513 1667 1672 1722 αὐτὸν
1727 1664 2103 1755 φιλανθρώπῳ

456 1753 824 1843 συγκρύπτων,
857 1763 1144 1834 ἀπέπεμπε
1200 1759 1338 1835 πρὸς
1391 1757 1459 1812 τά
1520 1755 1664 1811 οἷ’κοι
1711 1753 1877 1830 μηδὲν
1907 1755 2096 1812 εἷ’πών.
2130 1795 2177 1861 Β

453 1857 510 1910 Ὀ
542 1853 711 1910 δὲκαὶ
751 1854 826 1915 εἷς
883 1851 1089 1929 ἐξορίαν
1148 1849 1604 1925 κροητοιμάζετο,
1661 1847 1751 1900 καὶ
1806 1847 1873 1901 τὶ
1928 1847 2100 1902 αὑτοῦ

453 1949 533 2017 τῷ
589 1940 1005 2022 σκευοφυλακίῳ
1059 1947 1159 2010 τῆς
1207 1934 1504 2008 ἐκκλησίας
1552 1935 1815 1997 ἀνατιθεὶς
1863 1934 2100 2008 ἱματίων

454 2037 728 2110 πενιχρῶν
760 2033 936 2104 ἑαυτῴ
982 2028 1258 2106 προύνόει,
1307 2026 1398 2082 καὶ
1455 2047 1518 2102 γε
1545 2025 1673 2087 τοὺς
1728 2023 1900 2087 ῒδίους
1925 2025 2101 2102 φὲρων

457 2123 547 2179 καὶ
579 2122 764 2178 ἑαυτὸν
823 2127 902 2194 τῷ
960 2118 1180 2196 μεγάλῳ
1237 2122 1349 2190 ναῷ
1403 2115 1795 2172 κατεπίστευεν.
1853 2115 1942 2175 Ὠς
1970 2116 2098 2189 γοῦν

461 2212 560 2267 ούκ
614 2211 810 2266 ἀνυστά
867 2207 1038 2264 ἐδὸκει
1092 2209 1159 2262 τά
1209 2205 1347 2280 πρὸς
1397 2203 1598 2260 ἐκεῖνον
1645 2208 1724 2276 τῷ
1771 2200 2101 2279 βασιλεῖτῷ

458 2305 574 2372 ναῷ
629 2298 1033 2377 προσφυγόντα,
1093 2296 1310 2370 πέμψας
1356 2291 1640 2368 βασιλικὰς
1698 2289 1975 2354 συλλαϐὰς
2016 2290 2100 2345 ἒν-

443 2387 878 2463 γσεσημασμένας
919 2391 998 2459 τῷ
1044 2383 1251 2460 ἐρυθρῷ
1298 2384 1415 2458 μεθ’
1463 2385 1676 2454 ἀπάσης
1722 2381 1928 2437 ἐκεῖνον
1971 2400 2100 2454 μετ·

459 2476 705 2533 εκαλεῖτο
759 2478 950 2551 τιμῆς.
1010 2471 1112 2531 Καὶ
1169 2475 1228 2536 ὅς
1295 2474 1665 2544 καθυπήκουε,
1722 2471 1812 2526 καὶ
1870 2470 2098 2542 ἐξελθὼν

456 2692 596 2749 alibi
627 2691 1014 2748 recedimus.»
1039 2690 1125 2745 Ita
1151 2687 1371 2761 repulsi
1413 2686 1712 2744 redierunt
1741 2689 1812 2743 ad
1846 2688 2103 2758 impera-

454 2787 664 2850 torem,
695 2784 752 2837 et
794 2797 921 2853 quaa
967 2779 1334 2851 contigerant
1382 2781 1716 2834 narrarunt.
1750 2780 1822 2832 At
1869 2777 2103 2832 charto-

455 2870 673 2943 phylax
722 2870 875 2941 apud
907 2885 969 2924 se
999 2868 1380 2925 considerans
1428 2883 1542 2938 quo
1591 2870 1748 2922 statu
1789 2882 1878 2922 res
1908 2869 2105 2921 essent

459 2977 604 3030 sum,
632 2957 894 3014 contrahi
947 2957 1144 3014 animo
1177 2955 1385 3028 coepit;
1416 2961 1472 3012 et
1506 2972 1575 3011 ne
1604 2959 1819 3011 temere
1863 2954 2104 3011 lacessi-

2203 686 2253 742 ἐν
2285 688 2500 752 τούτοις
2521 691 2608 759 ἧν.

2207 844 2290 902 ιδ’*
2350 849 2425 904 Τά
2481 849 2603 921 περὶ
2665 852 2761 925 τοῦ
2805 845 3010 925 ’τόμου
3048 846 3139 925 ,ὅν
3222 844 3488 925 ἀπέστειλε
3536 849 3650 925 πρὸς
3693 851 3766 920 τὴν

2665 917 3006 991 Ἐκκλησίαν
3041 919 3068 974 6
3113 917 3381 994 βασιλεύς.

2275 1046 2335 1103 Ὁ
2367 1043 2424 1100 δὲ
2474 1044 2728 1120 βασιλεὺς
2775 1051 2893 1110 τοῖς
2947 1044 3073 1122 περὶ
3123 1045 3283 1100 αὐτὸν
3327 1041 3524 1120 λογίοις
3548 1045 3769 1120 χρησάμε·

2204 1155 2314 1204 νος,
2343 1136 2418 1189 ὧν
2454 1139 2666 1211 πρῶτοι
2721 1134 2814 1190 καὶ
2871 1136 3154 1210 κράτιστοι
3211 1134 3240 1188 ὁ
3284 1131 3639 1209 ἀρχιδιάκονος
3661 1135 3772 1190 καὶὸ

2204 1223 2763 1300 πρωταποστολάριος
2818 1226 2978 1296 ἦσαν,
3039 1224 3316 1294 συντίθησι
3369 1221 3527 1296 τόμδν
3578 1223 3655 1278 καὶ
3695 1223 3772 1281 ἀπὸ

2208 1311 2480 1391 διαφόρων
2511 1314 2765 1388 ἱστοριῶν
2824 1335 2883 1370 τε
2937 1314 3026 1368 καὶ
3088 1314 3338 1388 χρὴσεων
3397 1311 3702 1367 ἀκαταιτὶατα
3727 1314 3775 1368 τὰ

2205 1405 2340 1458 κατά
2368 1403 2504 1466 τοὺς
2559 1402 2806 1466 Ἰταλοὺς
2863 1407 3120 1478 παριστᾷ,
3178 1401 3269 1456 καὶ
3323 1401 3530 1475 πέμψας
3575 1400 3690 1475 πρὸς
3710 1402 3775 1456 τὸν

2205 1493 2557 1569 πατριάρχην
2611 1493 2702 1548 τὸν
2761 1493 3060 1551 Ἀκαπνὶου
3120 1492 3419 1568 Ἀρσὲνιον,
3475 1487 3624 1560 ἄνδρα
3661 1511 3776 1564 vepa-

2209 1582 2299 1658 ρὸν
2339 1583 2432 1656 μὶν
2462 1582 2553 1636 καὶ
2603 1581 2814 1656 τίμιον,
2872 1583 2940 1636 τὰ
2997 1579 3054 1636 δὲ
3109 1601 3175 1656 γε
3230 1581 3342 1636 κατ’
3377 1579 3541 1635 ἐκεῖνα
3565 1579 3622 1634 τά
3643 1581 3778 1653 πρὶγ-

2212 1691 2353 1745 ματα
2401 1669 2483 1725 ἐπ’
2533 1672 2870 1750 ἀμφοτέραις
2917 1668 3242 1746 χωλεύοντα
3269 1675 3389 1734 ταῖς
3429 1667 3640 1744 ἰγνύαις,
3665 1665 3776 1738 δέξα-

2207 1771 2329 1824 σθαι
2378 1758 2571 1832 μηνύει
2616 1757 2772 1816 τόνδε
2809 1760 2900 1814 τὸν
2951 1757 3125 1833 τόμον
3172 1758 3264 1814 καὶ
3312 1758 3486 1813 κοινὸν
3513 1758 3634 1831 πρὸς
3655 1761 3780 1812 ταῦτα

2205 1847 2297 1903 τὸν
2330 1847 2612 1924 ἀπόλογον
2663 1846 2969 1924 σχεδιάσαι,
3024 1845 3173 1917 πλὴν
3221 1847 3273 1918 ἐξ
3316 1849 3555 1921 ἱστοριῶν
3589 1847 3663 1900 καὶ
3688 1865 3782 1920 γρα-

2208 1941 2381 2014 φικῶν
2417 1940 2695 2014 χρήσεων.
2750 1961 2778 1989 ‹‹
2811 1938 2889 1995 Τὸ
2936 1936 3038 2012 γὰρ
3089 1936 3197 1992 ἀπὸ
3249 1935 3458 1997 κοιλίας
3486 1940 3655 2013 φωνεῖν
3674 1934 3782 1989 ἀσθε-

2208 2026 2296 2087 νὶς
2331 2026 2425 2098 μὶν
2459 2023 2648 2089 ἄλλως
2689 2027 2780 2081 καὶ
2827 2026 3054 2100 μάταιον
3083 2045 3097 2059 °
3141 2023 3296 2095 πλὴν
3327 2023 3373 2079 δ’
3401 2023 3522 2080 ἀλλ’
3543 2021 3640 2079 οὐδ’
3663 2024 3784 2085 αὐτὸς

2210 2111 2452 2187 δέξομαι.
2487 2115 2785 2177 »Ἐκεῖνος
2831 2115 2926 2188 μὲν
2979 2113 3121 2170 οὕτω
3168 2117 3362 2184 ταῦτα,
3412 2112 3606 2190 θαρρῶν
3630 2113 3690 2174 ὡς
3716 2111 3784 2166 οὐκ

2209 2199 2536 2258 ἀποδύσεταί
2565 2225 2649 2266 τις
2699 2203 2837 2274 πρὸς
2893 2205 2960 2258 τὰ
3016 2205 3328 2281 γραφέντα⁶
3385 2203 3474 2258 τὸν
3516 2200 3604 2277 γὰρ
3637 2221 3788 2277 lapso-

2211 2290 2428 2366 φύλακα
2467 2291 2518 2347 ἐν
2572 2290 2906 2372 ἀφυλάκτοις
2952 2292 3121 2368 εἶχεν,
3172 2291 3232 2348 ἐν
3282 2293 3328 2364 ᾧ
3375 2290 3598 2347 σαλεύειν
3628 2291 3721 2364 εἶχε
3738 2293 3785 2344 τὰ

2209 2379 2402 2452 πάντα,
2434 2383 2677 2452 νικήσειν
2711 2381 2771 2437 ἐκ
2819 2379 3004 2457 λόγων
3053 2379 3212 2454 ᾤετο.
3270 2378 3425 2438 Ἀλλ’
3455 2381 3482 2436 ὁ
3504 2380 3786 2456 πατριάρχης

2211 2467 2302 2523 σὺν
2334 2476 2401 2540 τῆ
2437 2467 2647 2544 συνόδῳ
2694 2469 2819 2548 περὶ
2868 2475 2966 2526 τοῖ’)
3015 2469 3190 2545 τόμου
3242 2468 3661 2545 διασκεψάμενοι,
3685 2468 3786 2538 πέμ·

2254 2686 2341 2740 Ut.
2375 2687 2449 2742 De
2475 2686 2678 2755 scripto
2707 2685 2848 2757 quod
2884 2685 3041 2742 misit
3069 2686 3140 2742 ad
3169 2685 3476 2743 Ecclesium
3501 2687 3764 2755 imperator.

2284 2777 2352 2830 At
2369 2774 3033 2848 imperatoreruditione
3049 2792 3192 2832 usus
3208 2777 3515 2832 doctorum
3530 2774 3790 2835 hominum,

2213 2881 2359 2935 quos
2390 2865 2546 2921 circa
2575 2881 2638 2921 se
2669 2870 2938 2921 auctores
2982 2866 3405 2938 adjutoresque
3434 2865 3598 2938 huius
3631 2859 3790 2933 negotii

2214 2953 2488 3020 habebat,
2507 2970 2757 3025 quorum
2787 2953 2963 3025 primi
2983 2954 3496 3026 valentissimique
3514 2957 3659 3010 erant
3676 2950 3792 3024 prius

453 3050 608 3105 visse
640 3049 1052 3122 imperatorem
1083 3052 1256 3117 atque
1285 3046 1343 3102 in
1377 3047 1506 3118 ejus
1536 3045 1915 3102 offensionem
1949 3045 2102 3101 378
2143 3115 2178 3122 _
2215 3043 2521 3098 memorati
2557 3042 3009 3100 archidiaconus
3047 3047 3106 3100 et
3144 3043 3664 3116 protapostolarius,
3689 3039 3790 3095 serio

453 3137 608 3194 ultro
666 3115 965 3194 incurrere
1013 3115 1329 3206 videretur,
1363 3115 1497 3192 eum
1553 3135 1758 3192 adiens
1812 3139 1978 3208 rogat
2033 3151 2106 3191 ne
2136 3115 2179 3180 (ἶ
2219 3136 2384 3204 ptum
2418 3131 2751 3204 composuit
2788 3149 2858 3188 ex
2903 3132 3080 3189 variis
3130 3115 3471 3190 conteatum
3515 3129 3792 3188 historiiset

452 3227 566 3282 sibi
599 3227 897 3283 innocenti
939 3227 1246 3282 irascatur.
1279 3225 1424 3281 Nam
1459 3241 1521 3281 se
1553 3229 1824 3297 paratum
1856 3240 1985 3280 esse
2011 3223 2101 3280 vel

456 3315 528 3370 ad
576 3314 834 3370 officium
887 3314 1301 3381 abdicandum,
1332 3313 1911 3384 renuntiandumque
1941 3328 2103 3367 emo-

387 3435 392 3442 ~
457 3402 742 3458 iumentis
782 3406 838 3457 et
892 3402 1270 3474 proventibus
1303 3419 1428 3473 quas
1480 3402 1614 3457 inde
1664 3401 2003 3473 perciperet.
2033 3404 2104 3456 Se

459 3492 696 3562 quidem
730 3507 860 3546 esse
891 3492 962 3546 de
1011 3490 1150 3547 cleri
1201 3507 1441 3564 corpore
1473 3507 1486 3547 :
1522 3495 1718 3546 tamen
1753 3507 2105 3562 quocunque

459 3584 616 3636 statu
649 3580 746 3650 sit,
777 3597 893 3636 non
929 3595 1200 3636 recusare
1245 3580 1614 3651 imperatoris
1661 3580 1930 3651 gratiam,
1961 3579 2104 3652 quin

459 3669 658 3742 magni
693 3671 878 3727 facere
908 3687 974 3726 ac
996 3669 1104 3725 sibi
1133 3671 1356 3725 ambire
1387 3669 1578 3742 ipsius
1602 3668 1871 3726 Ecclesiae
1904 3687 2103 3736 causa,

457 3775 530 3815 ne
561 3758 827 3816 scindere
877 3759 1066 3831 ipsam
1099 3759 1283 3817 videri
1327 3763 1544 3831 posset.
1580 3757 1797 3824 Quodsi
1828 3759 2015 3831 gratia
2045 3775 2106 3815 so

457 3848 770 3922 indignum
823 3849 1143 3922 imperator
1190 3865 1300 3905 sua
1351 3849 1626 3920 judicans
1675 3849 1992 3904 amandare
2045 3847 2104 3904 in

460 3938 732 3995 exsilium
764 3937 956 4006 vellet,
984 3938 1160 3995 etiam
1195 3939 1266 3994 ad
1298 3943 1528 3994 tantum
1563 3936 1698 3994 mali
1733 3937 2105 3994 subeundum

460 4045 524 4084 se
573 4031 910 4101 promptum
967 4028 1255 4086 exhibere.
1306 4028 1436 4084 Hauc
1493 4027 1815 4100 imperator
1861 4028 2107 4083 audiens

458 4118 606 4173 iram
639 4118 875 4190 penitus
903 4119 1095 4174 animo
1127 4123 1465 4190 conceptam
1499 4117 1612 4173 sibi
1645 4117 1913 4174 dedecori
1945 4118 2106 4172 futu-

461 4223 611 4276 ram,
645 4206 695 4262 si
741 4207 1107 4279 proderetur,
1140 4212 1324 4276 ratus,
1359 4207 1555 4262 fucata
1601 4206 2016 4263 benevolentiae
2045 4206 2105 4262 in

460 4292 713 4348 Veceum
738 4295 930 4364 specie
951 4295 1274 4362 occultans,
1295 4296 1523 4351 remisit
1543 4295 1843 4351 hominem
1867 4297 2106 4351 domum

461 4379 625 4437 nullo
650 4383 827 4438 verbo
859 4383 1079 4441 addito.
1113 4389 1186 4440 At
1216 4384 1313 4440 ille
1343 4385 1399 4440 in
1433 4384 1704 4440 exsilium
1753 4401 1815 4441 se
1865 4401 2106 4457 compa-

2215 3220 2594 3292 testimoniis,
2645 3221 2863 3294 quibus
2892 3222 3304 3280 demonstrare
3352 3224 3646 3280 conabatur
3681 3217 3789 3274 819

2215 3309 2438 3366 nullam
2464 3310 2659 3367 inesse
2690 3311 2916 3367 Latinis
2948 3319 3244 3370 haereseos
3276 3312 3483 3369 labem.
3509 3312 3610 3368 Hoc
3635 3303 3790 3364 deferri

2215 3417 2249 3455 a
2295 3417 2360 3456 se
2411 3400 2636 3457 curavit
2683 3400 2754 3456 ad
2796 3400 3193 3472 patriarcham
3248 3419 3428 3458 manu
3477 3398 3677 3458 Arsenii
3718 3393 3789 3449 ﬁlii

2216 3491 2482 3564 Acapnii,
2524 3489 2634 3546 viri
2691 3490 2883 3563 gravis
2930 3495 2986 3548 et
3037 3491 3337 3562 honorati,
3373 3492 3469 3548 sed
3517 3491 3650 3546 circa
3685 3487 3789 3542 istas

2217 3581 2644 3637 controversias
2701 3580 2760 3636 in
2820 3585 3153 3652 utramque,
3207 3583 3364 3654 quod
3422 3581 3596 3642 aiunt,
3641 3575 3790 3632 tibiam

2217 3669 2626 3726 claudioantis.
2659 3671 2766 3725 Hic
2797 3669 3143 3741 patriarchae
3175 3669 3451 3726 volumen
3483 3669 3700 3724 reddens
3721 3662 3792 3718 ad-

2218 3757 2700 3822 diditimandare
2751 3758 3171 3830 imperatorem
3220 3765 3290 3816 ut
3336 3759 3480 3815 illud
3528 3757 3678 3830 legat,
3701 3756 3742 3807 et
3761 3750 3796 3804 si

2217 3848 2354 3918 quid
2397 3847 2608 3904 deinde
2655 3847 2896 3904 haberet
2943 3850 3099 3921 quod
3132 3849 3228 3905 bis
3261 3851 3570 3922 apponeret
3611 3845 3671 3900 ad
3712 3855 3792 3896 sua

2216 3938 2518 3994 sententias
2577 3938 3000 4006 defensionem,
3057 3939 3358 3995 contrario
3407 3937 3463 3993 id
3497 3930 3794 4008 apologatico

2199 4027 2434 4099 scripto
2479 4026 2984 4100 complecteretur.
3017 4029 3304 4084 Caeterum
3337 4028 3550 4082 videret
3592 4029 3646 4079 ut
3682 4020 3724 4074 in
3748 4030 3794 4070 eo

2217 4116 2363 4172 nihil
2393 4115 2677 4189 allegaret
2705 4117 2819 4173 nisi
2851 4134 2920 4174 ex
2952 4117 3220 4190 probatis
3259 4123 3318 4174 et
3362 4115 3495 4172 fidei
3524 4130 3626 4170 non
3654 4107 3795 4165 dubie

2214 4205 2479 4262 historiis
2513 4206 2940 4280 sententiisque
2969 4206 3324 4263 idoneorum
3357 4210 3673 4263 auctorum:
3697 4209 3793 4253 nam

2216 4294 2564 4351 auctoritate
2615 4297 2854 4367 propria
2883 4300 2941 4351 et
2970 4296 3140 4368 quasi
3173 4295 3534 4370 Pythoniseaa
3578 4293 3730 4346 instar
3749 4300 3796 4338 ex

2213 4389 2415 4441 ventre
2446 4383 2608 4456 loqui
2641 4385 2944 4440 infirmum
2977 4387 3048 4441 ad
3083 4385 3262 4442 fidem
3296 4391 3356 4442 et
3385 4399 3588 4439 vanum
3619 4380 3736 4442 fore;
3760 4376 3799 4426 et

459 4470 646 4526 rabat.
681 4472 748 4527 Et
778 4489 886 4528 sua
917 4472 1191 4529 familiari
1241 4473 1626 4546 supellectile,
1657 4479 1896 4546 excepto
1927 4490 2101 4545 quem
2134 4479 2185 4543 ι)
2223 4475 2440 4530 diserte
2470 4474 2588 4544 iam
2639 4489 2795 4530 nunc
2847 4473 3108 4546 profiteri
3156 4475 3495 4546 Augustum
3536 4485 3610 4538 se,
3639 4465 3679 4523 si
3701 4459 3800 4534 quid

457 4557 594 4614 inde
633 4559 743 4614 sibi
779 4561 847 4615 ad
885 4565 1228 4631 praesentem
1262 4561 1515 4632 providit
1553 4577 1727 4616 usum
1759 4561 2106 4634 paupertino

459 4647 693 4714 vestitu,
727 4647 784 4704 in
823 4650 1122 4721 apothecis
1153 4649 1408 4706 ecclesia:
1451 4649 1736 4723 deposita,
1771 4651 1896 4722 ipse
1924 4651 2105 4706 obso-

459 4735 576 4792 leta
603 4741 763 4792 veste
791 4754 925 4793 eum
961 4739 1084 4794 suis
1115 4738 1276 4810 asylo
1317 4739 1511 4811 magni
1539 4739 1738 4812 templi
1771 4755 1833 4796 se
1863 4741 2108 4796 commi-

460 4825 559 4882 sit.
585 4829 708 4892 Quo
738 4826 1058 4899 imperator
1088 4832 1406 4900 comperto,
1439 4828 1594 4884 haud
1643 4846 1705 4885 se
1747 4830 1872 4901 jam
1903 4829 2108 4886 videns

457 4916 736 4986 perficere
768 4933 939 4988 posse
971 4933 1098 4988 quis
1139 4917 1434 4990 cogitabat
1482 4923 1718 4991 propter
1763 4918 2105 4991 religionem

457 5001 572 5058 loci
629 5003 781 5060 sacri
840 5021 955 5076 quo
985 5005 1210 5062 Veccus
1267 5007 1630 5079 confugerat,
1683 5007 1884 5064 missis
1931 5008 2107 5080 regiis

452 5091 668 5149 litteris
702 5095 936 5150 rubrica
986 5094 1344 5167 insignibus,
1379 5097 1539 5152 omni
1570 5113 1704 5152 eum
1755 5097 1994 5153 honoris
2025 5096 2104 5152 si-

457 5182 834 5254 gnificatione
864 5185 934 5239 ad
987 5201 1048 5240 se
1076 5185 1319 5240 vocavit.
1353 5186 1468 5242 Nec
1497 5185 1596 5242 ille
1642 5186 1954 5251 recusavit,
2003 5186 2104 5241 sed

457 5273 655 5329 statim
682 5273 879 5330 exiens
911 5275 981 5330 ad
1023 5279 1329 5330 vocantem
1361 5284 1518 5332 recta
1560 5275 1857 5346 pergebat.
1888 5274 2104 5331 Verum

460 5361 808 5435 priusquam
857 5363 1288 5435 admitteretur,
1319 5364 1783 5436 comprehensus
1831 5367 1921 5419 est
1950 5368 2007 5419 et
2045 5365 2104 5418 in

459 5468 750 5508 carcerem
784 5453 965 5510 turris
1009 5457 1248 5509 Anemae
1291 5453 1626 5520 conclusus,
1658 5451 1832 5508 Celtis
1886 5451 2107 5508 satelli-

459 5541 620 5598 tibus
651 5542 1080 5600 custodiendus
1111 5543 1383 5600 traditur.
1413 5543 1481 5598 Et
1517 5540 1614 5597 hic
1651 5540 1890 5612 quidem
1919 5538 1981 5596 in
2012 5539 2106 5598 his

461 5634 604 5686 erat.

2217 4561 2334 4618 tale
2364 4563 2662 4631 offeratur,
2688 4563 2845 4618 haud
2879 4566 3282 4634 accepturum.
3305 4563 3438 4619 Haec
3459 4561 3534 4616 ita
3553 4551 3803 4614 mandabat

2214 4651 2536 4723 imperator
2585 4667 2942 4724 magnopere
2992 4653 3175 4708 fretus
3225 4652 3463 4719 invicta,
3496 4652 3556 4705 ut
3597 4641 3803 4720 putabat.

2216 4740 2510 4797 soliditate
2537 4741 2744 4813 scripti
2763 4759 2777 4810 ;
2811 4757 2917 4798 nec
2963 4745 3180 4814 putans
3212 4743 3337 4798 fore
3381 4753 3625 4811 unquam
3651 4736 3704 4788 ut
3725 4727 3804 4784 ali-

2217 4829 2356 4901 quid
2381 4829 2778 4902 plausibiliter
2798 4829 2986 4902 excipi
3009 4835 3210 4887 contra
3227 4830 3377 4886 illud
3401 4830 3604 4902 posset,
3619 4819 3801 4883 maxim.

2218 4935 2354 4976 cum
2397 4935 2644 4974 securus
2686 4920 2812 4990 jam
2861 4923 3018 4975 esset
3065 4937 3100 4975 a
3146 4917 3604 4990 ehartopbylace,
3635 4914 3683 4966 in
3718 4921 3801 4978 quo

2218 5008 2423 5080 utique
2451 5009 2636 5080 partis
2667 5007 2967 5063 contrarie
3013 5024 3147 5080 spes
3176 5007 3456 5063 universa
3483 5001 3738 5078 penderet,
3762 4995 3801 5047 εί

2217 5113 2251 5152 a
2280 5114 2397 5168 quo
2427 5096 2698 5154 videlicet
2741 5114 2856 5153 uno
2895 5097 3027 5168 jure
3058 5097 3252 5152 timeri
3288 5095 3508 5168 aliquid
3537 5093 3588 5147 in
3619 5091 3709 5145 hoc
3730 5098 3800 5154 ge-

2217 5203 2352 5243 nere
2380 5185 2640 5259 potuisse
2670 5186 2997 5242 videbatur.
3031 5188 3239 5259 Itaque
3286 5187 3400 5242 sibi
3440 5186 3587 5241 certo
3615 5187 3796 5252 persua-

2217 5280 2373 5332 serat
2410 5293 2472 5332 se
2514 5276 2844 5333 rationibus
2894 5280 2952 5332 et
2999 5275 3457 5333 auctoritatibus
3503 5271 3595 5327 illo
3635 5263 3797 5332 scripto

2215 5365 2484 5437 allegatis
2516 5365 2690 5438 plane
2722 5381 2963 5422 causam
2987 5365 3342 5422 evicturum.
3374 5357 3680 5419 Patriareha
3700 5363 3796 5438 verti

2217 5436 2460 5510 consilio
2490 5436 2690 5512 habito
2721 5471 2857 5512 cum
2907 5455 3129 5527 synodo
3177 5455 3254 5510 de
3303 5471 3370 5511 eo
3419 5449 3565 5525 quod
3610 5445 3734 5502 circa
3755 5436 3794 5493 id

2216 5542 2500 5616 scriptum
2550 5545 2646 5618 agi
2694 5547 3009 5618 oporteret,
3038 5542 3480 5616 congregant”ll
3509 5532 3702 5626 Ρῑὲίδνίί

2216 5615 2367 5706 quos
2415 5615 2659 5692 suarum
2715 5615 2846 5692 esse
2899 5615 3173 5707 partium,
3215 5615 3506 5690 credebat.
3557 5623 3708 5684 Erant
3746 5615 3791 5672 hi
