3912 6192
210 329 300 387 833
1242 331 1341 387 ua
1376 326 1751 385 menaeus
1787 318 2233 385 PMOLOGO
2267 280 2419 383 LIB;
2443 332 2512 386 v.

3458 338 3567 395 834

210 454 376 525 ψαντες
430 455 650 525 συνῆγον
703 447 830 513 τοὺς
902 451 1018 524 μετ’
1074 451 1237 507 αὐτὸν
1297 452 1427 506 εἶναι
1482 447 1801 510 δοκοῦντας.
1835 449 1888 516 Α
1919 445 2046 510 λεὺς
2105 445 2388 523 δεξάμενος
2427 452 2517 507 τὸν
2568 453 2845 531 ἀπόλογον
2904 456 2993 511 καὶ
3050 452 3290 532 ἀκριϐῶς
3335 457 3563 521 διελθὼν

206 542 350 597 Ἦσαν
403 536 488 593 οὖν
536 539 623 593 καὶ
674 537 798 593 ὅσον
852 539 916 593 τὸ
966 545 1068 610 τῆς
1126 537 1456 610 Ἐκκλησίας
1516 536 1805 611 ἔκκριτον.

204 632 222 649 σ
404 627 416 644 κ
451 648 463 657 _
523 626 535 644 κ
730 648 749 657 ,
790 628 803 647 \
906 627 921 648 \
1574 629 1585 649 ν

226 632 344 684 Ησαν
375 624 426 681 δε
455 647 537 680 και
582 627 633 680 οἱ
686 647 805 701 περι
866 648 956 682 τον
1015 627 1512 703 Τερνικικόπουλον
1591 624 1808 682 Ιωαννί-

200 737 336 783 χιον,
391 716 702 789 σχιζόμενοι
763 716 857 788 μὲν
918 720 1015 770 τοῦ
1067 718 1414 793 πατριάρχου
1472 720 1805 793 περιφανῶς,

203 805 329 877 ὅμως
357 802 410 859 δὲ
436 810 531 873 τῆς
578 806 768 879 χρείας
795 804 1075 877 καλούσης
1111 808 1192 879 [Ρ.
1224 809 1351 880 258]
1381 808 1449 861 τὰ
1475 813 1575 876 τῆς
1613 825 1807 880 μικροο

196 892 369 967 ψυχίας
400 891 599 961 ἐκείνης
630 894 815 968 χώραν
850 892 950 948 οὐκ
970 894 1143 969 εἶχον.
1171 896 1276 949 Σὺν
1300 895 1516 958 τούτοις
1541 892 1804 969 δὲζπαρῆν

195 984 265 1036 καὶ
316 984 348 1050 ἡ
400 986 491 1035 τοῖ’)
545 981 812 1057 βασιλέως
872 980 1181 1059 αὐταδὲλφη
1245 982 1504 1061 Εὐλογία,
1564 983 1655 1038 καὶ
1705 988 1805 1037 πᾶν

194 1073 297 1127 ὅσον
325 1070 385 1140 ἦν
433 1072 545 1144 μετ’
577 1072 760 1134 αὐτοῖς
790 1071 841 1127 ἐν
879 1078 1148 1147 μοναχοῖς
1187 1072 1276 1127 καὶ
1312 1071 1523 1150 λογίοις
1567 1072 1808 1146 ἐξεταζό-

194 1182 347 1233 μενον.
379 1161 470 1221 Οἷς
517 1161 716 1215 σκοπὸν
775 1163 854 1225 εἷς
906 1162 972 1232 ἦν
1014 1161 1152 1236 πρὸς
1183 1162 1274 1218 τὸν
1303 1161 1473 1237 τόμον
1508 1160 1807 1237 ἀπολογεῖ-

190 1259 291 1311 σθαι
320 1252 390 1318 τῷ
421 1247 653 1321 βασιλεῖ.
709 1248 809 1303 Καὶ
841 1246 909 1319 δὴ
944 1250 1334 1324 ἀνεγινώσκετο
1383 1252 1477 1324 μὶν
1539 1252 1566 1305 6
1612 1249 1804 1323 τόμος,

188 1336 335 1399 ἄλλος
364 1334 408 1391 δ’
437 1336 576 1392 ἄλλο
618 1360 670 1392 τι
702 1338 838 1415 πρὸς
862 1340 926 1394 τὸ
956 1339 1237 1409 παρεστὼς
1282 1346 1398 1403 τοῖς
1426 1339 1807 1415 προκειμένοις

188 1424 448 1502 ἀντέλεγεν.
512 1428 661 1482 Ἐπεὶ
696 1424 754 1482 δὲ
782 1428 873 1483 καὶ
920 1430 1083 1504 χρεία
1110 1429 1178 1499 ἧν
1229 1432 1647 1504 συμφρασθῆναι
1677 1430 1805 1492 τοὺς

187 1515 358 1589 λόγους
409 1515 497 1570 καὶ
551 1517 631 1580 εἰς
677 1514 770 1572 ἕνα
828 1520 1248 1589 συντεθήσεσθαι
1294 1520 1490 1593 τόμον,
1540 1519 1630 1575 καὶ
1680 1518 1807 1589 ἐζη-

185 1609 305 1658 τεῖτο
360 1605 387 1658 6
439 1606 866 1679 συνθησόμενος,
929 1605 1217 1682 ἀνεδέχετο
1287 1608 1381 1681 μὲν
1439 1608 1502 1663 τὸ
1560 1608 1717 1683 ἔργον
1779 1608 1807 1662 6

186 1692 388 1763 Ἰασίτης
444 1690 591 1766 Ἰὼϐ,
647 1697 761 1771 εἶχε
821 1695 878 1751 δὲ
927 1696 1018 1751 καὶ
1079 1695 1285 1760 ἄλλους
1342 1698 1433 1753 καὶ
1470 1696 1682 1771 μᾶλλον
1713 1697 1805 1752 τὸν

186 1783 461 1861 συγγραφέα
484 1788 595 1838 τῶν
646 1784 910 1840 τοιούτων
945 1784 1042 1858 ἐμὲ
1070 1790 1180 1841 τῶν
1213 1786 1433 1841 ἐννοιῶν
1487 1786 1802 1857 συλλήπτο-
1837 1815 1880 1881 Β

182 1892 279 1945 ρας.
328 1872 424 1929 Καὶ
485 1874 606 1945 μετ’
665 1873 725 1928 οὐ
780 1872 924 1929 πολὺ
979 1876 1006 1928 ὁ
1062 1874 1235 1947 τόμος
1279 1876 1606 1951 ἐξείργαστο,
1640 1877 1697 1931 ὃν
1733 1873 1798 1945 δὴ

180 1960 250 2014 καὶ
277 1966 457 2026 κοινῶς
484 1962 905 2037 ἀναγνωσθέντα
936 1962 1101 2019 πάλιν
1148 1970 1266 2027 τοῖς
1317 1963 1493 2033 ὅλοις,
1546 1966 1635 2020 καὶ
1677 1964 1799 2019 ὅσον

182 2050 233 2117 ἦν
281 2050 403 2124 πρὸς
456 2051 519 2105 τὸ
587 2052 995 2129 εὖσχημότερον
1064 2053 1532 2127 μεταπλασθὲντα,
1586 2055 1660 2115 ὡς
1725 2055 1799 2126 μὴ

182 2136 356 2209 λυποίη
385 2138 649 2216 σκληρῶς
681 2138 734 2196 ἔν
763 2163 903 2197 τισιν
945 2138 1088 2218 ἔχων
1140 2145 1230 2198 τὸν
1281 2141 1499 2215 ἄνακτα,
1544 2144 1659 2215 μετ⁹
1708 2142 1802 2197 αὐ-

178 2231 256 2280 τοῦ
282 2225 341 2297 δή
370 2233 465 2283 τοῦ
492 2231 782 2307 Ἀρσενίου
830 2229 1159 2305 πέμπουσιν.
1208 2234 1265 2290 Ὁ
1319 2234 1504 2305 μέντοι
1552 2254 1614 2307 γε
1649 2233 1803 2309 βασι-

178 2446 447 2506 lectissimi
488 2451 722 2524 quique
769 2468 834 2507 ac
883 2453 990 2508 flos
1039 2452 1331 2508 delibatus
1362 2452 1649 2508 Ecclesiae.
1686 2452 1801 2509 Nec

181 2538 341 2593 abfuit
389 2540 457 2595 ab
508 2556 587 2596 eo
630 2557 875 2597 numero
925 2541 1403 2613 Ternicicopolus
1458 2541 1803 2598 Joannicius

180 2642 288 2682 cum
317 2629 456 2699 suis,
488 2632 800 2702 utcunque
839 2629 922 2685 illi
965 2630 1159 2703 palam
1194 2647 1256 2687 se
1287 2649 1321 2686 a
1349 2630 1685 2704 patriarcha
1714 2647 1802 2687 se-

177 2725 513 2789 paraverunt.
578 2721 795 2777 Tamen
846 2738 1004 2777 nunc
1046 2722 1349 2780 communi
1398 2721 1654 2778 utilitate
1698 2739 1802 2778 vo-

176 2811 315 2863 cante
340 2809 612 2865 minutas
657 2808 789 2865 illas
822 2810 1175 2866 offensiones
1208 2811 1559 2877 animorum,
1595 2827 1804 2866 causas

175 2896 281 2965 ejus
315 2897 669 2969 simultatis,
703 2900 1071 2971 seponendas
1101 2900 1390 2971 tantisper
1427 2905 1803 2972 putaverunt.

176 2983 296 3040 Cum
318 2986 405 3042 his
425 2988 629 3043 adfuit
649 2992 708 3043 et
730 3004 896 3044 soror
916 2988 1288 3060 imperatoris
1311 2988 1571 3061 Eulogia,
1597 2988 1805 3045 simul-

174 3090 265 3143 que
316 3077 610 3148 quidquid
664 3077 724 3132 in
776 3076 1083 3133 monachis
1123 3082 1179 3132 et
1226 3077 1475 3134 aliorum
1531 3078 1806 3134 ordinum

175 3162 337 3220 doctis
364 3164 750 3236 laudatisque
773 3166 1116 3222 hominibus
1138 3166 1417 3222 eximium
1447 3173 1503 3223 et
1532 3172 1805 3239 spectatae

178 3249 434 3311 claritatis
468 3255 611 3311 fuit.
644 3255 798 3311 380
840 3261 1061 3311 Horum
1095 3272 1249 3311 unus
1298 3260 1423 3312 erat
1470 3256 1727 3327 animus,
1755 3264 1809 3313 et

178 3343 497 3414 conspirans
530 3345 602 3399 in
651 3344 706 3399 id
757 3346 931 3401 ardor
978 3346 1378 3415 incumbebat,
1414 3349 1477 3401 ut
1523 3346 1809 3418 scriptum

177 3431 615 3490 concinnaretur
641 3433 924 3490 volumini
965 3435 1037 3489 ab
1078 3434 1428 3506 imperatore
1459 3434 1639 3490 misso
1672 3451 1811 3489 con-

174 3522 419 3580 trarium.
442 3524 529 3579 Ad
581 3538 709 3578 eam
754 3539 877 3578 rem
909 3523 1103 3579 visum
1138 3528 1534 3595 opportunum
1568 3526 1811 3580 recitare

177 3611 377 3666 cunctis
408 3611 805 3668 audientibus
848 3611 1290 3683 imperatoriam
1333 3613 1722 3684 scripturam;
1757 3618 1813 3668 et

175 3702 227 3752 ut
253 3702 653 3773 quodcunque
681 3716 751 3756 ex
779 3700 883 3757 illa
927 3705 1104 3773 caput
1152 3702 1417 3757 auditum
1469 3706 1642 3771 esset,
1674 3719 1810 3758 con-

174 3786 317 3844 tinuo
346 3805 655 3862 quemque
688 3791 944 3862 proferre
965 3807 1088 3860 quae
1112 3790 1259 3845 forte
1290 3796 1665 3847 occurrerent
1698 3792 1812 3847 uti-

173 3874 286 3933 liter
335 3881 394 3936 in
444 3879 816 3937 contrarium
875 3879 1199 3951 alleganda.
1242 3880 1549 3951 Negotium
1601 3881 1812 3938 deinde

172 3965 461 4040 colligendi
521 3972 739 4025 cuncta
792 3972 850 4024 et
898 3970 953 4023 in
997 3985 1181 4023 unum
1232 3969 1462 4024 diversa
1510 3969 1814 4041 digerendi

169 4060 411 4130 suscepit
442 4059 520 4114 ad
583 4057 640 4112 id
687 4056 949 4114 delectus
981 4057 1189 4113 Iasites
1218 4056 1359 4125 Job;
1413 4057 1513 4129 qui
1565 4062 1622 4112 et
1668 4059 1813 4114 alios

170 4143 357 4201 habuit
413 4148 726 4217 adjutores
783 4148 1029 4219 ejusque
1087 4148 1404 4219 participes
1465 4146 1703 4216 laboris,
1752 4147 1812 4203 in

169 4234 355 4303 primis
385 4236 583 4308 hujus
612 4234 869 4291 historiae
909 4240 1229 4291 auctorem.
1266 4235 1480 4291 Omnes
1513 4235 1571 4290 hi
1604 4236 1815 4293 collata

169 4320 458 4394 diligentia
497 4325 562 4378 in
598 4322 943 4378 ordinandis
992 4322 1468 4394 collocandisque
1516 4324 1812 4380 variorum

167 4412 446 4479 sensibus,
482 4412 653 4468 brevi
694 4415 956 4484 tempore
985 4412 1259 4467 volumen
1301 4414 1699 4482 confecerunt,
1722 4414 1813 4468 id-

166 4515 262 4569 que
289 4501 707 4573 conscriptum
739 4501 798 4556 in
831 4502 1133 4558 communi
1155 4505 1302 4556 coetu
1328 4501 1556 4557 cunctis
1576 4502 1815 4557 audien-

1910 534 2026 591 ἐπεὶ
2076 534 2213 611 ἔγνω
2262 538 2460 613 πολλῷ
2510 540 2876 616 λελειμμένος
2903 551 3019 607 τοῖς
3053 545 3258 623 λόγοις,
3292 549 3379 603 καὶ
3413 551 3561 628 εἶ’πέρ

1910 622 2289 703 ἐμφανισθείη,
2344 627 2814 707 αἴτιος-αἰσχύνης
2857 633 3028 706 ἐαυτῷ
3058 635 3446 712 γενησόμενος,
3481 648 3561 713 τῷ

1911 712 2089 769 δοκεῖν
2125 716 2226 770 ὑπὸ
2257 722 2700 795 περιφρονήσεως
2734 723 2820 776 καὶ
2852 723 2915 776 οὐ
2959 723 3095 778 κατά
3125 723 3355 783 δειλίαν.
3386 728 3459 790 ὡς
3492 731 3557 799 ἦν

1910 803 2136 874 ἀληθὲς,
2171 804 2477 883 ἐπεριορᾷν,
2531 810 2883 888 ὑπερηφάνει,
2933 812 3021 867 καὶ
3074 809 3407 871 ἀνεϐάλλετο
3458 820 3557 888 τὴν

1912 894 2238 969 ἀνάγνωσιν.
2887 907 2890 910 ’

1915 1046 1993 1101 ιε’.
2024 1047 2216 1109 "Ome;
2261 1047 2289 1100 ὁ
2344 1045 2549 1132 Βξκκος
2603 1047 2679 1111 εἷς
2739 1048 2986 1132 φυλακῂν
3046 1052 3352 1130 εἶργμὲνος,
3410 1058 3563 1132 ὅμως

2394 1119 2715 1194 βιαζόμενος
2750 1119 3078 1181 κατετίθετο.

1983 1248 2169 1313 Οὕτως
2246 1252 2334 1305 οὖν
2414 1250 2824 1330 ἐκκρουσθέντες
2894 1257 2945 1310 οἳ
3002 1258 3125 1334 περὶ
3183 1260 3275 1313 τὸν
3335 1258 3561 1335 βασιλέα

1908 1345 2009 1407 τῆς
2088 1338 2463 1414 ἐγχειρήσεως
2534 1340 2723 1405 ἄλλως
2805 1341 3041 1420 ἔγνωσαν
3131 1345 3381 1402 ὑπελθεῖν
3469 1352 3560 1405 τὸν

1913 1428 2110 1483 Βέκκον
2190 1427 2242 1482 ἐν
2322 1428 2609 1505 φυλακαῖς.
2689 1434 2945 1509 Τεμέίχια
3028 1436 3128 1510 γὰρ
3207 1437 3265 1490 ἐκ
3353 1432 3560 1511 βίϐλων

1912 1515 2271 1591 συλλέγοντες
2331 1519 2514 1593 ἱερῶν,
2596 1519 2711 1575 ἐπεὶ
2770 1522 2860 1576 καὶ
2921 1521 3098 1598 λογίῳ
3155 1523 3562 1589 ἀντικαθίσταν-

1908 1627 1971 1660 το
2044 1605 2136 1660 καὶ
2209 1604 2404 1681 λόγοις
2469 1608 2538 1676 ἦν
2596 1608 2803 1685 ἀνάγκη
2879 1612 3100 1683 πείθειν,
3163 1612 3371 1689 λόγους
3428 1621 3558 1689 γοῦν

1911 1693 2104 1769 ἁγίων,
2192 1694 2308 1749 ὅσοι
2393 1697 2483 1750 καὶ
2570 1697 2700 1771 ὑπὲρ
2790 1698 3010 1754 Ἰταλῶν
3100 1699 3320 1758 ἐδόκουν
3408 1706 3559 1775 εἶναι,

1911 1782 2225 1859 προῦτεινον
2288 1784 2478 1857 ἐκείνῳ
2536 1788 2671 1841 κατὰ
2728 1788 2974 1863 φυλακὴν
3035 1788 3349 1864 καθημένῳ.
3397 1795 3461 1850 Ὀ
3505 1792 3561 1848 δὲ

1914 1869 2208 1947 λαμϐάνων
2268 1873 2357 1927 καὶ
2418 1871 2776 1949 διερχόμενος
2836 1880 2916 1949 [Ρ.
2946 1881 3072 1951 259]
3129 1881 3311 1954 ἡμέρα
3340 1903 3455 1943 πως
3485 1883 3562 1946 εἰς

1914 1962 2138 2037 εἲρήνην
2200 1961 2668 2039 συγκατεκλίνετο.
2730 1965 2833 2021 Καί
2889 1969 2936 2040 γ’
2987 1966 3195 2030 ἀπλοῦς
3229 1967 3299 2023 ὢν
3346 1972 3431 2024 καῖ
3468 1993 3560 2048 φι-

1914 2048 2166 2123 λαλήθης
2229 2052 2306 2115 εἷς
2366 2054 2502 2107 ἅπαν
2560 2058 2638 2125 τῷ
2696 2055 2789 2126 μὲν
2825 2055 2985 2128 ἁπλῷ
3016 2062 3135 2118 ταῖς
3166 2064 3397 2133 γραφαῖς
3428 2061 3561 2114 καο-

1914 2143 2180 2215 υπήγετο,
2232 2143 2396 2195 ταυτό
2452 2163 2512 2219 γε
2567 2141 2794 2219 πάσχων
2854 2150 2975 2206 τοῖς
3036 2146 3352 2221 ἀποροῦσιν,
3386 2147 3435 2202 εἴ
3468 2170 3560 2222 με·

1912 2230 2076 2306 τρίως
2151 2231 2430 2305 ἀποροῖεν,
2505 2230 2932 2307 ἀπροσδοκήτως
3002 2236 3064 2289 τὸ
3126 2241 3229 2290 πᾶν
3292 2236 3563 2311 οἰομένοις

1911 2451 2189 2525 quodam,
2222 2454 2287 2506 ut
2332 2452 2514 2508 videri
2552 2452 2781 2509 volebat
2815 2471 2827 2509 :
2862 2455 2963 2510 sed
3028 2471 3164 2511 vera
3209 2473 3388 2512 causa
3435 2462 3561 2514 erat

1910 2542 2038 2612 ejus
2067 2557 2237 2597 morae
2264 2541 2645 2598 convictionis
2678 2548 2893 2613 metus,
2917 2544 3285 2617 superciliosi
3312 2547 3554 2602 obtentu

1913 2630 2136 2686 fastidii
2161 2630 2409 2686 velatus.

1960 2738 2046 2793 15.
2082 2737 2143 2795 Ut
2180 2739 2376 2792 Vcccus
2402 2754 2626 2794 carcere
2654 2739 2921 2807 detentus,
2958 2744 3008 2795 et
3038 2740 3121 2796 ibi
3147 2743 3515 2800 nihilominus

2151 2809 2501 2879 sollicitatus,
2535 2815 2804 2866 attractus
2834 2812 2896 2867 in
2922 2821 3105 2884 partes
3128 2814 3321 2884 fuerit.

1984 2896 2109 2952 Tali
2142 2897 2523 2954 consiliorum
2570 2915 2847 2955 successu
2898 2902 3172 2973 repulsus
3220 2904 3291 2957 ab
3343 2904 3562 2974 optatis

1916 2987 2235 3059 imperator
2264 2993 2322 3041 et
2353 2987 2452 3058 qui
2477 3004 2609 3043 cum
2642 3005 2709 3043 eo
2740 2990 3092 3056 sentiebant,
3117 2990 3230 3046 alia
3250 2992 3362 3046 sibi
3394 3008 3559 3062 gras-

1915 3076 2168 3131 sandum
2200 3075 2292 3130 via
2323 3079 2679 3144 statuerunt,
2716 3078 2893 3133 Vecco
2926 3077 3052 3149 ipso
3084 3079 3235 3134 intra
3267 3095 3558 3136 carcerem

1916 3165 2218 3219 tentando.
2255 3165 2796 3220 Animadvertentcs
2823 3165 2980 3221 enim
3012 3166 3334 3238 hominem,
3366 3169 3558 3241 qualis

1918 3258 2043 3308 erat
2070 3253 2312 3320 Vaccus,
2346 3254 2671 3324 sapientem
2723 3271 2789 3310 ac
2838 3256 3074 3311 doctum
3121 3272 3234 3314 non
3286 3257 3400 3313 alia
3438 3275 3563 3314 cer-

1913 3342 2032 3398 tius
2085 3345 2543 3415 expugnandum
2592 3342 2775 3398 videri
2835 3344 3109 3400 machina
3158 3362 3335 3417 quam
3386 3364 3563 3419 argu-

1917 3432 2133 3487 mentis
2172 3437 2228 3488 et
2275 3431 2633 3487 testimoniis
2680 3449 2749 3487 ex
2797 3433 3192 3489 ecclesiastica
3237 3436 3565 3492 eruditione
3614 3461 3625 3471 ’

1917 3521 2138 3594 petitis,
2190 3521 2338 3576 381
2393 3520 2445 3575 ei
2499 3522 2767 3578 custodia
2822 3522 3054 3577 detento
3105 3523 3563 3581 considerandus

1918 3610 2257 3666 oblulerunt
2303 3615 2603 3681 excerptas
2635 3610 2706 3665 ab
2740 3610 2888 3683 ipsis
2920 3628 3221 3667 sacrorum
3276 3610 3561 3669 librorum

1919 3698 2237 3754 sententias
2260 3715 2387 3770 quae
2419 3700 2758 3753 Latinorum
2792 3717 2981 3755 causae
3018 3701 3293 3756 faverent.
3326 3703 3436 3758 Eas
3467 3702 3565 3758 ille

1918 3788 1977 3843 in
2026 3804 2236 3843 manus
2286 3790 2555 3858 sumptas
2603 3791 2821 3843 attente
2869 3788 3173 3861 perlegens
3224 3791 3443 3846 sensim
3495 3794 3565 3847 ad

1920 3894 2123 3946 pacem
2157 3876 2573 3945 inclinabatur,
2609 3878 2839 3933 duabus
2893 3880 2963 3933 ad
3018 3880 3074 3933 id
3108 3880 3159 3934 ei
3192 3879 3570 3950 suffraganti-

1918 3968 2030 4022 bus
2064 3966 2323 4035 dotibus,
2355 3966 2608 4021 candore
2654 3968 2906 4037 quodam
2952 3966 3134 4021 animi
3169 3967 3281 4021 fuci
3317 3969 3568 4039 expertis

1919 4062 1976 4112 et
2008 4056 2208 4111 innato
2250 4071 2447 4110 amore
2477 4055 2759 4110 veritatis.
2792 4058 3047 4120 Quarum
3094 4073 3127 4110 a
3177 4055 3355 4126 priori
3403 4073 3565 4112 asse-

1920 4146 2091 4201 batur
2137 4151 2225 4213 ut,
2271 4161 2405 4198 cum
2454 4144 2804 4215 simpliciter
2852 4161 2917 4199 ac
2962 4144 3111 4199 citra
3158 4145 3563 4215 praejudicium

1919 4233 2385 4305 suspicionemve
2435 4234 2658 4289 fraudis
2703 4234 2773 4288 ad
2823 4234 3226 4305 cognoscenda
3256 4251 3380 4304 qum
3429 4252 3566 4306 pro—

1919 4325 2286 4396 ponebantur
2316 4323 2639 4389 accederet,
2676 4322 2841 4378 facile
2883 4323 3260 4378 induceretur
3290 4323 3569 4379 similitu-

1920 4413 2057 4469 dine
2100 4413 2256 4481 veri,
2308 4429 2522 4483 passus
2569 4411 2723 4468 idem
2776 4413 2929 4485 quod
2984 4412 3357 4467 mediocriter
3399 4413 3568 4467 dubi-

1919 4508 2113 4558 tantes
2159 4502 2371 4571 solent,
2404 4502 2504 4574 qui
2548 4502 2656 4557 levi
2688 4505 2981 4557 momento
3031 4502 3088 4556 in
3141 4505 3363 4571 partem
3396 4502 3572 4557 incli-

165 4588 308 4646 tibus
337 4590 647 4664 legerunt,
674 4606 1025 4662 unoquoque
1049 4591 1403 4647 admonente
1435 4591 1482 4646 si
1507 4592 1647 4663 quid
1683 4609 1811 4647 mu-
1849 4576 1891 4640 Ῑ)
1925 4598 2141 4647 nantur
2178 4590 2444 4661 alteram,
2468 4595 2525 4647 et
2571 4591 2671 4646 ubi
2721 4591 2809 4646 vel
2866 4590 3175 4662 paululum
3222 4591 3570 4647 imminutae

160 4680 392 4735 tandum
426 4685 542 4736 aut
575 4681 1027 4752 temperandum
1060 4684 1344 4750 censeret,
1378 4679 1435 4733 in
1470 4680 1527 4735 id
1563 4681 1813 4737 maxime

165 4768 447 4825 universis
478 4769 751 4835 intentis,
787 4786 859 4825 ne
888 4769 1213 4841 quidquam
1258 4768 1317 4823 in
1350 4784 1417 4823 eo
1446 4769 1811 4841 relinquere-

158 4859 244 4910 tur
270 4860 615 4914 aculeatum
648 4861 749 4912 aut
778 4859 1017 4928 durum,
1050 4873 1167 4929 quo
1205 4856 1529 4928 imperator
1558 4858 1813 4913 oﬂ‘ende-

159 4949 326 5003 retur.
360 4947 643 5017 Denique
673 4962 822 5018 cpus
871 4946 1179 5002 climatum
1229 4950 1519 5017 quantum
1553 4946 1698 5002 satis
1729 4952 1815 5002 est

155 5033 358 5103 visum,
395 5053 513 5109 per
562 5036 835 5091 eumdem
896 5035 1207 5092 Arsenium
1270 5036 1341 5091 ad
1399 5034 1813 5107 imperatorem

156 5124 410 5182 mittunt.
446 5128 509 5183 Is
542 5141 612 5180 eo
654 5129 887 5196 accepto
919 5130 978 5181 et
1006 5129 1227 5181 attente
1279 5125 1429 5180 lecto
1462 5124 1716 5181 multum
1751 5141 1812 5181 se

151 5213 422 5285 Opinione
454 5213 568 5269 illa
598 5214 813 5270 falsum
856 5215 1110 5287 agnovit,
1145 5231 1261 5287 qua
1294 5216 1591 5286 negotium
1626 5216 1812 5288 scrip-

153 5301 303 5359 tione
331 5321 450 5359 sua
495 5302 603 5359 illa
642 5302 933 5359 mittenda
961 5304 1161 5359 statim
1194 5304 1625 5359 conficiendum
1659 5305 1809 5359 exis-

152 5389 481 5449 timaverat.
511 5392 733 5448 Tamen
767 5392 925 5447 hunc
956 5392 1153 5464 ipsum
1186 5396 1535 5465 praesentem
1568 5409 1808 5448 sensum

152 5480 323 5536 animi
353 5481 795 5550 dissimulavit,
827 5483 1234 5548 erubescendi,
1269 5482 1316 5538 si
1351 5482 1400 5537 is
1429 5486 1808 5552 enotesceret,

147 5571 573 5627 necessitatem
604 5570 689 5625 sic
726 5572 1186 5643 praevertendum
1233 5574 1471 5643 putans.
1503 5570 1808 5630 Publicam

143 5660 525 5732 veroscripti
572 5659 749 5717 oblati
792 5659 1101 5718 lectionem
1135 5660 1440 5717 diﬂ‘erebat
1469 5664 1807 5734 contemptu

1923 4680 2342 4752 conspicantur
2371 4680 2710 4751 ambigendi
2751 4680 3030 4745 rationes,
3060 4679 3277 4750 quibus
3308 4684 3478 4735 autca
3509 4680 3568 4735 in

1924 4786 2211 4841 suspenso
2258 4768 2633 4836 tenebantur,
2666 4768 2945 4823 continuo
2999 4785 3208 4823 causas
3258 4785 3318 4823 se
3367 4773 3570 4825 nactos

1921 4859 2164 4914 idoneas
2217 4858 2325 4913 rati
2381 4857 2771 4913 dubitationis
2821 4857 3199 4928 deponendae,
3251 4861 3448 4913 tenere
3509 4875 3572 4914 se

1924 4964 2044 5003 rem
2091 4948 2281 5018 ipsam
2330 4950 2387 5001 et
2433 4945 2657 5016 liquere
2698 4948 2823 5017 jam
2874 4946 2986 5001 sibi
3044 4947 3343 5018 negotium
3403 4946 3569 5018 prius

1922 5038 2237 5093 obscurum
2271 5034 2630 5091 existimant.
2665 5040 2737 5090 At
2768 5037 2947 5092 altero
2984 5034 3085 5091 illo
3116 5036 3343 5092 sincero
3375 5036 3568 5091 studio

1924 5125 2261 5198 profitendae
2293 5125 2560 5180 veritatis
2587 5124 2920 5196 prohibitus
2942 5125 3236 5180 afﬁrmare
3265 5124 3419 5196 quod
3452 5141 3569 5178 non

1921 5220 2066 5283 erat,
2102 5231 2233 5270 cum
2275 5214 2537 5269 nondum
2583 5230 2819 5270 omnem
2851 5214 2961 5269 sibi
3007 5215 3328 5270 abstersam
3362 5212 3568 5283 caligi-

1922 5320 2056 5360 nem
2091 5303 2356 5363 sentiret.
2390 5303 2546 5358 haud
2598 5320 2740 5359 sane
2789 5302 3070 5359 simulare
3116 5302 3402 5358 sustinuit
3453 5301 3566 5355 sibi

1922 5393 2093 5466 plane
2126 5409 2254 5449 esse
2286 5397 2655 5464 perspectum
2688 5393 2743 5447 id
2779 5393 2933 5463 quod
2966 5407 3245 5464 apparere
3277 5389 3383 5460 ipsi
3416 5388 3568 5445 dun-

1920 5488 2078 5539 taxat
2109 5487 2165 5540 et
2209 5483 2401 5555 prima
2445 5482 2699 5537 blandiri
2747 5483 2941 5554 specie
2992 5484 3248 5552 coeperat
3299 5493 3311 5529 :
3365 5493 3564 5532 verum

1922 5572 2084 5628 nullo
2115 5572 2382 5627 tardatus
2423 5571 2577 5625 malo
2628 5571 2850 5641 pudore
2882 5572 3134 5641 ingenue
3184 5566 3475 5621 fatebatur
3507 5583 3569 5622 se

1920 5678 2038 5718 non
2080 5660 2270 5717 adhuc
2319 5659 2645 5716 clarissime
2692 5658 2891 5714 videre
2930 5658 3070 5729 quid
3122 5653 3354 5728 penitus
3397 5652 3458 5710 in
3509 5673 3571 5714 re
