3912 6192
405 328 510 383 835

1693 287 1989 360 GEORGII
2029 296 2491 352 PACHYMERE

3605 305 3688 362 B36

400 447 566 523 ἔχειν,
628 445 721 512 Τῷ
752 439 815 493 αὗ
847 433 1141 508 φιλαλῆθει
1174 431 1274 486 οὐκ
1302 427 1484 500 ἠδόξει
1518 427 1812 502 ὁμολογεῖν
1859 423 1932 496 μὴ
1968 420 2043 476 εί-
2075 423 2127 490 Α
2159 417 2332 523 ρότως
2364 412 2535 491 ἔχειν.
2569 415 2642 476 ὡς
2673 415 2737 470 οὗ
2767 413 3028 490 καθυφείη
3067 415 3408 520 ⁴πιστεύοντας,
3449 421 3522 476 καὶ
3559 424 3686 491 οὕτως

399 508 537 590 Sit/at
575 532 711 603 μήτε
743 527 848 599 μὴν
885 523 1151 597 ἐντυχεῖν.
1187 521 1283 574 Καὶ
1319 522 1354 588 ἡ
1401 517 1548 573 αῗτία
1598 516 1660 572 τὸ
1706 513 1788 592 ἐφ’
1833 508 2041 580 Ἕλλη·

393 600 584 682 νικαῖς-
617 615 945 692 σχολάζοντι
1002 613 1078 686 μὴ
1137 610 1303 675 θείαις
1353 611 1586 686 γραφαῖς
1640 601 1940 680 ἐγγενέσθαι
1990 600 2041 652 οἱ

395 709 786 785 ἐμμελετῆσαι.
847 703 1029 759 Θέλειν
1097 701 1278 773 μέντοι
1328 702 1415 754 καὶ
1475 695 1607 750 ῗὸεἷ)
1665 695 1759 756 τὰς
1813 686 2038 767 βίϐλους

393 801 482 856 καὶ
542 800 840 872 ἀναγνῶιαι
903 790 1320 865 ἐπιμελέστερον
1359 833 1373 858 ,
1436 785 1516 863 ἐφ’
1575 787 1620 857 ᾧ
1676 788 1754 852 τῷ
1807 785 1882 852 νῷ
1934 783 2040 833 τῶν

390 893 610 966 γραφῶν
668 885 970 960 προσέξειν,
1020 881 1111 936 καὶ
1168 878 1340 940 οὕτως
1399 877 1432 946 ἢ
1492 874 1775 928 πεισθέντα
1825 868 2038 937 ἀνάγειν

393 958 542 1054 ἔχειν
597 976 676 1031 ἐπ’
738 974 958 1033 ἐκείναις
1013 970 1076 1024 τὸ
1137 967 1336 1044 θάρρος
1391 963 1479 1018 καὶ
1535 960 1745 1037 παγίως
1794 958 2034 1020 ἵστασθαι

426 1037 463 1054 ιι.
1208 1037 1250 1044 ..

391 1069 442 1131 ἐς
501 1069 529 1122 ’ὁ
586 1087 637 1120 τι
685 1063 772 1119 καὶ
831 1059 1036 1128 κλίνοι,
1092 1058 1127 1126 ἢ
1163 1059 1236 1130 μή
1270 1055 1552 1117 πεισθέντα
1607 1050 1701 1111 τὰς
1732 1049 1906 1108 αἰτίας
1938 1045 2038 1120 ἐμ-

388 1162 569 1233 φανεῖς
629 1158 886 1228 παριστᾷν
943 1149 1010 1204 δι’
1073 1148 1136 1208 ἃς
1194 1147 1268 1219 μὴ
1319 1144 1559 1198 πείθοιτο
1598 1184 1610 1196 .
1661 1139 1813 1192 Ταῦτ’
1859 1136 2030 1213 ἔλεγε,

385 1224 476 1302 καὶ
530 1248 557 1300 ὁ
606 1224 860 1320 βασιλεὺς
913 1240 1205 1302 κατένευεν,
1262 1231 1532 1309 ἐξαγαγών
1563 1251 1622 1284 τε
1652 1235 1750 1298 τῆς
1784 1224 2032 1304 φυλακῆς

384 1338 478 1397 τὰς
515 1315 741 1410 βίϐλους
776 1329 850 1392 εἷς
902 1328 1195 1401 ἀνάγνωσιν
1229 1328 1489 1397 παρεῖχεν
1543 1319 1626 1374 ἐπῖ
1659 1315 1891 1394 σγολῆς,
1938 1317 2032 1385 Τῷ

391 1404 572 1498 μέντοι
623 1443 685 1497 γε
714 1420 1030 1495 πατριάρχῃ
1070 1413 1235 1488 μέλον
1263 1413 1327 1481 ἦν
1365 1412 1445 1488 ἐφ’
1498 1408 1704 1480 ἑκάστῳ
1732 1410 1838 1460 τῶν
1897 1404 2031 1479 πρὸς

389 1511 615 1590 βασιλέα
648 1510 1002 1586 ἀποκρίσεων,
1050 1503 1314 1579 μειζόνως
1363 1499 1472 1571 ἤδη
1528 1497 1896 1569 ἐπιτιθέμενον
1941 1493 2030 1548 καί

382 1606 432 1679 γ’
464 1606 686 1678 ἠρεμεῖν
727 1600 800 1673 μὴ
843 1597 1030 1652 ἐῶντά.

383 1749 469 1811 ις’.
527 1749 711 1804 Ὅπως
785 1743 813 1796 δ
881 1739 1227 1812 πατριάρχης
1274 1753 1660 1812 ’γνωματευων
1734 1729 2025 1806 ἐγγράφως

628 1801 810 1887 ὤμνυε
846 1814 919 1884 μὴ
965 1801 1356 1882 καταδέχεσθαι
1394 1801 1492 1872 τήν
1527 1804 1771 1879 εἷ’ρήνην.

445 1941 608 1997 Ταΰθ⁹
646 1939 785 2012 ὀρῶν
821 1937 847 1990 ὁ
885 1935 1123 2010 μοναχὸς
1174 1927 1300 1989 Ἰὼϐ
1333 1931 1591 1999 ’Ῐασίτης,
1644 1927 1732 1982 καὶ
1763 1925 1885 2000 περῖ
1920 1928 2015 1995 τὴν

371 2029 597 2106 γνώμην
661 2024 984 2103 ὁριξωδήσας
1032 2027 1128 2077 τοῦ
1187 2019 1557 2096 πατριάρχου,
1619 2018 1694 2090 μὴ
1754 2017 2014 2094 καθυιρείη

370 2105 470 2187 τῆς
528 2117 820 2178 ἐνστάσεως
871 2113 1135 2179 ἀπειπὼν,
1201 2107 1514 2184 μηχανᾶταί
1566 2129 1617 2161 τι
1649 2111 1894 2161 τοιοῦτον
1929 2105 2016 2160 ἐπὶ

369 2213 462 2280 τῷ
506 2208 603 2274 τήν
638 2206 866 2280 γνώμην
899 2207 994 2257 τοῦ
1034 2199 1378 2276 πατριάρχου
1429 2196 1691 2272 στηρίξαι.
1741 2195 2014 2249 Ὑποτίθε-

368 2318 451 2351 ται
513 2295 615 2370 γὰρ
648 2294 878 2368 γνώμην
921 2291 1140 2366 γράφειν
1191 2289 1278 2342 καὶ
1331 2285 1561 2358 πέμπειν
1607 2290 1722 2346 τοῖς
1773 2282 2013 2354 ὁπουδή-

367 2407 499 2440 ποτε
552 2379 835 2438 εὐλαϐέσιν
909 2378 1160 2453 ἀνδράσιν
1218 2377 1294 2438 εἷς
1361 2373 1746 2451 πληροφορίαν
1801 2371 1960 2444 δῆθεν
1997 2417 2012 2442 ,

367 2473 720 2546 προστιθέντα
749 2469 838 2524 καὶ
870 2467 1029 2543 ὅρκον
1064 2467 1143 2544 ἐφ’
1170 2466 1215 2537 ᾧ
1250 2465 1324 2538 μή
1377 2462 1688 2536 κλονοῖντο,
1721 2460 1848 2518 ἀλλ’
1879 2463 2012 2536 ἆρα-

368 2694 542 2756 essel,
579 2687 939 2761 negabatque
981 2683 1123 2739 satis
1155 2683 1480 2738 convictam
1513 2682 1623 2737 sibi
1659 2692 1905 2738 mentem
1939 2685 2011 2739 ad

367 2779 644 2835 ultimum
673 2775 1095 2848 expediendum
1128 2773 1198 2828 de
1229 2771 1624 2828 controversia
1653 2775 1819 2826 tanta
1841 2772 2009 2842 judi-

363 2869 541 2925 cium.
576 2868 645 2921 Et
675 2881 912 2920 causam
946 2865 1072 2934 ejus
1116 2860 1507 2917 cunctationis
1553 2875 1621 2914 ex
1667 2877 1733 2915 eo
1784 2867 2008 2933 repete-

360 2959 481 3028 bat,
515 2957 667 3030 quod
717 2955 998 3010 hactenus
1029 2951 1409 3006 saecularibus
1460 2949 1778 3022 plurimum
1815 2949 2008 3006 inten-

362 3051 459 3101 tus
494 3044 705 3100 litteris
751 3043 948 3097 minus
997 3041 1097 3096 otii
1148 3040 1447 3110 studiique
1495 3038 1792 3093 tribuisset
1828 3055 2005 3093 sacra;

363 3137 716 3207 scriptorum
770 3131 968 3186 divina
1016 3128 1396 3184 tractantium
1459 3127 1771 3182 eruditioni
1821 3128 2005 3181 medi-

361 3224 577 3279 tandis.
611 3223 799 3287 Quare
843 3235 1052 3289 cupere
1100 3233 1228 3272 sese
1277 3217 1555 3271 attentius
1600 3217 1712 3270 ista
1760 3232 2005 3287 cognos-

361 3328 513 3377 cere,
568 3310 868 3380 librosque
918 3308 1079 3378 ipsos
1129 3305 1424 3376 perlegere
1475 3304 1838 3377 diligentius,
1890 3323 2004 3377 quo

361 3400 489 3470 ipsa
523 3400 649 3468 jam
701 3396 936 3468 penitus
985 3394 1344 3465 introspecta
1395 3393 1682 3448 sententia
1729 3396 1998 3450 oraculo-

359 3503 492 3542 rum
526 3491 626 3541 aut
658 3490 813 3540 certo
857 3501 922 3538 eo
974 3483 1240 3537 stitueret
1289 3481 1432 3536 nihil
1485 3482 1840 3552 exceptionis
1872 3483 1998 3538 ido-

356 3592 476 3631 neas
517 3589 843 3646 superesse,
877 3588 992 3642 quo
1033 3570 1230 3624 minus
1263 3569 1435 3642 plane
1483 3570 1800 3625 conﬁderet
1845 3572 1994 3627 irre-

349 3662 597 3720 vocabili
631 3659 1102 3733 amplectendum
1137 3675 1382 3714 assensu
1415 3659 1482 3713 ad
1519 3659 1713 3730 ipsum
1745 3659 1803 3714 in
1838 3663 1992 3732 quod

347 3751 616 3807 inclinari
662 3752 786 3821 jam
837 3752 1107 3819 coeperat,
1140 3755 1240 3802 aut
1273 3749 1319 3801 si
1355 3765 1469 3802 non
1519 3749 1992 3820 persuaderetur,

352 3858 563 3898 causas
594 3841 908 3913 explicaret
956 3839 1028 3893 ob
1059 3855 1201 3908 quas
1243 3837 1504 3892 haereret.
1539 3839 1676 3892 Eam
1711 3838 1815 3893 viri
1865 3856 1990 3893 ora-

346 3933 560 3989 tionem
605 3930 870 4004 probavit
918 3929 1254 4000 imperator,
1288 3933 1344 3983 et
1391 3927 1438 3982 ei
1493 3928 1767 3983 continuo
1798 3945 1828 3983 e
1858 3947 1988 3984 cus-

345 4023 506 4078 todia
555 4023 766 4076 educto
815 4019 994 4074 libros
1027 4035 1126 4090 per
1159 4018 1342 4072 otium
1392 4019 1797 4088 expendendos
1848 4036 1989 4089 pra:-

343 4113 491 4168 buit.
547 4110 886 4166 Patriarcha
923 4108 1154 4164 interim
1189 4108 1248 4162 in
1283 4108 1397 4162 acri
1448 4113 1572 4162 erat
1617 4108 1990 4164 meditatione

349 4201 593 4268 defixus,
628 4198 958 4267 disquirens
1010 4197 1162 4269 apud
1197 4213 1323 4252 sese
1354 4196 1490 4266 quid
1546 4197 1866 4268 probabilis
1899 4214 1986 4252 rc-

345 4288 546 4358 sponsi
599 4291 919 4358 opponeret
967 4284 1332 4358 argumentis
1382 4285 1776 4356 imperatoris,
1810 4302 1981 4356 quem

345 4393 448 4448 pro
482 4379 754 4447 suscepta
785 4375 977 4446 palam
1011 4391 1189 4428 causa
1240 4391 1394 4430 nunc
1435 4374 1559 4444 jam
1611 4374 1986 4429 vehementer

339 4464 656 4520 instantem
683 4465 885 4536 utique
910 4480 1011 4518 nec
1043 4463 1099 4518 in
1124 4470 1422 4535 posterum
1458 4463 1611 4519 382
1645 4464 1982 4534 quieturum

339 4553 485 4608 satis
517 4552 853 4624 apparebat.

339 4661 424 4714 16.
464 4660 526 4716 Ut
555 4659 891 4729 patriarcha
923 4676 1022 4714 sua
1062 4659 1251 4730 palam
1283 4657 1487 4729 scripto
1518 4658 1672 4714 edita
1704 4661 1985 4715 sententia

523 4732 805 4803 juraverit
833 4747 890 4785 se
921 4733 974 4783 in
1007 4747 1196 4802 pacem
1227 4747 1332 4784 non
1364 4747 1782 4786 consensurum.

404 4819 468 4875 In
523 4794 593 4875 ea
651 4794 1082 4874 conﬂictantem
1144 4819 1522 4874 meditatione
1584 4794 2059 4891 patriarchamD

336 4908 718 4982 conspicatus
751 4907 1077 4964 monachus
1123 4908 1308 4963 Johns
1359 4908 1555 4974 Iasita,
1594 4913 1650 4963 et
1693 4926 1807 4964 non
1855 4910 1982 4965 sine

335 5015 514 5054 causa
546 4999 765 5052 veritus
798 5002 862 5052 ut
894 5015 998 5070 par
1029 4997 1097 5052 ad
1129 5002 1448 5052 extremam
1483 4998 1629 5052 foret
1656 4998 1981 5054 eluctanda:

331 5089 760 5144 contrariarum
804 5088 1097 5142 rationum
1155 5091 1212 5141 et
1260 5085 1631 5141 molitionum
1665 5087 1979 5151 instantiae.

332 5177 448 5234 tale
492 5176 798 5250 quidpiam
850 5175 1222 5231 machinatus
1275 5179 1364 5230 est
1411 5175 1480 5230 ad
1533 5175 1886 5229 ﬁrmandum
1919 5176 1978 5230 in

327 5267 636 5324 resistendi
672 5265 1001 5322 constantia
1052 5265 1394 5337 patriarcha;
1437 5264 1724 5319 animum.
1758 5269 1978 5336 Sugge-

327 5357 404 5411 rit
448 5355 532 5411 illi
574 5353 889 5411 consilium
939 5355 1260 5409 scribendae
1318 5352 1735 5422 mittenquue
1785 5358 1977 5424 pasto-

329 5445 470 5502 ralis
499 5447 566 5501 ad
603 5447 906 5500 universos
955 5459 1106 5498 curae
1139 5460 1260 5498 sum
1291 5443 1560 5498 subditos
1609 5440 1808 5497 ﬁdeles
1857 5442 1976 5512 epi-

329 5534 514 5602 stolae,
547 5552 663 5608 qua
692 5538 748 5590 et
780 5533 913 5589 illos
963 5532 1307 5588 admoneret
1354 5532 1493 5604 quid
1546 5531 1867 5587 tenendum
1916 5529 1976 5586 in

325 5622 415 5680 bis
447 5630 621 5696 esset,
655 5631 711 5682 et
741 5641 851 5696 quo
883 5622 1183 5680 efﬁcacius
1218 5623 1288 5679 iis
1316 5623 1696 5696 persuaderet
1721 5623 1777 5676 in
1812 5638 1976 5678 com-

2148 503 2320 576 ἕλξειν
2351 505 2585 566 ἐκείνους
2619 505 2754 580 πρὸς
2796 505 2857 559 τὸ
2907 500 3299 580 εὐμενέστερον,
3343 507 3554 565 ὥστεκαὶ
3598 533 3690 588 σγι-

2151 594 2413 667 ζομένους
2439 594 2502 649 τὸ
2532 579 2750 670 πρῶτον
2785 592 3060 666 δέχεσθαι.
3095 596 3176 666 [Ρ.
3198 579 3333 668 7260]
3378 597 3564 662 Τούτοις
3603 579 3689 666 τοῖς

2148 682 2338 758 λόγοις
2369 684 2397 737 ὁ
2446 684 2714 758 ἱεράρχης
2761 681 3000 746 πεισθεὶς
3050 682 3279 758 ἐγχωρεῖ
3305 685 3353 738 oi
3381 683 3597 750 ἐκτιθέναι
3619 692 3692 760 τὴν

2144 773 2393 846 γνώμην,
2437 772 2527 827 καὶ
2559 771 2820 842 ἐξετίθετο
2875 773 2977 841 τὴν
3029 772 3309 846 ταχίστην.
3354 776 3472 850 ΙΙρίν
3520 774 3565 831 δὲ
3589 800 3692 852 πεμ.

2145 864 2361 938 φθῆναι,
2408 856 2555 932 ἔδοξε
2584 865 2692 916 τῶν
2728 862 3028 938 ἀρχιερέων
3061 861 3450 936 ἀποπειρᾶσθαι,
3478 867 3539 930 ὡς
3575 870 3696 936 μάθοι

2144 949 2189 1005 εἰ
2217 949 2292 1012 εἷς
2322 949 2479 1013 τέλος
2525 950 2852 1026 ἀντίσχοιεν.
2911 950 3290 1026 Συναχθέντων
3344 952 3500 1008 τοίνυν
3547 956 3696 1011 ὑπανε-

2141 1041 2436 1115 γινώσκετο
2471 1042 2566 1113 μὶν
2592 1043 2627 1110 ἡ
2665 1043 2860 1116 γνώμη
2919 1046 3018 1096 τοῦ
3075 1041 3421 1117 πατριάρχου,
3462 1044 3696 1112 ἡρωτῶντο

2141 1126 2198 1183 δὲ
2229 1128 2283 1184 εἷ’
2304 1151 2363 1204 γε
2391 1131 2480 1183 καὶ
2513 1130 2667 1184 αὐτοὶ
2700 1129 2950 1204 ἐμμένειν
3001 1127 3180 1205 ἔχοιεν
3232 1132 3358 1186 κατὰ
3401 1133 3590 1203 ταύτην.
3627 1133 3697 1188 Καὶ

2139 1217 2470 1293 ὡμολόγουν
2529 1219 2742 1289 αὐτίκα,
2801 1219 2892 1273 καὶ
2947 1221 3045 1288 τὴν
3105 1220 3320 1295 γνώμην
3374 1217 3567 1284 ’ἕκαστος
3614 1219 3699 1294 ἰδίᾳ

2142 1307 2450 1384 ὑπογραφῇ,
2484 1307 2628 1377 πλὴν
2677 1312 2784 1361 τῶν
2834 1307 3258 1383 προνοεστέρων,
3307 1303 3529 1363 ἐϐεϐαίου
3553 1331 3600 1364 τε
3635 1311 3700 1364 καὶ

2135 1396 2594 1474 κατησφαλίζετο.
2643 1398 2731 1458 Ὠς
2777 1401 2906 1471 γοῦν
2955 1395 3206 1472 ἐπέμφθη
3261 1397 3350 1468 μὲν
3377 1400 3408 1465 ἡ
3436 1397 3620 1472 γνώμη,
3661 1396 3698 1451 ἐν

2136 1483 2394 1563 ἀφῦκτοις
2425 1483 2471 1540 δ’
2500 1487 2568 1554 ἦν
2597 1487 2624 1540 ὁ
2656 1487 3008 1561 πατριάρχης
3054 1491 3150 1540 τοῦ
3186 1484 3313 1559 μηδ’
3364 1486 3412 1540 εἷ’
3435 1507 3481 1540 τι
3522 1487 3596 1540 καὶ
3638 1487 3705 1560 γέ-

2133 1595 2282 1628 νοιτο
2320 1571 2685 1647 μεταϐάλλειν
2717 1578 2855 1648 (τοῖς
2885 1576 2987 1650 γὰρ
3029 1575 3217 1650 ὅρκοις
3257 1573 3593 1647 συνείληπτο),
3626 1573 3703 1642 δῆ·

2135 1662 2230 1724 λος
2260 1665 2326 1732 ἦν
2355 1665 2444 1718 καὶ
2475 1665 2614 1738 πρὸς
2669 1663 2893 1738 βασιλέα
2925 1663 3096 1740 λέγων
3152 1665 3228 1728 ὡς
3257 1664 3315 1719 οὗ
3355 1666 3575 1734 ποιήσων
3615 1660 3708 1717 οὖδὶ

2056 1795 2100 1858 Β
2131 1752 2611 1827 καταπραξάμενος
2664 1754 2762 1820 τήν
2827 1752 3146 1828 ἐγχείρησιν
3185 1797 3198 1810 .
3245 1755 3302 1807 Ὀ
3354 1754 3520 1826 μέντοι
3556 1773 3605 1826 γε
3641 1753 3709 1818 βα-

2129 1842 2312 1902 σιλεὺς
2363 1842 2632 1918 ἀπογνοὺς
2690 1844 2804 1896 οἷον
2839 1842 3076 1897 ἐντεῦθεν
3129 1850 3233 1912 τῆς
3265 1842 3460 1897 ἐκείνου
3499 1839 3710 1896 κατανεῦ·

2129 1951 2264 1992 σεως
2288 1929 2479 2005 (δεινοὶ
2507 1933 2607 2006 γᾶρ
2638 1933 2689 1985 οἳ
2736 1932 2891 2006 ὅρκοι
2933 1931 3195 2004 κωλύειν)
3246 1931 3297 1985 ἐν
3347 1929 3496 2001 δεινῷ
3547 1931 3626 2002 μὶν
3664 1929 3710 1982 τὸ

2128 2017 2339 2091 συμϐάν
2372 2023 2580 2096 ἡγεῖται
2617 2021 2723 2094 (ἐπ’
2767 2020 2886 2090 ἴσης
2918 2023 3022 2094 γὰρ
3071 2021 3140 2089 ἦν
3195 2021 3341 2092 αὖτῷ
3388 2019 3626 2096 βουλητὸν
3663 2018 3710 2071 τὸ

2123 2104 2392 2182 προϐῆναι
2439 2111 2540 2177 τὴν
2591 2113 2782 2182 πρᾶξιν
2833 2109 2909 2171 είς
2958 2109 3115 2172 τέλος
3145 2115 3230 2183 τῷ
3277 2111 3406 2183 μετὰ
3430 2109 3518 2163 τοῦ
3557 2126 3710 2181 πατρι-

2125 2199 2300 2272 άρχου
2331 2193 2649 2272 προϐῆναι),
2706 2201 2859 2271 ὅμως
2892 2195 2938 2252 δ’
2969 2198 3362 2272 ἀποκρουσθεὶς
3393 2197 3574 2253 ἐκείνου
3611 2194 3709 2258 τοὺς

2124 2287 2400 2362 ἀρχιερεῖς
2450 2289 2801 2362 προσήρχετο
2858 2283 3300 2364 ἐμϐριθέστερον.
3357 2290 3438 2343 Ἐν
3483 2286 3638 2357 τούτῳ
3671 2281 3713 2337 δὲ

2120 2377 2271 2431 καὶὸ
2303 2379 2503 2438 Βὲκκος
2536 2375 2870 2451 ἐνσχολάσας
2918 2382 3036 2440 ταῖς
3091 2374 3335 2454 βίϐλοις,
3381 2375 3465 2431 καὶ
3517 2376 3710 2448 συνορῶν

2121 2463 2340 2534 πολλὴν
2375 2465 2611 2521 ἐντεῦθεν
2659 2464 2743 2520 ἐπὶ
2794 2465 2863 2542 τῇ
2894 2467 3083 2542 πράξει
3118 2467 3401 2544 βοήθειαν,
3457 2465 3526 2527 ὡς
3580 2459 3714 2538 μηδὲν

2122 2686 2416 2742 mendatis
2446 2685 2860 2755 constantiam,
2888 2687 3233 2757 juramento
3275 2686 3461 2759 palam
3507 2684 3718 2754 interpo-

2120 2774 2233 2829 sito
2281 2776 2597 2847 sponderet
2641 2793 2947 2848 nunquam
2979 2793 3042 2833 se
3073 2778 3449 2833 deﬂuxurum
3496 2791 3527 2830 a
3567 2771 3720 2844 rigore

2120 2864 2298 2918 semel
2335 2864 2460 2918 fixa
2499 2865 2828 2934 sententiae,
2861 2871 2964 2921 aut
2993 2882 3060 2921 eo
3107 2867 3721 2934 descensurum,quan-

2118 2953 2334 3007 tumvis
2385 2969 2418 3007 a
2467 2953 2671 3025 quovis
2720 2954 3071 3025 traheretur,
3111 2964 3177 3011 ul
3207 2973 3241 3011 a
3272 2955 3488 3026 quibus
3524 2953 3638 3022 jure
3672 2963 3720 3002 se

2117 3057 2375 3112 suosque
2407 3042 2700 3097 abscissos
2745 3043 3029 3099 hactenus
3061 3050 3359 3115 putasset,
3389 3060 3488 3099 eos
3515 3042 3564 3096 in
3593 3053 3722 3094 com-

2117 3131 2454 3185 munionem
2496 3131 2800 3202 acciperet.
2838 3132 2940 3187 His
2968 3133 3098 3187 Jobi
3133 3131 3606 3206 suggestionibns
3643 3141 3721 3180 ac-

2115 3218 2422 3289 quiescens
2466 3219 2796 3289 patriarcha
2845 3221 2895 3276 ei
2947 3223 3258 3278 commisit
3306 3221 3420 3294 ipsi
3473 3215 3724 3291 negotium

2115 3307 2428 3363 formandas
2467 3307 2525 3362 in
2559 3325 2685 3364 eam
2736 3313 3085 3366 sententiam
3141 3310 3456 3367 circularis
3487 3303 3722 3379 epistolae.

2112 3395 2234 3458 Qua
2279 3398 2474 3452 statim
2516 3399 2860 3468 composita,
2896 3399 3255 3471 priusquam
3291 3400 3640 3454 emitteretur
3660 3390 3727 3447 vi-

2111 3501 2238 3539 sum
2275 3485 2617 3554 patriarchae
2650 3491 2739 3542 est
2782 3486 3259 3558 experimentum
3293 3488 3629 3559 capiendum
3652 3483 3728 3559 juj

2107 3573 2242 3627 dicii
2276 3575 2343 3629 de
2374 3574 2468 3629 his
2500 3575 2674 3630 rebus
2704 3555 3144 3648 episcoporum,
3169 3584 3240 3634 ut
3260 3555 3403 3634 inde
3425 3555 3732 3648 perspicerel

2106 3663 2312 3734 ecquid
2341 3663 2426 3718 sic
2457 3664 2693 3719 animati
2727 3671 3095 3736 apparerent,
3123 3672 3196 3722 ut
3221 3672 3383 3723 recte
3403 3664 3601 3723 conlidi
3631 3675 3734 3731 pns-

2108 3756 2194 3805 set
2225 3768 2323 3806 eos
2355 3768 2546 3823 usque
2575 3753 2644 3806 ad
2697 3753 2872 3808 finem
2927 3754 3347 3811 inflexibiliter
3374 3755 3433 3811 in
3469 3747 3732 3810 recusandi

2105 3840 2436 3895 constantia
2480 3858 2810 3897 mansuros.
2845 3842 3237 3915 Congregatis
3275 3861 3420 3915 ergo
3451 3843 3587 3914 ipsis
3615 3840 3734 3894 lecta

2105 3935 2196 3984 est
2226 3930 2571 4001 proscripta,
2598 3935 2664 3985 ut
2706 3931 2848 3997 dixi,
2874 3948 2907 3987 a
2926 3932 3076 3987 Jobo
3102 3933 3407 3988 monacho
3430 3925 3731 4005 patriarcha:

2105 4017 2412 4073 sententia.
2442 4019 2686 4089 Moxque
2713 4019 3054 4093 interrogati
3077 4021 3316 4094 singuli
3349 4027 3491 4077 sunt.
3515 4037 3583 4076 an
3613 4017 3735 4071 idem

2103 4111 2160 4161 et
2190 4108 2299 4178 ipsi
2348 4108 2660 4172 sentirent,
2683 4116 2740 4164 et
2781 4127 2920 4166 num
2966 4118 3125 4168 certo
3174 4113 3582 4169 decrevissent
3605 4109 3656 4161 in
3683 4119 3735 4158 eo

2104 4213 2497 4265 perseverare.
2524 4198 2742 4252 Omnes
2773 4200 2971 4254 statim
2999 4207 3430 4266 assenserunt,
3453 4207 3508 4257 et
3536 4199 3740 4255 cuncto-

2104 4302 2234 4339 rum
2261 4291 2471 4357 praeter
2500 4287 2960 4357 providentiores
2994 4305 3226 4359 paucos
3250 4291 3513 4362 propriis
3543 4287 3738 4341 ﬁrmata

2101 4374 2637 4445 subscriptionibus
2658 4376 2906 4444 epistola
2933 4377 3116 4433 missa
3141 4392 3632 4452 quoquoversum
3651 4377 3744 4430 est.

2102 4463 2887 4536 Eavulgata,constrictoque
2902 4464 3250 4531 patriarcha
3270 4466 3578 4524 insolubili
3599 4476 3742 4521 nexu,

2099 4567 2171 4605 ne
2203 4552 2262 4605 in
2293 4551 2474 4606 ullam
2508 4552 2663 4608 circa
2693 4552 2814 4608 haec
2848 4553 3248 4611 mutationem
3284 4573 3424 4613 sese
3455 4559 3649 4629 posset
3675 4565 3748 4604 re-

2098 4641 2313 4707 laxare,
2342 4641 2558 4712 quippe
2589 4641 2683 4696 cui
2726 4647 2849 4711 jam
2885 4660 3001 4700 non
3034 4651 3204 4700 esset
3238 4646 3546 4718 integrum
3577 4661 3605 4698 a
3635 4655 3749 4697 sen-

2096 4731 2279 4786 tentia
2304 4737 2420 4785 tam
2443 4729 2676 4802 publica
2697 4732 3061 4804 professione
3079 4735 3408 4792 declarata
3429 4729 3751 4800 resilire,ju-

2092 4820 2415 4890 risjurandi
2441 4819 2666 4890 utique,
2686 4820 2967 4891 religione
2988 4822 3301 4891 devincta,
3331 4826 3386 4881 is
3413 4840 3556 4880 ane
3578 4837 3682 4894 prae
3701 4832 3753 4871 se

2093 4910 2313 4964 ferebat
2329 4925 2392 4962 se
2409 4913 2690 4978 negaturu
2703 4926 2754 4962 m
2781 4909 3124 4981 imperatori
3146 4913 3318 4968 888
3337 4913 3500 4984 quod
3515 4909 3755 4984 petebat,

2092 5004 2147 5055 et
2177 5012 2482 5068 nunquam
2509 5012 2932 5053 consensurum
2966 4998 3024 5054 in
3058 5003 3468 5058 concordiam
3495 4997 3757 5056 Ecclesia-

2091 5103 2220 5142 rum
2255 5102 2382 5157 quae
2427 5085 2817 5140 tractabatur.
2841 5089 3030 5152 Quare
3081 5087 3424 5162 desperato
3459 5089 3756 5160 imperator

2091 5191 2335 5230 assensu
2373 5173 2714 5244 patriarchas
2746 5180 2983 5247 propter
3011 5176 3368 5246 juramenti
3401 5176 3756 5234 obstaculum

2091 5263 2491 5327 ineluctabile,
2525 5264 2816 5318 aestuabat
2858 5263 3075 5331 animo,
3112 5265 3448 5323 difficilem
3494 5267 3630 5322 inde
3657 5264 3757 5318 fore

2087 5352 2303 5425 negotii
2335 5353 2555 5406 exitum
2590 5352 3090 5422 providens.Nam
3134 5360 3493 5428 utrumque
3518 5374 3589 5412 ex
3615 5366 3760 5422 aequo

2087 5443 2405 5512 imperator
2443 5440 2704 5510 optabat,
2737 5447 2792 5494 et
2838 5440 2975 5495 iniri
3021 5445 3434 5500 concordiam
3469 5451 3526 5500 et
3559 5445 3613 5498 in
3645 5455 3756 5494 eam

2086 5527 2416 5585 consentire
2464 5529 2885 5599 patriarcham.
2917 5529 3144 5585 Tamen
3183 5532 3340 5590 inde
3393 5534 3673 5606 repulsus
3699 5527 3761 5585 ad

2087 5618 2382 5692 urgendos
2438 5617 2744 5689 episcopos
2792 5617 3216 5677 vehementius
3272 5623 3579 5682 incubuit.
3623 5623 3760 5675 Inter
