4002 6198
239 314 350 370 837

1335 313 1434 367 DE
1470 311 1841 366 MICHAELE
1878 311 2304 371 PALEOLOGO
2339 319 2473 375 LIB.
2515 320 2585 374 ν.

3551 330 3657 388 838

238 433 850 529 πλέον-τολμησάντων
897 437 1008 529 τῶν
1056 434 1282 529 Ἰταλῶν
1333 431 1468 498 ἴσως
1512 435 1548 505 ἢ
1586 432 1648 529 1:3
1692 431 1785 529 ἐπὶ
1814 435 1894 529 τῷ
1921 434 1977 502 Α
2007 433 2142 529 ἀμφ’
2171 435 2330 529 citi-cev
2366 436 2570 514 λογίων
2604 437 2923 515 λαμϐάνων.
2966 447 3124 510 Ὅθεν
3172 448 3261 503 καὶ
3305 455 3422 512 τοῖς
3473 453 3661 529 ams-

238 522 522 602 Συμϐόλῳ
551 527 890 602 προσθεῖναι,
917 524 1006 580 καὶ
1035 525 1134 593 τήν
1184 527 1282 578 τοῦ
1332 525 1643 596 θαυμαστοῦ
1692 520 1896 590 Κορίλ-

235 616 340 672 λου
372 613 515 686 λέξιν
555 621 819 690 παρῆγεν,
876 614 1027 685 ἡμᾶς
1083 633 1142 666 τε
1195 611 1482 676 κάκείνους
1529 612 1666 666 κατά
1709 611 1770 665 τὸ
1803 609 1895 685 ἐγ-

235 709 458 783 χωροῦν
504 699 973 777 συμϐιϐάζουσαν,
1030 704 1130 771 τήν
1175 725 1203 752 ‹‹
1235 702 1310 758 Τὸ
1353 701 1404 772 ἐξ
1455 701 1661 779 ἀμφοῖν
1693 701 1897 754 οὖσιω-

236 797 346 860 δῶς
409 797 679 872 ὑπάρχον,
727 796 1001 850 τουτέστιν
1053 793 1112 848 ἐκ
1159 794 1367 868 Πατρὸς
1417 790 1486 847 δι’
1534 793 1705 860 Τὶοῦ,
1745 816 1771 842 ››
1821 791 1896 853 ὡς

236 887 461 943 ἐκείνων
497 886 591 958 μὲν
624 883 866 960 ἐχόντων
909 883 1008 952 τήν
1061 881 1139 950 ἐκ,
1187 885 1348 954 ἡμῶν
1397 879 1453 936 δὲ
1499 883 1599 950 τήν
1646 878 1754 951 διὰ,
1805 880 1894 935 καὶ

234 977 444 1054 ἀμφοῖν
485 974 693 1029 τούτων
746 972 950 1028 ἐκεῖνον
1010 965 1384 1045 συμϐιϐαστὴν
1436 970 1699 1046 γίνεσθαι.
1750 974 1897 1026 Ταῦ-

229 1085 301 1119 τα
330 1065 423 1119 καὶ
454 1062 640 1119 πολλὰ
667 1065 775 1116 τῶν
832 1058 1098 1116 τοιούτων
1150 1057 1303 1132 ἰδὼν,
1359 1058 1447 1114 καὶ
1502 1059 1637 1133 πρὸς
1680 1057 1894 1120 τούτοις

227 1153 327 1208 τὸν
362 1151 528 1228 μέγαν
574 1152 827 1224 Μάξιμον
877 1150 1048 1224 εὑρὼν
1109 1152 1505 1225 μαρτυροῦντα,
1560 1148 1610 1202 ἐν
1666 1152 1764 1219 μιᾷ
1787 1152 1894 1202 τῶν

227 1241 544 1298 ἐπιστολῶν
595 1240 731 1314 πρὸς
791 1240 1073 1317 Ῥουφῖνον
1152 1239 1288 1312 μετᾶ
1356 1237 1542 1293 πολλᾶ
1603 1236 1744 1291 οὕτω
1805 1235 1897 1292 λέ-

225 1351 426 1408 γοντα·
461 1354 490 1382 ‹‹
523 1332 609 1402 Ἐξ
656 1330 730 1384 ὧν
779 1327 878 1384 οὐκ
924 1327 1096 1383 αἰτίαν
1148 1332 1281 1402 σφᾶς
1329 1327 1419 1382 τὸν
1474 1329 1751 1400 Μονογενῆ
1799 1331 1896 1381 τοῦ

225 1419 556 1493 Πνεύματος
586 1415 868 1490 ἀπέδειξαν
900 1415 1097 1493 λέγειν,
1157 1414 1301 1471 ’ἀλλ’
1350 1415 1443 1471 ἵνα
1497 1416 1561 1471 τὸ
1607 1413 1676 1470 δι’
1733 1415 1896 1470 αὐτοῦ

226 1519 491 1585 προϊεναι
518 1505 817 1578 δηλώσωσι
847 1507 938 1561 καὶ
982 1505 1148 1580 ταύτῃ
1192 1505 1256 1560 τῦ
1309 1505 1536 1580 συναφὲς
1583 1505 1673 1560 καὶ
1721 1506 1895 1578 ἀπαρ-

224 1598 517 1654 ἀλλακτον
574 1603 675 1665 τῆς
738 1596 930 1658 οὐσίας
985 1596 1424 1670 παραστήσωσιν.
1463 1618 1491 1645 ››
1545 1591 1798 1650 ἀδύνατον
1851 1592 1897 1648 δ’

225 1687 506 1743 εἶναικαὶ
557 1690 656 1740 τοῦ
724 1684 965 1761 μεγάλου
1025 1682 1342 1739 Ἀθανασίου
1395 1686 1719 1754 κατήκουεν,
1749 1683 1799 1739 ἐν
1826 1687 1895 1758 τῇ

2001 525 2145 615 ρεῦσι
2180 526 2262 598 [Ρ.
2304 528 2431 598 261]
2492 529 2738 600 πολὺςῆν
2807 531 3102 604 ἐμπίπτων
3154 537 3244 591 καὶ
3325 525 3666 615 καταναγκά-

2005 613 2109 679 ζων
2157 614 2258 698 τὴν
2309 617 2524 692 πρᾶξιν,
2583 615 3016 695 ἐγχρενιζόντων
3086 623 3176 677 καὶ
3259 624 3471 698 μᾶλλον
3547 613 3655 685 τῶν

2002 696 2277 773 πρέσϐεων
2289 747 2301 762 .

2005 863 2086 931 ιζ’.
2147 863 2278 938 Περὶ
2342 867 2449 917 τῶν
2509 865 2935 944 ἀποκρισιαρίων
3012 875 3109 924 τοῦ
3165 873 3482 997 βασιλέως,
3562 881 3654 935 καὶ

2281 941 2381 997 τῆς
2410 940 2509 991 τοῦ
2549 939 2897 997 πατριάργου
2929 940 3159 997 ἀπογωο
3190 966 3363 997 .σεως-

2281 941 2381 1006 τῆς
2410 940 2509 991 τοῦ
2549 939 2897 1014 πατριάρχου
2929 939 3363 1019 ἀποχωρήσεως.

2073 1059 2163 1122 Ὠς
2201 1064 2328 1136 γοῦν
2387 1061 2478 1116 καὶ
2539 1059 2617 1118 ἔτι
2677 1064 2980 1141 ἀνὴρτηντο
3033 1069 3099 1122 τὰ
3157 1076 3253 1124 τοῦ
3309 1073 3656 1148 πράγματος,

1999 1147 2089 1202 καὶ
2121 1149 2187 1217 ἦν
2239 1147 2442 1225 ἀνάγκη
2501 1147 2754 1222 πρέσϐείς
2814 1157 3118 1229 πέμπεσθαι
3165 1158 3248 1232 ἐφ’
3278 1160 3323 1234 ᾧ
3354 1168 3478 1236 παρ’
3530 1163 3662 1218 ἐκεί.

1999 1258 2105 1291 νων
2137 1238 2200 1292 τὸ
2231 1238 2469 1316 ἀσφαλὲς
2521 1239 2788 1316 γενέσθαι,
2842 1244 2915 1306 ὡς
2962 1243 3202 1301 ἐντεῦθεν
3253 1250 3328 1321 μὴ
3388 1251 3662 1305 ὑποπτεύ-

2003 1346 2076 1380 ειν
2133 1328 2224 1381 τόν
2282 1327 2530 1384 κίνδυνον
2591 1331 2950 1407 ὑποταγέντας
3012 1339 3079 1408 τῇ
3147 1341 3256 1390 τῶν
3313 1339 3656 1408 Ἐκκλησιῶν

2001 1415 2278 1490 πρωτίστη
2333 1419 2420 1472 καὶ
2481 1415 2590 1488 ἤδη
2649 1421 2907 1494 γνησίους
2977 1421 3188 1492 ἐκείνης
3239 1426 3661 1498 νομιζομένους,

2000 1501 2314 1579 ἐξελέγοντο
2370 1506 2465 1579 μὲν
2516 1509 2566 1560 οἳ
2616 1503 2887 1583 πρέσϐεις,
2935 1512 2986 1564 οἱ
3042 1509 3088 1566 δ’
3139 1512 3275 1582 ἦσαν
3311 1514 3668 1591 ὁπροπατρι-

2001 1593 2270 1668 αρχεῦσας
2328 1595 2601 1669 Γερμανὸς
2669 1598 2756 1650 καὶ
2820 1599 2846 1651 ὁ
2908 1598 3137 1664 Νικαίας
3214 1604 3514 1680 Θεοφάνης,
3573 1605 3662 1660 καὶ

2000 1687 2107 1736 τῶν
2148 1682 2531 1758 συγκλητικῶδ
2586 1686 2613 1738 ὁ
2661 1687 2830 1760 μέγας
2884 1685 3186 1762 λογοθέτης
3237 1691 3665 1765 Ἀκροπολίτης,

218 1773 607 1852 τῆςΤρεάδος
637 1776 780 1848 τάξει
822 1775 884 1829 τὸ
940 1779 1158 1847 Πνεῦμα
1204 1773 1561 1848 γινώσκεσθαι
1616 1776 1692 1846 μὴ
1726 1794 1892 1846 προο-
1926 1772 2031 1864 Βὸ
2089 1774 2508 1847 προκαθήμενος
2564 1779 2662 1828 τοῦ
2729 1776 3040 1850 βεστιαρίου
3101 1780 3422 1849 Πανάρετος,
3480 1782 3570 1837 καὶ
3630 1785 3656 1837 ὁ

223 1864 408 1928 διχῶς
440 1864 467 1919 ὃ
509 1863 569 1919 ἐκ
596 1868 729 1920 Θεοῦ
780 1861 848 1919 δι’
893 1865 1045 1935 Υἱοῦ,
1096 1861 1242 1918 ἀλλὰ
1288 1866 1616 1935 ποιητικῶς,
1669 1864 1742 1925 ὡς
1799 1862 1891 1918 λέ-

219 1977 418 2031 γουσι.
475 1953 710 2015 Τούτοις
763 1974 822 2008 τε
873 1953 962 2007 καὶ
1016 1959 1132 2015 τοῖς
1185 1951 1462 2014 τοιούτοις
1511 1953 1897 2027 συγκροτηθεῖς

223 2048 354 2100 οἷον
390 2046 419 2099 ὁ
451 2043 653 2106 Βέκκος
697 2041 777 2119 ἐφ’
828 2041 874 2114 ᾦ
929 2043 1028 2111 τὴν
1089 2039 1229 2096 ἰδίαν
1283 2043 1601 2117 θεραπεῦσαι
1648 2039 1895 2111 συνείδη-

224 2156 345 2204 σιν,
381 2130 706 2188 ὑπεκλίνετο
735 2133 872 2206 πρὸς
918 2130 1164 2208 εἰρήνην.
1216 2130 1318 2186 Καὶ
1369 2131 1396 2184 ὁ
1450 2128 1702 2206 βασιλεὺς
1750 2129 1898 2185 πολ-

222 2221 345 2293 λὴν
373 2222 614 2286 ἐντεῦθεν
662 2215 938 2294 ἐλάμϐανε
983 2221 1083 2290 τὴν
1135 2219 1337 2296 ῥοπήν,
1394 2218 1641 2292 πολέμου
1683 2217 1739 2274 δέ
1768 2219 1894 2274 τοὺς

227 2311 553 2390 ἐφεστῶτας
610 2310 701 2365 καὶ
759 2307 963 2383 α’ίματα
1033 2308 1450 2384 ἐκχυθησόμενα
1503 2304 1899 2381 προϐαλλόμε-

225 2423 354 2475 νος,
387 2401 545 2474 ὅμως
573 2397 631 2455 δὲ
671 2397 723 2454 ἐν
775 2398 1010 2477 ἀσφαλεῖ
1059 2398 1234 2471 μένειν
1285 2396 1556 2472 πράξαντα
1602 2398 1750 2472 παρὰ
1789 2401 1894 2451 τῶν

219 2620 598 2676 Ιιωονεοοιιε
614 2617 781 2674 lectis
802 2617 1130 2682 libris,cum
1151 2616 1212 2672 in
1239 2615 1307 2672 iis
1325 2617 1691 2673 observasset
1707 2614 1896 2671 multa

220 2726 364 2783 qua;
397 2708 846 2764 conventionem
880 2706 1263 2762 Ecclesiarum
1297 2707 1483 2762 multo
1508 2721 1685 2779 quam
1720 2708 1894 2778 puta-

219 2805 328 2855 rat
382 2797 804 2869 expeditiorem
864 2796 1263 2864 ostenderent,
1306 2796 1522 2867 quippe
1570 2811 1703 2850 cum
1757 2794 1894 2850 inde

226 2890 544 2943 constaret
576 2901 874 2941 summam
919 2885 1160 2940 demum
1196 2885 1410 2957 peccati
1460 2883 1797 2940 Latinorum
1833 2884 1891 2938 in

224 2976 648 3032 additamento
681 2974 836 3031 verbi
865 2975 1041 3030 unius
1073 2975 1143 3030 ad
1183 2973 1526 3046 Symbolum
1551 2977 1891 3040 consistere,

220 3071 288 3122 et
332 3064 497 3137 quod
549 3065 764 3136 dogma
813 3063 1011 3134 ipsum
1062 3063 1370 3130 attinebat,
1403 3067 1659 3118 exstaret
1707 3062 1894 3118 sancti

221 3154 441 3228 Cyrilli
465 3152 1062 3224 testimonium,quod
1091 3169 1196 3208 nos
1217 3156 1274 3207 et
1294 3151 1424 3207 illos
1447 3151 1506 3206 in
1531 3151 1639 3207 hoc
1658 3151 1892 3222 quidem

223 3242 437 3316 capite
469 3241 840 3309 conciliabat,
875 3241 1019 3296 illud
1063 3240 1344 3296 nimirum
1377 3256 1492 3312 quo
1524 3246 1764 3296 sanctus
1797 3239 1896 3296 ille

223 3333 449 3388 doctor
469 3331 551 3386 ait
568 3329 850 3402 Spiritum
875 3333 1146 3386 sanctum
1171 3328 1639 3384 substantialiter
1657 3346 1726 3384 ex
1746 3331 1894 3385 duo-

222 3382 850 3489 Βῖιέὲᾷιέἑέιέἱέζιέὸῖ
868 3382 1272 3476 signati;
1289 3382 1646 3491 smmi...
1663 3382 1894 3490 ἷιῇέιὶη
1926 3382 1970 3450 ο

216 3515 364 3568 tota
394 3507 796 3565 controversia
822 3507 880 3562 in
904 3506 1485 3580 praepositiunculam
1508 3507 1894 3580 redigeretur,

228 3614 464 3672 nempe
509 3599 796 3654 ambobus
841 3613 1006 3669 aeque
1061 3596 1518 3669 agnoscentibus
1574 3597 1701 3652 Filii
1759 3613 1895 3652 cum

215 3691 411 3746 Patre
442 3687 502 3742 in
536 3686 856 3760 spiratione
888 3687 1271 3755 consortium,
1306 3703 1438 3742 cum
1482 3687 1590 3742 hoc
1621 3687 1745 3742 solo
1776 3687 1894 3743 dis-

217 3778 492 3839 crimine
523 3778 679 3850 quod
716 3776 899 3832 Laiini
931 3794 1000 3832 ex
1023 3776 1379 3847 Filio,Gra:ci
1407 3791 1508 3848 per
1533 3776 1740 3830 Filium
1769 3793 1896 3848 pro-

216 3869 448 3926 cedere
471 3866 756 3939 Spiritum
781 3866 1070 3933 dicerent;
1096 3882 1222 3938 quae
1242 3881 1419 3937 parva
1441 3870 1564 3920 erat
1589 3869 1646 3920 et
1676 3864 1897 3920 nullius

215 3956 528 4014 momenti
563 3955 913 4020 differentia,
945 3955 1091 4010 nihil
1134 3953 1454 4026 prohibens
1485 3954 1806 4026 quominus
1838 3953 1896 4009 in

212 4063 482 4102 summa
512 4044 806 4117 dogmatis
849 4044 1181 4100 consentire
1232 4043 1504 4098 Ecclesia
1538 4043 1896 4098 viderentur.

218 4138 363 4202 llis,
381 4135 658 4206 inquam,
674 4137 732 4190 et
753 4133 955 4189 multis
969 4132 1261 4205 ejusmodi
1277 4133 1900 4189 consideratichccus

212 4227 493 4297 insuper
519 4223 743 4278 invenit
791 4223 948 4278 aliud
985 4224 1054 4278 ad
1087 4239 1214 4278 eam
1269 4239 1391 4277 rem
1444 4221 1702 4295 palmare
1732 4221 1900 4276 testi-

214 4314 513 4371 monium
547 4312 734 4369 sancti
763 4311 1001 4368 Matimi
1027 4312 1084 4366 in
1110 4311 1357 4383 epistola
1381 4313 1450 4367 ad
1477 4312 1778 4376 Ruﬁnum,
1801 4310 1902 4365 ubi

208 4408 371 4477 post
405 4401 594 4457 multa
623 4401 708 4458 sic
741 4400 947 4458 scribit
971 4417 1021 4455 ει
1047 4402 1126 4456 Ex
1149 4401 1366 4472 quibus
1396 4417 1510 4456 non
1543 4401 1899 4473 principium

208 4510 290 4550 se
330 4490 723 4562 Unigenitum
754 4490 1007 4563 Spiritus
1047 4489 1429 4545 ostenderunt
1459 4489 1669 4554 dicere,
1706 4489 1802 4543 sed
1840 4492 1904 4543 ut

203 4599 342 4656 per
372 4581 574 4652 ipsum
608 4581 921 4653 procedere
949 4578 1374 4651 signiﬁcarent,
1398 4582 1455 4633 et
1485 4594 1515 4633 e
1546 4578 1774 4633 ratione
1805 4594 1904 4633 eo-

204 4670 568 4728 hwsionem
601 4668 1014 4742 inseparabilis
1047 4667 1392 4724 substantiae
1413 4668 1855 4723 constituerent.
1875 4692 1896 4719 ι

200 4759 550 4820 Suadebat
580 4738 1085 4814 idem—auctoritas
1118 4757 1315 4830 magni
1348 4756 1655 4812 Athanasii
1685 4757 1902 4814 diserte
1935 4738 1978 4803 D

199 4847 602 4908 affirmantis
633 4846 755 4903 ﬁeri
801 4865 915 4903 non
960 4862 1130 4919 posse
1161 4851 1226 4901 ut
1256 4847 1312 4901 in
1350 4845 1651 4901 Trinitatis
1699 4847 1903 4902 ordine

196 4939 504 5013 Spiritus
536 4940 970 5010 agnosceretur,
995 4936 1150 4992 384
1173 4935 1318 5008 quin
1342 4951 1408 4991 cx
1431 4935 1546 4990 Deo
1570 4951 1672 5006 per
1691 4934 1903 4991 Filium

199 5046 359 5088 non
402 5027 801 5100 progressive,
825 5025 926 5082 sed
958 5026 1299 5093 efﬁcienter,
1321 5031 1386 5081 ut
1424 5025 1770 5097 loquuntur,
1804 5041 1906 5080 ex-

198 5115 632 5177 sisteretJlis
687 5115 925 5172 tandem
977 5120 1036 5170 et
1085 5114 1295 5170 horum
1329 5113 1628 5170 similibus
1685 5117 1904 5169 attente

196 5204 559 5282 perpensis
591 5204 808 5261 Veccus
856 5203 1016 5259 omni
1059 5204 1185 5275 jam
1235 5208 1504 5276 exempto
1535 5202 1903 5259 conscientiae

192 5291 551 5366 scrupulo,
581 5297 742 5349 totus
789 5293 861 5348 ad
911 5309 1113 5364 pacem
1168 5293 1588 5366 propendebat.
1623 5293 1759 5356 Quae
1810 5308 1903 5348 res

187 5398 463 5455 magno
510 5381 893 5438 incitamento
945 5381 1285 5454 imperatori
1330 5382 1440 5438 fuit
1481 5383 1549 5436 ad
1602 5381 1902 5454 inceptum

186 5472 604 5546 urgendum.
639 5473 785 5546 Ergo
827 5489 893 5527 eo
930 5471 1054 5544 jam
1087 5472 1366 5528 ﬁdentius
1397 5471 1526 5527 illas
1559 5471 1669 5526 sibi
1701 5470 1904 5528 solitas

181 5561 598 5625 formidines
656 5561 969 5635 allegabat,
1020 5560 1304 5618 bellorum
1341 5561 1629 5629 videlicet,
1654 5560 1712 5616 ni
1764 5578 1902 5616 con-

178 5651 446 5715 cordia
478 5650 747 5721 iniretur,
771 5650 1240 5724 impendentium
1274 5650 1619 5723 cruorisque
1652 5651 1901 5706 funden-

2007 1862 2172 1937 μέγας
2205 1859 2597 1936 διερμηνευτής
2632 1863 3035 1940 Βερῥοπιώτης.
3067 1864 3133 1923 Οἵ
3178 1865 3242 1938 δὴ
3277 1868 3365 1922 καὶ
3397 1869 3507 1924 ἀνὰ
3539 1871 3662 1944 μίαν

2001 1953 2227 2026 τριήρη,
2276 1951 2514 2012 ἐντεῦθεν
2571 1953 2661 2007 Λὶν
2715 1955 2766 2006 οἳ
2810 1960 2909 2024 τῆς
2965 1953 3314 2026 Ἐκκλησίας,
3369 1957 3568 2014 ἐκεῖθεν
3603 1959 3660 2016 δὲ

2004 2039 2151 2110 πλὴν
2195 2044 2292 2094 τοῦ
2351 2039 2590 2114 μεγάλου
2651 2040 2946 2118 λογοΟέτου
2997 2045 3048 2098 οἱ
3110 2045 3168 2100 ἐκ
3205 2051 3304 2100 τοῦ
3366 2049 3656 2123 βασιλέως,

2005 2124 2262 2192 λαϐόντες
2291 2129 2580 2204 ἀνήγοντο,
2625 2130 3005 2209 ἐπιφερόμενοι
3063 2134 3152 2188 καὶ
3201 2134 3388 2191 πολλὰ
3441 2144 3550 2194 τῶν
3582 2142 3658 2196 ta-

2007 2223 2114 2294 ρῶν
2172 2215 2363 2294 δώρων
2403 2265 2417 2289 ,
2476 2217 2676 2282 στολὰς
2738 2219 2882 2295 λέγω
2938 2222 3030 2276 καὶ
3089 2223 3404 2299 κατάχρυσα
3456 2229 3657 2283 εἰκονί-

2009 2328 2188 2380 σματα
2243 2308 2331 2362 καὶ
2395 2308 2618 2373 σύνθετα
2675 2307 2958 2384 πολύτιμα
3017 2317 3356 2387 θυμιάματα,
3408 2319 3544 2393 πρὸς
3603 2317 3662 2374 δὲ

2006 2397 2097 2451 καὶ
2174 2397 2273 2465 τήν
2341 2402 2441 2466 τῆς
2501 2395 2795 2467 ἐκκλησίας
2863 2397 3088 2470 ἐνδυτὴν
3156 2401 3214 2456 ἐκ
3274 2405 3661 2479 χρυσοπάστου

2004 2613 2085 2684 di,
2129 2614 2352 2670 addens
2403 2613 2626 2671 nullam
2678 2632 2807 2673 esse
2847 2633 3088 2674 causam
3132 2623 3251 2676 tam
3310 2626 3656 2683 necessariae

2003 2705 2418 2777 praecautionis
2449 2707 2807 2777 omittendae,
2827 2725 2960 2763 cum
2985 2710 3138 2780 quod
3163 2712 3233 2766 ad
3263 2717 3661 2783 praevertenda

2003 2798 2168 2851 tanta
2197 2795 2354 2851 mala
2385 2796 2708 2865 petebatur,
2733 2813 3000 2852 securum
3033 2797 3453 2872 innoxiumque
3483 2803 3656 2875 quid-

2003 2883 2139 2938 dam
2172 2887 2328 2939 esset
2349 2883 2576 2952 judicio
2599 2885 3008 2956 praestantium
3042 2885 3471 2958 theologorum,
3496 2896 3555 2945 et
3583 2894 3655 2946 ab

2003 2972 2163 3028 omni
2195 2974 2410 3028 erroris
2452 2978 2552 3028 aut
2600 2973 2783 3045 culpae
2815 2975 3072 3045 periculo
3118 2981 3432 3033 remotum.
3466 2979 3655 3042 Quare

2006 3061 2228 3117 multus
2260 3066 2383 3117 erat
2413 3063 2470 3116 in
2504 3062 2778 3118 instando
2806 3063 3117 3136 episcOpis,
3151 3065 3341 3136 iisque
3371 3068 3530 3122 omni
3563 3087 3655 3126 co-

2007 3156 2144 3206 natu
2175 3151 2561 3224 perurgendis
2607 3153 2677 3207 ad
2719 3153 3018 3224 negotium
3068 3155 3521 3224 conﬁciendum,
3553 3175 3650 3214 cx-

2006 3241 2413 3312 spectantibus
2435 3241 2506 3296 ad
2539 3241 2734 3312 ipsum
2767 3243 2866 3314 qui
2890 3244 3134 3298 aderant
3157 3261 3190 3299 a
3218 3244 3481 3302 Romano
3507 3263 3652 3319 pon-

2005 3329 2159 3385 tiﬁce
2201 3329 2429 3402 legatis,
2462 3333 2519 3386 et
2567 3331 2819 3386 reditum
2850 3331 3247 3388 differentium
3279 3351 3383 3406 spe
3414 3336 3650 3392 tandem

2006 3418 2309 3475 obtinendi
2343 3420 2495 3490 quod
2531 3419 2828 3490 petebant.

2077 3509 2162 3563 17.
2195 3509 2268 3563 De
2298 3508 2491 3579 legatis
2520 3508 2868 3579 imperatoris
2897 3513 2949 3564 et
2977 3525 3192 3565 secessu
3217 3510 3578 3582 patriarchae.

2075 3597 2179 3653 Hic
2209 3603 2332 3652 erat
2363 3606 2500 3653 tunc
2527 3602 2720 3654 status
2755 3598 2972 3670 negotii
3002 3600 3332 3671 pendentis.
3365 3601 3488 3666 Quo
3519 3603 3657 3658 arti-

2003 3686 2134 3742 culo
2166 3703 2358 3742 rerum
2382 3688 2502 3757 jam
2537 3692 2836 3742 maturum
2869 3693 3043 3759 atque
3076 3690 3219 3746 adeo
3252 3692 3653 3748 necessarium

2002 3775 2191 3832 visum
2225 3781 2314 3832 est
2361 3775 2585 3848 legatos
2613 3778 2682 3832 ad
2716 3781 2932 3848 Papam
2968 3782 3202 3834 mutuos
3251 3780 3504 3849 mittere,
3541 3798 3656 3852 quo

2004 3865 2276 3920 videlicet
2297 3869 2460 3920 tanto
2482 3865 2748 3922 securius
2773 3867 3085 3920 formidata
3119 3867 3458 3922 Latinorum
3485 3885 3655 3940 expe-

2005 3953 2149 4010 ditio
2199 3954 2677 4025 suspenderetur,
2703 3959 2982 4025 praetextu
3016 3955 3140 4024 jam
3187 3956 3422 4027 dempto
3453 3956 3655 4012 Carolo

2006 4043 2235 4100 Grzecos
2257 4042 2634 4114 oppugnandi
2672 4047 2734 4097 ut
2763 4042 3193 4112 schismaticos,
3217 4060 3468 4114 quorum
3502 4051 3659 4100 esset

2007 4133 2065 4188 in
2106 4131 2272 4187 Italia
2321 4130 2531 4202 legatio
2579 4131 2904 4187 Romanam
2963 4131 3280 4188 Ecelesiam
3329 4133 3655 4206 principem

2008 4220 2386 4278 ecclesiarum
2419 4219 2884 4292 agnoscentium,
2908 4226 2966 4276 et
2994 4221 3346 4293 obsequium
3379 4226 3656 4294 proﬁten-

2007 4311 2178 4380 tium,
2210 4327 2274 4365 ac
2316 4315 2381 4365 ut
2439 4326 2606 4366 suam
2659 4311 2767 4366 rite
2797 4312 3204 4366 venerantium
3253 4313 3552 4368 dominam
3600 4318 3660 4369 et

2011 4404 2279 4456 matrem.
2314 4398 2492 4454 Electi
2525 4415 2662 4470 ergo
2695 4398 2754 4453 in
2793 4398 3014 4470 legatos
3043 4399 3102 4455 hi
3135 4404 3294 4463 sunt,
3329 4400 3657 4458 Germanus

2011 4489 2106 4560 qui
2131 4488 2460 4559 patriarcha
2483 4488 2690 4557 fuerat,
2716 4492 2772 4542 et
2793 4487 3102 4559 episcopus
3122 4488 3323 4544 Nicaeae
3346 4489 3658 4562 Theopha-

2011 4594 2136 4645 nes,
2156 4582 2431 4648 prwterea
2452 4593 2519 4631 ex
2540 4577 2850 4632 senatoriis
2877 4593 3129 4648 magnus
3160 4576 3456 4650 logotheta
3487 4585 3662 4635 Acro-

2012 4666 2212 4739 polita,
2246 4682 2460 4737 praeses
2481 4665 2735 4722 vestiarii
2759 4671 3102 4732 Panaretus,
3125 4672 3181 4722 et
3202 4683 3454 4739 magnus
3486 4667 3660 4725 inter-

2011 4773 2144 4828 pres
2175 4755 2531 4811 Berrhmota.
2556 4755 2658 4809 His
2691 4755 2958 4810 triremes
3008 4756 3079 4810 ab
3130 4754 3485 4828 imperatore
3515 4758 3661 4814 data:

2013 4849 2154 4902 sunt
2184 4846 2311 4899 dua:
2339 4861 2351 4898 :
2379 4861 2555 4899 unam
2591 4843 2689 4915 qui
2723 4861 2793 4899 ex
2837 4843 3094 4900 Ecclesia
3123 4851 3290 4901 erant.
3315 4846 3492 4902 simul
3524 4864 3662 4904 con-

2011 4935 2387 4998 scenderunt,
2414 4932 2596 4988 altera
2629 4933 2773 5005 regii
2797 4932 3160 4989 vehebantur
3179 4941 3416 5008 excepto
3443 4952 3660 5009 magno

2011 5022 2328 5096 lcgotheta.
2355 5021 2700 5077 Extulerunt
2729 5027 2926 5078 autem
2978 5039 3177 5079 secum
3221 5025 3409 5080 multa
3439 5029 3496 5080 et
3526 5043 3661 5097 pre-

2012 5114 2162 5170 tiosa
2183 5112 2332 5169 385
2359 5110 2741 5183 supellectilis
2763 5129 2941 5168 saera:
2971 5113 3144 5183 dona,
3167 5113 3366 5184 stolas,
3391 5115 3660 5186 inquam,

2012 5207 2068 5259 et
2085 5218 2293 5258 aureas
2309 5200 2552 5274 efﬁgies,
2569 5205 2694 5257 tum
2718 5203 3048 5275 composita
3066 5219 3136 5258 ex
3155 5203 3332 5259 variis
3353 5203 3661 5274 speciebus

2013 5296 2342 5348 aromatum
2375 5291 2632 5362 ingentis
2681 5291 2850 5364 pretii
2901 5291 3308 5365 thymiamata.
3337 5293 3420 5347 Ad
3454 5291 3577 5346 haec
3606 5296 3664 5344 et

2013 5380 2254 5452 majoris
2286 5379 2542 5436 ecclesia;
2566 5381 2813 5453 endyten
2837 5383 2956 5437 sive
2986 5385 3232 5452 tapetem
3263 5379 3484 5446 altaris,
3508 5379 3660 5433 rosei

2013 5470 2247 5536 coloris,
2271 5486 2410 5525 auro
2441 5469 2708 5536 illusum,
2739 5471 3058 5526 unionibus
3083 5468 3334 5526 insertis.
3365 5468 3531 5522 Hunc
3556 5465 3662 5520 im~

2012 5560 2505 5634 perator,quando
2528 5563 2616 5615 est
2635 5559 3007 5615 anathemate
3031 5555 3486 5624 solutus,divino
3511 5560 3660 5611 tem-

2013 5648 2107 5722 plo
2149 5652 2501 5719 sacraverat,
2531 5648 2752 5704 donum
2799 5664 2996 5704 revera
3043 5646 3145 5702 tali
3195 5660 3441 5716 persona
3471 5649 3527 5703 et
3557 5642 3662 5701 tali
