3912 6192
400 289 510 346 839

1699 271 1995 329 GEORGII
2033 271 2495 328 PACHYMERE
3047 277 3051 281 ‘

2155 271 2495 328 mmmam
3047 277 3051 281 ‘
3617 283 3700 340 sic

405 414 578 484 ὀξείας
632 406 721 463 διὰ
771 404 1088 482 μαργάρων,
1140 399 1205 470 ἢν
1267 400 1295 456 ὁ
1357 396 1612 475 βασιλεὺς
1666 397 2037 473 προσενεγκὼν
2069 395 2324 484 Ατέρας
2369 392 2740 470 ἐπινεμησεως
2793 399 2913 467 τοῦ,
2968 398 3151 472 ,ςψπβ⁸
3205 396 3364 469 ἔτους,
3414 402 3614 479 κατέχων
3637 409 3705 462 καὶ

397 508 476 572 τῷ
507 499 632 570 θείῳ
659 497 870 568 τεμένει
905 491 1080 566 δῶρον
1135 487 1307 552 ὅντως
1357 488 1595 561 ἐπάξιον,
1648 485 2048 562 συγχωρούμε-

396 611 506 656 νος,
541 585 654 641 ἐπεὶ
687 583 786 639 οὐκ
839 580 1057 659 ἔφθασεν
1114 579 1296 656 ἑτέραν
1355 579 1771 651 εὐτρεπισθῆναι
1827 578 1908 647 τῷ
1954 595 2047 648 με·

395 676 551 752 γάλῳ
583 676 688 730 τῶν
723 671 1045 750 Κορυφαίων
1079 674 1212 742 ναῷ,
1261 665 1607 740 ἀνταλλαγὴν
1664 669 1761 720 τοῦ
1818 664 2046 739 γινομέ-

394 750 489 822 νου
522 765 658 841 πρὸς
689 765 750 818 τὸ
810 760 866 817 ὃν
924 765 1038 816 οἷον
1088 757 1443 831 ποιούμενος,
1502 750 1689 810 λαϐὼν
1749 751 2048 808 ἀπέστελλε

391 857 484 911 καὶ
512 854 699 924 αὐτὴν.
734 853 801 909 Οἱ
837 851 928 924 μὲν
964 848 1054 904 οὖν
1090 849 1262 911 οὕτως
1319 847 1644 921 ἀναχθέντες
1695 842 1982 900 ἀπέπλεον’
2018 844 2045 897 ὁ

395 945 453 1000 δὲ
486 942 742 1020 βασιλεὺς
774 940 889 995 ἐπεὶ
923 937 1020 994 οὒκ
1052 939 1168 1012 εἶχε
1201 936 1326 1012 ῥᾷον
1358 934 1696 1009 ἀποσχέσθαι
1726 937 1822 988 τοῦ
1851 953 2046 1009 πατρι-

391 1019 570 1109 άρχου
603 1030 901 1106 (αντείχετο
933 1029 1038 1104 γάρ
1072 1028 1147 1090 ὡς
1178 1024 1348 1086 λεπὰς
1379 1023 1578 1099 πέτρας
1628 1022 1833 1078 ἐκείνου
1873 1019 1961 1076 διά
1989 1041 2048 1076 τε

387 1124 488 1192 τήν
511 1123 602 1177 ἀπ’
636 1121 840 1176 ἐκείνου
873 1118 1222 1192 συγχώρησιν
1240 1114 1329 1168 καὶ
1360 1129 1456 1184 τὴν
1492 1114 1627 1188 πρὸς
1660 1111 1862 1166 ἐκεῖνον
1896 1109 2010 1180 πλη
2035 1145 2045 1154 ~

393 1210 678 1290 ροφορίαν.
729 1209 802 1270 ὡς
838 1207 924 1261 ὑπ’
956 1205 1104 1277 αὐτῷ
1135 1202 1570 1275 σωθησόμενος),
1623 1202 1888 1271 συνθήκας
1919 1221 2046 1254 ποι-

391 1308 529 1356 εῖται
566 1299 699 1372 μετά
719 1297 819 1352 τοῦ
851 1296 1196 1370 πανριάρχου
1231 1295 1316 1364 [Ρ.
1345 1294 1472 1364 262]
1515 1293 1588 1365 (οἱ
1617 1291 1717 1366 γὰρ
1769 1291 2045 1364 ἀρχιερεῖς

388 1390 478 1445 καὶ
541 1387 697 1463 μόγις
750 1382 1251 1455 καθυπεκλίθησαν)
1320 1380 1492 1442 οὕτως
1545 1379 1822 1454 ἐχούσας,
1883 1379 2041 1433 αὐτὸν

396 1478 488 1551 μὶν
541 1474 821 1546 ἐξελθόντα
868 1477 964 1528 τοῦ
1022 1470 1417 1547 πατριαρχείου
1451 1469 1501 1523 ἐν
1533 1472 1601 1542 τῇ
1632 1475 1733 1538 τῆς
1781 1463 2042 1544 Ιῐεριϐλέ-

391 1589 530 1622 πτου
587 1567 852 1634 καθῆσθαι
915 1565 1055 1635 μονῇ
1091 1607 1104 1632 ,
1175 1560 1498 1633 σωζομένων
1557 1563 1662 1612 τῶν
1723 1557 2038 1632 προνομίων

390 1654 536 1727 αὐτῷ
565 1654 653 1708 καί
701 1674 763 1728 γε
820 1651 1303 1724 μνημονευομένου
1363 1647 1498 1703 κατᾶ
1553 1648 1619 1702 τὰ
1673 1647 1735 1701 τὸ
1792 1646 2038 1715 σύνηθες,

2152 486 2220 540 τὰ
2273 483 2438 539 αὐτοῦ
2491 486 2770 560 προνόμια
2827 485 3177 561 ἀναφαίρετοι.
3233 487 3308 544 Τὰ
3345 485 3396 543 δὲ
3419 491 3711 565 τῆςἘκκ).η.

2155 574 2272 636 σίας
2300 568 2378 628 ἔτι
2410 572 2461 628 ἐν
2493 573 2708 650 γαλήνῃ
2747 576 2884 644 ἦσαν
2940 573 3088 644 πλὴν
3143 576 3248 630 τῶν
3304 583 3393 648 τῆς
3446 579 3710 651 Ἐκκλησίας

2151 660 2492 738 τεταγμένων
2529 662 2606 727 εἴς
2636 665 2931 739 ἄρχοντας.

2157 835 2245 898 ιη’.
2317 825 2447 902 Περὶ
2513 835 2614 898 τῆς
2679 833 2778 884 τοῦ
2835 826 3117 904 βασιλέως

3207 830 3334 904 πρὸς
3392 829 3504 896 τοὺς
3554 831 3717 905 κληρι-

2761 900 2895 964 κοῦς
2935 903 3196 977 ἀνάγκης.

2224 1023 2484 1087 Ἐκείνοις
2539 1025 2645 1101 γὰρ
2701 1025 2792 1080 καὶ
2855 1024 2975 1081 λίαν
3031 1025 3282 1086 ὑπόπτως
3327 1026 3564 1099 ὁκρατῶν
3606 1029 3716 1102 εἶχεν

2153 1112 2226 1174 ὡς
2260 1112 2323 1166 οὐ
2357 1111 2784 1184 συνθησομένοις
2836 1110 3058 1188 ῥᾳδίως,
3111 1111 3201 1166 καὶ
3257 1111 3457 1184 μᾶλλον
3507 1111 3725 1175 πολλάκις

2150 1201 2339 1263 αὐτοῖς
2368 1199 2465 1256 τοῦ
2515 1201 2720 1256 Βέκκου
2779 1198 3172 1277 διαλεγομένου
3223 1200 3311 1254 καὶ
3339 1196 3726 1276 προϐαλλομένοο

2148 1290 2215 1345 τὰ
2257 1295 2364 1344 τῶν
2422 1288 2586 1365 ἁγίων
2646 1289 2784 1365 ῥητᾶ
2842 1290 2918 1362 μή
2964 1290 3310 1363 πειθομένοις
3370 1289 3592 1362 πάμπαν,
3619 1288 3734 1344 ἀλλὰ

2149 1377 2345 1450 δήλοις
2403 1376 2520 1433 οὖσι
2584 1379 2660 1452 μὴ
2716 1377 3206 1452 καταδεξομὲνοις,
3265 1378 3309 1433 εἰ
3365 1374 3612 1451 προδαίη,
3656 1379 3732 1446 τήν

2145 1472 2337 1544 πρᾷξιν
2391 1471 2549 1526 ’Ὁθεν
2592 1469 2682 1524 καὶ
2740 1469 2915 1532 αἰτίας
2973 1469 3153 1546 σφίσιν
3183 1468 3211 1524 ὀ
3241 1473 3445 1545 κρατῶν
3499 1466 3736 1523 ἐπλάττετο

2147 1560 2220 1623 ὡς
2249 1559 2385 1634 πρὸς
2414 1559 2574 1613 αὐτὸν
2602 1560 2702 1627 τήν
2735 1560 2871 1635 πρὸς
2902 1557 3152 1614 δουλείαν
3205 1558 3544 1636 ἀφηνιάζουσι
3581 1559 3653 1612 καὶ
3681 1558 3738 1620 ὡς

2147 1647 2468 1717 ὀνειδίζουσι
2499 1651 2594 1721 μὶν
2646 1650 2989 1725 ἀρχιερεῦσιν
3051 1649 3414 1721 ὑποκλιθεῖσι,
3463 1647 3739 1723 καταρωμέ-

391 1743 735 1798 ἀπελθόντων
767 1739 824 1796 δὲ
851 1745 960 1794 τῶν
998 1733 1274 1813 πρέσϐεων
1309 1737 1352 1792 εἰ
1390 1737 1484 1810 μὲν
1533 1739 1568 1806 ἡ
1619 1735 1810 1810 πρᾶξις
1859 1737 2039 1790 ὁπως·
2071 1775 2118 1840 Β
2147 1758 2261 1799 νοις
2295 1734 2351 1792 δὲ
2387 1737 2601 1812 βασιλεῖ
2628 1741 2832 1793 τοιαῦτ’
2873 1739 3232 1813 ἀναγκάζοντι
3258 1738 3506 1814 γίνεσθαι.
3557 1734 3739 1809 Ἀμέλει

331 1887 340 1891 ._
392 1830 593 1902 δήποτε
648 1827 1035 1897 διακωλυθείη,
1097 1826 1254 1880 αὐτὸν
1307 1825 1397 1880 καὶ
1429 1824 1591 1878 πάλιν
1652 1825 1783 1878 εἶναι
1813 1824 1903 1877 τὸν
1935 1843 2038 1876 πα-

389 1924 663 1998 τριάρχην
696 1921 773 1982 είς
803 1920 864 1974 τὸ
896 1921 1287 1994 πατριαρχεῖον
1347 1913 1658 1987 ἀνελθόντα,
1690 1911 1782 1967 καί
1811 1933 1875 1987 γε
1909 1911 2042 1984 μετὰ

391 2017 498 2068 τῶν
557 2008 858 2086 ἀρχιερέων
921 2007 1216 2079 εἶρηνεύειν
1254 2049 1268 2072 ,
1342 2002 1509 2076 μηδὲν
1552 2008 1659 2058 τῶν
1716 2001 2038 2075 συμϐάντων

394 2101 879 2176 ὗπολογιζόμενον·
938 2097 983 2152 εἰ
1017 2094 1072 2150 δὲ
1105 2090 1343 2169 προϐαίη
1393 2095 1483 2148 καὶ
1533 2091 1781 2148 εὐοδοῖτο
1840 2091 1914 2153 εἷς
1943 2091 2038 2146 τέ-

392 2188 491 2253 λος
539 2190 601 2244 τὸ
632 2188 914 2263 προτεθὲν,
966 2185 1124 2240 αὐτὸν
1176 2185 1269 2257 μὲν
1321 2183 1559 2237 ἐντεῦθεν
1609 2182 1842 2257 ἀργῆσαι
1887 2181 2039 2251 πάμ-

389 2301 518 2348 παν,
553 2276 722 2334 ἄλλον
757 2276 812 2330 δὲ
839 2276 951 2331 ἄντ’
982 2274 1146 2329 αὐτοῦ
1177 2273 1462 2342 ἐπιστῆσαι
1517 2275 1586 2344 τῇ
1633 2271 1932 2342 Ἐκκλησιᾳ
1963 2270 2039 2332 ὡς

391 2370 468 2442 μὴ
499 2372 718 2443 χωροῦν
767 2364 968 2420 ἐκεῖνον
1026 2366 1184 2430 εἶναι,
1215 2366 1330 2424 τοῖς
1383 2359 1567 2437 ὅρκοις
1624 2357 2035 2436 προκατειλημ-

391 2460 575 2529 μένον.
608 2459 782 2509 Ταῦτα
827 2454 962 2528 πρὸς
1014 2449 1299 2522 ἀλλήλους
1358 2448 1691 2523 συνθεμένων
1724 2451 1752 2502 ὁ
1786 2449 1880 2521 μὲν
1929 2469 2035 2503 πα-

385 2545 662 2619 τριάρχης
692 2542 970 2606 κατελθὼν
1007 2540 1082 2603 εἷς
1121 2542 1220 2610 τήν
1275 2546 1373 2608 τῆς
1430 2533 1805 2611 Ιίεριϐλέπτου
1865 2538 2037 2610 μονήν

387 2634 761 2711 προσκαθίζει,
820 2628 1070 2703 ἑνδεκάτῃ
1122 2629 1295 2702 μηνὸς
1355 2622 1852 2700 Ἑκατομϐαιῶνος,
1905 2624 2032 2681 δευ-

386 2846 733 2904 caeremonia
750 2845 1016 2918 dignum.
1033 2845 1350 2916 Receperat
1369 2845 1561 2898 autem
1586 2841 1754 2897 illum
1779 2842 1933 2914 apud
1954 2858 2034 2910 se,

385 2938 584 2994 animo
628 2935 869 2992 curandi
902 2939 968 2991 ut
1000 2932 1214 2989 similis
1249 2933 1446 2988 formae
1497 2931 1649 2987 alius
1699 2932 1881 3001 ﬁeret,
1911 2949 1945 2987 a
1975 2949 2038 2988 se

385 3043 600 3100 magno
641 3026 972 3098 principum
1024 3022 1418 3094 apostolorum
1473 3019 1690 3092 templo
1723 3021 2033 3076 dicandus.

385 3115 702 3172 Occasione
736 3130 903 3185 porro
936 3113 1212 3166 invitatus
1252 3111 1355 3165 hac
1387 3110 1884 3181 proﬁciscentium
1916 3116 2034 3166 Ro-

385 3222 542 3261 mam
570 3205 895 3275 legatorum
918 3218 1051 3256 eum
1078 3200 1225 3272 ipsis
1247 3199 2030 3271 tradidit,compensaturum

387 3311 450 3349 se
480 3293 713 3347 abunde
762 3291 1048 3360 recipiens
1092 3287 1379 3360 quidquid
1429 3287 1708 3350 ecclesiae,
1734 3289 2033 3344 subtracto

385 3379 496 3433 isto
528 3377 578 3432 ei
611 3377 832 3430 dudum
879 3380 1039 3446 parto
1073 3374 1608 3444 donario,deperire
1627 3373 1941 3430 videretur.
1967 3375 2035 3429 Et

383 3467 468 3520 illi
491 3464 729 3536 quidem
751 3464 809 3518 in
828 3464 982 3518 hunc
997 3463 1234 3517 modum
1251 3461 1789 3517 solveruntItaliam
1807 3478 2029 3518 versus.

381 3557 453 3610 At
481 3554 802 3626 imperator
839 3550 1008 3608 avelli
1041 3568 1104 3606 se
1134 3568 1167 3605 a
1199 3550 1526 3622 patriarcha
1557 3550 1714 3606 haud
1747 3551 1915 3607 facile
1948 3554 2029 3606 fe-

383 3644 549 3700 rebat
582 3659 594 3697 :
629 3641 681 3697 ei
713 3641 869 3696 enim
916 3640 1168 3695 haerebat
1201 3645 1266 3694 ut
1297 3639 1456 3710 lepas
1491 3645 1683 3710 petraz,
1715 3639 1802 3695 vel
1853 3657 2029 3696 sensu

382 3731 832 3804 henefieii,quod
859 3730 930 3785 ab
953 3747 1019 3785 eo
1051 3745 1113 3785 se
1136 3730 1507 3785 meminisset
1535 3730 1904 3786 anathemate
1936 3748 2030 3785 so-

383 3823 600 3891 lutum,
631 3821 716 3876 vel
751 3821 994 3891 antiquo
1027 3836 1137 3875 usu
1162 3823 1218 3875 et
1235 3835 1302 3874 ex
1333 3835 1398 3875 eo
1422 3825 1560 3874 nata
1582 3820 1796 3874 ﬁducia
1825 3818 2031 3875 salutis

383 3930 486 3984 per
531 3930 664 3969 eum
717 3909 1122 3981 assequendze.
1163 3911 1352 3974 Quare
1397 3909 1561 3964 illum
1619 3909 2030 3980 quoquomodo

381 4017 684 4074 segregare
715 4017 746 4055 a
787 4017 968 4056 causa
1016 3998 1350 4054 schismatis
1400 3999 1648 4054 studens
1678 3999 1846 4070 (alios
1877 3999 2030 4053 enim

381 4091 687 4162 episcopos
722 4090 779 4143 iu
813 4105 978 4144 suam
1003 4088 1239 4144 tandem
1265 4089 1616 4142 sententiam
1652 4087 2031 4159 pertraxerat)

385 4179 656 4234 convenit
702 4177 760 4230 in
810 4177 932 4232 haec
961 4194 1093 4232 cum
1127 4177 1248 4244 illo,
1281 4185 1344 4232 ut
1391 4176 1766 4248 patriarchali
1813 4176 2030 4249 palatio

384 4283 655 4338 egressus
715 4264 1104 4320 diversaretur
1160 4266 1218 4321 in
1280 4265 1592 4337 Periblepti
1652 4265 2027 4335 monasterio,

384 4355 561 4411 salvis
582 4355 633 4410 ei
659 4355 1036 4424 proventibus
1057 4361 1114 4410 et
1137 4355 1355 4412 honore
1377 4362 1658 4412 consueto
1681 4371 2032 4411 commemo-

385 4443 632 4500 rationis
663 4443 722 4496 in
751 4460 936 4498 sacro.
963 4445 1125 4506 Quod
1158 4444 1206 4499 si
1241 4462 1368 4516 quae
1397 4463 1486 4501 res
1514 4446 1768 4501 obstaret
1802 4460 1871 4500 ne
1904 4461 2032 4515 pro-

381 4533 515 4588 fecti
547 4537 788 4587 Romam
838 4532 1014 4604 legati
1066 4534 1360 4606 negotium
1403 4536 1773 4601 conficerent,
1816 4535 2029 4588 rediret
2058 4526 2105 4592 D

379 4621 480 4677 ille
510 4621 566 4676 in
603 4620 1023 4692 patriarchales
1051 4623 1205 4677 mdes
1235 4627 1290 4677 et
1312 4640 1428 4678 sua:
1453 4629 1514 4678 ut
1541 4624 1702 4695 prius
1724 4623 2027 4695 dignitatis

381 4717 699 4783 usurparet
723 4710 946 4777 munia,
965 4716 1211 4782 tumque
1232 4712 1289 4767 in
1313 4715 1789 4769 communionem
1815 4713 2026 4784 recipe-

383 4806 470 4856 ret
491 4801 821 4872 episcopos,
845 4799 990 4855 nihil
1022 4800 1139 4856 illis
1171 4817 1524 4858 succecsens
1547 4804 1700 4876 quod
1732 4805 1791 4857 in
1825 4818 2024 4873 pacem

383 4906 515 4945 cum
546 4887 766 4944 Latinis
797 4889 1255 4945 consensissent.
1279 4891 1376 4946 Sin
1420 4897 1606 4964 empta
1634 4909 1702 4947 ex
1732 4897 1863 4948 voto
1895 4910 2024 4964 per-

383 4983 715 5051 agerentur,
747 4977 860 5032 ﬁxo
913 4977 1041 5049 ipso
1092 4984 1361 5035 manente
1395 4981 1451 5036 in
1484 4981 1794 5051 rejecticno
1842 4983 2026 5053 pacis,

383 5067 600 5140 quippe
645 5065 737 5121 cui
798 5067 1170 5137 acquiescere
1214 5067 1300 5122 fas
1347 5068 1459 5124 sibi
1507 5087 1622 5124 non
1673 5074 1907 5141 putaret
1954 5071 2025 5126 ob

370 5157 804 5228 juramentum,
835 5159 963 5209 tum
1009 5171 1152 5211 sane
1181 5155 1492 5213 absisteret
1528 5157 1769 5226 honore,
1799 5159 2024 5213 locum-

381 5262 492 5316 que
541 5243 706 5300 alteri
755 5241 1030 5299 Ecclesiaa
1061 5244 1183 5299 vice
1229 5246 1382 5300 386
1429 5246 1618 5316 ipsius
1664 5247 2026 5316 praeficiendo

378 5335 735 5391 concederet.
791 5331 890 5387 His
940 5330 1094 5388 inter
1140 5335 1300 5405 ipsos
1352 5337 1648 5390 conventis
1696 5336 2027 5406 patriarcha

376 5426 437 5480 in
489 5422 803 5494 Periblepti
863 5425 1291 5479 monasterium
1341 5424 1612 5497 migravit
1662 5426 1756 5480 die
1808 5427 1871 5480 14
1923 5426 2027 5482 Ja-

382 5515 577 5571 nuarii
615 5512 884 5570 secundae
934 5510 1270 5570 indictionis
1322 5514 1458 5570 anni
1505 5515 1666 5580 6782,
1699 5515 1898 5573 fruens
1945 5517 2027 5573 ibi

376 5605 666 5661 reditibus
701 5602 826 5660 suis
857 5602 1072 5660 annuis
1105 5602 1231 5659 sine
1263 5604 1673 5661 diminutione.
1707 5605 1802 5662 Sic
1831 5607 2024 5664 Eccle-

2149 1847 2236 1881 τοι
2292 1827 2380 1881 καὶ
2425 1829 2642 1901 πρῶτον
2696 1834 2830 1906 σφᾶς
2889 1827 3148 1892 θωπείαις
3211 1826 3453 1892 ὑπελθεῖν
3508 1824 3740 1903 ἕγνω,καὶ

2150 1916 2564 1991 προσεκαλεῖτο,
2631 1918 2721 1972 καὶ
2797 1923 3103 1990 τιμητικῶς
3169 1919 3520 1996 προσεφέρετο
3595 1912 3745 1985 κόχλῳ

2147 2007 2364 2069 καθίσας
2421 2007 2510 2061 καὶ
2567 2009 2634 2063 τὰ
2691 2011 2896 2079 συνήθη
2957 2003 3434 2083 προϐαλλόμενος.
3485 2003 3625 2076 Mnes
3662 2005 3741 2077 γὰρ

2150 2097 2310 2171 χάριν
2343 2093 2518 2152 ἄλλου
2570 2097 3040 2172 πραγματεύεσθαι
3089 2099 3192 2168 τήν
3249 2098 3466 2170 εἷ’ρήνην
3557 2092 3747 2150 10635:-

2146 2185 2272 2247 νοὺς
2327 2185 2608 2259 πολέμους
2664 2187 3004 2256 ἀνακοπῆναι
3069 2185 3163 2242 καὶ
3245 2185 3528 2258 Ῥωμαίων
3581 2181 3745 2255 αἵματα

2146 2276 2572 2350 περιποιηθῆναι
2641 2275 3038 2351 ἐκχυθήσεσθαι
3106 2274 3487 2332 κινδυνεύοντα
3524 2317 3538 2331 .
3597 2271 3752 2327 Μένειν

2147 2359 2202 2416 δι
2306 2362 2319 2380 ε
2432 2365 2442 2382 ν
2634 2365 2650 2384 κ
2750 2367 2762 2388 ν
3003 2364 3014 2386 '
3482 2385 3509 2396 ..
3699 2357 3751 2399 .“ὶ

2184 2383 2323 2417 ικαι
2372 2363 2538 2419 παλιν
2588 2385 2687 2433 την
2767 2364 3080 2436 Εκκλησιαν
3135 2365 3586 2437 ἀκαινοτόμηιον,
3641 2377 3752 2432 μηο.

2143 2456 2240 2506 τοῖ’)
2305 2453 2569 2527 τυχόντος
2635 2457 2718 2527 [Ρ.
2802 2457 2930 2527 263]
3024 2453 3520 2534 παροφθησομένου
3559 2492 3572 2507 .
3630 2445 3758 2521 Τρισῖ

2146 2538 2204 2596 δὲ
2286 2541 2604 2618 κεφαλαίοις
2696 2543 2788 2597 καὶ
2885 2538 3072 2616 μόνοις
3145 2545 3213 2598 τὸ
3307 2542 3446 2617 πρὸς
3505 2540 3595 2608 τήν
3671 2539 3756 2591 τῶν

2143 2630 2458 2704 Ῥωμαίων
2566 2629 2896 2703 Ἐκκλησίαν
2999 2631 3383 2707 πραττόμενον
3485 2627 3760 2706 περιστήςε·

2145 2843 2242 2900 sits
2274 2845 2506 2915 quidem
2553 2862 2766 2916 corpus
2799 2845 2858 2900 in
2892 2847 3145 2918 quadam
3199 2843 3621 2919 tranquillitate
3647 2841 3762 2908 erat,

2153 2951 2265 2990 non
2298 2935 2435 2990 item
2469 2934 2569 3006 qui
2601 2935 2652 2989 ei
2688 2940 2988 3006 praerant.

2254 3042 2341 3097 18.
2377 3044 2442 3100 Ut
2475 3043 2775 3115 imperator
2813 3059 2978 3114 quam
3017 3044 3204 3115 potuit
3236 3041 3688 3101 vehementissime

2715 3115 2947 3171 clericos
3000 3119 3232 3172 urserit.

2216 3202 2333 3258 Hos
2365 3202 2521 3258 enim
2566 3202 2736 3259 valde
2793 3210 3090 3275 suspectos
3152 3205 3424 3262 habebat
3473 3202 3771 3274 imperator,

2144 3292 2300 3347 haud
2335 3292 2503 3348 facile
2534 3309 2886 3350 assensuros
2916 3299 3271 3362 autumans,
3299 3295 3508 3363 utique
3536 3307 3657 3347 cum
3683 3287 3772 3342 dis-

2145 3382 2358 3437 serenti
2409 3381 2754 3453 plerumque
2805 3384 2957 3454 apud
2999 3401 3098 3439 eos
3132 3388 3355 3452 Vecco,
3390 3388 3448 3440 et
3475 3376 3774 3438 testimonia

2145 3478 2479 3526 sanctorum
2512 3471 2769 3542 Patrum,
2803 3473 3018 3542 quibus
3065 3473 3270 3529 fuerat
3323 3474 3451 3544 ipse
3495 3470 3772 3527 convictus.

2145 3561 2521 3632 proponenti,
2577 3577 2691 3616 non
2742 3561 3196 3634 acquieverant,
3250 3564 3360 3619 sed
3419 3563 3478 3616 in
3527 3555 3775 3616 sententia

2144 3650 2504 3720 perstabant,
2538 3667 2652 3721 prae
2703 3667 2766 3706 se
2818 3651 3067 3706 ferentes
3117 3668 3245 3708 non
3303 3655 3645 3722 accepturos
3679 3660 3776 3700 om-

2144 3739 2281 3793 nino
2313 3739 2708 3805 concordiam,
2741 3741 2790 3795 si
2822 3746 3174 3797 conventum
3210 3742 3290 3797 de
3335 3741 3444 3796 illa
3473 3740 3632 3795 foret.
3660 3734 3776 3790 Hinc

2139 3829 2408 3884 irritatus
2440 3829 2714 3901 princeps
2755 3830 3337 3887 comminiscebatur
3367 3849 3505 3903 quae
3534 3828 3670 3901 ipsis
3695 3824 3780 3879 im-

2142 3918 2403 3988 pingeret
2445 3919 2724 3986 crimina;
2775 3919 2944 3990 quasi
2991 3920 3449 3990 subjectionem
3496 3918 3604 3991 ipsi
3649 3911 3777 3969 debi-

2143 4016 2260 4066 tam
2309 4011 2715 4079 detrectarent,
2758 4011 3319 4085 exprobrarentque
3373 4011 3662 4084 episcopis
3703 4022 3785 4078 pn-

2141 4116 2263 4154 cem
2333 4100 2762 4170 probantibus,
2833 4101 3310 4173 imperatorique
3385 4097 3783 4158 maledicerent,

2140 4191 2293 4260 quod
2327 4206 2425 4245 eos
2467 4190 2524 4244 in
2568 4206 2735 4245 suam
2772 4191 3127 4246 sententiam
3183 4194 3506 4249 traxisset.
3538 4191 3694 4248 Prius
3717 4189 3787 4239 ta-

2139 4295 2272 4333 men
2321 4295 2496 4350 quam
2551 4279 2672 4334 haec
2721 4284 3182 4352 persequeretur
3229 4282 3546 4348 infestius,
3589 4273 3790 4334 blandis

2139 4383 2238 4423 eos
2268 4368 2660 4440 experiundos
2692 4367 3070 4425 suasionibus
3101 4371 3378 4443 putavit,
3412 4372 3467 4428 si
3496 4372 3685 4444 posset
3709 4365 3794 4419 de-

2139 4456 2339 4513 linitos
2385 4458 2692 4513 adducere.
2729 4459 3069 4514 Convocatis
3116 4459 3323 4532 igitur
3356 4463 3435 4518 iis
3466 4467 3525 4516 et
3571 4455 3796 4528 exceptis

2138 4546 2560 4618 perhonoriﬁca
2623 4547 2851 4602 medius
2909 4548 3240 4606 considens
3307 4551 3499 4608 solita
3555 4547 3654 4604 illa
3704 4539 3798 4600 sibi

2139 4640 2195 4691 et
2246 4636 2463 4706 sapius
2511 4649 2644 4692 ante
2697 4635 2948 4708 allegata
2991 4641 3395 4709 memoravit,
3431 4657 3548 4696 non
3603 4637 3709 4693 alia
3752 4649 3801 4686 se

2137 4724 2356 4780 moveri
2423 4740 2603 4781 causa
2666 4726 2733 4780 ad
2809 4727 3181 4782 tractandam
3256 4746 3478 4802 pacem
3548 4725 3801 4802 proﬁtens

2137 4831 2315 4886 quam
2365 4814 2698 4870 necessaria
2747 4815 3126 4886 precautione
3180 4817 3648 4876 imminentium
3702 4816 3804 4870 ine-

2136 4902 2474 4971 vitabiliter,
2509 4903 2622 4958 nisi
2671 4903 2741 4958 de
2784 4902 2886 4958 illa
2915 4904 3294 4978 conveniret,
3325 4908 3630 4963 bellorum
3674 4910 3806 4960 atro—

2138 4993 2315 5060 cium,
2349 4997 2404 5048 et
2435 4992 2530 5064 pia
2561 4992 2926 5064 parcimonia
2964 4993 3226 5050 Romani
3282 4998 3635 5070 sanguinis,
3658 5007 3806 5066 quem

2137 5081 2306 5137 aliter
2353 5082 2780 5137 immanissima
2838 5083 3222 5139 fundendum
3288 5085 3632 5158 periculum
3683 5096 3807 5155 pra?-

2137 5187 2274 5225 sens
2313 5175 2488 5227 esset.
2521 5171 2605 5226 Ne
2651 5188 2823 5244 porro
2875 5170 3228 5229 dubitarent
3264 5175 3423 5248 quin
3483 5180 3617 5248 post
3654 5174 3808 5229 istam

2136 5273 2389 5331 quoque
2424 5277 2624 5332 pacem
2686 5277 2966 5316 mansura
3015 5259 3074 5314 in
3131 5267 3313 5319 statu
3369 5267 3651 5337 pristino,
3684 5261 3808 5317 citra

2138 5348 2317 5402 ullam
2393 5347 2676 5404 momenti
2754 5348 2997 5419 majoris
3061 5347 3625 5422 immutationem,
3685 5352 3811 5408 foret

2137 5436 2416 5492 Ecclesia.
2449 5438 2619 5494 Cordi
2671 5438 2780 5493 hoc
2826 5438 2938 5493 sibi
2989 5438 3143 5506 fore;
3207 5457 3330 5498 nec
3385 5445 3712 5516 quidquam
3760 5439 3808 5491 in

2139 5541 2206 5581 ea
2271 5541 2412 5582 cura
2486 5525 2890 5600 neglecturum
2969 5541 3100 5583 sese
3187 5537 3370 5590 certo
3451 5533 3809 5591 confiderent.

2139 5614 2354 5671 Tribus
2384 5616 2624 5672 demum
2679 5615 2822 5674 solis
2852 5615 3129 5690 capitulis
3167 5621 3384 5679 totum
3441 5623 3556 5681 hoc
3599 5636 3812 5679 concor-
