3912 6192
195 237 272 294 841

1177 227 1274 279 DE
1310 223 1679 278 MICHAELK
1717 224 2162 285 PALEOLOGO
2198 233 2335 287 LIB.
2377 236 2446 288 V.

3418 237 3528 292 842

189 372 301 427 σθαι,
326 351 542 429 πρωτείῳ
568 349 819 423 ἐκκλήτῳ
864 348 953 405 καί
1005 347 1361 423 μνημοσύνῳ,
1413 343 1483 399 ὧν
1533 342 1839 417 ἓκαστονΑ
1869 349 1994 422 περὶ
2047 352 2253 408 τούτων
2308 350 2419 410 ἔστι
2472 358 2661 433 καιρὸς
2711 356 2943 424 εὐθετεῖν
2998 360 3089 415 καὶ
3145 358 3525 438 πληροφορεῖν

187 446 229 505 εἷ’
248 469 312 509 τις
346 436 553 516 ἀκριϐῶς
602 440 858 511 σκοποίη,
905 439 1058 494 κενὸν
1106 437 1237 491 εἶναι
1291 435 1515 508 ἀνάγκη.
1551 461 1578 487 ‹‹
1628 434 1765 489 Ιῐότε

185 534 357 611 γὰρκαὶ
389 528 729 605 παρουσιάσας
778 530 805 583 ὁ
857 528 1080 588 πάππας
1137 526 1453 599 προκαθίσει
1502 529 1609 579 τῶν
1664 523 1761 578 ἄλ-

187 624 305 691 λων;
333 621 449 675 Πότε
477 616 530 673 δέ
557 638 665 671 τισι
708 618 799 671 καὶ
850 616 1071 680 ἐπέλθοι
1123 613 1276 683 δίκην
1322 613 1513 688 έχουσι
1561 611 1763 667 Θάλασ-

186 735 255 767 σαν
289 710 521 778 τοσαύτην
569 707 833 776 ταμέσθαι
891 706 979 759 καὶ
1028 705 1187 759 τόσον
1248 703 1616 777 ἀναμετρῆσαι
1675 703 1763 756 πέο

185 803 330 875 λαγος,
379 798 450 875 ἐφ’
501 796 543 868 ᾧ
599 801 706 851 τῶν
761 796 1138 867 νομιζομένων
1200 792 1483 867 πρωτείων
1532 797 1721 866 τυχεῖν
1744 811 1765 855 ,-

183 892 229 945 τὸ
277 888 315 943 δ’
360 886 435 941 ἐπὶ
464 889 527 959 τῇ
558 887 800 959 ἡμετέρᾳ
829 883 919 939 καὶ
978 885 1117 957 μόνῃ
1170 880 1455 951 ἐκκλησίᾳ,
1506 881 1596 935 καὶ
1642 879 1764 935 δευ-

182 979 281 1054 τέρᾳ
303 976 359 1051 τῇ
399 976 505 1038 καθ’
554 976 693 1047 ὑμᾶς
723 973 812 1028 καὶ
848 970 1089 1049 μεγάλῃ,
1128 970 1221 1026 τὸν
1262 972 1484 1025 πάππαν
1544 991 1765 1043 μνημος

180 1068 486 1130 νεύεσθαιτοῦ
528 1063 877 1139 πατριάρχου
930 1058 1405 1136 λειτο·.›ργοῦντος,
1461 1059 1513 1113 τί
1569 1057 1631 1113 ἂν
1686 1064 1765 1131 τῷ

180 1159 295 1231 ὀρθῷ
341 1152 661 1229 προσσταίης
734 1152 928 1213 πόσαις
994 1150 1337 1223 οἷ’κονομίαις
1407 1150 1457 1203 οἱ
1538 1148 1767 1222 Πατέρες

176 1242 395 1319 πρὸςὸτι
440 1241 681 1317 γενέσθαι
741 1242 1013 1316 συμφέρον
1074 1240 1423 1314 ἐχρήσαντο;
1480 1238 1569 1292 καὶ
1638 1235 1767 1291 αὐτὸ

176 1335 220 1391 δὲ
258 1337 310 1389 τὸ
358 1334 438 1388 τὸν
494 1334 624 1387 Θεὸν
692 1327 938 1405 γενέσθαι
1016 1327 1301 1404 ἄνθρωπον
1375 1327 1465 1382 καὶ
1540 1327 1765 1397 σταυρὸν

179 1426 415 1495 ὑπομεῖναι
469 1421 557 1475 καὶ
618 1419 843 1474 θάνατον
902 1415 1337 1489 καταδέξασθαι,
1398 1414 1583 1478 ἄλλως
1641 1412 1768 1469 ὄντα

171 1517 260 1583 Θεῷ
302 1512 521 1587 ἀπρεπῆ,
583 1509 626 1562 εἷ
685 1510 793 1581 μὴν
853 1507 943 1561 καὶ
974 1513 1088 1579 Θεῷ
1120 1506 1545 1578 συνειλημμένῳ
1579 1506 1764 1578 σώμα-

168 1600 359 1667 τι,ἀλλ’
394 1600 476 1653 οὖν
540 1600 657 1652 κατ’
711 1596 1031 1669 οἰκονομίαν
1088 1597 1187 1664 τήν
1245 1595 1504 1649 ἀνωτάτω
1556 1595 1765 1667 γέγονε,

163 1690 229 1742 καῖ
274 1688 364 1743 τῶν
420 1689 490 1759 μὴ
552 1686 869 1759 πρεπόντων
930 1690 1046 1757 Θεῷ
1096 1684 1417 1762 σαρκοφόρῳ
1458 1682 1766 1759 γενομένων

162 1780 343 1846 nini,
398 1775 695 1847 οἰκουμένη
758 1774 1037 1833 σέσωσται,
1089 1774 1247 1831 Οὕτω
1307 1776 1500 1848 χρῆμα
1557 1774 1763 1844 θαυμα-

161 1867 256 1920 στὸν
303 1869 331 1935 ἡ
378 1865 684 1937 οἰκονομία.
736 1864 833 1917 Καί
891 1865 941 1937 γ’
999 1865 1162 1934 ἡμεῖς
1216 1859 1363 1937 εἷ’περ
1399 1860 1767 1932 οἴκονομικῶς

161 1956 231 2008 τὸν
270 1954 631 2028 ἐπηρτημένον
690 1950 939 2007 κίνδυνον
991 1954 1277 2028 φύγοιμεν,
1333 1950 1441 2025 οὐχ
1488 1949 1637 2013 ὅπως
1693 1948 1769 2012 εἷς

167 2044 383 2118 ἁμαρτίαν
438 2043 873 2118 λογισθήσεται,
928 2041 1072 2096 ἀλλᾶ
1128 2042 1217 2095 καὶ
1276 2036 1767 2116 προσαποδέξονται

166 2136 204 2185 οἱ
245 2136 468 2207 γνώσεως
531 2133 755 2207 ἀρίστης
811 2126 1103 2201 ἐπήϐολοι.
1155 2132 1336 2203 Ὑμεῖς
1393 2126 1472 2197 δὲ,
1504 2125 1632 2183 ἀλλ’
1690 2128 1763 2189 ὡς

164 2222 350 2293 ἀκούω,
402 2223 489 2277 καί
555 2223 833 2298 ἀρχιερεῖς
890 2220 966 2281 εἷς
1022 2224 1184 2274 τοῦτο
1247 2217 1768 2292 συγκατανεύσαντας

160 2314 501 2390 ἀποστρέφεσθε
534 2356 549 2379 ,
616 2312 705 2365 καὶ
778 2311 879 2379 τὴν
935 2308 1267 2379 Ἐκκλησίαν
1326 2314 1582 2383 πειρᾶσθε
1636 2306 1767 2381 σχί-

167 2406 263 2468 ζειν,
309 2401 388 2455 καὶ
435 2404 603 2473 ἡμῖν,
631 2400 706 2461 ὡς
758 2397 1041 2468 ἤκουσται,
1074 2404 1397 2473 καταρᾶσθε.
1432 2397 1513 2453 Τἀ
1548 2396 1641 2469 μὲν
1673 2395 1765 2449 οὖν

163 2607 246 2661 die
270 2624 386 2663 cum
426 2608 695 2665 Ecclesia
741 2607 1004 2662 Romana
1049 2605 1350 2677 negotium
1400 2605 1547 2660 387
1587 2603 1768 2658 conti-

160 2698 278 2765 neri,
301 2699 578 2768 primatu,
595 2696 1003 2768 appellatione,
1021 2694 1599 2751 commemoratione.
1620 2696 1770 2757 Quo-

163 2800 264 2839 rum
308 2786 792 2858 unumquodque,
839 2783 888 2838 si
939 2784 1071 2854 quis
1121 2788 1273 2838 recte
1323 2782 1671 2849 consideret,
1716 2780 1772 2833 in

156 2889 335 2929 vanum
364 2876 671 2930 abiturum
704 2878 1001 2945 appareat.
1027 2873 1268 2935 Quando
1304 2870 1457 2926 enim
1494 2874 1775 2925 venturus

159 2963 694 3037 Constantinopolim
722 2980 869 3034 papa
890 2962 1178 3034 primatus
1199 2961 1369 3016 istius
1388 2959 1480 3015 sui
1501 2976 1564 3015 ac
1584 2958 1775 3031 praesi—

160 3052 334 3109 dentize
364 3072 627 3126 presens
663 3054 744 3108 sit
774 3052 1205 3125 possessionem
1237 3048 1548 3105 aditurus?
1593 3050 1771 3113 Quem

156 3150 314 3198 autem
340 3150 621 3215 putarent
642 3160 876 3198 causam
908 3143 994 3196 hic
1013 3142 1302 3196 dicentem
1328 3145 1773 3211 provocaturum

154 3234 382 3298 Romam,
415 3239 470 3289 et
523 3238 695 3288 tanto
743 3230 1043 3285 intervallo
1075 3230 1222 3285 vasti
1273 3229 1476 3299 maris,
1508 3228 1606 3283 lite
1638 3227 1776 3283 illuc

154 3324 419 3392 sequenda
439 3325 548 3389 jus
576 3339 642 3377 ex
666 3320 1071 3391 provocatione
1094 3320 1484 3391 cognoscendi
1507 3334 1777 3373 assensu-

153 3425 258 3464 rum
285 3415 543 3467 Romano
575 3410 874 3465 Pontiﬁci?
900 3408 1217 3463 Mumorari
1247 3412 1441 3463 autem
1466 3408 1682 3479 Papam
1716 3407 1775 3462 in

151 3506 319 3556 nostro
348 3501 637 3573 primario
683 3506 740 3555 et
790 3498 1165 3570 patriarchali
1214 3497 1454 3569 templo,
1490 3498 1545 3552 in
1598 3496 1778 3552 altero

152 3587 269 3643 item
303 3591 397 3645 illo
430 3594 632 3647 vestro
660 3604 892 3660 magno,
916 3588 1100 3643 sacris
1124 3594 1400 3658 operante
1422 3587 1777 3658 patriarcha,

145 3680 263 3747 quid
316 3681 525 3752 utique
583 3696 615 3733 a
665 3683 818 3732 recto
869 3677 1205 3732 exorbitans
1258 3677 1438 3731 videri
1486 3677 1783 3747 sapienter

150 3768 564 3825 estimantibus
622 3767 839 3839 queat?
885 3768 971 3821 An
1031 3767 1172 3821 latet
1216 3766 1533 3837 prudentes
1586 3782 1778 3819 rerum

142 3872 294 3925 quam
312 3856 695 3930 obsequiosis
712 3855 1354 3911 accommodationibus
1377 3855 1784 3909 consueverint

147 3943 319 4001 Patres
344 3947 607 4002 libenter
638 3945 926 4001 redimere
950 3943 1215 4015 publicas
1241 3942 1560 3998 utilitates?
1577 3943 1778 3997 Exem-

143 4032 219 4103 plo
266 4036 472 4107 utique
526 4035 721 4106 ipsius
776 4033 899 4099 Dei,
948 4050 1060 4088 non
1118 4032 1424 4105 indignum
1478 4031 1784 4101 majestate

142 4138 233 4177 sua
260 4126 365 4179 rati
399 4123 859 4180 accommodare
892 4138 1019 4177 sese
1052 4120 1221 4176 nobis
1261 4137 1448 4192 usque
1478 4121 1548 4174 ad
1582 4136 1785 4175 susce-

142 4212 379 4281 ptionem
417 4214 707 4269 humanae
745 4216 982 4279 naturae,
1008 4215 1067 4266 et
1098 4212 1155 4266 in
1188 4228 1253 4265 eo
1288 4210 1415 4282 ipso
1448 4214 1783 4265 nostrorum

140 4300 297 4356 simili
330 4306 659 4375 assumpto
713 4318 951 4371 corpore
1006 4299 1437 4372 perpessionem
1489 4300 1680 4354 crucis
1734 4304 1790 4354 et

139 4392 347 4447 mortis.
409 4394 546 4457 Qua
618 4389 1046 4462 benignissima
1108 4406 1394 4460 supremae
1453 4388 1787 4445 Divinitatis

1870 438 1959 492 καὶ
2014 439 2114 495 ἀνά
2174 442 2336 518 μέρος
2377 443 2871 523 πληροφορεῖσθαι·
2923 445 3046 503 οὔτε
3103 450 3210 526 γὰρ
3270 452 3405 522 ἡμῖν
3440 450 3525 504 εὖ·

1871 530 2071 603 πρεπὲς
2126 534 2329 586 τοιαῦτ’
2361 534 2594 607 ἀκούειν,
2656 534 2771 601 οὔθ’
2829 538 2955 611 ὑμῖν
3015 539 3252 618 ἀσφαλὲς
3301 543 3527 593 τοιαῦτα

1873 615 2047 690 λέγειν
2092 620 2183 674 καὶ
2229 616 2398 697 φόϐον
2427 620 2724 695 ἐμϐάλλειν
2780 625 3017 689 πολλοῖς
3073 615 3148 691 ὧς
3199 627 3261 682 οὐ
3323 628 3524 697 στησό-

1879 718 2013 779 μεθα
2043 711 2205 780 ἡμεῖς
2249 710 2334 765 ἐπῖ
2366 714 2600 783 τούτοις,
2652 713 2796 769 ἀλλὰ
2847 711 3293 788 προσϐιασόμεθα
3343 715 3422 795 ἐφ’
3478 717 3523 788 ᾦ

1872 799 1959 851 καὶ
2011 795 2119 869 ἤθη
2153 799 2440 858 ἀλλάττειν
2474 805 2562 858 καὶ
2614 804 2908 881 ὁμολογεῖν
2942 807 3017 869 ὡς
3050 806 3245 862 ἐκεῖνοι
3276 807 3521 883 λέγουσι.

1872 888 2053 942 Ταῦτα
2112 886 2487 968 πληροφορεῖν
2520 892 2629 947 ἐστι
2674 896 2882 969 καιρὸς,
2938 896 3030 949 καὶ
3087 896 3518 974 πληροφορήσο-

1877 996 1993 1047 μεν.
2049 976 2119 1030 Τὸ
2178 975 2233 1031 δὲ
2291 984 2381 1033 νῦν
2431 981 2519 1035 καὶ
2578 980 2785 1055 βουλῆς
2813 990 2913 1053 τῆς
2943 984 2993 1055 ἐξ
3028 986 3175 1057 ὑμῶν
3208 984 3519 1060 χρῄζομεν,

1872 1063 1963 1117 καὶ
2016 1062 2222 1139 λεγέτω
2252 1063 2477 1130 ἕκαστος
2510 1070 2538 1124 ’ὁ
2571 1072 2621 1124 οἱ
2678 1068 2889 1142 δοκοίη·
2948 1073 3113 1145 μόνον
3173 1075 3247 1145 μή
3302 1078 3383 1145 τῷ
3437 1072 3524 1127 οἷ-

1874 1150 2007 1222 κείῳ
2039 1154 2331 1227 στοιχείτω
2388 1154 2658 1228 θελήματι
2714 1156 3052 1231 αὖταρεσκῶν
3087 1156 3361 1233 ἄντικρυς,
3394 1156 3523 1214 ἀλλ’

1874 1237 2327 1309 ἐκκλησιαστικὸς
2382 1244 2455 1297 ὥν
2497 1243 2965 1315 ἐκγλησιαστικῶς
3021 1246 3111 1300 καὶ
3173 1245 3401 1321 λεγέτω.
3454 1244 3524 1301 Τὸ

1872 1327 1976 1402 γὰρ
2028 1336 2349 1405 κατεπεῖγον
2379 1329 2435 1386 ἓν
2485 1332 2618 1399 ἐστι,
2650 1332 2714 1387 τὸ
2747 1339 2927 1410 φυγεῖν
2962 1331 3208 1388 κίνδυνον
3242 1334 3527 1408 ἀναγκαῖον

1875 1415 1920 1470 εἰ
1952 1422 2122 1471 ταῦτα
2176 1421 2529 1494 πράττοιμεν.
2576 1422 2776 1478 Ὁπόσν
2833 1419 2892 1476 δὲ
2946 1426 3137 1490 τοῦτο,
3186 1424 3308 1486 καθ’
3365 1422 3526 1477 αὐτὸν

1873 1502 2098 1567 ἕκαστος
2129 1505 2324 1561 ἐννοῶν
2359 1508 2500 1563 οὕτω
2531 1511 2848 1588 προφερέτω
2876 1512 2977 1580 τὴν
3018 1510 3267 1586 γνώμην,
3300 1511 3374 1573 ὡς
3406 1511 3531 1565 ἄνευ

1878 1593 2088 1648 ἐκείνου
2120 1592 2232 1649 οὔθ’
2309 1603 2400 1669 μῖν
2432 1600 2655 1668 κινητέα
2688 1604 2856 1654 ταῦτα
2886 1600 2975 1653 καὶ
3008 1600 3134 1673 ὑμῖν
3166 1601 3229 1655 τὸ
3254 1600 3379 1674 περὶ
3408 1600 3531 1654 τού-

1876 1704 1981 1737 των
2017 1680 2161 1746 ὅλως
2196 1692 2417 1741 σκοπεῖν
2463 1687 2744 1758 ἀνόνητον.
2779 1711 2805 1738 ››
2856 1689 3089 1751 Τούτοις
3134 1688 3224 1744 καὶ
3254 1689 3528 1751 τοιούτοις

1878 1772 2083 1847 ἑτέροις
2127 1778 2222 1827 τοῦ
2277 1775 2545 1848 βασιλέως
2588 1774 3200 1852 καταδημαγωγοῦντος
3244 1778 3372 1839 τοὺς
3427 1784 3527 1846 τῆς

1880 1859 2209 1931 Ἐκκλησίας
2259 1862 2595 1939 προέχοντας
2628 1910 2641 1933 ,
2702 1864 2894 1920 ἐκεῖνοι
2937 1866 3027 1920 καὶ
3085 1867 3323 1939 ἀπρεπὲς
3379 1867 3528 1942 σφίσι

1877 1953 2207 2025 καταρᾶσθαι
2240 1958 2319 2025 τῷ
2348 1955 2564 2029 βασιλεῖ
2592 1955 2680 2008 καὶ
2713 1952 2900 2017 ἄλλως
2923 1952 3251 2017 κινδυνῶδες
3266 1956 3524 2031 ἡγοῦντο,

1878 2037 1966 2092 καὶ
2016 2039 2239 2111 πάμπαν
2302 2040 2351 2113 ἐξ
2409 2041 2575 2111 αὐτῆς
2621 2042 2981 2115 ἀπηρνοῦντο,
3030 2046 3117 2113 [Ρ.
3149 2045 3280 2116 264]
3338 2041 3427 2097 καί
3467 2064 3530 2119 γε

1878 2133 2012 2203 σφᾶς
2068 2128 2205 2201 πρὸς
2260 2131 2529 2203 τιμωρίας
2586 2130 2819 2204 ἑτοίμως
2879 2128 3151 2198 ἐδίδοσαν,
3201 2130 3248 2186 εἰ
3305 2130 3527 2201 ἀληθῶς

1876 2213 2223 2291 ἐλέγχοιντο.
2275 2218 2349 2275 Τὸ
2383 2216 2439 2273 δὲ
2478 2219 2616 2295 πρὸς
2670 2219 2801 2282 τοὺς
2851 2222 3129 2296 ἀρχιερεῖς
3184 2217 3528 2298 διαφέρεσθαι

1882 2306 1957 2377 μὴ
2017 2307 2148 2360 εἶναι
2196 2311 2303 2362 τῶν
2364 2310 2666 2365 ἀπεικότων
2712 2307 2899 2386 ἔλεγον
2936 2327 2949 2343 ⁸
3006 2308 3383 2384 διισταμένους
3425 2309 3528 2387 γὰρ

1874 2398 1993 2457 ταῖς
2052 2395 2272 2472 πράξεσι
2330 2397 2456 2461 τοὺς
2513 2400 2712 2477 λόγους
2771 2398 3044 2463 ἐναντίους
3090 2406 3363 2466 ποιεῖσθαι
3418 2406 3529 2457 τῶν

1880 2602 2161 2673 plicatam
2196 2606 2404 2662 notitia
2440 2612 2691 2664 constet.
2717 2608 2915 2680 Neque
2945 2608 3098 2666 enim
3136 2609 3277 2667 talia
3307 2610 3394 2667 vel
3426 2626 3533 2668 no-

1881 2692 1972 2747 bis
2020 2693 2222 2749 audire
2254 2696 2527 2752 decorum
2580 2702 2669 2753 est
2718 2698 2870 2753 888
2902 2697 2991 2754 vel
3039 2699 3201 2755 vobis
3254 2716 3530 2757 securum

1884 2780 2062 2851 loqui,
2093 2788 2150 2836 et
2181 2783 2393 2839 falsum
2425 2785 2686 2841 incutere
2718 2785 2932 2858 populo
2967 2787 3395 2857 metum,quasi
3424 2804 3530 2844 nos

1884 2870 2136 2927 ulterius
2166 2890 2344 2944 quam
2379 2874 2766 2944 praeterimus,
2794 2875 2980 2931 simus
3010 2876 3069 2930 in
3103 2875 3212 2931 hoc
3243 2876 3405 2947 pacis
3436 2892 3533 2932 ne-

1885 2961 2042 3031 gotio
2102 2964 2457 3033 processuri,
2491 2968 2547 3019 et
2594 2964 2653 3019 in
2703 2964 2900 3020 animo
2958 2965 3282 3021 habeamus
3340 2982 3532 3022 mores

1888 3052 2063 3105 etiam
2096 3054 2151 3105 et
2182 3053 2330 3107 ritus
2362 3057 2594 3108 nostros
2639 3057 2999 3109 commutare
3028 3070 3164 3109 cum
3214 3055 3437 3111 Latinis
3465 3071 3532 3111 ac

1891 3157 1991 3212 per
2020 3140 2218 3194 omnia
2250 3141 2403 3196 idem
2435 3158 2569 3197 cum
2600 3141 2717 3197 illis
2750 3142 3029 3215 profiteri.
3061 3144 3187 3198 Hec
3236 3160 3301 3199 ac
3351 3143 3531 3216 liqui-

1882 3230 2046 3296 dum,
2082 3230 2161 3284 uti
2197 3229 2337 3300 dixi,
2371 3230 2714 3303 explorandi
2756 3248 2913 3287 nunc
2951 3237 3185 3303 tempus
3216 3239 3336 3301 est;
3369 3232 3536 3289 dabi-

1884 3334 2130 3390 musque
2157 3335 2395 3391 operam
2429 3324 2492 3374 ut
2523 3321 2593 3376 de
2623 3320 2696 3376 iis
2720 3320 2893 3392 plane
2915 3326 3161 3377 constet.
3188 3324 3248 3378 In
3276 3339 3532 3393 presens

1883 3408 2126 3464 consilio
2157 3414 2349 3465 vestro
2390 3426 2665 3483 egemus;
2700 3427 2879 3482 quare
2926 3410 3084 3466 dicat
3123 3411 3535 3483 unusquisque

1885 3498 2039 3571 quod
2068 3499 2117 3553 ei
2151 3498 2459 3555 videbitur.
2492 3500 2744 3555 Tantum
2773 3516 2843 3556 ne
2866 3498 3043 3556 nimis
3072 3500 3377 3572 indulgeat
3408 3517 3537 3572 pro-

1885 3587 2011 3658 prio
2044 3587 2295 3654 atl‘ectui,
2319 3588 2429 3642 sibi
2465 3589 2633 3644 unice
2664 3588 2921 3660 placens,
2946 3588 3046 3644 sed
3078 3604 3214 3644 cum
3246 3588 3324 3645 sit
3352 3587 3534 3645 eccle-

1886 3675 2179 3741 siasticus,
2227 3675 2619 3733 ecclesiastice
2674 3677 2978 3749 loquatur;
3013 3678 3167 3749 quod
3219 3679 3377 3734 enim
3427 3695 3535 3734 nos

1888 3770 2077 3836 urget,
2112 3782 2294 3819 unum
2319 3771 2429 3832 est,
2454 3766 2708 3838 effugere
2736 3767 3085 3837 periculum,
3116 3767 3447 3823 inevitabile
3474 3768 3536 3822 ni

1888 3853 2010 3907 hinc
2062 3853 2328 3909 iacimus.
2364 3856 2659 3919 Quantum
2709 3861 2902 3910 autem
2946 3855 3005 3909 id
3056 3853 3383 3926 periculum
3435 3856 3535 3923 sit,

1891 3945 2140 4015 quisque
2171 3945 2325 4014 apud
2354 3960 2415 3999 se
2441 3944 2706 4015 cogitans
2729 3944 2978 4000 aestimet
2999 3945 3319 4015 prudenter
3350 3946 3536 4016 prius,

1889 4038 1945 4088 et
1975 4032 2059 4087 sic
2110 4032 2250 4104 quid
2303 4049 2452 4104 opus
2502 4034 2652 4089 facto
2701 4034 2927 4104 judicet
2975 4033 3150 4089 dicat.
3188 4034 3353 4090 Certe
3412 4050 3541 4101 nos,

1891 4123 2115 4193 absque
2154 4122 2267 4177 isto
2320 4121 2577 4193 periculo
2627 4123 2790 4188 foret,
2823 4122 2937 4178 ista
2986 4139 3103 4177 non
3154 4138 3543 4178 moveremus.

1894 4211 2103 4266 Inutile
2136 4216 2331 4266 autem
2380 4210 2556 4266 fuerit
2597 4218 2857 4267 vestrum
2891 4211 3231 4284 quempiam
3280 4216 3403 4267 tota
3433 4213 3547 4268 ista

1893 4302 1965 4355 de
1996 4318 2055 4356 re
2086 4299 2469 4365 deliberandi,
2498 4301 2666 4372 quasi
2690 4302 2819 4371 jam
2852 4301 3100 4371 integra,
3125 4300 3419 4371 judicium
3454 4319 3547 4356 su-

1898 4407 2070 4445 mere.
2100 4390 2200 4445 His
2233 4400 2327 4445 aut
2362 4390 2541 4459 huius
2572 4390 2873 4445 sententiae
2907 4390 3100 4446 verbis
3132 4407 3266 4446 cum
3301 4390 3547 4447 delinire

136 4495 288 4536 carne
316 4482 559 4537 indute
589 4480 660 4533 ad
695 4484 927 4535 nostras
966 4478 1235 4533 miserias
1275 4478 1630 4534 deznissione
1661 4478 1786 4533 orbi
1816 4468 1868 4534 Ι)
1898 4480 2209 4551 sategisset
2258 4479 2575 4550 imperator
2626 4479 3025 4550 praecellentes
3058 4479 3117 4534 in
3148 4478 3429 4546 Ecclesia,
3460 4479 3549 4535 illi

140 4570 393 4627 universo
448 4575 657 4642 parata
708 4568 867 4623 salus
899 4573 1007 4624 est.
1040 4567 1218 4623 Nobis
1253 4567 1430 4638 igitur
1478 4568 1620 4623 adeo
1672 4585 1784 4622 non

135 4658 519 4730 imputabitur
569 4659 643 4713 ad
694 4657 951 4729 culpam,
986 4658 1032 4711 si
1065 4656 1388 4729 periculum
1442 4656 1788 4728 impendens

139 4748 301 4807 simili
344 4749 907 4807 accommodatione
951 4746 1547 4811 declinaverimus,ut
1599 4748 1789 4816 potius

131 4854 187 4893 eo
218 4842 464 4896 nomine
503 4838 711 4912 peritis
734 4854 927 4893 rerum
955 4841 1011 4891 et
1034 4835 1470 4907 perspicacibus
1498 4852 1791 4891 commen-

133 4926 294 4984 dandi
327 4931 559 4985 simus.
590 4927 705 4983 Vos
752 4943 883 4982 vero
933 4925 1110 4980 etiam
1158 4925 1486 4996 episcopos,
1521 4925 1622 4996 qui
1672 4930 1790 4979 tam

118 5015 286 5083 justis
318 5017 583 5074 adducti
633 5016 830 5071 causis
882 5014 1188 5069 nobiscum
1221 5013 1502 5082 sentiunt,
1557 5029 1790 5068 aversa-

127 5106 276 5173 mini,
312 5114 378 5162 ut
423 5105 636 5171 audio,
669 5109 725 5160 et
757 5101 1077 5158 Ecclesiam
1133 5102 1428 5157 conamini
1478 5102 1743 5157 scindere
1777 5118 1790 5156 :

127 5191 230 5250 imo
261 5196 472 5265 nobis,
513 5199 581 5250 ut
631 5195 834 5260 fertur,
871 5190 1022 5248 male
1064 5192 1410 5263 peccamini.
1446 5192 1547 5247 His
1598 5192 1789 5263 provi-

123 5284 287 5341 dendi
323 5304 501 5342 nunc
536 5291 774 5357 tempus
804 5289 913 5352 est,
948 5288 1003 5338 et
1048 5286 1181 5338 ante
1226 5283 1425 5338 omnia
1455 5282 1793 5352 explorandi

118 5374 182 5428 ad
215 5374 543 5448 liquidum
576 5376 714 5446 quid
762 5389 893 5429 vere
927 5373 985 5427 in
1018 5389 1079 5427 re
1112 5374 1209 5438 sit,
1240 5377 1303 5427 ut
1350 5376 1407 5427 et
1455 5372 1617 5427 vobis
1652 5373 1794 5441 quid

120 5479 221 5518 nos
248 5465 554 5529 velimus,
587 5469 642 5520 et
695 5462 864 5518 nobis
895 5461 1035 5533 quid
1087 5479 1189 5517 vos
1238 5466 1338 5517 aut
1387 5461 1655 5532 cogitetis
1697 5467 1797 5516 aut

117 5553 384 5625 egeritis,
401 5558 625 5610 mutuo
647 5556 1019 5627 perspectum
1044 5551 1335 5624 plenaque
1356 5550 1662 5624 sigillatim
1694 5568 1794 5608 ex-

459 5674 730 5735 Paraon.
777 5671 888 5734 Gn.
934 5671 1189 5732 CXLIII.

1897 4575 2030 4624 ante
2061 4569 2260 4623 omnia
2289 4568 2511 4624 crimen
2542 4567 2765 4624 diluere
2795 4573 3076 4625 curarunt
3108 4586 3225 4640 quo
3259 4575 3429 4625 erant
3458 4570 3549 4625 in-

1898 4657 2151 4715 simulati
2188 4656 2560 4712 maledixisse
2592 4658 2843 4729 principi
2876 4675 2889 4713 :
2925 4658 2982 4713 id
3015 4657 3172 4713 enim
3202 4657 3373 4714 valde
3403 4658 3551 4730 ipsis

1896 4748 2260 4815 indecorum,
2285 4762 2386 4801 nec
2410 4745 2605 4800 minus
2628 4744 2865 4800 aliunde
2888 4745 3285 4816 periculosum
3308 4747 3553 4801 arbitra-

1898 4836 2134 4891 bantur.
2168 4834 2355 4897 Quare
2399 4834 2453 4889 id
2488 4835 2797 4891 confestim
2838 4834 3071 4891 inﬁliati
3104 4840 3265 4902 sunt,
3298 4839 3354 4890 et
3384 4851 3446 4891 se
3482 4837 3555 4892 ad

1900 4924 2119 4997 quaevis
2151 4924 2462 4979 subeunda
2505 4928 2740 4995 paratos
2781 4923 3073 4996 supplicia
3104 4923 3470 4990 obtulerunt,
3505 4926 3557 4981 si

1900 5031 2031 5071 vere
2062 5013 2131 5067 de
2172 5012 2280 5067 hoc
2325 5012 2834 5068 convincerentur.
2868 5013 3167 5069 Dissidere
3200 5017 3398 5069 autem
3433 5029 3560 5069 sese

1902 5104 1974 5159 ab
2014 5101 2327 5173 episcopis,
2361 5100 2462 5173 qui
2493 5102 2846 5157 contrariam
2896 5101 3149 5172 amplexi
3199 5101 3557 5158 sententiam

1902 5194 2123 5258 essent,
2158 5188 2308 5245 ultro
2340 5194 2478 5245 sunt
2523 5190 2663 5246 fassi
2699 5208 2713 5246 :
2747 5192 2847 5246 sed
2880 5190 2937 5244 id
2970 5207 3084 5246 non
3119 5207 3249 5246 esse
3280 5191 3560 5246 inconve-

1904 5281 2070 5336 niens
2100 5280 2391 5346 dixerunt,
2426 5295 2560 5334 cum
2607 5280 2773 5335 valde
2802 5284 2958 5335 esset
3011 5295 3378 5351 consequens
3421 5294 3559 5332 con-

1905 5369 2118 5425 trarios
2146 5386 2349 5425 eorum
2397 5384 2525 5425 esse
2575 5385 2788 5425 sensus
2839 5375 2896 5423 et
2946 5383 3273 5436 sermones,
3309 5381 3559 5436 quorum

1905 5463 2103 5516 essent
2152 5460 2303 5514 facta
2359 5459 2672 5514 contraria.
2704 5462 2992 5515 Caeterum
3042 5456 3099 5510 in
3157 5454 3266 5509 hoc
3315 5453 3562 5508 dissidio

1906 5552 2171 5606 versatos
2201 5548 2346 5604 citra
2377 5547 2850 5604 maledicentiam
2882 5546 2943 5601 in
2974 5542 3363 5611 adversarios,
3395 5540 3565 5612 quid-

3159 5661 3236 5721 27
