3912 6192
433 288 541 345 843

1731 271 2037 332 GEORGII
2074 272 2539 333 PACHYMEBE
3636 289 3723 347 8H

433 408 552 469 λίαν
586 400 905 466 ἀκολούθων
964 398 1120 457 εῖναι.
1174 397 1331 467 Πλήν
1384 396 1446 452 ού
1495 393 1957 474 κακολογοῦντας,
2007 394 2082 460 ὡς
2106 395 2158 462 Α
2191 393 2495 462 ἀκινδύνως
2547 399 2641 456 τὸν
2695 397 2945 456 κίνδυνον
2976 397 3161 463 ἄλλως
3189 400 3496 481 ἐκφύγθιμεν.
3534 408 3667 467 Ἦσαν
3692 364 3724 468 δ,

429 494 584 554 αὐτοί
641 511 792 569 φασι,
847 488 939 545 καὶ
964 489 1065 558 τὴν
1125 485 1439 543 κατάνευσιν
1499 482 1859 555 ὀνειδίζοντας
1916 482 2086 563 σφίσι.

2194 483 2247 541 ο¹ί
2276 487 2366 542 καὶ
2397 495 2669 565 πρωτεῖον
2702 490 2866 563 μόνον
2902 487 3113 546 ἐδίδουν
3157 492 3239 547 καὶ
3287 491 3536 565 ἔκκλητον,
3563 498 3622 560 ὡς
3658 501 3727 555 αὖ.

427 583 667 657 Γνώμης
698 581 802 656 γὰρ
837 575 978 640 ἰδίας
1005 574 1230 633 ἕκαστον
1263 575 1399 631 εἶναι
1422 574 1633 651 κύριον,
1665 575 1757 630 καὶ
1786 574 1815 630 ’ὀ
1846 574 2089 650 σήμερον
2189 580 2299 631 τῶν
2345 599 2406 652 γε
2459 580 2549 634 καὶ
2614 578 2795 654 μόνων
2865 578 2996 635 οἵων
3052 582 3102 636 τ’
3154 575 3314 637 όντων
3367 583 3732 661 ὗποκριθήσεσθαι

424 670 491 728 οὒ
524 669 677 727 δοκεῖ
705 690 834 739 τινι,
863 663 1057 743 αὔριον
1090 664 1222 727 ἴσως
1256 665 1512 738 στέρξειν,
1555 663 1645 719 καὶ
1693 662 1994 737 ἀγαπήσειν
2028 661 2088 717 ού

424 756 785 836 παλίμϐολόν
816 778 938 814 τινα
968 753 1098 813 ὄντα
1117 756 1205 811 καὶ
1237 756 1376 810 κατὰ
1394 754 1457 809 τὸ
1481 753 1651 829 τυχὸν
1671 751 2089 828 ἐκτρεπόμενον,

435 850 585 908 ἀλλὰ
615 849 907 926 λογισμοῖς
941 845 1294 913 δουλεύοντα,
1334 843 1555 899 ἐκείνων
1610 840 2088 916 μετακλινομένων

437 942 491 1006 ές
522 939 551 998 ὃ
598 961 653 996 τι
684 940 774 995 καὶ
808 935 955 1009 δόξοι
990 936 1264 1014 συμφέρον
1297 932 1387 989 καὶ
1418 931 1614 996 αὐτοὺς
1662 928 1940 1007 πράττειν.
1989 930 2091 985 Καὶ

440 1036 604 1088 τοῦτο
636 1030 864 1086 εἶναιτὸ
928 1029 1004 1101 μὴ
1054 1026 1200 1101 παρᾶ
1248 1022 1573 1096 συνείδησιν,
1622 1024 1695 1086 ὡς
1743 1021 2089 1096 πιστεύομεν.

445 1123 526 1180 Τὸ
557 1120 615 1177 δὲ
642 1119 767 1196 περὶ
804 1123 916 1174 ¹τῶν
949 1115 1323 1193 προκειμένων
1371 1116 1521 1186 ἡμᾶς
1571 1113 1892 1188 ἐρωτᾶσθαι,
1942 1116 2092 1187 πρῶ-

450 1233 539 1267 τον
599 1211 691 1284 μὲν
734 1209 807 1270 ὡς
852 1208 914 1262 οὐ
949 1206 1106 1279 μετὸν
1145 1206 1279 1277 ἡμῖν
1308 1210 1410 1273 τῆς
1441 1201 1565 1278 περὶ
1616 1201 1826 1256 τούτων
1857 1202 2094 1276 σκέψεως

444 1301 507 1358 ἐκ
559 1299 800 1355 κανόνων
838 1338 853 1365 ,
917 1296 1007 1351 ὑπ’
1055 1295 1304 1370 ἀρχιερεῖ
1356 1295 1578 1348 τελοῦσι
1637 1290 1726 1347 καὶ
1777 1289 2093 1369 ὀφείλουσιν

443 1386 686 1458 ἔπεσθαι,
714 1384 768 1443 τί
799 1386 911 1461 χρὴ
942 1383 1032 1439 καὶ
1067 1380 1241 1459 λέγειν
1270 1404 1284 1453 ς
1343 1378 1491 1452 πλὴν
1547 1378 1675 1436 ἀλλ’
1702 1376 1928 1442 ἕκαστος
1982 1377 2095 1451 ἰδίᾳ

441 1479 560 1534 καθ’
615 1474 774 1532 αὐτὸν
834 1473 1148 1550 ἐρωτάσθω,
1201 1470 1294 1527 καὶ
1352 1468 1483 1533 ἴσως
1542 1464 1713 1548 φόϐος
1768 1466 1950 1532 οὐδεὶς
1995 1476 2097 1540 τῆς

439 1573 539 1637 σῆς
574 1562 853 1642 βασιλείας
886 1562 962 1624 εἷς
1014 1558 1223 1637 βουλὴν
1281 1559 1630 1634 προτιθείσης
1684 1560 1746 1614 τὸ
1794 1558 2095 1635 προκείμε-

439 1676 554 1725 νον,
614 1653 789 1728 λέγειν
823 1653 885 1708 τὸ
942 1650 1365 1726 παριστάμενον.
1415 1650 1554 1706 Τότε
1594 1647 1771 1703 τοίνυν
1805 1644 2092 1723 ἐρωτωμέ-

439 1765 545 1801 νων
607 1743 777 1837 ὁλμὲν
810 1740 1043 1816 ἀπέΑεγε
1087 1740 1179 1794 καὶ
1228 1738 1295 1793 τὰ
1342 1738 1485 1812 τρία·
1544 1734 1684 1812 μηδὲ
1728 1736 1830 1813 γὰρ
1878 1734 2087 1791 τούτων
2120 1771 2167 1837 Β

438 1827 764 1889 καταλαϐεῖν
799 1828 945 1892 ὅλως
972 1830 1073 1899 τήν
1103 1828 1431 1898 Ἐκκλησίαν
1465 1826 1545 1880 ἑνὶ
1594 1825 1950 1901 χρησαμένην
2000 1825 2091 1881 καὶ

445 1923 618 1997 μόνω,
670 1923 872 1996 χρῆναι
906 1916 965 1974 δὲ
995 1915 1270 1991 διατηρεῖν
1302 1915 1392 1971 καί
1422 1920 1540 1978 τοῖς
1572 1914 1672 1989 ὀψὲ
1701 1916 2092 1990 γενησομένοις

440 2014 470 2069 ὂ
501 2009 568 2082 δὴ
597 2016 747 2090 σφεῖς
796 2009 857 2066 ἐκ
899 2012 1009 2064 τῶν
1058 2007 1339 2082 προτέρων
1379 1999 1711 2081 παρέλαϐον.
1765 2003 1826 2060 Εἰ
1876 2001 1924 2058 δ’
1970 2002 2089 2058 ἐπι-

440 2100 637 2158 σείεται
694 2097 961 2168 κίνδυνος,
1018 2096 1216 2160 αὐτοὺς
1271 2096 1365 2170 μὲν
1429 2097 1504 2169 μή
1554 2095 1733 2170 χρεὼν
1787 2092 2086 2172 φροντίζειν

434 2191 587 2262 πλὴν
649 2190 758 2266 μὴν
812 2185 910 2244 τοῦ
968 2183 1243 2262 εὔχεσθαι,
1301 2185 1392 2240 τὸν
1453 2182 1511 2239 δέ
1568 2204 1631 2259 γε
1670 2187 1975 2258 κρατοῦιτα
2009 2184 2084 2257 μή

2054 2272 2080 2291 γ

432 2280 637 2337 ἀνιέναι
691 2276 861 2353 μηδὲν
916 2280 1025 2334 τῶν
1093 2275 1171 2340 εἷς
1232 2275 1499 2351 μέριμναν
1544 2271 1810 2344 ἡκόντων.
1872 2272 1987 2347 Ἐφ’
2039 2272 2085 2345 ᾧ

429 2499 573 2574 quid
604 2497 720 2572 ipsi
752 2496 896 2554 falso
927 2498 1334 2569 quererentur,
1352 2497 1409 2550 et
1430 2492 1575 2549 citra
1605 2491 2077 2564 exprobationem

426 2588 616 2646 ullam
684 2590 921 2643 mutatm
986 2584 1313 2641 sententias.
1370 2582 1584 2639 Judicii
1638 2582 1795 2637 enim
1862 2581 2084 2653 proprii

431 2692 727 2752 quemque
756 2674 1044 2730 arbitrum
1083 2688 1242 2740 esse;
1276 2676 1333 2729 et
1374 2671 1525 2728 389
1557 2670 1712 2742 quod
1745 2671 1878 2742 quis
1911 2669 2084 2726 hodie

432 2784 550 2825 non
597 2764 950 2839 probaverit,
982 2778 1113 2819 cras
1163 2762 1308 2818 forte
1338 2761 1605 2833 praeferet
1649 2763 1827 2830 atque
1859 2757 2080 2831 ample-

432 2862 644 2924 ctetur,
675 2871 791 2911 non
840 2851 1237 2910 inconstantia
1264 2849 1352 2906 vel
1401 2848 1644 2905 fortuita
1690 2846 1921 2905 levitate
1952 2864 2081 2904 sese

429 2960 694 3014 versans,
724 2944 825 3001 sed
858 2944 1159 2998 momenta
1198 2939 1491 2996 rationum
1525 2952 1801 3009 sequens.
1833 2937 2081 2993 Credere

428 3050 558 3093 sese
587 3033 718 3089 illos
749 3031 1067 3100 antistites,
1090 3030 1191 3102 qui
1213 3026 1566 3085 sententiam
1600 3030 1954 3095 mutassent,
1976 3025 2077 3080 ali-

2191 667 2282 721 καὶ
2339 670 2516 744 σχῆμ’
2567 666 2702 740 ἕξειν
2760 669 2847 726 κτὶ
2903 666 3077 742 ὄνομα
3133 667 3275 739 πλὴν
3325 677 3413 726 τοῦ
3459 674 3732 747 apti-main

2197 758 2548 831 μνημόσυνον
2585 756 2642 814 δὲ
2679 764 2918 832 μετεῖναι
2966 765 3047 832 τῷ
3092 759 3280 831 πόίππᾳ
3332 757 3551 818 δοκοῦντι
3596 761 3735 843 διαφέ-

2196 858 2400 922 ρεσθαι,
2462 847 2551 903 ἐπὶ
2606 846 2888 924 Συμϐόλῳ
2940 850 3031 904 καὶ
3088 852 3248 904 ταῦτα
3296 849 3521 921 πίστεως,
3571 854 3635 925 μὴ
3673 855 3739 909 καὶ

2193 940 2300 991 τῶν
2350 936 2468 993 Λίαν
2521 937 2902 1014 ἀπειρημένων
3050 939 3113 995 Ὁ
3144 935 3201 993 δὲ
3229 936 3496 1013 Ξιφιλῖνος
3523 942 3654 1016 μέγας
3680 943 3741 996 οἷ-

2195 1025 2433 1099 κονόμος
2484 1027 2557 1083 ὥν
2588 1032 2667 1100 τῷ
2696 1028 2841 1098 τότε,
2871 1033 2950 1099 τῷ
3004 1030 3155 1102 γήρα
3180 1049 3237 1083 τε
3279 1027 3366 1082 καὶ
3416 1032 3479 1102 τῇ
3524 1030 3634 1103 πρὸς
3674 1032 3739 1085 τὸν

2201 1112 2425 1187 βασιλέα
2453 1115 2709 1188 συνηθείᾳ
2737 1114 3026 1185 πιστεύων,
3076 1115 3167 1170 καὶ
3213 1114 3569 1191 προσελιπάρει
3593 1118 3745 1182 σταθεὶς

2196 1202 2285 1257 καί
2337 1224 2398 1280 γε
2453 1209 2561 1259 τῶν
2621 1204 2862 1281 γονάτων
2920 1203 3018 1261 τοῦ
3079 1202 3343 1279 βασιλέως
3395 1201 3665 1279 ἂπτόμενος,
3692 1208 3745 1278 μὴ

2199 1296 2375 1362 ζητῶν
2435 1293 2803 1369 ἀναχαιτίζειν
2863 1292 3158 1370 ἀλλότριον
3217 1294 3468 1367 πόλεμον,
3520 1292 3637 1349 ἴδιον
3666 1296 3750 1349 κιῐΐ

2196 1383 2343 1454 ἡμᾶς
2371 1384 2569 1446 αὐτοὺς
2596 1388 2997 1458 προσεπινοεῖν’
3037 1379 3181 1456 μηδέ
3206 1384 3306 1459 γὰρ
3349 1383 3628 1460 εἰρηνεύσειν
3652 1383 3748 1438 πάν-

2194 1492 2308 1538 τας,
2339 1470 2436 1528 κᾶν
2468 1476 2655 1546 ἡμεῖς,
2687 1473 2876 1552 φησὶν,
2907 1471 3333 1549 εἲρηνεύσαιμεν.

2195 1639 2285 1696 ιϐ’.
2333 1633 2523 1695 Ὅπως
2571 1632 2647 1696 εἷς
2698 1631 2947 1708 δύσνοιαν
2991 1629 3419 1708 διαϐαλλόμενοι
3469 1634 3517 1688 οἳ
3556 1629 3759 1707 κληρικοὶ

2840 1705 3216 1783 ἠνοχλοῦντο.

2272 1830 2353 1901 [Ρ.
2411 1831 2540 1902 265]
2618 1831 2703 1885 Ἐν
2778 1830 2994 1894 τούτοις
3069 1836 3175 1898 τῆς
3238 1831 3440 1905 ἡμέρας
3491 1826 3763 1896 τελεσθείσης

2199 1917 2435 1989 ἐκείνης,
2490 1917 2732 1994 ἐπισχὼν
2792 1919 2874 1997 ἐφ’
2902 1921 3137 1995 ἡμέραις
3169 1922 3196 1976 ὁ
3232 1917 3495 1996 βασιλεὺς,
3524 1917 3600 1972 καὶ
3628 1918 3763 1988 μαθὼν

2200 2007 2274 2068 ὡς
2332 2006 2384 2061 ἐν
2443 2007 2686 2063 κλύδωνι
2742 2009 2810 2063 τὰ
2862 2016 2965 2079 τῆς
3023 2007 3351 2080 Ἐκκλησίας
3399 2008 3493 2069 εἰσὶ
3518 2007 3598 2061 καὶ
3622 2005 3763 2069 εἷςτὸν

2196 2091 2289 2149 ἕνα
2319 2095 2381 2150 οὐ
2436 2094 2802 2172 παραδέχεται
2852 2099 2881 2152 ὁ
2940 2090 3101 2169 δῆὸεν
3162 2096 3441 2159 ἀνένδοτος
3476 2096 3558 2151 τὸν
3596 2092 3770 2149 ὑποχλι-

2198 2184 2371 2253 οέντα,
2403 2189 2619 2260 πρῶτον
2657 2186 2751 2259 μὶν
2786 2183 3079 2261 σχεδιάσας
3105 2187 3280 2260 τόμον
3333 2185 3519 2241 σκοπὸν
3556 2184 3639 2252 τὴν
3673 2181 3770 2254 πρὸς

2200 2271 2427 2347 βασιλέα
2482 2269 2693 2330 εὔνοιαν
2749 2270 2949 2351 ἔχοντα
3005 2274 3253 2332 ἐκέλευεν
3310 2272 3616 2350 ὑπογράφειν
3647 2316 3660 2340 ,
3705 2269 3775 2324 οὐκ
3874 2302 3875 2337 ,

2193 2492 2550 2564 procederet,
2610 2494 2712 2550 sed
2772 2494 2883 2551 sub
2952 2494 3204 2551 obtentu
3261 2509 3408 2551 vano
3463 2488 3776 2564 subjectionis

2192 2586 2514 2650 ostentata,
2550 2599 2665 2638 non
2701 2582 2974 2639 exhibitas
3018 2583 3239 2656 reipsa,
3273 2584 3552 2654 integram
3580 2594 3667 2635 nec
3688 2575 3776 2632 ullo

2190 2670 2583 2744 interruptam
2637 2688 2750 2728 usu
2791 2672 3005 2728 Graecis
3054 2676 3321 2729 servaret
3362 2670 3513 2743 juris
3554 2667 3779 2723 hactenus

2197 2760 2459 2832 usurpati
2494 2761 2950 2831 possessionem.
2975 2765 3177 2834 Longe
3208 2762 3283 2817 ab
3315 2759 3407 2816 his
3433 2758 3691 2814 diversum
3714 2752 3776 2807 vi-

2189 2850 2312 2905 deri
2343 2851 2498 2906 890
2529 2851 2689 2907 abire
2722 2851 2959 2907 tertium
2986 2852 3059 2907 de
3089 2847 3632 2908 commemoratione
3656 2844 3781 2914 Papa

2185 2938 2244 2994 in
2276 2955 2463 2995 sacro.
2495 2939 2601 2995 Per
2624 2938 2680 2994 id
2715 2940 2871 2995 enim
2904 2940 3107 2995 induci
3131 2941 3241 3011 jus
3273 2940 3336 2994 in
3369 2953 3556 3006 usum,
3577 2939 3629 2990 et
3651 2932 3782 2987 verba

2185 3029 2336 3085 facto
2367 3028 2585 3084 sanciri
2620 3045 2632 3084 :
2666 3035 2794 3084 tum
2837 3029 3137 3085 enimvero
3175 3030 3237 3084 id
3271 3026 3511 3085 concedi
3537 3024 3671 3097 quod
3694 3027 3781 3076 tam

427 3123 568 3198 quid
600 3121 821 3179 vidisse
844 3135 959 3193 quo
991 3122 1364 3175 moverentur
1394 3116 1465 3173 ad
1500 3115 1978 3188 propendendum
2012 3114 2068 3168 in
2105 3130 2147 3198 ρ
2186 3116 2414 3173 obnixis
2445 3117 2975 3184 hactenusstudiis
3006 3124 3359 3174 recusatum
3387 3135 3421 3172 a
3448 3114 3646 3172 nostris
3669 3126 3784 3166 sem-

422 3216 652 3284 partem
683 3211 950 3275 alteram,
984 3207 1311 3278 fecisseque
1353 3206 1412 3261 in
1465 3221 1532 3260 eo
1580 3204 1742 3277 ipsos
1772 3203 1927 3275 quod
1960 3202 2073 3259 sibi

424 3299 698 3372 expedire
725 3298 1120 3369 iudicassent;
1165 3310 1357 3365 neque
1405 3308 1643 3348 censere
1671 3293 1788 3348 ista
1819 3291 1876 3346 in
1909 3308 1970 3347 re
2000 3292 2072 3347 ab

420 3388 568 3461 ipsis
624 3390 829 3443 contra
882 3382 1302 3440 conscientiam
1354 3385 1674 3452 peccatum.
1727 3379 1887 3442 Quod
1938 3396 2072 3437 vero

420 3478 741 3548 imperator
767 3473 1029 3544 ipsorum
1075 3471 1145 3525 de
1190 3468 1285 3525 his
1331 3469 1682 3526 sententiam
1715 3472 1966 3539 rogaret,
1997 3469 2066 3524 ad

420 3565 480 3620 id
512 3563 598 3620 sic
629 3562 1080 3634 responderunt,
1108 3557 1363 3630 primum
1397 3556 1511 3612 sibi
1543 3573 1646 3628 per
1666 3572 1865 3613 sacros
1894 3573 2069 3613 cano-

422 3670 527 3712 nes
556 3669 673 3709 non
694 3652 868 3708 licere
887 3649 1211 3707 deliberare
1231 3649 1303 3704 de
1322 3646 1564 3713 talibus,
1588 3648 1690 3718 qui
1722 3646 2065 3718 patriarchae

422 3745 757 3812 subessent,
777 3742 1021 3813 ejusque
1041 3737 1206 3810 sequi
1230 3735 1525 3808 judicium
1548 3739 1606 3791 et
1636 3735 1940 3807 praeceptis
1968 3737 2067 3792 ob-

420 3838 748 3905 temperare
777 3831 1076 3887 deberent.
1109 3829 1295 3893 Quare
1322 3841 1441 3881 non
1483 3824 1700 3880 habere
1727 3841 1791 3881 se
1818 3826 1968 3896 quod
2002 3825 2062 3881 in

418 3938 733 3981 commune
753 3920 1037 3976 dicerent.
1059 3918 1236 3974 Posse
1254 3920 1450 3972 autem
1472 3929 1767 3986 quemque
1788 3913 2059 3987 privatim

413 4010 777 4083 interrogari.
806 4009 900 4066 Sic
924 4006 1082 4066 enim
1115 4010 1308 4063 metus
1331 4003 1553 4062 scilicet
1580 4003 1778 4060 nullus
1803 4004 2060 4061 tardabit

410 4101 705 4175 sigillatim
754 4099 1140 4170 interrogatos
1187 4112 1223 4152 a
1269 4095 1576 4166 majestate
1623 4109 1754 4159 sua,
1785 4108 1878 4159 ne,
1910 4093 2054 4164 quid

404 4190 555 4261 ipsis
583 4190 644 4244 in
690 4191 945 4244 mentem
995 4186 1240 4252 venerit,
1271 4184 1569 4256 proferant
1612 4198 1790 4253 super
1818 4182 1892 4237 iis
1925 4199 2051 4253 qua;

402 4279 823 4351 proponentur.
844 4275 999 4331 Fecit
1027 4275 1137 4330 hoc
1167 4273 1364 4329 statim
1393 4272 1738 4343 imperator;
1763 4273 1819 4326 et
1842 4287 2047 4326 eorum

398 4382 547 4439 quos
574 4366 849 4438 privatim
894 4364 1137 4433 audivit,
1167 4363 1318 4419 alius
1364 4363 1480 4418 tria
1521 4378 1591 4417 ex
1637 4377 1802 4432 aequo
1833 4366 2049 4417 cuncta

394 4455 650 4527 capitula
688 4454 911 4526 rejecit,
943 4453 1175 4510 nullum
1206 4468 1408 4508 eorum
1441 4449 1625 4523 accipi
1674 4450 1745 4506 ab
1793 4449 2047 4506 Ecclesia

2187 3222 2290 3277 per
2314 3210 2425 3276 est,
2458 3211 2523 3261 ut
2549 3206 2773 3263 scilicet
2804 3206 2996 3277 palam
3047 3207 3108 3262 in
3159 3211 3433 3264 nostram
3484 3198 3787 3261 communio-
3874 3198 3875 3277 ᾖ

2186 3311 2315 3352 nem
2370 3295 2762 3351 admittantur
2809 3296 2848 3350 ii
2900 3312 3051 3367 quos
3093 3300 3343 3353 constat
3390 3296 3449 3351 in
3495 3292 3783 3364 scripturam
3874 3292 3875 3367 ᾖ

2186 3386 2503 3458 publicam,
2532 3391 2590 3443 et
2626 3403 2755 3443 eam
2787 3387 3026 3460 quidem
3078 3387 3281 3459 ipsam
3313 3403 3436 3459 qua
3465 3383 3596 3440 ﬁdei
3633 3376 3785 3450 regula

2182 3475 2452 3545 traditur,
2495 3492 2707 3547 nempe
2763 3474 2821 3529 in
2870 3475 3250 3547 Symbolum,
3300 3492 3452 3531 ausu
3492 3464 3784 3529 intolerabili

2181 3580 2472 3635 peccasse.
2504 3566 2578 3620 At
2604 3563 2941 3636 Xiphilinus
2985 3565 3193 3637 magni
3225 3570 3373 3621 tunc
3400 3560 3666 3620 ceconomi
3690 3555 3783 3611 otti-

2179 3653 2335 3709 cium
2365 3670 2659 3719 exercens,
2692 3671 2759 3709 ea
2797 3652 3012 3709 ﬁducia
3062 3671 3251 3725 quam
3287 3655 3341 3710 ei
3383 3650 3700 3709 auctoritate
3721 3661 3784 3700 εε-
3874 3652 3875 3723 Τ

2179 3743 2429 3798 uectutis
2484 3748 2543 3799 et
2599 3742 2787 3798 multa
2841 3759 2975 3799 cum
3043 3743 3419 3816 imperatore
3475 3736 3783 3797 familiaritas
3874 3734 3875 3743 ‘

2176 3832 2375 3900 dabat,
2398 3847 2532 3887 eum
2565 3849 2731 3888 orare
2763 3836 2928 3888 stans
2958 3848 3316 3905 aggressus,
3343 3849 3480 3888 mox
3507 3829 3667 3887 etiam
3692 3838 3786 3896 pm'
3874 3834 3875 3841 ‘

2174 3920 2318 3977 cidit
2346 3937 2541 3977 coram
2573 3922 2645 3977 ad
2678 3921 2876 3993 pedes,
2899 3927 2956 3976 et
2976 3938 3177 3992 genua
3211 3921 3508 3994 principis
3536 3914 3784 3987 amplexus

2174 4009 2267 4065 his
2297 4026 2428 4066 eum
2471 4010 2877 4067 obtestabatur
2908 4029 2921 4067 :
2949 4034 2976 4061 ‹‹
3011 4011 3165 4067 Vide
3212 4011 3406 4067 etiam
3439 4012 3610 4080 atque
3633 4003 3789 4065 etiam,
3874 4004 3875 4007 “

2172 4101 2427 4171 domine,
2460 4117 2532 4157 ne
2561 4105 2829 4173 satagens
2869 4101 3048 4157 nimis
3079 4101 3266 4157 anxie
3318 4106 3576 4157 avertere
3601 4113 3633 4152 a
3657 4092 3788 4148 nobis
3874 4102 3875 4125 ξ

2170 4195 2473 4245 externum
2496 4189 2717 4246 bellum
2740 4191 3020 4246 intestino
3045 4190 3389 4247 dilﬁeiliori
3414 4207 3523 4247 nos
3551 4182 3794 4257 implices.

2168 4295 2303 4334 cum
2325 4295 2509 4350 eoque
2533 4292 2729 4350 pacem
2765 4279 2979 4351 pariter
3000 4286 3357 4352 utramque,
3381 4272 3791 4336 ecclesiasticam
3874 4284 3875 4353 ι

2164 4373 2222 4424 ct
2250 4368 2501 4437 civilem,
2534 4370 2766 4440 perdas.
2800 4368 3002 4441 Neque
3037 4370 3207 4426 enim
3240 4368 3338 4427 vel
3372 4369 3424 4425 si
3457 4384 3565 4425 nos
3591 4365 3647 4420 in
3672 4361 3794 4418 hanc
3874 4366 3875 4407 ὲ

2162 4474 2363 4530 pacem
2408 4458 2877 4527 convenerimus,
2909 4458 2969 4513 in
3018 4474 3168 4530 pace
3219 4459 3314 4515 illi
3367 4457 3593 4515 scilicet
3634 4446 3794 4508 cuncti
3874 4500 3875 4511 ξ

392 4523 568 4616 posse
599 4523 981 4610 contendens,
1007 4559 1135 4614 quae
1166 4541 1268 4597 uni
1301 4556 1577 4613 supremo
1599 4538 1775 4611 capiti
1808 4539 2049 4612 patriar-
2079 4523 2123 4589 Ι)
2154 4523 2522 4620 ῥθι-εωδυηι,
2551 4568 2579 4597 ι,

388 4634 509 4691 clm
541 4652 648 4693 suo
692 4651 893 4707 parere
922 4633 1230 4691 didicisset
1260 4650 1274 4694 :
1309 4636 1578 4704 Oportere
1616 4634 1810 4686 autem
1844 4634 2041 4686 tenere

385 4728 446 4780 et
473 4725 875 4782 transmittere
906 4724 976 4780 ad
1011 4726 1295 4795 posteros,
1327 4721 1482 4794 quod
1516 4737 1550 4776 a
1581 4720 1849 4776 Patribus
1880 4736 2039 4776 acce-

381 4813 631 4885 pissent.
665 4812 929 4870 Pericula
961 4828 1132 4884 porro
1156 4827 1286 4883 quas
1317 4810 1658 4882 impendere
1679 4811 2035 4877 dicerentur,

2186 4653 2272 4708 19.
2294 4654 2373 4735 _Ul
2395 4652 2734 4735 calumniam
2762 4654 2925 4735 passi
2952 4652 3151 4735 clerici
3177 4656 3365 4735 quasi
3382 4646 3771 4735 parum-ﬁdele:

2280 4725 2610 4797 imperatori
2638 4731 2840 4795 essent,
2873 4728 3059 4781 vexati
3086 4740 3153 4781 σο
3188 4729 3439 4782 nomine
3466 4725 3687 4797 fuerint.

2218 4816 2278 4870 In
2314 4814 2406 4870 his
2436 4813 2537 4870 illa
2566 4819 2919 4886 consumpta
2957 4814 3073 4883 die,
3108 4830 3228 4885 per
3258 4815 3502 4887 aliquot
3531 4813 3661 4867 inde
3686 4823 3800 4863 con-
3874 4886 3875 4891 γ

379 4903 472 4958 sui
504 4903 718 4975 privati
749 4902 1012 4958 muneris
1045 4916 1160 4957 non
1193 4914 1323 4956 esse
1351 4899 1465 4956 alio
1488 4899 1662 4955 modo
1689 4904 2033 4971 praevertere
2105 4952 2114 4961 .
2144 4909 2376 4960 secutas
2411 4902 2557 4958 nihil
2589 4903 2722 4958 novi
2753 4904 3053 4975 Augustus
3083 4905 3310 4960 movit.
3336 4903 3603 4960 Tandem
3622 4897 3798 4954 videns

377 5007 555 5064 quam
588 4991 955 5049 orationibus
997 5006 1099 5062 pro
1130 5004 1333 5045 eorum
1375 4988 1718 5045 amolitione
1750 4994 1865 5045 Deo
1898 4989 2029 5043 fun-

377 5080 607 5138 dendis.
628 5080 916 5152 Principis
937 5096 1073 5136 vero
1106 5079 1161 5134 id
1194 5077 1388 5134 solum
1422 5076 1720 5149 postulare
1740 5077 2028 5145 ofﬁcium,

370 5174 434 5227 ut
454 5170 506 5227 is
524 5170 670 5227 nihil
694 5169 943 5245 politiore
968 5167 1308 5239 bellicisque
1333 5166 1751 5223 sollicitudinis
1768 5167 2024 5233 omittat,

371 5279 499 5335 quas
522 5261 916 5335 praecavendis
935 5260 1109 5316 malis
1129 5264 1187 5316 et
1203 5256 1536 5330 reipublicae
1553 5258 1627 5313 ab
1643 5256 1716 5311 iis
1740 5255 2021 5312 incolumi

365 5353 663 5410 servanda
707 5352 1016 5425 profutura
1061 5350 1348 5406 videatur.
1392 5349 1573 5403 Erant
1622 5346 1886 5402 nonnulli
1917 5347 2017 5418 qui

361 5444 477 5498 duo
500 5442 692 5516 priora
713 5442 928 5515 capita,
942 5440 1266 5513 primatum
1289 5444 1347 5495 et
1367 5436 1862 5511 provocationem,
1887 5437 2014 5493 sine

358 5548 571 5604 magno
593 5533 810 5588 damno
840 5529 1086 5588 relaxari
1111 5546 1282 5603 posse
1312 5528 1595 5593 dicerent,
1621 5527 1840 5599 quippe
1863 5542 2007 5597 quo-

352 5639 484 5681 rum
518 5630 793 5682 neutrum
826 5624 981 5681 ultra
1025 5639 1239 5680 nomen
1271 5626 1329 5679 et
1357 5618 1612 5693 speciem
1663 5618 1735 5674 ad
1784 5620 2005 5675 factum

2140 4992 2464 5050 tumultum
2522 4993 2582 5048 in
2644 4991 2901 5048 Ecclesia
2948 4991 3414 5050 increbrescere
3474 4987 3799 5049 factionibus

2138 5083 2496 5152 commissis,
2521 5082 2660 5137 dum
2687 5098 2841 5137 unus
2873 5080 3055 5137 alium
3079 5082 3140 5138 in
3171 5082 3672 5139 communionem
3700 5088 3796 5130 non

2136 5173 2360 5243 recipit,
2381 5176 2437 5226 et
2466 5171 2564 5243 qui
2594 5172 2745 5227 ﬁxus
2784 5170 2844 5226 in
2889 5171 3141 5243 antiquo
3179 5189 3378 5230 sensu
3414 5176 3657 5244 perstat,
3683 5179 3796 5222 eum

2132 5263 2230 5333 qui
2283 5260 2446 5316 novis
2506 5260 3005 5332 pr0positionibus
3062 5263 3350 5318 assensit
3394 5268 3463 5318 ut
3512 5258 3793 5333 profanum

2130 5355 2449 5414 aversatur,
2498 5349 2769 5421 gliscenti
2818 5346 3049 5405 obviam
3098 5350 3196 5408 ire
3251 5351 3422 5409 malo
3474 5347 3720 5407 decrevit
3748 5349 3797 5397 in

2127 5439 2284 5494 hunc
2326 5439 2588 5493 modum.
2622 5440 2772 5495 Ante
2818 5440 3019 5495 omnia
3070 5442 3395 5513 scriptum
3449 5432 3795 5497 concinnavit

2122 5544 2238 5600 quo
2259 5527 2450 5583 solum
2476 5527 2530 5583 id
2556 5544 2728 5599 agere
2746 5528 3048 5584 videbatur
3069 5534 3141 5583 ut
3168 5530 3369 5589 ﬁdem
3388 5536 3449 5590 et
3467 5525 3797 5602 obsequium

2118 5616 2465 5689 imperatori
2496 5635 2530 5673 ιι
2559 5617 2815 5674 subditis
2854 5617 3121 5674 debitum
3171 5620 3303 5676 sibi
3339 5622 3633 5678 ﬁrmaret.
3664 5613 3795 5672 Sub-
