4002 6198
190 300 285 358 845

187 425 276 484 οἶδ’
333 425 420 480 ἐπὶ
470 421 630 478 ποίαν
691 423 882 498 χρείαν
915 419 1064 491 πλὴν
1091 425 1190 477 τοῦ
1222 419 1370 495 δόξαι
1401 427 1556 498 σχεῖν
1582 425 1690 477 τῶν
1721 428 1821 493 τῆς

185 515 503 585 Ἑκκλησίας
534 510 963 585 ὑποσημάνσεις,
1016 509 1112 566 κᾶν
1143 513 1196 566 αἱ
1260 513 1540 574 ὑποθέσεις
1601 513 1663 566 τὸ
1714 509 1829 566 διά-

184 625 341 684 φορον
374 603 551 679 εἶχον.
612 600 864 657 Κᾶκεῖνοι
924 599 1228 676 προθύμως
1262 601 1571 676 ὑπέγραφον
1603 601 1664 656 τὸ
1695 601 1832 671 πρὸς

180 698 260 751 τὸν
313 688 574 768 ’Λϐραᾶμ
601 695 699 745 τοῦ
729 694 884 758 Θεοῦ,
917 715 945 740 ‹‹
981 690 1048 746 Οἱ
1082 689 1438 765 εὐλογοῦντες
1490 711 1547 744 σε
1596 688 1832 765 εὐλογη-

185 788 352 860 μένοι,
385 782 476 837 καὶ
508 784 560 837 οἱ
586 779 969 855 καταρώμενοί
1001 800 1058 834 σε
1095 782 1510 854 κεκατήρανται.
1547 804 1574 831 ››
1604 782 1830 836 Ἔπειτα

180 876 393 949 πέμψας
433 871 563 935 τοὺς
610 868 786 931 ἰδίους
841 869 1015 925 οἰκίαν
1075 870 1302 924 ἑκάστου
1341 867 1722 947 κατεψηλάφα,
1772 870 1832 933 ὃς

177 968 219 1021 τ’
249 962 426 1024 αἴτιος
457 961 514 1023 ὅς
548 983 606 1014 τε
648 960 736 1014 καὶ
771 958 922 1033 οὐχί.
976 958 1074 1012 Καί
1122 961 1156 1028 ἡ
1201 959 1492 1035 πρόφασις,
1546 959 1619 1020 ὡς
1668 957 1826 1012 αὐτὸν

179 1053 266 1126 μὶν
300 1053 437 1106 εἶναι
493 1050 586 1104 τὸν
632 1047 979 1122 κατασχόντα
1035 1048 1135 1115 τὴν
1169 1045 1356 1117 πόλιν,
1405 1048 1493 1101 καὶ
1545 1047 1682 1123 πρὸς
1712 1053 1829 1108 τοῖς

179 1141 373 1202 ἄλλοις
405 1139 573 1194 αὐτοῦ
601 1136 692 1191 καὶ
723 1136 893 1209 μόνου
939 1136 1028 1190 καὶ
1056 1136 1153 1198 τὰς
1187 1135 1360 1197 οἰκίας
1395 1136 1549 1204 εἶναι,
1609 1136 1826 1211 ἀποχα-

173 1231 411 1306 ρίζεσθαι
473 1226 530 1281 δὲ
584 1227 781 1287 ταύτας
812 1230 930 1288 τοῖς
961 1225 1229 1290 εὖνοοῦσι,
1286 1231 1409 1288 τοῖς
1471 1222 1526 1279 δὲ
1584 1225 1719 1279 κατὰ
1774 1246 1826 1279 τι

173 1319 535 1398 ἀφηνιάζουσι
591 1316 680 1369 καὶ
738 1316 837 1382 τὴν
897 1315 1058 1389 χάριν
1120 1312 1458 1387 ἀνατρέπειν,
1514 1311 1723 1368 δίκαιον
1781 1311 1826 1368 δ’

173 1410 299 1464 εἶναι
367 1406 457 1462 καὶ
512 1406 581 1460 τὰ
633 1409 742 1458 τῶν
803 1403 1023 1466 ὄπισθεν
1081 1403 1299 1478 χρόνων
1360 1401 1645 1473 ἀναζητεῖν
1695 1401 1825 1464 τοὺς

173 1497 521 1557 ἐνοικοῦντας
592 1493 826 1549 ἐποίκια.
919 1491 1440 1569 Ἀνεκεφαλαιοῦντο
1523 1491 1827 1566 παραυτίκα

171 1587 381 1659 κόσμιοὶ
430 1607 490 1640 τε
542 1589 773 1638 παντοῖα
827 1582 916 1636 καὶ
946 1580 1152 1637 ἔπιπλα
1176 1583 1264 1637 καὶ
1296 1587 1398 1636 πᾶν
1431 1582 1460 1636 ’ὀ
1489 1603 1542 1636 τι
1571 1603 1655 1644 τις
1686 1585 1826 1658 εἶχε,

167 1677 252 1732 καὶ
283 1676 352 1731 τὸ
391 1679 574 1747 μεῖζον
603 1672 876 1748 ἐκρίνοντο
907 1673 995 1726 καὶ
1031 1672 1106 1733 είς
1158 1672 1508 1735 καθοσίωσιν.
1559 1672 1826 1744 Ἠτοιμά-

169 1772 327 1835 ζοντο
364 1762 422 1818 δὲ
470 1762 560 1817 καὶ
605 1760 854 1840 φορτίόες
902 1765 998 1815 τοῦ
1029 1760 1358 1835 ἐξορίζεσθαι
1413 1759 1540 1824 τοὺς
1567 1758 1676 1829 ἤδη
1727 1781 1824 1814 κα-
1854 1797 1903 1863 Β

161 1853 463 1930 τακρίτους
520 1850 833 1911 δοκοῦντας.
886 1851 964 1906 Οὐ
1018 1851 1124 1922 μὴν
1185 1847 1242 1903 δὲ
1276 1849 1366 1903 καὶ
1419 1851 1616 1924 μέχρις
1664 1848 1820 1904 ἐλπι-

166 1949 324 2016 σμῶν
357 1942 427 1996 τὰ
459 1939 609 1996 δεινᾶ
636 1941 794 2009 ἦσαν,
829 1939 975 1994 ἀλλὰ
1003 1938 1092 1993 καὶ
1124 1940 1286 2014 πείρᾳ
1322 1939 1464 2000 τινὲς
1493 1943 1601 1993 τῶν
1635 1935 1823 1992 δεινῶν

167 2037 458 2106 μετεῖχον,
495 2032 569 2091 ὡς
599 2028 725 2088 τοὺς
763 2029 854 2100 μὲν
889 2028 966 2089 εἷς
998 2033 1241 2101 Λῆμνον,
1273 2027 1401 2090 τούς
1427 2025 1473 2081 δ’
1503 2026 1554 2090 ἐς
1590 2031 1824 2103 Σκῦρον,

163 2121 377 2182 ἄλλους
412 2119 458 2174 δ’
491 2118 542 2181 ἐς
577 2119 695 2175 Κέω
725 2119 815 2173 καὶ
850 2117 1055 2181 ἀλλους
1076 2117 1127 2179 ἐς
1150 2118 1376 2180 Νικαίας
1399 2116 1562 2172 πόλιν
1581 2116 1826 2193 περιορί-

166 2218 381 2281 ζεαθαι,
433 2207 640 2272 ἅλλοτς
691 2206 736 2262 δ’
790 2209 940 2269 αὖθις
991 2212 1088 2272 τῆς
1122 2207 1338 2270 πόλεως
1373 2206 1500 2269 τοὺς
1538 2208 1630 2280 μὲν
1665 2206 1830 2262 ἀκου-

162 2305 316 2369 σίως,
350 2301 488 2362 τοὺς
546 2296 590 2353 δ’
635 2299 856 2360 ἑκόντας
908 2299 1254 2372 ἐξορίζεσθαι,
1310 2301 1390 2368 [Ρ.
1441 2299 1568 2364 266]
1617 2295 1826 2360 ἄλλους

163 2526 438 2580 scribere
470 2522 553 2576 illi
579 2521 764 2590 jussit
793 2537 1296 2592 unumquemque,
1319 2521 1473 2576 haud
1509 2521 1627 2578 scio
1659 2537 1830 2594 quem

160 2616 234 2669 ad
272 2629 485 2682 usum,
512 2612 623 2666 nisi
649 2612 794 2666 forte
823 2616 885 2664 ut
915 2611 1380 2681 subscriptiones
1410 2611 1833 2667 ecclesiastico-

161 2723 298 2759 rum
317 2701 688 2773 expressisse
707 2701 942 2755 tandem
974 2701 1165 2772 ipsum
1185 2700 1831 2772 l‘amavulgantc,multi

157 2796 453 2866 putarent
482 2792 641 2861 ipsos
665 2791 731 2845 ad
759 2790 956 2844 omnia
979 2789 1384 2861 assensos,qui
1416 2789 1636 2845 scilicet
1663 2790 1832 2861 igno-

158 2887 376 2937 rarent
420 2879 568 2934 nihil
621 2878 1085 2934 ecclesiasticum
1137 2895 1202 2933 eo
1253 2878 1472 2949 scripto
1522 2878 1828 2934 contineri.

158 2972 339 3027 Prom
353 2974 488 3043 ptos
511 2985 572 3023 se
597 2968 813 3040 passim
836 2968 906 3022 ad
932 2969 1025 3022 isti
1051 2967 1546 3023 subscribendum
1571 2967 1832 3023 formulae

157 3059 566 3117 ecclesiastici
620 3058 982 3129 praebebant,
1033 3057 1252 3128 prolixe
1301 3057 1639 3128 imperatori
1685 3057 1833 3112 bene

155 3155 514 3222 precantes,
545 3149 742 3204 verbis
776 3149 890 3203 illis
925 3147 1027 3202 Dei
1075 3148 1146 3202 ad
1189 3149 1586 3202 Abrahamum
1622 3164 1634 3202 :
1664 3170 1685 3197 ι
1722 3148 1831 3214 Qui

149 3239 585 3296 benedixerint
643 3238 772 3306 tibi,
831 3238 952 3291 sint
1007 3237 1119 3308 ipsi
1177 3236 1508 3292 benedicti:
1544 3238 1690 3292 39]
1730 3238 1830 3308 qui

151 3327 588 3385 maledixerint
631 3327 763 3391 tibi,
798 3325 1192 3381 maledictioni
1244 3326 1608 3396 subjaceant.
1634 3348 1662 3375 ››
1699 3327 1832 3381 Post

148 3418 283 3474 base
320 3415 583 3472 immisit
626 3415 965 3471 satellitium
1021 3432 1192 3469 suum
1245 3416 1463 3486 passim
1515 3415 1574 3469 in
1625 3416 1831 3470 domos

151 3512 509 3564 scrutatum
543 3511 600 3559 et
630 3508 1050 3559 contrectatam
1074 3505 1273 3560 odiose
1304 3504 1535 3569 intima,
1559 3505 1686 3559 sine
1717 3505 1832 3559 dis.

151 3597 433 3652 crimine
462 3595 794 3650 innocentis
839 3599 941 3649 aut
983 3593 1224 3662 culpati.
1261 3592 1585 3664 Allegabat,
1618 3610 1686 3648 ex
1716 3610 1832 3664 quo

147 3688 292 3757 ipse
322 3687 540 3741 urbem
571 3701 638 3739 ex
659 3685 823 3739 hoste
842 3684 1084 3755 ceperit,
1113 3684 1171 3737 in
1195 3700 1368 3738 suum
1403 3683 1705 3754 proprium
1731 3685 1832 3753 jus

143 3776 472 3832 transisse
494 3774 700 3828 domos
721 3773 850 3842 ejus
871 3773 1196 3827 universas.
1218 3773 1436 3826 Harum
1463 3788 1633 3842 porro
1659 3787 1831 3825 usum

144 3867 317 3921 citra
346 3863 614 3937 pretium
639 3861 942 3933 indulgere
975 3878 1035 3917 se
1065 3862 1198 3917 fidis
1230 3861 1342 3916 sibi
1371 3877 1382 3915 :
1412 3860 1703 3932 suspectis
1731 3877 1832 3914 au-

143 3961 280 4012 tem
326 3958 391 4010 et
426 3953 680 4024 quadam
708 3951 765 4006 in
797 3968 856 4007 re
877 3952 988 4006 sibi
1014 3967 1216 4023 parere
1238 3950 1637 4004 abnuentibus
1661 3950 1834 4005 istam

145 4045 327 4100 nolle
360 4043 618 4115 gratiam
653 4042 862 4108 facere,
889 4041 988 4096 sed
1017 4045 1074 4094 et
1104 4056 1174 4094 ex
1204 4040 1294 4095 his
1317 4041 1452 4110 jure
1483 4055 1545 4093 sc
1576 4042 1834 4094 utentem

136 4151 269 4190 suo
313 4132 580 4205 pretium
612 4129 918 4186 locationis
951 4131 1311 4202 respondens
1351 4144 1639 4184 concessa
1673 4128 1834 4183 habi-

140 4223 386 4279 tationi
436 4224 521 4276 tot
565 4225 720 4274 retro
767 4236 1052 4274 annorum
1108 4222 1390 4289 repetere.
1428 4219 1490 4272 In
1539 4234 1835 4272 summam

142 4329 309 4386 ergo
361 4309 779 4366 conferebatur
809 4309 1054 4380 pecunia
1102 4307 1297 4363 debita
1329 4323 1430 4378 pro
1464 4323 1573 4362 usu
1623 4306 1834 4360 aedium

142 4405 229 4458 ab
270 4400 466 4457 annis
503 4401 628 4470 jam
662 4403 796 4454 ante
827 4397 1056 4465 multis;
1089 4403 1145 4452 et
1177 4397 1306 4467 ejus
1339 4413 1593 4466 prmsens
1627 4395 1837 4452 solutio

139 4491 551 4562 exigebatur,
585 4487 762 4559 idque
792 4486 1100 4559 peracerba
1136 4485 1481 4556 pignoribus
1513 4485 1711 4540 statim
1743 4501 1836 4538 ca-

131 4582 278 4653 ptis
321 4583 384 4634 et
419 4593 485 4632 eo
516 4577 752 4631 nomine
796 4575 990 4630 ablata
1022 4574 1294 4630 familiari
1341 4573 1723 4645 supellectile.
1757 4575 1838 4628 Ita

131 4667 610 4727 corradebatur
639 4665 927 4738 quidquid
961 4664 1292 4720 ornamenti
1324 4669 1426 4718 aut
1457 4665 1722 4735 pretiosae
1755 4663 1835 4718 rei

125 4762 338 4818 cives
365 4757 435 4812 in
458 4756 684 4812 aedibus
706 4755 1024 4810 habebant.
1049 4755 1233 4809 Naves
1257 4753 1430 4808 etiam
1459 4753 1834 4825 parabantur,

128 4868 298 4923 quae
329 4846 598 4916 illos,qui
617 4845 741 4916 jam
766 4845 911 4900 satis
932 4845 1060 4915 ejus
1084 4842 1348 4898 criminis
1372 4842 1655 4914 comperti
1678 4843 1840 4896 dam-

127 4941 431 5010 natique
481 4935 838 5003 viderentur,
869 4933 926 4988 in
977 4933 1138 4988 varia
1189 4932 1394 4988 exsilia
1441 4932 1836 5002 deportarent.

116 5031 272 5086 Nec
303 5027 452 5098 jam
475 5023 535 5078 in
565 5023 746 5078 minis
767 5027 868 5078 aut
891 5022 1016 5078 sola
1037 5020 1470 5094 exspectatione
1493 5021 1645 5074 mala
1667 5020 1841 5074 hiare.

117 5121 340 5182 bant,
369 5114 474 5169 sed
509 5113 567 5168 in
596 5130 854 5185 praesens
884 5111 1120 5167 illorum
1147 5111 1611 5182 experimentum
1642 5109 1840 5164 miseri

115 5204 608 5269 trahebantur;
661 5219 910 5275 quorum
946 5200 1128 5272 aliqui
1181 5200 1240 5254 in
1291 5200 1600 5264 Lemnum,
1634 5198 1729 5252 alii
1780 5198 1839 5252 in

110 5305 456 5369 Scyrum,
491 5292 758 5347 nonnulli
793 5293 849 5346 in
883 5293 1084 5357 Ceum,
1109 5290 1349 5361 quidam
1379 5289 1630 5359 denique
1659 5287 1717 5342 in
1743 5305 1839 5342 ur-

107 5392 290 5445 bem
345 5381 603 5436 Nicmam
654 5381 1080 5452 relegabantur.
1131 5378 1244 5434 Alii
1295 5379 1513 5451 passim
1563 5378 1842 5432 extermi-

112 5476 489 5535 nabantur
539 5472 702 5538 urbe,
735 5469 821 5526 vel
865 5469 1021 5540 jussi
1054 5469 1326 5524 excedere
1377 5467 1720 5523 nominatim
1758 5467 1841 5521 vel

97 5568 394 5639 sponte
463 5560 879 5616 necessitatem
960 5561 1406 5630 prmvertentes,
1461 5558 1841 5628 quibusdam,

102 5651 380 5734 quoad
416 5650 609 5706 adhuc
649 5650 1060 5717 deliberarent,
1093 5661 1282 5718 usque
1327 5647 1396 5702 ad
1429 5645 1755 5718 Selybriam
1789 5651 1846 5700 et

1253 299 1344 352 DE
1383 298 1758 354 MICHAELB
1797 300 2243 361 PALEOLOGO
2279 307 2414 364 LIB.
2455 309 2522 364 ν.

3483 311 3594 371 846

1854 421 1995 493 ABE
2050 425 2217 502 μέχρι
2278 426 2590 508 Σηλυϐρίας
2645 432 2736 490 καὶ
2793 433 3124 505 Ῥαιδεστοῦ,
3181 435 3332 499 τινὰς
3385 435 3444 492 δὲ
3497 437 3592 494 καὶ

1941 513 2088 577 ἐντὸς
2116 521 2211 570 τοῦ
2241 519 2379 574 κατὰ
2405 520 2496 575 τὸν
2549 521 2729 596 Φάρον
2783 523 3009 598 λιμένος
3053 527 3588 603 γνωσιμαχήσαντας

1941 603 2234 661 ὑποκλῖναί
2261 629 2320 662 τε
2362 609 2452 664 καὶ
2487 610 2841 689 ὑποστρέψαι.

1937 766 2004 824 κ’.
2038 767 2115 822 Τὸ
2145 769 2282 823 κατὰ
2308 770 2420 851 τὸν*
2436 769 2641 845 ῥήτορα
2669 775 2768 851 τῆς
2817 770 3112 851 ἐκκλησίας
3161 772 3439 851 διηγημα,
3497 775 3587 830 καὶ

2326 844 2442 896 τοῦ
2469 845 2816 920 συγγραφέως
2856 844 3193 920 σχετλίασις.

2005 963 2232 1026 Τούτοις
2266 966 2603 1038 προσκείσθω
2632 968 2723 1022 καὶ
2768 968 2832 1022 τὸ
2875 969 3010 1024 κατὰ
3053 970 3144 1025 τὸν
3199 969 3406 1046 ῥήτορα
3462 967 3585 1041 Sui-

1933 1072 2111 1126 γημα,
2163 1049 2392 1128 φοϐερὸν
2422 1055 2480 1108 ὃν
2512 1053 2666 1125 ἰδεῖν,
2702 1051 2930 1134 φοϐερὸν
2963 1055 3020 1112 δὲ
3069 1058 3159 1112 καὶ
3189 1064 3402 1125 παθεῖν,
3434 1057 3582 1128 πλὴν

1937 1140 2036 1194 οὐκ
2091 1141 2178 1195 ἐπὶ
2220 1143 2416 1197 τούτου
2446 1148 2544 1198 τοῦ
2586 1149 2778 1220 καιροῦ
2826 1147 3070 1220 γεγονὸς,
3105 1144 3252 1202 ἆλλά
3296 1146 3584 1223 πρότερον.

1938 1227 2290 1303 Συνάπτομεν
2322 1229 2379 1286 δὲ
2407 1239 2524 1294 τοῖς
2559 1231 2754 1295 δεινοῖς
2799 1234 2867 1289 τὰ
2917 1232 3065 1289 δεινᾶ
3095 1234 3173 1296 εἰς
3202 1235 3302 1303 τὴν
3334 1243 3434 1305 τῆς
3463 1237 3587 1291 τότε

1940 1317 2059 1392 βίας
2117 1321 2470 1393 παράστασιν.
2528 1322 2596 1378 Αἳ
2659 1323 2713 1376 αἳ
2769 1321 2851 1376 ὅτι
2894 1321 2984 1376 καὶ
3041 1326 3275 1377 τοσαῦτα
3325 1322 3590 1386 παθόντες

1933 1411 2049 1468 τοῖς
2109 1405 2325 1484 ὕστερον
2385 1408 2606 1472 ἐλθοῦσι
2667 1408 2809 1483 μηδὲ
2864 1415 3099 1488 φανεῖσι,
3135 1413 3210 1484 μή
3271 1408 3474 1485 λέξασι,
3510 1413 3585 1481 μὴ

1934 1497 2184 1569 παθοῦσι,
2248 1498 2411 1568 μόνον
2473 1497 2520 1553 δ’
2577 1499 2802 1572 ἀφανείᾳ
2855 1495 3102 1575 κρυϐεῖσι
3132 1499 3224 1554 καὶ
3261 1504 3358 1556 τοῦ
3412 1497 3587 1574 μηδεο

1939 1588 2064 1656 μιᾶς
2097 1585 2370 1657 ἀξιοῦσθαι
2405 1586 2692 1663 φροντίδος
2726 1587 2911 1663 χάριν,
2970 1589 3194 1659 ἀπηνῶς
3238 1588 3585 1664 ἐκρινόμεθα,

1935 1671 2071 1727 εἷ’πω
2104 1670 2161 1728 δὲ
2189 1675 2278 1729 καὶ
2337 1677 2650 1752 κρινόμεθα.
2710 1678 2911 1750 Ὑμεῖς,
2972 1677 3017 1731 ὦ
3081 1678 3252 1749 οὗτοι,
3302 1677 3431 1740 τοὺς
3483 1685 3586 1748 τῆς

1934 1761 2289 1834 ’Βκκλησίας·
2344 1770 2450 1820 ποῦ
2510 1766 2728 1827 στάντες
2788 1765 2821 1836 ἢ
2880 1769 2987 1820 ποῦ
3047 1765 3233 1840 βάντες
3290 1765 3326 1836 ἢ
3382 1766 3435 1821 τί
3490 1767 3583 1821 καὶ

1935 1853 2238 1926 χρήσιμιον
2268 1850 2629 1927 ἐνδειξάμενοι
2663 1874 2677 1925 ;
2711 1853 2838 1910 ἀλλ’
2869 1855 2981 1930 οὐχ
3011 1855 3162 1928 ὑμῖν,
3191 1860 3309 1917 τοῖς
3343 1852 3400 1909 δὲ
3431 1852 3578 1926 δεξα-

1939 1942 2118 2015 μένοις
2166 1945 2200 2012 ἡ
2237 1941 2463 2017 μέμψις,
2520 1941 2854 2017 καὶμᾶλλον
2888 1943 2970 1999 ὅτι
3028 1942 3298 2006 κάκείνοις
3347 1943 3590 2009 ἐπιτιθε-

1939 2031 2122 2103 μένοις
2170 2031 2482 2105 ἐχρώμεθα.
2544 2031 2722 2088 Ἀλλὰ
2750 2035 2816 2087 τὰ
2874 2034 2967 2106 μὲν
3025 2034 3150 2108 περὶ
3193 2034 3403 2088 τούτων
3435 2033 3580 2095 ἅλις.

1936 2124 2073 2193 ἡμῖν
2107 2119 2165 2176 δὲ
2192 2124 2381 2197 καιρὸς
2418 2125 2481 2178 τὸ
2511 2124 2690 2178 καινὸν
2719 2121 3023 2200 διηγεῖσθαι
3059 2121 3329 2199 διήγημα.
3379 2125 3588 2200 Ἢμὲρα

1935 2212 2002 2279 ἦν
2032 2210 2082 2265 ἐν
2110 2217 2228 2276 τοῖς
2258 2213 2426 2288 ἱεροῖς
2457 2212 2778 2290 ἀνακτόροις
2811 2215 3094 2286 συνάξεως,
3144 2211 3234 2268 καί
3290 2216 3326 2283 ἡ
3380 2213 3590 2284 σύναξις

1937 2297 2075 2374 ἱερὰ,
2100 2300 2189 2353 καὶ
2221 2299 2344 2354 ὅσον
2375 2298 2427 2355 ἐν
2475 2299 2873 2376 ἱερομονάχοις
2910 2299 3002 2356 καὶ
3050 2298 3239 2366 ἄλλως
3266 2301 3592 2377 ἱερωμένοις

1941 2522 2315 2580 Rhaadestum
2347 2524 2550 2580 exsilio
2591 2525 2900 2596 praeﬁnito,
2934 2525 3236 2582 nonnullis
3278 2526 3426 2584 citra
3455 2542 3594 2598 pcr-

1943 2617 2066 2668 tum
2099 2614 2198 2686 qui
2241 2615 2313 2669 ad
2361 2614 2610 2670 Pharum
2644 2619 2760 2683 est;
2814 2631 3066 2687 quorum
3117 2615 3288 2671 multi
3336 2615 3492 2672 malo
3518 2617 3591 2672 ad

1941 2720 2250 2760 assensum
2283 2703 2476 2774 tracti,
2524 2704 2885 2775 professique
2924 2721 2987 2760 se
3036 2705 3166 2777 paci
3197 2705 3591 2778 acquiescere,

1941 2791 2302 2865 postliminio
2333 2793 2587 2849 revocati
2620 2793 2892 2849 redibant
2920 2793 3186 2848 domum.

1938 2935 2029 2990 20.
2063 2935 2328 2992 Narratio
2354 2937 2622 3006 supplicii
2657 2936 2856 2991 atrocis
2904 2935 3140 3005 irrogati
3184 2936 3413 3004 rhetori,
3445 2942 3498 2992 σι
3525 2934 3592 2991 de

2403 3024 2463 3063 eo
2498 3006 2824 3063 lamentatio
2855 3007 3130 3062 historici.

1861 3169 1903 3235 C
2013 3147 2117 3203 His
2147 3149 2399 3204 addatur
2437 3149 2693 3205 narratio
2725 3150 2798 3204 de
2842 3149 3093 3218 rhetore,
3126 3151 3291 3204 atrox
3319 3149 3587 3221 quadam

1941 3242 1997 3293 et
2045 3237 2324 3295 terribilis
2371 3239 2548 3294 etiam
2588 3238 3016 3310 spectantibus,
3042 3237 3230 3294 multo
3263 3238 3452 3310 magis
3485 3255 3586 3311 pa-

1937 3327 2487 3399 tienti.Quanquam
2512 3327 2634 3382 haec
2657 3327 2898 3399 quidem
2924 3343 3017 3382 res
3041 3343 3154 3382 non
3184 3326 3294 3382 hoc
3327 3331 3591 3398 tempore

1937 3417 2202 3488 contigit,
2254 3418 2353 3472 sed
2414 3416 2585 3489 paulo
2645 3420 2800 3472 ante.
2836 3417 3179 3471 Referemus
3224 3420 3420 3471 autem
3480 3415 3592 3473 hoc

1937 3505 2084 3574 loco,
2118 3507 2270 3562 892
2302 3507 2726 3578 conjungentes
2771 3505 2990 3560 similia
3037 3504 3357 3572 similibus,
3390 3505 3592 3576 gravia

1938 3597 2236 3668 gravibus,
2287 3597 2346 3652 in
2404 3597 2702 3668 specimen
2760 3595 3024 3650 exercitae
3084 3599 3226 3650 tunc
3283 3593 3592 3653 violentia.

1939 3685 2091 3741 Heu!
2123 3686 2230 3739 heu
2266 3685 2512 3742 miseros
2543 3687 2670 3740 nos!
2709 3685 2866 3756 quod
2891 3687 3057 3739 tanta
3090 3684 3247 3754 passi
3270 3684 3342 3738 ab
3365 3682 3457 3740 his
3490 3683 3593 3756 qui

1941 3774 2232 3844 posterius
2253 3778 2560 3839 venerunt,
2586 3789 2837 3845 quorum
2872 3771 2929 3826 in
2954 3772 3063 3826 hoc
3085 3776 3206 3827 toto
3233 3773 3463 3843 negotio
3486 3789 3592 3828 nec

1941 3861 2118 3916 facies
2150 3861 2272 3917 visa
2297 3878 2401 3916 nec
2431 3862 2630 3916 audita
2651 3878 2758 3916 vox
2785 3863 2901 3928 est;
2935 3860 3035 3931 qui
3059 3861 3213 3931 quod
3248 3859 3396 3914 nihil
3429 3860 3590 3932 passi

1941 3955 2100 4018 sunt,
2133 3951 2476 4005 obscuritati
2511 3951 2627 4004 suae
2649 3949 2980 4020 vilitatique
3010 3949 3360 4015 debuerunt,
3385 3948 3591 4019 utique

1943 4057 2057 4094 non
2091 4039 2236 4093 tanti
2269 4038 2477 4106 habiti,
2503 4047 2565 4093 ut
2596 4055 2800 4095 curare
2820 4038 2891 4092 de
2918 4037 3063 4108 ipsis
3085 4041 3188 4092 aut
3218 4036 3460 4093 omnino
3489 4053 3590 4092 co-

1941 4128 2127 4199 gitare
2157 4127 2542 4198 dignarentur
2570 4126 2671 4198 qui
2715 4126 2836 4180 haec
2870 4126 3196 4181 movebant.
3231 4127 3316 4180 Ab
3348 4125 3461 4194 his,
3495 4125 3587 4180 in-

1943 4216 2734 4288 quam,nonjudicabamur;
2753 4220 2809 4271 et
2827 4215 2965 4287 quid
2990 4213 3590 4286 dicojudicabamur?

1945 4324 2099 4362 nunc
2132 4323 2363 4378 quoque
2387 4305 2745 4377 judicamur.
2781 4308 2894 4360 Vos
2929 4304 3217 4376 alloquor,
3252 4321 3284 4360 ο
3316 4305 3593 4360 ecclesia-

1945 4397 2099 4463 stici,
2132 4396 2230 4450 ubi
2263 4399 2509 4462 stantes,
2534 4399 2634 4449 aut
2663 4411 2779 4466 quo
2811 4393 3127 4466 progressi,
3161 4398 3263 4448 aut
3294 4394 3432 4464 quid
3464 4409 3590 4448 om-

1947 4486 2084 4541 nino
2114 4485 2173 4539 in
2211 4501 2582 4540 communem
2615 4483 2927 4539 utilitatem
2979 4483 3238 4553 operati?
3267 4483 3365 4537 sed
3401 4488 3595 4538 vestra

1946 4577 2066 4631 haec
2098 4574 2271 4647 culpa
2301 4591 2414 4628 non
2439 4579 2547 4629 est.
2575 4573 2662 4629 Illi
2686 4577 2826 4628 sunt
2855 4570 3313 4642 reprehendendi
3345 4570 3443 4642 qui
3481 4572 3596 4626 ista

1947 4669 2328 4736 acceperunt;
2364 4679 2702 4735 quanquam
2753 4667 2844 4717 est
2890 4660 3047 4715 aliud
3089 4661 3284 4731 majus
3332 4661 3487 4731 quod
3524 4661 3596 4716 iis

1947 4769 2420 4809 succcnseamus.
2449 4752 2570 4807 Non
2613 4751 2769 4807 enim
2803 4749 3086 4805 tolerasse
3116 4749 3202 4805 vel
3233 4749 3594 4822 approbasse

1948 4841 2202 4896 contenti
2237 4839 2391 4911 quod
2423 4838 2520 4893 alii
2563 4838 2837 4909 agebant,
2870 4837 2928 4891 in
2961 4839 3185 4908 partem
3218 4835 3332 4910 ipsi
3364 4837 3594 4908 injuriae

1947 4932 2262 4996 venerunt;
2296 4927 2408 4999 ipsi
2430 4926 2488 4981 in
2514 4943 2618 4981 nos
2640 4925 2839 4981 infesti
2866 4929 3131 4993 ruerunt,
3155 4925 3418 4997 ipsorum
3441 4926 3600 4982 auxi-

1950 5018 2154 5074 liarem
2205 5033 2438 5088 cperam
2491 5015 2711 5071 nostris
2757 5014 3206 5086 oppressoribus
3257 5015 3596 5072 navantium

1952 5107 2174 5180 experti
2196 5106 2312 5160 vim
2337 5123 2567 5160 sumus.
2591 5105 2701 5161 Sed
2727 5103 3100 5176 querelarum
3123 5105 3288 5161 satis.
3316 5105 3380 5161 Id
3403 5105 3599 5178 potius

1954 5199 2104 5270 quod
2138 5195 2509 5267 suscepimus
2540 5211 2826 5266 agamus:
2860 5210 2994 5249 nam
3027 5193 3108 5248 rei
3142 5210 3298 5249 novae
3331 5194 3600 5266 inopina-

1951 5292 2140 5358 taeque
2190 5285 2502 5339 referendas
2535 5283 2641 5338 hoc
2674 5287 2906 5353 tempus
2953 5280 3256 5353 elegimus.
3289 5282 3426 5338 Dies
3474 5285 3601 5337 erat

1953 5373 2330 5430 ecclesiastici
2365 5378 2686 5428 conventus
2718 5371 2777 5426 in
2812 5387 2978 5426 sacro
3007 5370 3242 5442 palatio.
3268 5374 3330 5426 In
3364 5386 3598 5425 sacrum

1953 5482 2085 5521 eum
2113 5467 2326 5518 emtum
2358 5460 2667 5517 collectum
2701 5462 2891 5516 fuerat
2917 5465 3202 5530 quantum
3235 5463 3360 5514 erat
3378 5463 3504 5512 tum
3540 5457 3598 5512 in

1953 5554 2098 5608 urbe
2120 5552 2489 5608 sacerdotum
2509 5556 2565 5606 ct
2587 5550 3030 5606 monachorum.
3055 5549 3338 5602 Aderatet
3360 5545 3602 5618 patriar-

1956 5643 2066 5700 cha
2117 5659 2250 5697 cum
2305 5641 2581 5696 universa
2626 5639 2881 5710 synodo.
2933 5635 3374 5692 Deliberationis
3427 5651 3603 5709 argu-

1873 4535 1913 4597 D
