4002 6198
435 291 545 350 847

1730 279 2035 338 GEORGII
2069 280 2534 338 PACHYMERB

3714 279 3805 337 848

434 413 527 471 καὶ
561 412 830 485 μοναχοῖς
855 402 1168 478 πάνδημος.
1198 407 1383 479 Παρῆν
1415 399 1470 457 δὲ
1491 401 1578 457 καὶ
1602 401 1951 478 πατριάρχης
1983 396 2071 456 καὶ
2102 405 2156 472 Α
2186 399 2458 477 ῥησίαζεν·
2507 404 2542 472 ἡ
2599 399 2645 457 δ’
2701 401 2797 472 ἦν,
2857 399 2932 464 ὡς
2994 399 3196 456 ἐκεῖνον
3253 399 3457 477 λέγειν,
3506 403 3543 472 ἢ
3595 401 3706 477 πρὸς
3729 403 3805 458 τὸν

438 504 617 556 ἅπασα
647 494 893 558 σύνοδος.
920 496 983 552 ἹΙ
1007 492 1065 549 δὲ
1086 495 1272 568 σκέψις
1300 493 1420 568 περὶ
1453 499 1553 562 τῆς
1582 493 1912 564 κινουμένης
1939 492 2085 565 εἴρη-

437 611 534 658 νης
573 585 805 656 ἐκείνης.
857 584 996 642 Τότε
1023 589 1151 660 γοῦν
1198 582 1586 649 καθεσθέντων,
1641 580 1982 653 τιμηθέντων
2042 578 2088 634 δ’

438 674 525 730 ἐπὶ
556 670 790 747 καθέδρᾳ
817 671 908 726 καί
936 672 1139 749 ἀμφοῖν
1165 670 1383 726 τούτοιν
1430 669 1505 730 ὡς
1563 667 2085 742 συναγωνιζομένοιν

436 768 518 836 τῷ
569 761 804 839 βασιλεῖ,
860 765 958 817 τοῦ
1004 781 1063 815 τε
1110 757 1503 834 ἀρχιδιακόνου
1535 756 1950 827 Μελιτηνιώτου
1998 758 2084 811 καὶ

437 859 536 909 τοῦ
564 849 1132 928 πρωταποστολαρίου
1190 847 1460 922 Κυπρίου.
1515 849 1543 900 6
1603 845 1786 921 ῥητωρ
1841 841 2090 903 Ὀλόϐω-

441 942 541 1007 λος
563 941 780 1012 ἵστατο,
812 937 1136 1016 προσδοκῶν
1167 938 1266 1005 τήν
1300 936 1405 990 ἀπὸ
1450 934 1720 1011 βασιλέως
1751 935 2090 1010 ἐκχώρησιν.

439 1035 528 1095 Ὠς
561 1029 607 1086 δ’
665 1031 777 1105 οὐχ
823 1028 1050 1105 ὡρίζετο
1081 1027 1168 1081 ἐπὶ
1203 1023 1468 1100 καθέδρας
1517 1029 1606 1078 καί
1665 1025 1825 1078 αὐτὸν
1857 1022 2090 1092 ἕζεσθαι,

443 1121 672 1192 ἐξελθὼν
723 1121 983 1188 καθῆστο.
1034 1116 1183 1173 Ἐπεὶ
1217 1113 1274 1169 δέ
1326 1113 1508 1190 λόγων
1558 1115 1890 1186 κινουμένων
1944 1115 2033 1168 καὶ
2065 1115 2092 1167 ὁ

445 1211 630 1288 ῥήτωρ
665 1209 908 1278 ἐζητεῖτο
940 1206 1028 1261 καὶ
1078 1207 1357 1280 χρήσιμος
1387 1201 1560 1258 ἐδόκει
1595 1205 1676 1276 [Ρ.
1709 1207 1836 1276 267]
1885 1207 1920 1272 ἡ
1953 1224 2090 1276 παρ-

443 1297 601 1354 ουσία
657 1295 902 1366 ἐκείνου,
961 1293 1278 1364 ἀνεζητεῖτὸ
1336 1293 1426 1348 καὶ
1481 1293 1802 1368 παρίστατο,
1859 1292 1920 1346 οὐ
1982 1295 2090 1364 μήν

443 1385 502 1442 δὲ
554 1386 692 1441 ὥστε
753 1382 929 1440 δοκεῖν
988 1383 1218 1456 εὐμενὴς
1249 1382 1317 1437 τὰ
1367 1382 1507 1457 πρὸς
1552 1381 1779 1457 βασιλέα
1811 1378 1899 1436 διὰ
1927 1383 1988 1436 τὸ
2021 1383 2094 1443 ὡς

442 1473 603 1546 δῆθεν
635 1481 735 1544 τῆς
782 1471 1005 1546 ἀτιμίας
1056 1471 1266 1541 ἐκείνης
1317 1470 1571 1546 ὑπόγυον.
1622 1472 1778 1524 Ὅθεν
1818 1470 1906 1523 καὶ
1958 1469 2093 1544 ἐρω-

434 1565 683 1638 τώμενος
733 1563 834 1618 οὐκ
877 1563 1222 1634 ἀπεκρίνετο,
1281 1560 1373 1614 καὶ
1424 1559 1788 1632 ὲλπιζόμενος
1834 1559 1902 1614 τὰ
1954 1560 2090 1632 πρὸς

441 1654 603 1730 χάριν
633 1651 836 1728 λέγειν,
866 1651 1076 1712 ἐκεῖνος
1117 1647 1452 1719 παλινῳδίαν
1509 1651 1624 1703 οἷον
1675 1649 1812 1723 πρὸς
1842 1650 1910 1703 τά
1957 1650 2091 1724 πρό-

1849 1744 1872 1753 υ
1925 1736 1985 1754 ἢ..

435 1761 592 1815 τερον
642 1740 1040 1812 ποιησάμενος,
1094 1739 1192 1806 τήν
1253 1737 1485 1792 ἐναντίαν
1540 1742 1620 1809 τῷ
1655 1738 1872 1814 βασιλεῖ
1921 1737 2092 1807 δῆλος

544 1801 781 1907 βαδίζων
815 1801 888 1890 ὡις
934 1801 1393 1901 μήνσυνοίσοντος
1435 1801 1682 1900 οὐδαμοίῖ
1733 1831 1828 1880 τοῦ
1874 1826 1948 1889 είς
1977 1801 2091 1898 ⁷ζήο
2125 1801 2172 1866 Β

436 1941 593 1992 τησιν
626 1918 1014 1996 προκειμένου.
1049 1915 1152 1973 Καὶ
1188 1915 1341 1977 εὐθὺς
1394 1913 1602 1991 αἶ’ρεται
1667 1916 1759 1987 μὲν
1813 1921 1893 1987 τῷ
1939 1918 2094 1990 βασι-

437 2009 526 2066 λεῖ
582 2010 610 2063 6
645 2009 840 2080 θυμὸς,
892 2007 983 2060 καὶ
1018 2005 1120 2080 βοῆ
1153 2006 1244 2074 ἦν,
1275 2004 1364 2058 καὶ
1397 2005 1470 2066 ὡς
1504 2001 1730 2066 δύσνους
1761 2005 1841 2058 ἀεὶ
1869 2005 1959 2058 καὶ
2015 2006 2093 2076 τῷ

439 2099 753 2175 φρονήματι
787 2093 1272 2169 ἀλλοπρόσαλλος,
1303 2093 1392 2148 καὶ
1435 2093 1516 2148 ὅτι
1549 2094 1610 2146 οὐ
1641 2100 1766 2168 παρ’
1797 2092 1972 2164 ἄλλην
2010 2093 2097 2147 αἲ-

439 2188 553 2243 τίαν
579 2185 706 2241 ἀλλ’
727 2184 860 2240 αὐτὸ
884 2189 1046 2239 τοῦτο
1066 2184 1128 2238 τὸ
1151 2183 1230 2237 ἀεὶ
1257 2180 1496 2237 δυσνοεῖν
1520 2182 1693 2237 καὶτὸ
1716 2182 1803 2237 ἐπὶ
1823 2190 1924 2252 τῆς
1947 2183 2092 2258 ῥινὸς

439 2278 726 2346 πέπονθεν,
786 2273 1169 2344 αἲνιττομένης
1212 2278 1315 2341 τῆς
1373 2279 1572 2340 ποινῆς
1617 2270 1878 2335 ἐντεῦθεν.
1922 2274 1983 2329 Ὁ
2037 2271 2094 2327 δὲ

427 2353 656 2442 ’ἀκράτῳ
711 2365 869 2428 πάθει
931 2361 1254 2441 φιλοτιμίας
1313 2361 1404 2415 καὶ
1457 2359 1583 2434 δόξῃ
1637 2363 2093 2437 καταφρονήσεως

440 2457 611 2530 θυμὸν
643 2452 866 2528 ἄκαιρον
929 2451 1086 2526 μίξας
1137 2451 1238 2520 τὴν
1297 2457 1399 2520 τῆς
1445 2457 1644 2520 ποινῆς
1697 2449 1872 2505 αἰτίαν
1924 2449 2092 2527 ἐπαρ-

437 2676 704 2729 mentum
733 2671 858 2726 erat
901 2665 1289 2740 propositum,
1322 2683 1433 2738 pax
1464 2667 1855 2723 Ecclesiarum
1884 2667 1983 2724 illa
2015 2671 2084 2724 de

434 2778 554 2834 qua
584 2759 862 2815 instituta
907 2756 1178 2812 tractatio
1225 2757 1431 2812 iuerat.
1463 2755 1918 2812 Considentibus
1961 2760 2083 2829 jam

433 2850 686 2916 cunctis,
717 2852 775 2903 et
816 2845 1073 2918 dignatis
1129 2845 1348 2900 honore
1396 2845 1686 2902 cathedrae
1733 2863 1768 2902 a
1810 2849 2082 2917 presenti

431 2942 697 3014 Augusto
727 2937 960 2994 duobus
990 2936 1132 3001 illis,
1161 2935 1372 3006 quibus
1402 2936 1473 2991 ad
1506 2937 1566 2991 id
1593 2937 1891 3008 negotium
1919 2939 2084 3008 adju-

431 3030 663 3088 toribus
694 3027 829 3083 fidis
862 3025 1162 3095 utebatur,
1195 3025 1606 3081 archidiacono
1637 3025 1994 3083 Meliteniota
2026 3033 2084 3084 et

2199 486 2368 544 παῖδα
2421 489 2678 560 Ἰωάννην
2736 491 2826 544 καὶ
2881 485 3107 565 βασιλέα
3138 486 3340 562 εὔνοια,
3394 491 3497 546 Καὶ
3560 491 3588 545 6
3632 491 3709 563 μὲν
3751 491 3809 546 εἶ-

2199 600 2317 648 πεν,
2351 580 2400 634 οἱ
2433 577 2490 634 δὲ
2521 579 2644 646 περί
2671 581 2761 634 τὸν
2824 578 3048 652 βασιλέα
3098 579 3173 642 ὡς
3220 575 3376 647 δῆθεν
3413 579 3704 642 εὐνοοῦντες
3745 581 3809 642 εἷς

2199 669 2358 744 χάριν
2419 668 2590 732 ἄλλος
2649 668 2882 724 ἄλλοθέν
2939 669 3100 732 πόθεν
3158 667 3564 740 ἐκπηδήσαντες
3615 668 3810 742 διασπᾷν

2200 758 2424 834 ὥρμων.
2487 759 2642 816 Ἀλλ’
2692 760 2718 812 ὁ
2755 756 3008 834 βασιλεὺς
3039 759 3112 819 ὡς
3145 756 3303 827 δῆθεν
3339 758 3812 835 φιλανθρευπευὸμε.

2197 869 2291 909 νος
2341 846 2626 916 διεκώλυε,
2679 848 2866 920 καιρὸν
2915 847 2989 909 εἷς
3042 844 3316 916 ἐκδίκησιν
3356 846 3486 914 Θεῖς,
3539 849 3609 909 ὡς
3651 844 3815 920 ἔδειξεν

2199 937 2440 1014 ὕστερον
2472 939 2532 994 Ὀ
2569 938 2662 1010 μέν
2710 935 2803 991 οὖν
2837 938 3022 1012 ῥητωρ
3054 937 3153 1005 τὴν
3181 940 3282 990 τοῦ
3310 941 3633 1006 κρατοῦντος
3662 937 3804 1012 ὀργὴν

2200 1027 2516 1082 ὑποπτεύων
2541 1031 2609 1100 τῇ
2658 1025 2921 1098 ἐκκλησίᾳ
2969 1027 3322 1100 προστρέχει,
3381 1027 3471 1080 καὶ
3503 1030 3622 1101 παρ’
3669 1027 3814 1096 αὐτῆς

2197 1117 2398 1186 ἤλπιζε
2456 1117 2755 1185 σώζεσθαι,
2815 1116 2875 1172 Ὁ
2931 1113 2987 1169 δὲ
3049 1109 3233 1168 λαϐὼν
3287 1115 3486 1178 ἐκεῖθεν
3547 1117 3810 1190 περιθρέξει

2203 1207 2278 1268 εἷς
2335 1206 2556 1260 Νίκαιαν
2589 1249 2603 1270 ,
2670 1205 2746 1266 ὡς
2807 1204 2886 1258 ἐπ’
2950 1203 3197 1276 εὐμενείᾳ
3256 1201 3415 1273 δῆθεν
3463 1204 3539 1266 εἰς
3592 1207 3682 1273 τήν
3732 1211 3817 1260 τοῦ

2197 1294 2475 1359 Ὑακίνθου
2529 1291 2882 1348 ἀποστέλλων
2947 1295 3119 1365 μονήν
3155 1333 3168 1348 .
3223 1290 3387 1347 Οὔπω
3447 1293 3641 1368 χρόνος
3695 1298 3826 1350 τετέ-

2200 1385 2385 1440 λεσται
2421 1428 2434 1453 ,
2484 1383 2578 1438 καὶ
2636 1383 2967 1454 κινουμένων
3027 1381 3148 1436 τότε
3195 1386 3302 1437 τῶν
3361 1382 3662 1457 ἡμετέρων,
3718 1382 3820 1439 ἐπεὶ

2195 1475 2444 1528 κάκεῖνον
2500 1471 2668 1542 ἤκουε
2723 1477 2830 1526 τῶν
2892 1469 3236 1546 δεδογμένων
3295 1469 3637 1543 ἀποστατεῖν,
3689 1471 3822 1543 δεξα-

2203 1583 2358 1636 μενος
2412 1562 2500 1616 καὶ
2559 1561 2884 1636 κατηγορίας
2931 1563 3004 1633 μη
3067 1560 3446 1634 προσηκούσας
3503 1561 3677 1634 ἐκείνῳ
3708 1561 3826 1635 μηδ’

2203 1654 2478 1721 ὁπωσοῦν,
2537 1651 2769 1706 ἄλλοθεν
2826 1651 3014 1725 καιρὸν
3067 1649 3295 1722 νομίσας
3348 1650 3592 1705 κάκεῖνον
3641 1651 3727 1724 μὲν
3753 1673 3827 1706 τις

2206 1748 2482 1816 μωρῆσαι,
2509 1743 2658 1813 ἡμᾶς
2690 1737 2747 1795 δὲ
2783 1737 3085 1810 δεδίξασθαι
3139 1739 3340 1794 ἐκεῖνον
3390 1741 3520 1795 εἶναι
3575 1740 3664 1795 τὸν
3709 1740 3829 1816 πρέ-

2205 1851 2398 1899 ποντα,
2454 1828 2670 1903 πέμπον
2727 1830 2830 1884 ὑπὸ
2873 1827 3095 1902 δεσμοῖς
3155 1827 3291 1904 ἄγει,
3352 1831 3441 1884 καὶ
3500 1835 3710 1904 πρῶτον
3745 1832 3829 1903 μὶν

2203 1920 2426 1991 ἀπηνῶς
2507 1921 2831 1993 προστάσσει
2911 1919 3002 1973 καὶ
3085 1917 3462 1995 ἀπανθρώπως
3531 1919 3831 1989 αἰκίζεσθαι,

2202 2005 2388 2064 ἔπειτα
2447 2006 2501 2063 δὲ
2530 2011 2619 2064 τὸν
2681 2009 2863 2064 καινὸν
2904 2008 3104 2063 ἐκεῖνον
3148 2004 3414 2081 Θρίαμϐον
3472 2008 3833 2082 ἀπεργάζεται.

2204 2098 2420 2172 Γχοίνῳ
2472 2100 2571 2172 γὰρ
2636 2103 2816 2174 μακρᾷ
2871 2103 2980 2152 τῶν
3011 2095 3310 2172 τραχήλων
3340 2095 3598 2159 κελεύσας
3626 2096 3839 2166 ἐκδῆσαι

2202 2187 2405 2242 ἐκεῖνόν
2434 2208 2492 2242 τε
2517 2193 2740 2262 πρῶτον
2793 2185 3003 2242 καὶτὸν
3054 2187 3288 2256 Ἰασίτην
3346 2184 3552 2242 Μελίαν
3604 2185 3837 2262 δεύτερον

2201 2278 2290 2331 καὶ
2326 2277 2448 2346 ἑξῆς
2477 2275 2671 2344 ἄλλον,
2711 2272 2814 2338 ἓως
2863 2277 2952 2330 καὶ
3002 2274 3053 2337 ἐς
3113 2273 3241 2329 δέκα
3297 2279 3393 2329 τοῦ
3450 2275 3684 2348 ἀριθμοῦ
3736 2281 3837 2329 τῶν

2201 2362 2411 2440 ἀνδρῶν
2473 2366 2860 2433 ποσωθέντος,
2924 2363 3145 2418 ὕστατον
3219 2360 3276 2418 δὲ
3329 2365 3419 2418 καί
3480 2365 3579 2432 την
3641 2364 3838 2419 ἐκείνου

2201 2451 2418 2528 ἀνεψιὰν
2476 2453 2550 2515 εἷς
2604 2454 2704 2523 τήν
2757 2457 2865 2507 τῶν
2913 2457 3150 2528 μαγειῶν
3211 2450 3370 2522 δῆθεν
3420 2449 3666 2524 ἔνδειξιν,
3720 2454 3837 2516 τοὺς

2190 2669 2505 2726 volentiam
2549 2670 2803 2726 debitam
2848 2675 3166 2743 praestaret.
3203 2672 3328 2726 Haec
3373 2687 3508 2726 eum
3549 2670 3827 2738 locutum,

2192 2759 2292 2830 qui
2315 2760 2470 2815 circa
2498 2760 2912 2832 imperatorem
2936 2766 3120 2830 erant,
3142 2760 3239 2815 alii
3267 2760 3505 2816 aliunde
3529 2776 3833 2832 erumpen-

2190 2853 2298 2917 tes,
2324 2851 2479 2920 quod
2512 2849 2596 2905 sic
2626 2853 2676 2906 ei
2725 2851 3042 2921 gratiﬁcari
3092 2867 3154 2906 se
3195 2856 3486 2921 putarent,
3519 2851 3690 2920 quasi
3715 2850 3832 2905 dis-

2191 2939 2446 3008 cerpturi
2479 2939 2788 3010 petierunt.
2823 2939 3037 2994 Verum
3082 2956 3180 2994 eos
3223 2941 3540 3011 imperator
3571 2939 3835 2995 affectata

2191 3028 2608 3083 moderationis
2632 3028 2824 3100 specie
2857 3028 3178 3100 prohibuit,
3201 3045 3434 3100 pmnam
3471 3045 3584 3083 non
3617 3030 3833 3084 condo—

431 3116 956 3193 protoapostolario
999 3115 1207 3187 Cyprio
1225 3155 1239 3181 ,
1274 3114 1472 3170 rhetor
1519 3114 1838 3170 Holobolus
1886 3118 2080 3173 stabat
2111 3106 2152 3172 C
2192 3133 2360 3181 nans,
2385 3118 2485 3171 sed
2507 3118 2566 3170 in
2591 3116 2744 3172 aliud
2769 3124 3003 3188 tempus
3025 3118 3322 3182 dili‘erens,
3346 3124 3411 3172 ut
3435 3124 3636 3188 postea
3658 3135 3832 3190 appao

428 3213 771 3280 exspectans
795 3211 859 3260 ut
883 3204 1197 3276 imperator
1220 3203 1414 3275 ipsum
1441 3205 1924 3276 quoquejuberet
1943 3207 2087 3262 assi-

429 3299 598 3364 dere;
632 3295 733 3351 sed
768 3309 900 3349 cum
926 3293 982 3346 id
1006 3292 1106 3346 diu
1133 3292 1352 3346 frustra
1372 3298 1791 3363 exspectasset,
1817 3294 2013 3350 exiens
2037 3296 2086 3350 is

432 3385 491 3440 in
534 3383 798 3455 proximo
846 3380 1134 3436 consedit.
1169 3379 1579 3450 Disputatione
1630 3397 1762 3435 mox
1812 3382 2086 3438 inchoata

430 3471 754 3543 requisitus
784 3476 876 3524 est
906 3468 1124 3538 rhetor,
1151 3469 1323 3538 cujus
1353 3485 1529 3539 opera
1561 3471 1864 3540 praesentis
1895 3474 2084 3540 profu-

428 3567 563 3617 tura
591 3560 746 3616 898
777 3557 1102 3614 videbatur.
1144 3556 1246 3612 Ille
1286 3557 1510 3612 accitus
1551 3559 1801 3628 adstitit,
1834 3562 1937 3616 sed
1969 3563 2078 3617 im-

426 3650 644 3722 placito
694 3649 755 3703 in
801 3647 1126 3719 principem
1185 3646 1406 3713 animo,
1439 3663 1472 3702 a
1530 3663 1644 3718 quo
1693 3665 1756 3704 se
1814 3655 2077 3720 spretum

425 3738 648 3795 omissa
677 3735 970 3793 delatione
1016 3734 1300 3791 sessionis
1349 3735 1587 3806 penitus
1635 3736 2074 3809 indignabatur.

420 3829 571 3900 Ergo
595 3827 991 3898 interrogatus
1023 3824 1211 3897 primo
1243 3833 1451 3896 praeter
1499 3825 1834 3897 opinionem
1884 3828 2069 3884 siluit.

422 3918 674 3990 Urgente
720 3932 855 3972 vero
902 3914 1402 3986 imperatore,qui
1437 3931 1585 3978 cum
1637 3917 1983 3988 conﬁdebat,
2014 3920 2072 3974 in

421 4024 617 4074 suam,
635 4011 700 4064 ut
719 4011 908 4071 antea,
934 4004 1288 4060 sententiam
1312 4004 1671 4072 locuturum,
1697 4005 1792 4061 ille
1814 4023 1928 4062 non
1954 4008 2073 4062 dis-

421 4096 709 4154 simulans
750 4095 1028 4166 pmnitere
1061 4108 1122 4147 se
1162 4093 1326 4164 prius
1358 4099 1643 4159 actorum,
1667 4100 1723 4148 et
1751 4097 2072 4153 contrarias

422 4186 501 4241 im
512 4183 761 4256 peratori
783 4189 978 4254 partes
992 4182 1269 4253 deinceps
1283 4189 1557 4238 secuturu
1569 4198 1622 4237 m
1643 4200 1758 4254 prae
1781 4200 1842 4238 se
1857 4185 2069 4254 ferens,

421 4271 929 4329 libereafﬁrmavit
947 4273 1247 4341 negotium
1263 4271 1418 4342 quod
1439 4272 1876 4342 proponebatur
1889 4274 2069 4329 haud-

419 4377 717 4433 quaquam
736 4360 858 4416 fore
877 4359 1018 4416 utile
1037 4359 1237 4414 videri.
1262 4360 1573 4414 Perculsus
1593 4361 2066 4432 inopinatissimo

2195 3206 2328 3280 ruit.
2377 3205 2593 3260 Rhetor
2640 3212 2836 3261 autem
2886 3207 3033 3261 iram
3083 3207 3460 3278 imperatoris
3507 3208 3733 3263 veritus
3767 3209 3832 3262 ad

2189 3293 2494 3349 ecclesiam
2527 3297 2806 3366 confugit,
2839 3313 3004 3351 sacro
3036 3313 3097 3351 se
3128 3297 3288 3369 asylo
3309 3299 3380 3352 ad
3404 3297 3658 3352 salutem
3697 3315 3832 3352 usu-

2189 3400 2320 3438 rum
2349 3402 2613 3456 sperans.
2637 3389 2709 3440 At
2738 3385 3055 3458 imperator
3079 3389 3305 3442 blandis
3336 3388 3472 3444 inde
3506 3389 3674 3444 illum
3699 3407 3830 3444 sua-

2187 3475 2452 3532 sionibus
2483 3483 2803 3532 extractum
2845 3482 3098 3550 perpulit
3129 3486 3192 3534 ut
3233 3481 3400 3550 quasi
3433 3482 3614 3535 animi
3651 3483 3832 3552 gratia

2189 3566 2243 3619 in
2272 3567 2690 3622 monasterium
2716 3567 3021 3638 Hyacinthi
3050 3587 3111 3624 se
3132 3573 3827 3640 conterret,commodum

2185 3655 2450 3710 videlicet
2472 3657 2626 3710 394
2649 3656 3072 3718 diversorium;
3095 3675 3211 3730 quo
3234 3661 3384 3714 l'acto
3403 3657 3709 3716 hominem
3735 3660 3829 3714 hu-

2183 3760 2355 3800 mane
2381 3745 2725 3800 consulendi
2756 3746 2950 3816 specie
2981 3747 3258 3818 relegavnt
3285 3747 3563 3813 Nicaeam,
3582 3752 3686 3805 ubi
3713 3756 3829 3804 erat

2179 3833 2237 3888 id
2273 3835 2692 3890 monasterium
2728 3838 2931 3889 situm.
2967 3835 3236 3892 Nondum
3278 3854 3472 3893 annus
3504 3839 3826 3907 efﬂuxerat,

2179 3938 2310 3976 cum
2363 3923 2512 3978 inter
2560 3923 2735 3979 hasce
2785 3931 3014 3979 nostras
3063 3926 3132 3981 de
3181 3929 3493 3982 concordia
3544 3929 3826 3985 Ecclesiao

2179 4028 2310 4066 rum
2369 4019 2558 4066 motas
2610 4013 2913 4068 ardentius
2962 4016 3409 4082 controversias,
3443 4017 3618 4072 certis
3672 4035 3829 4072 com-

2179 4107 2341 4172 perto
2373 4102 2599 4157 nuntiis
2629 4103 2944 4174 imperator
2976 4103 3320 4159 llolobolum
3374 4122 3404 4160 e
3457 4107 3637 4178 priori
3673 4107 3826 4178 quod

2177 4189 2322 4245 alias
2353 4192 2683 4246 ostenderat
2712 4193 2930 4261 judicio
2959 4193 3118 4264 pacis
3150 4193 3323 4248 istius
3346 4195 3667 4251 consilium
3705 4214 3831 4266 pro.

2174 4279 2348 4334 hante
2389 4279 2580 4350 palam
2621 4282 2744 4351 jam
2797 4281 3094 4344 resiliisse.
3127 4284 3474 4355 perindigne
3524 4287 3579 4340 id
3637 4287 3834 4341 ferens

2172 4385 2344 4423 aures
2379 4371 2542 4425 facile
2567 4372 2812 4442 praebuit
2833 4371 3361 4428 calumniatoribus
3394 4375 3642 4447 indigna
3677 4393 3837 4446 quaa-

412 4450 568 4506 dicto
625 4451 944 4522 imperator
1001 4449 1332 4539 excanduit,
1383 4449 1820 4539 increpavitque
1868 4451 2058 4507 homi-
2095 4475 2139 4539 D
2173 4456 2307 4511 dam
2341 4463 2397 4512 et
2426 4476 2459 4512 a
2493 4459 2590 4514 tali
2623 4460 2743 4513 viro
2775 4459 2964 4514 aliena
2986 4462 3055 4516 de
3091 4461 3365 4517 llolobolo
3397 4464 3836 4519 deferentibus.

410 4555 545 4597 nem
579 4539 810 4612 magnis
859 4538 1218 4595 clamoribus
1253 4554 1266 4592 ι
1299 4554 1507 4609 nempe
1539 4537 1704 4593 illum
1736 4542 2060 4598 vociterans

409 4631 796 4702 exprobrabat
826 4645 942 4684 non
976 4643 1133 4683 nunc
1164 4626 1421 4698 primum
1446 4627 1558 4683 sibi
1591 4627 1910 4701 infensum,
1933 4649 2060 4688 am-

410 4719 656 4789 biguum
681 4717 1041 4789 jamdudum
1065 4721 1123 4771 et
1155 4717 1214 4770 in
1247 4717 1539 4772 contraria
1564 4719 1915 4787 versatilem,
1941 4739 2058 4777 non

406 4808 524 4865 alia
555 4807 743 4879 magis
765 4823 944 4862 causa
965 4821 1067 4877 per
1087 4808 1353 4876 opposita
1375 4808 1695 4880 circumagi
1720 4825 1897 4880 quam
1931 4828 2057 4866 ma-

400 4896 585 4954 levola
614 4895 858 4952 libidine
888 4894 1000 4951 sibi
1057 4895 1349 4959 obstandi,
1383 4911 1558 4966 quem
1609 4899 1862 4968 pessime
1892 4902 2054 4957 odis-

401 4992 509 5044 set.
540 4987 708 5043 Ferre
737 4985 903 5040 illum
936 4984 1112 5040 istius
1135 5001 1256 5040 suae
1279 4984 1661 5057 malignitatis
1683 4987 1963 5060 stigmata
1992 4993 2049 5046 in

397 5093 564 5144 naso,
595 5075 682 5131 illi
713 5074 982 5130 videlicet
1010 5073 1152 5129 olim
1194 5075 1456 5130 abscisso
1488 5074 1547 5130 in
1580 5091 1811 5145 pinnam
1860 5081 2046 5134 aversi

395 5165 580 5222 animi
610 5183 643 5220 a
679 5163 961 5237 principe.
995 5169 1080 5220 Ea
1109 5163 1310 5219 rhetor
1349 5163 1597 5219 audiens
1627 5165 1813 5221 elatus
1843 5167 2044 5223 incon-

2170 4547 2356 4609 Quare
2387 4548 2753 4604 occasionem
2777 4565 2904 4604 eam
2932 4552 3302 4606 commodam
3336 4558 3500 4608 ratus
3525 4553 3720 4610 simul
3747 4553 3836 4607 in-

2170 4635 2277 4691 visi
2310 4637 2517 4708 capitis
2545 4637 2887 4704 ulciscendi,
2913 4639 3089 4694 simul
3116 4641 3445 4698 deducendi
3470 4661 3576 4698 nos
3598 4645 3683 4698 ab
3710 4643 3836 4714 Opi-

2170 4724 2363 4793 nione,
2391 4743 2565 4797 quam
2598 4729 2669 4782 de
2700 4729 2829 4797 ejus
2862 4735 2925 4783 ut
2965 4729 3068 4783 viri
3107 4732 3438 4800 praestantis
3469 4735 3842 4789 auctoritate

2167 4816 2550 4886 doctrinaque
2600 4819 2938 4888 praeclaram
2990 4819 3378 4886 habebamus,
3420 4823 3637 4877 adduci
3697 4838 3840 4877 eum

2162 4904 2422 4959 vinctum
2457 4906 2517 4960 in
2547 4907 2748 4960 urbem
2775 4907 2964 4974 jubet.
2990 4908 3092 4962 Hic
3118 4909 3371 4980 primum
3406 4911 3575 4966 illum
3610 4913 3842 4966 crude-

2159 4993 2292 5048 liter
2321 4995 2773 5066 immaniterque
2806 4998 3032 5051 concidi
3075 4997 3277 5068 ﬂagris
3308 4999 3578 5070 imperat,
3605 5001 3846 5056 deinde

2159 5086 2289 5138 novi
2321 5084 2500 5152 hujus
2532 5086 2846 5156 spectaculi
2883 5103 2983 5156 per
3002 5087 3218 5142 civium
3251 5105 3353 5142 ora
3384 5107 3674 5162 pompam
3715 5096 3848 5144 tra-

2155 5173 2336 5228 ducit.
2390 5173 2652 5246 Longum
2685 5175 2754 5228 de
2786 5175 2934 5231 collo
2965 5176 3265 5232 trahentes
3320 5181 3516 5233 funem
3552 5182 3844 5248 primum

393 5255 550 5312 sulta
569 5254 676 5323 ira,
698 5271 876 5326 quam
900 5253 1143 5309 ambitio
1165 5253 1462 5324 impotens
1484 5254 1756 5323 opinione
1779 5262 2042 5311 contem-

388 5351 527 5419 ptus
558 5344 784 5400 irritata
815 5342 966 5400 ultra
994 5344 1081 5398 fas
1132 5341 1415 5414 propulit,
1446 5357 1644 5396 veram
1694 5342 1866 5399 istius
1912 5363 2042 5416 qua:

387 5435 500 5492 sibi
519 5451 675 5491 nunc
695 5433 1148 5504 exprobraretur
1170 5447 1350 5503 poene
1371 5445 1609 5485 causam
1635 5436 1723 5485 est
1742 5431 2038 5492 liberrime

383 5525 708 5598 professus,
739 5521 895 5579 clare
933 5522 1138 5577 dicens
1185 5537 1248 5575 se
1305 5535 1446 5574 naso
1505 5519 1846 5592 multatum,
1879 5528 2034 5595 quod

379 5613 594 5668 Joanni
625 5627 828 5684 puero,
859 5609 1123 5682 legitimo
1163 5607 1522 5681 imperatori,
1558 5607 1733 5665 ﬁdem
1765 5615 1822 5666 et
1852 5612 2033 5670 bene-

2153 5261 2494 5328 Holobolus,
2526 5265 2782 5318 secundo
2828 5263 2956 5319 loco
3003 5265 3222 5321 Jasites
3279 5267 3506 5332 Melies,
3533 5277 3676 5324 tum
3738 5265 3847 5322 alii

2150 5353 2430 5406 continua
2461 5353 2609 5407 serie
2642 5353 2895 5408 virorum
2922 5355 3199 5410 decadem
3232 5357 3560 5428 explentes,
3590 5358 3848 5427 adjun~

2148 5446 2242 5495 cta
2299 5442 2607 5497 undecima
2666 5443 2932 5510 muliere,
2983 5444 3246 5500 lloloboli
3297 5450 3560 5518 ejusdem
3620 5451 3842 5517 nepte,

2144 5531 2402 5584 ostentui
2438 5537 2626 5586 tracta
2667 5531 2824 5587 velut
2875 5549 3059 5603 maga,
3094 5551 3197 5604 per
3229 5536 3562 5592 universam
3595 5537 3836 5591 urbem

2141 5623 2199 5674 et
2229 5619 2605 5690 peculiariter
2625 5621 2780 5677 circa
2804 5621 3106 5677 ecclesiam
3141 5624 3290 5680 {cedo
3314 5625 3616 5697 triumpho
3647 5621 3836 5679 ducti
