4002 6198
309 231 420 286 849

1393 239 1479 290 DE
1519 236 1889 291 MICHAELE
1932 234 2376 293 PALEOLOGO
2411 236 2545 290 LIB.
2585 238 2654 291 V.

3628 236 3735 294 850

314 357 411 428 μὲν
447 350 545 411 δύο
599 354 728 419 τοὺς
774 359 1023 433 πρώτους
1076 360 1151 421 ὡς
1200 358 1289 414 καὶ
1340 359 1427 415 ἐπὶ
1479 368 1544 430 τῆ
1605 360 1849 416 ὑποθέσει
1887 359 1963 431 μὴ
1992 370 2048 434 Α
2078 358 2154 424 εἷς
2184 363 2306 414 νοῦν
2346 359 2531 435 βαλεῖν
2588 360 2756 436 μέχοι
2806 361 2896 416 καὶ
2948 358 3001 424 ἐς
3054 357 3269 434 κεραίαν
3321 360 3451 433 μέαν
3481 360 3572 416 καὶ
3596 361 3732 417 ἰῶτα

308 445 703 508 κατανεύοντας
774 447 863 500 καὶ
937 447 1180 521 ἐγκᾶτοις
1258 445 1545 525 προϐάτων
1629 449 1962 525 ἐπιφορτῖζει

311 534 403 588 σὺν
457 535 642 598 αὐτοῖς
694 542 806 597 τοῖς
866 536 1079 591 ἐκείνων
1142 536 1557 613 διαχωρήμασι,
1615 540 1706 593 τὸν
1758 539 1964 615 ῥήτορα

310 622 368 678 δὲ
428 622 795 702 διαφερόντως
851 627 941 681 καὶ
1013 627 1183 695 ἥπασι
1252 624 1539 704 προϐάτιον
1599 629 1733 683 κατὰ
1787 628 1961 701 στόμα

302 712 519 769 κελεύει
565 714 855 769 τύπτεσθαι
905 718 1304 793 συνεχέστερον,
1350 718 1437 772 καὶ
1493 717 1670 780 οὕτως
1718 718 1813 772 ἀνά
1858 720 1956 789 τὴν

302 803 471 858 πόλιν
507 807 713 859 ἅπασαν
742 802 1243 880 Θριαμϐευομένους
1292 808 1481 881 κύκλῳ
1510 816 1613 878 τῆς
1662 807 1957 878 ἐκκλησίας

300 900 670 971 περιαγαγεῖν,
723 896 1055 969 ἀτιμοῦν-,τας
1104 898 1273 952 ἐκεῖσε
1322 897 1490 953 πλέον
1522 901 1597 960 εἰς
1646 894 1817 976 φόϐου
1865 898 1954 953 καὶ

298 983 538 1053 ἀπειλῆς
570 990 687 1047 τοῖς
726 984 1020 1061 κληρικοῖς
1054 983 1298 1059 ἔνδειξιν,
1333 990 1414 1061 [Ρ.
1464 990 1589 1061 268]
1627 988 1952 1061 Ἐπράττετο

299 1074 397 1146 μὶν
464 1075 554 1129 οὗν
613 1080 779 1130 ταῦτα
855 1072 1342 1147 Ἐλαφηϐολιῶνος
1416 1075 1542 1152 ἕκτῃ
1621 1079 1789 1151 μηνὸς
1855 1083 1952 1133 τοῦ

293 1164 547 1226 ἐπιόντος
577 1162 753 1233 ἔτους,
793 1170 888 1220 τοῦ
947 1168 1293 1241 πατριάρχου
1354 1168 1632 1243 Ἀρσενίου
1684 1168 1946 1243 πρότερον

292 1256 329 1323 ἢ
383 1258 549 1307 ταῦτα
605 1254 839 1327 γίνεσθαι
899 1258 1121 1329 ἡμερῶν
1161 1255 1213 1329 ἐξ
1246 1257 1379 1311 κστᾶ
1434 1259 1534 1325 τὴν
1592 1264 1752 1326 νῆσον
1815 1280 1945 1330 μετ-

291 1342 658 1415 αλλάξαντος,
705 1343 802 1399 εἴτ’
851 1343 940 1399 οὖν
989 1352 1285 1421 τριακοστῇ
1338 1346 1698 1419 Γαμηλιῶνος
1750 1348 1943 1421 μηνός.

287 1434 359 1489 Οἱ
391 1431 448 1487 δὲ
477 1439 574 1488 τοῦ
628 1434 841 1509 κλήρου
898 1435 990 1489 τὸν
1038 1433 1286 1490 κίνδυνον
1342 1436 1516 1514 σφίσιν
1568 1436 1941 1511 αἶ’ωρουμενον

290 1521 595 1597 βλέποντες
668 1524 1010 1587 καθικέτευον
1066 1527 1158 1580 τὸν
1216 1531 1514 1601 κρατοῦντα
1590 1527 1792 1581 ἀνεῖναι
1845 1527 1943 1582 αὐ-

280 1611 418 1673 τοὺς
441 1620 541 1682 τῆς
571 1614 740 1688 ὀργῆς
792 1612 871 1689 ἐφ’
903 1616 947 1686 ᾦ
979 1615 1200 1691 ἡς·5χως
1256 1622 1542 1687 καθῆσθαι,
1598 1618 1763 1691 μέχρι
1794 1615 1853 1671 ἂν
1888 1618 1938 1671 οἱ

280 1697 543 1775 πρέσϐεις
578 1702 635 1758 ἐκ
690 1704 913 1777 Ῥώμης
967 1704 1411 1775 ἐπαναζεύξωσιψ
1472 1704 1596 1761 ἀλλ’
1658 1708 1760 1761 οὐκ
1789 1704 1936 1762 ἔπει-

277 1794 376 1845 Θον
411 1790 601 1847 πολλὰ
631 1792 1010 1865 λιπαροῦντες,
1060 1792 1186 1848 ἀλλ’
1235 1792 1486 1870 ἄντικρυς
1532 1794 1805 1870 ἐκρίνοντο
1838 1799 1933 1864 τῆς

270 1882 419 1955 πρὸς
479 1879 706 1957 βασιλέα
762 1883 1161 1951 καθοσιώσεως,
1196 1884 1260 1952 ἦν
1299 1885 1373 1955 μή
1415 1904 1475 1959 γε
1525 1884 1590 1936 τὰ
1638 1891 1736 1952 τῆς
1797 1886 1929 1939 ὑπο-

266 1976 493 2046 γραφῆς
523 1969 753 2026 τελοῖεν,
787 1972 875 2034 Ὡς
932 1968 988 2025 δέ
1046 1993 1186 2033 τινες
1246 1972 1320 2032 εἷς
1376 1967 1542 2049 φόϐον
1600 1974 1925 2049 κατέφευγον

262 2064 370 2113 τοῦ
414 2061 490 2133 μή
540 2081 590 2113 τι
641 2060 731 2115 καὶ
782 2059 946 2115 πλέον
994 2057 1447 2136 προσϐιασθῆναι,
1483 2062 1509 2115 ὁ
1547 2060 1800 2137 βασιλεὺς
1833 2063 1925 2117 αὐ-

260 2147 397 2202 τίκα
450 2147 821 2222 προστάσσει,
887 2150 975 2205 καὶ
1037 2152 1198 2225 λόγος
1254 2149 1519 2214 ἐκτίθεται
1578 2147 1927 2225 χρυσοϐούλ-

260 2236 445 2308 λειος,
480 2238 703 2314 πλήρης
738 2240 832 2312 μὲν
876 2237 1321 2317 φρικωδεστάτων
1388 2240 1554 2316 ἀρῶν,
1614 2240 1835 2316 πλήρης
1870 2239 1926 2295 δὲ

256 2325 358 2380 καὶ
421 2327 597 2400 ὅρκων
660 2324 1173 2400 παλαμναιοτάτων,
1208 2328 1242 2396 ἦ
1282 2329 1387 2401 μὴν
1444 2330 1517 2399 μὴ
1576 2323 1922 2383 ἐκϐιάσασθαι

255 2415 438 2471 πλέον
476 2458 491 2484 ,
556 2418 630 2489 μή
691 2415 1103 2491 διαπράξασθαι,
1163 2418 1239 2490 μὴ
1294 2424 1728 2493 παρεγχειρῆσαι
1791 2414 1921 2491 μηδ’

251 2646 427 2697 sunt.
454 2642 520 2696 Et
540 2641 655 2695 duo
679 2640 916 2711 quidem
950 2640 1193 2711 priores,
1220 2638 1668 2711 quasividelicet
1689 2640 1917 2711 objecta

248 2731 375 2788 sibi
408 2736 465 2786 et
496 2730 640 2786 satis
674 2732 917 2802 probata
939 2730 1185 2785 crimina
1209 2729 1582 2801 pertinaciter
1612 2735 1911 2801 negarent,

247 2820 562 2876 intestinis
593 2820 787 2875 ovium
820 2820 948 2891 ipso
982 2820 1173 2874 adhuc
1204 2820 1338 2875 {imo
1371 2820 1597 2875 refertis
1640 2820 1913 2891 impliciti

244 2910 578 2981 onustique
609 2910 1022 2981 procedebant,
1042 2909 1242 2964 addito
1267 2909 1324 2963 in
1350 2908 1709 2981 singularem
1746 2910 1912 2964 Ilolo-

240 2998 1152 3069 bolidebonestationem,utper
1168 3001 1351 3052 totam
1383 2998 1910 3068 viamjecinoribus

2075 453 2171 504 τοῦ
2203 444 2485 521 συμϐόλου
2518 455 2870 525 παραγαγεῖν,
2937 453 3011 522 μή
3053 450 3219 505 πλέον
3276 454 3383 503 τῶν
3432 454 3600 522 τριῶν
3638 472 3731 505 κε-

2076 538 2345 615 φαλαίων,
2406 540 2676 613 πρωτείου
2735 539 2823 593 καὶ
2884 540 3152 609 ἐκκλήτου
3199 539 3288 593 καὶ
3351 539 3722 611 μνημοσῦνου,

2072 629 2160 682 καὶ
2191 629 2401 683 τούτων
2436 629 2520 683 ἐπὶ
2555 628 2738 702 ψιλοῖς
2772 628 2998 701 ὀνόμασι
3057 630 3173 682 κατ’
3228 628 3571 701 οἰκονομίαν,
3626 632 3721 697 ζη-

2070 725 2253 788 τῆσαι,
2287 718 2331 773 εἷ
2367 716 2410 773 δ’
2444 716 2557 790 οὖν,
2600 718 2777 791 ἐξώλη
2826 739 2885 773 τε
2930 719 3021 773 καὶ
3073 715 3302 792 προώλη
3356 718 3602 792 γενέσθαι
3628 717 3718 771 καὶ

2068 808 2133 862 τὰ
2190 803 2539 885 ιροϐερώτερα
2596 808 2897 883 ὑποσχεῖν.
2949 812 3123 862 Ταῦτα
3167 808 3380 882 γράψας
3426 804 3517 860 καὶ
3581 807 3717 861 ὑπο-

2066 899 2298 973 γράψας,
2338 899 2560 973 προσέτι
2609 895 2665 951 δὲ
2721 898 2808 952 καὶ
2874 895 3088 973 βούλλῃ
3150 899 3328 971 χρυσῇ
3377 894 3720 974 κατασφαλι-

2068 986 2343 1059 σάμενοις,
2380 989 2582 1060 πέμπει
2640 990 2709 1060 τῇ
2764 984 3070 1058 Ἐκκλησία
3127 983 3215 1040 διά
3269 989 3365 1039 τοῦ
3420 1005 3713 1061 πρωταση-

2064 1084 2257 1150 κρῆτις
2298 1076 2792 1151 Νεοκαισαρειώτου
2842 1073 3099 1150 Μιχαήλ.
3149 1076 3215 1152 ’ῼ
3260 1072 3325 1142 δὴ
3358 1074 3447 1128 καὶ
3482 1068 3714 1150 βεϐαιω-

2062 1164 2238 1227 Οέντες
2300 1165 2698 1241 ὑπογράφουσιν
2737 1207 2751 1233 ,
2812 1162 2935 1218 ἄνευ
2986 1162 3076 1218 καὶ
3131 1162 3256 1217 τότε
3296 1166 3482 1231 τινῶν,
3536 1161 3590 1217 οἳ
3639 1160 3706 1231 δὴ

2060 1255 2149 1309 καὶ
2207 1254 2589 1330 ἐξορισθέντες,
2623 1253 2756 1327 μετὰ
2810 1252 2996 1328 καιρὸν
3047 1252 3524 1328 συγκαναθέμενοι,
3575 1271 3709 1305 κατ-

2058 1345 2286 1419 άγονται
2339 1346 2425 1399 καὶ
2490 1346 2732 1399 ὲνοῢνται
2789 1350 2856 1413 τῆ
2921 1339 3256 1414 Ἐκκλησία,
3319 1338 3541 1401 οὐδενὸς
3596 1344 3705 1395 τῶν

2054 1438 2151 1487 τοῦ
2182 1432 2395 1509 κλήρου
2427 1433 2803 1507 ἐλλείψαντος.

2052 1595 2151 1651 κα’.
2220 1598 2362 1656 Ἰπως
2437 1596 2488 1649 οἱ
2560 1588 2816 1667 πρέσϐεις
2886 1596 2983 1667 τοῦ
3063 1590 3331 1667 βασιλέως
3402 1589 3538 1645 κατᾶ
3603 1600 3699 1667 θα-

2559 1662 2756 1722 λασσαν
2798 1665 2905 1720 ἐκιν
2916 1662 3005 1719 δύν
3014 1662 3187 1719 ευσαν.
3638 1666 3645 1672 ’

2117 1795 2197 1865 [Ρ.
2230 1795 2351 1862 269]
2424 1792 2603 1850 Ἀλλά
2670 1792 2861 1869 ῥητέον
2925 1791 3015 1846 καὶ
3082 1789 3149 1845 τὰ
3211 1794 3322 1845 τῶν
3389 1782 3690 1864 πρέσϐεων.

2041 1883 2270 1937 Ἐκεῖνοι
2317 1885 2418 1959 γὰρ
2478 1882 2624 1957 παρὰ
2676 1883 2863 1958 καιρὸν
2918 1879 3247 1941 πλεύσαντες
3298 1876 3548 1953 (Κρονίου
3590 1874 3691 1951 γὰρ

2036 1971 2349 2045 ἀρχομένου
2413 1973 2584 2045 μηνὸς
2640 1977 2759 2034 ταῖς
2817 1970 3005 2026 ναυσὶν
3069 1964 3332 2042 ἐμϐάντες
3392 1966 3688 2035 ἀπέπλεον)

2034 2062 2169 2135 πρὸς
2206 2060 2349 2133 αὐτῷ
2378 2067 2456 2133 τῷ
2484 2060 2693 2132 Μαλέᾳ,
2750 2061 2807 2115 ὃν
2867 2060 2956 2114 καὶ
2990 2056 3289 2136 ξυλοφάγον
3347 2053 3535 2111 καλεῖν
3564 2053 3688 2109 εἱώ-

2037 2161 2175 2221 θασι,
2236 2148 2502 2227 λήγοντος
2560 2155 2656 2205 τοῦ
2709 2150 2881 2223 μηνὸς
2911 2147 3179 2224 γίνονται,
3212 2148 3303 2202 καὶ
3351 2148 3420 2221 τῇ
3479 2142 3691 2200 ἐνιστα-

2038 2243 2170 2315 μένῃ
2199 2242 2320 2297 τότε
2357 2241 2567 2319 μεγάλῃ
2608 2244 2832 2317 πέμπτῃ
2892 2241 3116 2316 ἑσπέρας
3172 2239 3377 2313 ναυγίῳ
3437 2240 3684 2312 χρῶνται

2034 2327 2215 2403 δεινῷ.
2250 2331 2455 2387 Αὐτίκα
2508 2333 2611 2407 γάρ
2665 2328 2828 2387 ὥδινε
2887 2331 2983 2405 μὶν
3014 2333 3048 2401 ἡ
3083 2331 3345 2398 θάΛασσα,
3376 2329 3467 2383 καὶ
3523 2327 3684 2382 κατέ-

2032 2415 2213 2477 ϐαινεν
2256 2419 2695 2493 Ἑλλησποντίας
2751 2418 3029 2497 λαμπρὸς,
3061 2418 3152 2475 σὺν
3203 2418 3261 2474 δὲ
3290 2418 3493 2496 νεφέεσι
3522 2421 3678 2492 γαῖαν

2025 2658 2270 2700 assensu
2302 2648 2650 2701 cunctorum
2682 2645 2743 2701 in
2777 2644 2885 2701 tria
2933 2645 3219 2701 duntaxat
3254 2640 3511 2715 capitula
3551 2640 3677 2714 pri-

2024 2737 2243 2799 matus,
2276 2736 2704 2807 provocationis
2733 2740 2788 2792 et
2820 2732 3420 2797 commemorationis,
3454 2748 3582 2802 qua:
3616 2734 3675 2785 et

2022 2822 2151 2894 ipsa
2181 2825 2417 2880 nomine
2448 2824 2639 2880 solum
2670 2830 2866 2891 tenus,
2902 2823 3233 2881 necessaria
3264 2820 3447 2893 quieti
3480 2836 3546 2874 ac
3577 2834 3671 2874 se-

2021 2912 2255 2968 curitati
2289 2912 2534 2985 publicae
2566 2913 3125 2979 accommodatione,
3150 2909 3389 2967 concedi
3413 2911 3670 2980 cuperet.

2022 3001 2087 3056 In
2121 3002 2239 3057 haec
2256 3002 2314 3057 ni
2332 3003 2827 3075 obtemperarent,
2854 3000 3358 3075 perniciosissima
3376 2998 3487 3053 sibi
3512 3013 3670 3069 quaa-

243 3090 601 3147 earumdem
634 3088 829 3143 ovium
861 3106 890 3143 e
920 3092 1116 3142 ventre
1149 3104 1348 3143 recens
1378 3087 1652 3143 extractis
1678 3088 1733 3141 in
1762 3088 1905 3142 facie
1936 3073 1978 3139 C
2020 3108 2131 3162 que
2164 3109 2228 3147 ac
2260 3109 2500 3163 prorsus
2532 3073 2790 3148 exitialia
2843 3073 2973 3148 mox
3022 3109 3056 3147 a
3085 3108 3147 3147 se
3193 3089 3343 3162 ipsis
3389 3090 3668 3143 eventura

242 3180 628 3235 continenter
644 3178 979 3233 caederetur.
1005 3177 1140 3240 Qum
1162 3177 1245 3233 sic
1270 3184 1398 3232 acta
1419 3181 1557 3232 sunt
1582 3194 1695 3233 non
1723 3178 1910 3249 magis

242 3270 327 3326 ad
356 3268 741 3341 ignominiam
767 3267 1013 3323 infelicis
1037 3266 1195 3321 illius
1220 3284 1396 3337 quam
1422 3268 1492 3322 ad
1532 3268 1909 3322 deterrendos

244 3362 593 3432 perstantes
625 3358 816 3413 adhuc
834 3358 892 3412 in
910 3357 1067 3428 pacis
1088 3356 1397 3427 rejectione
1412 3355 1675 3422 clericos,
1692 3356 1908 3428 quibus

244 3449 369 3504 hoc
398 3448 661 3521 exemplo
694 3448 1019 3504 luculenter
1039 3448 1735 3518 ostentabaturquantum
1761 3447 1906 3518 ipsis

244 3538 317 3593 in
380 3537 483 3593 tali
526 3538 825 3610 proposito
872 3537 1271 3608 perstantibus
1328 3537 1693 3608 impenderet
1744 3535 1903 3590 mali.

242 3633 391 3683 Haec
424 3633 587 3699 gesta
611 3632 751 3682 sunt
811 3627 1051 3681 incunte
1071 3643 1224 3681 anno
1257 3626 1349 3681 die
1401 3630 1562 3680 sexta
1612 3624 1902 3694 Octobris,

241 3716 591 3791 patriarcha
622 3716 866 3772 Arsenio
898 3717 1047 3772 895
1083 3733 1182 3772 sex
1206 3715 1368 3787 prius
1400 3716 1607 3770 diebus
1638 3731 1812 3785 quam
1838 3730 1905 3769 ea

240 3808 461 3862 ﬁerent
493 3807 549 3861 in
584 3807 779 3862 insula
813 3812 1042 3861 mortuo
1073 3823 1085 3861 :
1130 3822 1405 3875 suprema
1454 3805 1609 3859 enim
1661 3803 1744 3859 illi
1779 3804 1902 3858 dies

239 3897 358 3952 fuit
396 3897 689 3952 tricesima
721 3896 940 3951 mensis
973 3894 1336 3966 septembris.
1373 3895 1544 3949 Porro
1582 3893 1772 3949 clerici
1798 3892 1902 3947 tali

236 3988 409 4045 edito
441 3985 757 4059 specimine
780 3986 876 4040 irae
903 3983 1531 4056 imperatoris,proprii
1564 3983 1721 4038 haud
1756 4000 1902 4038 vana

235 4077 509 4150 imagine
526 4074 770 4148 periculi
793 4075 1001 4144 territi,
1034 4080 1315 4145 rogarunt
1338 4074 1743 4144 imperatorem
1768 4074 1901 4129 bre-

235 4187 342 4225 ves
381 4165 671 4231 inducias,
703 4169 759 4219 et
790 4180 861 4219 ne
892 4164 951 4217 in
986 4164 1142 4233 ipsos
1176 4168 1275 4217 aut
1305 4163 1643 4218 decerneret
1674 4161 1899 4233 aliquid

234 4256 487 4332 gravius
503 4255 855 4310 automnino
873 4257 1123 4324 urgeret,
1144 4254 1331 4324 quoad
1353 4253 1448 4323 qui
1468 4253 1711 4308 Romam
1734 4252 1899 4307 missi

232 4350 484 4404 fuerant
514 4343 648 4398 inde
680 4342 855 4413 legati
905 4342 1213 4398 redissent.
1267 4342 1378 4397 Sed
1424 4340 1569 4396 nihil
1619 4342 1898 4413 impetra-

2016 3186 2238 3236 certum
2264 3182 2565 3238 baberent.
2581 3184 2730 3247 Quas
2744 3181 2937 3237 minas
2952 3197 3129 3252 quam
3146 3175 3665 3251 exaggeratissime

2014 3276 2188 3342 atque
2218 3272 2761 3327 asseverantissime
2790 3270 3095 3326 inculcans
3117 3268 3450 3324 intentabat
3473 3266 3532 3321 in
3556 3264 3656 3320 illo

2012 3359 2350 3431 diplomate,
2384 3362 2539 3431 quod
2572 3360 2855 3432 scriptum
2880 3364 2936 3415 et
2952 3357 3376 3429 subscriptum,
3404 3359 3462 3411 et
3481 3370 3660 3410 aurea

2011 3456 2290 3523 praeterea
2303 3450 2588 3507 munitum
2605 3449 2784 3520 bulla,
2806 3449 2985 3504 mittit
2998 3446 3267 3504 Ecclesia:
3283 3462 3384 3518 per
3396 3443 3653 3517 primum

2009 3558 2041 3595 a
2070 3541 2309 3596 secretis
2343 3538 2865 3596 Neocaesariensem
2898 3536 3261 3593 Michaelem.
3294 3536 3374 3591 Eo
3392 3533 3655 3606 plerique

2010 3629 2274 3700 persuasi
2306 3631 2614 3701 securique
2629 3628 2817 3685 eﬁ‘ecti
2842 3627 3265 3698 subscripsere,
3298 3623 3649 3697 quibusdam

2007 3722 2202 3774 tamen
2236 3719 2427 3775 adhuc
2459 3723 2598 3774 tunc
2631 3734 2865 3789 quoque
2896 3716 2955 3771 id
2988 3717 3177 3771 facere
3200 3712 3647 3779 recusantibus;

2007 3808 2107 3878 qui
2141 3813 2445 3879 propterea
2476 3809 2534 3862 in
2567 3806 2837 3862 exsilium
2871 3804 3060 3871 missi,
3083 3806 3212 3875 post
3231 3802 3465 3873 aliquod
3499 3805 3651 3855 tem-

2005 3914 2116 3968 pus
2148 3897 2582 3968 resipiscentes,
2615 3896 2767 3950 890
2800 3910 3046 3950 assensu
3079 3892 3216 3947 dato
3239 3888 3486 3946 revocati
3512 3893 3653 3943 sunt

2005 3995 2058 4043 et
2087 3987 2353 4042 Ecclesiae
2378 3986 2695 4056 conjuncti,
2718 3984 3091 4055 neminejam
3107 3998 3175 4038 ex
3204 3980 3359 4037 clero
3391 3978 3649 4047 residuo,

2004 4077 2105 4148 qui
2138 4093 2251 4131 non
2284 4075 2641 4132 consentiret
2669 4076 2727 4130 in
2762 4089 2961 4147 pacem
2995 4070 3392 4127 Ecclesiarum
3431 4068 3502 4124 ad
3550 4083 3647 4122 vo-

2004 4170 2131 4221 tum
2166 4165 2560 4237 imperatoris.

1999 4312 2088 4365 21.
2128 4311 2191 4367 Ut
2217 4312 2381 4381 legati
2410 4310 2765 4382 imperatoris
2795 4309 2855 4363 in
2885 4307 3031 4362 mari
3052 4301 3356 4377 periclitati
3404 4301 3642 4373 fuerint.

232 4440 411 4501 runt,
443 4432 821 4505 quantumvis
853 4432 1124 4487 ardenter
1145 4435 1398 4487 orarent.
1425 4431 1571 4495 Quin
1590 4431 1673 4486 eis
1697 4447 1893 4487 severe
1922 4456 1969 4520 D
2070 4438 2178 4491 Sed
2212 4436 2522 4491 dicendum
2557 4436 2626 4490 de
2655 4433 2886 4506 legatis.
2912 4431 3019 4509 ,Illi
3050 4430 3205 4487 enim
3238 4427 3426 4485 alieno
3478 4425 3644 4480 navi-

228 4525 662 4583 denuntiatum
693 4528 782 4578 est
828 4519 1267 4577 inexorabiliter
1310 4521 1709 4575 damnandum
1744 4520 1891 4575 laesaa

228 4614 596 4687 majestatis,
630 4612 969 4684 quicunque
1002 4611 1261 4683 ipsorum
1279 4627 1391 4666 non
1415 4609 1613 4666 statim
1640 4610 1893 4665 subscri-

226 4708 407 4762 beret
436 4700 708 4774 capitulis
737 4701 1057 4757 concordia;
1080 4717 1207 4771 qua;
1232 4699 1606 4755 tractabatur.
1632 4701 1888 4764 Quarum

231 4800 431 4851 terror
463 4792 759 4847 minarum
802 4808 935 4846 cum
981 4790 1269 4861 quosdam
1318 4789 1379 4844 in
1424 4789 1621 4859 fugam
1652 4789 1890 4860 egisset,

224 4884 457 4940 veritos
492 4899 564 4937 ne
595 4882 652 4936 vi
687 4879 895 4952 majori
940 4885 1287 4951 cogerentur
1338 4880 1523 4934 facere
1554 4879 1708 4949 quod
1734 4894 1889 4933 aver-

227 4975 547 5038 sabantur,
573 4972 747 5041 jussu
783 4969 1156 5042 imperatoris
1188 4968 1492 5039 vulgatum
1527 4967 1727 5023 statim
1760 4969 1887 5038 ejus

224 5063 505 5133 diploma
535 5065 643 5126 est,
676 5077 853 5114 aurea
887 5058 1183 5113 munitum
1206 5058 1383 5124 bulla,
1406 5074 1518 5128 quo
1541 5059 1652 5113 sub
1678 5058 1887 5131 impre-

222 5150 571 5209 cationibus
598 5148 913 5204 dirissimis
944 5148 1361 5217 etiuramentis
1383 5148 1673 5203 horrificis
1696 5152 1885 5203 conte-

222 5242 509 5299 stabatur
540 5238 695 5293 haud
727 5238 785 5292 in
820 5238 1017 5293 animo
1039 5237 1149 5292 sibi
1180 5254 1329 5307 esse,
1355 5254 1420 5293 ac
1444 5254 1515 5293 ne
1537 5255 1728 5309 prima
1750 5238 1886 5309 qui-

222 5332 371 5387 dem
404 5327 753 5399 cogitatione
780 5332 952 5383 tenus
978 5327 1207 5382 venisse
1239 5326 1297 5381 in
1334 5335 1607 5395 mentem,
1652 5326 1886 5398 adigere

222 5418 486 5478 ulterius
511 5434 871 5490 quemquam
904 5422 1005 5472 aut
1036 5433 1241 5489 urgere
1272 5417 1613 5473 inducereve
1663 5418 1733 5471 ad
1784 5416 1887 5471 ad-

220 5508 587 5568 mittendam
618 5507 709 5562 vel
741 5506 918 5563 unius
941 5507 1058 5563 iota
1081 5506 1493 5563 minutissimas
1523 5505 1707 5577 apicis
1730 5506 1885 5575 adje-

216 5599 533 5659 otionenm
558 5597 629 5653 ad
661 5593 1382 5670 symbolum.Contentum
1404 5612 1467 5652 se
1493 5595 1732 5651 omnino
1765 5597 1885 5652 fore

2002 4542 2139 4598 gare
2169 4525 2286 4581 orsi
2314 4532 2599 4597 tempore,
2623 4522 2983 4579 subinitium
3010 4514 3645 4576 videlicetMartiinave

2004 4631 2343 4683 conscensa,
2369 4615 2441 4669 ad
2472 4614 2739 4683 Maleam,
2775 4628 2948 4685 quem
2980 4609 3153 4681 vulgo
3181 4606 3536 4680 lignivorum
3571 4604 3643 4659 ob

2000 4706 2232 4761 crebras
2265 4704 2384 4759 illic
2408 4704 2644 4759 navium
2669 4700 3108 4759 submersiones
3130 4700 3357 4765 vocant,
3384 4698 3645 4751 extrema

1999 4794 2217 4849 mensis
2270 4795 2396 4864 ejus
2441 4794 2658 4848 decade
2703 4791 3109 4864 pervenerunt.
3158 4786 3245 4843 Ibi
3294 4784 3504 4857 quinta
3550 4782 3645 4837 die

1998 4882 2239 4953 majoris
2270 4882 2647 4938 hebdomade:
2671 4882 2781 4937 sub
2806 4894 3107 4951 vesperam
3131 4873 3503 4946 naufragium
3529 4870 3642 4925 mi-

1997 4973 2244 5029 serabile
2277 4975 2481 5029 fecere.
2532 4971 2734 5027 Subito
2789 4970 2944 5026 enim
2998 4984 3195 5040 aequor
3242 4962 3548 5029 intumuit,
3582 4965 3640 5016 et

1994 5062 2224 5118 validus
2257 5063 2326 5118 ab
2359 5061 2730 5135 Hellesponto
2762 5064 2975 5116 ventus
2997 5059 3278 5129 ingruens
3296 5059 3509 5111 terram
3536 5067 3635 5123 pa-

1995 5152 2135 5207 riter
2164 5157 2219 5208 et
2251 5158 2493 5225 pontum
2509 5142 3638 5208 aterrimisobduxitnubibus.Nondum

1996 5243 2230 5314 quidem
2268 5260 2509 5315 prorsus
2540 5242 2779 5298 dondito
2813 5242 2869 5296 in
2896 5256 3165 5297 occasum
3188 5229 3640 5294 solecommissa

1997 5350 2107 5387 nox
2138 5336 2299 5387 erat:
2347 5350 2546 5387 verum
2594 5334 2879 5403 opacabat
2928 5330 3041 5385 late
3090 5329 3301 5382 cuncta
3349 5336 3463 5376 nox
3520 5315 3637 5372 alia

1994 5422 2259 5493 quaedam
2293 5420 2477 5477 nihilo
2512 5426 2659 5477 tetra
2690 5421 2887 5476 minus
2920 5436 3094 5492 quam
3120 5415 3221 5471 illa
3238 5406 3542 5472 naturalis,
3567 5420 3637 5459 ex

1994 5492 2205 5566 umbra
2235 5512 2402 5566 terrei
2431 5510 2586 5583 globi
2618 5508 2791 5566 solita
2826 5508 3048 5574 induci,
3080 5523 3147 5562 eo
3178 5504 3353 5559 etiam
3384 5492 3629 5560 tristior,

1993 5599 2149 5672 quod
2199 5599 2397 5657 nullus
2440 5616 2569 5656 eam
2627 5599 2782 5656 luna:
2829 5602 3195 5655 astrorumve
3238 5583 3638 5662 temperabate
