4002 6198
365 275 470 334 851

1672 276 1973 333 GEORGII
2011 273 2474 330 PACHYMERE

3669 275 3776 332 852

368 403 510 476 ὁμοῦ
540 403 628 457 καὶ
659 401 853 456 πόντον
882 399 1113 474 κάλυψε.
1164 402 1262 457 Καὶ
1318 401 1408 475 νὺξ
1471 402 1564 474 μὲν
1626 401 1725 456 οὐκ
1781 396 2011 474 οὐρανό-
2041 396 2285 464 Ανύκτα
2311 405 2484 454 πᾶσαν
2535 401 2670 474 πρός
2717 421 2777 456 τε
2831 406 2975 473 κῦμα
3031 401 3166 476 πρός
3215 423 3276 457 τε
3327 400 3606 456 θάλασσαν
3667 399 3771 454 διαο

371 502 458 556 θεν
491 490 713 564 ἀρώρει,
745 488 871 544 ἀλλ’
902 488 971 558 ἦν
1036 495 1157 554 ταῖς
1216 489 1500 560 ἀληθείαις
1559 490 1647 562 νύξ
1681 492 1714 558 ἡ
1751 489 1877 544 σκιὰ
1923 494 2026 562 γῆς

369 580 458 634 καὶ
490 579 746 648 συνήθης,
774 576 920 647 πλην
954 577 1220 649 ἀσέληνός
1259 600 1317 633 τε
1345 579 1436 634 καὶ
1473 577 1737 652 ἀλαμπὴς
1787 578 1834 650 ἐξ
1869 576 2024 632 ἀστέ-

371 687 500 742 ρων.
546 667 610 724 Ἣ
670 664 727 722 δέ
782 671 878 722 τοῦ
938 668 1092 742 ἀέρος
1144 669 1440 724 ἀκαστασία
1494 668 1584 723 καὶ
1645 668 1904 742 σύγχυσις
1960 667 2022 720 τὸ

369 754 543 812 δεινὸν
588 757 852 828 ἐπηύξανε
898 764 1000 826 τῆς
1053 756 1348 827 θαλάσσης,
1407 758 1495 813 καὶ
1556 754 1729 818 δεινὸς
1787 755 2023 832 ἐφῆπται

365 850 486 908 τοῖς
541 842 772 901 πλέουσι
824 843 1094 908 κίνδυνος.
1155 850 1376 921 Πρῶτον
1440 847 1534 918 μὲν
1596 843 1686 900 οὖν
1745 842 1958 920 διέσχεν
1994 846 2022 898 ὁ

368 932 588 990 κλύδων
614 933 710 998 τάς
750 940 877 998 ναῦς
908 937 998 990 ἀπ’
1051 933 1340 1006 ἀλλήλων,
1371 935 1461 990 καὶ
1511 936 1563 990 o't
1608 933 1662 989 ἐν
1709 933 1894 996 αύταῖς
1926 933 2024 988 οὐκ

366 1024 516 1099 εἶχον
555 1022 751 1080 εἰδέναι
801 1029 906 1080 ποῦ
964 1023 1215 1100 προΐασιν
1277 1021 1389 1097 ἅμα
1447 1023 1711 1097 ἑκάτεροι·
1773 1020 2020 1078 ἐνέδοσαν

363 1114 465 1189 γάρ
490 1118 568 1185 τῷ
608 1113 808 1187 κύματι
868 1111 1119 1192 σφοδρῶς
1161 1111 1596 1189 πλημμυροῦντι
1657 1112 1794 1167 ὅπου
1853 1131 2024 1186 προσ-

365 1202 609 1278 αράσσων
644 1202 846 1276 ἀγρίως
894 1201 985 1256 καὶ
1039 1201 1213 1280 φέροι.
1269 1203 1427 1265 Ὅθεν
1487 1202 1575 1256 καὶ
1636 1203 1688 1256 οἱ
1747 1201 1870 1276 περὶ
1927 1200 2017 1255 τὸν

365 1291 639 1365 Γερμανὸν
671 1289 878 1344 καὶτὸν
915 1292 1080 1365 μέγαν
1141 1289 1438 1365 λογοθέτην
1498 1290 1736 1345 ἀνώθουν
1796 1311 1854 1344 τε
1884 1290 2022 1365 πρὸς

365 1378 607 1454 πέλαγος
663 1381 762 1447 τήν
841 1381 1040 1453 τριήρη
1108 1380 1198 1434 καὶ
1259 1379 1588 1454 ἐξουρίαζον,
1650 1385 1728 1452 τῷ
1782 1379 2015 1453 πελάγει

368 1467 747 1529 πιστεύσαντες
779 1467 1096 1543 οπφώτερον
1127 1469 1161 1539 ἢ
1196 1468 1332 1522 κατά
1387 1467 1514 1530 τοὺς
1547 1467 1800 1530 λοιπούς.
1833 1469 2018 1524 Ἐκεῖ-

371 1555 582 1631 νοιγᾶρ
646 1559 1160 1632 μικροψυχήσαντες
1215 1554 1304 1611 διά
1359 1559 1449 1610 τὸν
1505 1555 1774 1627 κίνδυνον,
1833 1558 1919 1610 καὶ
1952 1559 2018 1630 τῇ

372 1645 507 1716 ξηρᾷ
565 1643 725 1719 ἐγγὺς
786 1642 916 1716 οὔσῃ
963 1643 1276 1714 ἐλπίζοντες
1332 1647 1667 1716 σωθήσεσθαι
1727 1645 1776 1700 εἷ
1837 1645 2018 1717 λιμένι

2129 493 2562 562 ναυμαχοῦντες,
2594 489 2684 544 καὶ
2740 488 3011 552 πολλάκις
3045 490 3197 566 ἐγγὺς
3247 487 3498 554 ἐλθόντες
3550 494 3654 543 τοῦ
3683 511 3778 543 κα-

2129 572 2346 630 ταδῦναι
2381 623 2395 648 ,
2457 577 2620 649 μόλις
2676 579 2767 633 καὶ
2818 578 2907 632 σὺν
2971 579 3158 653 πολλῇ
3224 580 3314 654 βίᾳ
3366 578 3783 652 ὑπαυγαζούσης

2133 667 2343 740 ἡμέρας
2399 669 2533 740 πρὸς
2588 668 2853 738 Μεθώνην
2906 669 3167 743 γίνονται,
3230 669 3387 744 μόγις
3449 665 3783 741 ἀποδράντες

2130 757 2256 831 παρ’
2314 754 2511 811 ἐλπίδα
2565 763 2736 811 πᾶσαν
2786 757 2877 812 τὸν
2924 757 3198 830 ἐφεστῶτα
3246 756 3516 812 κίνδυνον.
3583 759 3789 811 Ἐκεῖσε

2132 841 2178 897 δ’
2237 844 2514 907 ἀνέσαντες
2568 847 2779 921 ἡμέρας
2837 845 3061 907 πλείους
3119 845 3276 923 ἐφ’ᾧ
3312 851 3504 918 μαθεῖν
3563 847 3630 900 τά
3691 852 3790 914 τῆς

2133 930 2311 1003 ἄλλης
2339 936 2608 1008 τριηρεως
2654 938 2730 1008 [Ρ.
2785 937 2911 1009 270]
2943 933 2995 990 εἶ’
3018 956 3122 990 που
3179 939 3274 990 τοῦ
3324 933 3614 996 κλύδωνος
3666 931 3784 987 δια-

2130 1023 2384 1096 γένοιτο,
2444 1023 2494 1077 ἐν
2554 1021 2762 1094 εἷδήσει
2820 1025 3059 1098 γίνονται
3113 1031 3212 1093 τῆς
3272 1030 3469 1098 πικράς
3529 1022 3784 1099 ἀγγελίας

2135 1113 2250 1184 μετ’
2281 1111 2342 1166 ού
2372 1111 2537 1170 πολύ.
2571 1113 2638 1170 Οῖ
2668 1111 2734 1181 δή
2779 1114 2867 1168 καὶ
2923 1109 3078 1186 μόνοι
3131 1111 3461 1190 λειφθέντες,
3523 1113 3642 1167 ἐπεὶ
3689 1113 3783 1167 οὐκ

2129 1204 2194 1270 ἦν
2232 1203 2605 1278 ὑποστρέφειν,
2635 1208 2752 1264 τοῖς
2791 1202 2979 1276 πρόσω
3029 1197 3461 1274 ἐπιϐαλλόμενοι
3512 1203 3654 1277 πρὸς
3689 1203 3784 1269 τήν

2130 1291 2350 1362 Ῥωμην
2384 1290 2677 1348 ἀπέπλεον.
2739 1291 2834 1345 Καὶ
2891 1289 2961 1346 δι’
3019 1291 3216 1364 ὀλίγων
3271 1294 3494 1364 ἡμερῶν
3549 1288 3784 1344 καταλα-

2131 1377 2316 1442 ϐόντες
2373 1381 2464 1435 τὸν
2521 1381 2744 1435 πάππαν
2800 1380 2868 1435 τά
2929 1379 3030 1447 τῆς
3111 1375 3399 1451 πρεσϐείας
3458 1377 3737 1450 ἐπλήρουν
3774 1425 3786 1445 ,

2132 1468 2380 1540 ἀσμένως
2446 1467 2846 1542 ὑποδεξαμένου
2903 1473 2998 1522 τοῦ
3069 1473 3268 1523 πάππα
3322 1467 3451 1528 τοὺς
3504 1463 3784 1542 πρέσϐεις,

2130 1556 2268 1611 ὥστε
2310 1557 2399 1611 καὶ
2430 1565 2660 1630 τιμῆσαι
2692 1564 2824 1635 σφᾶς
2882 1559 3092 1633 τιάραις
3150 1578 3209 1612 τε
3265 1557 3356 1612 καὶ
3418 1557 3637 1629 μίτραις
3696 1557 3784 1611 καὶ

2130 1643 2462 1716 δακτυλίοις,
2518 1647 2591 1708 ὡς
2625 1649 2658 1716 ἡ
2711 1646 2925 1700 ἐκείνων
2984 1645 3102 1720 ἔχει
3157 1645 3240 1701 ἐπ’
3269 1646 3586 1721 ἀρχιερεῦσι
3620 1649 3787 1715 συνη-

369 1732 667 1808 έντύχοιεν,
701 1735 800 1803 τὴν
825 1733 923 1808 γῆν
962 1735 1054 1806 μὶν
1109 1733 1478 1811 ὸφυλάσσοντο
1521 1737 1611 1790 τὸν
1664 1735 1768 1789 ἀπὸ
1815 1734 2016 1803 ταύτης
2050 1753 2095 1817 Β
2129 1737 2262 1791 θεια.
2300 1737 2432 1809 Ἔαρ
2467 1735 2557 1790 οὖν
2604 1736 2693 1790 καὶ
2749 1734 2902 1810 θέρος
2959 1735 3130 1789 ἐκεῖσε
3187 1733 3554 1810 διαγαγόντες,
3586 1737 3680 1790 καὶ
3720 1736 3786 1790 τά

371 1818 608 1883 δεδιότες
640 1819 911 1892 κίνδυνον,
948 1821 1097 1892 πλὴν
1133 1820 1178 1898 δ⁶
1203 1822 1330 1878 ἀλλ’
1363 1821 1486 1880 οὐδὲ
1515 1823 1678 1879 πάλιν
1733 1828 1812 1878 τῶ
1842 1825 2016 1878 πελά-

367 1931 448 1987 γει
508 1910 824 1969 ἐπίστευον.
882 1913 1041 1976 Ὅθεν
1100 1912 1189 1967 καὶ
1246 1914 1383 1969 κατὰ
1443 1915 1634 1989 μικρὸν
1691 1921 1790 1982 τῆς
1847 1919 2016 1990 φορᾶς

361 2003 472 2054 τῶν
526 2001 782 2074 κυμάτων
850 2002 1170 2074 ἡττωμένου
1252 2006 1348 2057 τοῦ
1402 1997 1740 2078 κυϐερνήτου
1797 2001 2015 2080 ἀφανῶς

361 2092 482 2154 ταῖς
537 2089 726 2151 ἀκταῖς
766 2091 1156 2165 προσπαίουσι,
1215 2091 1304 2147 καὶ
1355 2090 1526 2154 οὕτως
1577 2092 1812 2164 αύτὸνεῳ
1856 2112 2019 2146 κατα-

368 2175 608 2248 δύονται,
642 2175 792 2252 δῶρα
821 2177 996 2234 ἐκεῖνα
1049 2178 1307 2255 βασιλικά
1361 2180 1450 2235 καὶ
1505 2181 1605 2250 τήν
1661 2181 1761 2250 τῆς
1821 2177 2021 2250 ἐκκλη-

364 2266 483 2332 σίας
520 2265 830 2341 πολύτιμον
885 2265 1110 2338 ένδυτήν
1170 2269 1354 2331 αὐτοῖς
1409 2267 1630 2342 ἀνδράσι
1684 2266 2021 2344 συγκαταδύ-

369 2376 574 2426 σαντες,
600 2356 717 2420 ἐνὸς
746 2355 836 2412 καὶ
890 2357 1060 2430 μόνου
1091 2353 1464 2430 διασωθέντος,
1517 2358 1575 2420 ὃς
1627 2355 1694 2428 δὴ
1725 2357 1815 2412 καὶ
1859 2354 2020 2432 ἅγγε-

377 2443 475 2508 λος
505 2443 739 2520 έγεγόνει
768 2452 869 2515 τῆς
907 2452 1208 2524 συμφορᾶς.
1260 2448 1363 2503 Καὶ
1421 2446 1566 2502 οὕτω
1629 2448 1724 2521 μὲν
1771 2448 1823 2502 οἱ
1879 2447 2019 2524 ἀμφί

367 2531 502 2597 τοὺς
557 2530 830 2608 ἄρχοντας
858 2532 1268 2604 ἐξαπολωλότες
1312 2533 1675 2610 ἠγγέλλοντο·
1715 2536 1767 2590 οἱ
1799 2532 1856 2590 δὲ
1893 2535 2018 2609 περὶ

365 2620 495 2685 τοὺς
543 2626 642 2688 τῆς
697 2621 989 2692 ἐκκλησίας
1045 2623 1134 2678 καὶ
1186 2624 1277 2678 τὸν
1340 2625 1504 2702 μέγαν
1566 2623 1858 2700 λογοθέτην
1915 2625 2014 2694 τὴν

369 2841 512 2899 οωιο
545 2840 843 2914 splendor.
876 2841 1298 2899 Violentissimi
1331 2858 1464 2898 vero
1497 2847 1694 2898 motus
1710 2844 2020 2915 procellosi

370 2931 525 2989 aeris
573 2931 1002 3004 conflictusque
1069 2931 1476 2988 collidentium
1527 2948 1656 2988 sese
1710 2938 2017 2991 ventorum

367 3020 637 3078 horribili
671 3021 898 3095 fragore
928 3021 1250 3078 tumultum
1281 3021 1658 3078 vehementer
1685 3022 1874 3096 magis
1911 3041 2021 3078 au-

2126 1825 2310 1880 εἶκότα
2367 1823 2825 1901 ’ριλφρονηθέντες
2904 1823 3048 1896 παρά
3097 1827 3200 1877 τοῦ
3258 1823 3455 1878 πάππα
3491 1867 3506 1894 ,
3564 1824 3632 1877 τά
3683 1827 3783 1888 τῆς

2124 1908 2408 1986 πρεσϐείας
2469 1910 2840 1977 διευθετοῦσι.
2897 1911 2994 1966 Καὶ
3069 1913 3419 1988 φθινοπώρου
3503 1911 3780 1986 λήγοντος

2128 2003 2340 2076 σύναμα
2368 1997 2622 2074 πρέσϐεσι
2653 2002 2750 2070 τήν
2785 2000 2946 2055 πόλιν
2978 1995 3505 2074 κατακαμϐάνουσιν.

2125 2163 2231 2238 κβ’.
2319 2164 2507 2226 Ὂπως
2568 2164 2596 2217 ὁ
2662 2163 2844 2247 πάτεας
2940 2160 3344 2247 ἐμνημονεύετο

3441 2162 3579 2238 ἀργή
3589 2183 3780 2224 σαντος

2694 2238 2791 2289 τοῦ
2837 2238 3205 2309 πατριάρχαι).

2198 2360 2298 2414 Ἢν
2333 2355 2425 2412 οὖν
2459 2358 2770 2412 ἀπεντεῦθεν
2829 2359 3064 2433 ἀργῆσαι
3127 2359 3221 2432 μὲν
3279 2359 3370 2412 τὸν
3430 2357 3780 2434 πατριάρχην

2127 2449 2265 2502 κατά
2317 2447 2384 2502 τά
2442 2445 2758 2521 συγκείμενα
2807 2445 3019 2516 τέλεον,
3074 2447 3508 2521 μνημονεύεσθαι
3571 2445 3629 2502 δὲ
3687 2448 3778 2502 τὸν

2128 2540 2374 2608 πάππαν,
2415 2537 2503 2591 καὶ
2575 2536 2668 2590 εἶθ’
2735 2536 2906 2598 οὕτως
2969 2538 3059 2591 καὶ
3125 2538 3217 2592 τὸν
3288 2536 3364 2598 εἷς
3432 2539 3780 2612 πατριάρχην

2129 2626 2410 2700 ἀνάγεσσαι
2491 2621 2768 2698 μέλλοντα
2843 2624 3170 2702 ψηφίζεσθαί
3220 2645 3277 2678 τε
3331 2625 3424 2679 καὶ
3505 2626 3780 2694 καθιστᾷν.

2130 2845 2290 2901 illam
2306 2861 2372 2900 ac
2388 2843 2874 2915 pretiosissimam
2895 2845 3144 2917 endyten
3169 2843 3287 2900 sive
3312 2843 3561 2916 pallium
3582 2843 3783 2898 altaris

2130 2931 2385 2988 ecclesiae
2419 2932 2670 3002 Majoris.
2703 2934 2773 2986 At
2804 2932 3063 3003 episcopi
3089 2948 3224 2986 cum
3251 2947 3466 3002 magno
3490 2930 3785 3003 logotbeta

2133 3025 2361 3076 noctem
2395 3026 2578 3076 totam
2605 3037 2739 3076 cum
2773 3021 2954 3076 ﬂuctu
2988 3021 3250 3090 marique
3281 3020 3445 3075 omni
3472 3027 3781 3075 nautarum

372 3111 609 3183 gebant,
658 3111 1007 3183 gravissimo
1040 3111 1176 3167 inde
1208 3111 1556 3167 imminente
1610 3111 2022 3185 navigantibus
2054 3141 2098 3210 Ο
2137 3110 2430 3166 industria
2459 3109 2688 3176 luctati,
2725 3127 2790 3165 ac
2821 3109 3786 3182 sazpeinextremumdemersionis

372 3199 658 3273 periculo.
699 3207 780 3256 Ac
811 3201 1068 3273 primum
1099 3201 1186 3257 vis
1219 3201 1584 3272 tempestatis
1626 3201 1898 3258 distraxit
1953 3203 2024 3256 ab

377 3288 654 3356 invicem,
684 3292 928 3362 tamque
961 3289 1131 3362 longe
1163 3290 1404 3345 abduxit
1461 3291 1728 3347 triremes
1767 3293 1937 3360 duas,
1973 3296 2038 3346 ut

375 3378 647 3434 neutrius
678 3379 887 3435 harum
920 3385 1180 3435 vectores
1209 3380 1426 3436 scirent
1449 3381 1588 3452 quid
1609 3382 1785 3437 sociis
1810 3386 2029 3450 actum,

379 3483 568 3538 quove
600 3465 776 3523 aliam
810 3485 1015 3524 navem
1071 3468 1159 3524 vis
1216 3468 1342 3524 cmli
1402 3469 1626 3540 salique
1665 3471 2033 3542 propelleret,

385 3555 496 3610 hoc
527 3560 762 3612 tantum
795 3573 956 3629 aeque
989 3556 1257 3628 utrisque
1289 3557 1702 3630 sentientibus,
1737 3561 1940 3616 cedere
1972 3578 2034 3617 se

379 3645 708 3702 necessario
740 3645 1104 3703 ineluctabili
1136 3646 1188 3700 vi
1206 3646 1510 3703 aestuantis
1523 3647 2034 3707 vehementissime

381 3732 595 3806 pelagi,
631 3751 735 3791 nec
767 3751 881 3808 quo
913 3735 1141 3807 impetu
1172 3736 1817 3809 tantoimpingerentur
1838 3738 2033 3811 explo-

381 3828 576 3880 ratum
605 3823 982 3880 habentibus.
1019 3828 1082 3881 In
1114 3825 1223 3882 hoc
1253 3825 1474 3882 incerto
1525 3830 1724 3884 tamen
1780 3833 2034 3885 rectores

384 3911 646 3970 triremis
673 3930 790 3985 qua
819 3913 1148 3970 Germanus
1179 3931 1310 3970 cum
1347 3914 1587 3988 collegis
1613 3921 1671 3972 et
1701 3933 1912 3988 magno
1943 3917 2030 3974 lo-

382 4001 624 4072 gotheta
668 4002 1026 4074 ferebantur,
1050 4003 1383 4076 sapientius
1427 4005 1873 4074 consuluerunt,
1907 4011 2034 4062 tru-

386 4092 592 4148 dentes
624 4091 683 4147 in
716 4091 900 4148 altum
921 4093 1113 4149 navim
1129 4097 1185 4149 et
1216 4093 1354 4148 totis
1374 4093 1886 4166 accipientesvelis
1918 4095 2036 4150 abi-

384 4184 617 4251 gentem
663 4198 698 4235 a
726 4184 882 4236 terra
929 4186 1189 4247 ventum,
1224 4183 1377 4253 quod
1419 4182 1519 4237 tali
1552 4188 1807 4254 tempore
1839 4183 1971 4256 plus
2002 4201 2036 4240 a

387 4267 578 4322 littore
605 4284 780 4339 quam
812 4285 846 4324 a
875 4269 994 4324 lato
1024 4286 1254 4340 aequore
1286 4271 1669 4326 metuendum
1689 4277 1842 4328 recte
1863 4273 2035 4328 duce-

385 4358 533 4410 rent.
561 4355 624 4410 ln
666 4373 782 4427 quo
814 4356 959 4412 alios
993 4359 1139 4413 ratio
1174 4358 1378 4413 fefellit
1410 4360 1559 4414 397
1587 4359 1770 4415 stulta
1803 4362 2038 4432 pusilla-

388 4443 660 4502 nimitate
692 4445 934 4518 pelagus
956 4447 1228 4516 vitantes,
1261 4450 1427 4503 terrae
1447 4447 1726 4504 viciniam
1761 4450 2036 4506 atl’ectan-

2138 3199 2358 3255 admoti
2397 3199 2740 3263 discrimen,
2790 3215 2940 3270 aegre
2987 3215 3223 3254 summa
3265 3198 3322 3253 vi
3371 3198 3484 3254 sub
3517 3215 3785 3254 auroram

2140 3287 2473 3344 Mathonem
2508 3292 2842 3352 tenuerunt,
2877 3287 3061 3357 elapsi
3095 3291 3302 3360 praeter
3355 3304 3592 3344 omnem
3626 3303 3785 3360 spem

2141 3376 2398 3448 periculo
2431 3377 2912 3450 prmsentissimo.
2947 3377 3032 3432 Ibi
3065 3376 3416 3448 quieverunt
3444 3377 3653 3433 diebus
3685 3375 3786 3432 ali-

2140 3471 2720 3538 quot,exspectantes
2751 3466 3037 3522 indicium
3073 3467 3142 3522 de
3176 3482 3242 3522 eo
3273 3468 3431 3538 quod
3472 3467 3785 3522 comitibus

2139 3555 2449 3623 evenisset,
2483 3555 2532 3611 si
2565 3572 2679 3628 quo
2712 3557 2859 3612 forte
2889 3560 3208 3628 tempestas
3239 3555 3520 3612 similiter
3571 3555 3783 3611 salvam

2140 3643 2466 3716 appulisset
2495 3646 2712 3702 sociam
2733 3645 3269 3703 triremim.Verum
3312 3662 3429 3700 non
3456 3644 3638 3700 multo
3662 3649 3786 3716 post

2141 3733 2326 3789 tristis
2355 3750 2454 3789 eos
2495 3735 2623 3805 ejus
2673 3734 2962 3807 naufragii
3015 3734 3260 3790 nuntius
3310 3733 3583 3806 perculit.
3631 3733 3784 3789 Unde

2141 3821 2432 3878 intellecto
2464 3823 2577 3878 sibi
2601 3823 2725 3893 jam
2759 3823 2901 3879 solis
2940 3822 3094 3878 haud
3129 3821 3389 3894 amplius
3420 3823 3674 3896 collegas
3702 3839 3786 3876 ex-

2139 3911 2515 3981 spectandos,
2553 3929 2657 3968 nec
2687 3928 2928 3967 causam
2962 3928 3090 3968 esse
3120 3929 3226 3968 cur
3253 3927 3312 3967 re
3354 3912 3573 3968 infecta
3603 3927 3787 3968 rever-

2141 4003 2428 4068 terentur,
2458 4017 2662 4057 versus
2686 4000 2930 4056 Romam
2945 4000 3338 4070 solverunt,et
3359 4000 3568 4073 paucis
3591 4000 3789 4058 diebus

2142 4090 2542 4160 pervenientes
2575 4091 2646 4146 ad
2680 4090 2896 4162 Papam
2931 4089 3220 4162 legatione
3259 4091 3450 4146 functi
3495 4108 3600 4147 sua
3635 4096 3789 4158 sunt,

2141 4177 2587 4250 perhumaniter
2616 4180 2767 4236 398
2820 4179 2952 4235 illos
2983 4179 3310 4252 excipiente
3342 4179 3524 4253 Papa,
3557 4181 3699 4236 adeo
3732 4187 3792 4236 ut

2141 4287 2240 4326 eos
2273 4271 2644 4328 honoraverit
2674 4272 2860 4344 tiaris,
2895 4271 3086 4329 mitris
3117 4271 3684 4345 ctannulis,quibus
3705 4273 3789 4327 in~

2141 4360 2412 4431 signibus
2442 4361 2748 4434 episcopos
2807 4363 3003 4418 ornari
3038 4379 3166 4419 mos
3199 4361 3320 4418 illic
3351 4363 3596 4419 obtinet.
3647 4366 3793 4418 Vere

2143 4447 2324 4521 igitur
2342 4455 2400 4506 et
2422 4450 2750 4522 insequenti
2778 4457 2975 4508 aestate
2995 4451 3076 4506 ibi
3097 4451 3626 4518 exactis,omnibus
3658 4449 3796 4506 culti

385 4536 495 4600 tes,
528 4534 699 4604 quasi
725 4551 859 4607 spes
894 4536 1030 4590 inde
1065 4535 1277 4592 salutis
1309 4539 1736 4606 ostenderetur,
1767 4543 1963 4611 portu,
1987 4540 2036 4596 si
2065 4522 2114 4586 Ῑ)
2147 4555 2180 4593 a
2209 4541 2365 4610 Papa
2398 4540 2809 4597 benevolentiae
2842 4541 3100 4608 indiciis,
3133 4545 3555 4613 transegerunt
3583 4557 3712 4613 quae
3735 4540 3792 4593 in

377 4621 575 4693 legere
608 4639 769 4679 oram
800 4629 1133 4697 pergerent,
1170 4624 1720 4698 facileinveniendo,
1745 4633 2034 4699 quotutus

378 4717 651 4785 receptus
683 4714 845 4770 foret.
882 4719 955 4770 At
1003 4731 1344 4786 quanquam
1393 4716 1627 4773 interim
1680 4717 1759 4772 illi
1795 4718 2032 4791 quidem

379 4799 549 4868 satis,
585 4806 650 4857 ut
679 4802 791 4858 sibi
822 4803 1197 4870 videbantur,
1230 4803 1302 4860 ab
1325 4804 1781 4878 impingendoin
1802 4825 2034 4880 procur-

373 4888 568 4945 rentia
589 4888 786 4947 littora
807 4891 1114 4963 cavebant,
1147 4910 1289 4949 nave
1319 4894 1668 4952 sustinenda
1697 4911 1769 4951 ne
1792 4897 2032 4970 propius

375 4994 543 5050 reque
574 4983 742 5036 terra
775 4981 1206 5050 admoveretur,
1241 4983 1311 5038 ad
1341 4987 1666 5041 extremum
1690 4988 1882 5042 tamen
1911 4991 2031 5044 arte

373 5067 640 5138 ipsorum
657 5070 817 5127 omni
833 5076 1158 5144 conatuque
1173 5071 1362 5143 victis,
1384 5072 1748 5132 validissimo
1769 5075 2028 5148 impulsu

375 5157 678 5215 ruentium
710 5159 769 5216 in
801 5159 969 5218 littus
1000 5161 1291 5218 ﬂuctuum
1343 5161 1583 5232 impacti
1638 5163 1776 5235 ripa:
1823 5181 2028 5221 navem

373 5246 699 5318 fregerunt,
745 5249 1118 5324 demersique
1168 5267 1304 5307 cum
1346 5249 1447 5305 illa
1496 5251 1798 5322 perierunt
1827 5268 2030 5309 omnes

377 5351 496 5393 uno
525 5343 784 5412 excepto,
809 5340 909 5411 qui
945 5341 1192 5397 nuntius
1213 5339 1568 5396 calamitatis
1592 5342 1830 5407 natavit,
1865 5357 1895 5398 e
1915 5359 2030 5413 quo

374 5439 550 5482 casus
581 5427 680 5484 ille
712 5429 902 5487 tristis
929 5435 996 5486 ut
1023 5429 1282 5486 evenerit
1313 5432 1401 5483 est
1452 5432 1656 5499 postea
1705 5428 2027 5500 cognitum.

371 5512 452 5569 Eo
484 5516 794 5588 naufragio
828 5523 1041 5590 praeter
1070 5517 1339 5575 homines
1363 5531 1523 5572 mare
1554 5516 1850 5589 absorpsit
1872 5519 2030 5590 regia

369 5598 495 5673 illa,
528 5603 602 5661 de
631 5605 853 5677 quibus
889 5605 1172 5677 diximus,
1219 5605 1396 5675 dona,
1425 5607 1483 5661 et
1511 5603 1571 5661 in
1610 5604 1704 5664 his
1732 5605 2027 5682 insignem

2148 4629 2438 4684 mandatis
2454 4628 2767 4686 habebant.
2785 4631 2935 4686 Tum
2966 4636 3224 4686 extremo
3243 4637 3533 4686 autumno
3557 4635 3794 4685 mutuos

2145 4715 2289 4788 ipsis
2318 4717 2630 4788 adjunctos
2674 4737 2707 4775 a
2751 4719 2906 4792 Papa
2952 4719 3176 4792 legatos
3224 4717 3796 4792 Constantinopolim

2142 4807 2558 4878 perduxerunt.

2140 4969 2230 5024 22.
2288 4971 2352 5028 Ut
2396 4971 2558 5043 Papae
2619 4975 3062 5029 commemoratio
3124 4975 3286 5045 facta
3362 4971 3426 5026 in
3503 4986 3662 5028 sacro
3711 4971 3803 5037 sit,

2595 5050 2950 5101 exauctoralo
2976 5043 3330 5117 patriarcha.

2211 5165 2290 5221 Ex
2323 5166 2431 5224 hoc
2460 5167 2784 5239 legatorum
2818 5171 3295 5242 adventu'pacem
3314 5169 3531 5225 factam
3548 5167 3800 5223 referen-

2140 5253 2289 5310 tium
2322 5257 2437 5314 duo
2468 5265 2780 5315 consecuta
2833 5264 2996 5330 sunt,
3039 5259 3093 5314 vi
3144 5259 3306 5331 prius
3356 5262 3799 5318 conventorum,

2138 5347 2535 5402 exauctoratio
2568 5348 2935 5419 patriarchae,
2969 5353 3028 5405 et
3058 5364 3221 5420 papae
3253 5347 3313 5402 in
3348 5363 3516 5403 sacro
3549 5359 3800 5402 comme-

2139 5433 2386 5489 moratio
2420 5435 2654 5507 publica
2680 5455 2693 5505 ;
2719 5438 2860 5509 quin
2885 5437 3062 5493 etiam
3093 5438 3168 5493 ad
3190 5436 3538 5493 electionem
3569 5447 3800 5490 succes-

2137 5520 2259 5577 suri
2292 5521 2351 5577 in
2386 5525 2850 5596 patriarchatum
2877 5525 3071 5600 palam
3101 5525 3294 5583 vocati
3325 5523 3796 5598 quibusinidjus

2137 5614 2226 5667 est
2255 5609 2540 5686 suffragii.
2571 5615 2652 5672 Ac
2683 5614 2838 5689 quod
2869 5615 3126 5689 primum
3157 5613 3404 5688 quidem
3435 5611 3642 5670 horum
3661 5605 3792 5666 atti-
