3912 6192
191 303 280 362 853
1209 305 1307 358 DE
1347 303 1717 358 MICHAELE
1755 300 2198 358 PALJEOLOGO
2234 304 2367 356 LIB.
2409 303 2476 355 V.
3438 302 3546 357 854

193 433 259 487 Τὸ
308 429 389 501 μὲν
443 432 527 481 οὖν
579 426 668 479 τὸν
728 426 1072 501 πατριάρχην
1104 431 1517 502 παρακινεῖσθαι
1548 421 1781 501 ἐργῶδες
1812 427 1868 494 Α
1901 425 2118 501 βασιλεῖ
2146 424 2317 480 ἐκεῖσε
2346 425 2650 501 παρόντων,
2711 425 2738 480 ὁ
2789 423 3095 487 ἀπόστολος
3127 423 3224 480 εἴτ’
3250 426 3340 480 οὖν
3373 427 3408 496 ἡ
3443 448 3540 482 πε-

183 520 256 587 ἧν,
303 517 404 572 ἐπεὶ
456 515 550 570 οὐκ
603 515 819 578 αὐτόθεν
879 514 1081 576 ἐκεῖνος
1139 520 1433 589 παρῃτεῖτο
1489 515 1589 584 τήν
1645 535 1784 590 προ-

184 608 399 662 στασίαν.
455 606 539 666 Ὠς
588 607 712 678 γοῦν
773 603 872 657 οὐκ
927 604 992 673 ἦν
1046 605 1443 680 παραιτεῖσθαι,
1508 603 1781 678 μάρτυρας

177 702 266 750 τῶν
313 695 437 769 πρὸς
495 693 713 769 βασιλέα
772 694 950 767 λόγων
1012 692 1218 748 ἐκείνου
1276 693 1348 755 ὡς
1406 693 1781 768 ἧνπαραστή-

179 806 332 846 σαντες
364 785 432 855 (οἱ
463 782 504 837 δ’
537 783 665 851 ἦσαν
719 784 770 836 οἱ
819 784 941 852 περὶ
995 783 1087 837 τὸν
1149 781 1546 857 δικαιοιρύλακα
1605 789 1780 837 Σκου-

173 873 530 948 ταριώτην)ὡς
581 873 1014 947 ὑπισχνουμένου
1066 870 1223 942 δῆθεν
1277 877 1374 926 τοῦ
1432 873 1778 948 πατριάρχου

171 965 252 1031 τὴν
281 960 503 1015 ἑκουσίαν
558 959 869 1036 ἐκχώρησιν
929 961 974 1015 εἰ
1033 959 1280 1016 εύοδοῖτο
1340 961 1403 1015 τὸ
1435 956 1779 1036 ἔργον,ταύ-

170 1072 250 1121 την
299 1052 388 1119 τὴν
446 1051 627 1128 φωνὴν
685 1051 758 1113 ὡς
819 1051 1144 1126 παραίτησιν
1199 1049 1433 1121 τελείαν,
1465 1049 1685 1126 προσέτι
1719 1047 1777 1104 δὲ

165 1139 238 1193 καὶ
289 1139 374 1194 τόν
429 1139 584 1214 ὅρκον
648 1138 855 1214 ἔκρινον
919 1141 969 1194 οἱ
1029 1141 1324 1216 ἀρχιερεῖς,
1382 1141 1480 1208 τήν
1546 1139 1639 1212 μὲν
1699 1139 1775 1200 ὡς

168 1228 452 1304 ὑπόσχεσιν,
504 1230 593 1283 τὸν
656 1227 713 1283 δὲ
772 1229 847 1292 ὡς
901 1228 1170 1302 κωλύμην
1231 1227 1499 1301 ἄντικρυς.
1545 1229 1619 1283 Τὸ
1671 1229 1772 1304 γὰρ

163 1314 280 1380 ἔνθεν
339 1319 427 1390 μὲν
486 1319 562 1388 μή
619 1315 1011 1393 καταδέχεσθαι
1061 1319 1158 1386 τὴν
1214 1321 1403 1393 πρᾶξιν
1465 1317 1770 1390 ὀμνύοντα,

162 1406 330 1460 ἐκεῖθεν
381 1403 435 1461 δὲ
485 1407 767 1482 γεγονυίας
826 1407 1092 1482 ἐκχωρεῖν
1156 1406 1612 1482 ὑπισχνούμενον,
1673 1404 1769 1476 δη-

161 1496 358 1559 λοῦντος
411 1499 474 1567 ἧν
523 1499 739 1560 πάντως
798 1499 1201 1575 προχωρούσης
1254 1507 1353 1569 τῆς
1397 1500 1640 1574 πράξεως
1670 1501 1770 1568 τήν

160 1585 276 1640 ἰδίαν
307 1587 643 1662 παραίτησιν’
679 1588 762 1643 ἐπὶ
823 1588 875 1643 τί
930 1589 1028 1664 γὰρ
1081 1589 1170 1643 καὶ
1225 1587 1308 1643 ἐπῖ
1363 1593 1469 1644 τῶν
1519 1589 1768 1658 τῆςἚκ-

159 1675 362 1749 κλησίας
409 1682 748 1754 πραγμάτων
810 1681 940 1734 εἶναι
997 1687 1096 1750 τῆς
1160 1681 1402 1754 πράξεως
1462 1675 1765 1752 ἀποϐάσης,

1891 517 2094 590 ρικοπή
2152 522 2254 585 τῆς
2306 519 2416 571 τῶν
2480 517 2726 590 Ιιράξεων
2791 511 2986 590 βίϐλου
3045 516 3273 589 (Πέτρου
3306 515 3407 589 γὰρ
3439 521 3537 571 τοῦ

1889 604 2187 682 κορυφαίου
2218 609 2322 659 τῶν
2374 602 2695 659 ἀποστόλων
2747 603 2912 679 ἤγετο
2962 605 3150 678 ἑορτὴ,
3183 605 3244 673 ἢν
3295 604 3536 679 ἑορτάζει

1887 696 1920 762 ἡ
1957 693 2261 764 Ἐκκλησία
2317 692 2403 747 ἐπὶ
2452 697 2518 766 τῇ
2569 694 2860 757 Καταθὲσει
2895 698 3001 748 τῶν
3046 692 3201 747 θείων
3243 691 3536 766 ἁλύσεων),

1899 783 1911 800 θ
2102 784 2112 802 I
2349 780 2390 800 Νι
2449 782 2463 801 9
2560 781 2572 802 Ι
2810 783 2822 800 \
2913 784 2928 802 \
3050 788 3072 798 ε-
3218 781 3260 803 ‘9
3387 781 3404 814 ι

1888 804 2310 858 αναγινωσκεται
2345 795 2401 837 οε
2432 804 2689 844 ωσαυτως
2737 804 2825 838 και
2875 803 2935 837 το
2990 794 3132 846 θειον
3195 785 3536 856 Ευαγγελιον

1887 878 2185 943 Γραικικῶς
2217 893 2273 926 τε
2332 873 2473 945 ὁμοῦ
2527 872 2615 926 καὶ
2675 873 3018 944 Ῥωμαϊκῶς,
3053 872 3142 926 καὶ
3202 870 3342 926 οὕτω
3399 871 3535 926 κατὰ

1881 963 2052 1016 τόπον
2130 962 2217 1017 οἰκ
2250 966 2333 1016 ἴον
2390 959 2480 1015 καὶ
2540 961 2567 1014 ὁ
2625 961 2847 1025 πάππας
2919 961 3066 1037 παρά
3122 965 3218 1015 τοῦ
3278 958 3530 1015 διακόνου

1883 1050 2308 1126 ἐμνημονεύετο.
2342 1053 2400 1105 Ὀ
2432 1047 2480 1105 δ’
2506 1051 2572 1119 ἦν
2608 1051 2636 1105 ὁ
2671 1052 2972 1126 Γρηγόριος
3022 1049 3188 1127 ἄκρος
3241 1049 3528 1125 ἀρχιερεὺς

1878 1144 1978 1211 τῆς
2009 1139 2381 1211 ἀποστολικῆς
2411 1139 2738 1210 Ἐκκλησίας
2778 1140 2868 1195 καὶ
2900 1138 3277 1214 οἷκουμενικός
3304 1140 3528 1201 πάπποις

1884 1253 1986 1304 μνη
1999 1253 2096 1304 μον
2105 1230 2383 1302 ευόμενος.

1941 1377 2047 1450 κγ’.
2082 1376 2211 1450 Περὶ
2242 1379 2339 1430 τοῦ
2371 1393 2681 1450 σχισματος
2708 1371 2951 1438 καθόλου
2979 1380 3079 1443 τῆς
3108 1371 3459 1443 Ἐκκλησίας,

1947 1502 2222 1565 Ἐντεῦθεν
2271 1502 2337 1555 τὰ
2392 1507 2492 1570 τῆς
2548 1497 2876 1570 Ἐκκλησίας
2921 1499 3116 1565 ἐνόσει,
3159 1498 3251 1552 καὶ
3285 1495 3524 1553 διεστέλ-

1879 1589 2040 1646 λοντο
2074 1591 2163 1645 ἀπ’
2191 1588 2456 1661 ἀλλήλων
2507 1591 2808 1663 ἅνθρωποι,
2864 1591 2952 1643 καὶ
3016 1589 3043 1642 ὁ
3101 1588 3194 1660 μὲν
3250 1586 3524 1642 ἐκοινώνει

1874 1677 2014 1752 τῷδε
2041 1685 2148 1734 τῶν
2181 1681 2338 1743 θείων
2365 1679 2648 1752 συνᾶξεων,
2685 1679 2735 1732 οἱ
2769 1675 2826 1732 δὲ
2858 1702 2885 1729 ‹‹
2912 1679 3000 1746 Μή
3025 1679 3160 1752 ἅψῃ,
3196 1677 3271 1749 μή
3307 1675 3462 1752 θίγῃς
3495 1700 3522 1728 ››

156 1767 211 1834 ἧς
261 1768 407 1842 χάριν
465 1768 554 1823 καὶ
618 1768 816 1842 ὅρκους
875 1769 1034 1834 ἐτίθει
1092 1774 1187 1824 τοῦ
1250 1771 1324 1842 μή
1375 1767 1618 1840 δέξασθαι
1678 1771 1843 1864 καὶΒ
1879 1770 2045 1844 μέχρι
2109 1768 2197 1823 καί
2256 1768 2595 1841 ἐκπωμάτων
2658 1766 2833 1822 αὐτῶν
2883 1767 2972 1821 καὶ
3030 1767 3518 1842 προσφωνημάτων

158 1855 438 1931 ὑποσχέσεις
465 1863 563 1913 τοῦ
626 1859 891 1934 ἐκχωρεῖν
949 1858 1139 1913 αὐτίκα
1197 1854 1519 1934 προϐἀσηςς
1554 1860 1653 1914 Attii
1678 1882 1762 1915 τοι

149 1949 290 1999 ταῦτα
341 1949 421 2001 καὶ
483 1948 676 2023 ἀργίαν
732 1949 938 2002 ἐκείνου
1003 1949 1510 2026 καταψηφίζονται,
1559 1948 1649 2003 καί
1704 1970 1765 2024 γε

156 2033 300 2103 μηνὸς
352 2032 835 2109 Ἑκατομϐαιῶνος
913 2036 1100 2112 ἐννάτῃ
1177 2037 1398 2093 παύεται
1457 2037 1519 2092 τὸ
1568 2037 1764 2094 τούτου

157 2125 488 2196 μνημόσυνον,
521 2129 611 2200 [Ρ.
641 2129 768 2199 271]
822 2127 910 2180 καὶ
969 2128 1102 2200 πρὸς
1156 2129 1254 2196 τήν
1300 2128 1437 2182 κατᾶ
1481 2127 1574 2182 τὸν
1609 2129 1764 2184 Ἀνά-

152 2209 529 2287 πλουνΑαύραν
583 2215 646 2270 ἐκ
697 2223 799 2285 τῆς
857 2213 1224 2291 περιϐλεπτου
1287 2221 1601 2295 μεταφοιτᾷ.
1660 2221 1765 2271 Τοῦ

151 2297 187 2352 δ’
237 2303 385 2357 αὐτοῦ
443 2305 624 2377 μηνὸς
681 2302 806 2378 ἕκτῃ
858 2306 949 2359 καὶ
1008 2303 1226 2380 δεκάτῃ,
1286 2310 1382 2360 τοῦ
1412 2303 1766 2376 Χαλκηδόνος

152 2390 392 2445 Νικολάου
449 2394 876 2469 ἱερουργοῦντος
934 2395 1072 2449 κατὰ
1129 2395 1194 2448 τα
1251 2394 1540 2469 ἀνάκτορα,
1577 2395 1767 2471 ἀναγι-

147 2478 372 2536 νώσκεται
429 2484 525 2555 μὲν
591 2481 810 2555 διττῶς,
884 2488 988 2538 τῶν
1065 2479 1340 2558 πρέσϐεων
1420 2483 1631 2558 σύναμα
1687 2489 1768 2557 τῷ

149 2707 244 2764 net.
271 2701 618 2758 nonnullius
640 2703 858 2775 nogotii
885 2719 976 2758 res
1021 2703 1131 2758 fuit
1171 2703 1381 2774 deponi
1416 2719 1444 2757 e
1478 2705 1614 2758 scde
1657 2721 1760 2775 pa-

149 2790 591 2864 triarcham,ipso
615 2791 960 2864 dignitatem
977 2808 1101 2847 eam
1121 2791 1271 2846 ultro
1298 2809 1410 2847 non
1435 2793 1763 2860 abdicante,

150 2897 235 2935 nec
253 2880 460 2952 sperari
508 2881 748 2936 sinente
789 2881 1223 2936 abdicaturum.
1262 2880 1627 2952 Interrogare
1658 2899 1760 2936 au-

151 2972 244 3023 tem
275 2986 396 3024 eum
429 2988 501 3026 an
550 2974 789 3041 paratus
846 2973 1002 3026 esset
1049 2974 1256 3041 sponte
1298 2971 1519 3037 cedere,
1553 2976 1608 3026 et
1640 2987 1760 3025 rem

147 3056 256 3112 aleae
276 3061 638 3115 committere
662 3075 774 3114 non
798 3058 1076 3130 explorati
1102 3058 1552 3130 responsi,haud
1572 3064 1759 3114 lutum

146 3151 216 3200 est
239 3147 432 3204 visum.
493 3148 845 3220 Expeditius
897 3149 1230 3218 judicatum
1265 3152 1353 3204 est
1386 3148 1758 3222 interpretari

147 3234 495 3293 voluntariam
544 3239 673 3308 ejus
723 3237 1152 3292 abdicationem
1186 3237 1344 3293 velut
1387 3239 1511 3308 jam
1546 3240 1756 3294 factam

147 3326 288 3381 exiis
341 3345 465 3399 quas
528 3331 734 3399 pactus
758 3343 891 3382 cum
943 3327 1294 3398 imperatore
1329 3329 1534 3384 fuerat.
1571 3328 1766 3383 Auditi

145 3429 255 3485 ergo
284 3420 452 3472 testes
484 3419 636 3472 sunt
682 3415 895 3481 idonei,
934 3415 1322 3489 princepsque
1363 3417 1418 3472 in
1455 3417 1528 3473 iis
1579 3417 1766 3474 Dicmo

145 3501 326 3575 phylax
357 3504 763 3572 Scutariores;
810 3503 911 3575 qui
960 3505 1376 3561 conﬁrmarent
1423 3507 1766 3578 promisisse

147 3591 444 3664 losephum,
492 3594 548 3650 si
593 3593 770 3666 legati
833 3593 1027 3649 Romae
1087 3594 1384 3667 negotium
1445 3597 1763 3652 concordia:

143 3683 533 3755 transigerent!
569 3681 967 3754 patriarchatu
994 3698 1054 3737 se
1085 3699 1385 3739 cessurum
1412 3702 1424 3751 ;
1459 3686 1764 3740 eumdem-

145 3785 236 3839 que
251 3772 517 3841 juratum
554 3788 922 3828 asseverasse
935 3788 996 3826 se
1009 3788 1432 3828 consensurum
1459 3791 1763 3845 nunquam

139 3857 187 3912 in
215 3860 370 3916 istam
421 3877 656 3934 pacem.
695 3861 794 3916 His
825 3861 1142 3932 compertis
1194 3863 1528 3934 congregati
1587 3879 1766 3934 super

141 3947 226 4002 hoc
275 3951 533 4023 episcopi
592 3949 978 4006 concordibus
1009 3950 1157 4006 votis
1205 3954 1541 4006 statuerunt
1582 3950 1763 4006 videri

138 4034 227 4092 hoc
257 4037 376 4110 ipso
411 4038 816 4113 patriarchum
849 4057 883 4094 a
908 4039 1160 4111 Josepho
1213 4041 1335 4111 jam
1396 4056 1552 4095 nunc
1611 4039 1763 4096 ultro

138 4126 463 4198 depositum,
489 4130 701 4202 utique
723 4129 1078 4199 conditione,
1111 4147 1178 4185 ex
1209 4147 1325 4202 qua
1359 4128 1454 4184 ille
1486 4146 1654 4185 suam
1688 4128 1761 4184 li-

135 4212 304 4274 beram
321 4219 762 4276 abdicationem
777 4220 1310 4291 suspenderat,jam
1333 4218 1486 4274 clare
1501 4218 1758 4291 impleta,

133 4303 347 4378 ipsoque
373 4309 694 4366 manifeste
716 4308 994 4380 deinceps
1018 4308 1286 4378 inhabili,
1311 4309 1758 4380 propterjusju-

134 4394 354 4450 randum
381 4413 502 4468 quo
527 4412 588 4452 se
611 4395 1023 4464 obstrinxerat,
1051 4397 1120 4450 ad
1151 4413 1278 4451 eam
1320 4397 1635 4468 gerendam
1670 4399 1760 4452 di-

130 4481 406 4549 gnitatem.
440 4486 564 4542 Nec
595 4485 767 4540 istam
797 4485 969 4556 longe
1001 4485 1304 4556 quaesitam
1328 4486 1760 4559 interpretatio-

1873 1853 2357 1934 ἀπακριϐούμενοι.
2390 1864 2586 1932 ’ᾘρετο
2619 1854 2676 1911 δὲ
2729 1861 2910 1929 μεῖζον
2957 1856 3020 1910 τὸ
3066 1856 3300 1929 σχίσμα,
3344 1855 3431 1909 καὶ
3491 1854 3518 1908 ὁ

1875 1948 2006 2023 χθὲς
2061 1946 2148 2002 ἐπῖ
2196 1945 2340 2020 τῷδε
2389 1945 2918 2025 πληροφορούμενος
2973 1946 3209 2018 σήμερον
3266 1943 3522 2019 ἀπεστρὲ-

1875 2059 2023 2112 φετν.
2079 2039 2179 2094 Καὶ
2239 2037 2420 2114 ὥσπερ
2480 2037 2532 2092 εἷ’
2580 2059 2665 2100 τις
2713 2035 3187 2111 κακοσπλάγχνως
3235 2030 3378 2110 ἔχων
3410 2033 3524 2088 ἐπι-

1875 2122 2186 2200 συμϐἀντος
2243 2127 2332 2183 καὶ
2391 2127 2566 2183 ἄλλου
2622 2128 2936 2200 νοσήματος
2996 2122 3224 2180 διπλοῦν
3286 2121 3402 2199 ἔχει
3460 2124 3521 2178 τὸ

1877 2214 2066 2292 ἄλγος,
2123 2216 2213 2271 καὶ
2266 2219 2328 2272 τὸ
2379 2217 2642 2293 πρότερον
2675 2213 2884 2290 αὔξεται
2916 2219 2985 2290 τῇ
3015 2219 3111 2269 τοῦ
3140 2213 3524 2290 ἐπιγενομένου

1875 2305 2262 2381 προσκρούσει,
2324 2306 2498 2361 ἐκεῖνα
2557 2304 2604 2360 δ’
2650 2305 2804 2368 αὖθις
2833 2305 2970 2380 πρὸς
3015 2303 3240 2374 ἄλληλα
3279 2300 3526 2382 διαφέρε-

1873 2416 1966 2450 τον
1998 2391 2136 2450 ὥστε
2164 2396 2226 2451 τὸ
2260 2396 2336 2461 εἷς
2376 2395 2662 2472 θεραπείαν
2716 2394 2914 2451 τούτου
2967 2394 3057 2450 καὶ
3117 2391 3390 2462 συστολὴν
3449 2390 3526 2454 εἷς

1877 2484 2042 2556 αὔξην
2101 2486 2326 2562 θατέρου
2384 2484 2622 2560 γίνεσθαι
2701 2484 2792 2540 καὶ
2875 2483 3228 2561 ἀπαγορεύειν
3284 2483 3378 2537 τὸν
3433 2501 3531 2536 κα-

1873 2708 2037 2760 sueta
2059 2705 2294 2778 Josephi
2331 2710 2394 2761 ut
2426 2705 2769 2778 patriarchae
2819 2705 3142 2771 mentione;
3195 2707 3252 2759 et
3295 2702 3421 2774 ipse
3451 2702 3523 2758 ad

1872 2798 2117 2849 Lauram
2153 2811 2328 2866 prope
2363 2794 2651 2866 Anapium
2685 2795 2856 2850 sitam
2880 2811 2948 2849 ex
2971 2792 3280 2865 Periblepti
3315 2807 3517 2846 mona-

1871 2883 2048 2938 sterio
2083 2882 2369 2955 migravit.
2420 2883 2700 2952 Ejusdem
2754 2899 2925 2954 porro
2977 2881 3197 2936 mensis
3229 2880 3322 2935 die
3353 2884 3518 2936 sexta

1871 2972 2118 3041 decima,
2152 2971 2389 3028 Nicolao
2429 2971 2884 3026 Chalcedonensi
2935 2970 3118 3026 sacris
3150 2973 3426 3040 operante
3457 2967 3515 3022 in

1873 3059 2074 3131 palatii
2107 3077 2272 3116 sacra
2310 3060 2448 3124 aede,
2474 3059 2693 3132 duplici
2751 3059 2955 3132 lingua
2999 3057 3377 3130 pronuntiata
3405 3061 3514 3126 est,

1871 3166 2045 3219 quam
2080 3153 2306 3215 vocant,
2330 3148 2604 3220 epistola;
2634 3148 2742 3204 fuit
2790 3165 2858 3204 ea
2905 3148 3084 3204 sectio
3116 3164 3183 3203 ex
3209 3146 3359 3203 libro
3392 3147 3516 3201 Ac-

1874 3241 2067 3292 torum
2105 3255 2116 3294 :
2151 3237 2303 3294 Petri
2335 3239 2489 3294 enim
2525 3237 2804 3310 principis
2855 3237 3254 3308 apostolorum
3299 3237 3516 3292 festum

1873 3343 1940 3381 ea
1970 3327 2064 3382 die
2097 3327 2377 3399 agebatur
2410 3327 2576 3394 illud,
2610 3327 2762 3399 quod
2795 3325 3100 3384 consuevit
3130 3323 3388 3381 Ecclesia
3425 3340 3518 3380 ce-

1872 3414 2098 3472 lebrare
2129 3416 2298 3472 titulo
2331 3417 2724 3488 Depositionis
2775 3433 3076 3473 sacrorum
3126 3413 3516 3470 vinculorum.

1870 3511 2113 3560 Sacrum
2142 3522 2375 3579 quoque
2407 3506 2784 3577 Evangelium
2817 3504 3000 3561 simili
3031 3502 3358 3559 differentia
3405 3500 3518 3556 lin-

1871 3611 2120 3666 guarum
2154 3596 2348 3652 Graece
2381 3597 2598 3668 pariter
2626 3599 2681 3652 et
2712 3594 2910 3650 Latine
2950 3593 3256 3650 recitatum
3306 3595 3416 3647 est.
3449 3590 3520 3645 Et

1870 3685 1954 3740 sic
1985 3684 2109 3741 loco
2144 3684 2375 3758 proprio
2406 3686 2569 3758 Papaa
2601 3685 2779 3740 etiam
2807 3701 2908 3756 per
2937 3684 3250 3739 diaconum
3298 3680 3514 3761 solem-5

1871 3774 1962 3828 nis
1993 3775 2211 3831 mentio
2241 3779 2332 3830 est
2363 3776 2532 3845 facta,
2565 3779 2622 3830 et
2650 3774 2965 3846 Gregorius
2996 3789 3269 3828 summus
3320 3767 3512 3842 ponti-

1870 3863 1960 3918 fex
1992 3863 2321 3936 apostolicae
2356 3863 2622 3920 Ecclesia:
2654 3880 2719 3918 ac
2769 3861 3165 3919 cacumcuicus
3197 3876 3349 3933 papa
3378 3875 3510 3930 pro-

1867 3951 2178 4008 clamatus.

1929 4095 2020 4149 23.
2053 4097 2126 4152 De
2154 4095 2452 4152 schismate
2481 4097 2807 4151 universam
2833 4093 3138 4150 Ecclesium
3165 4090 3448 4146 turbante.

1939 4220 2083 4276 Hinc
2117 4238 2207 4278 res
2238 4220 2508 4278 Ecclesiae
2541 4219 2904 4287 laborabant,
2937 4220 2994 4274 et
3025 4214 3518 4288 disjungebantur

1865 4311 1936 4366 ab
1970 4310 2218 4366 invicem
2245 4310 2533 4380 homines,
2556 4311 2697 4366 dum
2722 4309 2963 4365 alterius
2986 4306 3132 4362 alter
3148 4302 3514 4361 communio-

1868 4416 2002 4455 nem
2061 4399 2342 4466 admittit,
2376 4400 2476 4456 alii
2508 4399 2743 4455 odiosas
2775 4396 2906 4452 illas
2955 4395 3189 4452 divortii
3226 4391 3514 4450 formulas

1867 4494 2155 4560 usurpant
2191 4506 2203 4543 :
2243 4513 2263 4540 σι
2300 4490 2448 4545 Cave
2479 4489 2660 4555 adire,
2695 4503 2831 4543 cave
2861 4491 3120 4558 tangere,
3153 4505 3180 4534 »
3217 4482 3510 4555 supersti-

130 4585 241 4626 nem
267 4575 493 4630 censeri
523 4591 714 4644 posse,
750 4575 849 4630 sed
874 4591 1069 4629 veram
1116 4575 1548 4647 expressionem
1593 4579 1760 4632 certae
1795 4557 1839 4624 Ι)
1871 4577 2081 4634 tiosam
2116 4579 2289 4634 istam
2323 4576 2840 4633 contaminationis
2888 4590 2956 4630 ex
3013 4572 3347 4646 promiscuo
3397 4587 3509 4626 usu

124 4659 441 4732 voluntatis,
458 4680 593 4735 quae
615 4680 682 4718 ex
703 4663 1171 4719 conditionatain
1193 4664 1521 4720 absolutam
1546 4669 1755 4720 eventu

127 4747 234 4816 ipso
263 4753 341 4806 rei
366 4770 473 4824 per
505 4752 900 4808 conditionem
941 4769 1227 4825 expressae
1253 4754 1571 4822 transierit,
1607 4771 1756 4826 prae-

125 4839 306 4896 sertim
336 4859 477 4897 cum
512 4843 614 4912 qui
645 4841 819 4897 ﬁdem
850 4843 918 4896 ad
955 4843 1012 4896 id
1045 4859 1214 4898 suam
1247 4843 1423 4898 etiam
1477 4843 1756 4915 religione

125 4925 471 4986 irrevocabili
523 4932 846 5003 juramenti
895 4933 1046 4987 399
1109 4931 1471 5003 obligaverit,
1519 4948 1752 4986 omnem

121 5016 217 5071 sibi
246 5020 316 5074 ad
348 5020 491 5076 inde
524 5020 908 5076 resiliendum
939 5019 1511 5091 occluseritexitum,
1537 5037 1642 5076 nec
1663 5020 1753 5075 in-

118 5108 326 5177 tegrum
391 5110 508 5165 sibi
569 5109 822 5179 amplius
866 5109 1626 5182 reliquerit,conclusajam
1653 5110 1753 5165 Ec-

116 5192 415 5253 clesiarum
453 5198 789 5268 concordia,
821 5197 879 5252 in
905 5215 970 5253 ea
991 5199 1128 5254 sede
1151 5204 1432 5271 perstare,
1465 5201 1522 5254 in
1556 5217 1671 5269 qua
1692 5215 1752 5254 se

117 5297 217 5338 non
249 5288 661 5356 perstiturum,
712 5287 760 5341 si
819 5288 890 5342 de
927 5287 1042 5342 ista
1096 5303 1236 5360 pace
1280 5288 1751 5358 convinerentur,

115 5369 218 5427 Deo
250 5373 447 5445 palam
481 5380 631 5432 teste
665 5374 958 5448 pollicitus
989 5376 1087 5432 sit.
1142 5377 1241 5432 His
1291 5379 1360 5432 de
1391 5378 1584 5433 causis
1615 5394 1751 5432 con-

113 5463 258 5517 cordi
281 5464 565 5533 suffragio
596 5466 836 5520 Patrum
868 5481 1071 5521 vacare
1119 5467 1288 5522 sedes
1337 5467 1751 5523 Constantino-

113 5549 650 5625 politanajudicata
665 5561 771 5610 est.
801 5555 1004 5625 Itaque
1028 5555 1248 5626 mensis
1268 5555 1534 5612 Januarii
1569 5557 1748 5613 unde-

108 5640 253 5698 cima
280 5641 377 5699 die
409 5643 668 5715 primum
701 5658 870 5700 sacra
900 5641 1021 5700 fieri
1055 5648 1240 5718 coepta
1281 5650 1422 5702 sunt
1450 5645 1576 5703 sine
1609 5662 1750 5702 con-

1865 4665 2240 4722 formidinem
2277 4683 2462 4737 usque
2495 4667 2562 4721 ad
2616 4665 2917 4721 vitandum
2961 4661 3306 4736 poculorum
3331 4660 3506 4716 etiam

1865 4759 2225 4821 contactum,
2257 4772 2445 4827 usque
2476 4755 2547 4810 ad
2580 4753 3060 4826 compellationes
3099 4749 3510 4806 allocutiones-

1866 4860 1976 4914 que
2008 4844 2361 4900 omittendas
2399 4846 2553 4900 400
2584 4844 2961 4900 extendentes
2996 4859 3009 4898 :
3043 4839 3511 4913 augescebatque

1865 4933 1925 4986 in
1959 4931 2081 4988 dies
2113 4933 2396 5000 schisma,
2457 4934 2538 4989 ita
2571 4939 2635 4989 ut
2687 4931 2790 5004 qui
2852 4930 2977 4986 heri
3011 4947 3124 4985 non
3185 4928 3513 4983 dubitasset

1865 5022 2287 5076 consuetudine
2305 5022 2390 5077 uti
2411 5023 2767 5094 cujuspiam,
2787 5020 3058 5077 eumdem
3083 5017 3255 5072 hodie
3281 5031 3511 5071 aversa-

1865 5113 2044 5165 retur.
2069 5113 2148 5166 Ac
2181 5111 2357 5166 veluti
2391 5113 2438 5166 si
2473 5113 2703 5182 cuijam
2733 5109 2882 5165 male
2908 5108 3156 5164 interius
3186 5105 3390 5162 affecto
3417 5121 3513 5158 no-

1861 5215 1971 5255 vus
2003 5199 2238 5255 aliunde
2269 5200 2512 5274 insuper
2544 5200 2784 5257 morbus
2816 5197 3149 5265 accesserit,
3178 5195 3516 5267 duplicatur

1866 5288 2078 5345 misero
2112 5290 2295 5357 dolor,
2321 5295 2378 5346 et
2398 5290 2562 5363 prius
2587 5289 2804 5345 malum
2831 5307 2864 5344 a
2890 5285 3338 5360 superveniente
3381 5283 3513 5336 lan-

1862 5393 2042 5450 guore
2074 5380 2376 5447 gravitatis
2432 5396 2495 5434 ac
2542 5378 2822 5435 molestiae
2856 5383 3239 5448 augmentum
3272 5368 3506 5439 accipit,

1861 5466 2004 5538 quin
2035 5468 2210 5523 etiam
2242 5468 2350 5540 ipsi
2386 5469 2558 5524 ambo
2593 5468 2778 5523 morbi
2811 5467 3077 5538 pugnant
3106 5463 3255 5516 inter
3285 5472 3412 5512 sese
3445 5453 3500 5507 in

1861 5556 2176 5627 perniciem
2193 5558 2410 5628 aegroti,
2433 5558 2603 5628 cujus
2623 5557 2693 5612 ad
2717 5553 3152 5611 incommodum
3179 5543 3499 5602 miseriam-

1860 5634 1973 5716 que
1995 5648 2286 5702 redundat
2309 5647 2464 5718 quod
2488 5663 2613 5718 quae
2639 5643 2896 5700 remedia
2925 5639 3165 5696 levando
3191 5636 3332 5690 forte
3363 5631 3492 5688 lan-
