4002 6198
423 336 534 394 855
1729 335 2002 391 GEORGI

2170 333 2529 388 CHYMERE
3664 341 3750 396 856

433 479 654 535 μνοντα,
684 456 776 510 τὸν
819 454 980 510 αὐτὸν
1035 455 1241 528 τρόπον
1291 456 1382 512 καὶ
1411 451 1536 512 τότε
1563 460 1633 531 τῇ
1657 461 1754 512 τοῦ
1785 462 1917 512 Θεοῦ
1949 457 2070 511 Ἐκ·
2106 461 2155 527 Α
2189 453 2426 527 κορὺζης
2461 454 2635 525 ὁπόση
2665 456 2677 511 l
2711 455 2778 512 Ὀ
2806 476 2857 510 τι
2914 451 2960 508 δ’
3018 453 3078 509 ἄν
3136 476 3216 517 τις
3274 453 3462 512 ἐκεινον
3489 459 3567 513 καὶ
3593 462 3756 521 πείσεις

429 547 634 617 κλησίᾳ
691 540 987 600 συνέϐαινε.
1050 546 1322 618 Προόντος
1380 549 1481 622 γὰρ
1551 547 1926 622 ἀποχρώντως
1986 550 2082 601 τοῦ
2191 543 2390 618 λέγων,
2427 545 2732 616 μετριάζειν
2759 543 2896 618 πρὸς
2926 547 3091 597 ταῦτα
3132 545 3202 605 ὡς
3239 542 3400 615 μηδὲν
3439 545 3589 601 πλέον
3619 547 3760 606 εἷδότα

428 636 566 690 κατὰ
613 635 705 689 τὸν
784 633 1062 709 Ἀρσένιον
1141 636 1476 710 σχίσματος,
1547 636 1934 709 ἐπισυμπίπτει
1991 635 2082 690 καὶ
2194 631 2480 705 μακέλλης
2522 655 2580 688 τε
2627 635 2717 687 καὶ
2769 633 3047 700 σκαπάνης
3099 633 3188 686 καὶ
3240 633 3420 705 βιοτῆς
3451 636 3762 710 ἀπράγμονος,

430 723 680 797 δεύτερον
722 721 869 795 τόδε,
922 723 1050 778 ὥστ’
1100 724 1232 778 εἶναι
1288 725 1381 797 μὲν
1428 725 1518 780 καὶ
1568 723 1733 802 ἄμφω
1759 724 1826 778 τὰ
1859 725 2085 798 μὲγιστα
2191 721 2492 783 Τοιούτους
2525 721 2735 776 πολλοὶ
2774 720 2904 782 τοὺς
2964 718 3208 782 πολλοὺς
3263 721 3494 793 εὑρόντες
3539 723 3662 794 (οὐδέ
3686 729 3763 802 γὰρ

431 812 841 890 ἀρρωστήματα
895 812 986 867 καὶ
1044 813 1106 868 τὸ
1182 812 1316 888 μέγα
1383 817 1482 882 τῆς
1539 813 1866 884 ἘκκΑτβίας
1926 818 2085 886 σῶμα
2190 809 2404 864 πάντων
2439 809 2667 884 ὁλόγος
2696 810 2941 881 ἅπτεται)
2999 811 3082 872 οἷς
3130 806 3196 878 δὴ
3255 810 3344 864 καὶ
3387 807 3535 884 λόγος
3562 819 3647 882 τῆς
3674 811 3765 868 δια-

429 903 523 957 καὶ
581 902 933 957 ἀστασίαστον
994 901 1082 956 οἷά
1133 923 1192 957 τε
1249 900 1716 976 διαλυμαίνεσθαι,
1775 905 1894 966 καθ’
1949 902 2087 958 αὑτὰ
2191 905 2360 974 φορᾶς
2395 901 2744 974 προειστήκει
2792 897 2881 953 καί
2932 900 3181 972 ἱστορίασ
3231 897 3447 972 μέλημα
3474 900 3534 968 ἦν
3561 901 3767 976 xui-{ga-

434 989 493 1047 δὲ
521 991 612 1045 καὶ
643 989 763 1046 λίαν
817 986 1121 1063 ἀξύμϐατα,
1168 991 1366 1054 αὐτοὺς
1413 990 1616 1056 δἀὗθις
1662 991 1790 1056 τοὺς
1831 993 2086 1067 ἑκατέρας
2194 994 2317 1062 φαῖς
2349 994 2645 1063 προσεῖχον
2677 989 2764 1042 καὶ
2816 988 2876 1042 τὸ
2931 994 3030 1056 τῆς
3091 985 3374 1048 αἶ’τιάσεως
3405 989 3588 1043 ὁπόσον
3614 988 3665 1062 ᾖν
3689 989 3768 1066 ἐγί·

438 1079 661 1156 μερίδος
716 1080 856 1155 πρὸς
929 1079 1216 1151 ἀλλήλους
1287 1078 1598 1158 διαφωνεῖν,
1654 1080 1744 1136 καὶ
1801 1081 1928 1143 τοὺς
1991 1080 2085 1154 μὲν
2192 1077 2546 1146 νωσκον,καὶ
2596 1076 2704 1151 οὐχ
2745 1079 2908 1144 ἦττον
2967 1075 3196 1148 μετρίως
3236 1075 3270 1144 ἢ
3305 1074 3546 1152 ἀσφαλῶς
3575 1075 3769 1152 ἐχρῶντο

436 1171 520 1243 [Ρ.
551 1171 679 1242 272]
712 1168 906 1237 οὕτως,
951 1167 1077 1230 τοὺς
1129 1167 1175 1223 δ’
1224 1166 1430 1236 ἄλλως,
1466 1170 1555 1224 καὶ
1585 1169 1714 1232 τοὺς
1749 1171 1843 1242 μὲν
1871 1169 2087 1236 ἀπλῶς,
2193 1171 2308 1226 τοῖς
2338 1164 2644 1240 πράγμασι,
2682 1171 2864 1237 μεῖζον
2895 1163 3112 1219 ἐποίουν
3144 1163 3180 1232 ἢ
3224 1163 3346 1218 ὅσον
3377 1161 3476 1218 ἔδει
3505 1164 3560 1218 τὸ
3588 1165 3769 1239 σχίσμα.

433 1256 562 1318 τοὺς
619 1253 666 1310 δ’
723 1251 1101 1331 ἀκριϐέστερον
1163 1253 1463 1321 διακεῖσθαι
1523 1257 1610 1313 ἐπὶ
1666 1263 1745 1330 τῷ
1798 1258 2084 1334 σχίσματι.
2196 1255 2403 1330 Ἐχρῆν
2451 1255 2552 1328 γὰρ
2609 1253 2737 1315 ἴσως
2796 1253 2994 1324 ὁπόσον
3028 1253 3094 1321 ἦν
3133 1253 3261 1327 χθὲς
3291 1252 3348 1306 τὸ
3382 1253 3509 1326 πρὸς
3535 1252 3776 1311 τοῦςἹτα·

438 1345 535 1406 Τίς
591 1341 650 1398 ἄν
709 1344 777 1398 τὰ
831 1344 954 1399 τότε
1006 1344 1170 1417 ἀξίως
1219 1347 1506 1419 θρηνήσοι,
1567 1346 1703 1401 ὅπου
1750 1368 1810 1422 γε
1855 1347 1943 1402 καὶ
1984 1353 2086 1402 πᾶν
2195 1343 2325 1404 λοὺς
2356 1343 2583 1407 ἐκείνοις
2614 1340 2895 1421 διάφορον,
2947 1346 3203 1396 τοσοῦτον
3233 1340 3324 1395 καὶ
3356 1341 3484 1417 πρὸς
3512 1341 3621 1402 τοὺς
3648 1340 3776 1404 ἰδίους

437 1432 527 1488 καὶ
558 1437 666 1487 τῶν
717 1433 1101 1508 ἀπειρημένων
1150 1431 1548 1507 πλημμέλημα
1596 1433 1753 1490 οὐδὲν
1795 1432 1968 1490 ἐδόκει
1999 1437 2086 1490 καὶ
2197 1432 2369 1508 ἔχειν,
2397 1434 2534 1487 ὅπου
2564 1431 2624 1508 γέ
2669 1453 2815 1496 τινες
2870 1431 2959 1486 καὶ
3013 1430 3199 1494 αὐτοῖς
3244 1428 3310 1498 ’δὴ
3340 1429 3457 1485 τότε
3484 1431 3608 1485 κατὰ
3632 1433 3777 1506 χρείαν

439 1520 516 1582 είς
573 1520 906 1594 συγκρίσεως
980 1521 1144 1597 Λόγον
1220 1526 1318 1576 τοῦ
1369 1529 1646 1577 κοινωνεῖν
1703 1523 2088 1598 ἀνεκτότερον;
2197 1525 2588 1582 κοινωνοῦντες
2645 1523 2766 1575 καθ’
2821 1522 2850 1575 ὅ
2905 1541 2956 1572 τι
3014 1541 3095 1581 τις
3139 1517 3623 1586 εἶ’πειε,τῖυνίδίων
3655 1519 3777 1574 ἀδελ.

441 1606 696 1686 οὐδὲγὰρ
758 1608 882 1664 ὅσον
941 1611 1031 1664 καί
1088 1609 1369 1683 πέπρακτο
1429 1611 1516 1665 ἐπὶ
1555 1618 1670 1673 τοῖς
1699 1611 1800 1682 ἔξω
1831 1611 2095 1690 διεφημί-
2201 1614 2314 1686 φῶν
2349 1609 2422 1671 ὡς
2455 1609 2815 1685 ἐναγεστάτων
2877 1607 3168 1663 διίσταντο.
3225 1605 3400 1664 Ἀλλά
3449 1609 3511 1662 τὰ
3561 1610 3642 1680 μὶν
3677 1609 3782 1664 ἐκεί-

445 1703 586 1767 ζετο,
617 1695 764 1751 ἀλλά
787 1697 1140 1772 προσετίθουν
1183 1697 1360 1753 πλείω
1407 1699 1496 1753 καὶ
1550 1699 1824 1775 χείριστα.
1872 1699 2097 1757 Ἐπιδα-
2198 1721 2307 1752 νων
2342 1697 2507 1768 οῧτω,
2538 1699 2627 1753 καὶ
2662 1700 2689 1752 ὁ
2734 1699 2898 1775 λόγος
2943 1699 3335 1772 παρενηνεκται
3367 1701 3457 1751 τοῦ
3489 1697 3686 1764 εἰκότος,
3711 1703 3782 1752 τοῦ

445 1783 803 1859 ψιλευόμενοι
860 1791 974 1847 τοῖς
1042 1786 1342 1854 κακίστοις,
1403 1787 1476 1849 ὡς
1529 1787 1589 1842 ἄν
1649 1789 1971 1864 ὑπαγάγοιεν
2003 1789 2092 1843 καὶ
2126 1789 2405 1883 nmmos;
2455 1791 2796 1858 κινήσαντος.
2861 1785 3000 1845 Οὖδέ
3050 1787 3153 1862 γὰρ
3215 1785 3457 1862 ἐγκαλεῖν
3515 1785 3628 1842 ἀλλ’
3666 1787 3782 1841 ἱστο-

449 1876 543 1931 τὸν
571 1880 755 1952 ποσῷς
786 1875 1151 1950 ἡσυχάζοντα.
1183 1877 1260 1933 Τό
1307 1897 1366 1952 γε
1419 1877 1520 1952 γὰρ
1551 1882 1658 1932 τῶν
1693 1877 1960 1952 λεγόντων
1992 1898 2092 1932 κα-
2126 1874 2168 1883 ”
2207 1881 2316 1952 ρεῖν
2375 1878 2732 1951 προεθέμεθα.
2791 1878 2951 1934 Ὅθεν
3010 1875 3100 1930 καὶ
3160 1875 3187 1928 ὁ
3248 1875 3341 1948 μὲν
3397 1875 3549 1950 λόγος
3591 1874 3704 1948 ψιλᾶ
3739 1875 3785 1929 τὰ

452 1968 686 2038 κοῦργον
732 1965 817 2018 οιαὶ
865 1969 974 2020 τῶν
1019 1961 1326 2020 ἀκουόντων
1384 1963 1656 2021 ἰδιωτικόν
1697 1988 1755 2021 τε
1784 1968 1873 2020 καὶ
1906 1968 2095 2042 ἀγροῖ-
2206 1965 2518 2042 πραχθέντα
2572 1966 2806 2036 τίθησιν,
2867 1964 3069 2036 ἐξέσται
3125 1961 3184 2017 δὲ
3241 1962 3440 2038 κρίνειν
3488 1969 3558 2036 τῷ
3628 1964 3785 2040 βουλο-

446 2075 542 2110 κον
574 2054 742 2129 ἐπῆγε
798 2052 978 2108 πίστιν
1032 2059 1150 2116 τοῖς
1211 2052 1552 2129 λεγομένοις.
1616 2059 1842 2134 Σῶφρον
1877 2056 1969 2129 μὶν
2004 2053 2095 2109 οὖν
2211 2057 2380 2129 μένῳ.

446 2145 540 2239 ’ξδν
569 2143 823 2239 ἀγροῖιξτῇν
859 2144 936 2215 μὴ
981 2143 1492 2239 πῗλ-υπρῇγμονεῖνν
1553 2142 1679 2239 alia,
1734 2145 2100 2239 d_"Pf‘YP6_‘"”‘7
2209 2163 2311 2220 κδ’.
2373 2163 2506 2239 Ηερῖ
2566 2170 2665 2233 τῆς
2727 2161 2964 2239 ἐκλογῆς
3021 2159 3119 2215 to?)
3181 2159 3590 2239 Χαρτοφῦλακος
3639 2162 3793 2216 Βὲκκου

444 2232 627 2296 ἐᾶσθαι
689 2231 975 2300 σώζεσθαι.
1033 2234 1132 2289 'llv
1193 2230 1252 2288 δὲ
1302 2253 1389 2296 τις
1446 2235 1628 2304 κινοίη
1688 2233 1778 2289 καὶ
1837 2231 2098 2308 διεγείροι
2453 2215 2475 2239 Γ
2621 2215 2664 2233 Π
2727 2236 2804 2297 εἷς
2835 2215 2896 2288 τό
2921 2215 3348 2308 πατριαρχεῖον.

440 2323 578 2396 πρὸς
609 2321 672 2377 τὸ
704 2317 863 2390 δῆθεν
912 2320 1300 2400 ἀσφαλίζεσθαι
1351 2324 1419 2378 τὰ
1469 2323 1545 2386 εἰς
1593 2325 1802 2392 πίστιν,
1853 2325 1950 2400 φεῦ
1999 2331 2100 2393 τῆς
2283 2326 2364 2398 [Ρ.
2395 2326 2523 2396 273]
2581 2323 2718 2381 Τότε
2769 2324 2950 2379 τοίνυν
3007 2326 3108 2376 τοῦ
3168 2321 3270 2394 μὲν
3333 2321 3526 2398 Ἰωσὴφ
3581 2320 3798 2397 ἀργῆσαν·

441 2463 691 2521 gnorum
710 2449 876 2506 alteri
899 2448 1067 2506 utilla
1088 2448 1707 2517 admoventur,eadem
1733 2449 2091 2506 simulalteri
2206 2450 2292 2505 uti
2324 2449 2444 2518 isti,
2477 2449 2590 2505 hen
2623 2467 2800 2522 quam
2835 2453 3065 2524 putidel
3125 2455 3441 2521 faciebant,
3490 2449 3790 2508 effundenda

437 2537 596 2594 vires
639 2538 1032 2606 accumulant,
1081 2537 1166 2594 sic
1207 2537 1304 2594 Dei
1335 2537 1605 2594 Ecclesia:
1637 2542 1778 2594 tunc
1826 2539 2089 2610 contigit,
2205 2537 2556 2594 eruditionis
2591 2539 3012 2608 intempestivae
3043 2543 3420 2598 occasionem
3468 2555 3673 2596 sumere
3710 2539 3786 2592 ob-

436 2625 529 2682 cui
560 2641 692 2682 cum
717 2627 843 2698 jam
876 2630 1045 2682 antea
1069 2626 1302 2682 abunde
1325 2626 1615 2682 malorum
1647 2632 1804 2683 esset
1825 2643 1894 2683 ex
1913 2633 2090 2684 Arse~
2205 2628 2444 2682 ruendis
2474 2627 2953 2701 oblimandisque
2985 2647 3098 2686 non
3131 2630 3633 2701 intelligendorum
3664 2627 3786 2697 inge-

442 2713 618 2770 niano
652 2714 991 2782 schismate,
1035 2713 1286 2770 alterum
1337 2714 1445 2771 hoc
1495 2716 1852 2787 supervenit,
1912 2733 2088 2788 grave
2202 2715 2396 2772 stione
2429 2717 2666 2772 rudium
2706 2719 3026 2785 mentibus,
3077 2721 3179 2775 sed
3238 2736 3471 2775 monere
3500 2717 3642 2790 ipsos
3670 2721 3718 2768 ut
3748 2714 3797 2768 in

440 2808 758 2875 utrumque
791 2819 892 2876 per
935 2819 1064 2860 sese
1092 2802 1329 2870 vulnus,
1363 2805 1464 2859 sed
1508 2805 1755 2876 quodvis
1786 2821 1988 2860 eorum
2020 2822 2088 2861 ex
2203 2805 2606 2861 mediocritate
2664 2807 2759 2861 isti
2823 2809 3002 2862 statui
3051 2811 3436 2864 accomodata
3465 2824 3524 2863 se
3559 2808 3793 2867 tenerent,

439 2897 647 2949 mutua
676 2894 951 2949 societate
981 2891 1382 2964 importunius
1405 2910 1469 2948 ac
1488 2894 1717 2961 tetrius,
1746 2910 1959 2966 magno
1979 2894 2084 2948 Ec-
2200 2911 2312 2949 neu
2347 2894 2502 2949 ultra
2534 2912 2786 2950 marram
2819 2896 3143 2966 etligonem
3161 2893 3788 2967 vitamquetranquillam

440 2982 628 3039 clesim
659 2973 901 3056 corpore
933 2987 1371 3054 utcunquetum
1397 2983 1468 3038 ab
1510 2983 1818 3038 haeresium
1846 2984 2081 3039 seditio-
2199 2983 2534 3038 alfectarcnt
2570 2985 2640 3038 de
2683 2983 2776 3039 his
2817 3000 3039 3055 sapere.
3064 2985 3290 3041 Verum
3320 2986 3470 3041 haud
3496 2986 3572 3040 sic
3597 2983 3791 3054 agebant

440 3071 616 3128 nibus
646 3071 828 3128 libero
883 3088 986 3144 per
1039 3071 1148 3126 hos
1205 3073 1494 3143 quosdam
1550 3072 1794 3127 infestos
1833 3072 2082 3127 invicem
2194 3071 2719 3143 quimultimultos
2745 3072 2888 3129 tales
2910 3080 3281 3146 repererunt.
3308 3075 3432 3131 Non
3454 3074 3596 3129 enim
3633 3085 3790 3126 omnes

437 3162 700 3219 assultus
731 3161 1257 3234 compugnantium
1282 3161 1810 3234 intraejusviscera
1829 3164 2081 3235 pestium
2118 3201 2157 3235 ..π
2197 3159 2319 3216 haec
2353 3177 2481 3216 mea
2522 3161 2896 3232 reprehendit
2952 3163 3162 3234 oratio,
3225 3165 3326 3219 sed
3390 3163 3538 3218 solos
3591 3178 3673 3216 eos
3712 3157 3785 3229 qui

437 3251 688 3307 duarum
712 3251 868 3306 varie
894 3251 1188 3323 discerpto
1212 3251 1538 3322 misereque
1564 3251 1834 3308 lacerato.
1867 3253 1928 3306 In
1969 3269 2084 3323 quo
2118 3221 2159 3268 ι’
2204 3255 2574 3322 perspectum
2611 3257 2669 3306 et
2717 3251 3080 3322 propositum
3125 3254 3320 3308 oculis
3353 3253 3618 3308 habentes
3635 3247 3792 3303 discri-

436 3338 583 3394 illud
614 3339 792 3394 etiam
825 3338 1196 3410 inopinatum
1232 3341 1601 3409 cernebatur,
1622 3341 1798 3412 utqui
1822 3357 1996 3395 unam
2029 3341 2090 3396 in
2199 3338 2375 3394 minis
2393 3338 2704 3394 articulum
2728 3340 3206 3396 etcontroversian
3233 3346 3374 3397 tunc
3397 3342 3611 3413 agitatae
3628 3353 3784 3392 verum

440 3431 667 3498 partem
719 3427 1124 3482 conscensisse
1173 3427 1544 3494 videbantur,
1595 3445 1800 3483 rursus
1843 3429 1995 3484 inter
2029 3446 2090 3486 se
2195 3432 2438 3494 statum,
2471 3427 2690 3499 quippe
2713 3428 2808 3500 qui
2838 3445 2940 3484 nec
2965 3430 3023 3484 in
3046 3429 3298 3486 historia
3326 3429 3601 3502 peregrini
3623 3429 3789 3490 essent,

437 3515 955 3580 contenderent,ea
977 3515 1048 3570 de
1066 3515 1284 3586 quibus
1311 3517 2088 3588 convenerant,quibusdam
2195 3520 2252 3570 et
2277 3516 2593 3588 Scripturis
2615 3519 3006 3586 attenderent,
3031 3523 3087 3573 et
3107 3525 3403 3591 quantum
3438 3519 3494 3574 in
3519 3534 3574 3573 se
3594 3515 3787 3572 invicem

440 3601 889 3673 hoc,nonnullis
910 3603 1023 3660 alio
1048 3603 1221 3658 modo
1243 3603 1898 3675 interpretantibus,his
1915 3613 2091 3679 caput
2196 3604 2548 3660 dissidentes
2571 3605 2835 3661 Ecclesiae
2863 3606 3171 3678 culparent
3197 3609 3369 3680 plane
3410 3607 3786 3680 cognoscerent,

438 3691 846 3748 controversias
877 3692 1224 3763 simpliciter
1279 3693 1545 3765 accipere
1601 3695 1918 3765 contentis,
1970 3697 2089 3754 illis
2195 3710 2262 3749 eo
2293 3698 2488 3749 tamen
2513 3695 2666 3765 quod
2692 3711 2819 3750 eam
2846 3695 2902 3749 in
2928 3695 3037 3750 hoc
3062 3698 3302 3768 negotio
3339 3697 3491 3752 haud
3528 3694 3788 3752 adhibuere

439 3780 721 3837 subtilius
751 3780 1374 3836 enucleantibusvelut
1401 3799 1644 3838 arcanos
1676 3785 1806 3855 ejus
1836 3800 2084 3855 sensus;
2197 3780 2682 3847 moderationem,
2719 3799 2846 3853 quae
2877 3783 2948 3836 ai
2985 3799 3189 3854 pacem
3237 3784 3528 3854 publicam
3561 3779 3787 3837 securita-

439 3877 496 3927 et
527 3871 668 3926 dum
701 3871 911 3927 obnixe
940 3871 1000 3925 in
1033 3888 1142 3926 sua
1191 3872 1408 3943 quique
1458 3872 1666 3944 placita
1715 3874 2086 3943 incumbunt,
2192 3873 2432 3941 temque
2461 3871 2719 3940 optanda
2755 3871 2958 3937 fuerat,
2995 3873 3191 3941 majus
3224 3871 3399 3944 longe
3443 3887 3610 3944 quam
3657 3883 3787 3941 opor-

435 3959 756 4017 scissuram
789 3959 1273 4032 propagantibus.
1308 3960 1450 4028 Quis
1484 3961 1600 4017 haec
1647 3979 1750 4032 pro
1800 3964 2086 4036 dignitate
2193 3962 2386 4014 tuerat
2419 3959 2678 4014 schisma
2728 3961 3011 4014 fecerunt.
3055 3961 3216 4016 Satis
3250 3963 3408 4017 enim
3442 3967 3496 4018 et
3527 3960 3785 4033 plusquam

432 4049 865 4122 deploraverit?
892 4049 991 4104 ubi
1011 4053 1199 4105 totum
1219 4050 1459 4105 demum
1489 4050 1682 4107 scelus
1702 4053 1976 4108 assentiri
1997 4070 2086 4109 re-
2191 4048 2356 4113 satis,
2392 4049 2617 4120 opinor,
2641 4048 2958 4104 fueratnon
3001 4049 3318 4106 abhorrere
3343 4067 3449 4107 nos
3478 4047 3781 4105 fastidiosius

433 4139 770 4206 nuentium,
804 4138 854 4194 si
887 4139 1020 4210 quis
1053 4155 1121 4194 ex
1153 4155 1283 4194 vero
1317 4145 1599 4206 censeret,
1634 4139 1781 4195 nihil
1815 4157 1945 4197 esse
1979 4143 2083 4198 de-
2191 4155 2221 4191 o
2253 4137 2472 4192 nostris
2502 4137 2602 4208 qui
2637 4137 2809 4192 modo
2869 4137 3163 4193 conciliati
3219 4140 3450 4196 Latinis
3496 4139 3623 4203 sint,
3651 4150 3788 4208 quam

432 4226 986 4298 prebenderetur,ac
1007 4231 1162 4282 certe
1185 4231 1586 4298 comparatum
1613 4244 1746 4283 cum
1772 4228 2087 4286 incommo-
2187 4225 2369 4281 Graeci
2399 4225 2699 4296 Latinique
2725 4224 2887 4295 prius
2923 4242 2955 4280 a
2978 4242 3038 4280 se
3069 4224 3326 4281 invicem
3353 4223 3788 4282 abhorruissent:

433 4315 524 4369 dis
555 4330 624 4370 ex
655 4313 993 4387 promiscua
1024 4332 1156 4370 cum
1192 4316 1354 4388 prius
1374 4316 1653 4372 abscissis
1671 4318 2085 4374 communione
2191 4330 2346 4368 nunc
2378 4313 2663 4386 quosdam
2699 4313 2928 4369 Graecos
2946 4314 3231 4385 vidimus,
3267 4316 3369 4387 qui
3403 4332 3533 4371 cum
3564 4318 3710 4370 antea
3733 4324 3786 4363 ne

433 4404 761 4458 orientibus
821 4402 1179 4460 tolerabilius
1230 4405 1597 4476 reperiretur.
1668 4406 1867 4478 Neque
1924 4408 2081 4463 enim
2191 4403 2347 4474 ipsos
2379 4401 2618 4474 quidem
2643 4402 2724 4457 ita
2781 4408 2978 4458 essent
3025 4404 3268 4461 Latinos
3311 4405 3555 4461 aversati
3603 4406 3658 4456 ut
3699 4413 3786 4453 non

430 4497 714 4562 quantum
747 4493 907 4549 intus
934 4493 991 4548 in
1025 4510 1090 4549 eo
1122 4499 1212 4549 est
1242 4499 1460 4563 actum,
1495 4494 1650 4550 ﬁdeli
1676 4497 1842 4550 fama:
1866 4496 2082 4552 indicio
2116 4561 2144 4564 λ
2188 4492 2387 4564 aliqua
2419 4491 2628 4546 saltem
2651 4509 2748 4548 eos
2773 4493 3015 4548 humani
3040 4510 3182 4549 usus
3206 4511 3275 4550 ac
3303 4495 3488 4550 civilis
3509 4485 3790 4548 commercii

429 4583 572 4637 foris
603 4581 850 4638 enotuit.
871 4582 1180 4636 Addebant
1210 4561 1648 4654 scilicetipalam
1665 4585 1918 4639 ostensis
1941 4587 2080 4642 abs-
2115 4561 2159 4625 D
2191 4561 2604 4636 communione
2626 4581 3026 4654 dignarentur,
3051 4599 3200 4653 quos
3225 4588 3431 4655 postea
3454 4578 3791 4651 intelligerent

427 4675 594 4725 trusa
645 4670 833 4742 plura,
866 4671 1191 4741 eademque
1237 4671 1516 4740 pessima,
1550 4670 1819 4728 liberales
1850 4673 1944 4728 isti
1978 4689 2077 4728 ex-
2189 4687 2391 4742 pacem
2451 4671 2844 4727 Ecclesiarum
2904 4670 3228 4743 amplexos,
3284 4673 3493 4728 fratres
3535 4670 3657 4725 licet
3681 4679 3791 4721 suos

429 4763 695 4816 trusores
714 4760 994 4814 mercium
1021 4759 1658 4830 pestilentissimarum,
1683 4761 1898 4832 quibus
1921 4761 2077 4817 scili-
2189 4760 2671 4815 abominarentur
2693 4765 2757 4816 ut
2775 4761 3298 4816 detestabiles.Sed
3325 4763 3396 4817 de
3419 4760 3508 4815 his
3530 4759 3788 4813 hactenus:

429 4847 828 4904 cetaddictius
850 4846 962 4902 sibi
1001 4848 1410 4920 adjungerent,
1442 4865 1591 4919 quos
1613 4854 1823 4906 natura
1844 4851 1930 4906 vel
1964 4868 2072 4906 usu
2181 4850 2304 4920 jam
2338 4849 2493 4903 enim
2544 4848 2732 4904 sentio
2793 4848 2947 4904 exire
3015 4865 3108 4904 me
3148 4849 3313 4905 ﬂuxu
3366 4845 3638 4906 sermonis
3665 4841 3788 4899 ultra

428 4943 577 4996 401
642 4939 1009 4996 remissiores
1059 4956 1174 4995 non
1229 4941 1376 4996 satis
1423 4941 1716 4998 habebant
1774 4948 2076 5015 utcunque
2181 4937 2855 5005 ofﬁciicancellos,dum
2875 4937 3081 4992 efferor
3113 4937 3670 5007 all‘ectu,immemor
3695 4945 3783 4985 non

421 5031 792 5100 acquiescere
821 5029 1024 5096 videri,
1057 5031 1295 5100 quando
1353 5029 1489 5085 hinc
1548 5031 1708 5087 fraus
1758 5033 2074 5089 artiﬁciosa
2185 5027 2523 5094 accusandi,
2545 5027 2643 5082 sed
2669 5027 2942 5081 narrandi
2969 5027 3308 5099 suscepisse
3337 5044 3430 5084 me
3455 5019 3786 5099 provinciam.

416 5120 760 5186 dicentium,
793 5119 928 5174 inde
959 5119 1321 5174 audientium
1346 5120 1577 5175 incaute
1609 5121 1860 5193 simplex
1891 5123 2070 5178 rusti-
2181 5122 2370 5183 Quare
2400 5118 2456 5172 in
2489 5117 2641 5173 402
2692 5116 2890 5172 orbem
2933 5117 3058 5188 jam
3087 5133 3240 5172 nunc
3275 5117 3475 5173 redeat
3503 5112 3689 5178 oratio,
3719 5123 3788 5162 res

415 5223 599 5280 ceque
625 5207 860 5262 indocta
891 5206 1264 5279 simplicitas,
1317 5209 1738 5280 conspirabant
1769 5211 1826 5264 in
1873 5211 2069 5266 conci-
2182 5207 2337 5262 nude
2359 5211 2616 5278 utgestaa
2649 5205 2768 5261 sint
2799 5222 3130 5278 preponens
3154 5204 3513 5277 judicaturis
3544 5218 3638 5276 pro
3664 5195 3791 5255 arbi-

414 5296 801 5353 liandadictis
816 5297 1128 5367 ﬁde.Atqui
1152 5297 1359 5352 sobriae
1373 5298 1797 5354 moderationis
1815 5298 2068 5356 officium
2179 5297 2290 5352 trio
2323 5295 2660 5352 lectoribus.

411 5388 604 5442 fuerat
631 5391 959 5458 temperare
977 5387 1048 5441 ab
1082 5386 1464 5458 inquietando
1487 5385 1739 5441 curiosis
1771 5385 2072 5458 allegatio-
2177 5397 2266 5450 24.
2303 5398 2374 5452 De
2404 5396 2672 5452 electione
2703 5393 3146 5467 chartophylacis
3180 5396 3334 5452 Vacci
3381 5393 3441 5449 in
3461 5385 3772 5467 patriarcha-

415 5477 592 5531 nibus
623 5492 822 5532 crasso
839 5481 1010 5548 captu
1036 5475 1377 5543 idiotarum;
1411 5479 1468 5529 et
1497 5475 1544 5529 si
1590 5474 1729 5545 quid
1751 5475 2066 5546 quisquam
2765 5467 2871 5522 lem
2894 5466 3249 5538 dignitatem.

409 5564 677 5636 ipsorum
707 5564 870 5620 dubii
931 5567 1210 5632 moveret,
1244 5580 1310 5618 ac
1370 5567 1650 5634 praetextu
1711 5563 1934 5620 scilicet
1962 5564 2065 5621 fir-
2247 5565 2412 5622 Tunc
2443 5564 2644 5636 igitur,
2676 5569 2942 5630 vacante,
2975 5569 3041 5620 ut
3059 5563 3283 5619 dictum
3319 5568 3428 5631 est,
3462 5578 3557 5635 per
3584 5553 3777 5631 deposi-

415 5653 618 5708 mandi
639 5669 704 5709 se
724 5652 784 5708 in
808 5652 921 5708 ﬁde
942 5657 1100 5708 recta
1130 5651 1472 5724 questionis
1493 5651 1912 5724 interponeret,
1945 5671 2063 5711 non
2174 5654 2396 5712 tionem
2427 5653 2665 5726 losepbi
2687 5652 3066 5727 patriarchali
3098 5653 3259 5719 sede,
3309 5657 3367 5710 et
3413 5654 3464 5709 ei
3495 5651 3586 5724 qui
3616 5658 3780 5704 succe-
