3912 6192
231 335 324 392 857

1255 335 1351 389 DE
1390 335 1763 392 MICHAELE
1799 335 2244 395 PALBOLOGO
2278 341 2413 394 LIB.
2453 343 2524 395 ν.

3485 345 3590 400 858

227 482 323 528 τον,
360 458 425 521 ὡς
474 455 843 533 προλέλεκται,
901 463 1002 526 τῆς
1060 455 1108 512 δ’
1168 456 1497 528 Ἐκκλησίας
1559 458 1826 527 ζητούσης
1857 463 1905 529 Α
1940 481 2033 522 κος
2065 457 2310 517 ἐδέδεκτο
2355 462 2645 539 ἀξιώτερος
2701 464 2767 520 τά
2816 486 2874 520 τε
2931 461 3074 522 ἂλλα
3104 465 3192 520 καὶ
3225 465 3306 521 ὅτι
3339 466 3526 544 λόγιος
3557 471 3586 525 ὁ

226 553 302 606 τὸν
331 549 769 623 προστησόμενον,
803 547 1010 604 πολλοὶ
1067 548 1402 624 ὲνεκρίνοντο
1448 553 1555 603 τῶν
1595 546 1822 603 δοκούν-

227 660 314 694 των
341 637 432 692 ἆπό
459 659 511 692 τε
538 659 638 692 των
675 641 936 712 μοεναχῶν
983 638 1072 692 καὶ
1121 643 1229 692 τῶν
1269 635 1454 699 ἄλλως
1487 637 1816 710 ἶερωμένων,

224 725 384 802 ἔρῥεπε
415 724 466 781 δὲ
493 727 650 781 πλέον
683 729 716 795 ἡ
750 730 931 803 ψῆφος
975 732 1054 798 τῷ
1102 727 1385 802 Πρίγκιπι,
1435 723 1587 799 ἀνδρὶ
1620 726 1822 800 εὖγενεῖ

225 818 302 887 μὲν
330 837 386 870 τα
431 814 484 877 ἐς
527 817 695 889 γένος,
745 815 804 870 ἐκ
852 815 1168 891 Ιῐριγκίπων
1225 813 1280 870 δὲ
1332 821 1439 869 τῶν
1472 817 1605 870 κατά
1638 813 1819 870 Ιιελο-

222 906 454 976 πόννησον
485 908 758 980 κατάγοντι
814 907 877 961 τὸ
935 905 1206 978 ἀνέκαθεν,
1268 905 1462 970 ὁπόθεν
1515 907 1634 967 νέος
1694 906 1825 976 ξενι-

221 995 383 1057 τεῦσας
433 997 541 1050 κατ’
596 995 791 1070 ἀρετῆς
847 993 1044 1070 λόγους
1118 997 1205 1050 καὶ
1266 994 1548 1057 πολιτείας
1603 990 1824 1069 ἀκριϐε-

225 1089 394 1154 στάτης
421 1080 468 1139 ἔν
514 1106 612 1139 τινι
669 1088 774 1139 τῶν
833 1086 971 1140 κατὰ
1026 1086 1126 1152 τήν
1185 1084 1456 1152 ἀνατολὴν
1521 1088 1699 1156 μονῶν
1728 1089 1824 1138 τοῦ

221 1175 432 1236 Μέλανος
486 1171 664 1249 ὅρους,
716 1174 853 1230 ὅπου
910 1197 970 1251 γε
1021 1175 1108 1230 καὶ
1168 1177 1259 1230 τὸν
1311 1175 1416 1230 ἀπὸ
1467 1180 1822 1250 πατριαρχῶν

220 1264 454 1336 Γερμανὸν
511 1263 686 1318 ἀσκεῖν
748 1263 1029 1338 ἐλέγομεν,
1090 1265 1266 1340 φέρων
1327 1263 1514 1318 ἑαυτὸν
1570 1262 1823 1338 ἐγκλείει.

222 1353 422 1415 Ἐκεῖθεν
478 1349 536 1408 δὲ
587 1353 721 1425 μετᾶ
780 1352 1014 1427 χρόνους
1069 1357 1148 1425 τῷ
1210 1350 1427 1428 βασιλεῖ
1483 1357 1825 1427 προσχωρεῖ,

220 1441 293 1494 καί
320 1443 408 1510 τήν
435 1447 525 1496 τοῦ
583 1442 1018 1517 Παντικράτορος
1079 1444 1249 1514 μονὴν
1306 1441 1631 1511 πιστευθεὶς,
1665 1462 1826 1495 κατα-

231 1529 334 1591 στὰς
362 1529 430 1590 εἷς
459 1527 913 1606 ἂρχιμανδρίττρ),
966 1532 1078 1585 εἶτα
1128 1531 1217 1584 καὶ
1261 1531 1328 1584 τὲι
1380 1530 1511 1606 πρὸς
1543 1529 1668 1592 τοὺς
1702 1531 1826 1584 ἀνα-

224 1618 445 1680 τολικοὺς
500 1620 788 1694 Τοχάρους
845 1615 1288 1694 διαπρεσϐεύσας,
1348 1621 1447 1687 τὴν
1505 1619 1661 1681 νόθον
1711 1621 1832 1674 Μα-

226 1707 322 1780 ρίαν
373 1713 459 1763 τοῦ
518 1707 788 1784 βασιλέῶς
840 1709 915 1771 εἷς
974 1708 1192 1786 νύμφην
1254 1709 1470 1785 ἀγαγὼν
1523 1709 1696 1763 ἐκεῖσε
1753 1713 1830 1780 τῷ

222 1797 417 1872 Ἀπαγᾷ,
466 1799 598 1874 πρός
645 1821 755 1854 τινι
802 1796 1014 1872 κεΛλίῳ
1061 1805 1162 1868 τῆς
1212 1799 1317 1852 τῶν
1371 1795 1616 1873 ὈδηγᾶΝ
1663 1805 1832 1870 μονῆς
1863 1827 1908 1889 Β
1941 1798 2004 1852 τὰ
2033 1805 2133 1868 τῆς
2167 1796 2492 1867 Ἐκκλησίας
2524 1797 2722 1861 ἰθύνειν
2779 1799 2893 1870 μετ’
2924 1799 3222 1872 αὐτάρκους
3281 1801 3468 1873 πείρας
3500 1800 3588 1854 καὶ

1199 1883 1241 1904 ΝΚ

217 1881 487 1948 ἐπανελθὼν
534 1884 831 1960 ἡσύχαζεν.
884 1888 1137 1960 Ὕστερον
1195 1883 1250 1939 δὲ

218 1973 428 2046 τιοχείας
476 1971 744 2045 ἐκκλησίᾳ
793 1973 870 2037 εἰς
917 1976 1264 2049 πατριάρχην
1318 1974 1652 2036 καθίσταται.
1690 1973 1830 2029 Τότε

216 2059 262 2116 δὲ
287 2063 566 2118 καθἀὖτὸι
623 2060 740 2118 ὄντι
794 2066 884 2120 καὶ
937 2065 1268 2141 ἡσυχάζοντι
1321 2067 1355 2134 ἡ
1411 2068 1592 2140 ψῆφος
1640 2061 1830 2140 ἔρρεπε

213 2157 298 2205 τῶν
330 2150 521 2207 λοιπῶν
554 2153 725 2209 πλέον
760 2154 835 2216 εἷς
861 2155 888 2209 ’ὀ
934 2162 1033 2224 τῆς
1082 2155 1218 2209 κατὰ
1247 2156 1347 2223 τῆν
1383 2153 1825 2209 Κωνσταντινού-

213 2238 348 2294 πολιν
381 2239 702 2312 Ἑκκλησίας
749 2244 1169 2318 προστήσεσθαι.
1226 2240 1332 2298 Κὶὶν
1380 2241 1610 2318 ἐγεγόνει
1642 2246 1826 2312 τοῦτο,

211 2326 263 2396 ἦν
294 2333 358 2402 μή
383 2332 436 2405 γέ
461 2353 602 2394 τινες
651 2354 759 2386 των
810 2331 1033 2408 ἀρχιερέ
1058 2356 1111 2384 σν
1167 2330 1420 2386 εὖδόκουν
1462 2331 1549 2386 ἐπὶ
1579 2336 1659 2404 τῷ
1693 2330 1828 2387 Βέκ-

209 2438 292 2490 κῳ,
322 2421 422 2492 ἅμα
453 2421 545 2492 μὲν
615 2421 995 2497 χαρτοφύλακι
1057 2417 1194 2489 ὄντι,
1247 2420 1357 2494 ἅμα
1393 2419 1449 2476 δὲ
1474 2421 1565 2476 καὶ
1600 2419 1827 2496 μεγάλῳ

209 2507 552 2585 σκευοφυλακι,
610 2509 701 2564 καὶ
744 2509 904 2572 κλέος
957 2508 1142 2586 ἔχοντι
1181 2511 1458 2586 μέγιστον.
1514 2509 1828 2574 Ἀνατεθέν-

206 2615 293 2649 των
321 2594 362 2651 δ’
389 2597 470 2653 ἐπὶ
498 2602 578 2672 τῷ
621 2597 838 2675 βασιλεῖ
892 2603 1001 2654 τῶν
1059 2602 1197 2656 κατὰ
1231 2600 1326 2664 τὰς
1354 2601 1594 2678 ψήφους,
1630 2601 1658 2654 ὁ
1692 2600 1824 2656 Βέκ-

1307 1885 1404 1939 κάν
1453 1889 1520 1958 τῇ
1569 1891 1669 1954 τῆς
1705 1887 1830 1940 Ἀν-

209 2810 339 2868 deret
367 2814 418 2870 in
449 2815 536 2870 sui
564 2831 772 2871 curam
798 2814 1054 2870 Ecclesia
1081 2814 1559 2887 poscente,multi
1583 2815 1824 2886 quidem

216 2901 374 2957 idonei
406 2904 469 2958 ad
506 2904 620 2960 hoc
646 2904 752 2958 visi
808 2904 1286 2975 designabantur,
1339 2920 1454 2974 qua
1503 2921 1570 2958 ex
1620 2920 1825 2957 mona-

211 2989 444 3063 cbis,qua
472 3009 538 3048 ex
569 2993 820 3048 alterius
846 2993 1100 3047 instituti
1131 2991 1822 3048 sacerdotibus.l’lurium

209 3081 373 3135 tamen
423 3082 478 3136 in
510 3080 848 3153 Principem
885 3082 1166 3153 suffragia
1197 3081 1657 3152 propendebant.
1698 3085 1827 3135 Erat

1935 550 2070 624 ἀνὴρ
2102 550 2190 604 καὶ
2244 551 2625 607 καταστέλλειν
2687 550 2804 630 ἔχει
2861 557 2922 609 τὸ
2978 557 3190 631 σχίσμα
3236 560 3304 629 τῇ
3361 555 3448 611 ἐπὶ
3489 566 3585 627 τῆς

1937 638 2262 710 Ἐκκλησίας
2302 641 2659 718 πολυχρονίῳ
2718 643 2879 718 πείρᾳ
2934 646 3020 698 καὶ
3083 643 3392 719 λογιότητι.
3426 647 3581 709 ’Ὸοεν

1936 729 2024 783 καὶ
2083 732 2409 805 συναχΟντες
2497 733 2549 785 οἱ
2635 733 2908 807 ἀρχιερεῖς
2989 733 3042 787 ἐν
3100 740 3280 806 ταυτῴ
3345 733 3432 788 ἐπὶ
3489 741 3584 789 τοῦ

1936 819 2083 873 Θείου
2113 821 2201 872 καὶ
2245 819 2490 893 μεγάλου
2550 818 2804 892 τεμένους
2864 819 2953 876 ἕνα
3009 822 3098 876 καὶ
3151 824 3244 878 τὸν
3305 824 3466 878 αὐτὸν
3496 824 3584 878 καὶ

1936 913 2152 980 πρῶτον
2182 909 2270 963 καὶ
2321 906 2566 983 δεύτερον
2625 910 2952 986 ψηφίζονταί
3006 934 3060 966 τε
3108 913 3196 966 καὶ
3243 914 3446 986 τρίτον.
3485 915 3582 969 Καὶ

1939 998 1966 1051 ὁ
2003 996 2196 1059 Βέκκος
2251 997 2468 1070 εἷ’κοστῇ
2532 999 2623 1070 μὲν
2683 1000 2772 1053 καὶ
2832 998 2956 1074 ἕκτῃ
3023 1005 3375 1074 Πυανεψῶνος
3411 1002 3583 1074 μηνὸς

1937 1086 2071 1141 κατὰ
2098 1088 2196 1156 τήν
2230 1087 2424 1161 ἑορτὴν
2481 1092 2586 1141 τῶν
2644 1089 2808 1162 ἁγίων
2868 1090 3118 1164 Πατέρων
3163 1095 3266 1142 τῶν
3302 1089 3350 1144 ἐν
3385 1089 3584 1161 Νικαίᾳ

1939 1177 2287 1250 πατριάρχης
2329 1171 2728 1249 προϐέϐληται,
2774 1175 2996 1252 δευτέρᾳ
3044 1176 3100 1232 δὲ
3141 1183 3584 1251 Ματμακτγ,ριῶ-

1939 1285 2050 1330 νος,
2110 1267 2177 1337 τῇ
2236 1264 2462 1337 ἐπιούσῃ
2521 1269 2789 1339 Κυριακῇ,
2851 1265 2902 1320 ἐν
2960 1265 3216 1339 ἐπισήμῳ
3272 1267 3452 1339 ἡμέρα
3489 1271 3583 1320 τοῦ

1941 1351 2277 1426 Πνεύματος,
2309 1354 2376 1407 τά
2405 1359 2499 1406 τοῦ
2535 1353 2846 1422 [ἶνε-Βματος
2893 1351 3108 1429 δέχεται
3153 1355 3242 1409 καὶ
3283 1353 3588 1409 τελιειοῦται

1939 1442 2244 1516 ἀρχιερεύς.
2296 1443 2356 1499 Ὁ
2411 1443 2592 1515 μέντοι
2645 1465 2706 1516 γε
2759 1442 3012 1518 βασιλεὺς
3061 1444 3142 1498 ἐπ’
3174 1443 3362 1516 ἐκείνῳ
3397 1445 3591 1518 μικρὸν

1944 1533 2220 1605 σχολάσας
2266 1532 2356 1585 τὸν
2411 1536 2554 1598 νοῦν,
2617 1533 2690 1593 ὡς
2750 1531 2806 1586 ἂν
2861 1554 2920 1608 γε
2980 1533 3275 1603 κατασταίη
3327 1534 3462 1608 πρὸς
3490 1534 3587 1600 τὴν

1944 1622 2027 1693 [Ρ.
2088 1621 2214 1693 274]
2272 1621 2642 1691 πνευματικὴν
2721 1619 2932 1690 ἐκείνην
3010 1623 3213 1696 ἀρχὴν,
3275 1623 3336 1676 τὸ
3392 1621 3588 1677 λοιπὸν

1941 1715 2230 1781 κοσμικαῖς
2264 1706 2442 1763 ἐδίδου
2475 1709 2771 1785 φροντίσιν,
2805 1708 2962 1772 εἰδὼς
3005 1710 3183 1765 ἰκανὸν
3228 1710 3428 1766 ἐκεῖνον
3464 1707 3590 1765 ὄντα

1938 1894 2038 1955 τῆς
2098 1886 2219 1962 περὶ
2275 1891 2445 1941 ταῦτα
2499 1886 2842 1959 παμπόλλης
2898 1887 3174 1949 συνέσεως.
3237 1895 3475 1963 Παρεῖχε
3534 1887 3590 1942 δέ

1942 1977 1992 2030 οἱ
2026 1975 2244 2049 ἕτοιμον
2277 1977 2460 2031 ἑαυτὸν
2525 1975 2902 2050 συλλήψεσθαι
2961 1975 3011 2038 ἐς
3071 1978 3098 2030 ὅ
3149 2000 3201 2032 τι
3261 1977 3350 2032 καὶ
3389 1975 3586 2043 δέοιτο,

1937 2063 2174 2135 ἐλπίζων
2209 2068 2334 2141 παρ’
2391 2065 2598 2121 ἐκείνου
2648 2067 2736 2120 καὶ
2798 2066 2958 2128 αὐτὸς
3016 2067 3082 2122 τὰ
3139 2068 3306 2138 ὅμοια
3335 2069 3588 2141 πάσχειν.

1940 2152 2154 2209 Ἐδίδου
2188 2152 2245 2208 δέ
2276 2155 2325 2208 οἱ
2357 2156 2446 2208 καὶ
2477 2154 2780 2232 παρρησίας
2833 2156 3019 2230 χώραν
3073 2154 3420 2230 ἐντυγχάνειν
3455 2156 3589 2229 ὑπὲρ

1938 2243 2238 2317 ἀνθρώπιον
2270 2244 2336 2298 τά
2367 2242 2660 2314 πρέποντα,
2712 2243 2802 2298 καὶ
2851 2265 2912 2318 γε
2964 2242 3197 2311 ἀνῦτειν,
3233 2245 3306 2298 ὡς
3351 2245 3412 2298 οὺ
3445 2245 3591 2318 παρά

1934 2332 1996 2386 τὸ
2025 2329 2141 2386 δέον
2192 2331 2590 2405 ἐντευξόμενον,
2649 2335 2867 2405 Διένεμε
2913 2332 3014 2406 λᾶρ
3065 2332 3252 2387 ἐαυτὸν
3304 2331 3434 2408 δίχα
3470 2338 3590 2394 τοῖς

1934 2442 1992 2476 τε
2038 2419 2321 2494 δεομένοις
2369 2422 2417 2494 ἐξ
2469 2421 2659 2484 ἐλέους
2708 2421 2764 2477 εὖ
2810 2424 3040 2497 πάσχειν
3091 2428 3210 2484 τοῖς
3256 2444 3315 2478 τε
3354 2423 3590 2500 φερομέ-

1934 2530 2048 2572 νοις
2079 2511 2169 2565 καὶ
2201 2532 2252 2565 τι
2285 2513 2421 2586 πρὸς
2474 2511 2757 2588 ἀποφυγὴν
2807 2515 2912 2565 τῶν
2960 2509 3321 2585 ἐγκλημάτων
3365 2508 3590 2564 δικαίω-

1939 2621 2033 2673 μα.
2065 2601 2158 2656 Καέ
2190 2606 2308 2663 τοῖς
2344 2600 2438 2674 μὲν
2496 2602 2594 2663 τὰς
2652 2601 2731 2678 ἐφ’
2793 2601 2984 2656 ἑαυτοῦ
3026 2605 3468 2677 προσωποποιῶν
3499 2598 3595 2654 λι-

1936 2814 2284 2886 toritateque
2317 2815 2594 2887 praeditus
2629 2833 2783 2870 unus
2816 2815 3019 2887 utique
3051 2815 3319 2871 omnium
3345 2813 3584 2886 aptissi-

1937 2917 2070 2956 mus
2120 2904 2418 2958 videretur
2444 2905 2513 2958 ad
2547 2904 3054 2975 comprimendum
3087 2904 3368 2971 schisma,
3406 2919 3580 2974 nego-

1935 2991 2203 3061 tiumque
2233 2993 2559 3048 concordiae
2590 2997 2833 3048 eatenus
2866 2999 3203 3065 promotum
3233 2995 3348 3048 ﬁne
3388 2997 3590 3064 optato

1948 3081 2371 3134 coronandum.
2402 3082 2546 3152 Ergo
2578 3082 2686 3136 rite
2726 3083 3059 3152 congregati
3107 3083 3262 3154 apud
3309 3081 3594 3153 templum

211 3166 252 3220 is
269 3184 456 3239 genere
481 3169 920 3237 nobilissimus,
941 3187 970 3225 e
993 3170 1168 3226 veteri
1193 3171 1466 3241 prosapia
1492 3170 1824 3242 Principum
1861 3205 1902 3270 Β
1941 3170 2134 3239 majus
2168 3171 2451 3242 episcopi,
2478 3171 2918 3242 praerogativam
2951 3170 3323 3243 imperatoris
3345 3185 3597 3242 sequen-

210 3255 618 3330 Pelopponneso
649 3257 1116 3329 imperitantium
1149 3284 1162 3324 ;
1197 3259 1351 3313 unde
1375 3258 1610 3329 juvenis
1641 3259 1829 3328 profe-

210 3350 316 3402 ctus
343 3348 459 3403 vita:
491 3349 861 3422 perfectioris
907 3349 1244 3420 proﬁtendae
1298 3347 1486 3419 gratia
1534 3348 1592 3402 in
1647 3348 1833 3420 quod-

212 3434 322 3492 dam
365 3437 676 3494 Orientalis
710 3441 924 3493 tractus
958 3436 1378 3493 monasterium
1414 3436 1629 3491 Montis
1663 3435 1834 3509 nigri,

215 3525 294 3579 ubi
315 3533 364 3581 et
383 3527 848 3600 expatriarcham
875 3531 1234 3583 Germanum
1260 3527 1648 3581 monasticam
1677 3541 1835 3580 exer-

216 3613 379 3670 cuisse
407 3616 584 3672 vitam
623 3615 902 3681 diximus,
927 3633 993 3672 eo
1025 3632 1153 3671 sese
1184 3614 1442 3670 inclusit.
1481 3615 1621 3670 Inde
1654 3615 1838 3670 multo

215 3709 326 3774 post
353 3710 613 3779 tempore
644 3707 713 3761 ad
747 3706 1158 3776 imperatorem
1193 3704 1838 3771 accedens,commisso

212 3792 304 3848 sibi
325 3796 758 3852 Pantocratoris
791 3795 1149 3851 monasterio
1182 3794 1655 3849 archimandritas
1681 3799 1840 3866 pote-

211 3886 338 3937 state
368 3885 620 3956 przel’uit.
656 3884 874 3939 Deinde
905 3879 1198 3956 legatione
1232 3884 1469 3938 functus
1517 3883 1588 3936 ad
1642 3883 1836 3938 orien-

209 3970 332 4027 tales
374 3973 691 4040 Tocharos,
738 3976 795 4027 et
841 3971 1023 4028 Maria
1075 3972 1450 4044 imperatoris
1504 3971 1624 4026 ﬁlia
1658 3970 1836 4025 notha

207 4059 255 4114 in
283 4078 546 4132 sponsam
573 4079 644 4119 eo
667 4063 845 4118 ducta
867 4063 1305 4133 conjunctaque
1327 4063 1836 4133 Apagaa,reversus

208 4149 254 4203 in
300 4153 542 4222 quadam
597 4151 814 4207 cellula
863 4151 1204 4207 monasterii
1254 4150 1624 4221 Hodegorum
1675 4153 1840 4204 tran-

211 4240 380 4305 quilla:
403 4243 532 4298 vitae
565 4257 636 4297 ac
666 4240 1146 4312 contemplationi
1180 4257 1240 4295 se
1273 4238 1840 4294 reddidit.lnsecutis

209 4331 546 4400 temporibus
591 4331 818 4386 vacanti
874 4335 1106 4399 pastore
1148 4328 1520 4384 Antiocheme
1573 4327 1837 4383 Ecclesia:

205 4418 512 4486 patriarcha
570 4424 664 4475 est
721 4421 1090 4490 praepositus.
1152 4418 1318 4473 Hunc
1377 4424 1503 4474 tum
1561 4418 1714 4489 apud
1775 4434 1837 4472 se

202 4514 440 4574 agentem
459 4508 896 4581 tranquilleque
913 4508 1178 4580 religioni
1195 4512 1533 4580 operantem
1553 4506 1834 4580 plurium,

202 4595 616 4665 utdixi,calculi
633 4597 700 4651 ad
719 4596 1379 4667 Constantinopolitanae
1395 4595 1552 4651 sedis
1574 4596 1835 4668 regimen

199 4685 478 4742 vocabant.
510 4685 1019 4758 Pervicissentque
1053 4686 1206 4756 quod
1241 4685 1531 4756 volebant,
1566 4685 1677 4740 nisi
1712 4702 1827 4740 non

198 4787 353 4843 parvo
374 4777 709 4832 antistitum
736 4791 982 4831 numero
1007 4777 1196 4848 potior
1219 4775 1287 4829 ad
1314 4791 1439 4830 eam
1468 4791 1588 4830 rem
1608 4774 1830 4832 Veceus

200 4865 387 4922 fuisset
418 4868 606 4931 visus,
641 4866 742 4939 qui
775 4871 830 4921 et
861 4867 919 4922 in
974 4866 1184 4922 ofﬁciis
1235 4865 1516 4920 momenti
1569 4865 1830 4934 maximi,

197 4951 650 5028 chartopiiylacis
708 4954 1087 5026 supremique
1135 4952 1402 5008 custodis
1449 4951 1833 5023 supellectilis

195 5058 369 5115 saera,
402 5046 579 5101 ﬁdem
615 5048 788 5116 atque
819 5044 1173 5100 industriam
1210 5059 1366 5099 nunc
1395 5059 1526 5097 cum
1571 5042 1824 5098 maxime

194 5135 466 5206 probaret,
518 5141 576 5191 et
625 5149 861 5190 summa
907 5133 965 5188 in
1014 5131 1454 5188 existimatione
1489 5132 1642 5186 403
1677 5131 1835 5203 apud

192 5237 375 5280 omnes
432 5227 611 5280 esset.
671 5227 754 5278 Ea
821 5211 1236 5295 sull'ragiorum
1303 5219 1632 5276 differentia
1689 5237 1826 5276 cum

193 5309 366 5367 delata
431 5313 503 5369 ad
575 5314 904 5384 Augustum
982 5317 1139 5366 esset
1204 5315 1259 5365 et
1339 5310 1466 5380 ejus
1536 5309 1803 5364 voluntnt

190 5402 600 5474 compromisso
623 5399 1036 5473 permissa,ille
1059 5400 1212 5454 haud
1239 5403 1554 5454 cunctatus
1577 5397 1831 5453 Veccum

190 5491 424 5558 praetulit
449 5507 586 5548 cum
609 5488 741 5545 aliis
767 5492 1139 5560 prmstante'n
1167 5489 1402 5543 dotibus
1426 5491 1550 5542 tum
1577 5486 1829 5542 maxime

193 5578 462 5646 doctrina,
522 5584 818 5652 postremo
877 5579 1032 5650 quod
1089 5580 1136 5634 is
1183 5579 1271 5632 vir
1325 5582 1444 5631 tam
1496 5575 1672 5648 longo
1725 5587 1844 5631 usu

189 5670 713 5727 ecclesiasticarum
758 5683 981 5738 rerum,
1011 5670 1180 5723 tanta
1201 5666 1358 5722 fama
1378 5665 1676 5738 sapientiae
1709 5680 1850 5720 auo-

1948 3261 2058 3328 tes,
2091 3275 2304 3330 magno
2337 3276 2626 3314 consensu
2679 3261 2994 3332 studioque
3045 3261 3271 3331 primis,
3323 3260 3600 3316 secundis

1950 3346 2258 3418 tertiisque
2288 3348 2584 3419 suﬁragiis
2633 3352 2884 3403 Veccum
2935 3349 3207 3404 eumdem
3261 3365 3445 3404 unum
3493 3365 3596 3419 pa-

1949 3435 2265 3492 triarcham
2327 3437 2718 3493 declararunt.
2778 3438 3000 3494 Veccus
3067 3438 3249 3511 igitur
3315 3442 3481 3494 sexta
3545 3441 3602 3492 et

1949 3524 2227 3581 vicesima
2249 3527 2472 3582 mensis
2495 3527 2652 3596 Maii,
2676 3529 2820 3582 festo
2844 3532 3182 3583 sanctorum
3207 3527 3598 3583 Nicaeensium

1951 3613 2213 3682 Patrum,
2233 3615 2570 3686 patriarcha
2593 3620 2823 3671 creatus
2845 3622 2960 3672 est:
2981 3618 3240 3673 secunda
3262 3634 3392 3672 vero
3413 3615 3598 3683 Junii,

1952 3704 2247 3759 dominica
2273 3705 2532 3776 proxime
2559 3710 2778 3772 secuta,
2803 3705 3017 3760 illustri
3042 3707 3114 3762 de
3137 3707 3391 3776 Spiritus
3414 3705 3601 3760 sancti

1953 3791 2206 3862 Spiritus
2232 3794 2497 3862 ejusdem
2533 3810 2635 3864 per
2665 3811 2892 3848 sacram
2932 3794 3362 3849 ordinationem
3413 3795 3602 3864 parti-

1949 3895 2084 3951 ceps
2118 3881 2327 3951 lactus,
2361 3881 2468 3935 rite
2500 3882 2892 3952 inauguratus
2937 3882 2996 3936 in
3046 3882 3440 3953 patriarcham
3489 3885 3598 3936 est.

1954 3969 2278 4039 Imperator
2309 3970 2417 4024 sub
2449 3970 2570 4024 hare
2606 3970 2771 4024 initia
2801 3986 2903 4041 per
2932 3974 3168 4041 tempus
3201 3985 3316 4023 non
3354 3969 3597 4040 longum

1952 4057 2148 4114 studio
2182 4057 2580 4114 sollicitudine
2607 4058 2958 4113 immoratus
2988 4058 3044 4112 in
3093 4057 3446 4113 stabiliendo
3497 4057 3599 4112 tali

1947 4146 2173 4202 homini
2219 4146 2332 4202 isto
2375 4147 2672 4218 spirituali
2706 4147 3058 4220 principatu,
3089 4163 3355 4203 securam
3389 4147 3600 4203 deinde

1949 4238 2205 4288 mentem
2262 4233 2492 4305 imperii
2541 4235 2793 4306 negotiis
2843 4236 3112 4304 advertit,
3163 4236 3394 4291 solutus
3439 4235 3603 4290 omni

1952 4327 2109 4378 metu
2146 4323 2215 4378 de
2244 4323 2524 4393 Ecclesia,
2558 4324 2765 4396 utique
2807 4325 2977 4395 cujus
3025 4324 3284 4396 regimen
3334 4329 3392 4379 et
3443 4341 3595 4380 com-

1951 4414 2290 4468 mendatum
2361 4412 2557 4479 sciret,
2615 4413 2716 4486 qui
2773 4419 2830 4470 et
2893 4414 3264 4486 experientiae
3332 4414 3480 4468 satis
3545 4419 3602 4469 et

1951 4502 2279 4573 prudentiae
2302 4501 2622 4573 plurimum
2649 4503 2873 4558 habens
2901 4503 3056 4559 nullo
3087 4503 3359 4558 deficeret
3391 4519 3595 4558 eorum

1867 4575 1915 4637 Ῑ)
1951 4607 2077 4662 quae
2111 4592 2181 4645 ad
2217 4608 2308 4646 res
2339 4590 2769 4648 ecclesiasticas
2817 4598 2972 4648 recte
3023 4591 3457 4662 salubriterque
3508 4609 3601 4646 re-

1948 4683 2171 4754 gendas
2195 4687 2436 4754 possent
2457 4682 2796 4738 desiderari.
2835 4683 3108 4738 Exhibuit
3140 4688 3334 4738 autem
3367 4699 3430 4738 se
3456 4701 3601 4739 novo

1946 4771 2298 4844 patriarcbze
2327 4776 2594 4842 paratum
2625 4773 2693 4825 ad
2727 4788 2859 4826 eum
2894 4773 3294 4842 adjuvandum
3327 4789 3598 4844 quacun-

1949 4876 2062 4932 que
2097 4861 2154 4916 in
2187 4877 2248 4916 re
2277 4876 2424 4931 opus
2454 4859 2712 4926 haberet,
2767 4879 3013 4933 sperans
3060 4862 3324 4918 vicissim
3375 4863 3448 4917 ab
3498 4862 3596 4918 illo

1946 4951 2006 5005 in
2032 4948 2336 5006 occasione
2360 4947 2600 5004 similia.
2635 4950 2806 5005 Dedit
2825 4951 3016 5006 eidem
3039 4956 3094 5006 et
3119 4951 3344 5007 ﬁducia:
3379 4950 3597 5021 locum,

1949 5055 2068 5111 quo
2125 5039 2368 5094 auderet
2424 5037 2723 5110 suscipere
2783 5056 3072 5112 agercque
3124 5057 3325 5098 secum
3385 5057 3598 5096 causas

1949 5128 2260 5184 hominum
2293 5126 2595 5200 egentium
2627 5129 2814 5199 gratia
2864 5130 3166 5202 principis,
3213 5149 3329 5187 non
3384 5132 3598 5186 frustra

1951 5235 2014 5273 se
2046 5218 2101 5272 id
2158 5218 2445 5272 facturum
2499 5232 2746 5288 sperans
2797 5236 2808 5274 :
2862 5220 3195 5275 conﬁdebat
3244 5222 3402 5277 enim
3457 5216 3601 5272 nihil

1954 5323 2087 5362 eum
2139 5306 2249 5361 nisi
2281 5306 2436 5378 quod
2473 5307 2556 5359 fas
2589 5311 2744 5360 esset
2773 5309 3007 5364 concedi
3044 5310 3388 5379 petiturum.
3426 5311 3599 5360 Porro

1952 5395 2172 5450 Veccus
2207 5394 2312 5450 has
2346 5395 2769 5450 iulerveniendi
2803 5413 2906 5468 pro
2957 5396 3190 5452 miseris
3239 5399 3433 5467 partes
3482 5396 3602 5446 toto

1954 5484 2151 5540 animo
2203 5501 2534 5556 capessens,
2594 5485 2837 5555 partitos
2870 5485 3122 5542 habebat
3154 5485 3210 5538 in
3242 5485 3356 5538 duo
3386 5496 3604 5554 genera

1957 5592 2106 5647 quos
2155 5576 2265 5631 isto
2315 5574 2728 5630 misericordiae
2761 5574 3241 5646 ofﬁciojuvaret:
3278 5572 3442 5644 prius
3473 5573 3601 5626 erat

1959 5664 2286 5721 carentium
2310 5665 2466 5720 404
2487 5663 2856 5735 necessariis,
2879 5679 3131 5735 quorum
3167 5665 3322 5718 esset
3352 5660 3600 5734 egestati
