4002 6198
350 265 457 322 859

1661 257 1963 313 GEORGII
1998 256 2459 317 PACHYMERE
3610 264 3696 321 860

348 390 446 450 τὰς
489 408 548 443 τε
606 379 801 461 ῥυσσᾶς
852 403 910 437 τε
966 374 1343 455 παραϐλῶπάς
1400 380 1448 434 τ’
1501 376 1793 458 ὀφθαλμὼ,
1828 377 1999 451 ἐθήρα
2029 381 2081 449 Α
2113 378 2384 453 βασιλέως
2416 380 2884 457 ἀναχθησόμεναι,
2943 382 3033 437 καὶ
3086 378 3295 452 ἔνδοξος
3344 381 3408 449 ἧν
3456 381 3697 457 ὁτολμῶν

348 478 442 534 τὸν
497 474 557 529 ἐκ
609 476 706 528 τοῦ
764 468 1034 546 βασιλέως
1091 464 1264 537 ἔλεον,
1326 466 1623 543 ὁμολογῶν
1688 468 1785 541 μὲν
1843 466 2006 528 αὐτὸς

354 565 486 638 ὑπὲρ
520 561 729 617 ἐκείνου
782 560 845 615 τὸ
891 564 1158 632 πταῖσμα,
1211 554 1468 632 δεὸμενος
1516 555 1572 612 δὲ
1616 559 1878 634 ἀφεθῆναι
1908 561 2005 612 τοῦ

349 651 816 729 προστιμωμένου
876 648 955 721 τῷ
1008 648 1345 721 πταίσματι⁶
1401 652 1508 702 τῶν
1566 644 1622 701 δὲ
1676 646 1764 700 καὶ
1807 646 2005 721 0153;31-

346 743 615 816 λεὼτερον
675 739 1012 813 ὑπερμαχῶν
1067 743 1145 810 τῷ
1203 742 1487 813 κρατοῦντι
1524 736 1599 798 ὡς
1630 733 2003 806 ἀδικουμένων

347 830 527 902 ἐζήτει
559 830 658 897 τὴν
690 828 865 884 λύσιν.
907 827 985 884 Οὐ
1043 828 1144 901 γὰρ
1204 824 1487 899 ἑρμηνέως
1547 822 1776 901 ἔχρῃζεν
1810 823 1863 886 ἐς
1896 823 1925 878 6'
1953 844 2004 877 τι

354 920 513 993 μάθοι
557 919 626 973 τὰ
680 921 775 972 τοῦ
831 914 1094 988 δεομένου
1153 919 1272 977 πῶς
1331 914 1389 970 ἂν
1449 909 1659 989 ἔχοιεν,
1692 913 1819 968 ἀλλ’
1850 912 2008 975 αὐτὸς

350 1008 587 1075 ἀκούων,
621 1006 785 1081 μόνον
819 1005 978 1079 ἀξιῶν
1032 1006 1315 1071 ἀληθεύειν
1364 1004 1456 1059 τὸν
1510 1004 1742 1078 λεγοντα
1773 1003 1847 1064 ὡς
1880 1002 2009 1057 ἀνυ-

274 1170 281 1175 ¹
351 1096 698 1169 σϐησομένων
726 1100 831 1150 τῶν
864 1094 1071 1169 Λόγων,
1120 1097 1198 1165 τῷ
1240 1092 1469 1168 -βασιλεῖ
1519 1091 1680 1152 αὐτὸς
1712 1089 2004 1167 διακρίνων

349 1189 445 1249 τάς
478 1184 753 1261 ἀναδοχάς
785 1185 1024 1239 ἐποιεῖτο
1079 1184 1215 1237 κατὰ
1270 1184 1367 1244 τὰς
1422 1181 1645 1258 κρίσεις.
1680 1179 1919 1238 Εἶποντο
1950 1178 2009 1235 δὲ

348 1277 439 1330 καὶ
472 1276 523 1330 oi
554 1276 691 1351 πρὸς
720 1276 812 1328 τὸν
860 1278 1159 1349 κρατοῦντα
1208 1266 1363 1346 λὸγοι
1412 1270 1552 1325 κατά
1578 1271 1675 1333 τὰς
1707 1267 2003 1344 ἀναδοχᾶς.

357 1365 750 1439 Προῳκονόμει
807 1362 912 1437 γὰρ
963 1362 1099 1437 πρὸς
1147 1362 1210 1416 τὸ
1269 1364 1548 1435 χρήσιμον
1609 1360 1699 1414 καὶ
1748 1360 1843 1420 τάς
1881 1359 2007 1434 περὶ

354 1452 578 1508 ἑκάστου
610 1452 907 1528 ἀναφορὰς,
958 1452 1033 1513 ὡς
1080 1452 1180 1519 τὴν
1232 1451 1327 1523 μὲν
1379 1450 1800 1525 προτάττεσθαι,
1827 1449 1927 1517 τὴν
1961 1446 2008 1502 δ’

359 1543 778 1608 ὑποτάττεσθαι,
830 1539 921 1594 καὶ
966 1540 1066 1608 τὴν
1119 1539 1213 1611 μὲν
1247 1535 1845 1614 πρωτολογησομένην,
1905 1538 2004 1606 τήν

356 1628 403 1684 δ’
438 1631 824 1703 ὑστερήσασαν,
887 1627 1025 1682 ὥστε
1077 1628 1165 1681 καὶ
1224 1625 1497 1687 πολλάκις
1550 1624 2005 1702 μετεγγράφεσθαι

2113 466 2306 523 αὐτίκα
2331 470 2453 545 περὶ
2483 474 2591 524 τῶν
2650 468 2918 546 σφετέρων
2978 467 3200 525 δικαίων
3259 468 3450 545 λέγειν,
3489 471 3555 533 ὡς
3579 470 3701 543 ἀλη-

2110 557 2176 625 Θῆ
2220 554 2376 627 δόξαν
2408 557 2586 633 λέγειν
2616 554 2685 614 δι’
2716 558 2923 614 ἐκείνου
2963 560 3101 633 πρὸς
3154 559 3247 614 τὸν
3300 563 3598 633 κρατοῦντα.
3624 561 3709 617 06'-

2108 667 2218 707 τως
2250 646 2315 716 ἦν
2349 647 2487 721 πρὸς
2534 649 2633 711 τὰς
2688 646 2965 724 ἀναδοχάς
3022 653 3131 702 τῶν
3189 648 3484 723 ἀνθρώπων
3516 649 3709 723 ὁάνὴρ-

2112 732 2512 808 δοκιμώτατος,
2545 736 2683 792 ὣστε
2736 738 2824 792 καὶ
2851 732 3148 813 προλαϐεῖν
3186 736 3249 792 οὐ
3280 737 3462 812 χεῖρόν
3490 759 3599 792 τινα
3621 744 3706 792 τῶν

2110 823 2273 879 αὐτοῦ
2326 825 2403 887 εἲς
2452 823 2628 900 δεῖγμ’
2688 822 2945 901 ἀκριϐοῦς
3004 823 3313 902 παῤῥησίας
3356 825 3442 880 καὶ
3483 832 3573 896 τῆς
3608 827 3711 902 περὶ

2108 915 2170 969 τὸ
2199 912 2404 971 δίκαιον
2438 915 2806 990 ἀντιλήψεως.
2857 917 3057 991 Θὲρους
3106 915 3172 984 ἦν
3230 916 3401 989 ἀκμὴ,
3442 914 3525 970 καὶ
3554 916 3578 970 6
3605 935 3713 988 κρα-

2107 1007 2216 1057 τῶν
2274 1002 2398 1079 περὶ
2454 1005 2517 1059 τὸ
2572 1011 2673 1075 τῆς
2738 999 3082 1079 μεσημϐρίας
3142 1004 3557 1080 σταθερώτατον,
3605 1006 3715 1077 μετά

2108 1092 2203 1145 τὸν
2240 1093 2354 1165 μετ’
2384 1092 2603 1168 ἄριστον
2657 1092 2848 1163 ὕπνον,
2901 1094 3040 1148 κατὰ
3093 1092 3160 1148 τά
3214 1092 3391 1147 ὠάτου
3424 1093 3549 1162 μέσα
3573 1095 3717 1163 καθή-

2114 1201 2274 1253 μενος
2326 1180 2644 1256 ἑναιθρίαζε.
2735 1180 3103 1257 Συνεδριάζων
3188 1179 3235 1237 δ’
3298 1182 3365 1251 ἦν
3424 1181 3596 1254 ἐκείνῳ
3643 1182 3714 1236 καὶ

2110 1272 2460 1347 πατριάρχης
2519 1270 2741 1347 ἐγγύθεν
2794 1269 2853 1327 ἔκ
2925 1275 3027 1337 τῆς
3091 1272 3282 1348 χώρας
3342 1267 3501 1346 ἔχων,
3553 1270 3716 1340 τηνίκα

2108 1358 2198 1413 καὶ
2260 1359 2514 1435 βασιλεὺς
2567 1360 2619 1431 ἐξ
2691 1361 2856 1416 ὕπνου
2930 1360 3239 1436 ἀνέγροιτο,
3300 1358 3359 1414 ἐκ
3410 1356 3502 1415 τοῖ’)
3552 1358 3716 1435 ῥᾴστου

2109 1449 2520 1523 παραγίνεσθαι.
2598 1449 2950 1528 ἘνετύὈίανε
3020 1449 3227 1521 τοίνυν,
3284 1448 3373 1504 καὶ
3437 1450 3473 1519 ἡ
3527 1447 3717 1524 ἐντυχία

2109 1538 2193 1609 [Ρ.
2226 1538 2354 1611 275]
2408 1537 2627 1608 ἀξίωσις
2686 1539 2818 1613 ὑπὲρ
2877 1539 3166 1615 ἀνθρώπου
3224 1540 3295 1608 ἦν
3354 1535 3409 1591 ὅν
3458 1535 3715 1606 ἠδικῆσθαι

2114 1626 2206 1698 μὲν
2242 1627 2269 1680 6
2297 1626 2473 1702 ἱερεὺς
2522 1625 2889 1703 διεγίνωσκεν,
2944 1626 3005 1682 οὗ
3063 1628 3252 1689 καλῶς
3283 1625 3331 1682 δ’
3360 1624 3501 1702 ἔχων
3534 1626 3559 1679 6
3592 1625 3717 1700 βασι-

354 1719 416 1773 τὸ
471 1722 570 1791 τῆς
629 1718 898 1794 ἀναφορᾶς
948 1715 1298 1791 γραμμάτιον
1354 1711 1714 1788 συμϐεϐήκει,
1761 1715 1836 1776 ὡς
1884 1712 2003 1769 δευ-
2036 1743 2081 1807 Β
2113 1713 2239 1776 λεὺς
2288 1716 2411 1791 περὶ
2461 1714 2665 1772 ἐκεῖνον
2716 1716 2778 1772 οὗ
2829 1718 3081 1773 κατὲνευε
3137 1716 3424 1785 σώζεσθαι.
3477 1713 3568 1772 Καὶ
3600 1711 3724 1783 ἠὲν-

352 1806 512 1881 τέρου
543 1807 578 1876 ἢ
610 1805 700 1861 καὶ
749 1805 935 1880 τρίτου
986 1805 1020 1874 ἢ
1070 1805 1158 1859 καὶ
1212 1804 1442 1859 ὑστάτου
1488 1802 1859 1876 τεθησομένου
1906 1807 2003 1857 τοῦ

353 1896 701 1971 παραξυσμὸν
764 1894 823 1950 ἐκ
850 1916 957 1950 των
1020 1893 1242 1949 εἰκότων
1297 1902 1517 1963 κινῆσαι
1571 1892 1841 1969 βασιλέως
1873 1893 2005 1952 ὑφο-

352 1983 625 2060 ρωμένου,
658 1989 875 2059 πρῶτον
906 1982 965 2039 δέ
987 2005 1046 2060 γε
1073 1988 1170 2038 τοῦ
1227 1985 1261 2053 ἢ
1315 1980 1512 2059 ῥᾳδίως
1560 1980 2001 2056 ἀνυσθησομένου

349 2076 385 2145 ἢ
443 2073 531 2129 καὶ
586 2072 663 2135 εἷς
720 2073 1107 2149 χαριεντισμόν
1165 2093 1287 2127 τινα
1344 2070 1618 2143 δόξοντος.
1679 2073 1801 2128 Ἐπ’
1856 2069 2004 2143 αὖτῷ

348 2164 451 2239 γὰρ
481 2164 571 2218 καί
611 2167 721 2219 τῶν
777 2160 1003 2217 πολλῶν
1064 2161 1320 2236 ἐθάρσουν
1379 2160 1433 2214 αἱ
1490 2158 1695 2233 τόλμαι
1726 2159 1800 2221 ὡς
1836 2159 2001 2234 μέχρι

355 2380 669 2455 largitione
690 2380 1141 2446 consulendum,
1158 2378 1407 2435 alterum
1432 2377 1639 2434 delatis
1661 2377 2010 2435 criminibus

357 2470 843 2542 periclitantium,
875 2469 1094 2541 quibus
1123 2467 1213 2525 vel
1244 2469 1317 2524 ad
1357 2466 1766 2541 depulsionem
1812 2467 2007 2538 objec-

356 2562 554 2615 torum
580 2558 724 2615 falso
748 2558 975 2629 patroni
999 2557 1253 2613 efﬁcacis
1266 2555 1544 2628 Operavel
1566 2557 1638 2612 ad
1663 2554 2009 2612 delicticon-

360 2647 497 2703 victi
509 2648 735 2703 veniam
753 2647 1162 2720 impetrandam
1178 2663 1247 2703 au
1256 2646 1492 2701 ctoritss
1506 2644 1900 2717 deprecatoris
1914 2662 2008 2715 op-

362 2739 696 2793 taretur.Ac
717 2736 926 2792 horum
952 2734 1191 2808 quidem
1218 2751 1284 2791 eo
1307 2735 1499 2790 studio
1522 2750 1730 2789 causas
1754 2732 2013 2805 amplec-

360 2826 595 2881 tebatur
626 2829 691 2881 ut
720 2825 1014 2882 ofﬁciosas
1062 2824 1191 2880 illas
1241 2823 1548 2880 hominum
1601 2821 1797 2896 generi
1850 2838 2011 2877 noxae

367 2914 774 2971 medicatrices
796 2915 1130 2985 Litas,quas
1154 2914 1440 2969 Homerus
1463 2912 1726 2979 claudas,
1743 2927 2009 2983 rugosas,

365 3004 633 3061 distortis
665 3004 851 3060 oculis
882 3003 1129 3070 inducit,
1156 3002 1282 3074 ipso
1314 3002 1574 3074 corporis
1605 3000 1808 3057 habitu
1833 3016 2013 3073 agens

2114 1825 2297 1867 στασις
2351 1806 2732 1882 ἀμφοτέρωθεν
2796 1805 2955 1875 ἰκανῆ
3036 1806 3103 1875 ἦν
3165 1799 3465 1881 θορυϐῆσαι
3517 1802 3598 1858 καὶ
3645 1802 3719 1857 τὸν

2111 1892 2401 1949 ἀκούοντα.
2435 1897 2565 1957 Τοῖς
2620 1892 2669 1950 δ’
2725 1894 2824 1950 οὐκ
2880 1892 3073 1972 ἔληγεν
3134 1890 3236 1962 ἔτι,
3278 1892 3423 1949 ἀλλὰ
3448 1897 3523 1964 τῷ
3555 1893 3635 1965 μὲν
3664 1892 3723 1951 ὡς

2115 1982 2246 2057 ὑπὲρ
2279 1980 2493 2038 δικαίου
2544 1980 2756 2060 λέγοντι
2814 1985 2842 2039 6
2901 1983 3072 2054 ζῆλος
3128 1982 3304 2054 ἀνέζει
3335 1980 3723 2058 καὶπαρῥησια-

2114 2073 2438 2148 στικώτερον
2480 2070 2739 2144 ἔπληττε,
2776 2072 2993 2149 βασιλεῖ
3048 2070 3105 2128 δὶ
3160 2073 3224 2128 τὸ
3282 2071 3368 2128 ἐπὶ
3422 2076 3499 2144 τῷ
3535 2068 3723 2143 διαπρε-

2114 2156 2428 2237 σϐευομένῳ
2482 2157 2646 2239 ἔχθος
2704 2163 2841 2241 πρὸς
2893 2165 2992 2233 τήν
3044 2162 3183 2219 κατά
3232 2166 3334 2217 τοῦ
3376 2156 3725 2238 πρεσϐεύοντος

2120 2384 2300 2453 retur,
2334 2386 2397 2437 ut
2415 2383 2539 2454 jam
2563 2382 2662 2454 qui
2686 2382 2939 2456 primam
2964 2382 3429 2455 propositionem
3458 2380 3722 2452 acceperat

2120 2469 2389 2542 placidus
2414 2471 2701 2545 vultuque
2731 2471 2988 2544 benigno
3019 2487 3190 2544 spem
3218 2472 3455 2537 fecerat,
3483 2470 3548 2525 ad
3578 2466 3725 2524 toties

2121 2560 2393 2618 relicatas
2414 2559 2729 2617 instantiae
2752 2564 3096 2634 corrugaret
3116 2562 3396 2631 frontem,
3416 2562 3728 2616 metuensne

2114 2650 2240 2720 jam
2263 2667 2382 2706 suae
2406 2649 2675 2706 facilitati
2705 2649 3412 2723 illuderetur,praasertim
3441 2647 3726 2705 increbres-

2121 2743 2287 2796 cente
2317 2739 2672 2796 confidentia
2699 2739 3045 2811 multorum,
3077 2740 3181 2812 qui
3217 2740 3351 2797 freti
3398 2736 3729 2796 conciliatore

2122 2828 2503 2884 admissionis
2536 2834 2591 2885 et
2621 2829 2827 2885 eodem
2877 2828 3338 2901 supplicationis
3386 2827 3728 2899 suffragatore

2122 2916 2473 2990 patriarcha,
2502 2917 2816 2975 audientiis
2860 2918 2988 2974 sine
3030 2918 3147 2973 fine
3193 2917 3503 2991 captandis
3547 2914 3729 2987 produ-

2122 3007 2440 3079 cendisque
2473 3024 2643 3063 aures
2676 3008 3048 3079 imperatoris
3079 3008 3220 3063 obtu
3236 3007 3487 3064 ndebant
3514 3010 3567 3061 et
3603 3002 3732 3057 vide-

363 3096 827 3195 repratsentaret,
881 3091 980 3192 tali
1039 3096 1283 3192 captans
1334 3091 1532 3191 specie
1570 3090 2008 3197 miseratignem
2042 3131 2084 3197 Ο
2123 3096 2256 3152 licet
2286 3096 2589 3153 irritabilis
2615 3101 2826 3153 natura
2857 3097 3208 3170 fortunaque
3264 3094 3516 3154 hominis
3559 3092 3733 3165 fatiga-

366 3182 649 3255 principis
707 3181 997 3253 susceptis
1050 3180 1176 3237 suis
1244 3179 1659 3247 necessariam,
1722 3178 2008 3234 conﬁtens

366 3270 604 3340 quidem
666 3271 792 3342 ipse
849 3286 1052 3326 eorum
1106 3268 1339 3325 nomine
1408 3272 1736 3339 peccatum,
1796 3266 2014 3322 remitti

366 3364 560 3414 autem
630 3359 1051 3430 paenitentibus
1118 3374 1350 3429 pmnam
1421 3372 1657 3429 rogans.
1729 3356 1835 3411 Pro
1901 3354 2016 3411 alio

366 3447 721 3503 miserorum
753 3463 964 3519 genere
996 3446 1169 3517 culpa
1203 3445 1537 3501 vacantium
1591 3443 2019 3499 interveniebat

366 3535 785 3603 confidentius,
855 3535 1061 3591 obnixe
1128 3534 1491 3589 contendens
1562 3538 1619 3588 et
1691 3532 2015 3604 principem

369 3641 611 3695 urgens,
634 3629 698 3681 ut
724 3624 967 3696 penuria
990 3622 1399 3679 laborantibus
1422 3638 1591 3694 opem
1608 3622 1741 3693 jure
1759 3622 2014 3693 quodam

366 3714 633 3785 ipsorum
658 3713 919 3769 debitam
942 3728 1013 3768 ne
1035 3712 1341 3783 indulgere
1365 3710 2015 3778 cunctaretur,velocis-

368 3802 557 3859 simus
588 3804 659 3857 ad
710 3801 1124 3873 intelligendas
1173 3800 1553 3856 necessitates
1602 3799 2016 3871 indigentium,

370 3896 435 3947 ut
465 3891 551 3947 eis
588 3891 915 3965 exponendi
946 3907 1046 3946 eas
1079 3890 1269 3945 fusius
1296 3906 1400 3945 seu
1432 3888 1692 3944 laborem
1726 3905 1827 3944 seu
1859 3904 2016 3945 vere-

372 3983 648 4038 cundiam
673 3980 1071 4045 lucrifaciens,
1097 3978 1543 4053 perspicacitate
1566 3976 1804 4049 benigni
1833 3978 2016 4034 animi

367 4071 574 4126 auditu
610 4071 807 4127 statim
841 4070 1031 4143 primo
1064 4073 1275 4125 cuncta
1306 4065 2019 4139 comprehendentis,sine

372 4176 534 4215 mora
565 4176 807 4230 operave
838 4157 1234 4231 diligentioris
1266 4155 2018 4229 interpretis.Abundahat-

369 4264 484 4318 que
516 4248 744 4318 patroni
777 4247 1033 4303 charitas
1067 4248 1136 4302 ad
1170 4262 1405 4302 omnem
1439 4245 1565 4301 falsi
1618 4245 2013 4317 suspicionem

371 4334 724 4392 abolendam
755 4335 1110 4408 plenamque
1141 4335 1570 4391 conciliandam
1604 4332 1902 4390 clientulis
1950 4335 2016 4388 fl-

372 4427 528 4493 dem,
562 4426 703 4480 dum
735 4442 872 4481 suas
921 4425 1227 4497 angustias
1275 4423 1614 4479 narrabant.
1665 4422 2019 4478 Occurrebat

371 4483 526 4586 quin,
545 4514 719 4570 etiam
756 4483 1098 4569 diffidentiae
1131 4512 1485 4585 supplicum,
1519 4518 1575 4569 et
1620 4512 2017 4585 impetrabilia
2048 4483 2093 4547 D

371 4608 568 4675 petere
598 4604 760 4676 ipsos
795 4620 1066 4660 asserens
1100 4602 1253 4658 ultro
1285 4603 1536 4658 addebat
1582 4600 1788 4657 timide
1836 4618 2015 4673 agen-

368 4693 529 4749 tibus
562 4693 791 4749 animos
824 4692 1100 4759 audendi,
1135 4692 1604 4765 suggerebatque
1652 4691 1722 4746 ad
1776 4708 2014 4763 persua-

370 4783 627 4838 dendum
661 4786 960 4855 aptas,pro
990 4797 1200 4853 genere
1234 4798 1300 4837 ac
1323 4786 1483 4837 statu
1504 4797 1713 4851 causa},
1738 4779 2018 4854 postulati

369 4872 671 4929 evincendi
706 4872 995 4940 rationes;
1037 4872 1393 4943 easdemque
1442 4871 1742 4943 digerebat
1788 4887 2007 4928 accom-

371 4961 608 5016 modato
631 4961 703 5015 ad
728 4959 905 5016 finem
929 4964 1195 5033 optatum
1219 4960 1441 5028 ordine,
1478 4961 1660 5034 perite
1685 4960 2017 5032 dijudicans

368 5048 754 5120 quaeillarum
786 5051 1029 5123 proponi
1066 5052 1242 5123 prior,
1268 5068 1398 5124 quae
1426 5050 1639 5121 subjici
1670 5049 1857 5118 alteri,
1889 5067 2015 5121 qua:

364 5145 659 5212 postremo
690 5142 972 5215 subjungi
995 5142 1119 5199 loco
1152 5143 1408 5199 deberet.
1442 5140 1606 5196 Unde
1634 5141 2013 5212 contingebat

370 5248 521 5304 saepe
552 5233 756 5307 reﬁngi
782 5234 1142 5305 rescribique
1162 5230 1426 5288 libellum
1450 5228 1800 5302 supplicem,
1838 5229 2012 5285 etiam

356 5322 487 5393 jam
512 5322 774 5379 oblatum
807 5322 1274 5395 principi,usque
1303 5319 1599 5374 interdum
1629 5317 1700 5372 ad
1734 5315 2017 5391 principis

369 5412 635 5483 ejusdem
669 5414 819 5471 405
857 5411 1241 5468 offensionem
1290 5408 1382 5462 cui
1432 5412 1491 5463 et
1538 5405 1913 5463 stomachum
1960 5413 2017 5464 et

368 5503 739 5573 suspiciones
761 5514 1188 5569 nonnunquam
1221 5497 1510 5565 movebat,
1531 5495 1684 5567 quod
1715 5495 1927 5551 iterum
1958 5502 2018 5554 et

370 5590 545 5646 tertio
579 5586 967 5661 interpolatae
997 5602 1117 5642 una
1143 5585 1214 5643 de
1243 5600 1305 5642 re
1334 5583 1449 5658 ipsi
1479 5582 1715 5642 libellus
1755 5583 2013 5643 inculca.

2124 3187 2267 3241 bant
2315 3186 2686 3259 patientiam,
2737 3202 2802 3242 eo
2861 3186 2989 3259 ipso
3044 3186 3302 3259 gratiam
3358 3186 3429 3241 ad
3486 3181 3729 3257 populum

2123 3276 2465 3348 patriarchas
2515 3276 2878 3346 cumulante,
2928 3278 3083 3349 quod
3132 3294 3300 3347 eum,
3349 3280 3416 3331 ut
3443 3272 3734 3331 consuleret

2124 3364 2622 3431 miseris,videret
2642 3383 2713 3422 ne
2744 3366 2959 3422 favoris
2992 3366 3236 3438 quidem
3270 3366 3423 3440 apud
3446 3363 3729 3437 principem

2124 3453 2342 3526 proprii
2367 3471 2569 3511 cavere
2592 3454 3141 3526 dispendium.Tam
3167 3457 3424 3512 etl'usum
3449 3453 3731 3521 efﬁcaxque

2123 3544 2183 3598 in
2201 3560 2346 3599 novo
2365 3544 3006 3616 patriarchaeminebat
3018 3544 3511 3603 sublevandorum
3526 3542 3731 3613 inopum

2125 3631 2413 3688 studium.
2446 3633 2627 3705 Cujus
2653 3632 2749 3690 hic
2798 3634 3099 3707 singulare
3147 3633 3391 3708 aliquod
3440 3630 3730 3702 exemplum

2123 3720 2281 3776 baud
2305 3720 2513 3778 inutile
2537 3722 2713 3779 fuerit
2733 3723 2969 3794 referre,
2993 3724 3150 3781 unde
3183 3725 3479 3798 specimen
3511 3720 3733 3795 prudens

2123 3808 2307 3866 lector
2344 3811 2538 3883 capiat
2585 3810 2783 3868 liberas
2831 3812 3057 3869 fiduciae
3106 3812 3214 3869 viri
3268 3814 3441 3870 istius
3485 3811 3732 3877 fortisqne

2123 3898 2183 3953 in
2225 3900 2465 3971 justitia
2517 3902 2946 3974 propugnanda
2991 3903 3363 3958 constantiae.
3408 3904 3588 3957 .IEstas
3632 3897 3735 3953 erat

2125 4004 2383 4056 summa,
2414 3993 2472 4046 et
2491 3989 2812 4062 imperator
2830 3989 3123 4048 altissimo
3154 3995 3350 4049 stante
3375 3992 3481 4048 sub
3507 3986 3730 4045 medium

2126 4078 2281 4134 diem
2329 4077 2452 4135 sole
2499 4096 2702 4136 recens
2751 4097 2784 4134 a
2821 4080 3223 4153 pomeridiano
3255 4096 3462 4139 somno
3491 4080 3548 4135 in
3571 4074 3732 4133 medio

2125 4166 2422 4223 caenaculo
2454 4168 2641 4241 frigus
2666 4170 2955 4240 captabat.
3010 4168 3331 4227 Obsidebat
3376 4173 3565 4226 autem
3609 4165 3734 4220 fores

2125 4255 2486 4312 audientiam
2534 4262 2881 4330 exspectans
2914 4259 3249 4331 patriarcha
3280 4276 3313 4316 e
3342 4258 3526 4315 vicino
3554 4256 3615 4312 ad
3646 4252 3735 4308 hoc

2126 4346 2420 4417 profectus
2442 4350 2499 4402 et
2518 4345 2599 4402 ibi
2623 4347 2959 4416 considens,
2993 4353 3060 4405 ut
3080 4350 3152 4405 ad
3177 4348 3428 4422 primam
3459 4347 3527 4404 ab
3556 4358 3731 4415 expero

2126 4437 2280 4489 recto
2350 4434 2704 4506 imperatore
2772 4440 3013 4509 paratus
3077 4437 3498 4495 admissionem
3558 4432 3733 4489 staret.

2123 4522 2437 4579 Admissus
2466 4525 2706 4581 tandem
2738 4541 2983 4582 causam
3016 4542 3189 4600 agere
3219 4526 3392 4600 erepit
3421 4520 3736 4590 hominis,ut

2125 4612 2176 4668 ei
2199 4616 2561 4684 compertum
2585 4618 2731 4684 erat,
2762 4613 2982 4685 injuste
3005 4615 3290 4672 damnati.
3324 4618 3593 4672 Caeterum
3622 4605 3732 4664 odio

2126 4702 2381 4775 quodam
2399 4702 2457 4757 in
2473 4701 2628 4759 hunc
2645 4703 2947 4761 hominem
2968 4711 3414 4778 prmoccupatus
3428 4699 3732 4773 imperator.

2125 4790 2380 4847 salutem
2413 4791 2611 4848 miseri
2644 4810 2822 4865 quam
2858 4794 3091 4866 petebat
3122 4792 3453 4867 patriarcha
3499 4803 3605 4844 non
3644 4798 3732 4839 an—

2125 4879 2275 4935 nuit.
2325 4880 2473 4937 IIinc
2532 4883 2778 4953 praesule
2836 4884 2908 4939 ad
2959 4882 3282 4939 instantius
3331 4873 3728 4953 deprecandum

2125 4970 2523 5039 incumbente,
2557 4972 2824 5045 principe
2871 4987 3007 5028 vero
3057 4972 3117 5028 in
3166 4969 3421 5044 negandi
3469 4959 3732 5040 proposito

2126 5063 2443 5130 perstante,
2494 5063 2790 5117 certamen
2839 5065 3035 5117 ortum
3084 5069 3171 5117 est
3218 5059 3488 5131 utrinque
3531 5054 3608 5109 sic
3642 5065 3729 5106 ac-

2125 5164 2368 5203 censum
2402 5153 2466 5204 ut
2495 5149 2802 5206 audientes
2850 5149 3358 5215 conturbarentur,
3408 5160 3533 5202 cum
3578 5141 3728 5195 ﬁnem

2123 5235 2457 5305 patriarcha
2479 5236 2747 5310 urgendi,
2770 5239 3066 5310 Augustus
3088 5235 3371 5294 renuendi
3393 5248 3503 5290 non
3526 5226 3729 5285 faceret.

2122 5323 2209 5379 Ad
2241 5328 2566 5381 extremum
2596 5325 2868 5383 conscius
2901 5322 3237 5399 patriarcha
3281 5341 3346 5381 se
3392 5338 3492 5396 pro
3526 5312 3730 5395 justiti:

2124 5413 2477 5484 pugnare,in
2498 5414 2689 5471 zelum
2715 5417 2951 5485 exarsit,
2969 5420 3026 5471 et
3047 5412 3420 5472 liberioribus
3448 5409 3727 5480 imperato-

2123 5515 2245 5556 rem
2265 5502 2849 5575 pupugitverbis.Ille
2863 5495 3062 5561 odium
3081 5520 3197 5577 quo
3213 5498 3553 5574 ﬂagrabatin
3565 5506 3725 5553 reum.

2121 5588 2183 5645 in
2216 5586 2397 5646 nimis
2422 5589 2851 5664 vehementem,
2883 5590 3038 5650 400
3069 5594 3136 5650 ut
3180 5588 3438 5666 putabat,
3479 5582 3597 5658 elui
3638 5593 3722 5652 Ρα·
