4002 6198
325 300 432 355 861

1414 305 1510 356 DE
1547 303 1917 356 MICHAELE
1958 302 2397 360 PALJEOLOGO
2435 307 2566 357 Lm.
2609 307 2678 357 V.

3634 303 3742 359 862

3634 427 3678 443 ΝΟ

327 425 608 501 βαρύτητα
664 421 934 500 τρέψαντα
992 420 1268 479 συνέϐαινε
1320 424 1733 498 παροξύνεσθαι.
1795 425 1890 480 Καὶ
1946 425 1973 478 ὁ
2004 434 2056 498 Α
2089 423 2378 487 δοκοῦντος
2410 423 2555 500 ἔχειν
2605 429 2666 482 τὸ
2717 425 2926 482 δῖκαιον
2975 427 3057 505 ἐφ’
3091 428 3171 489 οἷς
3201 427 3290 481 καὶ
3327 426 3596 502 βασιλέως
3631 427 3739 482 δέε-

326 516 421 589 μεν
457 514 660 583 ἐδέετο,
708 515 734 568 ὁ
793 513 842 567 δ’
900 515 1158 570 ἀνένευεν.
1220 516 1280 570 Ὁ
1341 515 1436 586 μὲν
1493 514 1584 568 καὶ
1621 512 1983 588 δραστικώτε-

321 625 417 680 ρον
447 598 756 674 ἠντιϐόλει,
810 604 837 656 6
886 600 932 656 δ’
990 602 1259 678 ἠγρίαινε.
1321 601 1492 664 Τέλος
1522 601 1647 658 ἀλλ’
1683 601 1979 666 ἀδικεῖσθαι

318 694 412 748 τὸν
477 690 762 767 ἄνθρωπον
821 689 1026 768 ἔλεγεν,
1083 693 1110 746 6
1169 689 1215 746 δ’

322 784 412 837 καὶ
470 780 645 852 δῆλος
702 785 767 850 ἦν
828 781 1043 854 πράξων
1122 777 1604 857 παραϐολώτερον,
1664 781 1728 850 ἣν
1796 784 1868 854 μή
1931 784 1981 856 γ’

320 871 538 942 ἀκούοι,
572 872 599 925 6
633 869 682 925 δ’
712 870 838 926 ἀλλ’
873 871 972 926 οὐκ
1031 869 1212 926 ἐδίδου
1267 873 1329 925 τὸ
1388 873 1636 947 παράπαν
1667 873 1767 940 τήν
1803 869 1980 940 λύσιν,

320 965 419 1017 κᾶν
450 961 482 1016 6'
511 983 565 1016 τι
590 961 682 1016 καὶ
714 961 928 1035 πραξοι.
983 961 1080 1015 Καὶ
1140 961 1295 1023 εὐθὺς
1330 960 1498 1030 ζῆλος
1533 957 1707 1015 εῗσέδυ
1756 961 1846 1015 τὸν
1902 962 1973 1015 ἱεο

1277 691 1377 747 οὐκ
1432 692 1761 768 ἐφρόντιζεν.
1795 693 1883 754 Ὠς
1926 690 1982 746 δὲ

322 1053 440 1125 ρέα,
473 1051 586 1120 καί,
626 1077 645 1102 ι
684 1051 752 1108 Τί
783 1048 862 1119 δὲ,
899 1075 926 1101 ››
978 1051 1132 1125 gnat,
1186 1076 1213 1102 ‹‹
1245 1053 1334 1106 καὶ
1377 1051 1480 1105 ἀπὸ
1509 1050 1672 1106 τίνων
1708 1052 1983 1126 ἀρχιερεῖς

322 1147 464 1195 εῖναι
497 1140 640 1211 ἄξιον
686 1139 720 1209 ἢ
773 1139 1066 1215 μαγείρους
1116 1141 1205 1195 καὶ
1257 1146 1592 1213 στρατιυρας,
1626 1139 1715 1202 οὕς
1750 1138 1948 1195 ὑποκλί

319 1250 440 1284 νευν
503 1231 710 1303 ἀνάγκη
770 1227 865 1284 κᾶν
929 1231 958 1283 6'
1017 1251 1067 1283 τι
1128 1228 1376 1299 θέλοιτε;
1414 1254 1441 1282 ››
1502 1231 1684 1286 Ταῦτα
1721 1251 1778 1284 τε
1811 1229 1978 1284 εἰπεῖν

321 1320 414 1373 καὶ
445 1318 640 1392 ἀθρόον
684 1319 746 1372 τὸ
800 1326 898 1386 τῆς
954 1320 1328 1394 πατριαρχίας
1389 1315 1664 1391 σύμϐολον
1697 1318 1848 1394 ῥίψαι
1881 1320 1978 1387 τὴν

325 1407 650 1483 βακτηρίαν,
711 1409 810 1477 τὴν
866 1407 914 1462 δ’
971 1407 1350 1483 ἐπιρῥοιζῆσαι
1410 1408 1514 1482 πρὸ
1565 1404 1746 1461 ποδῶν
1781 1412 1858 1478 τῷ
1893 1409 1981 1482 βα-

321 1493 473 1549 σιλεῖ
501 1500 785 1565 πεσοῦσαν,
815 1496 908 1550 τὸν
943 1493 989 1550 δ’
1029 1494 1121 1568 ἅμ’
1174 1496 1496 1563 ἀναστάντα,
1589 1493 1771 1550 ποδῶν
1808 1501 1977 1570 εῖχεν,

317 1582 423 1654 ἔξω
457 1590 681 1659 χωρεῖν.
715 1584 820 1641 Καὶ
847 1585 938 1639 τὸν
998 1587 1092 1657 μὲν
1155 1585 1383 1660 βασιλέα
1411 1584 1462 1639 έν
1495 1584 1726 1659 αἰσχύνῃ
1756 1589 1980 1638 ποιοῦν-

1635 1672 1676 1690 δε

320 1695 388 1728 τα
421 1675 480 1728 τὸ
509 1681 734 1750 πρᾶγμα
774 1673 919 1729 ἐνεὸν
976 1675 1309 1746 ἀνίστασθαι,
1369 1675 1570 1729 έκεῖτον
1632 1673 1708 1740 δὲ,
1749 1673 1975 1728 πολλῶν

2087 537 2196 570 ται.
2232 514 2406 571 Ἀλλᾶ
2457 516 2727 578 πολλάκις
2779 519 2941 572 εἰπὼν
2993 519 3095 572 οὐκ
3141 517 3411 586 ἠκούσθη,
3453 521 3540 571 καὶ
3577 520 3740 594 ὑπερ-

2091 606 2300 678 ήμερος
2336 604 2582 681 ἐφαίτετο
2633 609 2666 676 ἡ
2723 609 2970 682 βοήθεια.
3023 609 3312 681 Δράττεται
3341 606 3518 660 τοίνυν
3554 609 3580 661 6
3607 629 3736 681 πρε-

2089 689 2292 748 σϐεύων
2341 700 2552 768 καιροῦ,
2604 697 2693 749 καὶ
2754 697 2780 750 6
2834 697 3019 769 καιρὸς
3076 697 3236 768 ἑορτὴ
3286 696 3350 763 ἦν
3384 699 3482 748 τοῦ
3518 696 3566 748 ἐν
3603 699 3740 770 μαρ-

2087 805 2207 837 τυσι
2266 791 2591 860 περιφανοῦς
2653 786 2924 858 Γεωργίου
2978 785 3067 838 καὶ
3120 785 3331 856 σύναξις
3387 782 3593 859 ἀνδρῶν
3643 785 3741 840 οὐκ

2088 871 2291 945 ὀλίγων
2345 872 2443 926 ἀνά
2493 875 2592 942 τὴν
2647 877 2754 926 τῶν
2817 865 3115 948 Μαγγάνων
3179 875 3372 944 μονήν.
3435 875 3531 926 Καὶ
3579 874 3606 927 6
3641 876 3734 944 μὲν

2086 960 2262 1032 ἱερεὺς
2319 963 2418 1030 τὴν
2476 962 2803 1034 ἀναίμακτον
2867 960 3033 1016 ἐτέλει
3094 961 3298 1030 Ουσίαν,
3335 959 3450 1015 ὁδε
3482 962 3736 1036 βασιλεὺς

2087 1051 2377 1122 ἱστάμενος
2426 1049 2684 1107 ἐτελεῖτο.
2747 1051 2892 1107 Ἑπεῖ
2955 1049 3002 1104 δ’
3057 1049 3370 1120 ἐτελεύτα
3401 1056 3510 1105 τῶν
3545 1049 3734 1126 δώρων

2088 1142 2329 1214 ἀναφορά
2384 1141 2472 1195 καὶ
2534 1139 2639 1195 ἔδει
2693 1142 2781 1195 τὸν
2848 1141 3073 1214 βασιλέα
3127 1143 3427 1214 νιψάμενον
3459 1141 3738 1216 προεισελ-

2087 1235 2196 1293 θεῖν
2258 1229 2337 1306 ἐφ’
2394 1231 2438 1302 ᾧ
2494 1251 2552 1284 τε
2613 1236 2901 1305 μετασχεῖν
2965 1228 3264 1303 ἀντιδώρου
3334 1230 3421 1284 καὶ
3479 1231 3732 1306 εὐλογίαν

2085 1318 2355 1391 παράτοῦ
2416 1317 2906 1392 λειτουργήσαντος
2968 1316 3237 1387 δέξασθαι,
3295 1316 3734 1391 ἀνοίγνυνταιτα

2083 1406 2314 1477 πρόσθεν
2373 1411 2478 1460 τῶν
2538 1405 2746 1461 ἀδύτων
2810 1407 2987 1480 θύρια,
3044 1406 3390 1480 ἐμφανίζεται
3437 1408 3464 1459 6
3511 1407 3608 1474 τὴν
3646 1408 3733 1460 £6-

2085 1497 2190 1568 χήν
2222 1494 2458 1549 τελέσων
2508 1500 2588 1566 τῷ
2651 1495 2884 1569 βασιλεῖ,
2945 1495 3194 1571 πρόσεισι
3229 1494 3488 1570 βασιλεὺς
3520 1495 3738 1550 ἐκτείνει

2082 1585 2177 1644 τὰς
2210 1589 2398 1659 χεῖρας
2443 1589 2539 1638 τοῦ
2601 1585 2746 1647 θείου
2798 1582 2961 1658 ἃρτου
3022 1583 3363 1658 ληψόμενος,
3419 1583 3602 1658 ἐπέχει
3633 1587 3730 1652 τῆν

2085 1670 2254 1743 δεξιὰν
2285 1674 2312 1726 6
2340 1672 2513 1746 ἱερεὺς
2561 1675 2621 1726 τὸ
2668 1678 2764 1728 τοῦ
2811 1675 2962 1749 ἱεροῦ
3014 1674 3177 1746 ἄρτου
3217 1673 3436 1745 κλάσμα
3467 1675 3730 1747 κατέχον)-

317 1761 634 1837 ἐπεχόντων
662 1765 749 1818 καὶ
807 1785 866 1839 γε
917 1768 1023 1818 τῶν
1085 1763 1145 1818 ὲκ
1203 1763 1479 1836 βασιλέως
1511 1771 1726 1838 συχνῶν
1761 1783 1975 1835 πεμπο-
2006 1799 2054 1862 Β
2086 1784 2200 1818 σαν.
2350 1766 2476 1834 2⁸76]
2537 1763 2636 1818 Καὶ
2688 1762 2829 1817 οὕτω
2881 1767 2988 1816 τῶν
3055 1766 3146 1834 μὲν
3207 1767 3406 1838 χειρῶν
3444 1763 3730 1835 ἐκτεταμέ-

319 1852 499 1924 μένων
528 1853 619 1907 καὶ
679 1853 1009 1928 ὑποστρέψαι
1068 1851 1527 1929 παρακαλούντων
1575 1854 1648 1914 ὡς
1681 1853 1756 1914 εἰς
1792 1850 1970 1919 λύπην

314 1946 399 2013 τῷ
463 1941 680 2016 βασιλεῖ
731 1943 1106 2017 γενησομένης
1156 1950 1256 2011 τῆς
1326 1942 1713 2017 ἐκχωρήσεως,
1769 1942 1857 1995 τὸν
1919 1939 1974 1996 δὲ

415 2029 799 2084 κ.,.),.ρ
981 2029 1555 2085 ςλιμυνμ-
1686 2031 1792 2058 κ,

322 2051 438 2102 μηο
491 2053 638 2093 σιω..
672 2053 918 2099 ακοοσαι,
971 2049 1038 2087 αΛ
1085 2054 1116 2086 α
1168 2037 1295 2104 ..εζῃ
1349 2029 1580 2094 διελθειν
1614 2052 1701 2084 και
1735 2052 1834 2098 την
1873 2051 1970 2102 μο-

312 2122 415 2190 νὴν
465 2123 565 2189 τῆς
615 2121 807 2196 χώρας
850 2117 1202 2187 καταλαϐεῖν,
1254 2116 1400 2194 ἔργῳ
1446 2119 1684 2190 δειξαντα
1731 2122 1829 2189 τὴν
1875 2123 1971 2173 τοῦ

319 2211 501 2279 ζήλου
533 2207 688 2286 φύσιν
724 2210 906 2279 ὁποία,
936 2211 1027 2265 καὶ
1059 2211 1132 2274 ὡς
1188 2208 1248 2263 οὐ
1281 2204 1550 2282 λαμϐάνει
1579 2210 1872 2284 πρόσωπον
1907 2206 1971 2262 ἆυ

311 2298 453 2352 κατά
511 2299 640 2353 Θεὸν
698 2298 932 2375 γίνηται.
993 2297 1230 2354 ’Λλλοτε
1289 2296 1355 2367 δὴ
1415 2298 1579 2354 πάλιν
1651 2298 1967 2373 (προτρέχει

312 2389 421 2463 γὰρ
481 2387 570 2443 καὶ
627 2393 790 2443 τοῦτο
853 2388 1112 2465 ῥηθῆναι)
1173 2388 1303 2464 ὑπὲρ
1362 2387 1654 2464 ἀνθρώπου
1682 2385 1866 2458 δέησις
1897 2389 1964 2456 ἦν

311 2611 561 2662 tronum
593 2609 846 2672 vertens,
872 2607 1142 2678 asperius
1172 2612 1228 2662 et
1252 2608 1375 2678 ipse
1409 2606 1795 2678 responsavit.
1831 2606 1966 2662 Pro-

312 2701 579 2752 cesserat
603 2713 749 2768 pene
769 2695 829 2751 in
852 2697 1123 2768 jurgium
1147 2696 1523 2767 lis,poscente
1545 2696 1976 2764 hoc,abnuente

313 2784 446 2851 illo,
481 2785 776 2841 efﬁcacius
811 2785 920 2841 hoc
942 2786 1315 2858 deprecante,
1347 2788 1551 2841 contra
1609 2784 1711 2841 illo
1767 2802 1975 2841 excan-

320 2876 622 2931 descente.
658 2876 921 2931 Tandem
966 2880 1329 2931 contestante
1389 2874 1639 2947 praesule
1692 2875 1972 2946 injuriam

321 2964 549 3021 homini
581 2964 726 3031 fieri,
762 2965 1022 3036 principe
1072 2965 1219 3020 nihil
1282 2965 1338 3020 id
1402 2982 1463 3020 se
1517 2981 1722 3020 curare
1782 2971 1976 3020 osten-

321 3056 523 3121 dente,
559 3054 804 3126 praasule
836 3072 898 3112 se
931 3055 1123 3111 adhuc
1157 3055 1365 3110 fortius
1390 3059 1679 3122 acturum,
1715 3054 1772 3108 ni
1807 3054 1975 3108 audi-

2082 1873 2187 1904 νων
2220 1855 2298 1922 τῷ
2334 1849 2566 1925 βασιλεῖ,
2599 1855 2699 1915 τῆς
2751 1849 2806 1906 δὲ
2855 1848 3029 1921 δεξιᾶς
3075 1856 3153 1922 τῷ
3198 1853 3336 1924 ἱερεῖ
3365 1851 3728 1925 ἀτρεμούσης,

2145 1942 2364 2014 γλῶσσα
2397 1942 2536 2014 θέρει
2566 1943 2665 2009 τὴν
2701 1940 2900 1995 ἱκεσίαν
2950 1940 3038 1994 καὶ
3086 1945 3166 2011 τῷ
3215 1938 3545 2012 λυπουμένῳ
3580 1946 3731 2010 ζητεῖ

2079 2031 2178 2098 τὴν
2213 2029 2390 2086 λύσιν.
2417 2028 2572 2090 Εἶδες
2605 2027 2664 2083 ἂν
2713 2031 2834 2084 τότε
2882 2034 3124 2104 γενναῖον
3156 2029 3486 2103 παράστημα
3517 2032 3726 2104 ψυχῆς,

2078 2123 2174 2172 τοῦ
2235 2119 2330 2190 μὲν
2389 2117 2692 2180 ἱκτεύοντος
2752 2116 2930 2172 δοῦναι
2989 2119 3086 2186 τὴν
3145 2116 3320 2185 λύσιν,
3369 2117 3457 2172 καὶ
3501 2119 3731 2190 τοῦμὲν

2080 2207 2155 2269 εἷς
2187 2209 2374 2283 καιρὸν
2408 2209 2748 2283 ἀναρτῶντος
2807 2207 2880 2269 ὡς
2943 2209 3018 2279 μή
3073 2202 3228 2269 ὄντος
3276 2206 3483 2261 ἐκείνου
3531 2211 3729 2282 καιροῦ

2081 2297 2310 2366 λύσεως,
2338 2302 2433 2352 τοῦ
2465 2295 2636 2352 δὲκαὶ
2674 2298 2886 2372 μᾶλλον
2937 2299 3010 2360 ὡς
3061 2293 3215 2358 ὄντος
3269 2296 3720 2372 ἐξανακράζοντος

2080 2388 2192 2460 ἄμα
2227 2387 2320 2460 μὲν
2369 2388 2643 2462 ἁγιασμοῦ
2703 2386 2762 2442 ἐκ
2820 2391 2978 2457 Θεοῦ,
3029 2389 3140 2460 ἅμα
3186 2384 3244 2440 δὲ
3273 2386 3362 2440 καὶ
3396 2385 3732 2459 συμπαθείας

2154 2605 2370 2677 Arripit
2383 2606 2577 2677 agitur
2591 2607 2958 2664 occasionem
2974 2606 3535 2678 intercessor,quam
3555 2622 3588 2660 a
3604 2603 3708 2659 reli
3723 2616 3743 2626 '

2083 2694 2254 2767 gione
2287 2695 2406 2750 fore
2437 2696 2666 2766 putavit
2688 2696 3004 2752 efﬁcacem.
3033 2697 3266 2752 Festum
3290 2695 3574 2767 agebatur
3607 2709 3734 2765 per-

2086 2784 2338 2840 illustris
2370 2784 2526 2839 inter
2550 2790 2836 2858 martyres
2860 2786 3114 2858 Georgii,
3147 2794 3201 2842 et
3244 2789 3564 2840 conventus
3605 2786 3730 2838 erat

2088 2891 2203 2929 non
2229 2873 2469 2930 modica:
2503 2874 2908 2930 multitudinis
2942 2876 3095 2945 apud
3121 2876 3302 2929 aedem
3337 2890 3566 2929 sacram
3603 2888 3729 2926 mo-

2086 2963 2323 3018 nasterii
2361 2963 2810 3035 Manganorum,
2843 2963 3322 3018 incruentumibi
3382 2960 3735 3017 sacrificium

2089 3053 2366 3108 oti'ereute
2422 3052 2744 3124 patiarcha.
2809 3051 3133 3124 Imperator
3217 3050 3401 3106 sacris
3485 3048 3734 3104 astabat.

322 3151 512 3213 retur,
536 3161 649 3216 pra:
671 3160 734 3200 se
766 3145 1003 3211 ferente,
1034 3144 1296 3216 principe
1356 3150 1558 3199 contra
1615 3147 1968 3211 ostentante,
2007 3139 2048 3204 C
2089 3141 2195 3197 Ubi
2227 3157 2358 3196 vero
2392 3141 2644 3212 perfecta
2667 3141 2960 3197 oblatione
2982 3141 3270 3196 donorum
3291 3149 3526 3210 tempus
3546 3137 3732 3193 adfuit

325 3233 620 3306 quidquid
654 3234 991 3289 faceretaut
1022 3233 1260 3298 diceret,
1295 3231 1441 3287 nihil
1494 3233 1977 3303 impetraturum,

315 3340 393 3379 ne
425 3327 556 3378 tum
609 3323 848 3394 quidem
908 3321 1242 3393 patriarcha
1285 3323 1476 3377 victus
1533 3320 1822 3377 abscessit
1879 3326 1982 3376 aut

319 3417 674 3482 susceptum
733 3428 907 3466 suum
984 3412 1250 3467 deserere
1308 3411 1613 3476 sustinuit,
1674 3411 1774 3466 sed
1832 3415 1979 3465 aestu

320 3501 520 3557 elatus
551 3501 983 3557 effervescentis
1018 3501 1178 3556 intus
1206 3500 1353 3556 zeli:
1381 3499 1578 3564 «Quid
1613 3497 1796 3570 igitur
1828 3501 1851 3553 Ρ
1894 3498 1980 3553 in-

321 3590 492 3663 quit;
527 3607 600 3646 an
633 3606 836 3646 censes
868 3607 1101 3662 aequum
1130 3590 1437 3662 episcopos
1470 3589 1625 3660 apud
1652 3605 1752 3643 vos
1796 3588 1981 3643 nihilo

323 3681 518 3754 pluris
550 3698 679 3737 esse
737 3697 916 3754 quam
967 3699 1185 3754 coquos
1248 3685 1349 3736 aut
1407 3686 1709 3745 stratores,
1765 3679 1982 3750 quibus

320 3772 532 3828 omnia
561 3771 725 3827 vobis
751 3771 998 3844 obsequi
1032 3775 1090 3827 et
1121 3771 1191 3827 ad
1217 3775 1428 3826 nutum
1467 3769 1685 3825 servire
1746 3785 1981 3824 necesse

317 3866 420 3918 est
449 3860 477 3916 ?
510 3882 537 3910 ››
570 3859 758 3916 Simul
791 3860 912 3916 hac
936 3861 1138 3915 dicens
1170 3858 1522 3932 pastoralem
1557 3855 1856 3928 baculum,
1881 3875 1982 3928 pa-

322 3949 665 4006 triarchalis
726 3948 960 4020 insigne
1024 3947 1353 4018 dignitatis,
1414 3951 1550 4002 ante
1609 3946 1981 4017 imperatoris

318 4039 505 4112 pedes
530 4036 775 4109 abjicit:
811 4038 934 4109 ipse
974 4036 1196 4108 impetu
1238 4051 1560 4108 exsurgens
1606 4034 1983 4092 velocissimo

326 4145 515 4202 passu
547 4145 611 4183 se
640 4128 797 4184 foras
828 4127 1009 4197 ejicit.
1055 4127 1117 4182 Id
1175 4125 1379 4182 videns
1431 4126 1752 4194 imperator
1795 4130 1851 4180 et
1909 4125 1982 4180 ad

322 4215 721 4291 ignominiam
757 4217 1047 4288 pertinere
1097 4232 1263 4271 suam
1327 4220 1631 4286 reputans,
1681 4213 1976 4270 sollicitus

323 4306 619 4378 assurgit,
653 4303 860 4360 multis
893 4304 1316 4377 digredientem
1345 4308 1544 4358 tenere
1575 4301 1972 4374 patriarcham

318 4395 703 4461 conantibus,
732 4399 790 4450 et
820 4393 951 4450 aliis
975 4410 1153 4465 super
1183 4392 1330 4448 alios
1362 4392 1433 4448 ab
1459 4392 1812 4463 imperatore
1844 4390 1981 4444 mis-

2091 3247 2207 3302 quo
2238 3247 2308 3286 ex
2331 3247 2489 3286 more
2520 3233 2675 3286 lotus
2707 3231 3026 3302 imperator
3055 3231 3326 3285 accedere
3359 3227 3609 3283 debebat
3665 3227 3738 3282 ad

2092 3319 2522 3392 perceptionem
2578 3320 2748 3391 panis
2794 3319 3108 3384 benedicti,
3169 3334 3345 3390 quem
3396 3317 3737 3371 antidorum

2087 3412 2318 3476 vocant,
2343 3413 2399 3464 et
2420 3408 2716 3480 eulogiam
2749 3427 2783 3464 a
2813 3408 3142 3464 celebrante
3203 3407 3490 3478 accipere,
3549 3403 3732 3460 reclu-

2090 3499 2314 3553 duntur
2335 3498 2661 3554 anteriores
2694 3499 3002 3570 adytorum
3041 3499 3215 3564 fores,
3263 3501 3320 3551 et
3392 3495 3584 3565 prodit
3640 3492 3738 3565 qui

2087 3587 2236 3642 bene
2295 3592 2638 3659 precaturus
2697 3587 3039 3659 imperatori
3078 3586 3251 3657 juxta
3309 3601 3531 3641 morem
3590 3587 3733 3639 erat.

2090 3676 2304 3731 Praesto
2337 3681 2426 3732 est
2452 3679 2752 3749 Augustus
2789 3693 2802 3732 :
2836 3681 2892 3733 et
2924 3693 3136 3732 manus
3197 3674 3446 3747 porrigit
3491 3689 3726 3729 sacrum

2089 3772 2436 3836 sumpturus
2489 3783 2722 3836 panem.
2791 3765 3036 3821 Cohibet
3086 3765 3386 3820 dexteram
3438 3763 3732 3830 sacerdos,

2089 3871 2207 3926 qua
2241 3857 2632 3924 fragmentum
2662 3855 2812 3910 sacri
2849 3853 3018 3925 panis
3041 3854 3296 3916 tenebat,
3319 3853 3388 3907 Et
3418 3853 3502 3907 sic
3535 3856 3736 3906 exten-

2088 3943 2170 3999 sis
2217 3943 2592 4014 imperatoris
2639 3942 2876 4014 palmis,
2948 3959 3122 3996 manu
3206 3958 3339 3995 vero
3425 3941 3736 4010 patiarcha

2091 4031 2278 4104 rigide
2309 4047 2622 4102 suspensa,
2654 4030 2859 4102 lingua
2887 4031 3015 4099 ejus
3046 4029 3220 4084 toties
3252 4033 3423 4083 antea
3456 4030 3732 4098 rejectam

2089 4120 2579 4191 supplicationem
2614 4119 2866 4188 iteravit,
2899 4124 2956 4174 et
3008 4117 3232 4174 homini
3285 4133 3434 4189 aegre
3477 4116 3736 4183 habenti,

2089 4214 2154 4265 ut
2183 4210 2254 4264 ab
2288 4209 2641 4280 imperatore
2664 4208 2819 4279 quod
2844 4207 3102 4279 optabat,
3118 4205 3482 4277 contingeret
3502 4209 3736 4277 precata

2089 4302 2197 4354 est.
2230 4297 2472 4352 Videres
2515 4297 2610 4351 hic
2660 4295 2934 4367 utrinque
2986 4295 3263 4350 obnixam
3322 4294 3381 4349 in
3437 4294 3736 4365 proposito

2090 4386 2483 4442 constantiam
2535 4387 2785 4442 duorum
2832 4385 3033 4440 invicti
3093 4385 3304 4456 rigoris
3377 4384 3732 4439 animorum.

320 4486 412 4542 sis
442 4486 574 4556 ejus
606 4483 840 4540 nomine
865 4482 1212 4556 rogantibus
1228 4485 1293 4537 ut
1324 4481 1538 4537 rediret
1569 4481 1642 4535 ad
1672 4484 1975 4535 vocantem
2013 4498 2056 4563 ι)
2089 4477 2247 4532 Nihil
2278 4477 2432 4533 enim
2467 4477 2537 4532 de
2563 4476 2861 4532 sententia
2892 4475 3150 4530 dimotus
3213 4475 3534 4545 imperator
3591 4473 3736 4544 frag.

319 4576 665 4644 Augustum
692 4577 750 4629 et
779 4574 1108 4629 discessum
1152 4571 1310 4626 hunc
1369 4571 1498 4641 ejus
1558 4567 1979 4625 molestissime

321 4664 630 4720 ferentem.
676 4663 776 4720 Ille
835 4664 903 4718 ad
955 4663 1155 4719 omnia
1206 4662 1422 4718 surdus
1471 4677 1709 4716 cursum
1762 4659 1975 4729 tenuit,

321 4755 520 4825 quoad
549 4753 605 4808 in
630 4753 911 4821 vicinum,
945 4753 1048 4810 ubi
1079 4752 1507 4819 diversabatur,
1553 4750 1976 4805 monasterium

323 4843 508 4915 pedes
540 4841 824 4914 pervenit,
857 4841 1052 4913 reipsa
1074 4841 1389 4897 ostendens
1422 4856 1550 4911 quae
1588 4837 1813 4894 indoles
1871 4836 1976 4893 zeli

319 4932 425 4994 sit,
489 4947 787 5003 quamque
837 4929 956 4998 ille,
997 4947 1130 4986 cum
1185 4929 1372 4985 Dcum
1432 4928 1607 4984 habet
1656 4934 1974 4994 auclorem,

319 5020 653 5076 reverentia
683 5019 1007 5090 quantaevis
1040 5019 1215 5076 etiam
1239 5017 1544 5090 prasentis
1567 5032 1827 5088 personas
1859 5031 1975 5069 non

318 5109 744 5166 retardaretur.
794 5109 954 5166 Alias
998 5126 1207 5165 rursus
1267 5108 1427 5182 (nam
1478 5111 1534 5162 et
1577 5105 1692 5160 huc
1751 5105 1976 5176 impetu

315 5197 502 5255 semel
552 5198 924 5270 digrediendi
986 5203 1156 5272 capto
1209 5214 1389 5270 prono
1449 5196 1621 5268 lapsu
1673 5199 1978 5267 procurrat

321 5287 537 5359 oratio)
572 5286 741 5354 alias,
777 5287 1025 5360 inquam
1058 5305 1270 5344 rursus
1296 5286 1500 5342 orabat
1533 5283 1836 5357 patiarcha
1874 5301 1977 5357 pro

319 5377 585 5446 homine,
618 5377 710 5433 cui
765 5378 991 5448 justum
1055 5379 1331 5434 censebat
1384 5376 1458 5431 ab
1513 5377 1865 5447 imperatore
1917 5374 1976 5429 id

322 5464 619 5537 indulgeri
653 5482 770 5538 quo
804 5467 1034 5538 egebat,
1083 5466 1186 5521 sed
1242 5464 1518 5536 replicata
1559 5463 1772 5534 saepius
1806 5461 1976 5531 nihil

323 5553 672 5626 proﬁciebat
703 5555 890 5611 oratio
918 5575 932 5625 ;
957 5559 1014 5612 et
1039 5556 1186 5611 407
1217 5555 1338 5625 jam
1361 5552 1538 5626 longa
1565 5551 1977 5624 adeoquei‘nﬁ-

325 5639 453 5698 nita
481 5639 794 5699 videbatur
828 5659 980 5717 sepe
1011 5645 1233 5702 frustra
1284 5640 1474 5716 rogali
1533 5638 1734 5699 auxilii
1790 5655 1972 5698 mora.

2091 4571 2351 4622 mentum
2377 4566 2634 4637 petebat,
2661 4564 2998 4637 patriarcha
3011 4563 3270 4620 vicissim
3294 4563 3520 4618 veniam
3541 4562 3743 4618 orabat

2090 4656 2356 4729 pauperi.
2391 4660 2582 4726 Atque
2614 4654 2953 4725 imperatori
2987 4653 3295 4710 excusanti
3328 4669 3444 4708 non
3499 4668 3628 4707 esse
3685 4651 3739 4704 id

2092 4749 2294 4817 aptum
2327 4745 2508 4800 venia
2540 4744 2638 4799 isti
2673 4743 3055 4800 concedendae
3110 4748 3367 4814 tempus,
3419 4743 3476 4796 et
3525 4739 3743 4795 diti‘erri

2089 4833 2390 4905 negotium
2446 4833 2735 4904 poscenti,
2789 4833 3125 4905 patriarcha
3158 4835 3360 4887 contra
3430 4829 3747 4901 reponebat

2091 4923 2306 4994 optime
2343 4922 2620 4994 conjungi
2647 4939 2780 4978 cum
2813 4922 3187 4994 perceptione
3241 4919 3441 4992 gratia
3500 4936 3569 4975 ex
3627 4919 3740 4973 Deo

2087 5012 2522 5084 indulgentiam
2547 5012 2605 5066 in
2637 5011 2940 5067 hominem
2972 5011 3156 5068 venia:
3177 5027 3190 5078 ;
3215 5015 3341 5065 tum
3376 5010 3746 5065 asseverabat

2087 5118 2387 5172 nunquam
2422 5117 2483 5158 se
2512 5101 2870 5157 tributurum
2902 5118 3137 5157 sacrum
3173 5117 3407 5172 panem,
3461 5097 3572 5153 nisi
3625 5112 3740 5167 quo

2087 5193 2396 5265 petebatur
2462 5191 2780 5264 largiretur
2821 5192 3158 5265 imperator.
3203 5190 3403 5245 Finem
3449 5197 3740 5244 certamen

2087 5301 2206 5338 non
2232 5283 2504 5349 habebat,
2520 5283 2711 5352 quoad
2732 5283 2964 5338 tandem
2984 5280 3283 5336 intentiori
3308 5275 3740 5349 supplicatione

2088 5373 2308 5428 institit
2335 5375 2632 5443 Augustus
2667 5377 2730 5427 ut
2762 5371 2874 5427 sibi
2908 5371 3080 5443 panis
3106 5371 3362 5434 daretur,
3385 5383 3497 5422 non
3532 5370 3651 5420 tam
3676 5363 3746 5417 ad

2091 5480 2264 5520 usum
2301 5464 2650 5528 fructumve,
2677 5467 2742 5517 ut
2796 5462 3005 5531 aiebat,
3070 5459 3372 5532 proprium
3433 5469 3610 5525 quam
3671 5451 3746 5505 ad

2085 5552 2468 5610 otfensionem
2492 5551 2815 5624 spectantis
2838 5549 3036 5624 p0pu1i
3054 5547 3378 5613 vitandam,
3397 5542 3548 5614 apud
3569 5555 3744 5612 quem

2086 5637 2542 5700 existimationis
2579 5639 2877 5713 jacturam
2910 5637 3155 5706 subiret,
3189 5634 3238 5692 si
3273 5646 3492 5691 vacuus
3521 5632 3583 5686 et
3597 5627 3749 5685 sacri
