3912 6192
373 308 480 363 863

1677 291 1978 351 GEORGII
2016 283 2478 341 PACHYMERE
3581 292 3663 348 861.

378 429 512 505 πρὸς
546 427 845 499 ἄνθρωπον.
874 420 1040 484 Τέλος
1091 417 1373 475 ἀντιϐολεῖ
1423 416 1676 494 βασιλεὺς
1707 415 1766 470 τὸ
1795 412 2018 486 κλάσμα
2048 414 2102 478 Α
2133 406 2267 478 πρὸς
2301 404 2542 473 ἕκαστον,
2603 401 2691 459 ’διά
2745 405 2806 460 τὸ
2862 403 3076 478 ἀξίωμα
3133 406 3412 480 ἀγανακτεῖν
3436 411 3509 464 καὶ
3535 409 3672 469 Sumtu-

379 512 699 588 λαμϐάνειν,
760 513 820 566 οὐ
869 512 1005 566 κατά
1069 511 1255 584 χρεῖαν
1321 508 1555 582 μᾶλλον,
1616 507 1688 568 ὡς
1735 500 2016 576 ἕδειξεν,ᾔ

374 604 480 678 εῗγε
505 603 658 662 κενὸς
706 602 1036 674 ἀποστρέψει
1082 601 1172 654 τὸν
1221 599 1350 654 λαὸν
1401 595 1817 671 αἶ’σχυνὸμενος.
1848 595 1934 654 Ὠς
1969 590 2014 646 δ’

374 693 471 746 ούκ
501 688 701 760 ἐδίδου,
761 689 835 752 εἷς
895 696 1066 763 κρῖμα
1121 688 1290 764 λέγων
1353 681 1674 759 λαμϐάνειν,
1706 684 1749 737 εἷ
1787 685 1860 754 μὴ
1897 681 2012 735 λύει

371 786 448 851 τῷ
507 778 756 848 διακενῆς
814 779 1142 851 λυπουμένῳ
1189 779 1288 845 τὴν
1341 777 1543 844 λύπην,
1601 767 1923 847 μεταϐαλεῖν
1956 792 2014 825 τε

365 869 721 944 τὸνβασιλέα
764 870 826 923 τὸ
883 867 1075 942 ἱλαρὸν
1139 868 1214 930 εἷς
1272 866 1462 940 ὀργῆν,
1520 865 1606 918 καὶ
1645 861 1811 936 μηδὲν
1844 881 2014 937 προσο

371 960 526 1022 θέντα
551 965 672 1031 τοῦ,
715 985 731 1009 κ
769 958 1046 1032 Ἀνέορτα,
1081 982 1107 1007 ››
1141 957 1332 1028 εἰπεῖν,
1371 981 1395 1007 ί(
1433 956 1801 1027 ἕιυρτάσαμεν,
1838 978 1863 1002 ››
1896 972 2012 1027 χω-

369 1051 527 1122 ρῆσαι
559 1049 692 1124 πρὸς
723 1049 784 1102 τὸ
816 1048 1100 1102 παλάτιον.

367 1211 440 1263 κε’
497 1212 689 1270 ’Όπως
773 1209 847 1280 μὴ
929 1209 1101 1284 (θέρων
1161 1207 1187 1258 ὁ
1250 1202 1504 1284 gladii);
1561 1204 1659 1284 ἶῂν
1718 1204 1860 1275 παρά
1915 1205 2011 1254 τοῦ

543 1270 886 1354 πατριάρχου
916 1270 1210 1354 ἐνύχλησιν
1236 1270 1334 1345 τὴν
1366 1276 1554 1351 τρῖτην
1587 1270 1822 1330 ἔταττεν.

437 1408 518 1477 [Ρ.
552 1407 675 1477 277]
708 1404 832 1461 Ἐπὶ
863 1404 1075 1464 τούτοις
1124 1405 1151 1458 ὁ
1206 1399 1458 1476 βασιλεὺς
1505 1396 1766 1462 αἰδεσθεὶς
1797 1399 1886 1452 τὸν
1920 1394 2009 1450 ἀν-

369 1489 487 1565 δρα,
523 1491 752 1566 ὠρέγετο
810 1493 904 1564 μὲν
963 1488 1183 1546 ἔκποθεν
1243 1487 1414 1542 αἰτίαν
1476 1483 1864 1561 σχεδιασοῆναι
1913 1489 2010 1540 τοῦ

368 1582 516 1642 ὃπως
548 1581 908 1648 ταπεινωθείη
958 1582 1020 1634 τὸ
1073 1583 1167 1632 τοῦ
1220 1575 1411 1649 ἀνδρὸς
1462 1575 1901 1644 ἀκατάπληκτον,
1931 1579 2010 1645 τῷ

369 1668 425 1724 δὲ
457 1691 512 1744 γε
543 1669 678 1732 τέως
708 1673 820 1730 τοῖς
853 1668 974 1743 περῖ
1005 1667 1161 1722 αὐτὸν
1196 1665 1642 1739 ἀπολογούμενος
1685 1663 1833 1724 ὅπως
1864 1661 2005 1716 πολ-

2127 492 2328 548 λαίνειν
2358 495 2492 567 πρὸς
2545 495 2644 563 τήν
2703 496 3040 562 κατάνευσιν,
3098 493 3308 550 πολλῶν
3363 496 3670 573 ἐπεισρεόντων

2125 581 2356 646 ἄλλοθεν
2391 583 2576 638 ἀλλων
2619 585 2706 638 καὶ
2763 583 3136 657 μεΟελκόντων
3189 585 3389 640 ἑκάστου
3415 588 3528 662 πρὸς
3554 590 3672 646 ἑαυτὸ

2122 673 2211 726 τὸν
2241 677 2369 726 νοῦν
2399 674 2488 727 τὸν
2527 671 2824 748 βασίλειον.
2883 673 2984 729 Καὶ
3037 675 3129 728 τὸν
3175 676 3342 746 μαθεῖν
3385 677 3463 728 καὶ
3493 683 3674 746 ζητῆσαι

2123 762 2310 835 καιρὸν
2373 760 2622 836 ἐντυχίας
2685 759 2842 830 Υδιον,
2907 767 3033 835 μιᾶς
3093 764 3291 838 ἡμέρας
3345 764 3411 825 εἷς
3437 769 3568 819 τοῦτο
3590 771 3672 820 τῶν

2123 850 2256 904 ἒπτά
2289 851 2624 926 ἐκλεγείσης.
2685 851 2781 906 Καὶ
2840 851 3127 927 ἐκλεγῆναι
3181 854 3275 921 τήν
3322 853 3591 928 τρίτην,ὡς
3614 857 3675 909 εἶ-

2121 961 2206 993 ναι
2245 940 2417 1012 μόνην
2446 941 2648 1012 ταύτην
2700 948 2806 1010 τῆσ
2863 937 3168 1014 ἑϐδομάδος
3222 941 3414 1012 ἀπάσης
3437 944 3590 1017 καιρὸν
3617 942 3678 998 ἐν·

2120 1029 2314 1102 τυχῖας
2345 1029 2479 1103 ὑπὲρ
2538 1030 2838 1103 ἀνθρώπων
2895 1035 2993 1085 τοῦ
3049 1032 3374 1106 πατριάρχου
3412 1032 3528 1106 πρὸς
3563 1032 3680 1097 βασι-

2121 1115 2240 1184 λέα,
2272 1119 2542 1191 ταχθῆναί
2596 1140 2654 1173 τε
2709 1118 2798 1173 καὶ
2857 1120 3232 1194 γραμματικὸν
3291 1117 3413 1173 ἴδιον
3454 1120 3528 1172 τὸν
3555 1124 3679 1194 Eae:-

2159 1211 2274 1261 ῖνον
2343 1207 2598 1282 Μιχαὴλ,
2659 1207 2739 1284 ἐφ’
2795 1210 2840 1281 ᾦ
2903 1209 2998 1270 τὰς
3066 1207 3245 1272 λύσεις
3302 1213 3398 1262 τῶν
3454 1209 3686 1284 ἀναφορῶν

2118 1294 2520 1371 ἀναδεχόμενον
2579 1300 2822 1376 γράφειν.
2884 1298 3072 1362 Οὕτως
3116 1299 3180 1367 ἦν
3239 1301 3272 1367 ἡ
3327 1298 3466 1374 τρίτη
3519 1299 3680 1374 ἀφωρι-

2121 1387 2291 1456 σμένη
2365 1392 2479 1458 Θεῷ
2505 1386 2690 1451 ἐλέους
2749 1389 2841 1442 καὶ
2899 1387 3310 1464 παρακλήσεως.
3363 1389 3442 1448 Ὠς
3478 1388 3528 1440 ἄν
3556 1384 3601 1440 δὲ
3625 1387 3682 1457 μή

2119 1474 2406 1552 ἀφαιροῖτο
2437 1478 2470 1545 ἡ
2503 1478 2683 1551 ἡμέρα
2724 1481 2821 1532 τοῦ
2873 1476 3199 1552 προνομίου,
3247 1473 3685 1550 ἀσχοληθέντοςὲττ

2119 1561 2315 1626 ἄλλοις
2368 1565 2485 1620 κατ’
2541 1566 2777 1642 ἀνάγκην
2831 1571 2928 1620 τοῦ
2987 1564 3235 1634 ἄνακτος,
3291 1564 3446 1626 τόπος
3500 1563 3686 1617 ἀναπαύ-

2119 1673 2255 1716 σεως
2282 1659 2400 1715 τοῖς
2427 1655 2548 1730 περὶ
2579 1656 2669 1709 τὸν
2719 1654 3068 1730 πατριάρχην
3123 1657 3158 1725 ἡ
3209 1661 3304 1724 τῆς
3332 1655 3498 1728 χώρας
3523 1652 3684 1726 ἐτάχθη

368 1741 525 1819 λάκνις
583 1754 872 1812 ἀντιϐαίνει
923 1741 1010 1812 καὶ
1067 1755 1126 1810 οὐ
1184 1755 1422 1818 πείθεται
1486 1752 2006 1826 μεσιτεύοντος,τήν
2039 1779 2085 1844 Β
2121 1744 2286 1815 μονὴ,
2320 1742 2396 1804 εἷς
2426 1741 2490 1812 ἤν
2541 1745 2631 1798 καὶ
2682 1745 3032 1822 ὑποστρέφων
3087 1743 3275 1812 ἐνίοτε,
3314 1742 3376 1811 ἢν
3399 1741 3688 1814 τίπρωῖαθεν

365 1854 566 1922 συνεχῆ
629 1844 956 1921 προσεδρίαν
1013 1846 1204 1920 ᾐτιᾶτο
1279 1852 1378 1913 τῆς
1439 1842 1729 1910 ἀπειθείας,
1788 1841 1874 1895 καὶ
1930 1842 2004 1902 ὡς

368 1942 612 2011 συνεχῶς
640 1935 1048 2012 ἐνοχλούμενος
1104 1935 1295 1990 ταυτὸν
1335 1955 1385 1988 τι
1437 1934 1637 2007 πάσχει
1667 1937 1788 1995 τοῖς
1817 1930 2011 2004 ἁψικο-

368 2047 484 2100 ροις
518 2024 746 2080 πολλῶν
797 2024 1238 2097 παρατιθεμένων
1303 2022 1643 2098 βρωμάτων⁸
1707 2020 2012 2095 ὀργίζεσθαι

363 2114 466 2187 γάρ
500 2113 750 2184 ἐκείνους,
810 2111 875 2181 ἦν
941 2115 1014 2186 μή
1074 2134 1155 2174 τις
1209 2112 1640 2180 ἀποσκευάζηται
1679 2111 1745 2163 τά
1772 2108 2010 2176 τεοὲντα,

363 2201 450 2257 καὶ
484 2203 644 2258 αὐτὸν
679 2200 906 2258 πολλῶν
965 2205 1077 2257 καθ’
1135 2203 1362 2271 ἑκάστην
1421 2199 1868 2271 ἐπαντλουμένων
1908 2202 2015 2251 τῶν

371 2291 699 2364 ὑποθέσεων,
757 2292 847 2346 καὶ
895 2293 1043 2345 ταῦτ’
1099 2291 1201 2345 οὐκ
1257 2290 1315 2344 ἐκ
1375 2287 1728 2361 μηνυμάτων,
1765 2284 2014 2341 ἆλλάύ-

362 2382 760 2455 τοπροσώπως,
822 2382 986 2435 ὁπότε
1039 2379 1129 2434 καὶ
1311 2377 1594 2452 ἀντιλογία
1650 2377 1836 2452 κάιρὸν
1897 2372 2013 2450 ἔχει

364 2588 517 2644 408
552 2605 756 2660 expers
792 2588 993 2644 ferculi
1024 2588 1094 2643 ab
1127 2605 1228 2642 ara
1260 2589 1662 2642 reverteretur.
1691 2585 1905 2639 Verum
1935 2599 2004 2638 ex

361 2677 607 2733 adverso
633 2677 935 2748 patiarcha
968 2676 1156 2747 magis
1192 2675 1518 2730 timendum
1561 2674 2001 2744 cavendamque

361 2765 687 2822 studiosius
715 2765 982 2822 indicans
1018 2767 1109 2821 Dei
1132 2764 1512 2821 offensionem
1547 2781 1558 2818 :
1595 2763 1899 2833 Acciperes
1941 2761 2000 2815 in

354 2855 670 2925 judicium,
705 2861 988 2927 Auguste,
1023 2855 1236 2926 inquit,
1301 2855 1453 2909 hunc
1505 2869 1737 2909 sacrum
1779 2851 1999 2918 cibum,

360 2947 548 3014 quoad
580 2952 803 3001 certum
837 2947 1134 3017 fixumque
1177 2945 1279 3001 tibi
1341 2945 1449 3000 erit
1505 2943 1729 2998 homini
1783 2943 2000 3011 iujuste

357 3041 557 3090 vexato
607 3035 882 3091 solatium
942 3052 1170 3107 negare.
1216 3058 1243 3085 »
1295 3039 1456 3089 Tunc
1527 3051 1657 3090 vero
1730 3036 2000 3104 caperuta

2119 1833 2195 1903 μὴ
2250 1829 2483 1886 ἀνύσειεν
2553 1832 2600 1904 ἐξ
2659 1831 2951 1908 ἀναγκαίας
3016 1831 3282 1895 ἀσχολίας
3333 1828 3690 1896 ἑπεισπεσούστις

2122 1924 2197 1990 τῷ
2232 1920 2468 1994 βασιλεῖ,
2501 1923 2534 1990 ἡ
2570 1918 2724 1992 δείλη
2785 1921 2914 1994 ὀψία
2976 1921 3143 1996 μέχρι
3199 1921 3286 1975 καὶ
3326 1919 3375 1981 ἐς
3407 1918 3493 1992 ὀψὲ
3517 1922 3604 1972 τῶν
3630 1937 3696 1968 νυ-

2121 2013 2264 2062 κτῶν
2299 2009 2612 2081 ἀνεπλήρου
2668 2010 2730 2064 τὸ
2785 2009 3088 2084 ἐλλειφθὲν.
3149 2009 3244 2064 Καὶ
3299 2005 3508 2062 πολλῶν
3554 2004 3695 2059 καλῶν

2123 2096 2181 2151 ἐκ
2235 2105 2334 2166 τῆς
2393 2099 2514 2174 περὶ
2568 2103 2735 2154 ταῦτα
2790 2104 2888 2154 τοῦ
2945 2098 3290 2175 πατριάρχου
3342 2092 3558 2163 σπουδῆς
3582 2094 3700 2146 ἀπώ-

2121 2208 2279 2241 ναντο
2315 2185 2615 2260 ἅνθρωποι.
2649 2187 2825 2242 Ἀλλά
2853 2191 3018 2243 ταῦτα
3069 2188 3169 2260 μὶν
3219 2186 3267 2248 ἐς
3310 2179 3612 2253 τοσοῦτον,ἄ
3645 2178 3694 2245 δὴ

2119 2277 2209 2332 καὶ
2240 2279 2357 2332 καθ’
2391 2277 2580 2352 εἱρμὸν
2610 2273 2941 2353 προσλαϐὼν
2976 2279 3004 2334 ὁ
3036 2276 3208 2353 λόγος
3237 2275 3536 2349 ὑπέμνησεν.

2117 2584 2308 2640 sentia
2332 2584 2650 2641 incussam.
2687 2585 2746 2640 Id
2780 2601 2882 2656 per
2909 2599 2970 2640 se
3002 2582 3440 2641 incommodum
3468 2577 3690 2633 intolera-

2115 2672 2294 2729 bilius
2331 2674 2492 2730 reddi
2544 2691 2832 2730 concursu
2889 2679 2945 2730 et
2999 2675 3291 2746 gravitate
3345 2665 3698 2743 principalium

2107 2780 2384 2819 curarum
2413 2770 2469 2819 et
2505 2764 2982 2836 occupationum,
3037 2765 3426 2832 undecunque
3479 2759 3705 2829 ingruen-

2111 2853 2262 2908 tium
2281 2854 2565 2925 principis
2587 2855 2646 2908 in
2674 2854 2906 2908 diversa
2923 2850 3422 2908 trahentium.His
3445 2844 3707 2903 utmodum

2112 2942 2442 3009 adhiberet,
2495 2942 2798 2998 coustituit
2842 2947 3061 2997 certam
3123 2937 3588 3014 praecribendam
3637 2947 3706 3000 pa-

2109 3030 2375 3085 triarcha:
2409 3032 2824 3103 congressibus
2856 3033 3008 3087 409
3041 3031 3224 3094 diem.
3250 3044 3424 3085 unam
3455 3043 3484 3082 e
3521 3026 3702 3094 septem

360 3123 910 3196 fronteimperator,
962 3128 1018 3179 et
1063 3123 1237 3196 priori
1292 3123 1625 3194 placiditate
1684 3121 1877 3177 vultus
1939 3122 1996 3176 in
2027 3120 2068 3186 C
2115 3121 2315 3174 orbem
2351 3120 2870 3176 heddamodarium
2907 3121 3329 3185 conﬂantibus,
3378 3120 3527 3172 extra
3567 3125 3705 3182 quam

359 3213 674 3268 manifesta
703 3214 797 3268 irae
832 3214 1047 3269 indicia
1080 3217 1325 3280 mutata,
1359 3229 1491 3268 cum
1523 3229 1770 3284 surgens
1819 3211 1999 3266 dixis-

360 3305 478 3356 set:
515 3324 540 3349 «
576 3302 723 3372 Ergo
749 3303 961 3357 festum
986 3301 1266 3356 infestum
1295 3302 1545 3372 egimus,
1579 3321 1604 3352 ι»
1652 3299 1811 3355 nullo
1854 3318 2001 3372 prae-

358 3393 444 3442 ter
473 3405 540 3443 ea
567 3390 746 3444 verba
776 3391 975 3444 addito
1009 3390 1066 3444 in
1097 3389 1378 3461 palatium
1414 3389 1674 3445 recessit.

355 3540 521 3595 25.Ut
551 3556 657 3595 non
679 3545 861 3610 ferens
891 3542 1192 3611 imperator
1223 3542 1726 3611 molestiamquam
1755 3543 1807 3595 ei
1833 3543 2004 3596 nimis

426 3611 628 3666 crebrae
648 3613 954 3682 patiarcha,”
973 3629 1065 3681 pro
1084 3615 1365 3680 egentibus
1379 3612 1805 3683 suppliraliones
1823 3627 2001 3683 [aces-

429 3685 647 3766 sebaul,
677 3686 898 3741 tertiam
950 3685 1063 3757 ipsi
1091 3688 1294 3757 feriam
1325 3685 1394 3740 ad
1425 3685 1826 3741 admissionem
1863 3685 2000 3739 assi-

427 3765 638 3824 gnavzt.

430 3905 530 3962 His
569 3908 982 3979 experimentis
1013 3909 1234 3966 veritus
1276 3909 1596 3981 imperator
1643 3912 1762 3963 tam
1806 3925 1999 3963 acrem

356 3993 416 4050 in
478 3999 740 4069 urgendo
790 3999 1019 4066 virum,
1069 3999 1341 4070 cupiebat
1414 3998 1682 4054 alicunde
1740 3997 2000 4068 aliquam

356 4087 612 4156 expediri
645 4089 930 4145 rationem
963 4090 1331 4146 commodam
1394 4088 1698 4159 intrepidae
1757 4089 1887 4158 ejus
1945 4092 2001 4142 et

359 4173 691 4231 inﬂexibilis
725 4181 1099 4234 retundendus
1131 4177 1530 4235 vehementiaz.
1565 4178 1644 4232 De
1693 4193 1810 4248 qua
1866 4193 1999 4230 cum

359 4263 510 4328 apud
532 4280 670 4318 suos
694 4265 1014 4323 familiares
1054 4284 1181 4323 sese
1201 4285 1458 4339 purgans
1483 4270 1698 4337 ageret,
1725 4281 2001 4320 accusare

362 4352 726 4407 contumacis
752 4355 1080 4425 pertinaciae
1109 4357 1332 4412 solebat
1366 4353 1800 4410 irrevocabilem
1837 4352 1999 4408 illam

362 4437 673 4507 patiarchze
708 4448 1197 4514 perseverantiam
1233 4448 1288 4501 in
1335 4463 1520 4518 usque
1556 4450 1614 4500 et
1676 4460 1862 4515 usque
1916 4443 1997 4496 in-

366 4503 573 4584 stando
605 4532 674 4586 ad
707 4503 1141 4605 impetrandum
1173 4535 1230 4590 id
1260 4503 2000 4607 quod‘iterum,et‘sxepius
2037 4503 2079 4568 θ

365 4617 634 4689 petitum,
668 4621 893 4679 idoneis
927 4625 1123 4681 causis
1156 4631 1428 4695 negatum
1469 4625 1698 4680 fuisset.
1739 4622 2003 4678 Addebat

364 4707 668 4778 fatigatum
702 4728 763 4768 se
796 4714 1054 4770 molestis
1087 4715 1247 4770 hisce
1291 4714 1732 4771 obtrusionibus
1766 4711 1999 4784 petitio-

365 4815 504 4872 num
541 4804 875 4877 frequenter
895 4809 1268 4878 rejectarum,
1303 4809 1458 4864 idem
1494 4807 1611 4879 pati
1647 4807 1801 4878 quod
1850 4821 2001 4860 nau-

360 4896 590 4950 seantes
622 4896 810 4952 solent
833 4897 1077 4970 ingestis
1109 4898 1256 4954 cibis
1292 4914 1506 4969 magna
1539 4897 1729 4968 copia,
1784 4895 2003 4967 quibus

361 4982 507 5038 iram
540 4996 862 5043 commovet
893 4987 1312 5060 importunitas
1345 5003 1625 5058 reponere
1675 5004 1790 5042 non
1842 4984 2000 5040 desi-

359 5073 636 5129 stentium
674 5077 993 5132 fastiditam
1024 5078 1323 5133 cramben.
1361 5077 1542 5132 Multa
1565 5076 1826 5148 quoditie
1887 5072 2000 5129 sibi

358 5163 590 5236 negotia
611 5165 738 5236 ejus
761 5167 992 5238 generis
1024 5165 1209 5238 ingeri
1244 5167 1588 5221 assiduitate
1620 5161 1996 5220 insatisabili.

359 5269 546 5324 neque
578 5254 631 5308 id
668 5271 768 5325 per
796 5254 1022 5312 litteras
1055 5260 1156 5312 aut
1216 5256 1474 5324 nuntios,
1523 5255 1624 5310 sed
1685 5268 1876 5308 coram
1926 5249 1996 5305 ab

359 5341 488 5414 ipso
521 5347 746 5399 astante
799 5360 898 5412 per
947 5361 1122 5414 seque
1179 5346 1386 5416 agente
1437 5340 1810 5414 patriarcha;
1843 5340 1997 5394 unde

358 5432 524 5489 fieret
553 5437 617 5490 ut
645 5433 873 5505 quoties
904 5435 1057 5506 quod
1091 5434 1328 5489 concedi
1362 5449 1475 5488 non
1509 5431 1807 5502 expediret
1846 5432 1998 5500 pete-

357 5527 536 5591 retur,
585 5541 757 5596 grave
786 5523 896 5580 sibi
961 5527 1016 5580 et
1074 5519 1492 5595 permolestum
1542 5524 1698 5576 esset
1749 5531 1996 5574 renuere

360 5621 596 5688 propter
624 5613 1030 5672 verecundiam
1057 5611 1168 5670 viri
1223 5613 1400 5668 tanta
1450 5607 1816 5667 auctoritatis
1847 5621 1993 5679 pra-

2110 3208 2181 3262 ab
2239 3209 2530 3264 audiendo
2565 3209 2915 3281 patriarcha,
2972 3208 3300 3281 patrocinio
3353 3218 3566 3261 reorum
3631 3200 3708 3252 aut

2107 3298 2406 3368 egentium
2441 3298 2741 3370 fungente,
2769 3297 2992 3353 vacatio
3027 3297 3286 3369 principi
3326 3300 3475 3351 certa
3519 3291 3707 3345 consta-

2110 3391 2215 3441 ret.
2247 3387 2455 3442 Idonea
2489 3389 2558 3442 ad
2592 3387 2649 3443 id
2679 3388 2806 3442 visa
2855 3387 2999 3442 feria
3029 3389 3209 3442 tertia
3262 3380 3584 3458 patriarchae
3630 3375 3707 3430 ad-

2112 3475 2378 3534 missioni
2410 3479 2556 3534 tales
2589 3496 2796 3534 causas
2829 3479 3014 3534 acturi
3047 3479 3357 3550 assignate
3388 3471 3600 3546 propria
3626 3471 3706 3530 est:

2110 3567 2533 3639 ordinatusque
2566 3569 2825 3624 notarius
2857 3566 2915 3621 in
2953 3568 3007 3622 id
3034 3567 3194 3623 oficii
3257 3563 3517 3637 proprius
3543 3554 3708 3629 Xiphi-

2107 3653 2265 3709 linus
2298 3656 2562 3728 Michael,
2596 3657 2695 3729 qui
2729 3661 2786 3712 et
2807 3672 3017 3711 causas
3038 3655 3144 3711 tali
3203 3653 3500 3711 audientia
3536 3647 3707 3703 relatas

2109 3747 2165 3798 et
2192 3761 2474 3815 responsa
2495 3745 2866 3815 imperatoria
2900 3745 2968 3799 ad
3004 3744 3282 3816 singulas
3313 3744 3370 3797 in
3402 3736 3706 3796 commenta-

2109 3833 2260 3886 rium
2297 3833 2556 3888 referret.
2582 3833 2674 3887 Sic
2694 3833 2808 3888 Deo
2831 3838 2886 3887 et
2910 3832 3137 3888 solatiis
3161 3833 3515 3888 afﬂictarum
3541 3835 3704 3881 conse-

2109 3925 2266 3977 crata
2299 3924 2424 3978 dies
2454 3922 2840 3977 hebdomadis
2865 3921 3038 3977 tertia
3064 3928 3178 3978 est.
3196 3922 3279 3977 Ne
3299 3935 3436 3976 vero
3458 3907 3708 3972 interverli

2107 4011 2242 4068 talis
2272 4012 2330 4067 in
2366 4012 2420 4067 id
2455 4012 2734 4084 temporis
2783 4028 3049 4081 usuram,
3112 4009 3556 4084 superveniente
3597 4001 3711 4056 forte

2109 4101 2355 4173 principi
2382 4103 2495 4158 alio
2514 4102 2874 4157 neccessario
2891 4101 3145 4170 negotio,
3174 4115 3439 4172 unquam
3465 4091 3712 4158 continge-

2109 4194 2215 4258 ret,
2247 4190 2629 4246 diversorium
2664 4190 2722 4245 in
2754 4206 2881 4246 eam
2913 4190 3070 4244 diem
3104 4189 3424 4261 patiarcbae
3453 4180 3709 4258 provisum

2107 4281 2293 4336 estin
2348 4281 2703 4336 monasterio
2756 4280 3022 4346 vicinia);
3060 4280 3119 4335 in
3185 4280 3346 4352 quod
3406 4278 3456 4332 is
3505 4266 3712 4330 subinde

2106 4371 2405 4440 recedens,
2431 4372 2478 4426 si
2513 4388 2629 4443 qua
2660 4369 2979 4426 inevitabili
3013 4370 3360 4426 avocatione
3389 4352 3715 4437 imperatoris

2111 4456 2761 4527 averteretur'attentio,
2823 4459 3162 4514 immineret
3222 4473 3254 4513 e
3314 4457 3622 4531 propinquo
3666 4445 3714 4498 in

2111 4550 2475 4606 occasionem
2526 4549 2888 4606 resumendae
2945 4552 3285 4620 opportune
3368 4534 3716 4602 tractationis,

2112 4637 2189 4692 ita
2223 4643 2288 4693 ut
2318 4640 2470 4711 quod
2493 4655 2664 4694 mane
2688 4637 2882 4710 perfici
2907 4653 3023 4692 non
3047 4636 3346 4708 potuisset
3367 4628 3724 4690 absolveretur

2106 4728 2356 4800 vesperi,
2387 4732 2725 4784 excurrente
2751 4742 3172 4797 nonnunquam
3209 4725 3271 4779 in
3317 4723 3536 4794 aliquot
3577 4727 3715 4770 com-

2109 4799 2300 4872 missae
2327 4817 2451 4886 jam
2485 4816 2668 4872 noctis
2701 4816 2874 4871 horas
2907 4819 2962 4870 et
2993 4814 3285 4870 antistitis
3345 4807 3633 4882 diligentia
3681 4799 3727 4853 ei

2110 4906 2391 4976 patientia
2424 4904 2814 4977 imperatoris.
2847 4903 2972 4958 Non
3033 4903 3208 4958 facile
3270 4900 3513 4956 dixerim
3571 4901 3720 4964 quam

2113 4995 2296 5050 multa
2325 4995 2633 5051 commoda
2663 5011 2732 5048 ex
2760 4993 2870 5048 hoc
2893 4996 3010 5047 tam
3063 4991 3314 5047 assiduo
3363 4983 3724 5050 benevoloque

2109 5083 2456 5153 patriarchae
2478 5082 2674 5139 studio
2705 5083 2763 5137 in
2797 5081 3064 5136 homines
3093 5079 3311 5136 solatio
3370 5079 3596 5148 egentes
3645 5080 3725 5120 re-

2110 5171 2371 5227 dundare
2411 5172 2748 5244 contigerit.
2813 5171 2924 5226 Sed
2985 5169 3055 5224 de
3111 5167 3212 5222 his
3261 5167 3566 5228 hactenus,
3620 5169 3724 5244 φφ

2106 5260 2281 5315 variis
2313 5241 2606 5316 transacta
2637 5258 3002 5330 temporibus
3029 5271 3210 5311 unam
3247 5255 3309 5310 in
3342 5252 3571 5313 seriem,
3599 5241 3726 5300 ordi-

2107 5350 2198 5406 nis
2219 5354 2274 5406 et
2297 5351 2588 5407 memoriae
2621 5347 2990 5422 compendio,
3009 5346 3201 5402 oratio
3229 5349 3442 5402 nostra
3462 5334 3728 5410 complexa

2104 5447 2211 5498 est.
