  <div class='ocr_page' id='page_1' title='image "/cluster/home/n/w/nwhite01/storage/ocr_20150623/143/hvd.32044073502585/438.png"; bbox 0 0 3912 6192; ppageno 0'>
   <div class='ocr_carea' id='block_1_1' title="bbox 239 327 331 386">
    <p class='ocr_par' dir='ltr' id='par_1_1' title="bbox 239 327 331 386">
     <span class='ocr_line' id='line_1_1' title="bbox 239 327 331 386; baseline 0 0"><span class='ocrx_word' id='word_1_1' title='bbox 239 327 331 386; x_wconf 82' lang='lat'>865</span> 
     </span>
    </p>
   </div>
   <div class='ocr_carea' id='block_1_2' title="bbox 243 411 2315 517">
    <p class='ocr_par' dir='ltr' id='par_1_2' title="bbox 243 411 2315 517">
     <span class='ocr_line' id='line_1_2' title="bbox 243 411 2315 517; baseline -0.037 1"><span class='ocrx_word' id='word_1_2' title='bbox 243 453 321 517; x_wconf 61' lang='grc' dir='ltr'>κςῖ</span> <span class='ocrx_word' id='word_1_3' title='bbox 347 452 516 508; x_wconf 80' lang='grc' dir='ltr'>Ὅπως</span> <span class='ocrx_word' id='word_1_4' title='bbox 571 439 656 497; x_wconf 78' lang='grc' dir='ltr'>καὶ</span> <span class='ocrx_word' id='word_1_5' title='bbox 723 435 876 517; x_wconf 74' lang='grc' dir='ltr'>αὖθις</span> <span class='ocrx_word' id='word_1_6' title='bbox 943 449 1081 517; x_wconf 66' lang='grc' dir='ltr'>τερρς</span> <span class='ocrx_word' id='word_1_7' title='bbox 1143 425 1236 482; x_wconf 83' lang='grc' dir='ltr'>τὸν</span> <span class='ocrx_word' id='word_1_8' title='bbox 1305 419 1527 477; x_wconf 81' lang='grc' dir='ltr'>πάππαν</span> <span class='ocrx_word' id='word_1_9' title='bbox 1585 411 1838 496; x_wconf 70' lang='grc' dir='ltr'>πρέσϐεις</span> <span class='ocrx_word' id='word_1_10' title='bbox 1868 415 2049 486; x_wconf 47' lang='lat' dir='ltr'>sz;</span> <span class='ocrx_word' id='word_1_11' title='bbox 2125 417 2315 477; x_wconf 64' lang='grc' dir='ltr'>Ὅπως</span> 
     </span>
    </p>
   </div>
   <div class='ocr_carea' id='block_1_3' title="bbox 854 501 1198 562">
    <p class='ocr_par' dir='ltr' id='par_1_3' title="bbox 854 501 1198 562">
     <span class='ocr_line' id='line_1_3' title="bbox 854 501 1198 562; baseline -0.017 0"><span class='ocrx_word' id='word_1_12' title='bbox 854 501 1198 562; x_wconf 67' lang='grc' dir='ltr'>ἐστέλλοντο.</span> 
     </span>
    </p>
   </div>
   <div class='ocr_carea' id='block_1_4' title="bbox 301 594 1849 699">
    <p class='ocr_par' dir='ltr' id='par_1_4' title="bbox 301 594 1849 699">
     <span class='ocr_line' id='line_1_4' title="bbox 301 594 1849 699; baseline -0.023 -16"><span class='ocrx_word' id='word_1_13' title='bbox 301 632 372 699; x_wconf 83' lang='grc' dir='ltr'>[Ρ.</span> <span class='ocrx_word' id='word_1_14' title='bbox 416 624 532 694; x_wconf 83' lang='grc'>278]</span> <span class='ocrx_word' id='word_1_15' title='bbox 583 621 639 672; x_wconf 81' lang='grc' dir='ltr'><strong>Ὀ</strong></span> <span class='ocrx_word' id='word_1_16' title='bbox 703 617 884 690; x_wconf 72' lang='grc' dir='ltr'>μέντοι</span> <span class='ocrx_word' id='word_1_17' title='bbox 937 631 1001 685; x_wconf 89' lang='grc' dir='ltr'>γε</span> <span class='ocrx_word' id='word_1_18' title='bbox 1064 603 1318 682; x_wconf 74' lang='grc' dir='ltr'>βασιλεὺς</span> <span class='ocrx_word' id='word_1_19' title='bbox 1346 594 1849 699; x_wconf 30' lang='grc' dir='ltr'>πρὲϐῗςὶεύτρεπι-</span> 
     </span>
    </p>
   </div>
   <div class='ocr_carea' id='block_1_5' title="bbox 238 686 1852 780">
    <p class='ocr_par' dir='ltr' id='par_1_5' title="bbox 238 686 1852 780">
     <span class='ocr_line' id='line_1_5' title="bbox 238 686 1852 780; baseline -0.023 -7"><span class='ocrx_word' id='word_1_20' title='bbox 238 686 317 778; x_wconf 60' lang='grc' dir='ltr'>σας</span> <span class='ocrx_word' id='word_1_21' title='bbox 364 707 674 769; x_wconf 68' lang='grc' dir='ltr'>ἀποστέλλει</span> <span class='ocrx_word' id='word_1_22' title='bbox 731 706 868 780; x_wconf 85' lang='grc' dir='ltr'>πρὸς</span> <span class='ocrx_word' id='word_1_23' title='bbox 931 701 1175 764; x_wconf 89' lang='grc' dir='ltr'>πάππαν,</span> <span class='ocrx_word' id='word_1_24' title='bbox 1225 690 1337 765; x_wconf 75' lang='grc' dir='ltr'>ἅμα</span> <span class='ocrx_word' id='word_1_25' title='bbox 1371 690 1464 763; x_wconf 67' lang='grc' dir='ltr'>μὲν</span> <span class='ocrx_word' id='word_1_26' title='bbox 1499 686 1852 756; x_wconf 81' lang='grc' dir='ltr'>δηλώσοντας</span> 
     </span>
    </p>
   </div>
   <div class='ocr_carea' id='block_1_6' title="bbox 237 774 1852 874">
    <p class='ocr_par' dir='ltr' id='par_1_6' title="bbox 237 774 1852 874">
     <span class='ocr_line' id='line_1_6' title="bbox 237 774 1852 874; baseline -0.021 -13"><span class='ocrx_word' id='word_1_27' title='bbox 237 809 314 863; x_wconf 82' lang='grc' dir='ltr'>τὸν</span> <span class='ocrx_word' id='word_1_28' title='bbox 363 809 455 871; x_wconf 80' lang='grc' dir='ltr'>τῆς</span> <span class='ocrx_word' id='word_1_29' title='bbox 504 798 744 874; x_wconf 80' lang='grc' dir='ltr'>πράξεως</span> <span class='ocrx_word' id='word_1_30' title='bbox 803 787 1187 860; x_wconf 84' lang='grc' dir='ltr'>ἐπιτελεσμὸν,</span> <span class='ocrx_word' id='word_1_31' title='bbox 1249 781 1360 854; x_wconf 76' lang='grc' dir='ltr'>ἃμα</span> <span class='ocrx_word' id='word_1_32' title='bbox 1413 777 1470 832; x_wconf 75' lang='grc' dir='ltr'>δὲ</span> <span class='ocrx_word' id='word_1_33' title='bbox 1498 777 1588 832; x_wconf 70' lang='grc' dir='ltr'>καὶ</span> <span class='ocrx_word' id='word_1_34' title='bbox 1619 775 1686 832; x_wconf 76' lang='grc' dir='ltr'>τὰ</span> <span class='ocrx_word' id='word_1_35' title='bbox 1716 774 1852 829; x_wconf 70' lang='grc' dir='ltr'>κατὰ</span> 
     </span>
    </p>
   </div>
   <div class='ocr_carea' id='block_1_7' title="bbox 234 867 1849 966">
    <p class='ocr_par' dir='ltr' id='par_1_7' title="bbox 234 867 1849 966">
     <span class='ocr_line' id='line_1_7' title="bbox 234 867 1849 966; baseline -0.022 -16"><span class='ocrx_word' id='word_1_36' title='bbox 234 897 313 952; x_wconf 84' lang='grc' dir='ltr'>τὸν</span> <span class='ocrx_word' id='word_1_37' title='bbox 351 886 617 966; x_wconf 86' lang='grc' dir='ltr'>Κάρουλον</span> <span class='ocrx_word' id='word_1_38' title='bbox 674 879 1091 957; x_wconf 74' lang='grc' dir='ltr'>μαοησείοντας,</span> <span class='ocrx_word' id='word_1_39' title='bbox 1143 874 1188 928; x_wconf 77' lang='grc' dir='ltr'>εἰ</span> <span class='ocrx_word' id='word_1_40' title='bbox 1231 875 1508 946; x_wconf 66' lang='grc' dir='ltr'>κάθυφῆκε</span> <span class='ocrx_word' id='word_1_41' title='bbox 1539 873 1638 935; x_wconf 73' lang='grc' dir='ltr'>τῆς</span> <span class='ocrx_word' id='word_1_42' title='bbox 1669 867 1849 940; x_wconf 79' lang='grc' dir='ltr'>ὁρμῆς</span> 
     </span>
    </p>
   </div>
   <div class='ocr_carea' id='block_1_8' title="bbox 235 951 1852 1052">
    <p class='ocr_par' dir='ltr' id='par_1_8' title="bbox 235 951 1852 1052">
     <span class='ocr_line' id='line_1_8' title="bbox 235 951 1852 1052; baseline -0.024 -8"><span class='ocrx_word' id='word_1_43' title='bbox 235 981 414 1052; x_wconf 70' lang='grc' dir='ltr'>ἐκείνης</span> <span class='ocrx_word' id='word_1_44' title='bbox 463 977 551 1033; x_wconf 83' lang='grc' dir='ltr'>καὶ</span> <span class='ocrx_word' id='word_1_45' title='bbox 609 975 744 1048; x_wconf 85' lang='grc' dir='ltr'>πρὸς</span> <span class='ocrx_word' id='word_1_46' title='bbox 800 971 865 1026; x_wconf 81' lang='grc' dir='ltr'>τὸ</span> <span class='ocrx_word' id='word_1_47' title='bbox 919 965 1300 1038; x_wconf 72' lang='grc' dir='ltr'>ταπεινότερον</span> <span class='ocrx_word' id='word_1_48' title='bbox 1361 955 1651 1024; x_wconf 71' lang='grc' dir='ltr'>ὑπεκλέθη.</span> <span class='ocrx_word' id='word_1_49' title='bbox 1697 955 1763 1011; x_wconf 76' lang='grc' dir='ltr'>Οἱ</span> <span class='ocrx_word' id='word_1_50' title='bbox 1796 951 1852 1008; x_wconf 72' lang='grc' dir='ltr'>δὲ</span> 
     </span>
    </p>
   </div>
   <div class='ocr_carea' id='block_1_9' title="bbox 236 1043 1849 1148">
    <p class='ocr_par' dir='ltr' id='par_1_9' title="bbox 236 1043 1849 1148">
     <span class='ocr_line' id='line_1_9' title="bbox 236 1043 1849 1148; baseline -0.02 -21"><span class='ocrx_word' id='word_1_51' title='bbox 236 1068 630 1148; x_wconf 86' lang='grc' dir='ltr'>παραγενόμενοι</span> <span class='ocrx_word' id='word_1_52' title='bbox 658 1063 725 1118; x_wconf 73' lang='grc' dir='ltr'>τά</span> <span class='ocrx_word' id='word_1_53' title='bbox 777 1060 871 1135; x_wconf 69' lang='grc' dir='ltr'>μὲν</span> <span class='ocrx_word' id='word_1_54' title='bbox 917 1061 1015 1122; x_wconf 77' lang='grc' dir='ltr'>τῆς</span> <span class='ocrx_word' id='word_1_55' title='bbox 1062 1054 1290 1128; x_wconf 75' lang='grc' dir='ltr'>εἰρήνης</span> <span class='ocrx_word' id='word_1_56' title='bbox 1338 1047 1685 1119; x_wconf 71' lang='grc' dir='ltr'>δηλώσαντες</span> <span class='ocrx_word' id='word_1_57' title='bbox 1715 1043 1849 1097; x_wconf 82' lang='grc' dir='ltr'>ἀπε-</span> 
     </span>
    </p>
   </div>
   <div class='ocr_carea' id='block_1_10' title="bbox 237 1131 1850 1235">
    <p class='ocr_par' dir='ltr' id='par_1_10' title="bbox 237 1131 1850 1235">
     <span class='ocr_line' id='line_1_10' title="bbox 237 1131 1850 1235; baseline -0.02 -19"><span class='ocrx_word' id='word_1_58' title='bbox 237 1131 494 1235; x_wconf 38' lang='grc' dir='ltr'>δέὶθτξσαν,</span> <span class='ocrx_word' id='word_1_59' title='bbox 553 1147 1034 1224; x_wconf 71' lang='grc' dir='ltr'>καταλαμϐάνουσι</span> <span class='ocrx_word' id='word_1_60' title='bbox 1091 1142 1136 1198; x_wconf 81' lang='grc' dir='ltr'>δ’</span> <span class='ocrx_word' id='word_1_61' title='bbox 1198 1142 1367 1196; x_wconf 80' lang='grc' dir='ltr'>ἐκεῖσε</span> <span class='ocrx_word' id='word_1_62' title='bbox 1423 1137 1511 1191; x_wconf 88' lang='grc' dir='ltr'>τὸν</span> <span class='ocrx_word' id='word_1_63' title='bbox 1574 1131 1850 1208; x_wconf 80' lang='grc' dir='ltr'>Κάρουλον</span> 
     </span>
    </p>
   </div>
   <div class='ocr_carea' id='block_1_11' title="bbox 238 1220 1852 1321">
    <p class='ocr_par' dir='ltr' id='par_1_11' title="bbox 238 1220 1852 1321">
     <span class='ocr_line' id='line_1_11' title="bbox 238 1220 1852 1321; baseline -0.019 -18"><span class='ocrx_word' id='word_1_64' title='bbox 238 1252 388 1321; x_wconf 76' lang='grc' dir='ltr'>θυμοῦ</span> <span class='ocrx_word' id='word_1_65' title='bbox 441 1246 668 1300; x_wconf 85' lang='grc' dir='ltr'>πνὲοντα</span> <span class='ocrx_word' id='word_1_66' title='bbox 721 1239 811 1296; x_wconf 84' lang='grc' dir='ltr'>καὶ</span> <span class='ocrx_word' id='word_1_67' title='bbox 870 1237 1117 1310; x_wconf 82' lang='grc' dir='ltr'>λιπαρῶς</span> <span class='ocrx_word' id='word_1_68' title='bbox 1172 1235 1253 1303; x_wconf 70' lang='grc' dir='ltr'>τῷ</span> <span class='ocrx_word' id='word_1_69' title='bbox 1308 1230 1502 1298; x_wconf 72' lang='grc' dir='ltr'>πάππα</span> <span class='ocrx_word' id='word_1_70' title='bbox 1527 1220 1852 1299; x_wconf 74' lang='grc' dir='ltr'>προσκείμε-</span> 
     </span>
    </p>
   </div>
   <div class='ocr_carea' id='block_1_12' title="bbox 235 1311 1853 1409">
    <p class='ocr_par' dir='ltr' id='par_1_12' title="bbox 235 1311 1853 1409">
     <span class='ocr_line' id='line_1_12' title="bbox 235 1311 1853 1409; baseline -0.019 -16"><span class='ocrx_word' id='word_1_71' title='bbox 235 1359 311 1394; x_wconf 85' lang='grc' dir='ltr'>νον</span> <span class='ocrx_word' id='word_1_72' title='bbox 353 1337 431 1390; x_wconf 80' lang='grc' dir='ltr'>καὶ</span> <span class='ocrx_word' id='word_1_73' title='bbox 472 1330 957 1409; x_wconf 77' lang='grc' dir='ltr'>προσλιπαροῦντα</span> <span class='ocrx_word' id='word_1_74' title='bbox 1011 1325 1212 1398; x_wconf 80' lang='grc' dir='ltr'>ἐφεῖναι</span> <span class='ocrx_word' id='word_1_75' title='bbox 1267 1317 1447 1388; x_wconf 75' lang='grc' dir='ltr'>τούτῳ</span> <span class='ocrx_word' id='word_1_76' title='bbox 1493 1315 1592 1382; x_wconf 78' lang='grc' dir='ltr'>τήν</span> <span class='ocrx_word' id='word_1_77' title='bbox 1639 1311 1724 1366; x_wconf 81' lang='grc' dir='ltr'>ἐπὶ</span> <span class='ocrx_word' id='word_1_78' title='bbox 1754 1312 1853 1380; x_wconf 73' lang='grc' dir='ltr'>τὴν</span> 
     </span>
    </p>
   </div>
   <div class='ocr_carea' id='block_1_13' title="bbox 236 1403 1852 1490">
    <p class='ocr_par' dir='ltr' id='par_1_13' title="bbox 236 1403 1852 1490">
     <span class='ocr_line' id='line_1_13' title="bbox 236 1403 1852 1490; baseline -0.019 -8"><span class='ocrx_word' id='word_1_79' title='bbox 236 1428 376 1482; x_wconf 71' lang='grc' dir='ltr'>πόλιν</span> <span class='ocrx_word' id='word_1_80' title='bbox 417 1421 718 1479; x_wconf 73' lang='grc' dir='ltr'>ἐπελευσιν.</span> <span class='ocrx_word' id='word_1_81' title='bbox 766 1417 987 1490; x_wconf 83' lang='grc' dir='ltr'>Ἑώρων</span> <span class='ocrx_word' id='word_1_82' title='bbox 1035 1411 1125 1467; x_wconf 78' lang='grc' dir='ltr'>οὖν</span> <span class='ocrx_word' id='word_1_83' title='bbox 1177 1411 1380 1464; x_wconf 80' lang='grc' dir='ltr'>ἐκεῖνον</span> <span class='ocrx_word' id='word_1_84' title='bbox 1432 1403 1700 1477; x_wconf 68' lang='grc' dir='ltr'>ὁσημέραι</span> <span class='ocrx_word' id='word_1_85' title='bbox 1746 1403 1852 1454; x_wconf 87' lang='grc' dir='ltr'>τῶν</span> 
     </span>
    </p>
   </div>
   <div class='ocr_carea' id='block_1_14' title="bbox 233 1492 1852 1582">
    <p class='ocr_par' dir='ltr' id='par_1_14' title="bbox 233 1492 1852 1582">
     <span class='ocr_line' id='line_1_14' title="bbox 233 1492 1852 1582; baseline -0.019 -11"><span class='ocrx_word' id='word_1_86' title='bbox 233 1513 397 1570; x_wconf 80' lang='grc' dir='ltr'>ποδῶν</span> <span class='ocrx_word' id='word_1_87' title='bbox 425 1517 520 1567; x_wconf 80' lang='grc' dir='ltr'>τοῦ</span> <span class='ocrx_word' id='word_1_88' title='bbox 555 1513 752 1566; x_wconf 88' lang='grc' dir='ltr'>πάππα</span> <span class='ocrx_word' id='word_1_89' title='bbox 799 1498 1360 1582; x_wconf 65' lang='grc' dir='ltr'>προκυλινδούμενον,</span> <span class='ocrx_word' id='word_1_90' title='bbox 1391 1493 1480 1550; x_wconf 81' lang='grc' dir='ltr'>καὶ</span> <span class='ocrx_word' id='word_1_91' title='bbox 1513 1492 1564 1554; x_wconf 84' lang='grc' dir='ltr'>ἐς</span> <span class='ocrx_word' id='word_1_92' title='bbox 1596 1494 1852 1545; x_wconf 70' lang='grc' dir='ltr'>τοσοῦτον</span> 
     </span>
    </p>
   </div>
   <div class='ocr_carea' id='block_1_15' title="bbox 233 1582 1860 1676">
    <p class='ocr_par' dir='ltr' id='par_1_15' title="bbox 233 1582 1860 1676">
     <span class='ocr_line' id='line_1_15' title="bbox 233 1582 1860 1676; baseline -0.018 -16"><span class='ocrx_word' id='word_1_93' title='bbox 233 1611 334 1666; x_wconf 85' lang='grc' dir='ltr'>ταῖς</span> <span class='ocrx_word' id='word_1_94' title='bbox 379 1603 589 1676; x_wconf 78' lang='grc' dir='ltr'>μανίαις</span> <span class='ocrx_word' id='word_1_95' title='bbox 643 1595 1047 1671; x_wconf 79' lang='grc' dir='ltr'>συνισχημένον</span> <span class='ocrx_word' id='word_1_96' title='bbox 1097 1588 1236 1644; x_wconf 83' lang='grc' dir='ltr'>ὥστε</span> <span class='ocrx_word' id='word_1_97' title='bbox 1283 1587 1370 1641; x_wconf 87' lang='grc' dir='ltr'>καὶ</span> <span class='ocrx_word' id='word_1_98' title='bbox 1423 1584 1482 1637; x_wconf 83' lang='grc' dir='ltr'>τὸ</span> <span class='ocrx_word' id='word_1_99' title='bbox 1531 1582 1629 1636; x_wconf 75' lang='grc' dir='ltr'>ἀνὰ</span> <span class='ocrx_word' id='word_1_100' title='bbox 1669 1585 1860 1655; x_wconf 79' lang='grc' dir='ltr'>χεῖρας</span> 
     </span>
    </p>
   </div>
   <div class='ocr_carea' id='block_1_16' title="bbox 235 1669 1855 1768">
    <p class='ocr_par' dir='ltr' id='par_1_16' title="bbox 235 1669 1855 1768">
     <span class='ocr_line' id='line_1_16' title="bbox 235 1669 1855 1768; baseline -0.019 -18"><span class='ocrx_word' id='word_1_101' title='bbox 235 1702 502 1768; x_wconf 77' lang='grc' dir='ltr'>σκῆπτρον,</span> <span class='ocrx_word' id='word_1_102' title='bbox 539 1693 571 1745; x_wconf 80' lang='grc' dir='ltr'>δ</span> <span class='ocrx_word' id='word_1_103' title='bbox 612 1688 837 1757; x_wconf 69' lang='grc' dir='ltr'>σύνηθες</span> <span class='ocrx_word' id='word_1_104' title='bbox 889 1686 1105 1759; x_wconf 77' lang='grc' dir='ltr'>κρατεῖν</span> <span class='ocrx_word' id='word_1_105' title='bbox 1161 1682 1278 1737; x_wconf 84' lang='grc' dir='ltr'>τοῖς</span> <span class='ocrx_word' id='word_1_106' title='bbox 1329 1678 1436 1729; x_wconf 88' lang='grc' dir='ltr'>τῶν</span> <span class='ocrx_word' id='word_1_107' title='bbox 1497 1669 1720 1727; x_wconf 80' lang='grc' dir='ltr'>Ἰταλῶν</span> <span class='ocrx_word' id='word_1_108' title='bbox 1763 1688 1855 1740; x_wconf 84' lang='grc' dir='ltr'>με·</span> 
     </span>
    </p>
   </div>
   <div class='ocr_carea' id='block_1_17' title="bbox 1259 289 2530 355">
    <p class='ocr_par' dir='ltr' id='par_1_17' title="bbox 1259 289 2530 355">
     <span class='ocr_line' id='line_1_17' title="bbox 1259 289 2530 355; baseline -0.007 -1"><span class='ocrx_word' id='word_1_109' title='bbox 1259 299 1354 355; x_wconf 77' lang='lat' dir='ltr'><strong>DE</strong></span> <span class='ocrx_word' id='word_1_110' title='bbox 1397 292 1765 352; x_wconf 76' lang='lat' dir='ltr'>MICHAELE</span> <span class='ocrx_word' id='word_1_111' title='bbox 1803 289 2245 348; x_wconf 66' lang='lat' dir='ltr'>PALEOLOGO</span> <span class='ocrx_word' id='word_1_112' title='bbox 2284 292 2416 345; x_wconf 85' lang='lat' dir='ltr'><strong>LIB.</strong></span> <span class='ocrx_word' id='word_1_113' title='bbox 2459 292 2530 345; x_wconf 84' lang='lat' dir='ltr'>V.</span> 
     </span>
    </p>
   </div>
   <div class='ocr_carea' id='block_1_18' title="bbox 3491 293 3599 348">
    <p class='ocr_par' dir='ltr' id='par_1_18' title="bbox 3491 293 3599 348">
     <span class='ocr_line' id='line_1_18' title="bbox 3491 293 3599 348; baseline 0 0"><span class='ocrx_word' id='word_1_114' title='bbox 3491 293 3599 348; x_wconf 83' lang='lat'>866</span> 
     </span>
    </p>
   </div>
   <div class='ocr_carea' id='block_1_19' title="bbox 2392 415 3600 502">
    <p class='ocr_par' dir='ltr' id='par_1_19' title="bbox 2392 415 3600 502">
     <span class='ocr_line' id='line_1_19' title="bbox 2392 415 3600 502; baseline 0.002 -31"><span class='ocrx_word' id='word_1_115' title='bbox 2392 415 2625 502; x_wconf 62' lang='grc' dir='ltr'>Ἰκάριος</span> <span class='ocrx_word' id='word_1_116' title='bbox 2715 417 3124 502; x_wconf 68' lang='grc' dir='ltr'>πρρσχωρήσας</span> <span class='ocrx_word' id='word_1_117' title='bbox 3225 416 3305 490; x_wconf 78' lang='grc' dir='ltr'>τῷ</span> <span class='ocrx_word' id='word_1_118' title='bbox 3383 419 3600 494; x_wconf 82' lang='grc' dir='ltr'>βασιλεῖ</span> 
     </span>
    </p>
   </div>
   <div class='ocr_carea' id='block_1_20' title="bbox 2383 487 3171 544">
    <p class='ocr_par' dir='ltr' id='par_1_20' title="bbox 2383 487 3171 544">
     <span class='ocr_line' id='line_1_20' title="bbox 2383 487 3171 544; baseline 0.001 -4"><span class='ocrx_word' id='word_1_119' title='bbox 2383 487 2693 541; x_wconf 80' lang='grc' dir='ltr'>καθίσταται</span> <span class='ocrx_word' id='word_1_120' title='bbox 2726 487 2809 542; x_wconf 79' lang='grc' dir='ltr'>ἐπὶ</span> <span class='ocrx_word' id='word_1_121' title='bbox 2843 487 3171 544; x_wconf 65' lang='grc' dir='ltr'>τόνδ’στόλου</span> 
     </span>
    </p>
   </div>
   <div class='ocr_carea' id='block_1_21' title="bbox 2024 594 3597 670">
    <p class='ocr_par' dir='ltr' id='par_1_21' title="bbox 2024 594 3597 670">
     <span class='ocr_line' id='line_1_21' title="bbox 2024 594 3597 670; baseline 0 -19"><span class='ocrx_word' id='word_1_122' title='bbox 2024 594 2208 656; x_wconf 71' lang='grc' dir='ltr'>Οῧτως</span> <span class='ocrx_word' id='word_1_123' title='bbox 2240 594 2734 669; x_wconf 79' lang='grc' dir='ltr'>ἀναχαιτιζομένου</span> <span class='ocrx_word' id='word_1_124' title='bbox 2785 599 2880 649; x_wconf 74' lang='grc' dir='ltr'>τοῦ</span> <span class='ocrx_word' id='word_1_125' title='bbox 2933 594 3236 668; x_wconf 68' lang='grc' dir='ltr'>Καροῦλου,</span> <span class='ocrx_word' id='word_1_126' title='bbox 3274 597 3299 649; x_wconf 89' lang='grc' dir='ltr'>ὁ</span> <span class='ocrx_word' id='word_1_127' title='bbox 3337 597 3597 670; x_wconf 68' lang='grc' dir='ltr'>βασιλεὺς</span> 
     </span>
    </p>
   </div>
   <div class='ocr_carea' id='block_1_22' title="bbox 1950 681 3591 761">
    <p class='ocr_par' dir='ltr' id='par_1_22' title="bbox 1950 681 3591 761">
     <span class='ocr_line' id='line_1_22' title="bbox 1989 681 2800 702; baseline 0.002 -4"><span class='ocrx_word' id='word_1_128' title='bbox 1989 689 2014 698; x_wconf 78' lang='grc'>..</span> <span class='ocrx_word' id='word_1_129' title='bbox 2112 684 2124 702; x_wconf 75' lang='lat'>,</span> <span class='ocrx_word' id='word_1_130' title='bbox 2210 683 2222 700; x_wconf 68' lang='grc' dir='ltr'><strong><em>η</em></strong></span> <span class='ocrx_word' id='word_1_131' title='bbox 2302 683 2312 702; x_wconf 73' lang='grc' dir='ltr'><strong><em>ρ</em></strong></span> <span class='ocrx_word' id='word_1_132' title='bbox 2621 681 2665 702; x_wconf 62' lang='grc' dir='ltr'><em>η</em></span> <span class='ocrx_word' id='word_1_133' title='bbox 2787 683 2800 700; x_wconf 69' lang='grc' dir='ltr'><strong>ς</strong></span> 
     </span>
     <span class='ocr_line' id='line_1_23' title="bbox 1950 681 3591 761; baseline 0.002 -24"><span class='ocrx_word' id='word_1_134' title='bbox 1950 705 2056 738; x_wconf 84' lang='grc' dir='ltr'>των</span> <span class='ocrx_word' id='word_1_135' title='bbox 2110 687 2158 756; x_wconf 81' lang='grc' dir='ltr'>εξ</span> <span class='ocrx_word' id='word_1_136' title='bbox 2207 703 2411 738; x_wconf 81' lang='grc' dir='ltr'>εκεινου</span> <span class='ocrx_word' id='word_1_137' title='bbox 2443 702 2744 761; x_wconf 71' lang='grc' dir='ltr'>φροντιοων</span> <span class='ocrx_word' id='word_1_138' title='bbox 2778 684 3070 748; x_wconf 75' lang='grc' dir='ltr'>ἀπολυθεὶς</span> <span class='ocrx_word' id='word_1_139' title='bbox 3105 681 3442 740; x_wconf 65' lang='grc' dir='ltr'>ἐπεϐάλλετο</span> <span class='ocrx_word' id='word_1_140' title='bbox 3474 694 3591 749; x_wconf 82' lang='grc' dir='ltr'>τοῖς</span> 
     </span>
    </p>
   </div>
   <div class='ocr_carea' id='block_1_23' title="bbox 1953 773 3597 851">
    <p class='ocr_par' dir='ltr' id='par_1_23' title="bbox 1953 773 3597 851">
     <span class='ocr_line' id='line_1_24' title="bbox 1953 773 3597 851; baseline 0.002 -24"><span class='ocrx_word' id='word_1_141' title='bbox 1953 773 2112 848; x_wconf 71' lang='grc' dir='ltr'>ἐγγὺς</span> <span class='ocrx_word' id='word_1_142' title='bbox 2176 773 2580 849; x_wconf 73' lang='grc' dir='ltr'>κραταιὸτερον.</span> <span class='ocrx_word' id='word_1_143' title='bbox 2651 773 2752 829; x_wconf 82' lang='grc' dir='ltr'>Καὶ</span> <span class='ocrx_word' id='word_1_144' title='bbox 2824 773 3052 848; x_wconf 87' lang='grc' dir='ltr'>Ἰκάριον</span> <span class='ocrx_word' id='word_1_145' title='bbox 3123 778 3597 851; x_wconf 68' lang='grc' dir='ltr'>προσχωρήσαντα</span> 
     </span>
    </p>
   </div>
   <div class='ocr_carea' id='block_1_24' title="bbox 1955 859 3593 938">
    <p class='ocr_par' dir='ltr' id='par_1_24' title="bbox 1955 859 3593 938">
     <span class='ocr_line' id='line_1_25' title="bbox 1955 859 3593 938; baseline -0.002 -21"><span class='ocrx_word' id='word_1_146' title='bbox 1955 861 2191 937; x_wconf 71' lang='grc' dir='ltr'>δέχεται,</span> <span class='ocrx_word' id='word_1_147' title='bbox 2253 859 2419 935; x_wconf 69' lang='grc' dir='ltr'>ἄνδρα</span> <span class='ocrx_word' id='word_1_148' title='bbox 2477 861 2694 930; x_wconf 68' lang='grc' dir='ltr'>πολλὴν</span> <span class='ocrx_word' id='word_1_149' title='bbox 2759 863 2851 934; x_wconf 68' lang='grc' dir='ltr'>μὲν</span> <span class='ocrx_word' id='word_1_150' title='bbox 2911 865 3007 932; x_wconf 66' lang='grc' dir='ltr'>τὴν</span> <span class='ocrx_word' id='word_1_151' title='bbox 3070 863 3120 924; x_wconf 84' lang='grc' dir='ltr'>ἐς</span> <span class='ocrx_word' id='word_1_152' title='bbox 3184 864 3362 938; x_wconf 72' lang='grc' dir='ltr'>μάχας</span> <span class='ocrx_word' id='word_1_153' title='bbox 3407 871 3593 935; x_wconf 58' lang='grc' dir='ltr'>πλραν</span> 
     </span>
    </p>
   </div>
   <div class='ocr_carea' id='block_1_25' title="bbox 1954 947 3598 1027">
    <p class='ocr_par' dir='ltr' id='par_1_25' title="bbox 1954 947 3598 1027">
     <span class='ocr_line' id='line_1_26' title="bbox 1954 947 3598 1027; baseline 0.002 -21"><span class='ocrx_word' id='word_1_154' title='bbox 1954 947 2174 1027; x_wconf 77' lang='grc' dir='ltr'>ἔχοντα,</span> <span class='ocrx_word' id='word_1_155' title='bbox 2207 951 2552 1026; x_wconf 74' lang='grc' dir='ltr'>κατάρχοντα</span> <span class='ocrx_word' id='word_1_156' title='bbox 2597 948 2652 1004; x_wconf 73' lang='grc' dir='ltr'>δὲ</span> <span class='ocrx_word' id='word_1_157' title='bbox 2701 952 2788 1005; x_wconf 78' lang='grc' dir='ltr'>καὶ</span> <span class='ocrx_word' id='word_1_158' title='bbox 2835 955 3001 1022; x_wconf 63' lang='grc' dir='ltr'>νήσου</span> <span class='ocrx_word' id='word_1_159' title='bbox 3035 953 3312 1027; x_wconf 77' lang='grc' dir='ltr'>μεγίστης,</span> <span class='ocrx_word' id='word_1_160' title='bbox 3347 958 3430 1023; x_wconf 81' lang='grc' dir='ltr'>[Ρ.</span> <span class='ocrx_word' id='word_1_161' title='bbox 3473 957 3598 1026; x_wconf 77' lang='lat'>279]</span> 
     </span>
    </p>
   </div>
   <div class='ocr_carea' id='block_1_26' title="bbox 1956 1037 3599 1116">
    <p class='ocr_par' dir='ltr' id='par_1_26' title="bbox 1956 1037 3599 1116">
     <span class='ocr_line' id='line_1_27' title="bbox 1956 1037 3599 1116; baseline 0.001 -22"><span class='ocrx_word' id='word_1_162' title='bbox 1956 1044 2016 1110; x_wconf 80' lang='grc' dir='ltr'>ἣν</span> <span class='ocrx_word' id='word_1_163' title='bbox 2050 1039 2429 1113; x_wconf 67' lang='grc' dir='ltr'>Ἀνεμοπῦλας</span> <span class='ocrx_word' id='word_1_164' title='bbox 2463 1039 2583 1104; x_wconf 76' lang='grc' dir='ltr'>ἔθος</span> <span class='ocrx_word' id='word_1_165' title='bbox 2635 1046 2754 1102; x_wconf 80' lang='grc' dir='ltr'>τοῖς</span> <span class='ocrx_word' id='word_1_166' title='bbox 2804 1040 2914 1094; x_wconf 83' lang='grc' dir='ltr'>ἐκεῖ</span> <span class='ocrx_word' id='word_1_167' title='bbox 2961 1039 3160 1116; x_wconf 68' lang='grc' dir='ltr'>λέγειν,</span> <span class='ocrx_word' id='word_1_168' title='bbox 3194 1037 3507 1115; x_wconf 69' lang='grc' dir='ltr'>συμϐάματι</span> <span class='ocrx_word' id='word_1_169' title='bbox 3543 1041 3599 1096; x_wconf 73' lang='grc' dir='ltr'>δὲ</span> 
     </span>
    </p>
   </div>
   <div class='ocr_carea' id='block_1_27' title="bbox 1954 1125 3610 1206">
    <p class='ocr_par' dir='ltr' id='par_1_27' title="bbox 1954 1125 3610 1206">
     <span class='ocr_line' id='line_1_28' title="bbox 1954 1125 3610 1206; baseline 0.001 -22"><span class='ocrx_word' id='word_1_170' title='bbox 1954 1130 2133 1205; x_wconf 79' lang='grc' dir='ltr'>τύχης</span> <span class='ocrx_word' id='word_1_171' title='bbox 2164 1129 2364 1192; x_wconf 76' lang='grc' dir='ltr'>ἐκεῖθεν</span> <span class='ocrx_word' id='word_1_172' title='bbox 2423 1125 2675 1206; x_wconf 68' lang='grc' dir='ltr'>φυγόντα.</span> <span class='ocrx_word' id='word_1_173' title='bbox 2735 1131 2843 1197; x_wconf 76' lang='grc' dir='ltr'>Τὴν</span> <span class='ocrx_word' id='word_1_174' title='bbox 2902 1135 3033 1205; x_wconf 71' lang='grc' dir='ltr'>γοῦν</span> <span class='ocrx_word' id='word_1_175' title='bbox 3091 1137 3256 1198; x_wconf 76' lang='grc' dir='ltr'>νῆσον</span> <span class='ocrx_word' id='word_1_176' title='bbox 3308 1139 3610 1206; x_wconf 85' lang='grc' dir='ltr'>προσκυροῖ</span> 
     </span>
    </p>
   </div>
   <div class='ocr_carea' id='block_1_28' title="bbox 1963 1218 3604 1296">
    <p class='ocr_par' dir='ltr' id='par_1_28' title="bbox 1963 1218 3604 1296">
     <span class='ocr_line' id='line_1_29' title="bbox 1963 1218 3604 1296; baseline 0.001 -22"><span class='ocrx_word' id='word_1_177' title='bbox 1963 1219 2200 1296; x_wconf 84' lang='grc' dir='ltr'>βασιλεῖ,</span> <span class='ocrx_word' id='word_1_178' title='bbox 2258 1218 2348 1273; x_wconf 71' lang='grc' dir='ltr'>καῖ</span> <span class='ocrx_word' id='word_1_179' title='bbox 2398 1219 2556 1281; x_wconf 74' lang='grc' dir='ltr'>αὐτός</span> <span class='ocrx_word' id='word_1_180' title='bbox 2610 1225 2726 1279; x_wconf 79' lang='grc' dir='ltr'>τοῖς</span> <span class='ocrx_word' id='word_1_181' title='bbox 2777 1223 2872 1272; x_wconf 75' lang='grc' dir='ltr'>τοῦ</span> <span class='ocrx_word' id='word_1_182' title='bbox 2926 1218 3193 1293; x_wconf 65' lang='grc' dir='ltr'>βασιλέως</span> <span class='ocrx_word' id='word_1_183' title='bbox 3255 1219 3475 1282; x_wconf 69' lang='grc' dir='ltr'>οῗκείοις</span> <span class='ocrx_word' id='word_1_184' title='bbox 3517 1221 3604 1296; x_wconf 83' lang='grc' dir='ltr'>ἐγ-</span> 
     </span>
    </p>
   </div>
   <div class='ocr_carea' id='block_1_29' title="bbox 1959 1302 3606 1388">
    <p class='ocr_par' dir='ltr' id='par_1_29' title="bbox 1959 1302 3606 1388">
     <span class='ocr_line' id='line_1_30' title="bbox 1959 1302 3606 1388; baseline 0.002 -28"><span class='ocrx_word' id='word_1_185' title='bbox 1959 1309 2240 1388; x_wconf 77' lang='grc' dir='ltr'>γράφεται.</span> <span class='ocrx_word' id='word_1_186' title='bbox 2297 1307 2559 1369; x_wconf 78' lang='grc' dir='ltr'>Βασιλεὺς</span> <span class='ocrx_word' id='word_1_187' title='bbox 2619 1305 2664 1361; x_wconf 81' lang='grc' dir='ltr'>δ’</span> <span class='ocrx_word' id='word_1_188' title='bbox 2729 1302 3022 1361; x_wconf 69' lang='grc' dir='ltr'>ἀποϐαλὼν</span> <span class='ocrx_word' id='word_1_189' title='bbox 3083 1309 3175 1379; x_wconf 70' lang='grc' dir='ltr'>μὲν</span> <span class='ocrx_word' id='word_1_190' title='bbox 3244 1310 3348 1380; x_wconf 85' lang='grc' dir='ltr'>πρὸ</span> <span class='ocrx_word' id='word_1_191' title='bbox 3417 1309 3606 1383; x_wconf 78' lang='grc' dir='ltr'>ὀλίγου</span> 
     </span>
    </p>
   </div>
   <div class='ocr_carea' id='block_1_30' title="bbox 2876 1393 2918 1412">
    <p class='ocr_par' dir='ltr' id='par_1_30' title="bbox 2876 1393 2918 1412">
     <span class='ocr_line' id='line_1_31' title="bbox 2876 1393 2918 1412; baseline 0 0"><span class='ocrx_word' id='word_1_192' title='bbox 2876 1393 2918 1412; x_wconf 59' lang='grc' dir='ltr'>ἢκ</span> 
     </span>
    </p>
   </div>
   <div class='ocr_carea' id='block_1_31' title="bbox 1960 1392 3607 1473">
    <p class='ocr_par' dir='ltr' id='par_1_31' title="bbox 1960 1392 3607 1473">
     <span class='ocr_line' id='line_1_32' title="bbox 1960 1392 3607 1473; baseline -0.001 -21"><span class='ocrx_word' id='word_1_193' title='bbox 1960 1393 2450 1473; x_wconf 74' lang='grc' dir='ltr'>σεϐαστοκράτορα,</span> <span class='ocrx_word' id='word_1_194' title='bbox 2514 1392 2806 1451; x_wconf 74' lang='grc' dir='ltr'>ἀποϐαλὼν</span> <span class='ocrx_word' id='word_1_195' title='bbox 2873 1393 2928 1450; x_wconf 79' lang='grc' dir='ltr'>δὲ</span> <span class='ocrx_word' id='word_1_196' title='bbox 2985 1395 3074 1449; x_wconf 84' lang='grc' dir='ltr'>καὶ</span> <span class='ocrx_word' id='word_1_197' title='bbox 3133 1393 3424 1466; x_wconf 76' lang='grc' dir='ltr'>δεσπότην,</span> <span class='ocrx_word' id='word_1_198' title='bbox 3481 1397 3607 1459; x_wconf 71' lang='grc' dir='ltr'>τοὺς</span> 
     </span>
    </p>
   </div>
   <div class='ocr_carea' id='block_1_32' title="bbox 1963 1480 3613 1564">
    <p class='ocr_par' dir='ltr' id='par_1_32' title="bbox 1963 1480 3613 1564">
     <span class='ocr_line' id='line_1_33' title="bbox 1963 1480 3613 1564; baseline -0.001 -23"><span class='ocrx_word' id='word_1_199' title='bbox 1963 1485 2358 1564; x_wconf 77' lang='grc' dir='ltr'>αὐταδὲλιρους,</span> <span class='ocrx_word' id='word_1_200' title='bbox 2405 1485 2481 1540; x_wconf 79' lang='grc' dir='ltr'>ἔτι</span> <span class='ocrx_word' id='word_1_201' title='bbox 2531 1483 2586 1539; x_wconf 76' lang='grc' dir='ltr'>δὲ</span> <span class='ocrx_word' id='word_1_202' title='bbox 2628 1486 2735 1559; x_wconf 83' lang='grc' dir='ltr'>πρὸ</span> <span class='ocrx_word' id='word_1_203' title='bbox 2787 1483 2994 1539; x_wconf 68' lang='grc' dir='ltr'>τούτων</span> <span class='ocrx_word' id='word_1_204' title='bbox 3027 1485 3116 1538; x_wconf 77' lang='grc' dir='ltr'>καὶ</span> <span class='ocrx_word' id='word_1_205' title='bbox 3151 1483 3322 1538; x_wconf 71' lang='grc' dir='ltr'>ἄλλον</span> <span class='ocrx_word' id='word_1_206' title='bbox 3353 1480 3613 1540; x_wconf 58' lang='lat'>6531710-</span> 
     </span>
    </p>
   </div>
   <div class='ocr_carea' id='block_1_33' title="bbox 1961 1570 3612 1653">
    <p class='ocr_par' dir='ltr' id='par_1_33' title="bbox 1961 1570 3612 1653">
     <span class='ocr_line' id='line_1_34' title="bbox 1961 1570 3612 1653; baseline -0.001 -22"><span class='ocrx_word' id='word_1_207' title='bbox 1961 1577 2198 1653; x_wconf 82' lang='grc' dir='ltr'>κράτορα</span> <span class='ocrx_word' id='word_1_208' title='bbox 2255 1576 2344 1628; x_wconf 80' lang='grc' dir='ltr'>καὶ</span> <span class='ocrx_word' id='word_1_209' title='bbox 2404 1575 2641 1649; x_wconf 75' lang='grc' dir='ltr'>Καίσαρα</span> <span class='ocrx_word' id='word_1_210' title='bbox 2697 1575 2785 1628; x_wconf 79' lang='grc' dir='ltr'>καὶ</span> <span class='ocrx_word' id='word_1_211' title='bbox 2835 1570 3335 1649; x_wconf 69' lang='grc' dir='ltr'>πρωτοϐεστιάριον</span> <span class='ocrx_word' id='word_1_212' title='bbox 3391 1576 3479 1629; x_wconf 82' lang='grc' dir='ltr'>καὶ</span> <span class='ocrx_word' id='word_1_213' title='bbox 3519 1575 3612 1647; x_wconf 76' lang='grc' dir='ltr'>μὲ-</span> 
     </span>
    </p>
   </div>
   <div class='ocr_carea' id='block_1_34' title="bbox 1963 1663 3614 1741">
    <p class='ocr_par' dir='ltr' id='par_1_34' title="bbox 1963 1663 3614 1741">
     <span class='ocr_line' id='line_1_35' title="bbox 1963 1663 3614 1741; baseline -0.001 -21"><span class='ocrx_word' id='word_1_214' title='bbox 1963 1687 2060 1741; x_wconf 90' lang='grc' dir='ltr'>γαν</span> <span class='ocrx_word' id='word_1_215' title='bbox 2096 1663 2262 1738; x_wconf 77' lang='grc' dir='ltr'>δοῦκα</span> <span class='ocrx_word' id='word_1_216' title='bbox 2291 1664 2379 1718; x_wconf 76' lang='grc' dir='ltr'>καὶ</span> <span class='ocrx_word' id='word_1_217' title='bbox 2434 1663 2622 1726; x_wconf 78' lang='grc' dir='ltr'>ἁπλῶς</span> <span class='ocrx_word' id='word_1_218' title='bbox 2676 1663 2804 1724; x_wconf 70' lang='grc' dir='ltr'>τοὺς</span> <span class='ocrx_word' id='word_1_219' title='bbox 2856 1664 2909 1716; x_wconf 72' lang='grc' dir='ltr'>ἐν</span> <span class='ocrx_word' id='word_1_220' title='bbox 2970 1669 3084 1724; x_wconf 86' lang='grc' dir='ltr'>τοῖς</span> <span class='ocrx_word' id='word_1_221' title='bbox 3139 1665 3420 1738; x_wconf 76' lang='grc' dir='ltr'>μεγίστοις</span> <span class='ocrx_word' id='word_1_222' title='bbox 3452 1665 3614 1734; x_wconf 80' lang='grc' dir='ltr'>ἀξιώ-</span> 
     </span>
    </p>
   </div>
   <div class='ocr_carea' id='block_1_35' title="bbox 234 1750 3606 1862">
    <p class='ocr_par' dir='ltr' id='par_1_35' title="bbox 234 1750 3606 1862">
     <span class='ocr_line' id='line_1_36' title="bbox 311 1750 936 1768; baseline -0.011 -5"><span class='ocrx_word' id='word_1_223' title='bbox 311 1750 320 1763; x_wconf 93' lang='grc'>.</span> <span class='ocrx_word' id='word_1_224' title='bbox 392 1750 400 1768; x_wconf 76' lang='lat'><strong><em>.</em></strong></span> <span class='ocrx_word' id='word_1_225' title='bbox 491 1750 502 1761; x_wconf 86' lang='lat'><strong><em>.</em></strong></span> <span class='ocrx_word' id='word_1_226' title='bbox 734 1750 743 1757; x_wconf 93' lang='lat'><strong><em>.</em></strong></span> <span class='ocrx_word' id='word_1_227' title='bbox 928 1750 936 1759; x_wconf 93' lang='lat'>.</span> 
     </span>
     <span class='ocr_line' id='line_1_37' title="bbox 234 1750 3606 1862; baseline -0.011 -24"><span class='ocrx_word' id='word_1_228' title='bbox 234 1789 468 1856; x_wconf 78' lang='grc' dir='ltr'>γιστᾶσιν,</span> <span class='ocrx_word' id='word_1_229' title='bbox 521 1778 741 1834; x_wconf 78' lang='grc' dir='ltr'>ὀδοῦσιν</span> <span class='ocrx_word' id='word_1_230' title='bbox 802 1774 860 1830; x_wconf 82' lang='grc' dir='ltr'>ἐκ</span> <span class='ocrx_word' id='word_1_231' title='bbox 915 1771 1105 1845; x_wconf 83' lang='grc' dir='ltr'>μανίας</span> <span class='ocrx_word' id='word_1_232' title='bbox 1163 1767 1514 1842; x_wconf 72' lang='grc' dir='ltr'>καταφαγεῖν,</span> <span class='ocrx_word' id='word_1_233' title='bbox 1547 1757 1733 1827; x_wconf 79' lang='grc' dir='ltr'>ἐπειδή</span> <span class='ocrx_word' id='word_1_234' title='bbox 1769 1756 1857 1811; x_wconf 94' lang='grc' dir='ltr'>λι-</span> <span class='ocrx_word' id='word_1_235' title='bbox 1891 1799 1935 1862; x_wconf 81' lang='grc' dir='ltr'><strong>Β</strong></span> <span class='ocrx_word' id='word_1_236' title='bbox 1971 1776 2152 1828; x_wconf 82' lang='grc' dir='ltr'>μασιν,</span> <span class='ocrx_word' id='word_1_237' title='bbox 2184 1750 2389 1814; x_wconf 74' lang='grc' dir='ltr'>ἄλλους</span> <span class='ocrx_word' id='word_1_238' title='bbox 2433 1753 2670 1826; x_wconf 76' lang='grc' dir='ltr'>ἀνάγκην</span> <span class='ocrx_word' id='word_1_239' title='bbox 2725 1754 2869 1826; x_wconf 63' lang='grc' dir='ltr'>εἶχεν</span> <span class='ocrx_word' id='word_1_240' title='bbox 2917 1751 3145 1807; x_wconf 78' lang='grc' dir='ltr'>ἱστάναι.</span> <span class='ocrx_word' id='word_1_241' title='bbox 3184 1754 3287 1808; x_wconf 80' lang='grc' dir='ltr'>Καὶ</span> <span class='ocrx_word' id='word_1_242' title='bbox 3321 1751 3388 1821; x_wconf 73' lang='grc' dir='ltr'>δὴ</span> <span class='ocrx_word' id='word_1_243' title='bbox 3419 1759 3606 1809; x_wconf 71' lang='grc' dir='ltr'>τοῦτον</span> 
     </span>
     <span class='ocr_line' id='line_1_38' title="bbox 1016 1839 3528 1862; baseline -0.004 3"><span class='ocrx_word' id='word_1_244' title='bbox 1016 1860 1024 1862; x_wconf 69' lang='lat'>-</span> <span class='ocrx_word' id='word_1_245' title='bbox 1294 1855 1304 1862; x_wconf 69' lang='grc' dir='ltr'>ι</span> <span class='ocrx_word' id='word_1_246' title='bbox 1393 1849 1441 1862; x_wconf 59' lang='grc' dir='ltr'>υμ</span> <span class='ocrx_word' id='word_1_247' title='bbox 1486 1848 1508 1862; x_wconf 58' lang='grc' dir='ltr'><strong>κ</strong></span> <span class='ocrx_word' id='word_1_248' title='bbox 1722 1842 1750 1862; x_wconf 76' lang='grc' dir='ltr'>ρ</span> <span class='ocrx_word' id='word_1_249' title='bbox 1794 1845 1812 1862; x_wconf 55' lang='grc' dir='ltr'>κ</span> <span class='ocrx_word' id='word_1_250' title='bbox 2013 1843 2028 1860; x_wconf 59' lang='grc' dir='ltr'><strong>κ</strong></span> <span class='ocrx_word' id='word_1_251' title='bbox 2138 1844 2150 1859; x_wconf 77' lang='lat'><strong><em>\</em></strong></span> <span class='ocrx_word' id='word_1_252' title='bbox 2244 1843 2275 1862; x_wconf 73' lang='grc' dir='ltr'>ν.</span> <span class='ocrx_word' id='word_1_253' title='bbox 2338 1841 2374 1862; x_wconf 29' lang='grc' dir='ltr'>ιν</span> <span class='ocrx_word' id='word_1_254' title='bbox 2601 1840 2612 1855; x_wconf 63' lang='grc' dir='ltr'><strong>ε</strong></span> <span class='ocrx_word' id='word_1_255' title='bbox 2676 1839 2700 1858; x_wconf 74' lang='grc' dir='ltr'><strong>ν</strong></span> <span class='ocrx_word' id='word_1_256' title='bbox 2806 1840 2822 1862; x_wconf 56' lang='lat' dir='ltr'><strong>x</strong></span> <span class='ocrx_word' id='word_1_257' title='bbox 2924 1839 2971 1862; x_wconf 61' lang='lat' dir='ltr'>Ir)</span> <span class='ocrx_word' id='word_1_258' title='bbox 3023 1841 3033 1859; x_wconf 73' lang='grc' dir='ltr'><em>ι</em></span> <span class='ocrx_word' id='word_1_259' title='bbox 3241 1843 3265 1862; x_wconf 71' lang='grc' dir='ltr'><strong>τ</strong></span> <span class='ocrx_word' id='word_1_260' title='bbox 3453 1844 3464 1860; x_wconf 53' lang='grc' dir='ltr'><em>κ</em></span> <span class='ocrx_word' id='word_1_261' title='bbox 3506 1843 3528 1856; x_wconf 71' lang='grc' dir='ltr'><strong>ν</strong></span> 
     </span>
    </p>
   </div>
   <div class='ocr_carea' id='block_1_36' title="bbox 1409 1849 1416 1865">
    <p class='ocr_par' dir='ltr' id='par_1_36' title="bbox 1409 1849 1416 1865">
     <span class='ocr_line' id='line_1_39' title="bbox 1409 1849 1416 1865; baseline 0 0"><span class='ocrx_word' id='word_1_262' title='bbox 1409 1849 1416 1865; x_wconf 71' lang='grc' dir='ltr'><strong><em>Ι</em></strong></span> 
     </span>
    </p>
   </div>
   <div class='ocr_carea' id='block_1_37' title="bbox 233 1842 1856 1939">
    <p class='ocr_par' dir='ltr' id='par_1_37' title="bbox 233 1842 1856 1939">
     <span class='ocr_line' id='line_1_40' title="bbox 233 1842 1856 1939; baseline -0.017 -13"><span class='ocrx_word' id='word_1_263' title='bbox 233 1872 445 1926; x_wconf 75' lang='grc' dir='ltr'>τανεύων</span> <span class='ocrx_word' id='word_1_264' title='bbox 503 1870 598 1925; x_wconf 80' lang='grc' dir='ltr'>καὶ</span> <span class='ocrx_word' id='word_1_265' title='bbox 654 1868 756 1936; x_wconf 79' lang='grc' dir='ltr'>τήν</span> <span class='ocrx_word' id='word_1_266' title='bbox 812 1865 947 1939; x_wconf 86' lang='grc' dir='ltr'>πρὸς</span> <span class='ocrx_word' id='word_1_267' title='bbox 1004 1855 1344 1933; x_wconf 84' lang='grc' dir='ltr'>ἀπαρτισμὸν</span> <span class='ocrx_word' id='word_1_268' title='bbox 1393 1848 1572 1922; x_wconf 79' lang='grc' dir='ltr'>ἔξοδον</span> <span class='ocrx_word' id='word_1_269' title='bbox 1605 1842 1856 1923; x_wconf 76' lang='grc' dir='ltr'>προϐαλ-</span> 
     </span>
    </p>
   </div>
   <div class='ocr_carea' id='block_1_38' title="bbox 236 1933 1860 2032">
    <p class='ocr_par' dir='ltr' id='par_1_38' title="bbox 236 1933 1860 2032">
     <span class='ocr_line' id='line_1_41' title="bbox 236 1933 1860 2032; baseline -0.018 -15"><span class='ocrx_word' id='word_1_270' title='bbox 236 1961 445 2032; x_wconf 77' lang='grc' dir='ltr'>λόμενος</span> <span class='ocrx_word' id='word_1_271' title='bbox 509 1958 604 2014; x_wconf 77' lang='grc' dir='ltr'>καὶ</span> <span class='ocrx_word' id='word_1_272' title='bbox 663 1953 958 2030; x_wconf 77' lang='grc' dir='ltr'>προτείνων</span> <span class='ocrx_word' id='word_1_273' title='bbox 1015 1949 1082 2003; x_wconf 70' lang='grc' dir='ltr'>τὰ</span> <span class='ocrx_word' id='word_1_274' title='bbox 1137 1947 1304 2001; x_wconf 79' lang='grc' dir='ltr'>αὐτοῦ</span> <span class='ocrx_word' id='word_1_275' title='bbox 1363 1940 1541 1996; x_wconf 81' lang='grc' dir='ltr'>δίκαια</span> <span class='ocrx_word' id='word_1_276' title='bbox 1571 1935 1684 1992; x_wconf 78' lang='grc' dir='ltr'>οὐδ’</span> <span class='ocrx_word' id='word_1_277' title='bbox 1716 1933 1860 1996; x_wconf 80' lang='grc' dir='ltr'>ὅλως</span> 
     </span>
    </p>
   </div>
   <div class='ocr_carea' id='block_1_39' title="bbox 231 2027 1862 2104">
    <p class='ocr_par' dir='ltr' id='par_1_39' title="bbox 231 2027 1862 2104">
     <span class='ocr_line' id='line_1_42' title="bbox 231 2027 1862 2104; baseline -0.005 -1"><span class='ocrx_word' id='word_1_278' title='bbox 231 2051 307 2103; x_wconf 83' lang='grc' dir='ltr'>τὸν</span> <span class='ocrx_word' id='word_1_279' title='bbox 337 2050 554 2103; x_wconf 79' lang='grc' dir='ltr'>πάππαν</span> <span class='ocrx_word' id='word_1_280' title='bbox 618 2040 823 2100; x_wconf 84' lang='grc' dir='ltr'>ἔπειθεν</span> <span class='ocrx_word' id='word_1_281' title='bbox 886 2037 1170 2104; x_wconf 80' lang='grc' dir='ltr'>ἀπολύειν,</span> <span class='ocrx_word' id='word_1_282' title='bbox 1230 2031 1353 2088; x_wconf 88' lang='grc' dir='ltr'>ἀλλ’</span> <span class='ocrx_word' id='word_1_283' title='bbox 1401 2031 1467 2099; x_wconf 77' lang='grc' dir='ltr'>ἦν</span> <span class='ocrx_word' id='word_1_284' title='bbox 1517 2027 1664 2102; x_wconf 72' lang='grc' dir='ltr'>παρὰ</span> <span class='ocrx_word' id='word_1_285' title='bbox 1693 2029 1862 2102; x_wconf 68' lang='grc' dir='ltr'>κωφῷ</span> 
     </span>
    </p>
   </div>
   <div class='ocr_carea' id='block_1_40' title="bbox 232 2117 1858 2214">
    <p class='ocr_par' dir='ltr' id='par_1_40' title="bbox 232 2117 1858 2214">
     <span class='ocr_line' id='line_1_43' title="bbox 232 2117 1858 2214; baseline -0.016 -22"><span class='ocrx_word' id='word_1_286' title='bbox 232 2137 407 2214; x_wconf 75' lang='grc' dir='ltr'>λέγων.</span> <span class='ocrx_word' id='word_1_287' title='bbox 461 2139 770 2209; x_wconf 80' lang='grc' dir='ltr'>Ἀντεπῆγε</span> <span class='ocrx_word' id='word_1_288' title='bbox 824 2131 926 2206; x_wconf 77' lang='grc' dir='ltr'>γὰρ</span> <span class='ocrx_word' id='word_1_289' title='bbox 981 2127 1070 2183; x_wconf 83' lang='grc' dir='ltr'>καὶ</span> <span class='ocrx_word' id='word_1_290' title='bbox 1127 2126 1154 2180; x_wconf 87' lang='grc' dir='ltr'>ὁ</span> <span class='ocrx_word' id='word_1_291' title='bbox 1206 2122 1427 2181; x_wconf 81' lang='grc' dir='ltr'>πάππας</span> <span class='ocrx_word' id='word_1_292' title='bbox 1473 2119 1540 2172; x_wconf 69' lang='grc' dir='ltr'>τά</span> <span class='ocrx_word' id='word_1_293' title='bbox 1590 2117 1720 2188; x_wconf 72' lang='grc' dir='ltr'>ὑπὲρ</span> <span class='ocrx_word' id='word_1_294' title='bbox 1751 2119 1858 2168; x_wconf 88' lang='grc' dir='ltr'>τῶν</span> 
     </span>
    </p>
   </div>
   <div class='ocr_carea' id='block_1_41' title="bbox 231 2204 1863 2303">
    <p class='ocr_par' dir='ltr' id='par_1_41' title="bbox 231 2204 1863 2303">
     <span class='ocr_line' id='line_1_44' title="bbox 231 2204 1863 2303; baseline -0.015 -22"><span class='ocrx_word' id='word_1_295' title='bbox 231 2231 448 2303; x_wconf 79' lang='grc' dir='ltr'>Γραικῶν</span> <span class='ocrx_word' id='word_1_296' title='bbox 520 2223 722 2291; x_wconf 74' lang='grc' dir='ltr'>δίκαια,</span> <span class='ocrx_word' id='word_1_297' title='bbox 781 2222 855 2283; x_wconf 83' lang='grc' dir='ltr'>ὡς</span> <span class='ocrx_word' id='word_1_298' title='bbox 931 2217 1142 2273; x_wconf 77' lang='grc' dir='ltr'>ἐκείνων</span> <span class='ocrx_word' id='word_1_299' title='bbox 1205 2210 1334 2266; x_wconf 72' lang='grc' dir='ltr'>οὖσα</span> <span class='ocrx_word' id='word_1_300' title='bbox 1385 2212 1420 2279; x_wconf 73' lang='grc' dir='ltr'>ἡ</span> <span class='ocrx_word' id='word_1_301' title='bbox 1487 2204 1863 2282; x_wconf 74' lang='grc' dir='ltr'>μεγαλόπολις</span> 
     </span>
    </p>
   </div>
   <div class='ocr_carea' id='block_1_42' title="bbox 230 2293 1864 2381">
    <p class='ocr_par' dir='ltr' id='par_1_42' title="bbox 230 2293 1864 2381">
     <span class='ocr_line' id='line_1_45' title="bbox 230 2293 1864 2381; baseline -0.017 -10"><span class='ocrx_word' id='word_1_302' title='bbox 230 2315 434 2377; x_wconf 79' lang='grc' dir='ltr'>ἐκείνοις</span> <span class='ocrx_word' id='word_1_303' title='bbox 501 2311 668 2368; x_wconf 82' lang='grc' dir='ltr'>πάλιν</span> <span class='ocrx_word' id='word_1_304' title='bbox 729 2309 818 2365; x_wconf 83' lang='grc' dir='ltr'>καὶ</span> <span class='ocrx_word' id='word_1_305' title='bbox 879 2305 1257 2381; x_wconf 70' lang='grc' dir='ltr'>προσεγένετο,</span> <span class='ocrx_word' id='word_1_306' title='bbox 1303 2297 1392 2353; x_wconf 83' lang='grc' dir='ltr'>καὶ</span> <span class='ocrx_word' id='word_1_307' title='bbox 1446 2295 1529 2351; x_wconf 74' lang='grc' dir='ltr'>ὅτι</span> <span class='ocrx_word' id='word_1_308' title='bbox 1579 2293 1746 2366; x_wconf 84' lang='grc' dir='ltr'>νόμος</span> <span class='ocrx_word' id='word_1_309' title='bbox 1779 2293 1864 2346; x_wconf 85' lang='grc' dir='ltr'>ἀν-</span> 
     </span>
    </p>
   </div>
   <div class='ocr_carea' id='block_1_43' title="bbox 231 2381 1862 2480">
    <p class='ocr_par' dir='ltr' id='par_1_43' title="bbox 231 2381 1862 2480">
     <span class='ocr_line' id='line_1_46' title="bbox 231 2381 1862 2480; baseline -0.013 -23"><span class='ocrx_word' id='word_1_310' title='bbox 231 2405 449 2480; x_wconf 80' lang='grc' dir='ltr'>θρώποις</span> <span class='ocrx_word' id='word_1_311' title='bbox 515 2407 704 2472; x_wconf 75' lang='grc' dir='ltr'>ταῦτα,</span> <span class='ocrx_word' id='word_1_312' title='bbox 765 2398 855 2454; x_wconf 82' lang='grc' dir='ltr'>καὶ</span> <span class='ocrx_word' id='word_1_313' title='bbox 914 2395 1062 2469; x_wconf 77' lang='grc' dir='ltr'>δῶρα</span> <span class='ocrx_word' id='word_1_314' title='bbox 1118 2390 1370 2457; x_wconf 69' lang='grc' dir='ltr'>πολέμου</span> <span class='ocrx_word' id='word_1_315' title='bbox 1425 2385 1514 2441; x_wconf 83' lang='grc' dir='ltr'>καὶ</span> <span class='ocrx_word' id='word_1_316' title='bbox 1555 2382 1746 2445; x_wconf 79' lang='grc' dir='ltr'>πόλεις</span> <span class='ocrx_word' id='word_1_317' title='bbox 1773 2381 1862 2437; x_wconf 86' lang='grc' dir='ltr'>καὶ</span> 
     </span>
    </p>
   </div>
   <div class='ocr_carea' id='block_1_44' title="bbox 225 2472 1866 2566">
    <p class='ocr_par' dir='ltr' id='par_1_44' title="bbox 225 2472 1866 2566">
     <span class='ocr_line' id='line_1_47' title="bbox 225 2472 1866 2566; baseline -0.016 -18"><span class='ocrx_word' id='word_1_318' title='bbox 225 2472 498 2566; x_wconf 71' lang='grc' dir='ltr'>χρήματα,</span> <span class='ocrx_word' id='word_1_319' title='bbox 551 2490 614 2544; x_wconf 88' lang='grc' dir='ltr'>τὸ</span> <span class='ocrx_word' id='word_1_320' title='bbox 659 2486 716 2542; x_wconf 71' lang='grc' dir='ltr'>δὲ</span> <span class='ocrx_word' id='word_1_321' title='bbox 762 2490 946 2559; x_wconf 87' lang='grc' dir='ltr'>μεῖζον</span> <span class='ocrx_word' id='word_1_322' title='bbox 987 2488 1084 2551; x_wconf 82' lang='grc' dir='ltr'>τῆς</span> <span class='ocrx_word' id='word_1_323' title='bbox 1115 2476 1440 2542; x_wconf 80' lang='grc' dir='ltr'>Ἐκκλησίας</span> <span class='ocrx_word' id='word_1_324' title='bbox 1475 2473 1582 2527; x_wconf 74' lang='grc' dir='ltr'>υἱοὶ</span> <span class='ocrx_word' id='word_1_325' title='bbox 1612 2473 1699 2526; x_wconf 85' lang='grc' dir='ltr'>καὶ</span> <span class='ocrx_word' id='word_1_326' title='bbox 1733 2472 1866 2544; x_wconf 86' lang='grc' dir='ltr'>Χρι-</span> 
     </span>
    </p>
   </div>
   <div class='ocr_carea' id='block_1_45' title="bbox 227 2558 1863 2655">
    <p class='ocr_par' dir='ltr' id='par_1_45' title="bbox 227 2558 1863 2655">
     <span class='ocr_line' id='line_1_48' title="bbox 227 2558 1863 2655; baseline -0.014 -21"><span class='ocrx_word' id='word_1_327' title='bbox 227 2582 434 2638; x_wconf 76' lang='grc' dir='ltr'>στιανοί.</span> <span class='ocrx_word' id='word_1_328' title='bbox 508 2580 863 2655; x_wconf 84' lang='grc' dir='ltr'>Χριστιανοῖς</span> <span class='ocrx_word' id='word_1_329' title='bbox 923 2569 982 2627; x_wconf 71' lang='grc' dir='ltr'>δὲ</span> <span class='ocrx_word' id='word_1_330' title='bbox 1053 2567 1192 2624; x_wconf 83' lang='grc' dir='ltr'>κατά</span> <span class='ocrx_word' id='word_1_331' title='bbox 1247 2566 1580 2642; x_wconf 79' lang='grc' dir='ltr'>Χριστιανῶν</span> <span class='ocrx_word' id='word_1_332' title='bbox 1637 2558 1863 2634; x_wconf 74' lang='grc' dir='ltr'>ἐφεῖναι,</span> 
     </span>
    </p>
   </div>
   <div class='ocr_carea' id='block_1_46' title="bbox 231 2655 1635 2743">
    <p class='ocr_par' dir='ltr' id='par_1_46' title="bbox 231 2655 1635 2743">
     <span class='ocr_line' id='line_1_49' title="bbox 231 2655 1635 2743; baseline -0.015 -16"><span class='ocrx_word' id='word_1_333' title='bbox 231 2670 296 2741; x_wconf 78' lang='grc' dir='ltr'>μὴ</span> <span class='ocrx_word' id='word_1_334' title='bbox 324 2669 409 2724; x_wconf 80' lang='grc' dir='ltr'>καὶ</span> <span class='ocrx_word' id='word_1_335' title='bbox 441 2670 528 2732; x_wconf 84' lang='grc' dir='ltr'>εἰς</span> <span class='ocrx_word' id='word_1_336' title='bbox 558 2663 934 2743; x_wconf 87' lang='grc' dir='ltr'>παροργισμὸν</span> <span class='ocrx_word' id='word_1_337' title='bbox 966 2660 1063 2716; x_wconf 79' lang='grc' dir='ltr'>τοῦ</span> <span class='ocrx_word' id='word_1_338' title='bbox 1094 2658 1252 2713; x_wconf 76' lang='grc' dir='ltr'>Θείου</span> <span class='ocrx_word' id='word_1_339' title='bbox 1282 2655 1635 2729; x_wconf 78' lang='grc' dir='ltr'>πράττοιμεν.</span> 
     </span>
    </p>
   </div>
   <div class='ocr_carea' id='block_1_47' title="bbox 383 2873 1698 2950">
    <p class='ocr_par' dir='ltr' id='par_1_47' title="bbox 383 2873 1698 2950">
     <span class='ocr_line' id='line_1_50' title="bbox 383 2873 1698 2950; baseline -0.014 -4"><span class='ocrx_word' id='word_1_340' title='bbox 383 2893 475 2947; x_wconf 85' lang='lat'>26.</span> <span class='ocrx_word' id='word_1_341' title='bbox 521 2891 585 2948; x_wconf 88' lang='lat' dir='ltr'>Ut</span> <span class='ocrx_word' id='word_1_342' title='bbox 615 2889 815 2944; x_wconf 81' lang='lat' dir='ltr'>iterum</span> <span class='ocrx_word' id='word_1_343' title='bbox 846 2885 914 2941; x_wconf 87' lang='lat' dir='ltr'>ad</span> <span class='ocrx_word' id='word_1_344' title='bbox 943 2887 1153 2947; x_wconf 83' lang='lat' dir='ltr'>Papam</span> <span class='ocrx_word' id='word_1_345' title='bbox 1182 2879 1352 2950; x_wconf 80' lang='lat' dir='ltr'>legati</span> <span class='ocrx_word' id='word_1_346' title='bbox 1378 2877 1490 2932; x_wconf 78' lang='lat' dir='ltr'>sint</span> <span class='ocrx_word' id='word_1_347' title='bbox 1518 2873 1698 2930; x_wconf 76' lang='lat' dir='ltr'>missi.</span> 
     </span>
    </p>
   </div>
   <div class='ocr_carea' id='block_1_48' title="bbox 292 2959 1869 3050">
    <p class='ocr_par' dir='ltr' id='par_1_48' title="bbox 292 2959 1869 3050">
     <span class='ocr_line' id='line_1_51' title="bbox 292 2959 1869 3050; baseline -0.015 -13"><span class='ocrx_word' id='word_1_348' title='bbox 292 2981 580 3036; x_wconf 67' lang='lat' dir='ltr'>Caeterum</span> <span class='ocrx_word' id='word_1_349' title='bbox 633 2978 953 3050; x_wconf 81' lang='lat' dir='ltr'>imperator</span> <span class='ocrx_word' id='word_1_350' title='bbox 983 2970 1282 3044; x_wconf 85' lang='lat' dir='ltr'>expeditos</span> <span class='ocrx_word' id='word_1_351' title='bbox 1323 2967 1761 3034; x_wconf 87' lang='lat' dir='ltr'>instructosque</span> <span class='ocrx_word' id='word_1_352' title='bbox 1789 2959 1869 3016; x_wconf 87' lang='lat' dir='ltr'>1e-</span> 
     </span>
    </p>
   </div>
   <div class='ocr_carea' id='block_1_49' title="bbox 227 3056 1870 3140">
    <p class='ocr_par' dir='ltr' id='par_1_49' title="bbox 227 3056 1870 3140">
     <span class='ocr_line' id='line_1_52' title="bbox 227 3056 1870 3140; baseline -0.013 -15"><span class='ocrx_word' id='word_1_353' title='bbox 227 3075 380 3140; x_wconf 84' lang='lat' dir='ltr'>getos</span> <span class='ocrx_word' id='word_1_354' title='bbox 411 3068 605 3125; x_wconf 89' lang='lat' dir='ltr'>mittit</span> <span class='ocrx_word' id='word_1_355' title='bbox 635 3067 706 3122; x_wconf 90' lang='lat' dir='ltr'>ad</span> <span class='ocrx_word' id='word_1_356' title='bbox 739 3066 979 3136; x_wconf 83' lang='lat' dir='ltr'>Papam,</span> <span class='ocrx_word' id='word_1_357' title='bbox 1004 3059 1181 3118; x_wconf 84' lang='lat' dir='ltr'>simul</span> <span class='ocrx_word' id='word_1_358' title='bbox 1213 3056 1644 3129; x_wconf 82' lang='lat' dir='ltr'>signiﬁcaturos</span> <span class='ocrx_word' id='word_1_359' title='bbox 1663 3066 1870 3122; x_wconf 91' lang='lat' dir='ltr'>perpe-</span> 
     </span>
    </p>
   </div>
   <div class='ocr_carea' id='block_1_50' title="bbox 1973 1839 3612 1916">
    <p class='ocr_par' dir='ltr' id='par_1_50' title="bbox 1973 1839 3612 1916">
     <span class='ocr_line' id='line_1_53' title="bbox 1973 1839 3612 1916; baseline 0.001 -19"><span class='ocrx_word' id='word_1_360' title='bbox 1973 1843 2066 1916; x_wconf 74' lang='grc' dir='ltr'>μὲν</span> <span class='ocrx_word' id='word_1_361' title='bbox 2097 1844 2188 1897; x_wconf 84' lang='grc' dir='ltr'>τὸν</span> <span class='ocrx_word' id='word_1_362' title='bbox 2244 1841 2471 1914; x_wconf 78' lang='grc' dir='ltr'>Ἰκάριον</span> <span class='ocrx_word' id='word_1_363' title='bbox 2527 1840 2614 1894; x_wconf 73' lang='grc' dir='ltr'>καὶ</span> <span class='ocrx_word' id='word_1_364' title='bbox 2674 1839 2749 1894; x_wconf 81' lang='grc' dir='ltr'>ἔτι</span> <span class='ocrx_word' id='word_1_365' title='bbox 2806 1840 2860 1894; x_wconf 71' lang='grc' dir='ltr'>ἐν</span> <span class='ocrx_word' id='word_1_366' title='bbox 2924 1839 3164 1912; x_wconf 56' lang='lat' dir='ltr'>tantum;</span> <span class='ocrx_word' id='word_1_367' title='bbox 3215 1843 3350 1916; x_wconf 69' lang='grc' dir='ltr'>εἶχε,</span> <span class='ocrx_word' id='word_1_368' title='bbox 3379 1844 3467 1897; x_wconf 85' lang='grc' dir='ltr'>καὶ</span> <span class='ocrx_word' id='word_1_369' title='bbox 3499 1843 3612 1916; x_wconf 77' lang='grc' dir='ltr'>ἅμα</span> 
     </span>
    </p>
   </div>
   <div class='ocr_carea' id='block_1_51' title="bbox 1972 1924 3614 2004">
    <p class='ocr_par' dir='ltr' id='par_1_51' title="bbox 1972 1924 3614 2004">
     <span class='ocr_line' id='line_1_54' title="bbox 1972 1924 3614 2004; baseline 0 -17"><span class='ocrx_word' id='word_1_370' title='bbox 1972 1931 2226 2004; x_wconf 81' lang='grc' dir='ltr'>δυνάμεσι</span> <span class='ocrx_word' id='word_1_371' title='bbox 2300 1931 2542 1999; x_wconf 71' lang='grc' dir='ltr'>πεζικαῖς</span> <span class='ocrx_word' id='word_1_372' title='bbox 2615 1924 2915 2002; x_wconf 65' lang='grc' dir='ltr'>ἐμϐιϐάσας</span> <span class='ocrx_word' id='word_1_373' title='bbox 2993 1931 3178 1984; x_wconf 79' lang='grc' dir='ltr'>ναυσὶν</span> <span class='ocrx_word' id='word_1_374' title='bbox 3249 1930 3453 1986; x_wconf 86' lang='grc' dir='ltr'>ἐκεῖνον</span> <span class='ocrx_word' id='word_1_375' title='bbox 3531 1932 3614 1988; x_wconf 84' lang='grc' dir='ltr'>ἐπ’</span> 
     </span>
    </p>
   </div>
   <div class='ocr_carea' id='block_1_52' title="bbox 1972 2018 3614 2097">
    <p class='ocr_par' dir='ltr' id='par_1_52' title="bbox 1972 2018 3614 2097">
     <span class='ocr_line' id='line_1_55' title="bbox 1972 2018 3614 2097; baseline -0.001 -19"><span class='ocrx_word' id='word_1_376' title='bbox 1972 2021 2212 2097; x_wconf 73' lang='grc' dir='ltr'>Εὐρίπου</span> <span class='ocrx_word' id='word_1_377' title='bbox 2241 2019 2443 2074; x_wconf 70' lang='grc' dir='ltr'>πὲαπει</span> <span class='ocrx_word' id='word_1_378' title='bbox 2500 2023 2578 2092; x_wconf 73' lang='grc' dir='ltr'>τῷ</span> <span class='ocrx_word' id='word_1_379' title='bbox 2636 2018 2858 2092; x_wconf 82' lang='grc' dir='ltr'>μεγάλῳ</span> <span class='ocrx_word' id='word_1_380' title='bbox 2914 2021 3088 2092; x_wconf 76' lang='grc' dir='ltr'>κυρίῳ</span> <span class='ocrx_word' id='word_1_381' title='bbox 3149 2020 3367 2094; x_wconf 79' lang='grc' dir='ltr'>Ἰωάννῃ</span> <span class='ocrx_word' id='word_1_382' title='bbox 3412 2023 3614 2094; x_wconf 85' lang='grc' dir='ltr'>συμμί-</span> 
     </span>
    </p>
   </div>
   <div class='ocr_carea' id='block_1_53' title="bbox 1973 2104 3617 2186">
    <p class='ocr_par' dir='ltr' id='par_1_53' title="bbox 1973 2104 3617 2186">
     <span class='ocr_line' id='line_1_56' title="bbox 1973 2104 3617 2186; baseline 0 -22"><span class='ocrx_word' id='word_1_383' title='bbox 1973 2113 2147 2181; x_wconf 78' lang='grc' dir='ltr'>ξοντα.</span> <span class='ocrx_word' id='word_1_384' title='bbox 2183 2111 2282 2164; x_wconf 73' lang='grc' dir='ltr'>Καὶ</span> <span class='ocrx_word' id='word_1_385' title='bbox 2317 2106 2384 2176; x_wconf 74' lang='grc' dir='ltr'>δη</span> <span class='ocrx_word' id='word_1_386' title='bbox 2436 2109 2550 2163; x_wconf 77' lang='grc' dir='ltr'>ἐπεὶ</span> <span class='ocrx_word' id='word_1_387' title='bbox 2603 2107 2826 2180; x_wconf 78' lang='grc' dir='ltr'>στρατὸς</span> <span class='ocrx_word' id='word_1_388' title='bbox 2881 2111 2988 2161; x_wconf 88' lang='grc' dir='ltr'>τῶν</span> <span class='ocrx_word' id='word_1_389' title='bbox 3044 2112 3173 2162; x_wconf 88' lang='grc' dir='ltr'>νεῶν</span> <span class='ocrx_word' id='word_1_390' title='bbox 3209 2104 3465 2164; x_wconf 65' lang='grc' dir='ltr'>ἀπέϐαινε</span> <span class='ocrx_word' id='word_1_391' title='bbox 3494 2113 3617 2186; x_wconf 81' lang='grc' dir='ltr'>περί</span> 
     </span>
    </p>
   </div>
   <div class='ocr_carea' id='block_1_54' title="bbox 1971 2194 3613 2273">
    <p class='ocr_par' dir='ltr' id='par_1_54' title="bbox 1971 2194 3613 2273">
     <span class='ocr_line' id='line_1_57' title="bbox 1971 2194 3613 2273; baseline -0.001 -19"><span class='ocrx_word' id='word_1_392' title='bbox 1971 2221 2076 2254; x_wconf 91' lang='grc' dir='ltr'>που</span> <span class='ocrx_word' id='word_1_393' title='bbox 2107 2197 2234 2260; x_wconf 74' lang='grc' dir='ltr'>τοὺς</span> <span class='ocrx_word' id='word_1_394' title='bbox 2269 2197 2541 2273; x_wconf 75' lang='grc' dir='ltr'>Σωρεοὺς,</span> <span class='ocrx_word' id='word_1_395' title='bbox 2577 2199 2603 2251; x_wconf 89' lang='grc' dir='ltr'>ὁ</span> <span class='ocrx_word' id='word_1_396' title='bbox 2635 2194 2887 2267; x_wconf 80' lang='grc' dir='ltr'>Ἰωάννης</span> <span class='ocrx_word' id='word_1_397' title='bbox 2927 2198 3235 2269; x_wconf 78' lang='grc' dir='ltr'>πυθόμενος</span> <span class='ocrx_word' id='word_1_398' title='bbox 3266 2199 3364 2267; x_wconf 73' lang='grc' dir='ltr'>τήν</span> <span class='ocrx_word' id='word_1_399' title='bbox 3400 2198 3613 2254; x_wconf 67' lang='grc' dir='ltr'>ἐκείνων</span> 
     </span>
    </p>
   </div>
   <div class='ocr_carea' id='block_1_55' title="bbox 1973 2281 3620 2362">
    <p class='ocr_par' dir='ltr' id='par_1_55' title="bbox 1973 2281 3620 2362">
     <span class='ocr_line' id='line_1_58' title="bbox 1973 2281 3620 2362; baseline 0 -20"><span class='ocrx_word' id='word_1_400' title='bbox 1973 2282 2261 2357; x_wconf 71' lang='grc' dir='ltr'>ἀπόϐασιν,</span> <span class='ocrx_word' id='word_1_401' title='bbox 2322 2285 2407 2340; x_wconf 79' lang='grc' dir='ltr'>καὶ</span> <span class='ocrx_word' id='word_1_402' title='bbox 2465 2287 2517 2359; x_wconf 85' lang='grc' dir='ltr'>γ’</span> <span class='ocrx_word' id='word_1_403' title='bbox 2576 2287 2650 2347; x_wconf 74' lang='grc' dir='ltr'>ὡς</span> <span class='ocrx_word' id='word_1_404' title='bbox 2709 2285 2828 2359; x_wconf 81' lang='grc' dir='ltr'>εἶχε</span> <span class='ocrx_word' id='word_1_405' title='bbox 2885 2281 3163 2358; x_wconf 82' lang='grc' dir='ltr'>ποδαλγὸς</span> <span class='ocrx_word' id='word_1_406' title='bbox 3215 2283 3288 2339; x_wconf 79' lang='grc' dir='ltr'>ὢν</span> <span class='ocrx_word' id='word_1_407' title='bbox 3342 2294 3441 2356; x_wconf 81' lang='grc' dir='ltr'>τῆς</span> <span class='ocrx_word' id='word_1_408' title='bbox 3484 2289 3620 2362; x_wconf 84' lang='grc' dir='ltr'>πρὸς</span> 
     </span>
    </p>
   </div>
   <div class='ocr_carea' id='block_1_56' title="bbox 1974 2373 3621 2449">
    <p class='ocr_par' dir='ltr' id='par_1_56' title="bbox 1974 2373 3621 2449">
     <span class='ocr_line' id='line_1_59' title="bbox 1974 2373 3621 2449; baseline 0 -18"><span class='ocrx_word' id='word_1_409' title='bbox 1974 2375 2207 2439; x_wconf 83' lang='grc' dir='ltr'>ἐκείνους</span> <span class='ocrx_word' id='word_1_410' title='bbox 2237 2376 2338 2430; x_wconf 80' lang='grc' dir='ltr'>οὐκ</span> <span class='ocrx_word' id='word_1_411' title='bbox 2387 2375 2658 2449; x_wconf 66' lang='grc' dir='ltr'>ἀπέσχετο</span> <span class='ocrx_word' id='word_1_412' title='bbox 2712 2375 2920 2448; x_wconf 81' lang='grc' dir='ltr'>μάχης,</span> <span class='ocrx_word' id='word_1_413' title='bbox 2983 2373 3108 2429; x_wconf 59' lang='lat' dir='ltr'>am</span> <span class='ocrx_word' id='word_1_414' title='bbox 3165 2374 3385 2438; x_wconf 79' lang='grc' dir='ltr'>αὐτόθεν</span> <span class='ocrx_word' id='word_1_415' title='bbox 3438 2397 3621 2432; x_wconf 86' lang='grc' dir='ltr'>συντα-</span> 
     </span>
    </p>
   </div>
   <div class='ocr_carea' id='block_1_57' title="bbox 1975 2465 2353 2538">
    <p class='ocr_par' dir='ltr' id='par_1_57' title="bbox 1975 2465 2353 2538">
     <span class='ocr_line' id='line_1_60' title="bbox 1975 2465 2353 2538; baseline -0.005 -18"><span class='ocrx_word' id='word_1_416' title='bbox 1975 2467 2199 2538; x_wconf 78' lang='grc' dir='ltr'>ξάμενος</span> <span class='ocrx_word' id='word_1_417' title='bbox 2267 2465 2353 2518; x_wconf 79' lang='grc' dir='ltr'>καὶ</span> 
     </span>
    </p>
   </div>
   <div class='ocr_carea' id='block_1_58' title="bbox 1975 2552 3624 2630">
    <p class='ocr_par' dir='ltr' id='par_1_58' title="bbox 1975 2552 3624 2630">
     <span class='ocr_line' id='line_1_61' title="bbox 1975 2552 3624 2630; baseline -0.001 -19"><span class='ocrx_word' id='word_1_418' title='bbox 1975 2555 2342 2618; x_wconf 70' lang='grc' dir='ltr'>ἀκουσθέντων</span> <span class='ocrx_word' id='word_1_419' title='bbox 2401 2552 2511 2623; x_wconf 64' lang='grc' dir='ltr'>ἤϊε.</span> <span class='ocrx_word' id='word_1_420' title='bbox 2586 2553 2687 2609; x_wconf 74' lang='grc' dir='ltr'>Καὶ</span> <span class='ocrx_word' id='word_1_421' title='bbox 2758 2553 2943 2627; x_wconf 78' lang='grc' dir='ltr'>μάχην</span> <span class='ocrx_word' id='word_1_422' title='bbox 3011 2555 3272 2630; x_wconf 75' lang='grc' dir='ltr'>κρατερὰν</span> <span class='ocrx_word' id='word_1_423' title='bbox 3351 2556 3624 2629; x_wconf 74' lang='grc' dir='ltr'>συμμίξας</span> 
     </span>
    </p>
   </div>
   <div class='ocr_carea' id='block_1_59' title="bbox 1977 2642 3624 2720">
    <p class='ocr_par' dir='ltr' id='par_1_59' title="bbox 1977 2642 3624 2720">
     <span class='ocr_line' id='line_1_62' title="bbox 1977 2642 3624 2720; baseline 0 -18"><span class='ocrx_word' id='word_1_424' title='bbox 1977 2645 2310 2706; x_wconf 78' lang='grc' dir='ltr'>ἀκοντισθεῖς</span> <span class='ocrx_word' id='word_1_425' title='bbox 2370 2644 2595 2698; x_wconf 81' lang='grc' dir='ltr'>πίπτει·</span> <span class='ocrx_word' id='word_1_426' title='bbox 2654 2644 2716 2698; x_wconf 87' lang='grc' dir='ltr'>τὸ</span> <span class='ocrx_word' id='word_1_427' title='bbox 2773 2645 2876 2720; x_wconf 84' lang='grc' dir='ltr'>γὰρ</span> <span class='ocrx_word' id='word_1_428' title='bbox 2919 2648 3025 2698; x_wconf 87' lang='grc' dir='ltr'>τῶν</span> <span class='ocrx_word' id='word_1_429' title='bbox 3077 2642 3260 2699; x_wconf 79' lang='grc' dir='ltr'>ποδῶν</span> <span class='ocrx_word' id='word_1_430' title='bbox 3309 2642 3624 2720; x_wconf 84' lang='grc' dir='ltr'>ἄλγημαού</span> 
     </span>
    </p>
   </div>
   <div class='ocr_carea' id='block_1_60' title="bbox 2432 2463 3618 2536">
    <p class='ocr_par' dir='ltr' id='par_1_60' title="bbox 2432 2463 3618 2536">
     <span class='ocr_line' id='line_1_63' title="bbox 2432 2463 3618 2536; baseline 0.002 -18"><span class='ocrx_word' id='word_1_431' title='bbox 2432 2465 2493 2518; x_wconf 85' lang='grc' dir='ltr'>τὸ</span> <span class='ocrx_word' id='word_1_432' title='bbox 2561 2463 2844 2518; x_wconf 65' lang='grc' dir='ltr'>Αατινικὸν</span> <span class='ocrx_word' id='word_1_433' title='bbox 2924 2463 3238 2536; x_wconf 79' lang='grc' dir='ltr'>εὐτρεπίσας</span> <span class='ocrx_word' id='word_1_434' title='bbox 3314 2464 3436 2520; x_wconf 76' lang='grc' dir='ltr'>εὐθὺ</span> <span class='ocrx_word' id='word_1_435' title='bbox 3511 2471 3618 2521; x_wconf 91' lang='grc' dir='ltr'>τῶν</span> 
     </span>
    </p>
   </div>
   <div class='ocr_carea' id='block_1_61' title="bbox 1979 2867 3630 2950">
    <p class='ocr_par' dir='ltr' id='par_1_61' title="bbox 1979 2867 3630 2950">
     <span class='ocr_line' id='line_1_64' title="bbox 1979 2867 3630 2950; baseline 0.004 -28"><span class='ocrx_word' id='word_1_436' title='bbox 1979 2870 2068 2924; x_wconf 85' lang='lat'>27.</span> <span class='ocrx_word' id='word_1_437' title='bbox 2107 2868 2411 2926; x_wconf 78' lang='lat' dir='ltr'>Dtlcarz’us</span> <span class='ocrx_word' id='word_1_438' title='bbox 2463 2867 2532 2923; x_wconf 85' lang='lat' dir='ltr'>ad</span> <span class='ocrx_word' id='word_1_439' title='bbox 2586 2870 2968 2950; x_wconf 66' lang='lat' dir='ltr'>imperatorem</span> <span class='ocrx_word' id='word_1_440' title='bbox 3029 2872 3408 2950; x_wconf 65' lang='lat' dir='ltr'>transfugiens</span> <span class='ocrx_word' id='word_1_441' title='bbox 3457 2873 3630 2930; x_wconf 79' lang='lat' dir='ltr'>classi</span> 
     </span>
    </p>
   </div>
   <div class='ocr_carea' id='block_1_62' title="bbox 2527 2942 3076 3010">
    <p class='ocr_par' dir='ltr' id='par_1_62' title="bbox 2527 2942 3076 3010">
     <span class='ocr_line' id='line_1_65' title="bbox 2527 2942 3076 3010; baseline 0.004 -18"><span class='ocrx_word' id='word_1_442' title='bbox 2527 2942 2860 3010; x_wconf 67' lang='lat' dir='ltr'>pi‘cepositus</span> <span class='ocrx_word' id='word_1_443' title='bbox 2888 2942 3076 3009; x_wconf 77' lang='lat' dir='ltr'>luerit.</span> 
     </span>
    </p>
   </div>
   <div class='ocr_carea' id='block_1_63' title="bbox 2051 3043 3627 3116">
    <p class='ocr_par' dir='ltr' id='par_1_63' title="bbox 2051 3043 3627 3116">
     <span class='ocr_line' id='line_1_66' title="bbox 2051 3043 3627 3116; baseline 0.004 -16"><span class='ocrx_word' id='word_1_444' title='bbox 2051 3047 2142 3100; x_wconf 85' lang='lat' dir='ltr'>Sic</span> <span class='ocrx_word' id='word_1_445' title='bbox 2176 3061 2438 3116; x_wconf 88' lang='lat' dir='ltr'>represso</span> <span class='ocrx_word' id='word_1_446' title='bbox 2473 3045 2692 3114; x_wconf 79' lang='lat' dir='ltr'>impetu</span> <span class='ocrx_word' id='word_1_447' title='bbox 2727 3043 2932 3111; x_wconf 83' lang='lat' dir='ltr'>Caroli,</span> <span class='ocrx_word' id='word_1_448' title='bbox 2983 3045 3302 3116; x_wconf 83' lang='lat' dir='ltr'>imperator</span> <span class='ocrx_word' id='word_1_449' title='bbox 3345 3047 3456 3103; x_wconf 89' lang='lat' dir='ltr'>ista</span> <span class='ocrx_word' id='word_1_450' title='bbox 3487 3065 3627 3106; x_wconf 88' lang='lat' dir='ltr'>cura</span> 
     </span>
    </p>
   </div>
   <div class='ocr_carea' id='block_1_64' title="bbox 229 3133 3627 3229">
    <p class='ocr_par' dir='ltr' id='par_1_64' title="bbox 229 3133 3627 3229">
     <span class='ocr_line' id='line_1_67' title="bbox 229 3133 3627 3229; baseline -0.006 -18"><span class='ocrx_word' id='word_1_451' title='bbox 229 3162 430 3214; x_wconf 77' lang='lat' dir='ltr'>tratum</span> <span class='ocrx_word' id='word_1_452' title='bbox 480 3159 613 3229; x_wconf 86' lang='lat' dir='ltr'>jam</span> <span class='ocrx_word' id='word_1_453' title='bbox 664 3153 967 3226; x_wconf 85' lang='lat' dir='ltr'>negotium</span> <span class='ocrx_word' id='word_1_454' title='bbox 1035 3154 1092 3206; x_wconf 91' lang='lat' dir='ltr'>et</span> <span class='ocrx_word' id='word_1_455' title='bbox 1159 3143 1517 3202; x_wconf 83' lang='lat' dir='ltr'>exsecutioni</span> <span class='ocrx_word' id='word_1_456' title='bbox 1581 3143 1866 3196; x_wconf 89' lang='lat' dir='ltr'>conventa</span> <span class='ocrx_word' id='word_1_457' title='bbox 1897 3146 1938 3210; x_wconf 83' lang='lat' dir='ltr'><strong>C</strong></span> <span class='ocrx_word' id='word_1_458' title='bbox 1977 3136 2199 3191; x_wconf 83' lang='lat' dir='ltr'>levatus</span> <span class='ocrx_word' id='word_1_459' title='bbox 2231 3151 2296 3189; x_wconf 91' lang='lat' dir='ltr'>eo</span> <span class='ocrx_word' id='word_1_460' title='bbox 2330 3134 2658 3188; x_wconf 73' lang='lat' dir='ltr'>animosius</span> <span class='ocrx_word' id='word_1_461' title='bbox 2704 3134 2974 3188; x_wconf 77' lang='lat' dir='ltr'>incubuit</span> <span class='ocrx_word' id='word_1_462' title='bbox 3018 3133 3076 3187; x_wconf 91' lang='lat' dir='ltr'>in</span> <span class='ocrx_word' id='word_1_463' title='bbox 3128 3151 3221 3189; x_wconf 86' lang='lat' dir='ltr'>res</span> <span class='ocrx_word' id='word_1_464' title='bbox 3269 3152 3410 3191; x_wconf 88' lang='lat' dir='ltr'>suas</span> <span class='ocrx_word' id='word_1_465' title='bbox 3448 3153 3627 3207; x_wconf 89' lang='lat' dir='ltr'>quam</span> 
     </span>
    </p>
   </div>
   <div class='ocr_carea' id='block_1_65' title="bbox 225 3231 1871 3313">
    <p class='ocr_par' dir='ltr' id='par_1_65' title="bbox 225 3231 1871 3313">
     <span class='ocr_line' id='line_1_68' title="bbox 225 3231 1871 3313; baseline -0.014 -9"><span class='ocrx_word' id='word_1_466' title='bbox 225 3249 522 3313; x_wconf 88' lang='lat' dir='ltr'>mandata,</span> <span class='ocrx_word' id='word_1_467' title='bbox 568 3245 748 3300; x_wconf 85' lang='lat' dir='ltr'>simul</span> <span class='ocrx_word' id='word_1_468' title='bbox 822 3241 969 3297; x_wconf 84' lang='lat' dir='ltr'>clam</span> <span class='ocrx_word' id='word_1_469' title='bbox 1020 3239 1424 3295; x_wconf 88' lang='lat' dir='ltr'>sciscitaturos</span> <span class='ocrx_word' id='word_1_470' title='bbox 1486 3231 1627 3302; x_wconf 90' lang='lat' dir='ltr'>quid</span> <span class='ocrx_word' id='word_1_471' title='bbox 1677 3245 1871 3284; x_wconf 88' lang='lat' dir='ltr'>rerum</span> 
     </span>
    </p>
   </div>
   <div class='ocr_carea' id='block_1_66' title="bbox 226 3318 1875 3398">
    <p class='ocr_par' dir='ltr' id='par_1_66' title="bbox 226 3318 1875 3398">
     <span class='ocr_line' id='line_1_69' title="bbox 226 3318 1875 3398; baseline -0.012 -7"><span class='ocrx_word' id='word_1_472' title='bbox 226 3336 531 3392; x_wconf 77' lang='lat' dir='ltr'>moliretur</span> <span class='ocrx_word' id='word_1_473' title='bbox 594 3332 862 3396; x_wconf 81' lang='lat' dir='ltr'>Carolus,</span> <span class='ocrx_word' id='word_1_474' title='bbox 915 3333 973 3385; x_wconf 91' lang='lat' dir='ltr'>et</span> <span class='ocrx_word' id='word_1_475' title='bbox 1021 3325 1231 3398; x_wconf 81' lang='lat' dir='ltr'>ecquid</span> <span class='ocrx_word' id='word_1_476' title='bbox 1291 3323 1484 3379; x_wconf 89' lang='lat' dir='ltr'>adhuc</span> <span class='ocrx_word' id='word_1_477' title='bbox 1537 3318 1875 3374; x_wconf 86' lang='lat' dir='ltr'>demisisset</span> 
     </span>
    </p>
   </div>
   <div class='ocr_carea' id='block_1_67' title="bbox 227 3408 1877 3492">
    <p class='ocr_par' dir='ltr' id='par_1_67' title="bbox 227 3408 1877 3492">
     <span class='ocr_line' id='line_1_70' title="bbox 227 3408 1877 3492; baseline -0.014 -10"><span class='ocrx_word' id='word_1_478' title='bbox 227 3426 516 3489; x_wconf 85' lang='lat' dir='ltr'>animum,</span> <span class='ocrx_word' id='word_1_479' title='bbox 550 3424 670 3479; x_wconf 88' lang='lat' dir='ltr'>fero</span> <span class='ocrx_word' id='word_1_480' title='bbox 703 3421 802 3476; x_wconf 90' lang='lat' dir='ltr'>illo</span> <span class='ocrx_word' id='word_1_481' title='bbox 835 3435 950 3492; x_wconf 92' lang='lat' dir='ltr'>quo</span> <span class='ocrx_word' id='word_1_482' title='bbox 978 3418 1037 3472; x_wconf 90' lang='lat' dir='ltr'>in</span> <span class='ocrx_word' id='word_1_483' title='bbox 1067 3421 1296 3470; x_wconf 62' lang='lat' dir='ltr'>Graece</span> <span class='ocrx_word' id='word_1_484' title='bbox 1327 3417 1497 3467; x_wconf 88' lang='lat' dir='ltr'>antea</span> <span class='ocrx_word' id='word_1_485' title='bbox 1522 3408 1877 3464; x_wconf 76' lang='lat' dir='ltr'>incitabatur</span> 
     </span>
    </p>
   </div>
   <div class='ocr_carea' id='block_1_68' title="bbox 228 3499 1878 3587">
    <p class='ocr_par' dir='ltr' id='par_1_68' title="bbox 228 3499 1878 3587">
     <span class='ocr_line' id='line_1_71' title="bbox 228 3499 1878 3587; baseline -0.013 -15"><span class='ocrx_word' id='word_1_486' title='bbox 228 3519 374 3572; x_wconf 72' lang='lat'>410</span> <span class='ocrx_word' id='word_1_487' title='bbox 405 3517 638 3587; x_wconf 81' lang='lat' dir='ltr'>impetu</span> <span class='ocrx_word' id='word_1_488' title='bbox 671 3510 942 3568; x_wconf 86' lang='lat' dir='ltr'>remisso.</span> <span class='ocrx_word' id='word_1_489' title='bbox 995 3506 1194 3577; x_wconf 88' lang='lat' dir='ltr'>Legati</span> <span class='ocrx_word' id='word_1_490' title='bbox 1243 3501 1475 3575; x_wconf 83' lang='lat' dir='ltr'>appulsi</span> <span class='ocrx_word' id='word_1_491' title='bbox 1526 3499 1878 3555; x_wconf 89' lang='lat' dir='ltr'>nuntiarunt</span> 
     </span>
    </p>
   </div>
   <div class='ocr_carea' id='block_1_69' title="bbox 231 3589 1874 3672">
    <p class='ocr_par' dir='ltr' id='par_1_69' title="bbox 231 3589 1874 3672">
     <span class='ocr_line' id='line_1_72' title="bbox 231 3589 1874 3672; baseline -0.013 -12"><span class='ocrx_word' id='word_1_492' title='bbox 231 3607 702 3660; x_wconf 81' lang='lat' dir='ltr'>consummatam</span> <span class='ocrx_word' id='word_1_493' title='bbox 735 3615 958 3672; x_wconf 86' lang='lat' dir='ltr'>pacem,</span> <span class='ocrx_word' id='word_1_494' title='bbox 994 3593 1285 3666; x_wconf 82' lang='lat' dir='ltr'>etexcepti</span> <span class='ocrx_word' id='word_1_495' title='bbox 1314 3589 1693 3663; x_wconf 84' lang='lat' dir='ltr'>perbenevole</span> <span class='ocrx_word' id='word_1_496' title='bbox 1717 3591 1874 3641; x_wconf 89' lang='lat' dir='ltr'>sunt.</span> 
     </span>
    </p>
   </div>
   <div class='ocr_carea' id='block_1_70' title="bbox 225 3681 1876 3752">
    <p class='ocr_par' dir='ltr' id='par_1_70' title="bbox 225 3681 1876 3752">
     <span class='ocr_line' id='line_1_73' title="bbox 225 3681 1876 3752; baseline -0.013 -2"><span class='ocrx_word' id='word_1_497' title='bbox 225 3695 582 3752; x_wconf 89' lang='lat' dir='ltr'>Invenerunt</span> <span class='ocrx_word' id='word_1_498' title='bbox 621 3698 818 3747; x_wconf 90' lang='lat' dir='ltr'>autem</span> <span class='ocrx_word' id='word_1_499' title='bbox 864 3689 943 3744; x_wconf 87' lang='lat' dir='ltr'>ibi</span> <span class='ocrx_word' id='word_1_500' title='bbox 992 3685 1258 3743; x_wconf 69' lang='lat' dir='ltr'>Carolum</span> <span class='ocrx_word' id='word_1_501' title='bbox 1308 3683 1498 3738; x_wconf 90' lang='lat' dir='ltr'>minas</span> <span class='ocrx_word' id='word_1_502' title='bbox 1530 3681 1876 3751; x_wconf 81' lang='lat' dir='ltr'>spirantem,</span> 
     </span>
    </p>
   </div>
   <div class='ocr_carea' id='block_1_71' title="bbox 231 3768 1878 3848">
    <p class='ocr_par' dir='ltr' id='par_1_71' title="bbox 231 3768 1878 3848">
     <span class='ocr_line' id='line_1_74' title="bbox 231 3768 1878 3848; baseline -0.012 -10"><span class='ocrx_word' id='word_1_503' title='bbox 231 3791 284 3839; x_wconf 87' lang='lat' dir='ltr'>et</span> <span class='ocrx_word' id='word_1_504' title='bbox 313 3785 475 3840; x_wconf 88' lang='lat' dir='ltr'>omni</span> <span class='ocrx_word' id='word_1_505' title='bbox 510 3780 889 3838; x_wconf 85' lang='lat' dir='ltr'>contentione</span> <span class='ocrx_word' id='word_1_506' title='bbox 921 3792 1157 3848; x_wconf 82' lang='lat' dir='ltr'>precum</span> <span class='ocrx_word' id='word_1_507' title='bbox 1190 3771 1628 3827; x_wconf 84' lang='lat' dir='ltr'>incumbentem</span> <span class='ocrx_word' id='word_1_508' title='bbox 1653 3768 1724 3821; x_wconf 90' lang='lat' dir='ltr'>ad</span> <span class='ocrx_word' id='word_1_509' title='bbox 1747 3783 1878 3821; x_wconf 86' lang='lat' dir='ltr'>exo-</span> 
     </span>
    </p>
   </div>
   <div class='ocr_carea' id='block_1_72' title="bbox 231 3856 1878 3942">
    <p class='ocr_par' dir='ltr' id='par_1_72' title="bbox 231 3856 1878 3942">
     <span class='ocr_line' id='line_1_75' title="bbox 231 3856 1878 3942; baseline -0.013 -13"><span class='ocrx_word' id='word_1_510' title='bbox 231 3875 480 3928; x_wconf 86' lang='lat' dir='ltr'>randum</span> <span class='ocrx_word' id='word_1_511' title='bbox 514 3872 735 3942; x_wconf 84' lang='lat' dir='ltr'>Papam</span> <span class='ocrx_word' id='word_1_512' title='bbox 772 3872 837 3923; x_wconf 92' lang='lat' dir='ltr'>ut</span> <span class='ocrx_word' id='word_1_513' title='bbox 859 3865 970 3923; x_wconf 87' lang='lat' dir='ltr'>sibi</span> <span class='ocrx_word' id='word_1_514' title='bbox 993 3864 1351 3935; x_wconf 80' lang='lat' dir='ltr'>permitteret</span> <span class='ocrx_word' id='word_1_515' title='bbox 1373 3857 1796 3930; x_wconf 82' lang='lat' dir='ltr'>expeditionem</span> <span class='ocrx_word' id='word_1_516' title='bbox 1821 3856 1878 3909; x_wconf 91' lang='lat' dir='ltr'>in</span> 
     </span>
    </p>
   </div>
   <div class='ocr_carea' id='block_1_73' title="bbox 228 3945 1882 4026">
    <p class='ocr_par' dir='ltr' id='par_1_73' title="bbox 228 3945 1882 4026">
     <span class='ocr_line' id='line_1_76' title="bbox 228 3945 1882 4026; baseline -0.01 -11"><span class='ocrx_word' id='word_1_517' title='bbox 228 3963 430 4018; x_wconf 86' lang='lat' dir='ltr'>urbem</span> <span class='ocrx_word' id='word_1_518' title='bbox 464 3954 1057 4026; x_wconf 84' lang='lat' dir='ltr'>Constantinopolim.</span> <span class='ocrx_word' id='word_1_519' title='bbox 1087 3951 1378 4006; x_wconf 87' lang='lat' dir='ltr'>Videbant</span> <span class='ocrx_word' id='word_1_520' title='bbox 1407 3947 1590 4019; x_wconf 87' lang='lat' dir='ltr'>igitur</span> <span class='ocrx_word' id='word_1_521' title='bbox 1621 3945 1882 4017; x_wconf 90' lang='lat' dir='ltr'>quotidie</span> 
     </span>
    </p>
   </div>
   <div class='ocr_carea' id='block_1_74' title="bbox 227 4035 1882 4116">
    <p class='ocr_par' dir='ltr' id='par_1_74' title="bbox 227 4035 1882 4116">
     <span class='ocr_line' id='line_1_77' title="bbox 227 4035 1882 4116; baseline -0.011 -10"><span class='ocrx_word' id='word_1_522' title='bbox 227 4051 635 4108; x_wconf 83' lang='lat' dir='ltr'>advolventem</span> <span class='ocrx_word' id='word_1_523' title='bbox 687 4063 750 4102; x_wconf 90' lang='lat' dir='ltr'>se</span> <span class='ocrx_word' id='word_1_524' title='bbox 819 4046 985 4116; x_wconf 66' lang='lat' dir='ltr'>Papa:</span> <span class='ocrx_word' id='word_1_525' title='bbox 1057 4041 1326 4114; x_wconf 86' lang='lat' dir='ltr'>pedibus,</span> <span class='ocrx_word' id='word_1_526' title='bbox 1397 4042 1453 4092; x_wconf 89' lang='lat' dir='ltr'>et</span> <span class='ocrx_word' id='word_1_527' title='bbox 1504 4053 1569 4091; x_wconf 87' lang='lat' dir='ltr'>eo</span> <span class='ocrx_word' id='word_1_528' title='bbox 1632 4035 1882 4090; x_wconf 84' lang='lat' dir='ltr'>subinde</span> 
     </span>
    </p>
   </div>
   <div class='ocr_carea' id='block_1_75' title="bbox 229 4126 1882 4211">
    <p class='ocr_par' dir='ltr' id='par_1_75' title="bbox 229 4126 1882 4211">
     <span class='ocr_line' id='line_1_78' title="bbox 229 4126 1882 4211; baseline -0.011 -16"><span class='ocrx_word' id='word_1_529' title='bbox 229 4142 445 4198; x_wconf 79' lang='lat' dir='ltr'>furoris</span> <span class='ocrx_word' id='word_1_530' title='bbox 477 4135 903 4211; x_wconf 88' lang='lat' dir='ltr'>inquietissimi</span> <span class='ocrx_word' id='word_1_531' title='bbox 937 4135 1442 4206; x_wconf 80' lang='lat' dir='ltr'>prorumpentem,</span> <span class='ocrx_word' id='word_1_532' title='bbox 1477 4132 1540 4182; x_wconf 89' lang='lat' dir='ltr'>ut</span> <span class='ocrx_word' id='word_1_533' title='bbox 1569 4126 1724 4197; x_wconf 90' lang='lat' dir='ltr'>quod</span> <span class='ocrx_word' id='word_1_534' title='bbox 1762 4142 1882 4179; x_wconf 88' lang='lat' dir='ltr'>ma-</span> 
     </span>
    </p>
   </div>
   <div class='ocr_carea' id='block_1_76' title="bbox 229 4217 1883 4292">
    <p class='ocr_par' dir='ltr' id='par_1_76' title="bbox 229 4217 1883 4292">
     <span class='ocr_line' id='line_1_79' title="bbox 229 4217 1883 4292; baseline -0.01 -8"><span class='ocrx_word' id='word_1_535' title='bbox 229 4230 403 4286; x_wconf 88' lang='lat' dir='ltr'>nibus</span> <span class='ocrx_word' id='word_1_536' title='bbox 457 4244 621 4284; x_wconf 87' lang='lat' dir='ltr'>more</span> <span class='ocrx_word' id='word_1_537' title='bbox 671 4225 1008 4281; x_wconf 87' lang='lat' dir='ltr'>Italicorum</span> <span class='ocrx_word' id='word_1_538' title='bbox 1060 4219 1394 4292; x_wconf 88' lang='lat' dir='ltr'>principum</span> <span class='ocrx_word' id='word_1_539' title='bbox 1445 4217 1712 4289; x_wconf 82' lang='lat' dir='ltr'>gestabat</span> <span class='ocrx_word' id='word_1_540' title='bbox 1760 4228 1883 4268; x_wconf 89' lang='lat' dir='ltr'>sce-</span> 
     </span>
    </p>
   </div>
   <div class='ocr_carea' id='block_1_77' title="bbox 229 4303 1885 4389">
    <p class='ocr_par' dir='ltr' id='par_1_77' title="bbox 229 4303 1885 4389">
     <span class='ocr_line' id='line_1_80' title="bbox 229 4303 1885 4389; baseline -0.011 -14"><span class='ocrx_word' id='word_1_541' title='bbox 229 4325 456 4389; x_wconf 87' lang='lat' dir='ltr'>ptrum,</span> <span class='ocrx_word' id='word_1_542' title='bbox 504 4315 938 4373; x_wconf 88' lang='lat' dir='ltr'>commorderet</span> <span class='ocrx_word' id='word_1_543' title='bbox 1004 4310 1233 4366; x_wconf 88' lang='lat' dir='ltr'>rabiose</span> <span class='ocrx_word' id='word_1_544' title='bbox 1284 4305 1538 4363; x_wconf 85' lang='lat' dir='ltr'>admotis</span> <span class='ocrx_word' id='word_1_545' title='bbox 1589 4303 1885 4371; x_wconf 84' lang='lat' dir='ltr'>dentibus,</span> 
     </span>
    </p>
   </div>
   <div class='ocr_carea' id='block_1_78' title="bbox 233 4393 1888 4480">
    <p class='ocr_par' dir='ltr' id='par_1_78' title="bbox 233 4393 1888 4480">
     <span class='ocr_line' id='line_1_81' title="bbox 233 4393 1888 4480; baseline -0.01 -17"><span class='ocrx_word' id='word_1_546' title='bbox 233 4407 557 4480; x_wconf 82' lang='lat' dir='ltr'>indignans</span> <span class='ocrx_word' id='word_1_547' title='bbox 591 4405 703 4461; x_wconf 83' lang='lat' dir='ltr'>sibi</span> <span class='ocrx_word' id='word_1_548' title='bbox 737 4402 960 4475; x_wconf 90' lang='lat' dir='ltr'>negari,</span> <span class='ocrx_word' id='word_1_549' title='bbox 985 4415 1163 4472; x_wconf 90' lang='lat' dir='ltr'>quam</span> <span class='ocrx_word' id='word_1_550' title='bbox 1188 4395 1617 4452; x_wconf 85' lang='lat' dir='ltr'>instantissime</span> <span class='ocrx_word' id='word_1_551' title='bbox 1635 4393 1888 4465; x_wconf 83' lang='lat' dir='ltr'>petebat,</span> 
     </span>
    </p>
   </div>
   <div class='ocr_carea' id='block_1_79' title="bbox 233 4486 1966 4583">
    <p class='ocr_par' dir='ltr' id='par_1_79' title="bbox 233 4486 1966 4583">
     <span class='ocr_line' id='line_1_82' title="bbox 233 4486 1966 4583; baseline -0.009 -33"><span class='ocrx_word' id='word_1_552' title='bbox 233 4496 576 4552; x_wconf 82' lang='lat' dir='ltr'>facultatem</span> <span class='ocrx_word' id='word_1_553' title='bbox 616 4490 972 4564; x_wconf 84' lang='lat' dir='ltr'>exsequendi</span> <span class='ocrx_word' id='word_1_554' title='bbox 995 4489 1145 4561; x_wconf 89' lang='lat' dir='ltr'>quod</span> <span class='ocrx_word' id='word_1_555' title='bbox 1181 4486 1586 4553; x_wconf 87' lang='lat' dir='ltr'>constituerat,</span> <span class='ocrx_word' id='word_1_556' title='bbox 1618 4487 1887 4554; x_wconf 88' lang='lat' dir='ltr'>paratum</span> <span class='ocrx_word' id='word_1_557' title='bbox 1922 4520 1966 4583; x_wconf 68' lang='grc' dir='ltr'>Β</span> 
     </span>
    </p>
   </div>
   <div class='ocr_carea' id='block_1_80' title="bbox 232 4571 1884 4648">
    <p class='ocr_par' dir='ltr' id='par_1_80' title="bbox 232 4571 1884 4648">
     <span class='ocr_line' id='line_1_83' title="bbox 232 4571 1884 4648; baseline -0.01 -7"><span class='ocrx_word' id='word_1_558' title='bbox 232 4586 456 4642; x_wconf 88' lang='lat' dir='ltr'>scilicet</span> <span class='ocrx_word' id='word_1_559' title='bbox 470 4584 794 4641; x_wconf 79' lang='lat' dir='ltr'>exercitum</span> <span class='ocrx_word' id='word_1_560' title='bbox 823 4581 1105 4636; x_wconf 89' lang='lat' dir='ltr'>adversus</span> <span class='ocrx_word' id='word_1_561' title='bbox 1128 4579 1539 4648; x_wconf 88' lang='lat' dir='ltr'>imperatorem</span> <span class='ocrx_word' id='word_1_562' title='bbox 1563 4571 1843 4628; x_wconf 86' lang='lat' dir='ltr'>educendi</span> <span class='ocrx_word' id='word_1_563' title='bbox 1873 4587 1884 4624; x_wconf 95' lang='lat'><strong>:</strong></span> 
     </span>
    </p>
   </div>
   <div class='ocr_carea' id='block_1_81' title="bbox 221 4663 1887 4747">
    <p class='ocr_par' dir='ltr' id='par_1_81' title="bbox 221 4663 1887 4747">
     <span class='ocr_line' id='line_1_84' title="bbox 221 4663 1887 4747; baseline -0.009 -16"><span class='ocrx_word' id='word_1_564' title='bbox 221 4677 469 4747; x_wconf 82' lang='lat' dir='ltr'>juribus</span> <span class='ocrx_word' id='word_1_565' title='bbox 505 4677 576 4732; x_wconf 89' lang='lat' dir='ltr'>ad</span> <span class='ocrx_word' id='word_1_566' title='bbox 633 4675 688 4729; x_wconf 90' lang='lat' dir='ltr'>id</span> <span class='ocrx_word' id='word_1_567' title='bbox 742 4675 962 4728; x_wconf 81' lang='lat' dir='ltr'>frustra</span> <span class='ocrx_word' id='word_1_568' title='bbox 1007 4667 1484 4725; x_wconf 84' lang='lat' dir='ltr'>commemoratis</span> <span class='ocrx_word' id='word_1_569' title='bbox 1533 4665 1679 4729; x_wconf 83' lang='lat' dir='ltr'>suis,</span> <span class='ocrx_word' id='word_1_570' title='bbox 1731 4663 1887 4718; x_wconf 86' lang='lat' dir='ltr'>haud</span> 
     </span>
    </p>
   </div>
   <div class='ocr_carea' id='block_1_82' title="bbox 234 4751 1888 4838">
    <p class='ocr_par' dir='ltr' id='par_1_82' title="bbox 234 4751 1888 4838">
     <span class='ocr_line' id='line_1_85' title="bbox 234 4751 1888 4838; baseline -0.011 -15"><span class='ocrx_word' id='word_1_571' title='bbox 234 4783 522 4838; x_wconf 87' lang='lat' dir='ltr'>persuaso</span> <span class='ocrx_word' id='word_1_572' title='bbox 584 4772 646 4820; x_wconf 87' lang='lat' dir='ltr'>ut</span> <span class='ocrx_word' id='word_1_573' title='bbox 694 4763 750 4818; x_wconf 89' lang='lat' dir='ltr'>id</span> <span class='ocrx_word' id='word_1_574' title='bbox 808 4760 1027 4816; x_wconf 90' lang='lat' dir='ltr'>bellum</span> <span class='ocrx_word' id='word_1_575' title='bbox 1096 4758 1448 4829; x_wconf 87' lang='lat' dir='ltr'>approbaret</span> <span class='ocrx_word' id='word_1_576' title='bbox 1493 4759 1550 4809; x_wconf 90' lang='lat' dir='ltr'>et</span> <span class='ocrx_word' id='word_1_577' title='bbox 1594 4753 1772 4809; x_wconf 86' lang='lat' dir='ltr'>surdo</span> <span class='ocrx_word' id='word_1_578' title='bbox 1816 4751 1888 4806; x_wconf 90' lang='lat' dir='ltr'>ad</span> 
     </span>
    </p>
   </div>
   <div class='ocr_carea' id='block_1_83' title="bbox 233 4841 1890 4926">
    <p class='ocr_par' dir='ltr' id='par_1_83' title="bbox 233 4841 1890 4926">
     <span class='ocr_line' id='line_1_86' title="bbox 233 4841 1890 4926; baseline -0.011 -15"><span class='ocrx_word' id='word_1_579' title='bbox 233 4871 442 4926; x_wconf 85' lang='lat' dir='ltr'>preces</span> <span class='ocrx_word' id='word_1_580' title='bbox 478 4869 684 4908; x_wconf 89' lang='lat' dir='ltr'>omnes</span> <span class='ocrx_word' id='word_1_581' title='bbox 715 4850 863 4906; x_wconf 83' lang='lat' dir='ltr'>tales</span> <span class='ocrx_word' id='word_1_582' title='bbox 897 4848 1245 4921; x_wconf 86' lang='lat' dir='ltr'>persistente</span> <span class='ocrx_word' id='word_1_583' title='bbox 1275 4850 1452 4915; x_wconf 84' lang='lat' dir='ltr'>Papa.</span> <span class='ocrx_word' id='word_1_584' title='bbox 1488 4843 1597 4910; x_wconf 87' lang='lat' dir='ltr'>Qui</span> <span class='ocrx_word' id='word_1_585' title='bbox 1628 4841 1890 4896; x_wconf 83' lang='lat' dir='ltr'>vicissim</span> 
     </span>
    </p>
   </div>
   <div class='ocr_carea' id='block_1_84' title="bbox 235 4933 1894 5016">
    <p class='ocr_par' dir='ltr' id='par_1_84' title="bbox 235 4933 1894 5016">
     <span class='ocr_line' id='line_1_87' title="bbox 235 4933 1894 5016; baseline -0.01 -17"><span class='ocrx_word' id='word_1_586' title='bbox 235 4944 538 5016; x_wconf 86' lang='lat' dir='ltr'>allegabat</span> <span class='ocrx_word' id='word_1_587' title='bbox 560 4941 766 4998; x_wconf 87' lang='lat' dir='ltr'>Carolo</span> <span class='ocrx_word' id='word_1_588' title='bbox 789 4940 1120 4996; x_wconf 64' lang='lat' dir='ltr'>Graecorum</span> <span class='ocrx_word' id='word_1_589' title='bbox 1137 4938 1292 5008; x_wconf 89' lang='lat' dir='ltr'>jura,</span> <span class='ocrx_word' id='word_1_590' title='bbox 1325 4933 1549 5005; x_wconf 84' lang='lat' dir='ltr'>placide</span> <span class='ocrx_word' id='word_1_591' title='bbox 1571 4933 1894 4986; x_wconf 88' lang='lat' dir='ltr'>admonens</span> 
     </span>
    </p>
   </div>
   <div class='ocr_carea' id='block_1_85' title="bbox 231 5021 1894 5106">
    <p class='ocr_par' dir='ltr' id='par_1_85' title="bbox 231 5021 1894 5106">
     <span class='ocr_line' id='line_1_88' title="bbox 231 5021 1894 5106; baseline -0.01 -17"><span class='ocrx_word' id='word_1_592' title='bbox 231 5049 576 5106; x_wconf 88' lang='lat' dir='ltr'>possessam</span> <span class='ocrx_word' id='word_1_593' title='bbox 607 5030 812 5087; x_wconf 81' lang='lat' dir='ltr'>abillis</span> <span class='ocrx_word' id='word_1_594' title='bbox 833 5029 1058 5084; x_wconf 90' lang='lat' dir='ltr'>dudum</span> <span class='ocrx_word' id='word_1_595' title='bbox 1073 5021 1663 5092; x_wconf 87' lang='lat' dir='ltr'>Constantinopolim,</span> <span class='ocrx_word' id='word_1_596' title='bbox 1681 5021 1894 5075; x_wconf 90' lang='lat' dir='ltr'>iterum</span> 
     </span>
    </p>
   </div>
   <div class='ocr_carea' id='block_1_86' title="bbox 234 5111 1895 5194">
    <p class='ocr_par' dir='ltr' id='par_1_86' title="bbox 234 5111 1895 5194">
     <span class='ocr_line' id='line_1_89' title="bbox 234 5111 1895 5194; baseline -0.008 -19"><span class='ocrx_word' id='word_1_597' title='bbox 234 5122 307 5175; x_wconf 88' lang='lat' dir='ltr'>ad</span> <span class='ocrx_word' id='word_1_598' title='bbox 342 5123 627 5194; x_wconf 86' lang='lat' dir='ltr'>antiquos</span> <span class='ocrx_word' id='word_1_599' title='bbox 659 5119 932 5176; x_wconf 89' lang='lat' dir='ltr'>dominos</span> <span class='ocrx_word' id='word_1_600' title='bbox 966 5117 1202 5172; x_wconf 84' lang='lat' dir='ltr'>fortuna</span> <span class='ocrx_word' id='word_1_601' title='bbox 1243 5112 1588 5169; x_wconf 89' lang='lat' dir='ltr'>revolutam.</span> <span class='ocrx_word' id='word_1_602' title='bbox 1623 5111 1734 5164; x_wconf 82' lang='lat' dir='ltr'>Eas</span> <span class='ocrx_word' id='word_1_603' title='bbox 1767 5125 1895 5164; x_wconf 89' lang='lat' dir='ltr'>esse</span> 
     </span>
    </p>
   </div>
   <div class='ocr_carea' id='block_1_87' title="bbox 237 5200 1895 5274">
    <p class='ocr_par' dir='ltr' id='par_1_87' title="bbox 237 5200 1895 5274">
     <span class='ocr_line' id='line_1_90' title="bbox 237 5200 1895 5274; baseline -0.008 -10"><span class='ocrx_word' id='word_1_604' title='bbox 237 5227 444 5266; x_wconf 89' lang='lat' dir='ltr'>rerum</span> <span class='ocrx_word' id='word_1_605' title='bbox 475 5211 872 5266; x_wconf 88' lang='lat' dir='ltr'>humanarum</span> <span class='ocrx_word' id='word_1_606' title='bbox 902 5206 1082 5274; x_wconf 87' lang='lat' dir='ltr'>vices,</span> <span class='ocrx_word' id='word_1_607' title='bbox 1116 5208 1172 5260; x_wconf 90' lang='lat' dir='ltr'>et</span> <span class='ocrx_word' id='word_1_608' title='bbox 1205 5203 1380 5258; x_wconf 86' lang='lat' dir='ltr'>urbes</span> <span class='ocrx_word' id='word_1_609' title='bbox 1411 5207 1467 5256; x_wconf 92' lang='lat' dir='ltr'>et</span> <span class='ocrx_word' id='word_1_610' title='bbox 1490 5216 1630 5272; x_wconf 89' lang='lat' dir='ltr'>opes</span> <span class='ocrx_word' id='word_1_611' title='bbox 1657 5200 1895 5254; x_wconf 89' lang='lat' dir='ltr'>demum</span> 
     </span>
    </p>
   </div>
   <div class='ocr_carea' id='block_1_88' title="bbox 235 5287 1897 5372">
    <p class='ocr_par' dir='ltr' id='par_1_88' title="bbox 235 5287 1897 5372">
     <span class='ocr_line' id='line_1_91' title="bbox 235 5287 1897 5372; baseline -0.008 -18"><span class='ocrx_word' id='word_1_612' title='bbox 235 5306 487 5356; x_wconf 67' lang='lat' dir='ltr'>caeteras</span> <span class='ocrx_word' id='word_1_613' title='bbox 514 5299 755 5372; x_wconf 67' lang='lat' dir='ltr'>praemia</span> <span class='ocrx_word' id='word_1_614' title='bbox 804 5312 934 5352; x_wconf 89' lang='lat' dir='ltr'>esse</span> <span class='ocrx_word' id='word_1_615' title='bbox 986 5292 1146 5359; x_wconf 84' lang='lat' dir='ltr'>belli,</span> <span class='ocrx_word' id='word_1_616' title='bbox 1188 5293 1356 5361; x_wconf 88' lang='lat' dir='ltr'>eique</span> <span class='ocrx_word' id='word_1_617' title='bbox 1407 5290 1518 5361; x_wconf 83' lang='lat' dir='ltr'>legi</span> <span class='ocrx_word' id='word_1_618' title='bbox 1553 5287 1897 5360; x_wconf 80' lang='lat' dir='ltr'>acquiscen-</span> 
     </span>
    </p>
   </div>
   <div class='ocr_carea' id='block_1_89' title="bbox 236 5374 1897 5460">
    <p class='ocr_par' dir='ltr' id='par_1_89' title="bbox 236 5374 1897 5460">
     <span class='ocr_line' id='line_1_92' title="bbox 236 5374 1897 5460; baseline -0.009 -18"><span class='ocrx_word' id='word_1_619' title='bbox 236 5388 418 5452; x_wconf 89' lang='lat' dir='ltr'>dum,</span> <span class='ocrx_word' id='word_1_620' title='bbox 470 5386 794 5460; x_wconf 61' lang='lat' dir='ltr'>praesrtim</span> <span class='ocrx_word' id='word_1_621' title='bbox 827 5401 961 5440; x_wconf 91' lang='lat' dir='ltr'>eum</span> <span class='ocrx_word' id='word_1_622' title='bbox 993 5381 1174 5438; x_wconf 67' lang='lat' dir='ltr'>Graoci</span> <span class='ocrx_word' id='word_1_623' title='bbox 1207 5396 1442 5452; x_wconf 91' lang='lat' dir='ltr'>quoque</span> <span class='ocrx_word' id='word_1_624' title='bbox 1486 5376 1752 5434; x_wconf 67' lang='lat' dir='ltr'>Ecclesiae</span> <span class='ocrx_word' id='word_1_625' title='bbox 1795 5374 1897 5429; x_wconf 89' lang='lat' dir='ltr'>ﬁlii</span> 
     </span>
    </p>
   </div>
   <div class='ocr_carea' id='block_1_90' title="bbox 231 5468 1898 5548">
    <p class='ocr_par' dir='ltr' id='par_1_90' title="bbox 231 5468 1898 5548">
     <span class='ocr_line' id='line_1_93' title="bbox 231 5468 1898 5548; baseline -0.009 -16"><span class='ocrx_word' id='word_1_626' title='bbox 231 5477 677 5548; x_wconf 85' lang='lat' dir='ltr'>Christianique</span> <span class='ocrx_word' id='word_1_627' title='bbox 703 5479 936 5531; x_wconf 90' lang='lat' dir='ltr'>essent:</span> <span class='ocrx_word' id='word_1_628' title='bbox 974 5496 1001 5523; x_wconf 78' lang='grc' dir='ltr'>ι(</span> <span class='ocrx_word' id='word_1_629' title='bbox 1042 5476 1262 5541; x_wconf 89' lang='lat' dir='ltr'>Neque,</span> <span class='ocrx_word' id='word_1_630' title='bbox 1318 5468 1528 5530; x_wconf 88' lang='lat' dir='ltr'>aiebat,</span> <span class='ocrx_word' id='word_1_631' title='bbox 1583 5481 1898 5539; x_wconf 89' lang='lat' dir='ltr'>possumus</span> 
     </span>
    </p>
   </div>
   <div class='ocr_carea' id='block_1_91' title="bbox 233 5557 1898 5628">
    <p class='ocr_par' dir='ltr' id='par_1_91' title="bbox 233 5557 1898 5628">
     <span class='ocr_line' id='line_1_94' title="bbox 233 5557 1898 5628; baseline -0.007 -9"><span class='ocrx_word' id='word_1_632' title='bbox 233 5566 608 5624; x_wconf 89' lang='lat' dir='ltr'>Christianos</span> <span class='ocrx_word' id='word_1_633' title='bbox 641 5581 777 5621; x_wconf 89' lang='lat' dir='ltr'>eum</span> <span class='ocrx_word' id='word_1_634' title='bbox 806 5559 1152 5620; x_wconf 84' lang='lat' dir='ltr'>Christianis</span> <span class='ocrx_word' id='word_1_635' title='bbox 1184 5558 1578 5628; x_wconf 87' lang='lat' dir='ltr'>committere,</span> <span class='ocrx_word' id='word_1_636' title='bbox 1631 5573 1702 5612; x_wconf 92' lang='lat' dir='ltr'>ne</span> <span class='ocrx_word' id='word_1_637' title='bbox 1751 5557 1898 5610; x_wconf 87' lang='lat' dir='ltr'>iram</span> 
     </span>
    </p>
   </div>
   <div class='ocr_carea' id='block_1_92' title="bbox 236 5655 1084 5728">
    <p class='ocr_par' dir='ltr' id='par_1_92' title="bbox 236 5655 1084 5728">
     <span class='ocr_line' id='line_1_95' title="bbox 236 5655 1084 5728; baseline -0.005 -17"><span class='ocrx_word' id='word_1_638' title='bbox 236 5655 307 5711; x_wconf 88' lang='lat' dir='ltr'>in</span> <span class='ocrx_word' id='word_1_639' title='bbox 345 5671 453 5715; x_wconf 88' lang='lat' dir='ltr'>nos</span> <span class='ocrx_word' id='word_1_640' title='bbox 480 5657 581 5715; x_wconf 91' lang='lat' dir='ltr'>Dei</span> <span class='ocrx_word' id='word_1_641' title='bbox 611 5668 1018 5728; x_wconf 87' lang='lat' dir='ltr'>provocemus.</span> <span class='ocrx_word' id='word_1_642' title='bbox 1054 5671 1084 5701; x_wconf 87' lang='lat'>»</span> 
     </span>
    </p>
   </div>
   <div class='ocr_carea' id='block_1_93' title="bbox 1979 3222 3624 3297">
    <p class='ocr_par' dir='ltr' id='par_1_93' title="bbox 1979 3222 3624 3297">
     <span class='ocr_line' id='line_1_96' title="bbox 1979 3222 3624 3297; baseline 0.001 -18"><span class='ocrx_word' id='word_1_643' title='bbox 1979 3225 2195 3297; x_wconf 88' lang='lat' dir='ltr'>optime</span> <span class='ocrx_word' id='word_1_644' title='bbox 2225 3223 2665 3278; x_wconf 66' lang='lat' dir='ltr'>constituendis</span> <span class='ocrx_word' id='word_1_645' title='bbox 2697 3240 2764 3278; x_wconf 85' lang='lat' dir='ltr'>ex</span> <span class='ocrx_word' id='word_1_646' title='bbox 2795 3222 3065 3294; x_wconf 69' lang='lat' dir='ltr'>praesenti</span> <span class='ocrx_word' id='word_1_647' title='bbox 3113 3240 3247 3290; x_wconf 86' lang='lat' dir='ltr'>usu,</span> <span class='ocrx_word' id='word_1_648' title='bbox 3289 3227 3520 3295; x_wconf 88' lang='lat' dir='ltr'>quando</span> <span class='ocrx_word' id='word_1_649' title='bbox 3553 3227 3624 3280; x_wconf 88' lang='lat' dir='ltr'>ad</span> 
     </span>
    </p>
   </div>
   <div class='ocr_carea' id='block_1_94' title="bbox 1981 3313 3628 3386">
    <p class='ocr_par' dir='ltr' id='par_1_94' title="bbox 1981 3313 3628 3386">
     <span class='ocr_line' id='line_1_97' title="bbox 1981 3313 3628 3386; baseline -0.001 -15"><span class='ocrx_word' id='word_1_650' title='bbox 1981 3333 2044 3371; x_wconf 89' lang='lat' dir='ltr'>se</span> <span class='ocrx_word' id='word_1_651' title='bbox 2075 3315 2509 3386; x_wconf 80' lang='lat' dir='ltr'>contugientem</span> <span class='ocrx_word' id='word_1_652' title='bbox 2553 3313 2805 3385; x_wconf 64' lang='lat' dir='ltr'>benigne</span> <span class='ocrx_word' id='word_1_653' title='bbox 2851 3315 3098 3368; x_wconf 87' lang='lat' dir='ltr'>Icarium</span> <span class='ocrx_word' id='word_1_654' title='bbox 3156 3314 3386 3384; x_wconf 85' lang='lat' dir='ltr'>excipit,</span> <span class='ocrx_word' id='word_1_655' title='bbox 3438 3315 3628 3370; x_wconf 89' lang='lat' dir='ltr'>virum</span> 
     </span>
    </p>
   </div>
   <div class='ocr_carea' id='block_1_95' title="bbox 1983 3403 3628 3478">
    <p class='ocr_par' dir='ltr' id='par_1_95' title="bbox 1983 3403 3628 3478">
     <span class='ocr_line' id='line_1_98' title="bbox 1983 3403 3628 3478; baseline -0.001 -17"><span class='ocrx_word' id='word_1_656' title='bbox 1983 3407 2171 3462; x_wconf 89' lang='lat' dir='ltr'>multa</span> <span class='ocrx_word' id='word_1_657' title='bbox 2203 3405 2536 3478; x_wconf 72' lang='lat' dir='ltr'>praeliorum</span> <span class='ocrx_word' id='word_1_658' title='bbox 2569 3405 2926 3476; x_wconf 74' lang='lat' dir='ltr'>experientia</span> <span class='ocrx_word' id='word_1_659' title='bbox 2976 3403 3288 3459; x_wconf 86' lang='lat' dir='ltr'>militarem</span> <span class='ocrx_word' id='word_1_660' title='bbox 3322 3405 3628 3460; x_wconf 82' lang='lat' dir='ltr'>scientiam</span> 
     </span>
    </p>
   </div>
   <div class='ocr_carea' id='block_1_96' title="bbox 1984 3492 3628 3566">
    <p class='ocr_par' dir='ltr' id='par_1_96' title="bbox 1984 3492 3628 3566">
     <span class='ocr_line' id='line_1_99' title="bbox 1984 3492 3628 3566; baseline -0.001 -15"><span class='ocrx_word' id='word_1_661' title='bbox 1984 3497 2282 3566; x_wconf 78' lang='lat' dir='ltr'>adeptum.</span> <span class='ocrx_word' id='word_1_662' title='bbox 2316 3495 2594 3566; x_wconf 89' lang='lat' dir='ltr'>Princeps</span> <span class='ocrx_word' id='word_1_663' title='bbox 2627 3494 2676 3548; x_wconf 92' lang='lat' dir='ltr'>is</span> <span class='ocrx_word' id='word_1_664' title='bbox 2709 3492 3121 3548; x_wconf 67' lang='lat' dir='ltr'>fueratinsulas</span> <span class='ocrx_word' id='word_1_665' title='bbox 3149 3493 3628 3565; x_wconf 66' lang='lat' dir='ltr'>maximae,quam</span> 
     </span>
    </p>
   </div>
   <div class='ocr_carea' id='block_1_97' title="bbox 1985 3582 3631 3657">
    <p class='ocr_par' dir='ltr' id='par_1_97' title="bbox 1985 3582 3631 3657">
     <span class='ocr_line' id='line_1_100' title="bbox 1985 3582 3631 3657; baseline -0.001 -18"><span class='ocrx_word' id='word_1_666' title='bbox 1985 3587 2087 3657; x_wconf 90' lang='lat' dir='ltr'>qui</span> <span class='ocrx_word' id='word_1_667' title='bbox 2105 3583 2456 3656; x_wconf 75' lang='lat' dir='ltr'>iliiedeguut</span> <span class='ocrx_word' id='word_1_668' title='bbox 2478 3583 2893 3656; x_wconf 84' lang='lat' dir='ltr'>Anemopylae,</span> <span class='ocrx_word' id='word_1_669' title='bbox 2916 3582 3026 3638; x_wconf 91' lang='lat' dir='ltr'>hoc</span> <span class='ocrx_word' id='word_1_670' title='bbox 3049 3589 3137 3637; x_wconf 88' lang='lat' dir='ltr'>est</span> <span class='ocrx_word' id='word_1_671' title='bbox 3161 3587 3468 3638; x_wconf 87' lang='lat' dir='ltr'>ventorum</span> <span class='ocrx_word' id='word_1_672' title='bbox 3506 3601 3631 3654; x_wconf 90' lang='lat' dir='ltr'>por-</span> 
     </span>
    </p>
   </div>
   <div class='ocr_carea' id='block_1_98' title="bbox 1985 3672 3630 3740">
    <p class='ocr_par' dir='ltr' id='par_1_98' title="bbox 1985 3672 3630 3740">
     <span class='ocr_line' id='line_1_101' title="bbox 1985 3672 3630 3740; baseline -0.002 -10"><span class='ocrx_word' id='word_1_673' title='bbox 1985 3681 2096 3740; x_wconf 88' lang='lat' dir='ltr'>tas,</span> <span class='ocrx_word' id='word_1_674' title='bbox 2130 3675 2276 3728; x_wconf 79' lang='grc'>411</span> <span class='ocrx_word' id='word_1_675' title='bbox 2311 3690 2514 3728; x_wconf 87' lang='lat' dir='ltr'>vocare</span> <span class='ocrx_word' id='word_1_676' title='bbox 2555 3677 3003 3727; x_wconf 83' lang='lat' dir='ltr'>consueverunt.</span> <span class='ocrx_word' id='word_1_677' title='bbox 3056 3672 3196 3726; x_wconf 89' lang='lat' dir='ltr'>Inde</span> <span class='ocrx_word' id='word_1_678' title='bbox 3245 3677 3439 3726; x_wconf 87' lang='lat' dir='ltr'>autem</span> <span class='ocrx_word' id='word_1_679' title='bbox 3489 3689 3630 3727; x_wconf 89' lang='lat' dir='ltr'>casu</span> 
     </span>
    </p>
   </div>
   <div class='ocr_carea' id='block_1_99' title="bbox 1989 3759 3634 3831">
    <p class='ocr_par' dir='ltr' id='par_1_99' title="bbox 1989 3759 3634 3831">
     <span class='ocr_line' id='line_1_102' title="bbox 1989 3759 3634 3831; baseline -0.003 -14"><span class='ocrx_word' id='word_1_680' title='bbox 1989 3770 2050 3817; x_wconf 88' lang='lat' dir='ltr'>ut</span> <span class='ocrx_word' id='word_1_681' title='bbox 2081 3761 2461 3817; x_wconf 89' lang='lat' dir='ltr'>conversione</span> <span class='ocrx_word' id='word_1_682' title='bbox 2502 3763 2758 3831; x_wconf 85' lang='lat' dir='ltr'>quadam</span> <span class='ocrx_word' id='word_1_683' title='bbox 2790 3761 2967 3814; x_wconf 91' lang='lat' dir='ltr'>sortis</span> <span class='ocrx_word' id='word_1_684' title='bbox 2997 3760 3068 3814; x_wconf 90' lang='lat' dir='ltr'>ad</span> <span class='ocrx_word' id='word_1_685' title='bbox 3100 3759 3510 3830; x_wconf 86' lang='lat' dir='ltr'>imperatorem</span> <span class='ocrx_word' id='word_1_686' title='bbox 3545 3763 3634 3813; x_wconf 83' lang='lat' dir='ltr'>fu-</span> 
     </span>
    </p>
   </div>
   <div class='ocr_carea' id='block_1_100' title="bbox 1988 3848 3634 3922">
    <p class='ocr_par' dir='ltr' id='par_1_100' title="bbox 1988 3848 3634 3922">
     <span class='ocr_line' id='line_1_103' title="bbox 1988 3848 3634 3922; baseline -0.003 -17"><span class='ocrx_word' id='word_1_687' title='bbox 1988 3867 2123 3922; x_wconf 84' lang='lat' dir='ltr'>gere</span> <span class='ocrx_word' id='word_1_688' title='bbox 2154 3850 2497 3920; x_wconf 81' lang='lat' dir='ltr'>compulsus</span> <span class='ocrx_word' id='word_1_689' title='bbox 2519 3851 2620 3919; x_wconf 83' lang='lat' dir='ltr'>jus</span> <span class='ocrx_word' id='word_1_690' title='bbox 2653 3850 2708 3902; x_wconf 91' lang='lat' dir='ltr'>in</span> <span class='ocrx_word' id='word_1_691' title='bbox 2731 3848 3129 3903; x_wconf 83' lang='lat' dir='ltr'>eaminsulam</span> <span class='ocrx_word' id='word_1_692' title='bbox 3163 3865 3338 3902; x_wconf 90' lang='lat' dir='ltr'>suum</span> <span class='ocrx_word' id='word_1_693' title='bbox 3363 3848 3412 3901; x_wconf 85' lang='lat' dir='ltr'>ei</span> <span class='ocrx_word' id='word_1_694' title='bbox 3437 3848 3634 3912; x_wconf 88' lang='lat' dir='ltr'>cessit,</span> 
     </span>
    </p>
   </div>
   <div class='ocr_carea' id='block_1_101' title="bbox 1989 3937 3633 4009">
    <p class='ocr_par' dir='ltr' id='par_1_101' title="bbox 1989 3937 3633 4009">
     <span class='ocr_line' id='line_1_104' title="bbox 1989 3937 3633 4009; baseline -0.001 -16"><span class='ocrx_word' id='word_1_695' title='bbox 1989 3939 2200 4009; x_wconf 86' lang='lat' dir='ltr'>ipsein</span> <span class='ocrx_word' id='word_1_696' title='bbox 2235 3939 2694 3993; x_wconf 87' lang='lat' dir='ltr'>domesticorum</span> <span class='ocrx_word' id='word_1_697' title='bbox 2745 3938 2993 4007; x_wconf 61' lang='lat' dir='ltr'>Augusti</span> <span class='ocrx_word' id='word_1_698' title='bbox 3039 3953 3277 3990; x_wconf 87' lang='lat' dir='ltr'>censum</span> <span class='ocrx_word' id='word_1_699' title='bbox 3319 3937 3633 4006; x_wconf 85' lang='lat' dir='ltr'>ascriptus.</span> 
     </span>
    </p>
   </div>
   <div class='ocr_carea' id='block_1_102' title="bbox 1991 4023 3636 4100">
    <p class='ocr_par' dir='ltr' id='par_1_102' title="bbox 1991 4023 3636 4100">
     <span class='ocr_line' id='line_1_105' title="bbox 1991 4023 3636 4100; baseline -0.003 -17"><span class='ocrx_word' id='word_1_700' title='bbox 1991 4029 2314 4100; x_wconf 88' lang='lat' dir='ltr'>Imperator</span> <span class='ocrx_word' id='word_1_701' title='bbox 2361 4033 2556 4082; x_wconf 88' lang='lat' dir='ltr'>autem</span> <span class='ocrx_word' id='word_1_702' title='bbox 2609 4025 2825 4080; x_wconf 88' lang='lat' dir='ltr'>amisso</span> <span class='ocrx_word' id='word_1_703' title='bbox 2869 4023 3040 4095; x_wconf 90' lang='lat' dir='ltr'>paulo</span> <span class='ocrx_word' id='word_1_704' title='bbox 3090 4031 3220 4079; x_wconf 87' lang='lat' dir='ltr'>ante</span> <span class='ocrx_word' id='word_1_705' title='bbox 3273 4023 3636 4079; x_wconf 85' lang='lat' dir='ltr'>sebastocra-</span> 
     </span>
    </p>
   </div>
   <div class='ocr_carea' id='block_1_103' title="bbox 1990 4111 3641 4184">
    <p class='ocr_par' dir='ltr' id='par_1_103' title="bbox 1990 4111 3641 4184">
     <span class='ocr_line' id='line_1_106' title="bbox 1990 4111 3641 4184; baseline -0.002 -12"><span class='ocrx_word' id='word_1_706' title='bbox 1990 4121 2134 4184; x_wconf 90' lang='lat' dir='ltr'>tore,</span> <span class='ocrx_word' id='word_1_707' title='bbox 2168 4119 2386 4170; x_wconf 78' lang='lat' dir='ltr'>amisso</span> <span class='ocrx_word' id='word_1_708' title='bbox 2417 4115 2556 4169; x_wconf 89' lang='lat' dir='ltr'>item</span> <span class='ocrx_word' id='word_1_709' title='bbox 2591 4115 2835 4184; x_wconf 89' lang='lat' dir='ltr'>despota</span> <span class='ocrx_word' id='word_1_710' title='bbox 2882 4112 3160 4166; x_wconf 82' lang='lat' dir='ltr'>fratribus</span> <span class='ocrx_word' id='word_1_711' title='bbox 3208 4111 3354 4179; x_wconf 86' lang='lat' dir='ltr'>suis,</span> <span class='ocrx_word' id='word_1_712' title='bbox 3405 4119 3461 4168; x_wconf 92' lang='lat' dir='ltr'>et</span> <span class='ocrx_word' id='word_1_713' title='bbox 3507 4117 3641 4168; x_wconf 89' lang='lat' dir='ltr'>ante</span> 
     </span>
    </p>
   </div>
   <div class='ocr_carea' id='block_1_104' title="bbox 1992 4201 3636 4276">
    <p class='ocr_par' dir='ltr' id='par_1_104' title="bbox 1992 4201 3636 4276">
     <span class='ocr_line' id='line_1_107' title="bbox 1992 4201 3636 4276; baseline -0.004 -14"><span class='ocrx_word' id='word_1_714' title='bbox 1992 4206 2102 4262; x_wconf 93' lang='lat' dir='ltr'>hoe</span> <span class='ocrx_word' id='word_1_715' title='bbox 2160 4211 2344 4260; x_wconf 89' lang='lat' dir='ltr'>morte</span> <span class='ocrx_word' id='word_1_716' title='bbox 2403 4204 2623 4276; x_wconf 88' lang='lat' dir='ltr'>pariter</span> <span class='ocrx_word' id='word_1_717' title='bbox 2676 4202 2926 4258; x_wconf 89' lang='lat' dir='ltr'>sublatis</span> <span class='ocrx_word' id='word_1_718' title='bbox 2984 4201 3097 4257; x_wconf 90' lang='lat' dir='ltr'>alio</span> <span class='ocrx_word' id='word_1_719' title='bbox 3155 4203 3636 4269; x_wconf 87' lang='lat' dir='ltr'>sebastocratore,</span> 
     </span>
    </p>
   </div>
   <div class='ocr_carea' id='block_1_105' title="bbox 1996 4291 3642 4368">
    <p class='ocr_par' dir='ltr' id='par_1_105' title="bbox 1996 4291 3642 4368">
     <span class='ocr_line' id='line_1_108' title="bbox 1996 4291 3642 4368; baseline -0.003 -16"><span class='ocrx_word' id='word_1_720' title='bbox 1996 4302 2273 4368; x_wconf 68' lang='lat' dir='ltr'>praeterea</span> <span class='ocrx_word' id='word_1_721' title='bbox 2310 4299 2556 4364; x_wconf 63' lang='lat' dir='ltr'>Caesare,</span> <span class='ocrx_word' id='word_1_722' title='bbox 2616 4299 2740 4348; x_wconf 92' lang='lat' dir='ltr'>tum</span> <span class='ocrx_word' id='word_1_723' title='bbox 2801 4291 3244 4364; x_wconf 90' lang='lat' dir='ltr'>protovestiario</span> <span class='ocrx_word' id='word_1_724' title='bbox 3301 4309 3368 4347; x_wconf 88' lang='lat' dir='ltr'>ac</span> <span class='ocrx_word' id='word_1_725' title='bbox 3426 4309 3642 4363; x_wconf 79' lang='lat' dir='ltr'>magno</span> 
     </span>
    </p>
   </div>
   <div class='ocr_carea' id='block_1_106' title="bbox 1999 4380 3642 4452">
    <p class='ocr_par' dir='ltr' id='par_1_106' title="bbox 1999 4380 3642 4452">
     <span class='ocr_line' id='line_1_109' title="bbox 1999 4380 3642 4452; baseline -0.004 -10"><span class='ocrx_word' id='word_1_726' title='bbox 1999 4389 2167 4452; x_wconf 90' lang='lat' dir='ltr'>duce,</span> <span class='ocrx_word' id='word_1_727' title='bbox 2200 4392 2256 4441; x_wconf 91' lang='lat' dir='ltr'>et</span> <span class='ocrx_word' id='word_1_728' title='bbox 2288 4389 2350 4439; x_wconf 90' lang='lat' dir='ltr'>ut</span> <span class='ocrx_word' id='word_1_729' title='bbox 2380 4383 2554 4438; x_wconf 84' lang='lat' dir='ltr'>verbo</span> <span class='ocrx_word' id='word_1_730' title='bbox 2587 4381 2942 4452; x_wconf 87' lang='lat' dir='ltr'>complectar</span> <span class='ocrx_word' id='word_1_731' title='bbox 2972 4397 3109 4445; x_wconf 83' lang='lat' dir='ltr'>uno,</span> <span class='ocrx_word' id='word_1_732' title='bbox 3164 4381 3461 4452; x_wconf 88' lang='lat' dir='ltr'>plerisque</span> <span class='ocrx_word' id='word_1_733' title='bbox 3511 4380 3642 4436; x_wconf 87' lang='lat' dir='ltr'>illo-</span> 
     </span>
    </p>
   </div>
   <div class='ocr_carea' id='block_1_107' title="bbox 2001 4469 3645 4545">
    <p class='ocr_par' dir='ltr' id='par_1_107' title="bbox 2001 4469 3645 4545">
     <span class='ocr_line' id='line_1_110' title="bbox 2001 4469 3645 4545; baseline -0.004 -14"><span class='ocrx_word' id='word_1_734' title='bbox 2001 4492 2130 4531; x_wconf 89' lang='lat' dir='ltr'>rum</span> <span class='ocrx_word' id='word_1_735' title='bbox 2163 4474 2260 4545; x_wconf 90' lang='lat' dir='ltr'>qui</span> <span class='ocrx_word' id='word_1_736' title='bbox 2295 4471 2651 4543; x_wconf 88' lang='lat' dir='ltr'>dignitatum</span> <span class='ocrx_word' id='word_1_737' title='bbox 2681 4470 3076 4525; x_wconf 84' lang='lat' dir='ltr'>maximarum</span> <span class='ocrx_word' id='word_1_738' title='bbox 3110 4469 3314 4525; x_wconf 87' lang='lat' dir='ltr'>titulos</span> <span class='ocrx_word' id='word_1_739' title='bbox 3343 4471 3645 4541; x_wconf 80' lang='lat' dir='ltr'>gerebant,</span> 
     </span>
    </p>
   </div>
   <div class='ocr_carea' id='block_1_108' title="bbox 1999 4559 3646 4624">
    <p class='ocr_par' dir='ltr' id='par_1_108' title="bbox 1999 4559 3646 4624">
     <span class='ocr_line' id='line_1_111' title="bbox 1999 4559 3646 4624; baseline -0.003 -3"><span class='ocrx_word' id='word_1_740' title='bbox 1999 4583 2130 4622; x_wconf 88' lang='lat' dir='ltr'>cum</span> <span class='ocrx_word' id='word_1_741' title='bbox 2165 4565 2400 4619; x_wconf 90' lang='lat' dir='ltr'>deberet</span> <span class='ocrx_word' id='word_1_742' title='bbox 2431 4561 2700 4617; x_wconf 79' lang='lat' dir='ltr'>sufﬁcere</span> <span class='ocrx_word' id='word_1_743' title='bbox 2730 4559 2876 4616; x_wconf 89' lang='lat' dir='ltr'>alios</span> <span class='ocrx_word' id='word_1_744' title='bbox 2926 4561 2985 4614; x_wconf 92' lang='lat' dir='ltr'>in</span> <span class='ocrx_word' id='word_1_745' title='bbox 3037 4575 3237 4614; x_wconf 91' lang='lat' dir='ltr'>eorum</span> <span class='ocrx_word' id='word_1_746' title='bbox 3292 4560 3438 4624; x_wconf 90' lang='lat' dir='ltr'>loca,</span> <span class='ocrx_word' id='word_1_747' title='bbox 3489 4560 3646 4616; x_wconf 88' lang='lat' dir='ltr'>hunc</span> 
     </span>
    </p>
   </div>
   <div class='ocr_carea' id='block_1_109' title="bbox 1999 4649 3644 4727">
    <p class='ocr_par' dir='ltr' id='par_1_109' title="bbox 1999 4649 3644 4727">
     <span class='ocr_line' id='line_1_112' title="bbox 1999 4649 3644 4727; baseline -0.004 -17"><span class='ocrx_word' id='word_1_748' title='bbox 1999 4656 2234 4727; x_wconf 89' lang='lat' dir='ltr'>quidem</span> <span class='ocrx_word' id='word_1_749' title='bbox 2268 4655 2519 4708; x_wconf 82' lang='lat' dir='ltr'>Icarium</span> <span class='ocrx_word' id='word_1_750' title='bbox 2549 4650 2739 4706; x_wconf 90' lang='lat' dir='ltr'>adhuc</span> <span class='ocrx_word' id='word_1_751' title='bbox 2760 4650 2817 4704; x_wconf 89' lang='lat' dir='ltr'>in</span> <span class='ocrx_word' id='word_1_752' title='bbox 2835 4649 3194 4722; x_wconf 86' lang='lat' dir='ltr'>privatorum</span> <span class='ocrx_word' id='word_1_753' title='bbox 3209 4650 3644 4706; x_wconf 89' lang='lat' dir='ltr'>ordinetenuit:</span> 
     </span>
    </p>
   </div>
   <div class='ocr_carea' id='block_1_110' title="bbox 2000 4737 3649 4810">
    <p class='ocr_par' dir='ltr' id='par_1_110' title="bbox 2000 4737 3649 4810">
     <span class='ocr_line' id='line_1_113' title="bbox 2000 4737 3649 4810; baseline -0.004 -12"><span class='ocrx_word' id='word_1_754' title='bbox 2000 4752 2272 4798; x_wconf 70' lang='lat' dir='ltr'>caeterum</span> <span class='ocrx_word' id='word_1_755' title='bbox 2306 4740 2574 4795; x_wconf 90' lang='lat' dir='ltr'>eumdem</span> <span class='ocrx_word' id='word_1_756' title='bbox 2611 4755 2742 4793; x_wconf 88' lang='lat' dir='ltr'>cum</span> <span class='ocrx_word' id='word_1_757' title='bbox 2771 4738 3145 4809; x_wconf 75' lang='lat' dir='ltr'>pedestribus</span> <span class='ocrx_word' id='word_1_758' title='bbox 3185 4738 3368 4809; x_wconf 89' lang='lat' dir='ltr'>copiis</span> <span class='ocrx_word' id='word_1_759' title='bbox 3406 4737 3649 4810; x_wconf 89' lang='lat' dir='ltr'>imposi-</span> 
     </span>
    </p>
   </div>
   <div class='ocr_carea' id='block_1_111' title="bbox 2001 4827 3647 4900">
    <p class='ocr_par' dir='ltr' id='par_1_111' title="bbox 2001 4827 3647 4900">
     <span class='ocr_line' id='line_1_114' title="bbox 2001 4827 3647 4900; baseline -0.004 -10"><span class='ocrx_word' id='word_1_760' title='bbox 2001 4841 2129 4890; x_wconf 89' lang='lat' dir='ltr'>tum</span> <span class='ocrx_word' id='word_1_761' title='bbox 2161 4833 2409 4886; x_wconf 89' lang='lat' dir='ltr'>navibus</span> <span class='ocrx_word' id='word_1_762' title='bbox 2429 4829 2485 4883; x_wconf 91' lang='lat' dir='ltr'>in</span> <span class='ocrx_word' id='word_1_763' title='bbox 2501 4828 2780 4899; x_wconf 83' lang='lat' dir='ltr'>Euripum</span> <span class='ocrx_word' id='word_1_764' title='bbox 2802 4827 3001 4887; x_wconf 81' lang='lat' dir='ltr'>mittit.</span> <span class='ocrx_word' id='word_1_765' title='bbox 3024 4844 3157 4882; x_wconf 90' lang='lat' dir='ltr'>cum</span> <span class='ocrx_word' id='word_1_766' title='bbox 3184 4845 3396 4900; x_wconf 88' lang='lat' dir='ltr'>magno</span> <span class='ocrx_word' id='word_1_767' title='bbox 3412 4829 3647 4883; x_wconf 90' lang='lat' dir='ltr'>domino</span> 
     </span>
    </p>
   </div>
   <div class='ocr_carea' id='block_1_112' title="bbox 2000 4915 3645 4988">
    <p class='ocr_par' dir='ltr' id='par_1_112' title="bbox 2000 4915 3645 4988">
     <span class='ocr_line' id='line_1_115' title="bbox 2000 4915 3645 4988; baseline -0.005 -8"><span class='ocrx_word' id='word_1_768' title='bbox 2000 4924 2228 4980; x_wconf 88' lang='lat' dir='ltr'>Joanne</span> <span class='ocrx_word' id='word_1_769' title='bbox 2271 4919 2713 4974; x_wconf 88' lang='lat' dir='ltr'>dimicaturum.</span> <span class='ocrx_word' id='word_1_770' title='bbox 2777 4915 3066 4988; x_wconf 80' lang='lat' dir='ltr'>Expositis</span> <span class='ocrx_word' id='word_1_771' title='bbox 3123 4917 3285 4972; x_wconf 90' lang='lat' dir='ltr'>hisce</span> <span class='ocrx_word' id='word_1_772' title='bbox 3317 4918 3374 4970; x_wconf 90' lang='lat' dir='ltr'>in</span> <span class='ocrx_word' id='word_1_773' title='bbox 3432 4922 3645 4971; x_wconf 88' lang='lat' dir='ltr'>terram</span> 
     </span>
    </p>
   </div>
   <div class='ocr_carea' id='block_1_113' title="bbox 2005 5005 3650 5082">
    <p class='ocr_par' dir='ltr' id='par_1_113' title="bbox 2005 5005 3650 5082">
     <span class='ocr_line' id='line_1_116' title="bbox 2005 5005 3650 5082; baseline -0.006 -15"><span class='ocrx_word' id='word_1_774' title='bbox 2005 5011 2189 5082; x_wconf 88' lang='lat' dir='ltr'>cepiis</span> <span class='ocrx_word' id='word_1_775' title='bbox 2220 5013 2274 5064; x_wconf 92' lang='lat' dir='ltr'>et</span> <span class='ocrx_word' id='word_1_776' title='bbox 2325 5021 2511 5076; x_wconf 88' lang='lat' dir='ltr'>usque</span> <span class='ocrx_word' id='word_1_777' title='bbox 2573 5005 2730 5060; x_wconf 87' lang='lat' dir='ltr'>circa</span> <span class='ocrx_word' id='word_1_778' title='bbox 2786 5005 2992 5061; x_wconf 86' lang='lat' dir='ltr'>Soreos</span> <span class='ocrx_word' id='word_1_779' title='bbox 3047 5006 3395 5077; x_wconf 86' lang='lat' dir='ltr'>progressis,</span> <span class='ocrx_word' id='word_1_780' title='bbox 3451 5005 3650 5059; x_wconf 86' lang='lat' dir='ltr'>audito</span> 
     </span>
    </p>
   </div>
   <div class='ocr_carea' id='block_1_114' title="bbox 2005 5093 3648 5164">
    <p class='ocr_par' dir='ltr' id='par_1_114' title="bbox 2005 5093 3648 5164">
     <span class='ocr_line' id='line_1_117' title="bbox 2005 5093 3648 5164; baseline -0.007 -8"><span class='ocrx_word' id='word_1_781' title='bbox 2005 5115 2208 5157; x_wconf 88' lang='lat' dir='ltr'>earum</span> <span class='ocrx_word' id='word_1_782' title='bbox 2239 5111 2489 5152; x_wconf 83' lang='lat' dir='ltr'>excensu</span> <span class='ocrx_word' id='word_1_783' title='bbox 2520 5093 2799 5164; x_wconf 88' lang='lat' dir='ltr'>Joannes,</span> <span class='ocrx_word' id='word_1_784' title='bbox 2833 5099 2887 5149; x_wconf 89' lang='lat' dir='ltr'>et</span> <span class='ocrx_word' id='word_1_785' title='bbox 2915 5093 2964 5148; x_wconf 91' lang='lat' dir='ltr'>si</span> <span class='ocrx_word' id='word_1_786' title='bbox 2997 5110 3149 5164; x_wconf 68' lang='lat' dir='ltr'>aeger</span> <span class='ocrx_word' id='word_1_787' title='bbox 3181 5093 3458 5164; x_wconf 88' lang='lat' dir='ltr'>podagra,</span> <span class='ocrx_word' id='word_1_788' title='bbox 3507 5108 3648 5162; x_wconf 75' lang='lat' dir='ltr'>prae—</span> 
     </span>
    </p>
   </div>
   <div class='ocr_carea' id='block_1_115' title="bbox 2010 5181 3652 5250">
    <p class='ocr_par' dir='ltr' id='par_1_115' title="bbox 2010 5181 3652 5250">
     <span class='ocr_line' id='line_1_118' title="bbox 2010 5181 3652 5250; baseline -0.007 -5"><span class='ocrx_word' id='word_1_789' title='bbox 2010 5191 2155 5246; x_wconf 89' lang='lat' dir='ltr'>lium</span> <span class='ocrx_word' id='word_1_790' title='bbox 2189 5203 2305 5243; x_wconf 90' lang='lat' dir='ltr'>non</span> <span class='ocrx_word' id='word_1_791' title='bbox 2331 5186 2695 5250; x_wconf 90' lang='lat' dir='ltr'>detrectavit,</span> <span class='ocrx_word' id='word_1_792' title='bbox 2731 5184 2831 5238; x_wconf 86' lang='lat' dir='ltr'>sed</span> <span class='ocrx_word' id='word_1_793' title='bbox 2865 5182 3060 5237; x_wconf 89' lang='lat' dir='ltr'>subito</span> <span class='ocrx_word' id='word_1_794' title='bbox 3113 5181 3465 5237; x_wconf 89' lang='lat' dir='ltr'>instructam</span> <span class='ocrx_word' id='word_1_795' title='bbox 3499 5181 3652 5235; x_wconf 88' lang='lat' dir='ltr'>Lati-</span> 
     </span>
    </p>
   </div>
   <div class='ocr_carea' id='block_1_116' title="bbox 2007 5270 3652 5335">
    <p class='ocr_par' dir='ltr' id='par_1_116' title="bbox 2007 5270 3652 5335">
     <span class='ocr_line' id='line_1_119' title="bbox 2007 5270 3652 5335; baseline -0.009 1"><span class='ocrx_word' id='word_1_796' title='bbox 2007 5295 2216 5335; x_wconf 91' lang='lat' dir='ltr'>norum</span> <span class='ocrx_word' id='word_1_797' title='bbox 2249 5275 2433 5331; x_wconf 89' lang='lat' dir='ltr'>aciem</span> <span class='ocrx_word' id='word_1_798' title='bbox 2466 5291 2531 5328; x_wconf 90' lang='lat' dir='ltr'>eo</span> <span class='ocrx_word' id='word_1_799' title='bbox 2565 5279 2722 5329; x_wconf 83' lang='lat' dir='ltr'>recta</span> <span class='ocrx_word' id='word_1_800' title='bbox 2770 5273 2992 5328; x_wconf 91' lang='lat' dir='ltr'>ducens</span> <span class='ocrx_word' id='word_1_801' title='bbox 3039 5272 3138 5326; x_wconf 92' lang='lat' dir='ltr'>ubi</span> <span class='ocrx_word' id='word_1_802' title='bbox 3191 5271 3405 5326; x_wconf 85' lang='lat' dir='ltr'>versari</span> <span class='ocrx_word' id='word_1_803' title='bbox 3459 5270 3652 5323; x_wconf 87' lang='lat' dir='ltr'>hostes</span> 
     </span>
    </p>
   </div>
   <div class='ocr_carea' id='block_1_117' title="bbox 2008 5357 3652 5432">
    <p class='ocr_par' dir='ltr' id='par_1_117' title="bbox 2008 5357 3652 5432">
     <span class='ocr_line' id='line_1_120' title="bbox 2008 5357 3652 5432; baseline -0.009 -8"><span class='ocrx_word' id='word_1_804' title='bbox 2008 5369 2293 5429; x_wconf 89' lang='lat' dir='ltr'>audierat,</span> <span class='ocrx_word' id='word_1_805' title='bbox 2342 5363 2459 5418; x_wconf 89' lang='lat' dir='ltr'>aeri</span> <span class='ocrx_word' id='word_1_806' title='bbox 2482 5363 2804 5418; x_wconf 90' lang='lat' dir='ltr'>commissa</span> <span class='ocrx_word' id='word_1_807' title='bbox 2835 5359 3164 5432; x_wconf 87' lang='lat' dir='ltr'>pugnatelo</span> <span class='ocrx_word' id='word_1_808' title='bbox 3196 5359 3348 5414; x_wconf 89' lang='lat' dir='ltr'>ictus</span> <span class='ocrx_word' id='word_1_809' title='bbox 3379 5357 3652 5413; x_wconf 88' lang='lat' dir='ltr'>concidit.</span> 
     </span>
    </p>
   </div>
   <div class='ocr_carea' id='block_1_118' title="bbox 2007 5447 3657 5520">
    <p class='ocr_par' dir='ltr' id='par_1_118' title="bbox 2007 5447 3657 5520">
     <span class='ocr_line' id='line_1_121' title="bbox 2007 5447 3657 5520; baseline -0.008 -7"><span class='ocrx_word' id='word_1_810' title='bbox 2007 5459 2228 5513; x_wconf 89' lang='lat' dir='ltr'>Pedum</span> <span class='ocrx_word' id='word_1_811' title='bbox 2262 5453 2418 5510; x_wconf 88' lang='lat' dir='ltr'>enim</span> <span class='ocrx_word' id='word_1_812' title='bbox 2460 5451 2624 5506; x_wconf 90' lang='lat' dir='ltr'>dolor</span> <span class='ocrx_word' id='word_1_813' title='bbox 2671 5451 2826 5504; x_wconf 84' lang='lat' dir='ltr'>haud</span> <span class='ocrx_word' id='word_1_814' title='bbox 2876 5466 3085 5520; x_wconf 89' lang='lat' dir='ltr'>passus</span> <span class='ocrx_word' id='word_1_815' title='bbox 3143 5465 3276 5502; x_wconf 88' lang='lat' dir='ltr'>eum</span> <span class='ocrx_word' id='word_1_816' title='bbox 3333 5447 3545 5500; x_wconf 84' lang='lat' dir='ltr'>librare</span> <span class='ocrx_word' id='word_1_817' title='bbox 3595 5462 3657 5500; x_wconf 90' lang='lat' dir='ltr'>se</span> 
     </span>
    </p>
   </div>
   <div class='ocr_carea' id='block_1_119' title="bbox 2011 5535 3656 5611">
    <p class='ocr_par' dir='ltr' id='par_1_119' title="bbox 2011 5535 3656 5611">
     <span class='ocr_line' id='line_1_122' title="bbox 2011 5535 3656 5611; baseline -0.007 -9"><span class='ocrx_word' id='word_1_818' title='bbox 2011 5547 2255 5602; x_wconf 87' lang='lat' dir='ltr'>ﬁrmiter</span> <span class='ocrx_word' id='word_1_819' title='bbox 2309 5543 2367 5597; x_wconf 89' lang='lat' dir='ltr'>in</span> <span class='ocrx_word' id='word_1_820' title='bbox 2427 5557 2574 5611; x_wconf 91' lang='lat' dir='ltr'>equo</span> <span class='ocrx_word' id='word_1_821' title='bbox 2631 5545 2687 5594; x_wconf 91' lang='lat' dir='ltr'>et</span> <span class='ocrx_word' id='word_1_822' title='bbox 2744 5538 2917 5594; x_wconf 88' lang='lat' dir='ltr'>scalis</span> <span class='ocrx_word' id='word_1_823' title='bbox 2973 5537 3347 5608; x_wconf 83' lang='lat' dir='ltr'>equestribus</span> <span class='ocrx_word' id='word_1_824' title='bbox 3380 5535 3656 5606; x_wconf 90' lang='lat' dir='ltr'>utrinque</span> 
     </span>
    </p>
   </div>
   <div class='ocr_carea' id='block_1_120' title="bbox 2009 5623 3657 5709">
    <p class='ocr_par' dir='ltr' id='par_1_120' title="bbox 2009 5623 3657 5709">
     <span class='ocr_line' id='line_1_123' title="bbox 2009 5623 3657 5709; baseline -0.009 -16"><span class='ocrx_word' id='word_1_825' title='bbox 2009 5633 2401 5709; x_wconf 88' lang='lat' dir='ltr'>pendentibus</span> <span class='ocrx_word' id='word_1_826' title='bbox 2434 5629 2672 5685; x_wconf 86' lang='lat' dir='ltr'>robuste</span> <span class='ocrx_word' id='word_1_827' title='bbox 2717 5627 3011 5696; x_wconf 86' lang='lat' dir='ltr'>insistere,</span> <span class='ocrx_word' id='word_1_828' title='bbox 3043 5623 3160 5680; x_wconf 88' lang='lat' dir='ltr'>vim</span> <span class='ocrx_word' id='word_1_829' title='bbox 3208 5624 3430 5682; x_wconf 89' lang='lat' dir='ltr'>ademit</span> <span class='ocrx_word' id='word_1_830' title='bbox 3477 5624 3657 5681; x_wconf 87' lang='lat' dir='ltr'>susti-</span> 
     </span>
    </p>
   </div>
  </div>
