4002 6198
320 325 430 381 867

1624 316 1929 377 GEORGII
1967 320 2432 377 PACHYHERB

326 457 556 527 παρεῖχε
610 447 847 524 στερρῶς
903 440 1226 501 ἀντιϐαίνειν
1284 450 1404 507 τοῖς
1463 442 1543 521 ἐφ’
1602 444 1829 515 ἑκάτερα
1867 449 1967 513 τῆς
1995 445 2051 512 Α
2082 439 2139 497 δὲ
2166 443 2292 519 περὶ
2319 443 2414 499 τὸν
2469 442 2729 513 Ἰωάννην
2781 440 2977 514 ἀνέδην
3034 444 3105 513 ἦν
3161 440 3384 500 κτείνειν
3434 446 3527 501 τὸν
3560 465 3729 522 προσ-

286 533 296 543 ’
326 536 633 616 ἐφεστρίδος
662 534 943 609 κλίμαξιν,
984 533 1112 590 ἀλλ’
1154 536 1249 607 ἅμ’
1297 531 1613 605 ἠκοντίζετο
1642 532 1732 587 καὶ
1764 551 1966 606 παρευ-

325 630 417 693 ob:
445 624 634 682 ἔπιπτε
689 624 780 681 καὶ
829 624 1109 694 ἡλίσκετο.
1176 624 1275 678 Καὶ
1334 622 1425 678 σὺν
1486 623 1635 693 αὖτῷ
1691 616 1854 675 ἄλλοι
1907 641 1964 675 τε

322 714 529 772 πολλοὶ
563 713 1009 788 συμποδίζονται,
1041 714 1128 768 καὶ
1174 710 1241 783 δὴ
1291 712 1382 767 καὶ
1415 712 1444 766 6
1472 714 1569 765 τοῦ
1600 710 1835 783 Ἰκαρίου
1868 710 1962 764 αὖ·

313 804 604 882 τάδελφος.
674 807 762 861 Ἐν
830 803 1010 876 τούτῳ
1078 800 1136 857 δὲ
1200 804 1287 858 καὶ
1358 800 1581 873 στρατὸς
1637 799 1743 853 ἀπὸ
1800 799 1965 873 ξηρᾶς

314 894 621 971 εἰσβάλλει,
671 891 763 954 οὕς
811 894 947 967 ἦγεν
979 895 1006 947 6
1042 891 1211 967 μέγας
1262 887 1743 966 στρατοπεδάρχης
1793 895 1965 942 Συνα-

314 982 475 1055 δηνὸς
527 985 786 1053 Ἰωάννης
830 981 922 1036 καὶ
977 982 1005 1035 ὁ
1068 983 1231 1055 μέγας
1288 979 1653 1039 κονοσταῦλος
1684 979 1711 1032 6
1752 972 1962 1033 Καϐαλ-

311 1073 499 1151 λάριος
562 1070 818 1146 Μιχαῆλ.
882 1069 979 1124 Καὶ
1038 1067 1104 1137 δὴ
1166 1071 1504 1142 ὁρμήσαντες
1561 1065 1649 1121 ἐπὶ
1700 1065 1962 1138 Φάρσαλα

308 1162 591 1240 φρούριον,
626 1160 655 1214 ὅ
686 1159 855 1223 Φθίαν
890 1162 918 1215 6
948 1159 1183 1220 παλαιὸς
1217 1153 1334 1233 ἔχει
1370 1156 1556 1231 λόγος,
1591 1155 1671 1233 ἐφ’
1704 1156 1749 1227 ᾦ
1782 1176 1960 1228 σιταρ-

310 1257 455 1307 κοῖεν
496 1249 626 1314 τοὺς
680 1248 733 1303 ἐν
789 1254 868 1319 τῷ
915 1248 1182 1323 φρουρίῳ,
1243 1256 1646 1320 προσπίπτουσι
1674 1250 1752 1316 τῷ
1779 1244 1837 1298 ἐκ
1863 1265 1957 1298 νος

316 1341 457 1405 θείας
510 1340 753 1413 Ἰωάννῃ,
814 1337 871 1400 ὅς
931 1336 998 1405 δή
1055 1338 1142 1391 καὶ
1203 1336 1351 1414 σφίσι
1410 1334 1672 1412 συρράξας
1711 1334 1955 1407 πόλεμον

311 1435 555 1506 γενναῖον
582 1433 673 1483 καί
718 1425 970 1503 ἀνδρικὸν
1029 1427 1175 1500 αἱρεῖ
1236 1427 1328 1497 μὲν
1387 1426 1478 1479 καὶ
1518 1426 1609 1479 τὸν
1645 1422 1953 1494 Συναδηνὸν

306 1518 396 1573 καὶ
431 1519 594 1593 μεγαν
629 1513 1138 1590 στρατοπεδάρχην,
1186 1514 1282 1568 τὸν
1334 1514 1516 1586 μέντοι
1564 1534 1627 1587 γε
1661 1514 1828 1587 μεγαν
1860 1533 1958 1567 κο-

307 1607 604 1665 νοσταῦλον
656 1608 683 1660 6
735 1606 820 1659 ὑπ’
871 1603 1061 1675 ἐκείνῳ
1111 1603 1243 1663 Λαὸς
1296 1599 1506 1663 Ἰταλὸς
1548 1599 1760 1656 διώκων
1793 1623 1954 1656 κατα-

312 1695 498 1755 λαϐεῖν
534 1698 631 1754 οὐκ
660 1696 906 1772 ἴσχυσεν,
949 1693 1076 1749 ἀλλ’
1124 1693 1282 1755 ’ὸλαις
1327 1695 1507 1762 ἡνίαις
1537 1692 1739 1756 ἐκεῖνος
1772 1691 1955 1757 ἐνδοὺς

309 1790 385 1851 εἷς
419 1790 596 1866 φυγὴν
624 1785 848 1856 ἤλαυνε,
879 1784 967 1839 καὶ
1016 1782 1144 1845 τοὺς
1195 1783 1290 1854 μὲν
1342 1780 1605 1844 διώοντας
1635 1782 1779 1837 πολὺ
1809 1804 1948 1856 προ·
1982 1812 2032 1878 Β

306 1881 438 1933 θεων
473 1876 713 1950 ἐξήλυξε,
745 1875 807 1930 τὸ
852 1871 909 1928 δέ
955 1895 1019 1948 γε
1069 1869 1339 1945 μοιρίδιον
1372 1872 1562 1942 ἀλύξαι
1595 1871 1693 1926 οὐκ
1719 1874 1785 1941 ἧν
1815 1872 1949 1927 ἐκεί-

305 1990 405 2040 νῳ,
455 1965 550 2021 κᾶν
609 1964 764 2020 πάντ’
826 1958 1104 2037 ἔπραττεν.
1165 1956 1681 2035 Ἀτακτότερονγάρ
1713 1959 1953 2016 ἐλαύνων

302 2053 617 2122 τὸνἹππον,
669 2052 796 2114 τοὺς
856 2048 1074 2107 ὄπισθεν
1138 2050 1390 2122 οἰόμενος
1450 2051 1664 2127 φθάνειν
1696 2050 1955 2125 καὶπρὸς

305 2145 533 2207 ἐκείνοις
565 2145 751 2216 μόνοις
790 2139 934 2216 ἔχων
990 2142 1080 2194 τὸν
1138 2140 1260 2194 νοῦν
1321 2140 1469 2200 ὅπως
1503 2137 1746 2217 ἐκφύγοι,
1780 2160 1950 2216 προσ-

306 2232 483 2289 πταίει
516 2228 722 2303 δένδρῳ
774 2230 891 2302 μεθ’
941 2227 1080 2298 ὅλης
1125 2234 1227 2295 τῆς
1273 2230 1370 2280 τοῦ
1419 2225 1589 2280 ἵππου
1638 2232 1828 2304 φορᾶς,
1860 2226 1949 2281 καί

303 2324 441 2378 κατᾶ
496 2322 690 2390 στῆθος
748 2317 1059 2373 συνΟλᾶται.
1120 2314 1298 2378 Μόλις
1355 2314 1412 2370 δε
1457 2336 1599 2377 τινες
1642 2316 1734 2371 τὸν
1775 2316 1946 2371 ’ίππον

305 2414 593 2482 στήσαντες
627 2409 709 2479 (οὗ
738 2409 840 2483 γάρ
884 2408 951 2476 ἦν
1003 2404 1193 2479 ἐκείνῳ
1245 2405 1413 2478 μέλον
1454 2411 1551 2460 τοῦ
1575 2403 1772 2477 ἵππου,
1804 2405 1950 2461 ἀλλά

302 2523 366 2575 γε
393 2508 496 2569 τῆς
525 2499 747 2573 πληγῆς
777 2518 836 2551 τε
881 2496 972 2551 καὶ
1030 2500 1131 2550 τοῦ
1190 2492 1439 2566 θανάτου)
1470 2497 1752 2567 ἡμιθνῆτα
1780 2516 1947 2549 κατα-

305 2585 611 2658 ϐιϐάζουσι,
670 2585 760 2641 καὶ
819 2588 894 2647 ὡς
954 2586 1102 2660 εἶχον
1155 2585 1293 2660 πρὸς
1347 2584 1745 2654 Θεσσαλονίκην
1806 2584 1948 2638 ἀπα-

301 2677 551 2754 γαγόντες
601 2674 713 2731 ἐκεῖ
762 2673 1018 2739 θάπτουσι
1066 2670 1486 2742 τελευτήσαντα.
1520 2675 1599 2745 [Ρ.
1633 2674 1758 2745 5280]
1815 2675 1946 2737 Τοῖς

309 2900 484 2957 nendi
510 2915 572 2954 se
604 2901 735 2970 post
765 2899 967 2962 ictum,
998 2893 1306 2964 elfecitque
1339 2893 1609 2966 utprimo
1632 2895 1830 2949 statim
1854 2894 1953 2949 teli

307 3008 419 3062 qua
451 3003 768 3060 percussus
798 2989 886 3040 est
917 2982 1176 3055 impulsu
1211 2982 1649 3038 sellaexcussus
1672 2985 1953 3039 corruerit

303 3084 628 3149 captusque
655 3074 848 3131 subito
881 3073 1079 3138 fuerit,
1112 3077 1169 3128 et
1198 3090 1330 3127 cum
1364 3088 1431 3128 eo
1472 3072 1569 3127 alii
1607 3073 1777 3127 multi
1809 3090 1947 3128 casu

302 3169 503 3223 eodem
555 3164 864 3235 implicati,
916 3163 1134 3234 quippe
1190 3162 1516 3218 necessaria
1563 3164 1945 3219 subveniendi
1979 3192 2018 3255 ρ

302 3257 434 3312 duci
464 3253 754 3311 laboranti
806 3269 946 3307 cura
977 3269 1010 3307 a
1061 3251 1198 3323 fuga
1246 3253 1597 3307 maturanda
1642 3253 1942 3324 prohibiti,

298 3343 707 3417 comprehensi
740 3342 954 3414 pariter
983 3342 1043 3395 in
1079 3341 1403 3396 custodiam
1434 3341 1552 3396 sint
1580 3341 1723 3396 dati.
1744 3343 1817 3397 'In
1852 3343 1944 3399 his

303 3437 413 3491 fuit
439 3436 626 3506 ipsius
658 3431 827 3487 Icarii
865 3433 1056 3486 frater.
1092 3431 1329 3486 Interim
1362 3432 1717 3487 ctexercitus
1738 3438 1944 3488 aterra

298 3525 530 3597 irrupit,
583 3538 757 3594 quem
804 3521 1082 3575 ductabat:
1152 3536 1400 3591 magnus
1465 3520 1944 3592 stratopedarcba

293 3613 641 3688 Synadenus
671 3611 928 3666 Joannes
960 3613 1017 3663 et
1039 3624 1291 3679 magnus
1317 3608 1692 3664 conostaulus
1738 3609 1941 3664 Cabal-

296 3704 480 3758 larius
513 3699 781 3756 Michael.
817 3698 883 3753 Hi
918 3714 1051 3752 cum
1085 3698 1236 3753 412
1298 3697 1578 3752 Pharsale
1636 3699 1942 3753 tenderent

293 3796 418 3865 (arx
438 3790 506 3847 ea
535 3796 644 3860 est,
677 3789 767 3845 cui
804 3804 1035 3843 nomcm
1052 3788 1359 3859 antiquum
1377 3787 1939 3855 Phthiafuit)animo

292 3877 728 3938 commeantum
746 3876 1100 3948 importandi
1119 3876 1939 3948 prasidio,iuciduntinJoan-

291 3987 423 4026 nem
453 3970 722 4037 nothum,
756 3967 855 4038 qui
906 3966 1106 4021 statim
1158 3983 1257 4021 eos
1303 3967 1419 4020 acri
1468 3965 1664 4037 praelio
1696 3967 1939 4023 adortus

292 4078 405 4116 non
438 4060 635 4115 minus
664 4058 888 4112 fortiter
916 4072 1093 4128 quam
1129 4055 1375 4110 feliciter
1395 4072 1514 4110 rem
1540 4056 1722 4127 gessit
1753 4056 1937 4127 captis

290 4166 424 4204 cum
477 4149 609 4203 aliis
659 4146 950 4217 plurimis,
1006 4152 1131 4200 tum
1181 4145 1309 4218 ipso
1357 4145 1667 4217 Synadeno
1722 4162 1935 4216 magno

288 4235 787 4308 stratopedarcha.
821 4237 1093 4304 Magnum
1121 4233 1527 4289 conostaulum
1560 4233 1685 4288 Itali
1722 4234 1936 4289 milites

285 4325 530 4383 Joannis
558 4325 656 4379 diu
691 4323 979 4395 persecuti
1010 4324 1586 4395 assequinequivcre.
1607 4322 1936 4395 lllequippe

288 4416 421 4473 totis
490 4413 735 4469 habenis
790 4414 1015 4468 ell'usus
1086 4412 1144 4466 in
1211 4413 1404 4483 fugam
1470 4412 1708 4482 longum
1779 4413 1932 4467 inse-

284 4504 606 4576 quentibus
659 4506 1010 4575 prmceperat
1060 4501 1344 4573 spatium,
1391 4506 1454 4556 ut
1495 4502 1621 4571 jam
1674 4501 1931 4571 periculo

2078 532 2319 608 τυχόντα
2380 532 2471 588 καὶ
2537 530 2790 605 πολέμου
2864 534 2998 608 γέρα
3072 532 3375 592 σκυλεύειν.
3449 536 3725 612 Ἐγνωσαν

2081 620 2139 677 δὲ
2194 622 2286 677 καὶ
2338 622 2464 678 τότε
2515 623 2783 694 Ῥωμαῖοι
2838 619 3145 699 λειφθέντες
3194 623 3348 699 μάχῃ
3392 627 3491 679 τοῦ
3542 625 3729 683 Ἰωάν-

2077 731 2212 765 νου·
2282 710 2344 766 οὖ
2410 712 2515 788 γὰρ
2581 711 2636 781 ἒξ
2703 709 2978 788 ἐμφανοῦς
3040 710 3202 787 ὥρμα
3256 713 3726 788 παραταξάμενος,

2076 798 2205 855 ἀλλ’
2252 799 2314 856 ἐκ
2364 799 2541 875 λόχου
2587 794 2942 874 προσϐαλὼν,
2991 803 3109 864 οἷος
3152 800 3359 865 ἐκεῖνος
3385 804 3454 857 τά
3480 808 3727 871 τοιαῦτα,

2074 889 2380 961 κατέπληξε
2433 890 2665 959 θεαθεὶς,
2723 891 2813 944 καὶ
2870 889 3003 945 λαὸν
3065 890 3311 965 ἔκκριτον
3349 893 3440 947 καὶ
3473 892 3729 958 ἐπιεικῶς

2078 984 2271 1054 μαχῶν
2323 981 2580 1054 ἑμπειρον
2639 982 2719 1049 τῷ
2771 980 2900 1053 παρ’
2954 976 3153 1033 ἐλπίδα
3209 980 3509 1053 πταίσματι
3538 980 3726 1058 ἀνδριο

2072 1074 2185 1131 κῶς
2259 1070 2767 1143 καταγωνισάμενος
2839 1066 2994 1139 δόξαν
3069 1067 3317 1132 εὐκλείας
3391 1071 3721 1149 ἀποφέρεται

2072 1165 2176 1227 τῆς
2209 1158 2488 1234 μεγίστης.
2521 1159 2597 1215 Τὸ
2627 1156 2686 1212 δέ
2734 1179 2794 1233 γε
2844 1158 3091 1212 ναυτικὸν
3140 1158 3232 1213 καὶ
3283 1160 3408 1214 ὅσον
3440 1158 3495 1214 ἐν
3531 1161 3722 1224 αὐταῖς

2069 1248 2252 1301 ναυσὶν
2286 1248 2352 1316 ἦν
2392 1247 2622 1319 ἀζήμιοι
2682 1244 3122 1319 διατηρηθὲντες,
3154 1249 3190 1318 ἢ
3220 1248 3440 1320 μᾶλλον
3467 1250 3559 1304 καὶ
3591 1251 3724 1325 γέρα

2076 1336 2264 1411 μάχης
2314 1335 2733 1412 ἐπενεγκάμενοι
2791 1336 2918 1397 τοὸς
2973 1336 3098 1409 περὶ
3155 1337 3247 1390 τὸν
3311 1338 3477 1412 μέγαν
3533 1337 3720 1412 κύριον

2068 1427 2341 1496 Ἰωάννην,
2406 1425 2628 1498 εὐθύμῳ
2690 1422 2887 1501 καρδίᾳ
2943 1428 3082 1491 πρὸς
3143 1426 3237 1480 τὸν
3292 1431 3599 1500 κρατοῦντα
3635 1427 3725 1503 γί-

2066 1537 2271 1571 νονται.
2305 1514 2410 1571 Καὶ
2460 1515 2513 1569 οἱ
2569 1515 2665 1587 μὲν
2723 1515 2859 1591 ἀμφὶ
2919 1516 3013 1569 τὸν
3074 1515 3237 1588 μεγαν
3269 1515 3462 1590 κὺριον
3497 1517 3604 1571 ὑπὸ
3633 1515 3718 1572 δε-

2067 1610 2229 1678 σμοῖς
2274 1610 2485 1682 φρουρᾷ
2531 1601 2791 1673 δίδονται,
2848 1610 3072 1677 τιμᾶται
3126 1601 3183 1658 δὲ
3224 1606 3252 1659 6
3301 1604 3538 1679 Ἰκάριος
3571 1606 3722 1661 ἀντί-

2064 1696 2229 1749 ποινά
2280 1698 2388 1748 τῶν
2443 1694 2666 1768 ἀγώνων
2723 1698 2803 1766 τῷ
2867 1698 2965 1747 τοῦ
3036 1692 3281 1769 μεγάλου
3345 1695 3719 1751 κονοσταῦλου

2064 1784 2352 1857 ἀξιώματι.
2403 1784 2468 1840 Ὀ
2521 1783 2706 1855 μέντοι
2755 1803 2818 1856 γε
2866 1788 2976 1837 τῶν
3029 1778 3226 1852 Θηϐῶν
3269 1783 3401 1846 λαὸς
3426 1784 3521 1839 τὸν
3554 1782 3720 1839 ἀδελ-

2061 1874 2159 1949 φὸν
2218 1873 2471 1928 Ἰωάννου
2532 1870 2877 1945 Γουλίελμον
2950 1872 3115 1947 μέγαν
3183 1873 3371 1946 κύριον
3439 1875 3717 1938 ἀντικαθι-

2061 1968 2263 2015 στᾶσιν.
2323 1962 2559 2017 Ἐκεῖνον
2620 1958 2666 2015 δ’
2724 1963 2933 2035 ἀγήΛας
2984 1962 3013 2016 6
3066 1960 3322 2037 βασιλεὺς
3350 1963 3439 2017 καὶ
3471 1960 3716 2034 δοκιμά-

2056 2071 2150 2112 σας
2205 2044 2505 2122 Λαμϐάνειν
2548 2044 2800 2124 γαμϐρὸν
2860 2050 2950 2125 ὑφ’
3006 2051 3194 2125 ὅρκοις
3248 2051 3541 2128 ἆσφαλὲσιν
3581 2052 3714 2108 ἀπέ-

2058 2136 2175 2196 λυε.
2208 2140 2492 2209 Μετέωροι
2527 2136 2574 2193 δ’
2602 2140 2737 2207 ἦσαν
2792 2139 2848 2192 οἱ
2895 2139 3073 2213 γάμοι
3113 2141 3233 2193 καθ’
3269 2140 3591 2214 ὑποσχέσεις
3620 2141 3711 2196 καὶ

2060 2226 2247 2301 μόνας.
2282 2225 2438 2284 Ἀλλ’
2469 2226 2675 2289 ἐκεῖνος
2724 2225 2819 2299 ἅμ’
2868 2226 3058 2289 ἐπιοᾶς
3108 2235 3209 2297 τῆς
3254 2226 3539 2303 πατρίδος,
3565 2229 3710 2302 νόσῳ

2056 2316 2358 2392 περιπεσὼν
2398 2315 2644 2387 τελευτᾷ.
2698 2313 3026 2390 Λιαδὲχεται
3080 2314 3139 2372 δὲ
3192 2318 3221 2373 6
3279 2315 3520 2396 ἀδελφὸς
3564 2318 3711 2374 ὲκεί-

2054 2426 2150 2461 νου
2202 2404 2570 2479 Γουλίελμος,
2630 2404 2688 2461 ὅν
2740 2409 2830 2461 καί
2886 2401 3135 2481 γαμϐρὸν
3192 2407 3443 2463 Ἰωάννου
3482 2409 3512 2463 6
3544 2408 3711 2485 λόγος

2053 2494 2308 2564 παρίστα,
2367 2492 2647 2554 ὁλοτελῶς
2695 2495 2795 2562 τήν
2852 2499 2950 2549 τοῦ
3003 2495 3336 2567 τεθνηκότος
3380 2498 3705 2571 κυριότητα.

2054 2584 2157 2640 Καὶ
2214 2584 2280 2654 ἦν
2337 2584 2474 2660 πρὸς
2525 2583 2834 2656 Ῥωμαίους
2891 2580 3337 2663 ἇντιφερόμενος,
3385 2586 3433 2641 εἰ
3470 2587 3556 2642 καὶ
3589 2588 3706 2641 κατ’

2055 2670 2175 2739 ἔτος
2229 2675 2258 2729 ὁ
2312 2672 2510 2739 στόλος
2564 2674 2734 2730 ἐκεῖσε
2789 2670 3161 2752 προσϐάλλων
3219 2675 3418 2733 ἐκάκου
3455 2676 3705 2733 τάκείνου

2063 2897 2238 2963 ccede,
2260 2895 2444 2968 spolia
2462 2895 2560 2968 plu
2572 2895 2612 2951 ri
2624 2912 2718 2952 ma
2733 2896 3170 2968 pretiosamque
3183 2897 3441 2968 prmdam
3456 2897 3710 2955 victoriae

2062 2984 2367 3055 praemium
2403 2982 2821 3039 tulerunt.Hoc
2844 2983 3159 3054 alterojam
3178 2990 3389 3041 eventu
3415 2985 3711 3041 Romanos

2060 3072 2244 3127 tristis
2276 3072 2633 3139 experientia
2662 3072 3010 3145 docuitquis
3027 3077 3360 3145 etquantus
3381 3075 3537 3131 bello
3554 3082 3715 3130 esset

2055 3161 2311 3217 Joannes
2340 3162 2435 3217 hic
2467 3161 2707 3230 nothus,
2739 3162 2827 3217 vir
2856 3162 3123 3218 omnium
3182 3163 3606 3219 callidissimus
3636 3166 3710 3220 ad

2052 3252 2299 3308 insidias
2329 3252 2665 3317 struendas,
2697 3257 2823 3307 tum
2856 3252 2956 3307 ubi
3012 3268 3082 3308 ex
3132 3253 3206 3308 iis
3252 3254 3310 3308 in
3343 3253 3543 3325 plures
3572 3270 3707 3310 cum

2052 3341 2258 3413 paucis
2288 3347 2646 3413 erumperet,
2675 3342 3053 3412 imperterriti
3080 3343 3200 3397 dux
3235 3342 3421 3398 animi
3452 3344 3710 3399 roboris-

2049 3445 2162 3500 que
2195 3428 2529 3501 perrupturi
2562 3429 2796 3500 quidvis
2828 3429 3188 3501 oppositum.
3238 3435 3391 3503 Ergo
3452 3430 3505 3486 is
3550 3448 3709 3487 nunc

2048 3534 2279 3589 quoque
2313 3535 2425 3575 non
2460 3518 2656 3590 palam
2697 3534 3012 3574 occurrens
3067 3534 3137 3573 ex
3183 3519 3455 3583 adverso,
3487 3520 3589 3575 sed
3636 3536 3703 3576 ex

2048 3605 2309 3662 latibulis
2365 3606 2681 3679 improviso
2747 3608 3004 3673 irruens,
3056 3606 3566 3679 inepinatissimat
3592 3610 3695 3665 illa

2045 3695 2242 3766 specie
2269 3695 2468 3766 copias
2516 3694 2737 3766 alioqui
2794 3696 2979 3751 bonas
3031 3700 3089 3751 et
3135 3696 3281 3752 satis
3351 3698 3702 3755 exercitatas

2047 3788 2201 3841 413
2231 3786 2420 3858 primo
2454 3785 2720 3856 perculit,
2756 3803 2891 3842 mox
2937 3786 3325 3859 impressione
3366 3789 3697 3846 vehementi

2048 3875 2282 3946 disjecit
2312 3876 2659 3947 stravitque,
2691 3874 2937 3947 gloriam
2987 3893 3096 3932 suo
3127 3878 3353 3933 nomini
3386 3879 3693 3936 maximam

2046 3964 2150 4019 tali
2182 3964 2434 4020 facinore
2465 3965 2734 4035 adeptus.
2765 3967 2840 4020 At
2870 3965 3097 4022 navalis
3133 3967 3427 4024 exercitus
3468 3969 3696 4026 univer-

2049 4070 2153 4108 sus
2182 4052 2521 4117 incolumis,
2565 4056 2783 4125 quippe
2829 4054 3140 4111 incruenta
3181 4055 3427 4114 victoria
3458 4060 3689 4130 potitus,

2044 4143 2289 4213 insuper
2339 4142 2545 4213 spoliis
2595 4136 2780 4208 dives,
2837 4142 3125 4198 Joannem
3176 4161 3310 4200 cum
3362 4147 3495 4202 suis
3543 4149 3683 4205 bello

2044 4236 2281 4302 captum
2318 4232 2557 4297 ducens,
2591 4232 2806 4302 gaudia
2837 4236 2895 4286 et
2933 4232 3326 4303 gratulatione
3371 4236 3592 4310 ingenti
3619 4240 3681 4295 ad

2039 4320 2451 4391 imperatorem
2482 4319 2671 4375 rediit.
2697 4322 2769 4375 At
2798 4320 3058 4380 Joannes
3086 4324 3324 4394 quidem
3356 4342 3491 4383 cum
3517 4328 3680 4384 sociis

2037 4409 2217 4463 vincti
2266 4408 2544 4464 custodiae
2611 4410 2971 4466 traduntur:
3049 4412 3232 4468 Icario
3277 4430 3418 4472 vero
3469 4433 3677 4472 merces

2039 4513 2225 4568 operai
2258 4496 2410 4553 bello
2443 4496 2689 4552 feliciter
2718 4503 2940 4554 navata:
2955 4506 3373 4572 repraesentata
3390 4504 3675 4576 estmagni

284 4596 597 4650 defunctus
629 4592 945 4646 videretur.
992 4591 1103 4645 Sed
1158 4590 1394 4645 fatalem
1444 4590 1648 4644 horam
1702 4606 1775 4644 no
1824 4590 1935 4645 ista
1967 4576 2010 4639 Β
2043 4585 2371 4642 conostauli
2403 4585 2691 4641 attributa
2737 4588 3037 4658 dignitate.
3087 4591 3207 4646 Sub
3266 4590 3393 4648 haec
3440 4593 3677 4665 populus

283 4683 522 4754 quidem
556 4680 924 4736 contentione
946 4684 1275 4750 conatuque
1299 4677 1817 4734 summot‘rustrari
1830 4683 1931 4733 aut

280 4770 511 4825 dilferre
543 4767 742 4823 infelix
764 4767 989 4839 potuit:
1023 4768 1164 4823 dum
1196 4767 1351 4821 enim
1383 4766 1679 4821 incautius
1708 4783 1926 4838 equum

284 4858 533 4931 impellit
576 4874 820 4913 securus
869 4856 1253 4921 anteriorum,
1310 4872 1343 4911 a
1398 4859 1561 4927 tergo
1609 4854 1799 4911 solum
1834 4854 1925 4910 in-

279 4965 488 5021 gruere
516 4946 842 5015 periculum
874 4946 1221 5001 existimans
1253 4960 1437 5015 eoque
1468 4943 1715 4999 sollicite
1741 4961 1931 5016 respe-

280 5043 471 5105 ctans,
522 5037 583 5091 in
629 5036 858 5091 obviam
927 5036 1191 5090 arborem
1265 5038 1389 5088 toto
1452 5033 1583 5103 equi
1634 5033 1925 5089 currentis

277 5127 498 5198 impetu
542 5128 834 5199 impactus
883 5125 1119 5196 dirupto
1178 5131 1406 5195 pectore
1454 5123 1724 5188 concidit,
1778 5140 1923 5193 equo

275 5215 458 5272 libero
490 5218 779 5272 abeunte:
833 5231 1024 5286 neque
1074 5214 1231 5268 enim
1279 5212 1481 5284 equiti,
1544 5213 1670 5267 diro
1701 5228 1839 5266 casu
1867 5217 1924 5267 et

273 5305 431 5361 letali
465 5307 702 5361 vulnere
733 5304 973 5371 afﬂicto,
1018 5303 1266 5359 vacabat
1315 5303 1386 5357 de
1433 5317 1582 5372 eque
1641 5301 1917 5371 cogitare.

274 5397 439 5452 Hunc
493 5402 685 5451 tamen
736 5411 887 5465 mgre
938 5392 1115 5463 aliqui
1167 5392 1401 5461 morati,
1471 5391 1821 5445 seminecem
1869 5391 1920 5446 ei

271 5485 653 5541 caballarium
675 5484 1019 5555 impositum
1042 5479 1522 5536 Thessalonicam
1547 5496 1681 5535 cum
1708 5478 1917 5551 depor-

269 5578 514 5639 tassent,
568 5590 701 5628 mox
749 5572 830 5626 ibi
885 5575 1183 5625 mortuum
1230 5568 1607 5640 sepelierunt.
1656 5569 1917 5627 Joannes

270 5661 501 5716 interim
531 5677 665 5716 cum
698 5662 824 5716 suis
856 5658 1044 5714 multa
1080 5659 1323 5731 impune
1375 5659 1526 5714 facta
1577 5663 1911 5718 nostrorum

2038 4675 2368 4731 Thebarum
2419 4678 2659 4730 fratrem
2706 4676 2948 4732 Joannis
3010 4677 3368 4736 Gulielmum
3411 4698 3674 4752 magnum

2038 4765 2347 4820 dominum
2379 4781 2481 4836 pro
2499 4781 2566 4821 eo
2597 4766 2923 4821 constituit.
2942 4766 3158 4823 Verum
3181 4772 3467 4827 Joannem
3490 4771 3674 4844 ipsum

2039 4855 2362 4927 imperator
2392 4855 2715 4912 honorilice
2744 4860 3087 4923 tractatum,
3119 4860 3359 4931 propria
3389 4862 3441 4917 ei
3482 4861 3594 4917 tilia
3623 4863 3673 4915 in

2037 4945 2345 5015 conjugem
2364 4944 2677 5016 promissa,
2711 4946 3153 5017 postfirmatum
3174 4949 3565 5021 jurejurando
3587 4952 3678 5006 {oa-

2037 5032 2148 5088 dus
2176 5032 2430 5089 liberum
2462 5033 2709 5104 dimisit,
2740 5039 2984 5090 nutante
3014 5036 3210 5093 adhuc
3253 5039 3514 5113 conjugii
3557 5055 3671 5112 spe,

2035 5124 2254 5195 quippe
2308 5139 2423 5178 non
2472 5121 2627 5177 ultra
2684 5128 2856 5194 pacta
2901 5128 2960 5180 et
3018 5125 3324 5196 sponsalia
3362 5130 3667 5200 progressi.

2033 5215 2314 5268 Caeterum
2341 5211 2674 5267 destinatus
2704 5228 2962 5284 sponsus
2986 5214 3166 5269 simul
3199 5216 3454 5288 patriam
3469 5217 3666 5289 attigit,

2032 5303 2236 5357 morbo
2281 5306 2583 5372 correptus
2633 5302 2800 5370 obiit,
2861 5318 3264 5361 successorem
3316 5307 3668 5380 principatus

2030 5391 2090 5446 in
2146 5391 2399 5446 solidum
2453 5391 2707 5447 universi
2757 5391 3099 5464 relinquens
3149 5393 3511 5452 Gulielmum
3561 5397 3663 5451 fra-

2027 5485 2175 5536 trem
2208 5497 2382 5551 quem
2407 5480 2682 5552 superius
2712 5481 2972 5537 diximus
3012 5482 3262 5540 Joannis
3308 5487 3471 5542 notbi
3500 5486 3661 5541 ﬁliam

2027 5570 2287 5639 duxisse,
2319 5568 2540 5640 quique
2569 5568 2702 5626 ideo
2730 5572 2919 5627 soceri
2964 5572 3236 5643 partibus
3284 5576 3556 5631 addictus
3580 5575 3661 5629 in-

2028 5662 2229 5718 tensus
2285 5660 2567 5717 Romanis
2624 5662 2890 5718 mansit:
2950 5680 3136 5735 quare
3190 5664 3406 5725 classis
3460 5669 3518 5724 in
3545 5667 3658 5738 ejus
