3912 6192
241 337 336 396 869
1259 333 1354 387 DE
1392 331 1767 386 MICHAELE
1804 328 2248 388 PALEOLOGO
2284 335 2417 390 LIB.
2459 337 2526 389 V.

3502 353 3610 412 870

244 460 322 518 καὶ
350 455 494 513 οὐδὲν
528 461 605 512 εἷα
633 454 828 524 ἀνῦειν,
886 455 1331 532 περιζωσαμένου
1386 453 1483 522 τὴν
1532 455 1630 506 τοῦ
1682 451 1845 526 μεγά-
1876 456 1930 522 Α
1965 449 2150 514 ἂλλως
2185 451 2368 529 λόγιον
2397 457 2486 510 καὶ
2537 457 2623 511 ἐπὶ
2679 463 2794 522 τοῖς
2851 462 3129 538 πράγμασι
3179 465 3465 545 τρίϐωνα,)
3497 475 3609 552 ἃμα

241 552 328 606 λου
356 545 536 608 δουκὸς
592 543 733 616 ἀξίαν
791 549 886 599 τοῦ
941 542 1178 616 Ἰκαρίου
1217 545 1303 598 καὶ
1336 543 1426 597 τὸν
1462 538 1656 597 στόλον
1687 539 1846 616 ἂγον-

235 660 336 701 τος.

231 802 323 870 κη’.
386 800 495 853 Ἔτι
557 795 624 851 τὰ
681 794 848 870 κατὰ-
887 795 978 870 τὸν
1059 792 1568 870 πᾳτριαρχεῦσαντα
1643 791 1843 868 Ἰωσὴφ

765 866 854 921 καὶ
912 867 1002 921 τὸν
1047 866 1272 922 Βέκκονέ

287 993 603 1070 ΤοῦἸωσήφ
654 989 710 1046 δὲ
766 992 1076 1064 καθημένου
1136 991 1188 1044 ἐν
1241 994 1310 1063 τῇ
1368 989 1504 1043 κατᾶ
1558 987 1649 1042 τὸν
1683 988 1842 1043 Ἀνά-

228 1081 378 1138 πλουν
413 1085 570 1154 μονῇ,
611 1080 768 1142 νόσος
819 1079 1154 1133 ἐπεισπίπτει
1200 1082 1279 1149 τῷ
1323 1078 1543 1151 Ἰωάννῃ
1575 1096 1841 1150 πατριαρ-

224 1176 392 1246 χοῦντι
423 1168 566 1240 δεινή
591 1190 603 1203 ’
635 1171 701 1238 ἦν
762 1167 808 1224 δ’
866 1168 1024 1230 αὐτὸς
1082 1169 1109 1222 6
1169 1168 1373 1228 Βέκκος
1400 1168 1427 1220 6
1459 1166 1548 1220 καὶ
1574 1166 1843 1237 προτερον

224 1257 564 1336 χαρτονρύλαξ.
618 1259 719 1315 Καὶ
779 1255 844 1327 δὴ
905 1256 1087 1313 πολλᾶ
1145 1257 1329 1320 παθὼν
1363 1255 1452 1310 καὶ
1487 1254 1842 1330 ρα³ισας,τοῖς

225 1351 406 1424 ἰατροῖς
435 1345 586 1417 δόξαν
645 1347 696 1400 ἐν
752 1344 966 1421 σχολῆς
1015 1345 1172 1418 τόπῳ
1228 1343 1580 1418 μετατεθέντα
1617 1343 1710 1396 τὸν
1742 1342 1841 1418 ἀρο

223 1437 503 1512 ῥωστοῦντα
548 1437 666 1490 κατ’
715 1433 858 1490 ἰδίαν
909 1433 1316 1509 θεραπεύεσθαι,
1371 1433 1445 1506 μή
1477 1433 1563 1486 καὶ
1599 1434 1634 1500 ἡ
1666 1431 1839 1506 ἀσχο-

222 1527 300 1582 λία
324 1521 503 1599 τρίϐην
561 1525 766 1599 ἐμποιῇ
823 1529 890 1598 τῇ
949 1525 1113 1597 νόσῳ,
1173 1523 1288 1578 ἐπεὶ
1345 1523 1435 1577 καὶ
1486 1520 1672 1597 ῥαΐσας
1702 1521 1838 1596 πρὸς

220 1621 286 1688 τῷ
313 1617 391 1670 καὶ
422 1614 573 1688 πόμα
625 1619 705 1690 [Ρ.
754 1617 882 1687 281]
938 1614 1262 1688 καθαρτικὸν
1317 1613 1712 1688 προσφέρεσθαι
1744 1613 1832 1679 ἦν,

222 1707 358 1774 ὁτῆς
387 1704 599 1778 Λαῦρας
647 1704 783 1779 πρὸς
829 1707 994 1758 ταῦτα
1040 1704 1207 1764 τόπος
1251 1701 1488 1771 ἐκρίνετο
1537 1704 1834 1776 χρήσιμος.

222 1797 257 1850 I'
294 1796 306 1813 ἵ
478 1794 492 1810 ‘
764 1791 803 1824 ’ἵ
909 1790 932 1810 Ν
969 1793 982 1808 \
1049 1814 1078 1827 '-
1117 1797 1177 1824 ν-
1311 1813 1360 1826 ρ-
1439 1798 1484 1822 ὐ
1638 1792 1675 1826 "
1723 1793 1733 1806 9

235 1809 308 1850 ta:
355 1795 382 1847 6
439 1813 532 1865 μεν
597 1792 848 1868 βασιλευς
906 1809 993 1847 οια
1061 1813 1213 1846 ..αυια
1267 1793 1690 1864 με,αθ;ιναιτοι
1743 1793 1838 1844 Ιω-

257 1884 268 1900 ι
365 1878 413 1902 Ῥ
464 1881 474 1897 ι
715 1881 728 1901 ρ
877 1883 889 1904 ,
1026 1881 1038 1900 ν
1197 1882 1211 1896 ε
1324 1884 1329 1894 ι
1547 1876 1571 1895 ν
1659 1878 1671 1892 ς
1813 1883 1833 1890 ι.

220 1905 309 1960 an?
360 1881 638 1950 εοουλετο,
701 1903 774 1943 ως
833 1903 934 1936 ουκ
991 1903 1251 1956 ευπρεπες
1305 1881 1493 1942 αλλως
1545 1903 1601 1934 ον
1654 1901 1705 1933 εν
1739 1900 1837 1951 μιᾳ

219 1976 340 2044 μονῇ
390 1966 684 2044 διατρίϐειν
743 1972 834 2025 τόν
885 1993 940 2026 τε
1000 1972 1162 2046 ἀργὸν
1219 1969 1278 2024 ἐκ
1324 1966 1692 2045 πατριαρχίας
1747 1966 1835 2022 καὶ

217 2058 413 2132 τόνῆδη
456 2059 947 2136 πατριαρχεῦοντα.
1009 2059 1162 2116 Ἀλλ’
1223 2061 1250 2112 6
1305 2058 1552 2127 Ἰωάννης
1597 2060 1707 2130 ἅμα
1742 2056 1833 2129 μὶν

215 2148 350 2212 εῗδὼς
377 2151 437 2205 τὸ
487 2155 591 2204 τοῦ
647 2151 844 2227 Ἰωσὴφ
903 2148 1115 2224 ἱλαρὸν,
1169 2149 1256 2203 καὶ
1299 2150 1371 2210 ὡς
1432 2148 1593 2202 αὐτοῦ
1642 2143 1838 2221 σχεδὸν

211 2239 573 2316 ψηφισαμένου
639 2237 840 2300 ἐκεῖνος
902 2239 968 2293 τὰ
1033 2235 1280 2309 πηδάλια
1340 2245 1441 2305 τῆς
1509 2234 1838 2305 Ἐκκλησίας

213 2324 455 2400 ἐλάμϐανε
483 2328 608 2398 (καὶ
640 2327 744 2402 γὰρ
800 2328 897 2396 τήν
958 2327 1048 2381 ἀπ’
1107 2327 1312 2380 ἐκείνου
1363 2324 1568 2400 βουλὴν
1606 2322 1779 2387 οέλων
1811 2323 1838 2376 6

212 2422 395 2490 κρατῶν
481 2411 790 2489 λαμϐάνειν
871 2416 994 2492 περὶ
1069 2416 1366 2491 προσώπου
1435 2412 1838 2482 διεπυνθάνετο,

209 2509 424 2568 κάκεῖνος
477 2510 679 2562 τοῦτον
736 2507 880 2581 παρᾶ
936 2505 1064 2567 τοὺς
1119 2503 1364 2566 πολλοὺς
1424 2501 1700 2580 ἐξελέγετο
1762 2502 1839 2563 ὡς

211 2731 395 2780 terram
453 2723 782 2797 quotannis
830 2723 1057 2779 invecta
1104 2738 1232 2777 eam
1278 2721 1564 2788 vastabat,
1611 2717 1844 2774 damnis

215 2812 447 2869 alliciens
504 2813 886 2885 ingentibus;
936 2829 1039 2868 nec
1083 2810 1372 2867 Gulielmo
1405 2811 1659 2881 spatium
1695 2825 1831 2880 pro-

213 2920 355 2975 spere
384 2903 711 2975 quidquam
745 2902 951 2975 agendi
1003 2918 1068 2957 ac
1117 2919 1188 2957 ne
1238 2899 1561 2972 respirandi
1596 2899 1831 2970 qmdem

216 2992 365 3046 dabat
403 2991 598 3046 hostis
631 2991 682 3046 ei
711 2991 1016 3063 oppositus
1061 2989 1312 3062 impiger
1362 2989 1601 3054 Icarius,
1632 2987 1831 3058 magni

213 3081 313 3149 iam
341 3081 507 3137 ducis
541 3083 823 3152 potestate
853 3080 1100 3135 classem
1134 3082 1402 3134 ductans.

267 3224 346 3279 28.
377 3226 586 3281 Rursus
613 3222 678 3278 de
706 3223 1097 3295 expatrz'archa
1134 3221 1359 3293 Josepho
1390 3229 1440 3277 et
1471 3221 1537 3276 de
1571 3225 1759 3277 Vecco.

264 3349 594 3406 Diversante
626 3366 813 3421 porro,
844 3352 909 3404 ut
941 3348 1160 3404 dictum
1195 3351 1299 3418 est,
1332 3347 1586 3419 Josepho
1621 3347 1675 3402 in
1707 3364 1836 3401 mo—

211 3439 438 3495 nasterio
473 3438 551 3493 ad
581 3437 872 3509 Anaplum
924 3439 1060 3501 sito,
1095 3438 1295 3492 morbo
1327 3437 1641 3508 corripitur
1672 3437 1830 3508 gravi

207 3525 435 3584 Joannes
497 3526 851 3599 patriarcha,
893 3526 1115 3581 Veccus
1171 3526 1473 3596 nimirum,
1525 3526 1679 3580 idem
1732 3527 1833 3597 qui

212 3615 606 3689 cbartophylax
635 3617 796 3687 prius
818 3616 1022 3671 fuerat.
1050 3616 1153 3671 Per
1173 3631 1303 3670 eum
1328 3616 1672 3687 languorem
1698 3633 1831 3670 cum

210 3705 374 3761 multa
400 3706 493 3762 vel
529 3707 687 3761 414
716 3723 748 3759 a
778 3705 930 3760 malo
962 3706 1088 3776 ipso
1120 3705 1207 3759 vel
1241 3722 1273 3759 a
1304 3705 1577 3760 remediis
1622 3722 1834 3775 passus

213 3795 539 3852 meliuscule
579 3797 706 3865 jam
761 3795 972 3850 habere
1023 3795 1334 3864 videretur,
1369 3796 1612 3850 medicis
1643 3795 1832 3850 visum

212 3887 491 3942 transferri
525 3902 742 3958 aegrum
777 3889 1039 3956 oportere
1071 3885 1126 3939 in
1151 3886 1454 3941 seductum
1484 3902 1515 3939 a
1538 3885 1712 3940 turba
1735 3902 1832 3940 ne-

210 3976 478 4043 gotiorum
505 3974 721 4041 locum,
749 3974 846 4029 ubi
879 3975 1065 4029 curari
1102 3991 1202 4045 per
1233 3975 1414 4028 otium
1450 3973 1834 4045 posset,nulla

206 4061 597 4136 interpellante
654 4063 923 4119 molestia
981 4063 1452 4135 quotidianarum
1507 4064 1835 4134 occupatio-

210 4169 352 4208 num.
375 4157 759 4208 Decreverant
788 4157 983 4208 autem
1010 4152 1067 4208 in
1093 4153 1203 4207 ista
1223 4151 1273 4207 ei
1297 4152 1490 4223 quiete
1524 4151 1832 4222 propinare

205 4243 499 4314 purgantia
531 4241 800 4313 quaedam
833 4241 1170 4312 pharmaca,
1197 4241 1388 4296 morbi
1417 4241 1686 4295 videlicet
1707 4241 1834 4296 reli-

205 4331 356 4401 quias
388 4336 443 4386 et
472 4331 678 4387 noxios
726 4330 1005 4386 humores
1035 4331 1163 4401 ejus
1196 4347 1402 4385 causas
1437 4331 1704 4385 funditus
1733 4347 1830 4384 ex-

201 4417 487 4476 haustura.
523 4424 799 4477 Secessus
831 4437 1002 4491 porro
1034 4421 1104 4474 ad
1133 4436 1260 4475 eam
1307 4437 1428 4475 rem
1484 4420 1830 4491 aptissimus

202 4507 375 4565 Laura
395 4511 714 4582 putabatur
729 4511 931 4564 eadem
958 4508 1056 4562 illa
1079 4509 1175 4563 ubi
1201 4509 1450 4580 degebat
1473 4511 1567 4579 qui
1594 4511 1832 4580 patriar-

201 4597 296 4654 cha
349 4599 536 4655 fuerat
583 4599 892 4670 Iosephus,
927 4613 1098 4668 quem
1149 4597 1277 4651 ideo
1328 4598 1645 4668 imperator
1688 4598 1826 4652 alibi

198 4688 464 4744 collocare
493 4687 965 4753 statuerat,haud
987 4692 1444 4742 consentaneum
1478 4688 1823 4742 existimans

198 4777 386 4832 eodem
446 4777 727 4850 hospitari
785 4775 1079 4832 domicilio
1127 4776 1489 4831 decessorem
1523 4791 1822 4831 successo-

197 4881 425 4936 remque
453 4866 902 4939 patriarchatus.
932 4865 1139 4920 Verum
1173 4864 1429 4919 Joannes
1463 4865 1639 4920 simul
1674 4882 1826 4920 com-

195 4959 408 5022 pertam
438 4955 658 5011 habens
689 4970 912 5010 comem
953 4954 1320 5025 hilaremque
1367 4954 1600 5025 Josephi
1654 4955 1822 5009 indo-

193 5041 499 5110 lem,simul
522 5044 793 5101 conscius
817 5044 944 5116 ipso
967 5048 1193 5099 tantum
1219 5060 1332 5098 non
1348 5043 1501 5098 clare
1515 5044 1824 5115 palamque

194 5133 532 5206 suffragante
565 5151 694 5190 sese
722 5150 908 5204 nuper
931 5134 1001 5188 ad
1024 5131 1295 5188 Ecclesiae
1327 5134 1508 5187 fuisse
1539 5133 1824 5204 guberna-

191 5219 313 5276 cula
344 5223 929 5293 promotum(etenim
962 5221 1201 5294 Josephi
1236 5222 1582 5278 sententiam
1603 5221 1671 5276 de
1691 5238 1821 5276 suc-

191 5323 411 5366 cessore
465 5313 660 5368 volens
722 5313 1038 5383 imperator
1092 5311 1412 5383 explorare,
1446 5310 1824 5364 consuluerat

189 5415 312 5454 cum
347 5403 416 5456 de
444 5419 691 5474 persona
723 5417 898 5472 quam
933 5400 983 5456 ei
1018 5401 1246 5456 muneri
1281 5405 1478 5472 aptam
1502 5399 1816 5471 judicaret;

186 5494 236 5543 et
265 5489 548 5562 Josephus
579 5490 834 5546 Veccum
881 5509 1000 5562 prre
1051 5491 1248 5545 multis
1280 5491 1349 5545 ad
1385 5491 1440 5544 id
1477 5491 1728 5562 elegerat
1761 5501 1821 5544 ut

187 5581 239 5630 et
264 5577 472 5650 alioqui
494 5582 783 5636 disertum
803 5597 868 5635 ac
886 5580 1428 5652 doctum,practerea
1450 5581 1816 5651 negotiorum

183 5667 676 5727 administratione
734 5670 958 5740 tritum,
1011 5670 1267 5742 denique
1327 5676 1534 5741 praeter
1590 5674 1816 5736 caztcra,

1963 539 2056 612 μὲν
2119 539 2212 594 οὖν
2270 541 2360 597 διὰ
2405 550 2590 617 ταῦτα,
2652 547 2764 620 ἅμα
2823 547 2879 604 δὲ
2935 556 3024 608 καὶ
3073 561 3153 628 τῷ
3209 558 3308 625 τῆς
3351 539 3608 639 σφετέέας

1954 629 2184 705 γνώμης
2227 633 2493 687 πιστεύων
2547 635 2826 711 εἷρηνικῷ,
2891 639 3188 700 διεκώλυσε
3239 648 3332 719 μὲν
3365 619 3456 704 τ’ὸν
3491 619 3606 709 ’ἰω-

1955 719 2063 794 σὴφ
2129 721 2532 793 μετατίθεσθαι,
2591 725 2733 780 οὕτω
2793 725 2838 781 δ’
2892 727 3044 794 ὄντος
3102 733 3274 790 ἐκεῖσε
3325 738 3611 802 καῖαὐτὸς

1952 811 2019 880 τῇ
2058 812 2198 882 μονῇ
2234 807 2480 883 ἐνδημεῖ,
2513 814 2601 866 καὶ
2633 815 2698 883 ἦν
2758 817 2818 870 τὸ
2862 817 2965 873 ἀπὸ
3014 821 3172 876 τοῦδε
3201 825 3290 878 καὶ
3323 848 3608 901 προσαπο-

1957 896 2198 952 στέλλων
2232 901 2368 970 πρὸς
2421 902 2640 980 Ἰωσὴφ,
2702 905 2790 958 καὶ
2849 908 2942 969 τὰς
3003 910 3092 964 ἀπ’
3143 912 3346 968 ἐκείνου
3375 919 3605 994 ἀποκρί-

1956 1008 2064 1048 σεις
2114 986 2465 1065 φιλοφρόνως
2519 994 2608 1045 καὶ
2666 996 2799 1065 μετᾶ
2857 1002 3184 1071 προσηνεέας
3233 1004 3410 1075 πάσης
3445 1006 3609 1082 6276'-

1956 1097 2136 1148 μενος.
2206 1081 2303 1133 Ἢν
2364 1080 2459 1153 γὸρ
2521 1082 2548 1134 6
2589 1082 2752 1156 ἀνὴρ
2813 1084 3014 1150 ἐκεῖνος
3071 1090 3344 1162 εἷρτωκός
3399 1117 3456 1150 τε
3515 1097 3607 1151 καὶ

1951 1163 2166 1238 ἱλαρὸς,
2234 1167 2323 1221 καὶ
2381 1174 2638 1224 τοσοῦτον
2708 1176 2776 1245 τῇ
2842 1182 2942 1243 τῆς
3013 1179 3338 1249 Ἑκκλησῖας
3413 1187 3600 1260 πράξει

1952 1255 2234 1329 ἀπήχθετο
2267 1256 2404 1310 ὥστε
2439 1257 2566 1330 μηδ’
2617 1260 2964 1336 αἰσχύνεσθαι
3012 1264 3282 1330 πολλάκις
3315 1255 3603 1342 ὁμολτονεῖν

1948 1343 2039 1397 τὸν
2077 1343 2236 1420 ὅρκον
2265 1345 2507 1421 γενέσθαι
2539 1347 2807 1422 κωλύμην
2864 1357 2959 1405 τοῦ
2991 1354 3080 1408 καὶ
3112 1355 3269 1410 αὐτὸν
3306 1357 3355 1411 ἐν
3383 1361 3598 1424 τούτοις

1952 1434 2106 1500 εἶναι,
2139 1433 2252 1488 ἐπεὶ
2311 1434 2478 1490 πλέον
2536 1439 2634 1492 οὐκ
2686 1441 2752 1508 ἦν
2807 1441 3052 1516 γενέσθαι
3082 1449 3190 1498 τῶν
3225 1448 3602 1522 πραχθέντων,

1951 1521 2023 1581 ὡς
2084 1519 2480 1596 ὑπελάμϐανεν.
2540 1528 2628 1582 Ἐν
2706 1530 2925 1592 τούτοις
2996 1529 3197 1606 διοίγων
3262 1537 3289 1590 ὁ
3349 1538 3604 1607 Ἰωάννης

2115 1613 2125 1628 ε
2205 1613 2218 1628 ς
2515 1615 2522 1626 ι
2702 1617 2714 1632 .
2804 1619 2817 1628 ς
2875 1625 2897 1634 -

1949 1609 2135 1665 πολλα
2165 1633 2260 1684 μεν
2301 1634 2620 1688 γρ-αμματια
2673 1639 2748 1679 εις
2806 1620 2994 1695 Αειρας
3048 1622 3163 1696 εἶχε
3218 1621 3537 1697 λαμϐάνων,
3572 1628 3602 1681 ἃ

1953 1697 2018 1769 δὴ
2052 1701 2140 1754 καὶ
2173 1703 2224 1754 οἱ
2282 1704 2602 1777 σχιζόμενοι
2661 1705 2948 1780 ἐξετίθουν,
3009 1708 3311 1776 δεικνύντες
3343 1717 3439 1784 τὴν
3474 1723 3609 1791 πρᾶ-

1951 1789 2024 1858 ξιν
2077 1789 2150 1850 ὡς
2207 1789 2475 1866 σφαλερὰν
2532 1793 2618 1847 καὶ
2678 1801 2809 1849 Θεοῦ
2865 1797 3053 1872 πόρρω
3118 1799 3451 1874 βάλλουσαν,
3490 1789 3602 1877 ἅμα

1949 1876 2004 1932 δὲ
2033 1879 2120 1932 καὶ
2152 1879 2279 1940 τοὺς
2314 1881 2555 1944 Ἰταλοὺς
2609 1884 2834 1959 ἐνόχους
2885 1886 3150 1962 αἱρέσεσιν
3205 1892 3269 1944 οὐ
3324 1913 3601 1948 συνεσκια-

1949 1968 2170 2039 σμέναις
2230 1968 2416 2032 Ξὶλλως
2472 1972 2560 2024 καὶ
2616 1969 2972 2048 ἀμφιϐόλοις,
3033 1977 3160 2032 ἀλλ’
3217 1980 3471 2056 ἐμφανέσι
3512 1981 3601 2036 καὶ

1950 2053 2255 2131 λαμπραῖς.
2292 2059 2459 2133 Εἶχον
2522 2057 2577 2114 δὲ
2634 2061 2722 2114 καὶ
2777 2062 2882 2116 ἀπὸ
2935 2071 3157 2142 Γρασριῖνθ
3211 2069 3282 2129 ὡς
3319 2067 3476 2136 δῆθεν
3511 2070 3598 2132 τὰς

1952 2143 2266 2218 ὑποδείξεις,
2303 2150 2362 2210 ἅς
2411 2151 2496 2202 καὶ
2557 2152 2990 2224 κατεστρώννυον
3051 2157 3456 2231 συνεγέστερον,
3507 2161 3601 2213 κᾶν

1949 2234 2053 2288 πο3
2112 2257 2164 2289 τι
2217 2237 2304 2289 καὶ
2367 2237 2538 2312 ἁγίοις
2600 2237 2804 2314 ἐρῥῆθη
2859 2240 3254 2314 οεληματικὸν,
3306 2245 3448 2301 εἴποι
3495 2269 3599 2312 τις,

1949 2323 2039 2376 καὶ
2071 2325 2299 2401 τὸὲκατὸι
2356 2333 2490 2400 σφᾶς
2547 2330 2807 2403 παρισταν
2872 2328 3049 2401 ἰδίως,
3098 2333 3171 2395 ὡς
3218 2334 3343 2410 περί
3374 2336 3599 2409 εἰρήνης

1952 2415 2066 2466 οἷον
2102 2413 2176 2472 ὡς
2206 2414 2540 2488 εἰρηνευτέον
2607 2417 2698 2489 μὲν
2763 2417 2900 2473 ὅπου
2962 2422 3038 2493 μὴ
3070 2423 3198 2476 θεὸν
3233 2424 3601 2498 ζημιούμεθα,

1950 2502 2040 2555 καὶ
2073 2501 2171 2557 πο)
2189 2505 2420 2576 εμητέον
2481 2506 2634 2570 αὖθις
2692 2507 2828 2563 ὅπου
2890 2513 3218 2582 ζημιοῦσθαι
3251 2513 3380 2568 Θεὸν
3413 2512 3607 2569 κινδυ-

1955 2718 2111 2788 quod
2144 2720 2271 2790 ejus
2297 2722 2611 2793 tranquillo
2633 2728 2689 2779 et
2711 2725 2976 2782 studioso
2999 2729 3160 2798 pacis
3192 2728 3424 2802 ingenio
3457 2748 3606 2786 con-

1944 2808 2344 2877 ﬁderet),hzec,
2362 2812 2624 2883 inquam,
2639 2814 2897 2871 Joannes
2913 2822 3193 2887 reputans
3208 2819 3565 2891 obstititquo
3584 2849 3597 2860 -

1945 2896 2142 2952 minus
2174 2899 2306 2954 inde
2337 2900 2631 2972 Josephus
2651 2909 3036 2961 amoveretur.
3055 2905 3160 2962 Illo
3177 2907 3360 2979 igitur
3382 2909 3600 2964 ibidem

1944 2993 2346 3060 permanente,
2409 2991 2610 3045 eodem
2682 2998 2738 3047 et
2793 2994 2914 3065 ipse
2974 2995 3226 3065 divertit,
3287 2997 3594 3053 missitans

1944 3075 2194 3131 subinde
2225 3078 2519 3134 ofﬁciosas
2553 3081 2624 3134 ad
2658 3098 2790 3136 eum
2835 3082 3238 3153 salutationes,
3271 3091 3328 3140 et
3358 3091 3600 3142 mutuas

1948 3165 2020 3218 ab
2041 3164 2166 3236 ipso
2190 3167 2479 3222 comitatis
2509 3169 2950 3226 humanissima:
2975 3173 3435 3243 significationes
3453 3177 3599 3230 reci-

1951 3253 2280 3324 piens.Erat
2300 3256 2457 3310 enim
2480 3257 2775 3329 Josephus
2798 3260 2938 3315 adeo
2963 3262 3218 3332 pacifica:
3239 3263 3601 3336 placidaque

1948 3347 2190 3407 naturze,
2225 3350 2287 3399 ut
2317 3361 2383 3399 eo
2423 3347 2578 3417 quod
2627 3347 2909 3404 hactenus
2966 3349 3223 3405 Ecclesia
3270 3362 3466 3424 egerat
3523 3355 3596 3408 ad

1947 3449 2142 3504 pacein
2206 3434 2458 3489 oblatam
2521 3435 2963 3492 disturbandam
3024 3439 3437 3510 otl‘enderetur,
3493 3459 3598 3498 nec

1944 3523 2166 3577 veritus
2200 3523 2408 3578 fuisset
2439 3525 2607 3580 fateri
2639 3526 2853 3597 smpius
2885 3543 2967 3593 se,
3006 3527 3115 3582 nisi
3152 3536 3597 3602 praeoccupatus

1939 3613 2260 3682 juramcnti
2291 3630 2324 3666 a
2356 3631 2417 3668 se
2467 3614 2659 3684 palam
2720 3615 2857 3670 editi
2918 3616 3200 3688 religione
3257 3619 3486 3688 fuisset,
3519 3621 3588 3675 ad

1945 3701 2143 3755 omnia
2202 3702 2380 3757 fuisse
2440 3721 2820 3758 assensurum
2856 3721 2868 3760 :
2904 3723 3009 3760 nec
3067 3707 3223 3761 enim
3274 3710 3423 3764 4l5
3469 3710 3592 3779 jam

1945 3791 2360 3860 suspicabatur
2419 3793 2574 3862 quod
2633 3799 2802 3847 antea
2858 3795 3156 3861 timuerat,
3194 3813 3310 3850 rem
3349 3797 3597 3853 ulterius

1947 3897 2352 3950 processuram
2407 3899 2581 3952 quam
2634 3899 2749 3952 quo
2795 3887 2950 3936 esset
2996 3883 3276 3939 hactenus
3307 3893 3596 3955 promota.

1944 3970 2022 4023 Eo
2047 3968 2226 4039 igitur
2257 3969 2510 4040 hospitio
2539 3971 2794 4025 Joannes
2827 3978 3020 4037 utens,
3046 3971 3260 4026 multos
3293 3974 3347 4027 in
3381 3963 3594 4031 manus

1943 4059 2199 4129 sumpsit
2227 4057 2485 4129 legitque
2512 4059 2738 4114 libellos
2767 4060 2837 4114 ab
2866 4060 2934 4113 iis
2962 4061 3318 4131 compositos
3341 4065 3439 4132 qui
3466 4081 3596 4134 per—

1943 4147 2285 4202 severabant
2317 4147 2375 4200 in
2409 4148 2764 4216 schismate;
2813 4166 3065 4219 quorum
3098 4160 3464 4223 eratscopus
3495 4171 3594 4209 os-

1943 4239 2175 4293 tendere
2208 4244 2549 4310 suspectum
2585 4240 2690 4294 hoc
2723 4245 2907 4295 totum
2938 4240 3095 4311 pacis
3120 4242 3414 4312 negotium
3442 4261 3595 4313 esse,

1945 4329 2224 4399 longeque
2256 4346 2288 4382 a
2321 4333 2431 4383 Deo
2486 4345 2552 4383 ac
2583 4346 2716 4384 vera
2771 4330 3046 4398 religione
3096 4349 3201 4386 nos
3249 4334 3593 4400 abduccns;

1942 4423 2220 4488 presteres
2269 4418 2442 4472 Italos
2490 4419 2783 4474 hareseon
2839 4420 3023 4474 teneri
3075 4437 3226 4489 reos,
3269 4438 3593 4494 earumque

1941 4525 2055 4562 non
2087 4508 2443 4562 occultarum
2481 4512 2582 4562 aut
2612 4508 2732 4563 ullo
2761 4509 2932 4563 modo
2965 4509 3306 4579 dubiarum,
3335 4515 3434 4567 sed
3470 4513 3592 4567 evi-

1862 4581 1904 4646 D
1939 4597 2202 4652 dentium
2236 4602 2292 4650 et
2324 4596 2646 4652 meridiana
2679 4597 2940 4652 claritate
2989 4605 3441 4670 compertarum.
3477 4603 3592 4658 Ta-

1933 4685 2077 4740 lium
2102 4690 2462 4740 assertorum
2498 4687 2851 4742 documenta
2882 4705 2943 4743 se
2975 4688 3187 4744 habere
3218 4690 3441 4746 scilicet
3472 4693 3592 4746 aie-

1933 4776 2076 4830 bant
2134 4775 2449 4831 manifesta
2497 4775 2782 4847 planeque
2814 4778 3218 4834 convincentia
3252 4781 3592 4836 testimonia

1935 4867 2290 4936 scriptorum
2324 4863 2824 4933 authenticorum,
2860 4883 2990 4938 quae
3018 4871 3075 4922 et
3101 4868 3416 4924 ambitiose
3447 4886 3588 4924 con-

1937 4959 2193 5009 texentes
2226 4953 2616 5024 proferebant.
2643 4957 2721 5010 Ac
2753 4956 2802 5008 si
2834 4957 2989 5026 quod
3026 4962 3361 5012 sanctorum
3395 4974 3588 5012 asser-

1936 5049 2061 5098 tum
2097 5043 2155 5096 in
2189 5043 2547 5098 contrarium
2599 5050 3012 5116 opponeretur,
3048 5045 3302 5116 primum
3337 5044 3585 5114 excipie-

1933 5134 2076 5188 bant
2106 5132 2504 5200 arbitrarium,
2535 5137 2599 5187 ut
2650 5133 2782 5205 quis
2815 5135 3047 5199 dixerit,
3082 5135 3140 5188 id
3175 5151 3324 5198 esse,
3359 5134 3465 5188 hoc
3496 5137 3584 5186 est

1936 5239 2038 5294 pro
2072 5223 2195 5277 sola
2239 5221 2537 5276 voluntate
2588 5223 2715 5293 paci
2762 5223 3128 5276 studentium
3157 5223 3227 5276 ad
3264 5219 3582 5276 concordiae

1935 5313 2138 5368 oblatae
2173 5312 2710 5381 comprobationem
2744 5312 3193 5366 accommodari.
3216 5309 3431 5364 Deinde
3450 5323 3585 5360 con-

1933 5402 2218 5456 cedebant
2275 5401 2602 5454 faciendam
2661 5414 2800 5453 sane
2861 5414 3078 5468 pacem,
3111 5398 3209 5451 sed
3262 5400 3399 5448 tunc
3451 5397 3578 5446 tan-

1933 5497 2082 5557 tum,
2117 5490 2348 5559 quando
2385 5506 2499 5543 non
2533 5489 2859 5556 exigeretur
2887 5501 3211 5540 consensus
3248 5484 3303 5535 in
3357 5481 3412 5535 id
3465 5496 3580 5547 quo

1935 5583 2113 5636 Deum
2146 5579 2358 5634 offendi
2391 5581 2685 5633 constaret
2717 5591 2731 5632 :
2766 5591 2950 5644 neque
3000 5574 3154 5627 enim
3213 5571 3304 5625 Dei
3348 5571 3580 5638 jactura

1929 5671 2077 5724 bene
2107 5667 2598 5739 tranquillitatem
2646 5665 2803 5730 emi;
2867 5663 3168 5731 satiusque
3212 5657 3398 5714 multo
3450 5673 3580 5715 esse
