3912 6192
364 257 471 313 371
1664 235 1966 293 GEORGII
2002 235 2464 301 nomen
3579 246 3661 303 872

364 383 611 457 νεόομεν,
640 376 790 433 ταῦτ’
817 373 1012 430 ἐκεῖνοι
1042 368 1178 446 πρὸς
1237 367 1299 421 τὸ
1349 361 1791 438 καθολικώτερον
1828 379 2001 433 μετα-
2034 365 2092 433 Α
2119 381 2210 436 γεν
2268 361 2473 426 ἐκεῖνος
2522 363 2666 437 τότε,
2729 362 2825 427 τὰς
2879 367 2989 421 τῶν
3058 364 3367 441 σχιζομένων
3427 362 3664 441 λαμϐάνων

367 449 638 551 φρένες,
695 464 785 518 καὶ
842 459 989 517 ἄλλα
1044 456 1274 513 πλεῖστα
1328 457 1556 512 τοιαῦτα
1609 449 2012 527 παρενείροντες
2114 449 2215 505 ἀνὰ
2270 456 2460 529 χεῖρας
2515 454 2751 532 γραφὰς,
2809 455 2895 517 αῖς
2953 452 3097 510 πολὺ
3152 453 3209 509 τδ
3260 455 3427 531 ςαθρὸν
3463 455 3665 532 ἐχούσαις

363 538 482 619 ταῖς
540 558 687 633 σφῶν
767 554 1125 629 σιργγραφαῖς,
1185 545 1461 619 παρίστων
1516 544 1615 611 τήν
1673 540 1864 618 πρᾶξιν
1933 540 2006 601 ὡς
2116 538 2200 595 ἐπὶ
2235 540 2379 597 πολὺ
2412 545 2496 605 οἷς
2550 540 2740 618 ἔλεγον
2799 540 3058 599 ἐϐούλετο
3116 543 3204 615 μὲν
3254 543 3529 620 ἀντιλέγειν,
3555 546 3666 603 ἐπεί.

364 628 654 720 σφαλερᾶν.
706 628 821 698 Ἦν
868 638 924 694 δὲ
973 640 1036 694 τὸ
1093 638 1360 711 ἑπόμενον
1417 632 1466 706 ἐξ
1516 632 1757 707 ἀνάγκης
1786 628 2008 707 γράψειν
2117 648 2248 706 χετο
2308 629 2385 703 δὲ,
2443 628 2539 687 κᾶν
2589 630 2751 697 τέλος
2804 633 2904 700 τήν
2960 637 3146 705 πεῖραν
3179 631 3235 687 οὐ
3265 630 3443 708 διέδρα,
3492 632 3588 698 ὅθεν
3611 635 3663 706 δὴ

360 718 606 791 κᾶκεῖνον
659 733 749 787 καὶ
805 730 1196 804 ἀπολογεῖσθαι
1252 726 1333 803 ἐφ’
1389 722 1597 794 ἑκάστῳ
1626 725 1732 776 τῶν
1772 718 2010 794 λεγομέ-
2111 719 2201 774 καὶ
2256 720 2496 783 πολλοῖς
2553 722 2983 795 περιπεπιτώκει
3036 726 3149 783 τοῖς
3202 720 3462 796 χαλεποῖς.
3507 728 3614 778 Τοτε
3635 722 3670 779 δ’

357 845 486 880 νων.
519 820 673 879 Ἀλλ’
709 818 870 880 εἷὸὼς
903 818 1161 891 αἰρόμεναι
1191 811 1466 868 σκάνδαλα
1499 811 1570 871 ὡς
1611 806 1793 884 λόγων
1824 806 2010 883 λόγοις
2116 807 2198 885 ἐφ’
2227 809 2463 885 ἡμέραις
2512 812 2580 883 τῇ
2635 808 2823 884 Λαύρᾳ
2869 811 3334 885 προσκαρτερήσας
3359 808 3437 864 καὶ
3476 816 3671 885 καθιρῶς

362 913 720 989 μαχομένων,
752 908 803 979 ἐξ
846 910 918 961 ὧν
971 905 1071 961 οὐκ
1120 898 1231 958 ἔστι
1276 898 1677 974 διαδιδράσκειν
1708 898 1743 966 ἢ
1780 894 1938 951 οὖσαν
1971 896 2007 964 ἢ
2117 898 2336 975 ὑγιάνας
2411 898 2488 959 εἷς
2574 899 3145 955 Κωνσταντινούπολιν
3216 900 3546 978 έπανέστρεφε,
3614 905 3673 973 τῷ

358 986 621 1058 δοκοῦσαν
655 996 992 1073 κατηγορίαν
1034 994 1122 1049 ἐπὶ
1154 986 1455 1066 παραϐάσει
1485 992 1591 1042 τῶν
1625 986 1888 1060 μειζόνων
1919 986 2010 1041 τὸν
2113 989 2318 1062 Ἰωσὴφ
2353 988 2471 1061 μεθ’
2499 986 2829 1064 ἱλαρότητος
2856 988 3260 1063 συνταξάμενος.

355 1094 648 1172 γράφοντα,
682 1088 865 1163 ἔμενεν
894 1089 1137 1163 ἡρεμων.
1171 1083 1275 1141 Καὶ
1322 1103 1385 1157 γε
1415 1085 1493 1153 τῷ
1522 1077 1819 1156 Ξιιριλίνῳ,
1852 1074 2008 1152 ἀνδρὶ

360 1162 578 1260 ἱεράρῷ
607 1181 694 1235 καὶ
718 1162 955 1253 μεγάλῳ
986 1174 1263 1246 οἰκονόμῳ
1281 1178 1381 1241 τῆς
1409 1162 1895 1260 Ἐκγλτ,σίας.ὄντι,

375 1253 385 1260 ·
430 1253 436 1257 ·
499 1253 508 1257 “
853 1271 874 1281 ..
1029 1264 1044 1281 ς
1084 1260 1111 1282 ἰ
1260 1261 1274 1279 \
1415 1259 1424 1275 '
1665 1256 1681 1273 ‘
1751 1253 1772 1287 ξ’
1836 1254 1850 1271 ’
2240 1255 2253 1273 ’
2694 1258 2708 1275 ⁹
2858 1262 2881 1273 "'
3072 1262 3098 1273 ~
3252 1255 3276 1278 "
3457 1257 3470 1275 ‘
3527 1258 3539 1273 “
3591 1258 3602 1280 ’

356 1274 484 1345 282]
515 1271 940 1341 καθυπισχνειτο
977 1285 1052 1335 μη
1084 1283 1143 1316 αν
1186 1282 1277 1315 και
1326 1261 1528 1334 γραψαι
1560 1276 1691 1310 ποτε
1723 1276 1796 1316 ες
1826 1253 2009 1331 αντίρ-
2182 1257 2298 1312 Ουκ
2326 1253 2454 1324 me
2483 1276 2631 1318 τινας
2680 1278 2908 1331 ηρεμειν
2956 1255 3211 1329 έντευθεν,
3241 1278 3369 1312 ωστε
3394 1277 3474 1311 και
3494 1278 3569 1311 τον
3607 1258 3680 1313 Im-

361 1336 520 1436 ῥησῖν
554 1336 825 1426 δηθεν,”‹‹
880 1354 972 1421 Μή
1034 1349 1298 1423 δόξωμεν,
1360 1346 1517 1424 φησὶ,
1573 1350 1689 1406 τοῖς
1737 1344 2012 1416 κειμένοις
2114 1345 2224 1422 erit?
2272 1342 2444 1421 ἐκεῖσε
2497 1346 2807 1419 καθήμενον
2866 1346 3247 1418 ἀναπαύεσθαι,
3299 1336 3416 1401 ἀλλ’
3468 1348 3677 1420 ὁσημέραι

361 1432 855 1523 εταρεγχειροῦντες
908 1439 1005 1496 κᾶν
1065 1442 1094 1494 ὅ
1147 1460 1199 1493 τι
1256 1437 1531 1512 λέγοιμεν.
1599 1433 1865 1493 Ἐκείνοις
1918 1434 2011 1505 μὲν
2112 1438 2552 1510 προσροιτῶντες
2581 1434 2876 1511 ἠνώχλουν
2929 1435 3023 1491 τὸν
3075 1432 3237 1510 ἄνδρα
3280 1433 3364 1489 καὶ
3394 1439 3586 1510 συχναῖς
3610 1454 3679 1488 πε.

361 1518 580 1592 deinde;
631 1535 984 1605 νεωτερισμῷ
1039 1550 1143 1582 τινι
1205 1526 1293 1581 ἐπὶ
1358 1531 1474 1586 τοῖς
1540 1520 2012 1592 ἐκκλησιαστικοῖς
2114 1518 2406 1596 ριέϐαλλον
2440 1521 2757 1598 ἀσχολίαις,
2804 1524 2896 1579 τὸν
2949 1525 3116 1580 αὐτοῦ
3166 1523 3323 1595 ζῆλον
3359 1524 3571 1599 (καὶγὰρ
3594 1524 3680 1577 κατ’

361 1624 532 1697 ὁμόσε
557 1627 760 1698 χωρεῖν
794 1620 883 1675 καὶ
942 1617 1153 1692 ἀνέχειν
1204 1616 1507 1684 πειρᾶσθαι,
1553 1612 1650 1666 κᾶν
1680 1609 1733 1665 εἷ’
1755 1633 1805 1665 τι
1834 1616 2009 1689 ιραῖεν,
2115 1611 2300 1689 ὀλίγον
2333 1612 2636 1688 κατέψυκτο
2669 1618 2737 1688 τῇ
2766 1618 2875 1669 τῶν
2906 1635 3124 1687 τροπων
3156 1612 3431 1687 ἁπλότητι)
3458 1613 3679 1681 ἀναζωπυ.

361 1712 455 1769 κᾶν
485 1697 728 1790 φανερῶς
785 1708 875 1763 καὶ
932 1713 1047 1768 τοῖς
1100 1703 1373 1778 κειμένοις
1430 1701 1822 1779 προσκρούοιεν
1879 1697 2006 1775 δόγ-
2039 1741 2085 1806 Β
2120 1707 2336 1778 ροῦντες
2370 1704 2487 1757 οἷον
2517 1701 2607 1756 καὶ
2658 1704 2793 1779 πρὸς
2844 1706 2926 1777 [Ρ.
2977 1706 3104 1777 283]
3151 1704 3241 1759 τὸν
3287 1704 3573 1778 θερμότερον
3601 1699 3684 1755 διε-

650 1798 663 1806 .
723 1800 733 1806 .
943 1796 957 1806 α
1164 1795 1177 1806 ι
1283 1794 1296 1806 ι
1371 1793 1385 1806 ο
1439 1792 1453 1806 ι
1590 1798 1613 1806 -ι
1679 1791 1735 1806 Oli
1813 1786 1832 1806 λ
1931 1788 1942 1806 1
2185 1791 2195 1806 Ι
2437 1793 2509 1806 0"
2617 1791 2628 1806 1
2728 1793 2741 1806 ο
2819 1793 2832 1806 ι
2889 1794 2901 1806 ι
3015 1792 3030 1806 θ
3084 1793 3097 1806 ι
3284 1796 3308 1806 ν
3439 1790 3477 1806 9‘
3554 1789 3567 1805 ο
3672 1789 3684 1805 \

362 1824 543 1875 μασιν,
606 1798 878 1873 αὐτάρκης
934 1795 1187 1870 ἀποφυγῆ
1243 1794 1306 1847 τὸ
1367 1792 1498 1866 ὑπὲρ
1549 1786 2007 1859 τῆςΈκκλησίας
2039 1786 2406 1869 υγείροντες.
2437 1793 2539 1848 Ἦν
2567 1791 2667 1867 γάρ
2721 1793 2748 1847 ὁ
2808 1793 2946 1868 ἀνὴρ
3012 1792 3101 1848 ἐπὶ
3156 1796 3396 1848 τοσοῦτον
3439 1789 3597 1858 ἱλαρὸς
3618 1789 3685 1843 καὶ

359 1890 517 1961 δῆθεν
541 1887 813 1955 ἵστασθαι,
864 1886 954 1941 καὶ
1003 1886 1102 1953 τήν
1152 1890 1251 1951 τῆς
1303 1876 1626 1957 ἐργολαϐίας
1659 1884 1846 1952 πεῖραν
1878 1877 2004 1954 ῥᾷον
2122 1881 2367 1954 μέτριος,
2429 1878 2566 1936 ὥστε
2622 1881 2711 1936 καὶ
2770 1879 2921 1956 εἴπερ
2980 1882 3141 1958 χρεία
3194 1882 3388 1957 γεγόνει
3439 1882 3566 1941 τινὰς
3608 1882 3689 1933 τῶν

356 1979 658 2035 ἐκκλίνοιεν
701 1976 783 2032 ἂν·
835 1978 970 2049 ἡμῖν
1006 1971 1084 2040 δὲ,
1141 1975 1236 2027 κᾶν
1295 1970 1364 2024 τὰ
1422 1969 1691 2047 φανότατα
1722 1965 2003 2043 λέγοιμεν,
2113 1973 2184 2044 τῇ
2240 1969 2542 2042 Ἐκκλησία
2597 1972 3007 2027 κοινωνούντων
3067 1975 3387 2049 προσφοιτᾷν
3438 1969 3613 2040 ἐκείνῳ,
3652 1968 3687 2021 oi

359 2071 638 2146 ἀγαπητὸν
700 2066 750 2121 εἷ’
810 2067 884 2139 μή
937 2063 1347 2141 προσεήοίμεοα
1409 2061 1599 2134 μόνον,
1631 2057 1775 2113 ἀλλᾶ
1809 2060 1883 2132 μή
1918 2056 2007 2111 καὶ
2118 2057 2164 2114 δ’
2223 2058 2421 2129 ἤθελον
2475 2059 2844 2135 εὐλογεῖσθαι,
2907 2063 3071 2134 μένον
3126 2062 3190 2131 ἦν
3247 2059 3463 2121 ἐκείνους
3501 2057 3691 2131 προσπί-

362 2161 485 2237 περί
518 2163 727 2235 τροπῆς
784 2159 891 2210 τῶν
949 2153 1209 2226 κειμένων
1258 2149 1573 2228 φεύγοιμεν.
1624 2172 1651 2200 ›ι
1703 2147 1860 2202 Ταῦτ’
1889 2145 2006 2202 ἔλε-
2118 2169 2269 2203 πτειν
2297 2148 2386 2203 καὶ
2417 2150 2517 2220 τὴν
2568 2148 2817 2227 εὐλογίαν
2878 2150 3177 2223 ἐπιζητεῖν,
3232 2150 3317 2205 καὶ
3370 2148 3509 2204 αὐτὸν
3541 2147 3690 2208 εὐθέως

2291 1133 2388 1188 κθ“.
2422 1135 2543 1189 Ἔτι
2566 1134 2633 1187 τὰ
2661 1133 2798 1189 κατᾶ
2837 1133 2933 1189 τὸν
2984 1134 3317 1211 πατριάρχην
3346 1134 3540 1212 Ἰωσηφ.

361 2382 684 2442 decertare,
710 2374 807 2430 ubi
838 2390 909 2429 ne
939 2390 973 2427 a
1002 2373 1120 2428 Deo
1151 2386 1402 2441 veraque
1442 2367 1723 2439 religione
1780 2367 2015 2423 excida-
2123 2368 2449 2440 captatione
2504 2369 2872 2441 declinanda,
2905 2387 3022 2442 qua
3060 2375 3356 2443 utcunque
3408 2386 3497 2441 pro
3536 2371 3692 2423 nostra

361 2486 495 2523 mus
546 2480 801 2538 praesens
851 2461 1174 2533 periculum
1223 2459 1318 2515 sit.
1352 2458 1518 2513 Talia
1547 2456 1631 2511 illi
1665 2458 1725 2511 in
1758 2456 2009 2513 maxime
2123 2464 2288 2530 parte
2308 2459 2640 2515 clarissima
2660 2465 3009 2531 argumenta
3030 2460 3494 2532 proferamus,vix
3510 2471 3696 2529 sperare

360 2556 711 2613 catholicam
770 2552 1203 2607 conformantes
1234 2547 1488 2619 speciem
1521 2545 1859 2601 scribebant
1888 2546 2008 2600 dis-
2123 2564 2442 2619 possumus
2472 2553 2846 2605 assecuturos
2895 2566 3003 2605 nos
3048 2555 3116 2605 ut
3162 2566 3290 2621 quae
3317 2547 3691 2618 allegaverimus

360 2645 768 2714 serebantque,
795 2640 980 2695 multa
1002 2638 1061 2692 in
1083 2654 1212 2691 eam
1236 2634 1585 2691 sententiam
1611 2634 1896 2689 accuratis
1918 2633 2005 2689 lu-
2120 2641 2342 2694 attente
2395 2642 2863 2711 cognoscantur;
2899 2638 3087 2695 multo
3146 2645 3336 2695 autem
3383 2634 3697 2694 verisimilius

360 2730 806 2792 eubrationibus
866 2724 1260 2800 plausibiliter
1334 2728 1737 2796 congerentes,
1790 2724 2008 2794 quibus
2121 2726 2330 2782 timere
2360 2743 2680 2798 possumus
2707 2744 2778 2783 ne
2806 2727 2975 2784 nobis
3002 2728 3326 2802 imputetur
3353 2727 3545 2783 reﬁctio
3569 2740 3696 2781 κενου

362 2824 669 2895 appareret
716 2833 931 2888 anceps
978 2815 1137 2870 istud
1171 2818 1357 2869 totum
1393 2829 1459 2867 ac
1491 2811 1733 2884 periculi
1766 2810 2003 2883 plenum
2122 2814 2389 2887 catioque
2412 2815 2469 2870 in
2496 2814 2743 2870 dubium
2775 2816 2957 2872 semel
2987 2819 3150 2873 omni
3181 2817 3444 2874 ﬁrmitate
3468 2813 3698 2872 constitu-

358 2911 539 2968 videri
572 2909 783 2965 debere
814 2904 1134 2978 negotium.
1174 2904 1251 2959 Ea
1280 2901 1378 2958 ille
1433 2901 1653 2974 legens,
1688 2902 2006 2956 necessita-
2118 2907 2313 2959 torum
2346 2904 2691 2974 dogmatum
2724 2922 2739 2973 ;
2772 2905 2930 2976 quod
2963 2907 3228 2963 odiosius
3253 2912 3308 2962 et
3340 2907 3494 2962 nobis
3520 2904 3698 2975 fugien-

356 3007 474 3057 tem
506 3000 706 3055 subire
727 2997 1035 3052 videbatur
1066 2992 1437 3048 manifestam
1467 2990 1701 3063 scriptis
1733 2990 1844 3045 ista
1870 3006 2006 3044 con-
2115 2993 2258 3047 dum
2290 2991 2379 3047 vel
2413 2993 2662 3048 maxime
2714 2993 2935 3049 crimen
2968 3003 3075 3051 est.
3115 2995 3191 3051 Ea
3224 3001 3355 3051 tunc
3386 2994 3474 3050 ille
3501 2993 3697 3057 dicebat,

354 3091 554 3148 trariis
579 3085 877 3144 refellendi
911 3080 1450 3156 respondenditque
1473 3079 1776 3153 sigillatim
1802 3080 1871 3135 ad
1894 3079 2007 3133 sin-
2042 3129 2083 3156 η
2122 3081 2353 3154 quoties
2390 3080 2449 3136 in
2484 3099 2696 3137 manus
2726 3088 2986 3139 sumeret
3015 3084 3362 3141 basi-entiam
3391 3083 3558 3140 adhuc
3582 3079 3699 3137 schi-

359 3129 554 3148 ιιυυυυ
582 3129 877 3144 ιν¹ν⁸·ν““⁴“
913 3129 1447 3156 ’νντν·ο“-·’-·----ι--
1473 3129 1776 3153 *·ο···’”ν’---
1804 3129 1871 3135 ——
1895 3129 1982 3133 ‘---
2126 3129 2352 3154 -ι-ν----
2390 3129 2449 3136 ---
2485 3129 2694 3137 ------
2726 3129 2986 3139 --.κνηη
3016 3129 3362 3141 ...ην-..-ω
3391 3129 3557 3140 ..κ-,η
3582 3129 3678 3137 ,---

357 3180 515 3254 gula.
567 3179 676 3235 Sed
735 3176 890 3230 idem
953 3171 1264 3245 providens
1320 3187 1390 3225 ex
1446 3170 1559 3224 isto
1620 3168 1897 3224 aientium
1951 3172 2010 3223 et
2040 3129 2083 3195 C
2122 3170 2299 3225 smati
2331 3172 2783 3227 commentarios
2815 3178 3168 3244 auctorum;
3201 3191 3347 3246 quos
3386 3178 3557 3229 tamen
3597 3184 3697 3224 cum

360 3268 698 3340 negantium
722 3264 997 3320 conﬂictu
1028 3262 1384 3333 scriptorum
1405 3264 1682 3331 eruptura
1709 3256 2006 3327 scandala,
2123 3258 3060 3332 deindelegeret,animadvertens
3086 3264 3331 3319 multam
3352 3279 3531 3319 οοιιυω
3556 3261 3701 3315 labem

358 3357 511 3413 raris
540 3353 854 3410 lectoribus
883 3367 952 3403 ea
984 3350 1110 3404 luce
1147 3349 1325 3403 animi
1358 3347 1715 3419 vigentibus,
1746 3355 1803 3401 ut
1838 3345 2008 3401 blan-
2122 3348 2829 3421 fraudemque,impetum
2850 3350 3147 3408 interdum
3181 3353 3438 3426 capiebat
3464 3347 3699 3406 refutandi

362 3446 617 3500 dientem
639 3441 915 3509 utrinque
936 3439 996 3491 in
1020 3436 1353 3491 commissis
1371 3436 1617 3490 invicem
1642 3435 2009 3507 argumentis
2123 3438 2428 3508 splendide
2445 3455 2572 3511 quae
2592 3439 2951 3496 mendaciter
2977 3442 3442 3508 afﬁrmabantur,
3462 3449 3513 3498 et
3538 3436 3701 3495 fucatis

361 3529 773 3587 altercantium
788 3523 1332 3580 verisimilitudinis
1349 3525 1599 3595 speciem
1626 3540 1770 3578 sano
1792 3522 2008 3594 judicio
2123 3526 2664 3583 ratiocinationibus
2684 3528 3025 3585 detrahendi
3047 3530 3291 3589 larvam.
3307 3533 3412 3588 Sed
3435 3530 3700 3588 tenebatur,

361 3620 782 3684 discernerent,
814 3631 919 3669 nec
962 3613 1129 3668 facile
1184 3613 1451 3685 scriptori
1511 3613 1780 3684 quamvis
1839 3618 2008 3667 cauto
2123 3632 2197 3671 ne
2228 3617 2285 3670 id
2319 3616 2548 3687 faceret,
2582 3633 2651 3673 ea
2695 3634 2873 3689 quam
2921 3619 3041 3674 dixi
3091 3622 3358 3692 ratione;
3406 3637 3515 3694 qua
3552 3624 3703 3674 tamen

360 3711 622 3766 foreeam
648 3702 828 3761 intali
846 3703 1152 3758 tractando
1177 3705 1524 3774 argumento
1549 3702 2009 3758 moderationem
2122 3722 2405 3761 excussus
2438 3706 2508 3761 ad
2535 3711 2862 3763 extremum
2896 3713 3004 3778 est,
3036 3711 3237 3767 venire
3268 3726 3493 3768 coactus
3533 3708 3595 3763 ad
3631 3720 3703 3760 ex-

358 3806 577 3867 tenere,
611 3801 675 3852 ut
705 3794 849 3851 satis
880 3809 1005 3849 sese
1036 3791 1409 3846 subtraheret
1459 3790 1871 3863 plerorumque
1916 3807 2007 3845 re-
2124 3793 2512 3864 perimentum
2564 3794 2783 3867 scripto
2834 3795 3180 3869 disputandi
3235 3801 3504 3856 adversus
3550 3799 3706 3853 contra

360 3884 876 3964 prchensionibus,
910 3882 1064 3937 416
1095 3897 1295 3936 verum
1328 3880 1379 3936 ei
1410 3885 1510 3935 aut
1540 3896 1829 3952 apparens
1862 3896 2005 3951 praev
2122 3881 2476 3952 senlieutes;
2512 3885 2665 3940 unde
2695 3884 2754 3939 in
2785 3885 3002 3943 multas
3030 3894 3090 3943 et
3119 3906 3326 3961 graves
3357 3888 3578 3958 contigit
3601 3898 3701 3939 eum

360 3976 731 4035 varicationis
759 3975 821 4029 in
849 3973 1024 4029 rebus
1059 3970 1333 4025 maximis
1365 3969 1584 4024 crimen
1639 3968 2007 4040 impacturis,
2122 3971 2430 4044 angustias
2463 3972 2734 4029 incidere.
2770 3974 2932 4031 Tunc
2980 3981 3179 4033 autem
3214 3984 3307 4035 sat
3334 3977 3520 4034 multis
3543 3973 3706 4030 diebus

359 4067 691 4125 sustinebat
730 4081 791 4120 se
839 4080 866 4118 a
921 4061 1232 4117 scribendo
1285 4060 1635 4131 quietusque
1691 4058 2008 4130 perstabat.
2123 4061 2453 4117 diversatus
2503 4063 2659 4132 apud
2707 4066 2980 4133 Luuram,
3006 4072 3065 4122 et
3091 4067 3215 4138 jam
3250 4067 3415 4140 plene
3458 4064 3706 4121 restitutus

356 4157 504 4223 Quin
538 4162 595 4211 et
623 4151 917 4225 Xiphilino
940 4151 1065 4206 viro
1088 4148 1271 4222 gravi,
1298 4164 1512 4221 magno
1544 4153 1684 4204 tunc
1710 4164 2010 4204 moonomo
2121 4150 2463 4216 valetudini,
2495 4150 3064 4225 Constantinopolim
3117 4158 3372 4224 revertit,
3403 4155 3624 4213 salutato
3661 4148 3707 4202 iu

356 4245 638 4309 ecclesias,
660 4240 1031 4297 confirmavit
1059 4255 1120 4293 se
1141 4238 1298 4293 haud
1327 4254 1625 4309 quaquam
1651 4242 2011 4292 commenta-
2121 4238 2385 4312 digressu
2412 4240 2840 4297 humanissime
2866 4242 3149 4317 Josepho.

357 4334 464 4390 riis
515 4333 648 4403 ejus
701 4328 932 4401 generis
984 4327 1402 4382 elucubrandis
1459 4344 1693 4399 operam
1752 4342 2009 4396 unquam
2275 4381 2345 4403 Μ
2414 4379 2579 4403 mm
2614 4381 2672 4403 Δ-
2716 4383 2926 4403 ,μμ-ι,
2980 4402 2991 4403 7
3054 4402 3059 4403 γ
3132 4388 3145 4403 Ι
3352 4394 3363 4403 ι
3406 4390 3417 4401 ι

357 4379 673 4478 ἔξὲῖυέἇῖιῆ
699 4379 1479 4488 ιῗιέξιᾶεξειτὲιὶᾷιῖξίᾘειιιίέιέαιξ
1492 4379 2013 4471 antissent;
2275 4381 2364 4434 29-
2397 4379 2579 4437 Αίυιαε
2606 4381 2673 4438 de
2698 4383 2932 4456 Ιοδεριιο
2963 4388 3244 4459 quondam
3270 4387 3591 4459 patriarcha-

358 4529 566 4568 rursus
606 4510 664 4564 in
717 4508 965 4564 dubium
1018 4522 1243 4572 vocare,
1276 4507 1445 4578 quasi
1496 4522 1622 4579 quae
1673 4505 1851 4561 semel
1897 4506 2012 4560 ﬁxa
2044 4490 2087 4554 D
2190 4506 2339 4560 417
2392 4509 2472 4561 De
2523 4504 2749 4578 reliquo
2776 4506 2931 4564 haud
2965 4514 3240 4582 poterant
3269 4514 3499 4586 quidam
3526 4511 3600 4567 vel
3624 4504 3713 4580 ipsi

358 4608 554 4657 tenere
586 4597 972 4665 decrevimus,
997 4613 1062 4652 eo
1086 4596 1215 4667 ipso
1246 4596 1302 4650 in
1337 4595 1787 4651 concertationis
1818 4594 2005 4650 aleam
2116 4594 2411 4666 quiescere
2432 4593 2520 4649 vel
2543 4595 2843 4667 quiescere
2865 4598 3057 4655 sinere
3081 4602 3375 4659 fruentem
3399 4606 3502 4659 isto
3521 4612 3711 4657 secessu

359 4691 430 4746 de
479 4705 624 4744 novo
677 4686 991 4757 jaciamus,
1036 4685 1190 4757 quod
1250 4700 1383 4739 cum
1435 4685 1506 4739 iis
1556 4685 1657 4757 qui
1716 4684 2008 4740 contraria
2114 4682 2569 4755 Josepbum,sed
2593 4685 3283 4757 quotidianishominem
3306 4693 3713 4748 turbabautcon-

360 4779 552 4852 palam
605 4776 869 4833 sentiunt
899 4791 1164 4848 quosque
1196 4790 1299 4845 pro
1332 4775 1709 4829 nOVatoribus
1738 4773 1799 4829 in
1833 4774 2007 4829 rebus
2117 4772 2442 4845 gressibus,
2465 4773 2715 4829 multum
2747 4776 2797 4831 ei
2832 4779 3050 4850 negotii
3074 4780 3596 4849 facessentes,dum
3616 4776 3717 4846 ejus

357 4866 770 4926 ecclesiasticis
799 4865 1109 4930 habemus,
1146 4865 1301 4919 ultro
1333 4863 1760 4919 descendemus
1799 4864 1855 4917 in
1888 4878 2008 4919 cer-
2120 4862 2619 4933 languescentem,
2647 4866 3148 4939 utquerebantur,
3179 4870 3357 4926 nimis
3381 4866 3719 4925 morumsim-

360 4964 557 5014 tamen
608 4955 810 5012 audire
859 4967 1327 5025 coguoscereque
1360 4952 1721 5007 sustinentes
1749 4951 1892 5023 quid
1923 4950 2009 5007 illi
2120 4950 2377 5023 plicitate
2406 4948 2596 5006 zelum
2630 4953 2882 5009 excitare
2914 4972 2979 5011 ac
3010 4958 3185 5030 quasi
3230 4958 3505 5032 subjectis
3533 4953 3718 5013 facibus

357 5065 463 5121 pro
513 5064 575 5104 se
625 5045 898 5116 allegent.
933 5043 1079 5098 Cum
1138 5042 1294 5098 enim
1356 5040 1733 5097 manifestum
1786 5042 1862 5095 sit
1909 5057 2009 5096 eos
2120 5040 2438 5097 accendere
2461 5041 2783 5099 tentabant.
2809 5044 2943 5100 Erat
2964 5051 3161 5103 autem
3189 5050 3237 5104 is
3262 5054 3381 5104 tam
3412 5046 3641 5104 remissis
3664 5055 3716 5095 ac

359 5136 542 5194 semel
600 5137 822 5191 statuta
879 5136 1122 5203 rataque
1178 5130 1375 5185 habita
1433 5129 1629 5184 conari
1688 5129 2010 5185 convellere
2119 5129 2303 5186 comis
2336 5134 2557 5185 naturas
2589 5131 2697 5198 vir,
2724 5138 2788 5188 ut
2827 5133 2876 5189 si
2908 5134 3003 5191 cui
3037 5152 3243 5193 eorum
3277 5137 3531 5210 quicum
3563 5129 3715 5189 Eccle-

360 5228 658 5299 dogmata,
683 5239 866 5279 unum
901 5221 1070 5277 nobis
1103 5221 1375 5292 idemque
1411 5218 1711 5273 sufficiens
1733 5219 2010 5273 adversus
2120 5219 2209 5275 sia
2238 5218 2752 5276 communicabaut
2779 5238 2959 5279 causa
2988 5224 3299 5282 incidisset
3330 5223 3568 5281 adeundi
3595 5221 3717 5289 ejus,

359 5314 675 5372 instantius
698 5327 899 5367 eorum
921 5326 1146 5376 omnes,
1170 5308 1230 5363 in
1253 5305 1547 5365 contrario
1578 5307 1885 5378 palamque
1908 5323 2009 5379 pro
2120 5311 2177 5363 et
2202 5307 2302 5379 qui
2328 5309 2656 5380 accedebat,
2689 5309 2858 5367 vellet
2907 5313 3335 5370 benedictionis
3365 5312 3542 5386 ipsius
3569 5305 3719 5382 parti-

360 5404 531 5463 nobis
579 5405 769 5459 stante
823 5398 1086 5455 Ecclesiae
1133 5413 1443 5465 consensu,
1495 5398 1658 5467 patet
1705 5394 2007 5468 effugium,
2120 5413 2255 5469 ceps
2280 5397 2423 5465 fieri,
2448 5415 2561 5454 non
2586 5415 2733 5470 opus
2761 5400 2873 5457 alio
2908 5403 3145 5458 haberet
3178 5421 3359 5475 quam
3392 5402 3657 5476 procidere
3674 5400 3720 5450 et

359 5513 477 5569 quo
509 5493 741 5550 abunde
762 5487 1011 5554 securis,
1036 5486 1195 5542 nullo
1215 5486 1328 5542 fine
1358 5485 1793 5541 miscendarum
1818 5485 2009 5543 litium
2119 5485 2579 5544 benedictionem
2640 5494 2838 5560 petere
2872 5508 2885 5545 :
2919 5493 3117 5548 statim
3164 5494 3325 5549 enim
3358 5498 3718 5566 quemcunque

360 5602 428 5643 ac
453 5583 810 5658 jurgiorum,
854 5580 988 5637 licet
1018 5577 1187 5635 nobis
1218 5575 1636 5649 compendium
1669 5573 1855 5633 facere
1885 5575 2009 5632 dis-
2122 5576 2194 5633 ad
2226 5577 2702 5637 communionem
2750 5581 3081 5640 admissum
3122 5582 3350 5655 prolixe
3396 5576 3721 5655 impertiebat
