4002 6198
195 278 303 336 873

1275 277 1373 331 DE
1410 273 1779 330 MICHAELE
1819 272 2265 331 PALEOLOGO
2301 275 2434 328 LIB.
2476 274 2548 329 ν.

3510 282 3617 340 874

194 405 477 458 κοινωνεῖν
526 398 753 462 ἐκείνοις
800 404 909 456 τῶν
959 397 1319 475 χαρισμὶτων
1370 394 1467 453 τοῦ
1508 398 1845 469 ΙῘνευματοςο
1881 398 1931 463 Α
1960 416 2093 467 των,
2132 397 2206 467 μὴ
2242 394 2325 450 ὅτι
2354 418 2414 471 γε
2443 401 2548 451 τῶν
2596 398 2889 473 γνωρίμων
2945 401 3182 477 συχνοὺς
3215 404 3290 465 εἷς
3322 405 3615 481 παράλλη-

193 492 225 548 ὅ
253 491 338 547 καὶ
370 494 488 554 τοῖς
518 490 641 562 περί
676 488 879 543 ἐκεῖνον
912 487 1001 542 καὶ
1052 485 1273 548 λοιποῖς
1321 484 1513 547 ἃλλοις
1546 485 1645 540 οὐκ
1674 484 1852 539 οἰστὸν

192 582 283 651 ἧν.
336 581 443 635 Διὰ
489 583 652 633 τοῦτο
702 578 793 632 καὶ
842 577 1115 651 ὁσημέραι
1144 580 1589 649 προσφοιτῶντες
1633 574 1856 648 ἀνεθάρ-

200 670 351 747 ῥυνον
386 668 557 722 πλέον
609 667 745 741 πρὸς
789 666 851 719 τὸ
896 663 1100 727 τελέως
1150 662 1449 738 σχίζεσθαι.
1504 663 1663 719 Τοῦτ’
1695 662 1857 715 ἀκου-

196 760 316 821 σθὲν
348 761 430 828 τῷ
458 759 772 831 κρατοῦντι,
824 754 851 807 ὁ
902 751 960 807 δὲ
1009 752 1391 829 πληροφορίαν
1441 752 1542 819 τήν
1594 750 1669 811 εἰς
1719 748 1860 804 έκεῖ-

197 869 289 902 νον
323 845 534 915 ἐκείνην
568 844 742 918 ἀφεὶς,
772 844 862 898 καὶ
909 842 972 896 τὸ
1022 841 1106 895 ἐπὶ
1160 841 1397 902 πολλοῖς
1429 839 1857 915 συγκεχωρηκὸς

199 936 257 991 ἐκ
287 933 596 1009 προθέσεως
657 932 718 987 οὐ
776 930 915 986 πάνυ
978 931 1224 1003 μετρίας,
1288 930 1361 991 ὡς
1424 929 1487 982 οὐ
1539 927 1722 983 δίκαια
1751 930 1856 981 πά-

200 1045 351 1100 σχων
404 1023 806 1099 κατεμέμφετο,
862 1019 911 1074 εἴ
966 1020 1125 1082 αὐτὸς
1187 1019 1280 1090 μὲν
1345 1015 1628 1088 συνήδεταί
1659 1018 1709 1071 οἱ
1740 1022 1856 1078 ταῖς

196 1112 556 1170 ἀνίαπούσεσιν
612 1113 671 1173 ὗς
724 1110 867 1171 εἰκὸς
915 1106 1502 1184 προσαποδεχόμενος,
1563 1106 1767 1169 ἐκεῖνος
1812 1103 1854 1159 δ’

195 1202 428 1280 ἀνδράσι
500 1204 863 1279 προσφέρεται
940 1202 1183 1273 εὐμενῶς
1262 1198 1352 1253 καὶ
1431 1198 1646 1259 οἰκείως
1720 1198 1858 1251 πάνυ

195 1294 341 1350 πολὺ
373 1294 437 1349 τὸ
468 1293 605 1368 πρὸς
665 1291 827 1346 αὐτὸν
885 1289 1166 1356 διεστηκὸς
1222 1287 1469 1363 ἔχουσιν,
1510 1286 1647 1341 ὥστε
1677 1287 1763 1339 καὶ
1798 1286 1859 1339 τὸ

197 1390 361 1456 σῶμα
406 1383 756 1455 κατατέμνειν
812 1384 911 1445 τῆς
968 1378 1325 1447 Ἐκκλησίας.
1390 1381 1599 1452 Χρῆναι
1633 1374 1678 1430 δ’
1720 1375 1860 1429 ἐκεί-

194 1496 324 1537 νους
354 1473 524 1545 αὐτῷ,
584 1471 674 1525 καὶ
734 1472 809 1543 μή
872 1469 1035 1523 αὐτὸν
1092 1467 1269 1545 σφίσιν
1330 1462 1569 1536 ἕπεσθαι,
1632 1465 1854 1540 ἐχθροῖς

197 1561 483 1639 ἀριδήλως
516 1557 633 1615 οὖσι
665 1564 755 1614 καί
805 1558 894 1613 ἐπὶ
944 1562 1061 1619 τοῖς
1114 1556 1388 1631 μεγίστοις
1422 1553 1855 1631 διαφερομένοις.

198 1649 537 1722 Προῦπεμπε
592 1648 774 1702 τοίνυν
852 1645 980 1709 τοὺς
1064 1644 1397 1720 ἀπεροῦντας
1458 1644 1533 1716 μὴ
1605 1640 1853 1718 δέχεσθαι

1970 506 2070 538 σιν.
2108 485 2174 537 ’Π
2215 488 2343 558 γοῦν
2395 486 2746 561 περιορίζειν,
2798 488 2843 541 εἰ
2898 488 3074 557 θέλοι,
3102 492 3137 559 ἢ
3172 489 3358 547 ἄνετον
3418 496 3615 572 ἀφέντα

1965 572 2343 628 ἀκαταιτίατον
2424 576 2499 647 μὴ
2582 576 2907 651 μέμφεσθαι.
2986 580 3163 634 Ταῦτα
3241 582 3334 654 μὲν
3412 585 3615 660 Ἰωσήφ

1967 662 2308 735 ἀπεκρίνατο,
2344 664 2406 717 οὐ
2457 669 2536 735 τῷ
2596 664 2764 719 πλέον
2817 666 2891 728 εἷς
2948 670 3247 744 κακουχίαν
3277 676 3385 725 τῶν
3418 674 3617 749 παρόν.

1964 774 2069 807 των
2104 751 2333 821 ἐθέλειν,
2395 752 2539 827 ἀγλᾶ
2589 754 2855 809 πιστεύων
2917 762 2984 830 τῇ
3046 756 3298 829 διαθέσει,
3351 763 3463 835 ἅμα
3492 785 3616 839 κιρ-

1964 843 2058 903 νὰς
2084 847 2201 903 τοῖς
2230 840 2420 916 λόγοις
2452 842 2541 896 καὶ
2573 850 2672 912 τῆς
2726 844 3033 919 βαρύτητος
3070 847 3167 903 οὐκ
3198 848 3408 924 ὀλίγον,
3439 851 3484 905 εἰ
3514 859 3615 923 τῆς

1962 938 2133 1003 τιμῆς
2195 932 2571 1006 έξοπρακίσας
2630 939 2810 987 ποιεῖν
2872 934 3045 989 ἐθέλει
3102 938 3322 1005 καὶτῆς
3376 941 3483 996 ἀπὸ
3509 947 3616 997 τῶν

1964 1020 2266 1095 ἀνθρώπων
2342 1020 2740 1093 παρακλήσεως
2814 1020 3043 1096 ἔρημον.
3120 1027 3181 1083 Ὁ
3250 1025 3308 1082 δὲ
3360 1029 3616 1105 βασιλεὺς

1966 1111 2079 1163 οἷον
2111 1108 2303 1163 ἐκτῶν
2366 1107 2543 1184 λόγων
2608 1106 2791 1165 λαϐὼν
2850 1114 2911 1166 τό
2973 1116 3023 1167 o't
3081 1122 3352 1186 συνοῖσον,
3401 1120 3491 1174 καὶ
3529 1118 3611 1176 ὅτι

1964 1201 2223 1273 κατῆρξεν
2258 1199 2639 1271 ὁπεισόμεδος
2696 1196 2867 1275 λέγων
2929 1203 2990 1256 οὗ
3050 1204 3209 1266 αὐτὸς
3269 1206 3612 1282 βουλόμενος

1964 1286 2093 1350 ἴσως
2152 1293 2329 1341 ποιεῖν
2388 1288 2524 1342 κατὰ
2580 1288 2679 1356 τὴν
2738 1290 2872 1362 πρὸς
2926 1291 3127 1346 ἐκεῖνον
3178 1291 3448 1350 δυσωπίαν
3483 1300 3615 1353 ἀπέ-

1965 1397 2151 1451 σχετο,
2207 1376 2562 1451 εὐπροσωπον
2623 1379 2735 1432 οἷον
2796 1378 3037 1443 ἐντεῦθεν
3093 1382 3185 1436 τὸν
3256 1389 3612 1459 περιορισμὸν

1967 1466 2170 1521 ἐκείνου
2203 1465 2425 1538 θέμενος
2458 1466 2531 1529 ὡς
2561 1466 2766 1520 ἐκείνου
2816 1468 3050 1543 πρώτως
3088 1475 3444 1543 μνησθέντος,
3472 1476 3613 1548 πέμ·-

1964 1557 2065 1629 ψας
2099 1553 2268 1628 ἐξάγει
2300 1575 2357 1608 τε
2379 1558 2478 1617 τῆς
2512 1554 2749 1630 Λαύρας,
2801 1558 2898 1610 κάν
2956 1562 3023 1631 τῇ
3059 1559 3218 1634 Χηλῇ
3253 1561 3536 1639 (φρούριον
3572 1561 3616 1619 δ’

1964 1642 2099 1712 αὕτη
2134 1640 2465 1712 έπινησίδιον
2500 1644 2636 1716 πρὸς
2663 1650 2780 1705 τοῖς
2802 1645 2990 1716 ἄκροις
3007 1654 3106 1716 τῆς
3133 1648 3388 1719 Εὐξείνου
3420 1651 3616 1715 θαλάσ-

199 1747 360 1816 σφᾶς,
392 1736 460 1808 ἤν
496 1736 668 1829 μέλοι,
714 1738 765 1790 οἱ
812 1734 911 1829 του
966 1736 1082 1829 καθ’
1125 1736 1378 1829 ’ἡσυχίαν
1420 1739 1710 1829 καθῇσθαι.
1742 1734 1855 1829 :lw-
1888 1765 1934 1829 B
1963 1736 2086 1829 anc)
2116 1731 2439 1829 περιορίζέι,
2494 1733 2713 1807 εὐχερεῖ
2768 1734 2862 1805 μὲν
2918 1734 3223 1811 ένεαρίζειν,
3272 1736 3529 1814 δυσχερεῖ
3558 1739 3615 1795 δὲ

202 1833 313 1908 an?
373 1830 421 1885 δ’
475 1828 824 1903 ἀπεκρίνατο,
882 1828 950 1895 ἢν
1006 1820 1163 1879 αὐτόν
1222 1846 1281 1878 τε
1330 1822 1655 1899 περιορίζειν
1706 1820 1854 1885 θέλοι

199 1921 292 1975 καὶ
349 1918 479 1981 τοὺς
537 1918 671 1994 ἀμφ’
751 1915 935 1985 αὐτὸν,
996 1912 1137 1968 οὓτω
1204 1914 1293 1967 καὶ
1373 1912 1675 1987 ἀναγκαίως
1730 1910 1857 1972 τοὺς

200 2010 529 2085 προσιόντας
566 2007 642 2079 μὴ
695 2002 970 2079 δέχεσθαι,
1022 2002 1286 2078 πρότερον
1321 2000 1370 2055 δ’
1397 2001 1463 2055 οὗ
1494 1999 1676 2062 καλῶς
1710 1994 1855 2074 ἔχειν

195 2098 643 2175 κατηγορεῖσθαι,
709 2091 778 2163 ἤν
849 2114 999 2154 τινας
1064 2093 1391 2166 προσιόντας
1455 2094 1544 2144 καί
1614 2087 1855 2165 δέχοιτοο

196 2188 438 2265 ἀνάγκην
468 2188 569 2261 γὰρ
602 2185 733 2241 εῖναι
792 2186 1128 2257 προσφοιτᾷν
1190 2181 1337 2259 σφίσι
1396 2180 1485 2235 καὶ
1545 2183 1651 2233 τῶν
1685 2177 1859 2255 ἀγνώ-

202 2408 396 2482 gratia
428 2405 612 2461 sancti
638 2404 932 2475 Spiritus;
965 2402 1120 2474 quod
1154 2404 1210 2456 et
1239 2399 1314 2455 iis
1347 2400 1447 2471 qui
1479 2399 1636 2455 circa
1662 2398 1861 2470 ipsum

201 2501 372 2554 erant
403 2500 460 2550 et
491 2492 734 2564 reliquis
768 2492 901 2548 aliis
934 2491 1246 2545 videbatur
1276 2488 1861 2553 intolerabile.Quare

199 2588 402 2659 ipsum
419 2602 449 2655 q
462 2583 679 2638 uotidie
693 2583 969 2637 adeuntes
986 2580 1165 2635 etiam
1182 2584 1357 2650 atque
1371 2578 1543 2633 etiam
1557 2577 1861 2647 urgebant,

205 2680 271 2731 ut
302 2675 474 2746 plane
504 2689 567 2729 se
599 2689 666 2727 ac
696 2671 887 2743 palam
922 2669 1295 2725 abscinderet
1318 2668 1389 2722 ab
1418 2666 1577 2721 omni
1611 2682 1864 2721 consue-

208 2764 414 2819 tudine
447 2764 673 2833 partem
707 2756 1054 2813 contrariam
1080 2754 1457 2810 sectantium.
1497 2752 1557 2807 Id
1590 2768 1726 2807 vero
1751 2750 1864 2806 sibi

206 2852 547 2908 nuntiatum
584 2850 899 2917 imperator
956 2844 1191 2917 gravius
1250 2843 1474 2913 accepit
1531 2858 1707 2912 quam
1761 2856 1863 2913 pro

202 2947 415 2998 catera
446 2956 551 2995 sua
583 2939 643 2992 in
670 2953 803 2993 eum
838 2935 1127 2990 hactenus
1176 2934 1577 2987 demonstrata
1622 2933 1865 2984 benevo-

198 3032 387 3088 lentia
419 3035 475 3086 et
508 3026 909 3097 fide,culpans
943 3027 1000 3078 in
1030 3040 1095 3079 eo
1128 3022 1282 3094 quod
1317 3022 1493 3076 nimis
1524 3036 1586 3075 se
1636 3019 1862 3075 facilem

199 3121 488 3193 preberet
508 3116 744 3173 studiiis
771 3114 1171 3179 factiosorum;
1189 3112 1245 3164 in
1275 3127 1390 3181 quo
1412 3112 1539 3179 eius
1564 3126 1694 3164 eum
1721 3125 1862 3180 pru-

196 3209 461 3267 dentiam
494 3205 1007 3273 constantiamque
1039 3200 1388 3271 requirebat,
1423 3204 1550 3254 tum
1583 3203 1859 3268 praeterea

198 3300 562 3374 querebatur
593 3296 811 3365 injuste
830 3293 902 3347 ab
921 3308 985 3346 eo
1008 3307 1209 3346 secum
1238 3290 1353 3361 agi,
1379 3289 1542 3360 quiei
1568 3293 1686 3342 tam
1715 3288 1859 3341 libe-

199 3406 330 3446 ram
365 3381 1048 3456 tranquillamque,quod
1082 3396 1149 3435 ea
1179 3378 1372 3451 ipsum
1408 3378 1663 3449 gaudere
1705 3377 1862 3431 arbi-

202 3475 748 3546 traretur,quietem
782 3488 848 3525 ac
869 3468 1277 3524 securritatem
1303 3465 1632 3537 daret:ipse
1665 3472 1861 3521 autem

207 3586 325 3625 non
359 3566 656 3620 dubitaret
688 3576 792 3616 nec
814 3566 1067 3614 cessaret
1096 3559 1152 3611 in
1186 3557 1458 3612 intimam
1483 3556 1659 3611 etiam
1688 3556 1861 3609 fami-

206 3658 525 3713 liaritatem
550 3652 861 3708 admittere
892 3647 1182 3714 homines,
1215 3664 1248 3701 a
1279 3646 1496 3717 quibus
1546 3644 1719 3717 longe
1750 3645 1866 3700 alia

209 3744 606 3804 sentientibus
646 3746 704 3796 et
734 3738 792 3794 in
826 3736 1180 3793 contrariam
1212 3741 1331 3791 toto
1366 3736 1501 3790 nisu
1555 3736 1863 3789 factionem

208 3830 697 3891 incumbentibus
754 3842 967 3896 corpus
997 3824 1265 3880 Ecclesiae
1314 3824 1687 3893 laceraretur,
1729 3839 1864 3877 cum

206 3924 413 3996 potius
444 3918 802 3991 oportuisset
833 3916 1029 3987 ipsum
1064 3930 1168 3986 pro
1202 3914 1551 3967 auctoritate
1584 3928 1691 3966 sua
1727 3912 1867 3966 dare

206 4027 453 4085 operam
488 4006 654 4063 utilli
684 4022 812 4062 sese
859 4004 973 4076 ipsi
1033 4002 1547 4058 accommodarent
1596 4002 1865 4073 acquies-

203 4102 397 4159 cendo
432 4098 660 4170 publice
690 4094 939 4150 decretis
970 4098 1026 4149 et
1066 4090 1383 4163 tranquille
1431 4091 1697 4158 vivendo,
1750 4106 1865 4145 non

204 4197 414 4249 autem
430 4187 789 4243 committere
805 4189 870 4239 ut
892 4199 1052 4238 exem
1066 4180 1157 4253 plo
1171 4197 1374 4237 eorum
1390 4180 1867 4251 turbulentisque

203 4277 476 4338 consiliis
492 4275 679 4346 abripi
712 4276 903 4346 ipsum
921 4280 979 4327 et
1000 4276 1192 4343 partes
1207 4270 1360 4325 418
1378 4268 1566 4342 palam
1582 4270 1745 4339 sequi
1762 4270 1862 4325 ho-

202 4372 390 4427 stium
428 4364 966 4431 manifestorum,in
1002 4362 1176 4415 rebus
1209 4360 1483 4414 maximis
1504 4360 1575 4413 ab
1609 4359 1867 4415 Ecclesia

202 4476 391 4531 reque
425 4455 659 4528 publica
686 4450 1146 4507 irrevocabiliter
1175 4450 1863 4520 dissidentium,appare-

204 4546 487 4604 ret.Misit
507 4560 643 4615 ergo
676 4542 744 4597 ad
776 4540 1103 4611 Josephum
1157 4538 1474 4607 imperator
1518 4543 1706 4593 certos
1762 4540 1864 4594 ho-

201 4632 534 4705 mines,qui
564 4648 669 4687 suo
694 4630 933 4685 nomine
964 4632 1226 4682 vetarent
1252 4641 1322 4681 ne
1347 4624 1551 4679 talium
1588 4626 1862 4697 deinceps

202 4725 521 4782 hominum
553 4718 885 4776 convictum
919 4730 1419 4786 congressumque
1451 4714 1865 4781 admitteret,si

197 4814 448 4886 quietis,
484 4827 602 4883 qua
623 4808 925 4881 gauderet,
958 4808 1176 4860 certam
1219 4802 1329 4858 sibi
1380 4801 1551 4857 vellet.
1600 4809 1867 4858 constare

195 4901 668 4978 possessionem.
691 4895 1018 4969 Respondit
1046 4892 1342 4965 Josephus
1374 4908 1552 4947 unam
1577 4892 1658 4947 rei
1690 4908 1866 4963 quam

186 4995 439 5067 juberet
460 4987 847 5059 exsequendas
883 4985 1170 5040 rationem
1200 4998 1349 5049 esse,
1377 4982 1422 5036 si
1448 4997 1510 5037 se
1543 4998 1608 5037 ac
1636 4998 1736 5037 eos
1768 4983 1869 5053 qui

194 5099 411 5141 secum
442 5076 719 5135 essentin
752 5073 1023 5129 exsilium
1052 5072 1397 5127 amandarat
1428 5072 1873 5143 imperatorer-

195 5171 421 5244 legatis
453 5168 612 5224 enim
646 5165 985 5220 facultatem
1020 5162 1216 5217 defore
1249 5162 1389 5216 istos
1415 5176 1664 5232 quorum
1702 5160 1873 5215 fami-

196 5254 938 5316 liaritateinterdiceretur
969 5250 1328 5320 alloquendi.
1351 5248 1619 5315 Quandiu
1645 5266 1776 5303 vero
1801 5265 1866 5304 eo

190 5351 337 5407 loco
371 5349 630 5418 degeret,
684 5343 837 5398 haud
874 5358 934 5397 se
959 5341 1095 5411 jure
1129 5338 1354 5410 culpari
1387 5340 1541 5410 quod
1588 5340 1838 5393 adeunte
1862 5356 1887 5393 s

188 5441 270 5496 ad
311 5456 379 5495 se
410 5437 643 5505 aliquos
681 5449 795 5487 non
848 5430 1181 5487 excluderet
1216 5445 1228 5481 :
1267 5445 1400 5482 nam
1460 5429 1571 5482 nisi
1622 5428 1885 5482 humano

186 5527 423 5584 solatio
455 5538 654 5580 carere
685 5522 840 5577 omni
876 5520 933 5575 in
967 5520 1078 5574 isto
1112 5533 1345 5573 secessu
1386 5516 1578 5583 vellet,
1628 5533 1872 5572 necesse

182 5619 319 5675 sibi
350 5630 487 5674 esse
513 5610 706 5670 ofﬁcia
738 5626 855 5666 non
905 5606 1209 5680 aspernari
1262 5605 1415 5662 ultro
1464 5607 1535 5663 ad
1586 5624 1647 5662 se
1678 5606 1872 5663 venti-

532 5731 802 5792 Ριτιοι..
851 5726 964 5789 Gs.
1010 5722 1266 5787 CXLIII.

1966 1821 2191 1894 πάμπαν
2254 1819 2654 1896 διαχειμάζειν,
2712 1824 2785 1884 ὡς
2840 1824 2974 1878 κατά
3041 1826 3199 1900 στόμ’
3266 1829 3611 1893 ἀπαντῶντος

1966 1914 2035 1983 τῇ
2087 1912 2238 1983 νήσῳ
2299 1911 2492 1985 βορέου
2550 1911 2639 1965 καὶ
2695 1913 2795 1980 τήν
2865 1914 3082 1988 πικρίαν
3138 1916 3456 1980 ἐκπνέοντπ
3511 1928 3611 1989 τῆς

1967 1998 2341 2073 ψυχρότητος.
2368 2001 2529 2061 Τινὰς
2582 1998 2639 2055 δὲ
2695 2002 2781 2056 καὶ
2843 2002 2949 2057 τῶν
3014 2010 3295 2081 μοναχῶν,
3329 2009 3381 2061 οἳ
3413 2005 3479 2077 δὴ
3511 2009 3611 2063 κά-

1968 2089 2133 2161 κείνῳ
2163 2090 2533 2163 προσέκειντο,
2586 2090 2667 2164 [Ρ.
2719 2093 2846 2163 284]
2896 2089 3068 2146 ἄλλον
3121 2094 3215 2166 μὲν
3246 2091 3500 2170 ἀλλαχοῦ
3533 2097 3613 2170 ἐξ·

1971 2180 2140 2249 ορίζει
2167 2179 2255 2233 καὶ
2286 2183 2475 2249 νήσοις
2526 2186 2642 2243 τοῖς
2698 2183 2813 2235 κατ’
2872 2182 3100 2258 Αἰγαῖον
3155 2187 3474 2262 περιορίζιι,
3523 2190 3614 2244 τὸν

1970 2397 2223 2452 tantium
2256 2397 2432 2452 etiam
2466 2397 2822 2469 ignotorum,
2858 2399 3042 2457 multo
3075 2406 3268 2459 autem
3303 2405 3491 2477 magis
3514 2409 3617 2462 ad-

1974 2486 2203 2541 mittere
2232 2486 2574 2542 notissimos
2594 2487 2704 2543 sibi
2729 2487 2868 2543 olim
2883 2494 2939 2545 et
2967 2491 3287 2547 familiares
3309 2493 3619 2566 plurimos.

1974 2578 2083 2631 Aut
2113 2576 2295 2647 igitur
2321 2576 2523 2631 exsilio
2559 2592 2650 2631 me
2685 2578 2899 2633 multet
2928 2579 3264 2652 imperator,
3299 2588 3398 2639 aut
3440 2585 3620 2642 libere

1973 2682 2067 2720 me
2091 2666 2202 2720 frui
2226 2667 2381 2719 sinat
2402 2665 2510 2720 hoc
2534 2667 2683 2736 quod
2710 2666 2978 2739 indulget
3005 2671 3259 2738 otio;nec
3289 2674 3621 2746 colloquiis,

1974 2753 2100 2809 sine
2131 2754 2349 2826 quibus
2381 2754 2500 2808 vita
2531 2754 2626 2809 hic
2652 2756 2891 2826 quidem
2923 2757 3118 2813 vitalis
3151 2776 3265 2815 non
3298 2762 3393 2830 sit,
3426 2765 3622 2820 erimi-

1975 2845 2067 2899 nis
2098 2861 2213 2915 quo
2235 2848 2435 2898 carent
2464 2848 2665 2899 notam
2698 2846 2997 2916 appingat.
3023 2850 3154 2902 Haec
3179 2850 3287 2904 fuit
3312 2852 3382 2906 ad
3413 2853 3627 2910 missos

1976 2934 2047 2987 ab
2079 2933 2432 3004 imperatore
2482 2932 2666 2987 oratio
2711 2934 2953 3004 Josephi
3000 2950 3114 2990 non
3168 2938 3327 2994 illius
3388 2941 3623 3012 quidem

1975 3022 2105 3094 ejici
2139 3022 2410 3088 volentis,
2429 3028 2530 3077 aut
2560 3041 2592 3077 a
2619 3023 2946 3078 suburbani
2978 3040 3269 3095 secessus,
3295 3046 3407 3099 quo
3435 3030 3625 3088 liben-

1976 3116 2064 3165 ter
2084 3111 2379 3179 utebatur,
2406 3112 2600 3181 quiete
2624 3112 2946 3179 divelli,sed
2998 3131 3350 3189 magnopere
3394 3120 3628 3176 fidentis

1972 3199 2111 3255 olim
2145 3201 2205 3253 in
2256 3216 2319 3255 se
2370 3205 2679 3271 prospecto
2739 3201 2948 3257 affectu
3001 3202 3369 3276 imperatoris
3391 3225 3411 3270 ,°
3449 3226 3624 3280 quem

1972 3306 2276 3360 nunquam
2309 3305 2375 3344 eo
2405 3294 2721 3344 venturum
2750 3308 2993 3361 sperans
3016 3297 3080 3347 ut
3101 3298 3217 3349 tam
3242 3296 3485 3353 charum
3510 3299 3625 3354 sibi

1971 3383 2141 3449 caput
2172 3379 2489 3433 amandare
2512 3379 2853 3446 sustineret,
2881 3381 2951 3436 de
2976 3381 3268 3440 industria
3295 3384 3353 3440 in
3368 3403 3625 3460 eaquam

1970 3468 2107 3523 fecit
2138 3466 2325 3523 exsilii
2372 3467 2667 3523 mentione
2725 3470 2915 3525 verbis
2973 3476 3061 3526 est
3118 3489 3261 3529 usus
3294 3477 3629 3535 acerbitatis

1974 3573 2088 3610 non
2124 3573 2330 3628 parum
2365 3572 2507 3611 sono
2534 3556 2662 3629 ipso
2696 3559 3159 3631 praeferentibus,
3185 3578 3320 3617 eum
3348 3564 3619 3639 sicexag-

1972 3661 2184 3717 gerens
2217 3646 2454 3701 diceret:
2478 3646 2829 3701 Exterminet
2861 3665 3001 3703 sane
3032 3657 3482 3723 nos,postquam
3516 3655 3623 3711 hoc

1972 3751 2113 3791 nore
2144 3736 2391 3805 dejecit;
2425 3740 2482 3790 et
2512 3736 2561 3790 si
2593 3735 2753 3790 omni
2804 3736 3063 3794 humano
3113 3740 3367 3810 privatos
3416 3743 3626 3801 solatio

1972 3824 2115 3888 vult,
2148 3824 2205 3877 in
2238 3827 2417 3878 feram
2451 3824 2709 3894 aliquam
2736 3824 2933 3895 ejiciat
2956 3827 3470 3897 solitudinem,tali
3504 3834 3626 3887 sci-

1973 3914 2107 3969 licet
2136 3914 2696 3969 commemoratione
2728 3916 3030 3971 eonﬁdens
3062 3924 3498 3975 commoturum
3560 3940 3623 3978 se

1975 4002 2233 4074 aliquam
2269 4003 2327 4056 in
2361 4004 2555 4058 animo
2590 4004 2869 4075 principis
2906 4006 3017 4059 sibi
3064 4007 3488 4064 devinctissimi
3525 4016 3628 4066 aut

1976 4092 2439 4147 misericordiam
2466 4110 2535 4147 au
2572 4095 2985 4149 verecundiam
3015 4095 3129 4151 sui.
3164 4102 3241 4152 At
3287 4098 3456 4170 longe
3497 4102 3624 4173 epi-

1974 4183 2148 4238 nione
2182 4182 2365 4238 falsus
2396 4188 2486 4239 est
2517 4200 2661 4251 sua;
2702 4184 2917 4256 quippe
2950 4185 3287 4256 imperator,
3340 4191 3510 4260 cujus
3567 4191 3625 4246 in

1974 4272 2171 4327 animo
2204 4278 2366 4327 tener
2388 4272 2485 4327 ille
2511 4276 2675 4327 vetus
2707 4290 2772 4327 ac
2797 4274 2993 4329 tilialis
3026 4276 3082 4330 in
3115 4278 3435 4347 Josephum
3465 4297 3629 4336 amor

1976 4362 2279 4417 refrixerat
2312 4379 2424 4417 non
2458 4362 2807 4433 parum,hoc
2841 4362 2998 4419 illius
3027 4382 3306 4435 responso
3342 4367 3627 4439 plausibi--

1973 4451 2084 4506 lem
2113 4468 2217 4506 nec
2249 4451 2781 4522 sibinegrligendam
2799 4453 2991 4507 offerri
3008 4456 3441 4512 excusationem
3473 4462 3627 4530 apud

1980 4540 2151 4611 vulgu
2177 4540 2454 4594 scredidit
2486 4540 2779 4595 sententiae
2805 4542 3361 4615 durioris,magnam
3394 4547 3623 4604 invidia;

1978 4635 2204 4702 partem
2241 4630 2568 4683 detractum
2600 4629 2667 4682 iri
2706 4636 2859 4685 recte
2890 4636 3053 4687 ratus
3084 4633 3316 4690 decreto
3368 4634 3426 4691 in
3467 4638 3627 4695 Jose-

1977 4720 2161 4792 phum
2194 4717 2420 4783 exsilio,
2444 4717 2516 4784 si,
2540 4720 2693 4787 quod
2728 4720 2868 4791 egit,
2899 4722 3163 4777 studiose
3193 4724 3521 4797 divulgaret
3570 4728 3628 4785 id

1980 4807 2134 4864 ultro
2167 4808 2278 4863 sibi
2302 4806 2657 4862 conscivisse
2681 4809 3135 4881 peposcisseque
3158 4813 3353 4884 ipsum
3392 4833 3404 4883 ;
3457 4834 3518 4871 se
3568 4818 3627 4875 in

1982 4914 2048 4953 eo
2083 4901 2311 4951 tantum
2346 4895 2628 4951 voluntati
2666 4898 2794 4967 ejus
2835 4902 3051 4970 apertis
3109 4902 3305 4957 verbis
3361 4905 3633 4964 indicata:

1986 4988 2137 5043 2'19
2156 4985 2615 5057 annuisse.Ergo
2644 4984 2811 5041 illum
2836 4987 3032 5043 educit
3057 4989 3327 5057 Laura,et
3345 4996 3636 5065 deportari

1988 5075 2427 5130 curatChelam.
2454 5080 2567 5129 Arx
2581 5091 2647 5129 ea
2662 5074 3037 5131 estinsularis
3060 5078 3116 5131 in
3135 5086 3393 5137 extremo
3421 5084 3636 5140 Euxino

1991 5164 2161 5229 mari,
2216 5164 2502 5219 habitatio
2548 5165 2815 5235 jucunda
2877 5182 3050 5220 verno
3114 5172 3396 5241 tempore,
3458 5174 3646 5229 hieme

1992 5270 2199 5324 aspera
2218 5269 2321 5307 nec
2337 5254 2453 5307 fere
2477 5252 3045 5327 tolerabilis,quippe
3063 5256 3224 5312 illam
3254 5260 3648 5332 Septentrioni

1993 5344 2297 5398 obversam
2331 5341 2585 5397 insulam
2643 5359 2792 5397 δευνο
2836 5345 2975 5397 totis
3009 5347 3278 5403 faucibus
3314 5351 3487 5404 Borea
3520 5367 3646 5420 per-

1997 5433 2172 5486 flante
2204 5437 2258 5485 et
2293 5432 2478 5502 frigus
2527 5430 2826 5485 inhalante
2862 5432 3313 5503 rigidissimum.
3350 5438 3644 5502 Quosdam

1996 5536 2130 5574 vero
2156 5520 2599 5583 monachorum,
2634 5519 2732 5588 qui
2757 5520 2805 5574 ei
2840 5520 3237 5583 arthrerebant,
3293 5524 3474 5577 alium
3535 5526 3648 5581 alio

2001 5610 2330 5666 exsulatum
2366 5606 2546 5676 misit,
2578 5606 2741 5663 varie
2772 5607 2829 5661 in
2863 5608 3035 5679 Egmi
3085 5608 3352 5680 relegans
3406 5613 3559 5668 insul
3582 5625 3632 5663 rs

3250 5729 3327 5788 28
