3912 6192
396 261 504 318 875
819 265 831 273 ”
1700 254 2003 311 GEORGII
2041 257 2504 318 PACHYMERE
3607 278 3700 334 373

401 385 458 442 δέ,
509 405 571 460 γε
631 378 874 470 μοναχὸν
935 377 1166 448 Ἰασίτην
1209 376 1344 470 ΔἸὼϐ
1399 376 1450 470 ἐν
1510 371 1720 449 Καϐαίᾳ
1763 379 2046 470 (φρούριον
2079 380 2560 470 Απραγματείας,
2621 380 2768 438 ἀλλὰ
2823 385 2913 438 καὶ
2971 389 3081 442 τῶν
3140 388 3406 446 Βενετικῶν
3459 393 3634 470 πλούτῳ
3661 419 3703 455 τε

399 477 450 529 δ’
506 471 639 540 αὓτη
700 468 840 542 πρὸς
892 471 973 539 τῷ
1033 467 1307 543 Σαγγάρει
1365 468 1617 541 κείμενον
1671 471 1927 541 ποταμῷ)
1961 469 2049 523 ὑπ’
2158 468 2247 524 καὶ
2318 477 2681 544 παρασκευαῖς
2759 474 3080 550 ὑπερέσχον.
3156 477 3246 532 Διὰ
3295 483 3436 534 τουτο
3494 467 3704 553 invisam

400 564 432 617 ἀ
461 557 744 637 σφαλείαις
774 559 992 631 πεμψας
1015 557 1335 633 περιορίζει.
2160 558 2306 636 σφίσι
2355 561 2442 614 καὶ
2502 559 3026 631 καταλαζονεύεσθαι
3089 566 3162 638 μὴ
3223 568 3371 639 μόνον
3420 573 3513 623 τῶν
3539 576 3616 626 τοῦ
3639 577 3704 648 γέ.

433 717 444 734 Ι
541 711 728 734 ΜΨ.-
804 707 931 734 ML
1004 709 1137 734 “nl
1199 709 1293 734 ut
1357 707 1515 734 _nw
1584 707 1868 734 “UA-Jun
1931 709 1947 734 ι
2157 670 2282 711 νους
2341 648 2576 720 ἐκείνων,
2627 649 2774 707 ἀλλὰ
2826 651 2917 707 καί
2976 654 3259 728 Ῥωμαίων
3305 657 3709 734 αύτῶν.[ῐροσπε.

396 709 464 766 λ’-
541 711 728 772 ὀπως
801 707 931 772 τοὺς
1003 709 1294 797 δξατά,τῂν
1353 707 1516 797 πάλιν
1584 707 1868 772 Γενουΐτας
1929 709 2049 765 έτα-
2159 737 2520 797 φιλοτίμηται
2563 707 2670 797 ’μιν
2725 740 2815 795 οὖν
2874 707 3126 797 βασιλεύς
3176 742 3316 797 ἰδίως
3340 747 3417 797 καὶ
3444 707 3713 797 τὶνῖέᾇᾷέζζτ

1006 744 1139 798 ’ξυδθυδ
1208 744 1294 777 “‘"
1361 744 1516 798 “"5‘"
1591 744 1866 772 ‘°"“"“"‘"
1929 744 2049 765 ων
2159 744 2520 815 φιλοτίμηται
2578 744 2670 814 μὲν
2725 744 2815 795 οὖν
2874 744 3126 814 βασιλεὺς
3176 744 3316 809 ἰδίως
3340 747 3417 800 καὶ
3444 768 3533 801 τινι
3561 750 3603 803 εὖ
3638 758 3712 806 avsi

944 801 1134 835 πεινου
1162 782 1189 835 ὁ
1223 780 1496 856 βασιλευς.
2158 828 2410 856 mnu,“
2475 831 2575 856 Mm
2605 829 2731 856 han
2796 829 2915 856 LM
2958 832 2993 856 γ,
3039 855 3043 856 7
3172 839 3219 856 κη
3274 841 3302 856 η
3447 835 3456 855 ,
3600 772 3632 854 γ’(
3666 842 3686 852 ε

2158 829 2443 902 Γενουῒτῃ,
2475 829 2742 899 Μανουὴλ
2796 829 3077 908 λεγομένῳ
3130 839 3222 888 τοῦ
3272 835 3530 910 Ζαχαρίου,
3567 837 3709 908 τᾶτῆς

461 912 594 970 Τότε
657 915 751 988 μὲν
821 911 913 968 οὖν
966 912 1058 968 καὶ
1117 913 1144 967 ὁ
1207 912 1462 989 βασιλεὺς
1527 912 1896 989 ἐκστρατεύειν
1966 912 2047 968 ἐπ’
2155 918 2272 969 κατ’
2304 916 2574 986 ἀνατολήν
2631 921 2889 982 Φωκαίας
2951 922 3035 994 [Ρ.
3083 923 3207 995 285]
3263 923 3446 996 ὀρεινὰ,
3499 924 3708 996 μέταλλον

392 1002 738 1081 Ὀρεστιάδος
796 1002 1372 1078 παρασκευαζόμενος,
1425 1001 1552 1064 τοὺς
1609 1000 1888 1066 Γενουΐτας
1945 1024 2047 1058 πα·
2158 1004 2402 1079 στύψεως
2452 1003 2674 1081 ἔχοντα,
2733 1007 2811 1082 ἐφ’
2868 1010 2940 1063 ὧν
3007 1007 3072 1079 δὴ
3125 1013 3430 1082 κατοικήσας
3455 1013 3634 1086 πύναμα
3654 1020 3710 1086 τῷ

392 1091 819 1170 ρακινουμένους
854 1092 905 1162 ἐξ
939 1089 1211 1153 ἀναιδείας
1260 1095 1548 1146 ταπεινοῦν
1580 1087 1861 1148 ἐϐούλετο.
1903 1092 2050 1167 Πρό-
2159 1091 2282 1166 ἰδίῳ
2315 1093 2432 1167 λαῴ
2475 1095 2774 1172 εἰργάζετο.
2839 1097 2941 1154 Καὶ
3002 1097 3186 1154 πολλὰ
3237 1107 3332 1168 τῆς
3378 1099 3594 1176 ἐργασίας
3618 1103 3716 1157 ἆπο-

388 1205 544 1260 τερον
583 1183 678 1255 μὲν
711 1181 813 1257 γὰρ
868 1181 1069 1254 πολλῷ
1126 1187 1394 1257 προεῖχον
1454 1187 1601 1260 σφῶν
1662 1181 1931 1238 Βενετικοῖ
1957 1183 2046 1237 καὶ
2171 1181 2400 1254 νάμενος
2427 1182 2517 1237 καὶ
2547 1182 2711 1239 πλέον
2744 1183 2938 1253 ἤθελεν
2974 1185 3120 1262 ἔχειν
3173 1188 3230 1242 ἐκ
3275 1195 3368 1257 τῆς
3413 1193 3497 1243 τοῦ
3517 1195 3718 1263 κρατοῦν-

388 1272 618 1330 τὸκατᾶ
669 1277 803 1350 σφᾶς
861 1269 1137 1348 συνέδριον
1187 1270 1414 1345 πλούτῳ
1452 1294 1511 1326 τε
1568 1272 1659 1327 καὶ
1717 1271 1916 1348 ἅρμασι
1957 1275 2047 1328 καὶ
2153 1291 2245 1332 τος
2301 1272 2436 1345 πρὸς
2493 1271 2694 1328 ἐκεῖνον
2755 1273 3032 1346 εὐμενείας
3103 1275 3191 1330 καὶ
3248 1275 3532 1338 διαθέσεως.
3580 1276 3718 1347 Ἠξὶοο

391 1366 753 1435 παρασκευαῖς
811 1360 1062 1429 άπάσαις,
1123 1357 1215 1415 ἅτε
1270 1363 1358 1416 καὶ
1435 1365 1505 1435 τῇ
1575 1360 1818 1435 Θαλάσσῃ
1876 1383 2045 1438 προσ·
2153 1365 2280 1434 γοῦν
2318 1362 2394 1432 μὴ
2427 1361 2665 1416 ἀνεῖσθαι
2717 1361 3019 1426 Γενουίταις
3079 1366 3138 1419 ἐκ
3194 1369 3296 1420 τῶν
3339 1366 3439 1420 ἅνω
3485 1370 3628 1441 μερῶν
3655 1363 3718 1419 διὰ

393 1451 714 1526 χρωμένους
763 1447 931 1503 πλέον
993 1447 1236 1518 ἐκείνων,
1321 1448 1412 1503 καὶ
1476 1453 1707 1524 μακραῖς
1759 1451 1912 1504 ναυσὶ
1980 1453 2047 1506 τά
2154 1448 2430 1521 θαλάσσης
2483 1451 2740 1522 Εὐξείνου
2799 1453 3049 1530 κατάγειν
3122 1455 3438 1531 στυπτηρίας
3487 1452 3721 1528 μέταλλον,

389 1539 601 1612 πελάγη
653 1536 1201 1614 διαπιραιουμένους,
1245 1540 1337 1593 καὶ
1397 1545 1766 1612 προσκτᾶσθαι
1818 1539 2046 1595 πλείονα
2155 1538 2269 1592 ἐπεὶ
2301 1537 2494 1613 πολλῇ
2523 1562 2629 1594 τινι
2664 1547 2905 1616 χρῶνται
2950 1544 3116 1618 ταύτῃ
3153 1543 3218 1599 τὰ
3243 1542 3294 1614 ἐξ
3325 1543 3470 1617 ἐρίων
3496 1545 3722 1620 ὑφάσματα

389 1627 556 1705 κέρδη
633 1623 940 1683 συνέϐαινεν
1018 1629 1090 1681 ὧν
1171 1629 1223 1682 οἱ
1314 1633 1589 1682 Γενουῖται
1663 1635 2044 1705 προσεκτῶντο
2158 1629 2460 1702 μιαίνοντες
2491 1632 2749 1706 χρώμασι
2802 1628 3109 1708 διαφόροις,
3161 1633 3234 1694 ὡς
3284 1633 3402 1708 ὁρᾷν
3450 1627 3613 1703 ἔξεστι.
3649 1631 3726 1687 Καὶ

391 1723 777 1794 πραγματειῶν
838 1717 1226 1790 μετακομίσεσι
1285 1718 1376 1772 καὶ
1433 1721 1727 1788 κινήσεσιν.
1780 1721 1864 1791 Ἐξ
1915 1721 2042 1774 ὅτου
2075 1767 2119 1794 η
2154 1718 2182 1771 ὁ
2216 1715 2468 1792 βασιλεὺς
2525 1718 2825 1774 κατανεύων
2884 1718 3188 1777 ἐπέταττεν.
3248 1721 3312 1777 Οἱ
3371 1720 3457 1793 μὶν
3495 1721 3572 1774 οὗν
3612 1719 3725 1790 ἰντῇ

399 1767 770 1794 "|"'H"""‘"'
838 1767 1225 1790 Ι’⁷”””“Γ””“’
1287 1767 1375 1772 ’⁷⁷⁷⁷
1436 1767 1727 1788 ””Ἰ’”⁷“’
1800 1767 1864 1791 -Ὄ
1919 1767 2038 1774 "vv
2161 1767 2177 1771 ⁷
2216 1767 2466 1792 l""‘""‘
2528 1767 2820 1774 "w'w'vvw'
2884 1767 3188 1777 ⁷”’”’”””’”
3253 1767 3312 1777 ν⁷
3371 1767 3452 1793 F‘"
3498 1767 3568 1774 vv.
3613 1767 3646 1773 ””
3685 1767 3724 1790 ’λ’

394 1805 453 1862 δὲ
506 1809 604 1861 τοῦ
659 1805 912 1878 Εὐξείνου
968 1803 1235 1881 πεκάγους
1304 1804 1580 1880 ἐγκρατεῖς
1638 1805 1887 1882 ἐγένοντο
1942 1767 2312 1862 Γε-Βπόλει
2355 1813 2629 1862 Γενουῖται
2663 1809 2777 1880 ἅμα
2832 1809 2928 1882 μὶν
2984 1808 3298 1883 αἰδούμενοι
3348 1810 3441 1877 τὴν
3493 1805 3724 1884 βασιλικὴν

394 1899 603 1951 νουῖται
666 1893 937 1970 βασιλέως
998 1891 1242 1956 διδόντος
1306 1895 1395 1949 καὶ
1455 1895 1506 1949 ἐν
1567 1893 1844 1972 ἐλευθερίά
1898 1898 2044 1970 πάσῃ
2155 1895 2464 1969 πρόσταξιν,
2498 1897 2611 1969 ἅμα
2670 1894 2727 1951 δὲ
2783 1897 2872 1952 καὶ
2936 1899 3011 1961 ὡς
3060 1899 3161 1967 τὴν
3222 1897 3381 1952 πόλιν
3426 1899 3514 1966 τήν
3544 1896 3730 1970 ἐσχάτην

395 1983 486 2040 καὶ
517 1983 752 2057 ἀτελείᾳ,
801 1985 888 2039 καὶ
950 1979 1304 2056 κατετόλμων
1362 1985 1530 2038 αὐτοῦ
1587 1984 1675 2039 καὶ
1731 1983 1895 2058 μέσου
1927 2005 2045 2060 χει-
2154 1980 2418 2039 ἀπόϐασιν
2481 1979 2723 2060 ἔχοντες,
2784 1983 2974 2058 ἔμενον
3035 1987 3124 2041 ἐπὶ
3181 1986 3383 2062 τρόπου
3433 1990 3520 2040 τοῦ
3562 1985 3617 2038 τὰ
3638 1982 3728 2038 ἐτε-

401 2078 583 2148 μῶνος
640 2072 692 2128 ἐν
751 2070 1209 2146 συστελλομέναις
1283 2077 1419 2128 κατᾶ
1493 2080 1668 2146 μῆκος
1722 2073 1927 2144 ναυσὶν,
1986 2073 2045 2136 ἃς
2155 2071 2431 2147 σταλμένα
2471 2074 2748 2150 πληροῦν.
2799 2075 2999 2133 Ἄλλοι
3051 2075 3111 2131 δέ
3157 2097 3300 2138 τινες
3332 2075 3388 2130 ἐκ
3415 2073 3615 2135 Γενούας
3642 2073 3735 2145 παρ’

398 2161 600 2218 ἐκεῖνοι
650 2161 870 2237 ταρίτας
928 2161 1175 2236 λέγουσι,
1232 2159 1514 2231 πλέοντες,
1563 2163 1639 2235 μή
1697 2163 1862 2235 μόνον
1910 2164 2046 2216 Ῥω-
2156 2160 2306 2217 οὐδὲν
2338 2164 2439 2231 τὴν
2481 2161 2769 2238 πρόσταξιν
2824 2163 3064 2238 θέμενοι,
3114 2163 3578 2239 ναυπηγησάμενοι
3608 2160 3734 2234 μείζω

399 2251 583 2327 μαίοις
613 2250 934 2308 ἀπέκλεισαν
991 2251 1087 2314 τὰς
1142 2252 1280 2306 κατά
1339 2249 1609 2306 θάλασσαν
1636 2251 1927 2314 κελεύθους
1956 2252 2045 2305 καὶ
2156 2247 2385 2328 φορτίδα
2415 2250 2764 2327 στρογγύλην
2817 2256 2925 2306 τῶν
2991 2254 3509 2331 βαρυφορτηγουσῶν
3539 2246 3735 2320 ἐξέπλεον

388 2475 464 2525 At
495 2467 1326 2525 monachumJasitenJobum
1344 2469 1818 2540 Chabaaam,ques
1843 2472 2046 2524 arxest
2163 2468 2538 2534 insolescere,
2573 2486 2688 2523 non
2721 2468 2852 2525 aliis
2882 2471 3057 2526 modo
3109 2469 3334 2526 Latinis
3382 2486 3488 2541 prae
3527 2485 3581 2523 se
3621 2480 3742 2536 sper-

387 2559 457 2614 ad
490 2563 806 2628 Sangarem
837 2572 1072 2612 amnem
1106 2557 1241 2626 sita,
1275 2558 1393 2612 ﬁda
1433 2557 1513 2612 ibi
1537 2557 1802 2613 custodia
1834 2564 2042 2612 tenen-
2154 2556 2386 2623 nendis,
2431 2557 2530 2611 sed
2564 2557 2848 2612 Romanis
2883 2559 3057 2613 etiam
3094 2559 3154 2614 in
3187 2559 3420 2614 Oriente
3448 2552 3740 2611 dominanti-

393 2647 533 2703 dum
563 2645 747 2702 misit.
2149 2645 2861 2703 bus.Attribueratautem
2896 2646 3125 2702 liberali
3154 2646 3456 2720 privilegio
3483 2646 3744 2715 imperator

2149 2734 2384 2788 cuidam
2417 2734 2711 2790 Genuensi
2751 2734 2955 2805 nobili,
2992 2737 3088 2791 cui
3118 2735 3377 2792 Manueli
3408 2749 3600 2790 nomen
3627 2733 3740 2795 erat,

382 2808 555 2865 30.!!!
589 2807 958 2896 Cannensium
999 2808 1058 2861 in
1097 2807 1820 2896 'propt'iqﬂjnsortfmlttrbe
1841 2807 2039 2878 άϐθϐη-
2145 2822 2434 2878 Zachariae
2491 2823 2630 2892 filio,
2701 2823 2948 2879 Phocaeae
3016 2833 3259 2882 monata
3333 2841 3457 2896 quea
3501 2821 3743 2878 Orientem

671 2881 813 2934 “um
841 2881 1050 2950 fastum
1074 2879 1404 2949 άθΡνθκθνίί
1425 2879 1750 2942 imperator“
2147 2879 2658 2984 spectant,quibu’s
2691 2913 2897 2969 insunt
3289 2879 3512 2969 fodinis.
3565 2910 3633 2966 Ibi
3675 2906 3746 2961 ille

453 3005 621 3061 Circa
649 3004 762 3061 hoc
791 3009 1024 3076 tempus
1049 3003 1369 3076 imperator
1387 3002 2039 3076 expeditioneminOre-
2146 3001 2424 3058 habitans
2457 3018 2591 3057 cum
2625 3002 2733 3057 sibi
2766 3003 3032 3074 subjecta
3053 3020 3376 3077 Operarum
3418 2996 3739 3058 multitudine

387 3095 638 3152 stiadem
694 3095 1012 3159 adornans,
1068 3092 1467 3149 Genuensium
1529 3109 1658 3148 sese
1718 3092 2039 3148 insolenter
2068 3108 2111 3174 ρ
2146 3091 2436 3146 indefessa
2471 3091 2776 3146 laborabat
2818 3094 3077 3148 eruenda
3136 3093 3616 3160 distrahendaque
3660 3087 3744 3139 ista

383 3183 751 3240 efferentium
775 3183 992 3238 fastum
1026 3182 1354 3253 deprimere
1373 3181 1702 3238 constituit.
1735 3181 1838 3236 His
1864 3185 2036 3236 antea
2083 3172 2110 3174 ﬂ
2147 3195 2337 3234 merce
2367 3197 2379 3247 ;
2423 3196 2489 3235 ac
2511 3196 2643 3234 cum
2675 3181 2807 3235 inde
2836 3180 3166 3252 plurimum
3202 3179 3588 3253 congessisset
3616 3172 3748 3235 lucri,

383 3273 618 3344 quidem
643 3271 840 3327 Veneti
863 3270 1019 3325 haud
1044 3269 1220 3325 dubie
1242 3270 1685 3341 praecelluerant
1701 3270 1910 3341 opibus
1926 3287 2032 3326 cae-
2142 3274 2340 3340 gustu,
2376 3272 2439 3324 ut
2472 3269 2558 3335 ﬁt,
2590 3274 2853 3340 quaestus
2885 3270 2940 3324 in
2973 3271 3240 3344 amplius
3289 3267 3594 3326 ditescendi
3619 3262 3746 3320 sitim

380 3365 623 3431 teroque
653 3357 985 3429 splendore,
1017 3358 1099 3412 ita
1157 3361 1222 3412 ut
1279 3357 1488 3412 horum
1539 3375 1828 3428 proceres,
1879 3360 2034 3414 unde
2141 3374 2423 3412 accensus
2454 3358 2571 3412 voti
2598 3375 2659 3413 se
2690 3359 2868 3430 hujus
2902 3360 3019 3414 fore
3051 3365 3393 3431 compotem
3426 3353 3671 3430 speravit,
3710 3349 3747 3403 si

381 3447 696 3504 concilium
729 3445 1035 3518 publicum
1067 3450 1125 3500 et
1147 3447 1337 3517 gentis
1369 3451 1610 3501 senatus
1641 3446 2032 3516 constat,divi-
2139 3447 2498 3517 benignitate
2530 3447 2920 3520 imperatoris,
2971 3467 3149 3521 quem
3189 3450 3304 3505 sibi
3360 3451 3628 3504 faventem
3653 3445 3747 3498 erat

382 3537 506 3602 tiis,
539 3535 720 3592 armis
751 3539 808 3590 et
839 3534 1060 3604 reliquo
1090 3539 1374 3606 apparatu
1410 3535 1603 3590 omnis
1651 3535 1882 3605 generis
1913 3536 2029 3591 Ge-
2137 3541 2430 3607 expertus,
2466 3535 2715 3592 ulterius
2775 3538 2858 3592 uti
2913 3545 3204 3610 pergeret.
3253 3543 3394 3594 Cum
3426 3537 3593 3609 igitur
3616 3546 3747 3602 expo-

380 3623 898 3696 nuensibuslonge
927 3623 1284 3696 copiosiores
1315 3627 1878 3696 apparerent.Causa
1906 3631 2031 3682 erat
2136 3626 2353 3680 suisset
2383 3642 2564 3697 prono
2583 3627 2652 3680 ad
2685 3626 2766 3680 illi
2801 3628 3269 3698 gratiﬁcandum
3289 3633 3753 3702 Augustoaccom-

377 3714 736 3785 differentia,
768 3714 920 3786 quod
971 3712 1179 3769 Veneti
1231 3712 1365 3786 plus
1398 3713 1544 3770 mari
1603 3718 1926 3784 uterentur,
1972 3720 2029 3770 et
2137 3715 2390 3770 modatis
2419 3716 2638 3769 simum
2673 3716 2741 3770 ad
2775 3717 2864 3771 sui
2899 3719 3240 3788 compendii
3269 3719 3526 3774 rationes
3558 3715 3676 3778 fore,
3713 3707 3747 3761 si

379 3804 630 3862 navibus
659 3803 852 3877 longis
884 3803 1127 3859 assidue
1158 3802 1311 3858 ultro
1333 3802 1599 3874 citroque
1630 3807 2024 3859 commeantes
2135 3808 2373 3876 negaret
2402 3804 2676 3875 deinceps
2697 3803 2827 3860 aliis
2850 3804 3282 3862 Gcnuensibus
3325 3805 3641 3862 facultatem
3668 3798 3751 3852 im-

379 3891 904 3968 quaastuosissimis
935 3890 1306 3948 commerciis
1336 3891 1456 3947 vim
1475 3891 1733 3963 pecuniae
1753 3907 2025 3965 congere~
2132 3892 2403 3965 portendi
2436 3891 2672 3949 alumen
2705 3910 2738 3948 a
2767 3894 3181 3965 superioribus
3216 3914 3326 3968 per
3355 3897 3595 3950 Pontum
3618 3885 3750 3944 Euxi-

376 3984 688 4052 rent,haud
721 3982 895 4055 paulo
927 3981 1210 4053 majorem
1245 3997 1420 4052 quam
1473 3986 1756 4052 quantam
1807 3981 2021 4036 lucrari
2130 3999 2270 4038 num
2307 3981 2592 4054 partibus,
2619 3981 2753 4038 inde
2783 3983 3078 4054 siquidem
3123 3985 3250 4039 vim
3277 3985 3496 4041 inferre
3525 3989 3755 4050 magnam

377 4073 741 4146 contingeret
763 4070 1177 4128 Gcnuensibus
1209 4070 1363 4126 intra
1386 4070 1531 4126 fines
1564 4070 1934 4143 angustiores
1965 4076 2022 4126 et
2127 4069 2211 4126 illi
2243 4077 2664 4126 consueverant
2696 4071 2871 4127 istius
2902 4072 3118 4128 mercis
3141 4073 3470 4129 vendibilis
3493 4074 3548 4125 in
3570 4064 3753 4142 primis.

375 4163 546 4234 quasi
569 4161 839 4217 timidius
863 4160 1405 4232 negotiantibus.Ex
1437 4176 1551 4231 quo
1582 4165 1776 4214 autem
1810 4160 2016 4214 Euxini
2128 4160 2404 4232 quoniam
2441 4158 2755 4231 plurimus,
2791 4166 2961 4230 prout
3018 4161 3329 4234 hodieque
3359 4160 3627 4224 cernitur,
3655 4155 3756 4224 ejus

370 4255 639 4324 potentes
670 4250 872 4318 maris,
905 4251 1257 4306 concedente
1302 4250 1672 4320 imperatore,
1707 4249 1867 4305 fuere
1909 4254 2014 4306 Ge-
2126 4265 2269 4304 usus
2300 4253 2387 4302 est
2418 4247 2474 4301 in
2511 4246 3308 4319 panniselanatextacolore
3323 4250 3484 4305 vario
3509 4240 3755 4304 fucandis,

370 4355 624 4396 nuenses
658 4338 1452 4410 cumplenalibertateatque
1481 4338 1857 4393 immunitate
1882 4355 2016 4410 por—
2122 4336 2456 4409 impetravit
2485 4337 2639 4407 quod
2676 4336 2889 4404 voluit;
2923 4342 2978 4392 et
3010 4339 3209 4394 edicto
3254 4338 3514 4411 Augusti
3558 4333 3652 4389 rite
3687 4327 3754 4383 si-

365 4429 650 4484 toriorum
682 4433 740 4483 et
761 4427 1136 4500 vectigalium
1168 4427 1708 4499 quorumvis,tanta
1739 4435 1794 4482 et
1825 4433 2010 4484 atten-
2043 4475 2087 4500 η
2119 4434 2292 4498 gnato
2315 4428 2691 4482 interdictum
2725 4444 2793 4481 ea
2816 4427 3222 4498 negotiatione
3246 4427 3654 4484 Gcnuensibus
3671 4425 3756 4475 est.

369 4475 650 4484 ““’“’“““““”’
685 4475 739 4483 "'
772 4475 1136 4500 ""'O"""'-
1171 4475 1304 4499 1""
1326 4475 1708 4494 "_"""'""'
1742 4475 1793 4482 "
1826 4475 1979 4484 """"
2120 4475 2289 4498 D"""'
2317 4475 2691 4482 '“"""'""'-'
2730 4475 2793 4481 ""
2817 4475 3220 4498 "“O"'"‘""‘"'
3252 4475 3607 4484 """'“"""""_‘
3642 4475 3647 4476 ⁷

363 4516 524 4573 tione
554 4520 613 4572 et
633 4514 982 4572 assiduitate
1015 4516 1073 4570 in
1107 4531 1230 4571 rem
1263 4514 1683 4587 incubuere,ut
1716 4532 1787 4571 ne
1821 4517 2012 4572 media
2043 4475 2088 4541 D
2121 4517 2222 4574 Isti
2257 4519 2509 4584 decreto,
2545 4516 2642 4571 ubi
2675 4516 2922 4586 enotuit,
2965 4533 3032 4571 ea
3078 4518 3338 4588 quidem
3392 4509 3755 4573 Genuensium

361 4605 600 4677 quidem
624 4604 1592 4662 hieme420dubitaremPontum
1615 4607 2009 4678 transfretare,
2123 4625 2280 4680 pars,
2317 4623 2442 4676 qua:
2475 4603 2840 4659 domicilium
2891 4607 3425 4679 Constantinopoli
3459 4604 3693 4661 habebat
3716 4601 3759 4650 et

361 4698 591 4751 utentes
624 4695 694 4751 ad
728 4695 786 4750 id
819 4712 934 4750 non
964 4693 1199 4768 penitus
1230 4693 1520 4764 rotundis,
1565 4695 1662 4750 sed
1699 4699 2010 4752 contracta:
2120 4697 2256 4753 sede
2291 4697 2656 4752 fortunarum
2680 4695 2804 4764 jam
2855 4693 2971 4748 illic
3024 4696 3371 4750 constituta
3430 4711 3540 4749 non
3600 4689 3754 4745 alium

358 4784 747 4858 longitudinis
778 4784 1212 4856 navibus,quas
1243 4783 1354 4855 ipsi
1378 4785 1608 4839 Taritas
1640 4789 1867 4840 vocant.
1892 4785 2008 4841 Hac
2118 4785 2253 4841 alibi
2290 4784 2518 4854 uspiam
2543 4787 2836 4852 receptum
2861 4798 2922 4836 se
2939 4781 3162 4838 habere
3184 4772 3761 4851 sentiebat,refragari

356 4875 442 4930 illi
471 4874 817 4930 strenuitate
836 4889 902 4929 ac
924 4873 1231 4946 diligentia
1252 4889 1366 4927 non
1392 4873 1563 4928 modo
1583 4872 1860 4928 Romanis
1879 4890 2005 4931 ma-
2116 4873 2455 4930 auctoritati
2487 4870 2793 4943 principis,
2829 4870 2887 4923 in
2920 4871 3090 4941 cujus
3127 4872 3403 4928 dictione
3424 4872 3650 4933 viveret,
3669 4877 3755 4918 non

354 4963 563 5020 ritimis
602 4961 1018 5034 negotiationis
1049 4962 1174 5019 vias
1205 4978 1410 5017 omnes
1443 4961 1844 5032 interclusere,
1882 4965 2004 5018 fru-
2113 4962 2410 5031 ausa,lalis
2433 4959 3049 5031 deincopsinvectione
3073 4961 3467 5017 mercimonii
3490 4954 3760 5016 421nm-

352 5058 632 5125 ctumque
681 5051 999 5108 aclucrum
1031 5052 1102 5107 ad
1137 5067 1198 5106 se
1231 5056 1455 5106 traxere
1487 5051 1710 5106 navalis
1744 5053 2002 5107 universi
2111 5053 2288 5106 tinuit
2346 5050 2609 5119 obnoxie,
2669 5048 2968 5102 mandatis
3029 5050 3430 5120 imperatoris
3485 5050 3757 5114 obtempe-

349 5142 685 5200 commercii
719 5158 733 5197 :
767 5158 969 5198 verum
1023 5140 1197 5196 etiam
1259 5140 1315 5194 id
1369 5140 1664 5194 consecuti
1723 5145 1885 5205 sunt,
1935 5146 2000 5196 ut
2108 5157 2264 5195 rans.
2288 5139 2502 5194 Verum
2538 5136 2904 5208 aliiquidam
2928 5153 2994 5191 ex
3025 5153 3092 5190 ea
3119 5145 3314 5208 gente
3348 5136 3641 5196 domicilia
3666 5133 3760 5189 Ge-

344 5249 589 5291 numero
621 5232 908 5305 pecuniae,
941 5240 996 5287 el
1030 5231 1185 5302 quod
1241 5230 1378 5284 inde
1419 5228 1765 5300 plerumque
1797 5246 1996 5284 conse-
2107 5247 2238 5284 uuas
2260 5226 2910 5298 habentes,praeseripto
2944 5226 3344 5296 imperatoris
3361 5229 3528 5283 nihili
3563 5225 3756 5284 habito,

342 5325 565 5398 quitur,
587 5321 748 5379 cultu
777 5337 843 5377 ac
876 5321 1012 5376 luxu
1047 5324 1292 5376 ornatus
1323 5317 1466 5374 varii
1513 5333 1850 5388 pompuque
1880 5319 1994 5374 do-
2104 5314 3759 5387 fabricatinavemingenten‘rrotundaeformaaonerariam.

337 5413 581 5471 mestica
605 5411 881 5485 speciosa:
913 5410 1298 5484 pretiosaeque
1324 5405 1710 5480 supellectilis
1744 5411 1994 5464 Venetos
2101 5425 2131 5463 e
2183 5409 2417 5480 proprio
2451 5407 2741 5462 solventes
2801 5409 2966 5474 portu
2997 5409 3054 5458 et
3087 5402 3150 5458 in
3218 5407 3554 5462 Thracium
3602 5399 3757 5458 evecti

325 5505 453 5576 jam
485 5504 645 5576 ipsos
675 5505 808 5574 post
838 5517 900 5557 se
931 5499 1352 5570 relinquerent.
1384 5497 1534 5553 Hinc
1569 5513 1729 5552 more
1767 5497 1987 5568 ingenii
2098 5498 2419 5568 Bosporum
2455 5514 2558 5569 per
2580 5496 2746 5551 Ponti
2799 5495 2995 5549 lances
3045 5493 3103 5546 in
3167 5497 3480 5553 Euxinum
3513 5496 3757 5570 penetra-

330 5592 579 5650 humani
608 5591 852 5666 contigit
883 5591 1028 5665 ipsis
1068 5589 1272 5647 etl‘erre
1320 5605 1449 5646 sese
1501 5588 1874 5662 arrogantius
1931 5595 1988 5645 et
2097 5590 2255 5657 runt,
2289 5586 2450 5643 nulla
2480 5603 2621 5642 cura
2651 5588 2752 5641 aut
2784 5583 3007 5640 ratione
3037 5581 3260 5642 habita
3283 5588 3378 5644 vel
3408 5580 3756 5659 imperstOris
