3912 6192
245 302 336 361 877

1239 296 1333 351 ΒΕ
1368 294 1745 352 MICHABLE
1786 297 2236 360 PALEOLOGO
2270 307 2405 362 LIB.
2438 310 2507 364 ν.

3477 317 3583 373 878

246 430 324 494 τῆς
367 418 614 514 σφετέρας,
654 415 747 471 καὶ
790 413 872 514 ,δὴ
925 420 1006 514 τῶ
1356 414 1818 514 προσοκείλαντες
1845 420 1902 487 Α
1933 415 2455 514 λῇς-κατεφαίνοντο
2510 430 2636 504 ὃρη,
2692 432 2782 487 καὶ
2838 432 2905 503 ἦν
2968 435 3063 506 μὶν
3123 436 3310 498 αὐτοῖς
3368 440 3502 495 ποτὶ
3532 440 3583 514 ἐξ

245 510 457 582 Βοσπόρῳ
482 504 717 562 διέπλεον
748 505 816 560 τὰ
841 506 998 560 στενά
1038 509 1135 560 τοῦ
1184 505 1418 577 Ηόντου,
1452 505 1822 581 ἀφροντίστως

244 602 416 675 ἔχοντες
442 596 518 651 καὶ
550 593 815 671 βασιλέως
869 595 959 650 καὶ
1016 599 1113 650 τοῦ
1172 595 1307 649 κατά
1351 599 1483 673 σφᾶς
1516 596 1779 665 cev-15660:
1804 612 1817 627 ⁸

244 687 353 763 μηδὲ
398 685 487 761 γὰρ
539 685 665 739 εἶναι
718 685 809 739 τὸν
870 684 1243 761 προσίσχοντα
1295 690 1412 746 τοῖς
1468 684 1718 748 ἐνταυθοῖ
1764 684 1824 739 ἐκ

242 776 440 844 Γενοόας,
486 772 600 847 πρὶν
661 771 721 827 ἄν
775 773 913 849 πρὸς
970 779 1091 836 ταῖς
1149 774 1494 849 Βλαχέρναις
1533 776 1825 849 γενόμενον

239 862 425 942 βασιλέα
449 884 499 917 τε
528 862 787 939 εὐφημεῖν
847 863 913 917 τὰ
971 863 1153 918 εἰκότα
1200 863 1289 917 καὶ
1337 868 1683 937 προσκυνεῖν,
1718 862 1826 917 ἐτέ-

237 956 344 1030 ρωθι
368 951 645 1027 τρέπεσθαι.
694 952 831 1009 Τότε
878 950 1058 1007 τοίνυν
1110 951 1307 1007 ἐκεῖνοι
1354 949 1445 1007 καῖ
1495 951 1667 1007 αὐτῶν
1701 973 1827 1006 συν-

235 1046 389 1107 θεσιῶν
442 1045 536 1096 τῶν
584 1041 721 1095 κατὰ
770 1046 905 1119 σφᾶς
955 1042 1354 1114 ἀμελήσαντες,
1406 1041 1575 1115 οὐρίῳ
1615 1040 1827 1116 χρησά-

236 1152 353 1205 μενοι
394 1134 465 1202 τῷ
506 1128 561 1183 ἐκ
602 1129 763 1184 νότου
812 1129 1077 1203 πνεύματι
1126 1130 1394 1207 ἀνήγοντο
1436 1130 1825 1207 ἀφροντίστως,

234 1219 305 1273 καὶ
345 1217 397 1272 τὸ
441 1212 604 1289 στόμα
651 1211 958 1278 διεκϐάντες
1005 1221 1103 1271 τοῦ
1154 1217 1365 1273 Πόντου
1412 1218 1549 1290 πρὸς
1578 1223 1697 1279 τοῖς
1731 1219 1827 1294 βα-

230 1305 365 1381 ρείοις
388 1311 478 1373 τῆς
505 1303 776 1376 Θαλάσσης
831 1305 1046 1378 λιμέσιν
1100 1305 1381 1382 ἐνὼρμων.
1431 1308 1687 1364 Κάκεῖνοι
1731 1308 1825 1380 μὲν

228 1396 280 1449 τὰ
304 1393 462 1449 πολλὰ
486 1392 567 1449 ἐπὶ
605 1394 803 1469 χρόνον
844 1396 1255 1470 πειρατεῦοντες
1308 1394 1605 1453 διετέλουν.
1638 1400 1826 1451 Ὕστε-

224 1504 298 1557 ρον
345 1483 423 1537 καί
480 1488 941 1561 φορταγωγοῦσαν
1001 1483 1327 1559 ληϊσάμενοι
1384 1490 1533 1554 ναῦν,
1570 1486 1671 1540 οὐκ
1702 1485 1825 1541 ὀλί-

220 1593 298 1646 γον
327 1572 472 1646 μέρος
522 1577 623 1627 τοῦ
682 1575 885 1650 φόρτου
939 1575 1029 1629 καὶ
1086 1574 1415 1649 στυπτηρίαν
1472 1572 1725 1650 ἔχουσαν,
1771 1574 1824 1630 ἐν

217 1660 356 1733 ταύτῃ
403 1660 464 1715 τὰ
516 1660 684 1717 πάντα
743 1662 1083 1735 νηησάμενοι
1142 1667 1259 1718 κατ’
1337 1664 1633 1743 ἀσφάλειαν
1694 1666 1825 1740 θαρ-

1933 508 2136 583 οὐρίων
2169 512 2379 589 πλέειν,
2412 519 2543 573 ποτέ
2575 517 2632 574 δὲ
2681 522 2771 575 καὶ
2820 520 3081 597 λεχρίους
3118 525 3267 599 ’πρὸς
3294 526 3387 580 τὸν
3416 508 3586 599 ἐμπίλ

1933 620 2135 689 πτοντα
2162 600 2381 678 ἄνεμον,
2436 606 2585 671 ὅπως
2637 607 2695 663 ἄν
2755 611 2903 689 σφίσι
2964 612 3120 688 ῥέποι
3168 615 3231 669 τὸ
3262 620 3495 689 πνεῦμα,
3530 617 3581 672 ἐν

1933 686 2127 753 ἄλλοις
2164 694 2258 765 μὲν
2290 693 2549 770 αὔταρκες
2610 698 2678 767 ἧν
2734 686 2809 753 το
2850 686 3099 756 τοιοῦτον
3144 705 3233 758 καὶ
3267 686 3414 782 σφίσι
3447 705 3583 761 ἀπο-

1936 779 2200 853 χρώντως
2234 781 2350 857 εἶχε
2407 786 2541 858 πρὸς
2599 783 2883 857 εὔπλοιαν,
2943 794 3010 864 τῇ
3067 791 3235 866 Φάρῳ
3286 779 3343 847 δέ
3390 794 3585 869 προσί-

1934 887 2158 943 σχουσιν
2190 869 2242 925 ἕν
2275 872 2364 926 καὶ
2400 874 2561 946 μόνον
2606 874 2963 949 ἐδοκιμάζετο
3013 885 3227 952 πνεῦμα
3273 889 3586 957 χρησιμεῦ-

1935 977 2027 1010 σον
2053 958 2116 1011 τὸ
2144 964 2241 1013 τοῦ
2276 960 2470 1037 βορῥᾶ,
2529 968 2615 1035 [Ρ.
2662 968 2791 1039 286]
2850 966 2994 1036 πλὴν
3057 968 3155 1023 οὐκ
3183 969 3462 1044 ἀνειμένον
3495 976 3587 1028 καὶ

1933 1046 2659 1141 καταρρᾳθυμημένωςᾶον
2720 1056 2793 1117 ὡς
2850 1058 2940 1111 καὶ
2998 1058 3073 1121 εἰς
3122 1059 3376 1133 νηνεμίαν
3426 1064 3590 1141 ἀμφι-

1935 1130 2232 1230 ϐάλλεσθαι
2262 1140 2325 1194 τὸ
2357 1145 2453 1195 τοῦ
2484 1140 2641 1217 ἀέρος
2698 1145 3023 1217 κατάστημα
3079 1147 3140 1202 ἐκ
3188 1130 3283 1202 τοῦ
3312 1152 3377 1203 τὰ
3407 1130 3575 1230 λαίιρη

1934 1225 2022 1279 καὶ
2058 1226 2219 1299 μόνον
2250 1228 2487 1306 ψαίρειν,
2521 1228 2648 1285 ἀλλ’
2693 1230 2750 1287 ὃν
2803 1231 2904 1308 ἄρα
2948 1236 3037 1289 καὶ
3081 1238 3349 1308 Ταναίτην
3386 1225 3589 1313 ὀνομά-

1935 1316 2051 1370 σετέ
2079 1337 2163 1378 τις
2192 1322 2297 1371 τῶν
2343 1324 2608 1374 ναυτικῶν
2638 1339 2649 1353 '
2709 1321 2895 1393 τούτῳ
2950 1325 3051 1398 γὰρ
3109 1323 3200 1378 καὶ
3252 1326 3403 1398 μόνῳ
3434 1327 3587 1402 εἶχον

1936 1404 2330 1481 ἰσχυρίζεσθαι,
2368 1407 2743 1479 ἀπηλπικότες
2787 1416 2894 1466 τῶν
2948 1409 3155 1482 ἄλλων,
3187 1415 3325 1489 πρὸς
3353 1416 3445 1470 τὸν
3479 1416 3584 1472 ἀπὸ

1932 1499 2029 1548 τοῦ
2065 1494 2333 1570 βασιλέως
2368 1495 2541 1572 λόχον
2574 1504 2694 1561 ταῖς
2739 1502 2989 1575 πορείαις
3034 1502 3211 1557 αὐτῶν
3246 1503 3585 1578 ἐφιζάνοντα.

1936 1585 2039 1638 Καὶ
2096 1585 2147 1660 γ’
2203 1584 2283 1662 ἐφ’
2341 1588 2577 1661 ἡμέραις
2633 1587 3019 1663 προσδοκῶσιν
3088 1592 3347 1665 ἀσμένοις
3404 1594 3586 1671 σφίσιν

1935 1672 2129 1744 ἐπέστη
2161 1675 2249 1729 καὶ
2284 1673 2539 1752 λαμπρὸς
2574 1673 2743 1746 ἔπνει,
2794 1679 2880 1734 καὶ
2935 1678 2987 1749 ἐξ
3038 1680 3237 1756 οὖρίων
3280 1682 3342 1736 τὸ
3373 1688 3590 1757 πνεῦμα

223 1748 402 1859 ἑοῦντες
424 1747 743 1859 κατέπλεον.
797 1750 1063 1814 Βασιλεὺς
1114 1750 1171 1807 δὲ
1217 1752 1526 1826 πυθόμενος
1576 1754 1678 1822 τήν
1711 1751 1827 1807 διά·
1857 1759 2118 1859 Βτίστατο
2148 1767 2216 1836 τῇ
2246 1747 2458 1844 νηῗ.νῼ
2510 1763 2574 1835 δὴ
2630 1747 2995 1843 θαῤῥήσαντεὲ
3043 1747 3141 1830 τάξ
3187 1768 3401 1841 τόλμας
3430 1747 3593 1848 ἐθέρ-

375 1838 389 1859 ρ
583 1844 614 1855 ρ.
732 1841 745 1859 .
1065 1842 1077 1859 .
1302 1841 1316 1859 ,
1451 1848 1475 1858 ..
1689 1842 1703 1859 κ
1742 1842 1755 1859 .
1810 1843 1825 1859 ε
1952 1851 1963 1859 .
2169 1854 2179 1859 -
2278 1852 2352 1859 --.
2572 1858 2580 1859 ,
2712 1856 2720 1859 _
2896 1858 2899 1859 ,
3228 1858 3236 1859 ,
3295 1858 3299 1859 ν
3410 1857 3421 1859 _

221 1833 348 1891 ὄασιν
372 1838 421 1894 ἐν
469 1836 628 1911 δεινῷ
686 1841 786 1909 τὴν
839 1842 1238 1919 καταφρόνησιν
1300 1841 1557 1913 ἐποιεῖτο,
1616 1842 1704 1897 καὶ
1738 1842 1826 1897 ἐπὶ

220 1924 467 2002 λογισμῶν
565 1924 792 2007 ἔστρεφε
866 1935 984 1992 πῶς
1058 1928 1119 1985 ἄν
1196 1930 1465 2007 ἐγγένοιτο
1541 1930 1591 1985 ἐν
1668 1932 1828 2007 χερσὶ

221 2017 322 2078 τοὺς
349 2021 851 2096 καταφρονήσαντας
882 2026 1189 2095 περισχεῖν.
1225 2019 1385 2077 Ἀλλ’
1435 2018 1549 2075 οὐδ’
1602 2020 1828 2084 ἐκείνοις

215 2106 423 2181 ἠγνόητο
450 2110 509 2163 τὸ
547 2108 872 2183 παράπανὴ
904 2114 1005 2164 τοῦ
1057 2112 1327 2186 βασιλέως
1372 2110 1617 2183 θέλησις.
1664 2112 1831 2185 Ἀμέ-

215 2194 282 2249 λει
304 2216 378 2249 τοι
406 2198 489 2252 καὶ
525 2194 620 2252 διὰ
671 2197 954 2277 φροντίδος
1003 2198 1289 2255 ἐποιοῦντο
1325 2208 1426 2271 τῆς
1460 2201 1522 2255 οὐ
1551 2200 1831 2277 τυχούσης

206 2284 280 2337 τὸν
306 2283 464 2341 πλοῦν
524 2286 789 2357 εὗοδῆσαι
843 2288 990 2367 σφίσι
1043 2291 1134 2345 καὶ
1187 2289 1379 2353 αὐτοὺς
1428 2288 1709 2366 διαδρᾶναι
1739 2291 1829 2345 τὸν

206 2371 443 2446 κίνδυνον,
495 2376 553 2432 ὅν
624 2376 985 2442 ἐπυνθάνοντο
1044 2380 1379 2455 ἐπηρτῆςθαι
1434 2380 1652 2443 τούτοις
1685 2380 1833 2454 παρά

212 2459 467 2534 βασιλέως.
501 2466 592 2528 Ὦς
656 2470 785 2542 γοῦν
846 2465 1047 2533 ἐκεῖθεν
1092 2466 1318 2524 πλέουσι
1366 2469 1433 2523 τὰ
1475 2475 1576 2538 τῆς
1631 2469 1832 2523 ἀνατο-

208 2693 280 2749 vel
309 2698 550 2771 antiqua
573 2701 1035 2757 consuetudinis
1060 2702 1470 2775 ipsorum,qua
1495 2701 1652 2758 soliti
1681 2705 1836 2757 eate-

208 2799 303 2839 nus
326 2787 686 2861 t'uerant,ubi
711 2792 970 2862 primum
1004 2795 1421 2864 comparebant
1444 2794 1503 2848 in
1536 2792 1629 2849 his
1657 2792 1835 2865 parti-

205 2871 319 2939 bus,
349 2877 505 2933 adire
534 2884 698 2935 recta
731 2879 1011 2951 palatium
1045 2881 1638 2948 Blachernarum,nec
1661 2881 1835 2953 quid-

205 2976 357 3031 quam
386 2972 551 3023 antea
585 2983 790 3023 rerum
822 2984 1021 3040 gerere
1071 2975 1170 3026 aut
1200 2986 1498 3043 quoquam
1532 2970 1835 3038 divertere,

206 3066 359 3120 quam
386 3054 464 3111 ibi
498 3073 684 3113 suum
715 3057 1066 3129 obsequium
1098 3059 1439 3131 imperatori
1473 3060 1720 3132 professi
1748 3076 1837 3115 so-

203 3137 355 3196 lemni
387 3145 819 3203 acclamatione
850 3163 916 3204 ac
946 3149 1316 3204 veneratione
1366 3150 1635 3206 fuissent.
1668 3150 1834 3205 Tunc

198 3226 358 3299 igitur
384 3232 454 3289 iis
480 3234 771 3292 omnibus
813 3237 1186 3309 contemptis,
1248 3254 1314 3294 ac
1372 3239 1599 3295 cunctis
1657 3239 1836 3295 ofﬁcii

204 3320 604 3396 modestiaque
645 3326 972 3382 rationibus
998 3343 1220 3399 susque
1251 3329 1442 3399 deque
1475 3329 1834 3399 babitis,au-

200 3411 304 3463 stre
332 3409 576 3470 intrante
609 3413 743 3469 vela
771 3414 960 3471 valido
993 3433 1196 3473 secure
1226 3419 1580 3489 trajecerant
1598 3437 1702 3491 per
1730 3437 1833 3475 an-

194 3497 395 3566 gustias
427 3502 715 3576 Bospori,
749 3510 805 3560 et
833 3504 889 3559 in
923 3507 1417 3577 Septentrionales
1444 3508 1610 3564 Ponti
1632 3513 1836 3580 portus

202 3583 390 3643 invecti
423 3608 539 3647 non
576 3610 694 3649 sua
724 3594 915 3649 solum
949 3593 1068 3649 illic
1098 3611 1200 3667 per
1229 3596 1414 3653 otium
1446 3598 1677 3670 negotia
1715 3602 1838 3653 tra-

191 3679 426 3747 ctarunt,
480 3683 589 3736 sed
629 3682 843 3754 pradis
872 3683 1116 3755 agendis
1144 3688 1201 3739 et
1258 3685 1506 3756 piratica
1562 3692 1685 3743 toto
1741 3686 1838 3743 illo

197 3766 321 3818 mari
356 3767 639 3825 facienda
669 3786 782 3825 non
817 3788 1022 3843 parum
1059 3774 1338 3845 temporis
1370 3775 1840 3831 triverunt.Tan-

190 3852 304 3908 dem
331 3856 386 3911 in
409 3858 760 3914 onerariam
786 3859 1154 3918 incurrentes
1183 3878 1457 3934 magnam
1485 3868 1540 3919 et
1568 3864 1842 3936 pretiosis

190 3955 407 4011 gravem
444 3948 779 4016 mercibus,
816 3966 1068 4020 quarum
1104 3968 1237 4024 pars
1292 3958 1416 4009 erat
1469 3970 1581 4008 non
1634 3955 1845 4026 exigua

186 4034 403 4101 pondus
435 4037 666 4109 ingens
698 4036 1000 4109 aluminis,
1034 4057 1103 4096 ea
1152 4046 1487 4114 expugnata
1534 4045 1846 4115 pradaque

188 4120 446 4180 universa
479 4126 540 4180 in
580 4143 759 4181 suam
788 4144 990 4185 navem
1025 4131 1257 4187 condita
1304 4136 1456 4187 retro
1506 4148 1740 4203 proram
1785 4135 1844 4190 in

183 4212 421 4278 patriam
458 4221 799 4284 verterunt,
850 4219 1160 4274 transituri
1221 4222 1412 4277 denuo
1470 4223 1845 4280 securissime

180 4306 375 4365 prater
405 4305 633 4361 urbem
665 4321 731 4361 ac
753 4312 984 4378 portum
1011 4307 1703 4382 Constantinopolis,sine
1728 4312 1844 4370 ullo

180 4388 528 4463 cujusquam
573 4400 762 4463 metu,
798 4413 898 4466 per
924 4414 1221 4453 summum
1257 4399 1527 4456 Romana
1577 4403 1844 4474 potentia

1940 1851 2093 1928 ῥυνον
2126 1854 2220 1916 τὰς
2278 1852 2439 1924 ἰδίας,
2499 1858 2587 1911 καὶ
2642 1856 2769 1921 τοὺς
2829 1858 3127 1935 φώσσωνας
3183 1858 3374 1914 αὐτίκα
3405 1857 3592 1915 διαπι-

1937 1942 2189 2006 τάσαντες
2222 1945 2386 2007 ὅλους
2420 1947 2554 2001 κοιτά
2607 1946 2731 2022 ῥοῦν
2782 1947 3061 2025 ἐφέροντο,
3119 1948 3335 2003 πίσυνοι
3374 1951 3468 2022 μὲν
3500 1950 3591 2005 καὶ

1938 2038 2006 2107 τῇ
2037 2038 2135 2088 τοῦ
2191 2034 2500 2108 πνεύματος
2558 2033 2876 2114 σφοδὸτητι,
2936 2035 2996 2091 οὐ
3061 2039 3167 2110 μὴν
3222 2035 3279 2092 δὲ
3326 2037 3594 2094 ἀλλὰκαὶ

1938 2126 2007 2179 τὰ
2034 2124 2244 2201 πλευρὰ
2271 2133 2371 2195 τῆς
2404 2126 2538 2195 νηὸς
2594 2126 2746 2202 βόαις
2800 2123 2952 2188 αῦαις
2988 2126 3243 2201 ἐξήρτυον
3272 2129 3358 2183 καὶ
3395 2127 3591 2191 ὅπλοις

1940 2220 2402 2288 κατεκοσμοῦντο,
2491 2216 2566 2278 ὡς
2650 2216 3023 2292 ἀποχρώντως
3108 2216 3434 2288 ἀνθεξούσης
3497 2219 3589 2290 μέν

1941 2304 2076 2379 πρὸς
2109 2309 2213 2377 πῦρ
2253 2304 2342 2359 καὶ
2383 2309 2485 2359 πᾶν
2533 2305 2596 2359 τὸ
2650 2304 2992 2379 βαλλόμενον
3023 2309 3122 2375 τῆς
3155 2306 3312 2379 νεὼς,
3343 2304 3598 2380 πολεμη-

1943 2393 2144 2448 σόντων
2178 2391 2235 2448 δὲ
2263 2393 2354 2448 καὶ
2388 2394 2586 2462 αὐτῶν,
2638 2392 2692 2448 εἷ’
2720 2415 2861 2456 τινες
2893 2393 2953 2449 ἐκ
2984 2393 3257 2471 βασιλέως
3296 2395 3588 2460 ἐπίθοιντο.

1942 2484 2026 2541 Τὰ
2058 2484 2153 2556 μὲν
2183 2481 2273 2537 οῦν
2315 2482 2438 2557 περὶ
2467 2482 2675 2539 τούτων
2723 2484 2752 2539 ὁ
2806 2482 3063 2559 βασιλεὺς
3107 2484 3419 2558 πυθόμενος
3448 2484 3592 2540 ἀπο-

1947 2699 2055 2756 cile
2088 2700 2181 2755 usi
2211 2702 2485 2771 sunt,ope
2518 2699 2661 2755 artis
2691 2700 3597 2773 nautica,vento,qualiscunque

1947 2794 2088 2845 tunc
2119 2789 2401 2861 spirabat,
2424 2805 2539 2844 non
2566 2787 2735 2860 plane
2766 2789 3068 2855 adversus,
3102 2787 3270 2843 illum
3317 2805 3474 2843 nunc
3507 2805 3599 2844 τοι

1948 2883 2040 2935 ctu
2073 2878 2352 2950 oppansis
2382 2877 2715 2942 velis,nunc
2746 2876 3066 2947 obliquatis
3100 2877 3599 2948 capientes,prout

1949 2985 2096 3040 opus
2136 2973 2258 3023 erat
2302 2968 2373 3022 ad
2406 2967 2691 3022 ﬂectenda
2719 2964 3219 3037 promontoriazad
3246 2966 3400 3037 quod
3428 2966 3594 3021 suffi-

1947 3058 2135 3114 ciebat
2164 3073 2306 3112 aura
2329 3056 2580 3111 modica.
2610 3056 2755 3127 Ergo
2782 3055 2866 3111 sic
2902 3054 3197 3127 progressi
3221 3055 3595 3111 continenter

1864 3131 1910 3195 (ἶ
1952 3152 2091 3203 sunt
2119 3146 2190 3202 ad
2223 3146 2476 3201 Pharum
2510 3161 2716 3217 usque,
2766 3143 2875 3199 ubi
2912 3144 3222 3199 subductis
3269 3143 3595 3200 rationibus

1939 3236 2191 3293 instituti
2223 3252 2435 3292 cursus
2468 3239 2526 3291 et
2559 3232 2885 3307 periculum
2928 3232 3419 3304 impendentium,
3466 3237 3590 3289 sta-

1940 3331 2181 3383 tuerunt
2211 3327 2487 3398 deinceps
2522 3343 2637 3382 non
2668 3340 3084 3397 quemcunque
3115 3324 3226 3379 sibi
3279 3341 3312 3379 a
3362 3325 3596 3395 Septen-

1940 3418 2132 3474 trione
2162 3421 2398 3472 ventum
2422 3417 2567 3472 satis
2601 3416 2742 3483 fore;
2769 3415 2869 3485 qui
2900 3413 3058 3470 enim
3089 3417 3231 3469 tunc
3254 3413 3435 3469 ﬂabat
3449 3413 3601 3470 lenis

1940 3512 2087 3573 erat,
2122 3506 2375 3563 molliter
2405 3504 2593 3561 solum
2621 3505 2940 3576 stringens,
2975 3520 3091 3558 non
3144 3501 3317 3574 pleno
3368 3503 3593 3575 impetu

1940 3596 2252 3668 impellens
2283 3594 2427 3663 vela,
2462 3598 2525 3649 ut
2556 3594 2814 3649 malacia
2842 3591 3109 3665 proprior
3128 3590 3257 3648 cali
3290 3594 3481 3648 status
3504 3593 3592 3646 vi-

1944 3688 2385 3757 deretur.Egere
2418 3701 2481 3741 se
2510 3688 2705 3739 autem
2739 3683 2811 3737 ad
2843 3681 3193 3738 eluctandos
3226 3698 3376 3753 quos
3407 3682 3597 3753 provi-

1945 3777 2163 3833 debent
2193 3790 2540 3831 occursuros
2569 3773 2761 3828 obices
2786 3772 3119 3827 vehementi
3146 3775 3329 3827 Borea
3353 3788 3366 3838 ;
3403 3771 3596 3839 qualis

1945 3873 2034 3924 est
2061 3866 2159 3922 ille
2182 3882 2355 3936 quem
2380 3863 2683 3919 Tanaitem
2709 3866 2899 3917 nauta
2923 3860 3595 3930 vocant.Huic,inquam,

1948 3957 2237 4012 confidere
2267 3954 2367 4010 uni
2402 3969 2463 4009 se
2494 3955 2830 4007 statuerunt
2861 3967 3052 4021 posse;
3085 3949 3186 4021 qui
3224 3948 3336 4003 nisi
3367 3949 3595 4004 contin-

1949 4050 2127 4118 geret,
2157 4046 2327 4115 plane
2358 4043 2751 4114 desperabant
2778 4039 3029 4095 insidias
3077 4055 3140 4094 se
3190 4042 3591 4093 Romanarum

1950 4151 2119 4208 posse
2146 4135 2378 4191 navium
2413 4133 2689 4205 eil‘ugere.
2724 4132 2866 4186 Ecce
2894 4135 3091 4185 autem
3122 4133 3438 4200 postquam
3489 4128 3601 4183 ali-

1952 4231 2094 4298 quot
2123 4226 2202 4280 ibi
2225 4225 2349 4281 dies
2371 4223 2712 4289 substitere,
2745 4219 3119 4276 commodum
3154 4217 3251 4272 ille
3283 4218 3409 4288 ipse
3433 4222 3601 4290 opta-

1951 4322 2049 4373 tus
2080 4319 2287 4371 ventus
2320 4314 2543 4385 spirare
2575 4312 2647 4367 ab
2678 4316 2837 4367 arcto
2869 4308 3185 4365 vehemens
3245 4307 3438 4380 capit;
3496 4323 3603 4363 nec

1952 4404 2205 4461 cunctati
2236 4402 2502 4458 videlicet
2536 4400 2620 4455 illi
2654 4405 2794 4456 sunt
2852 4402 3007 4454 totos
3067 4396 3150 4452 illi
3211 4395 3604 4453 libentissime

181 4484 617 4554 contemptum.
642 4485 785 4553 Ejus
814 4487 1068 4542 audacia
1099 4490 1503 4562 superbiaque
1524 4493 1734 4549 certior
1764 4494 1845 4548 fa-
1880 4499 1926 4563 Ι)
1959 4491 2544 4567 penderelinteorum
2571 4492 2761 4557 sinus,
2793 4488 3190 4557 audacterque
3232 4485 3444 4541 invecti
3502 4502 3606 4558 spe

181 4568 269 4622 tus
297 4568 644 4644 imperator
673 4573 1108 4647 indignissime,
1142 4583 1205 4632 ut
1236 4595 1341 4649 par
1369 4585 1516 4648 erat,
1557 4581 1838 4651 injuriam

174 4655 324 4727 tulit;
357 4660 764 4731 decrevitque
795 4680 908 4719 non
968 4666 1338 4722 committere
1373 4672 1437 4723 ut
1486 4685 1548 4725 se
1605 4671 1846 4742 impune

175 4745 400 4804 tantum
437 4767 639 4807 ausos
662 4752 897 4823 gloriari
923 4754 1335 4811 Genuensibus
1362 4756 1583 4814 liceret.
1609 4760 1847 4832 Disqui-

169 4833 331 4891 rebat
362 4844 584 4894 autem
624 4841 866 4897 modum
898 4858 1014 4913 quo
1038 4843 1149 4899 isto
1173 4844 1283 4900 sub
1304 4861 1546 4901 manum
1568 4865 1633 4903 ac
1656 4855 1847 4920 potes-

172 4924 344 4979 tatem
375 4943 568 4984 suam
598 4929 861 5000 redigere
882 4935 1313 5005 contemptores
1337 4939 1552 5005 posset.
1568 4937 1642 4992 At
1663 4953 1852 5009 neque

170 5009 253 5067 bis
268 5014 564 5086 ignotum
583 5023 715 5073 erat
727 5024 920 5075 votum
936 5022 1321 5093 studiumque
1338 5023 1728 5095 imperatoris.
1744 5026 1855 5083 Ita-

164 5115 271 5169 que
296 5119 522 5162 curam
548 5123 624 5160 ac
648 5108 1011 5178 diligentiam
1037 5128 1149 5166 non
1175 5111 1461 5184 vulgarem
1498 5114 1853 5172 adhibebant

166 5187 216 5242 in
250 5194 651 5263 expediendo
682 5212 855 5252 cursu
891 5199 1353 5272 explicandaque
1385 5218 1513 5259 sese
1532 5204 1602 5258 ab
1624 5204 1853 5262 insidiis

161 5280 314 5336 4‘22
340 5287 772 5341 Romanarum
808 5288 1324 5361 navium,quarum
1359 5294 1684 5349 rectoribus
1708 5296 1854 5351 scie-

155 5366 298 5425 bant
330 5373 409 5429 ab
440 5374 823 5446 imperatore
857 5378 1199 5434 mandatum
1242 5385 1303 5434 ut
1336 5381 1647 5438 observare
1696 5384 1855 5456 ipsos

153 5456 209 5511 in
244 5463 526 5517 transitu
567 5479 642 5517 ac
673 5466 833 5521 omni
868 5467 1093 5524 ratione
1145 5469 1643 5540 comprehendere
1686 5490 1855 5529 cona-

158 5552 394 5604 rentur.
436 5549 521 5607 Ut
561 5551 750 5623 igitur
783 5555 931 5626 ipsis
961 5572 991 5611 e
1021 5556 1201 5613 Ponto
1226 5557 1475 5629 patriam
1501 5575 1702 5615 versus
1726 5578 1854 5615 cur-

155 5651 294 5697 sum
326 5640 715 5699 tenentibus
744 5650 973 5701 montes
1003 5645 1260 5704 Orientis
1293 5653 1715 5720 apparuerunt,
1765 5650 1851 5706 fa-

1950 4584 2174 4656 optima
2203 4578 2899 4645 ierebantur,evolaturos
2932 4591 3060 4631 sese
3090 4574 3200 4630 rati
3223 4573 3276 4629 vi
3296 4591 3450 4630 aura
3481 4578 3603 4631 tam

1960 4688 2249 4745 prospera
2280 4675 2444 4725 trans
2462 4667 2788 4740 quamlibet
2808 4665 3056 4721 infestos
3075 4663 3486 4720 insidiantium
3508 4680 3608 4721 co-

1962 4766 2154 4818 natus.
2191 4758 2367 4814 Navis
2398 4757 2581 4813 latera
2614 4755 2754 4827 quin
2786 4754 2961 4810 etiam
2996 4752 3168 4809 siccis
3200 4753 3377 4807 boum
3433 4753 3609 4810 coriis

1964 4850 2325 4915 munierunt,
2363 4854 2428 4903 ut
2460 4847 2530 4902 ab
2564 4845 2697 4917 igne
2718 4845 2868 4900 forte
2893 4843 3107 4914 injecto
3140 4845 3243 4898 aut
3270 4842 3385 4897 alia
3402 4844 3609 4914 quavis

1964 4942 2036 4997 ab
2068 4938 2343 4995 hostibus
2375 4934 2666 5008 ejaculata
2698 4937 2859 5005 peste
2889 4936 3017 4988 tuta
3050 4932 3258 4987 forent.
3295 4938 3471 4987 Arma
3498 4932 3613 5003 ipsi

1966 5028 2371 5100 expedierunt,
2401 5025 2514 5079 vim
2584 5023 2861 5096 repellere
2895 5020 3083 5094 parati
3131 5035 3494 5093 quacunque
3540 5022 3612 5074 ab

1964 5116 2337 5189 imperatoris
2371 5115 2706 5171 inferretur.
2760 5112 2864 5167 His
2919 5110 3238 5181 imperator
3296 5109 3612 5180 compertis

1969 5204 2427 5278 423imperavit
2448 5202 2859 5260 Genuensibus
2882 5205 3085 5254 Peraa
3111 5190 3459 5270 degentibus
3478 5197 3611 5250 mit-

1970 5303 2090 5353 tere
2103 5296 2202 5367 qui
2224 5294 2613 5350 sisterenthos
2638 5289 2949 5365 populares
2973 5291 3198 5355 suos,et
3218 5287 3290 5341 iis
3304 5285 3618 5341 suaderent

1968 5404 2083 5442 non
2116 5385 2201 5441 sic
2232 5385 2551 5440 insalutato
2585 5384 2936 5453 imperatore
2969 5374 3281 5448 praterire.
3338 5374 3620 5427 Fecerunt

1967 5476 2023 5530 id
2059 5474 2145 5529 illi
2178 5474 2460 5541 studiose;
2495 5472 2597 5527 sed
2626 5470 2771 5527 nihil
2806 5468 3195 5540 profecerunt,
3223 5459 3620 5533 perstantibus

1971 5565 2104 5620 aliis
2134 5564 2190 5618 in
2227 5562 2522 5634 preposito
2554 5564 2610 5614 et
2643 5557 2865 5614 monita
2898 5551 3157 5610 convicio
3180 5546 3618 5619 repellentibus.

1971 5654 2163 5718 Quare
2187 5651 2293 5719 illi,
2328 5668 2400 5707 ne
2430 5649 2542 5708 sibi
2575 5646 2768 5703 fraudi
2803 5647 2960 5700 esset
2989 5640 3183 5697 aliena
3233 5636 3621 5710 contumacia,
