4002 6198
336 304 541 401 ⁴εςτο

1739 333 2045 395 censen
2080 330 2543 391 racemum
3688 345 3767 406 δα)

437 462 681 523 στέλλων
739 458 1070 535 προσέταττε
1124 463 1243 523 τοῖς
1301 458 1438 517 κατᾶ
1493 458 1718 536 περαίαν
1771 452 2081 516 Γενουΐταις
2112 455 2167 523 Α
2196 453 2496 531 φώσσωνας
2548 456 2639 513 καὶ
2720 453 3042 521 πολυοποὺς
3119 457 3417 515 ποιούντων
3479 463 3538 519 τὸ
3588 464 3769 544 υτεῤῥὸν

434 553 667 624 πέμπειν
700 547 827 611 τοὺς
857 546 1229 619 κωλύσοντας,
1276 548 1329 605 οἵ
1375 551 1464 605 καὶ
1499 548 1733 626 συχνοὺς
1771 544 2082 620 πέμποντες

429 640 558 700 τοὺς
619 638 949 712 ἀπεροῦντας
1013 639 1089 711 μὴ
1150 636 1310 693 πλεῖν
1383 638 1716 717 προσωτέρω
1775 634 1874 691 οὐκ
1932 635 2078 709 ε’ίχον

431 728 635 785 πείθεν.
691 727 758 786 Οἱ
816 724 863 782 δ’
922 727 1251 803 ἀπεστύγουν
1328 729 1421 802 μὲν
1472 729 1608 805 πρὸς
1664 728 1763 796 τήν
1821 723 2080 790 ἔνστασιν,

436 818 591 892 ὅμως
648 816 712 872 τὸ
764 815 847 895 ἐφ’
902 817 1108 872 ἑαυτῶν
1161 819 1547 894 προορώμενοι
1609 817 1770 891 μόνον
1830 814 1905 877 είς
1934 834 1993 868 τε
2020 812 2081 867 τὸ

432 909 570 985 πρὸς
628 906 898 983 βασιλέως
953 903 1139 961 εὔνουν
1187 908 1279 962 καὶ
1339 906 1415 971 εἷς
1469 908 1568 975 τήν
1627 906 1765 981 πρὸς
1820 904 1881 957 τὸ
1927 902 2081 977 γένος

427 996 779 1072 ἐπιστροφὴν,
825 993 1022 1073 ἡφίουν
1070 995 1133 1051 τὸ
1186 1001 1292 1051 πᾶν
1340 994 1426 1050 ἐπ’
1473 995 1682 1067 ἐκείνῳ.
1713 996 1775 1051 Ὁ
1808 992 1993 1066 μέντοι
2021 1012 2084 1065 γε

433 1085 687 1164 βασιλεὺς
746 1082 985 1161 ἐσχάτην
1030 1085 1421 1160 περιφρόνησιν
1485 1086 1854 1160 ἡγησάμενος,
1902 1081 1991 1136 καὶ
2034 1081 2083 1157 γ’

430 1177 505 1240 εἰς
532 1175 753 1250 ἀτιμίας
804 1174 1053 1249 μείζονος
1106 1174 1292 1250 λόγον,
1345 1175 1393 1230 εἷ’
1442 1174 1827 1253 καθυφεικότος
1861 1169 2085 1226 ἐκπλεύο

430 1287 596 1333 σειαν,
655 1263 922 1341 ἐπαγείρει
982 1264 1077 1337 μὲν
1136 1266 1231 1327 τὰς
1285 1266 1423 1320 κατά
1476 1266 1577 1335 τὴν
1638 1262 1801 1319 πόλιν
1854 1259 2084 1335 εὐρεθείο

434 1375 527 1418 σας
562 1350 823 1425 ὁλκάδας,
855 1354 1202 1429 περισυνάγει
1262 1351 1320 1408 δὲ
1375 1353 1464 1408 καὶ
1522 1354 1699 1414 καθώς
1730 1373 1809 1413 τις
1840 1349 2081 1423 ἐπακτὴρ

432 1443 596 1506 κύνας
652 1444 715 1498 τὸ
774 1441 875 1497 ἀνὰ
926 1443 1027 1511 τὴν
1087 1440 1253 1497 πόλιν
1316 1441 1721 1515 Γασμουλικὸν,
1780 1439 1968 1517 tem;
2026 1436 2084 1492 δὲ

433 1533 650 1597 τούτοις
674 1532 767 1587 τὸν
830 1531 1135 1607 βεπιάριον
1192 1529 1438 1601 Ἀλέξιον
1496 1532 1588 1585 τὸν
1648 1528 1938 1599 ’Λλυάτην.
1981 1528 2082 1582 Κὰ-

433 1628 611 1684 κεῖνος
641 1620 754 1693 ἅμα
793 1624 910 1682 τοῖς
968 1619 1093 1695 περὶ
1150 1619 1309 1675 αὐτὸν
1366 1619 1458 1675 τὸν
1519 1620 1800 1695 Βόσπορον
1859 1618 1933 1679 ὡς
1964 1620 2082 1691 εἶχε

437 1708 853 1784 διαπεραιωθεὶς
910 1709 1058 1764 δεινά
1113 1707 1286 1763 ἐποίει
1341 1707 1733 1784 προστάσσων·
1785 1706 1874 1762 καὶ
1922 1705 1967 1761 εί
2003 1706 2079 1779 μή

2188 540 2338 597 ἐνίκα
2366 547 2463 599 τοῦ
2512 546 2838 619 πνεύματος,
2894 546 2983 602 καὶ
3041 549 3379 623 προσεχώρει
3436 540 3774 625 μεῖζον

2189 630 2544 707 ἐπισχεθῆναι
2600 641 2717 697 τοῖς
2773 639 2853 708 [Ρ.
2885 638 3015 710 287]
3064 637 3298 700 κάτωθεν
3331 636 3674 711 ἐμποδίζουσι,
3700 645 3772 699 καὶ

2187 722 2305 776 κατ’
2345 719 2533 797 ὀλίγον
2586 721 3029 789 διολισθαίνουσα
3075 722 3390 803 διεφύγγανε
3431 726 3549 791 τοὺς
3583 729 3774 788 ἐπιτιθε-

2193 811 2383 884 μένους
2438 812 2649 886 κύκλῳ,
2707 812 2956 876 πολλοὺς
3009 814 3148 889 πρὸς
3205 813 3425 891 ὀλίγους
3468 814 3708 882 ὅντας.’0
3732 819 3774 876 δὲ

2194 900 2450 976 βασιλεὺς
2480 900 2580 972 ἔξω
2638 924 2743 958 που
2794 905 3104 977 καθήμενος
3159 901 3350 982 ξ’σνρυζε
3404 906 3492 968 τὰς
3531 908 3775 982 ὁρμᾶςέν-

2191 995 2333 1065 ορῶν
2365 992 2460 1053 τὰς
2518 991 2827 1071 ἀποφυγὰς,
2883 993 2972 1047 καὶ
3032 991 3265 1069 συχνοὺς
3323 990 3568 1067 ἔπεμπεν,
3608 996 3775 1061 ἄλλους

2190 1078 2570 1156 ἐπεθάρῥυνεν,
2631 1079 2840 1145 ἅλλους
2900 1080 3139 1137 κελεύων
3197 1081 3285 1137 καὶ
3349 1084 3774 1160 προσαπειλούμε-

2187 1187 2295 1229 νος.
2331 1168 2400 1223 Al
2432 1166 2665 1224 σπουδαὶ
2701 1167 2748 1225 δ’
2776 1170 2914 1239 ἦσαν
2960 1169 3235 1240 ἀνόνητοι,
3291 1173 3379 1226 καὶ
3434 1177 3537 1229 τῶν
3567 1173 3777 1231 σπευδόνο

2188 1277 2295 1310 των
2351 1256 2445 1319 τας
2505 1263 2697 1334 χεῖρας
2750 1263 2829 1330 τῷ
2888 1258 3061 1335 οὐρίῳ
3111 1264 3209 1314 τοῦ
3268 1261 3563 1335 πνεύματνς
3604 1266 3635 1332 ἡ
3677 1269 3776 1327 ναῦς

2188 1343 2597 1422 ἀπεδίδρασκεν.
2630 1349 2716 1410 Ὠς
2765 1351 2895 1422 γοῦν
2955 1346 3149 1404 ἐκεῖνοι
3210 1350 3306 1422 μὲν
3336 1348 3387 1405 ἐν
3421 1346 3630 1426 ἀπόροις
3651 1353 3774 1424 ἦσαν,

2189 1436 2217 1489 ὁ
2253 1433 2505 1511 βασιλεὺς
2537 1433 2584 1491 δ’
2640 1436 2691 1492 ἐν
2752 1438 2957 1511 ἀθυμίᾳ
3009 1435 3177 1512 δεινῇ,
3239 1436 3446 1515 χλεύην
3494 1439 3554 1496 τὸ
3592 1447 3776 1517 πρᾶγμα

2189 1525 2441 1598 οἰόμενος
2490 1525 2580 1580 καὶ
2624 1524 2875 1602 ἄντικρυς
2917 1526 3151 1603 γέλωτα,
3204 1528 3405 1602 εῗσάγει
3447 1550 3527 1594 τις
3550 1534 3646 1585 τῶν
3671 1530 3776 1607 ἀμφ’

2187 1614 2347 1670 αὐτὸν
2405 1613 2613 1690 βουλὴν
2669 1613 2932 1671 δοκοῦσαν
2989 1617 3279 1677 συνοίσειν,
3338 1618 3399 1675 Ἡ
3438 1616 3572 1688 δ’ἦν
3596 1638 3776 1695 χρησα-

2191 1700 2380 1777 μένους
2409 1704 2556 1780 παρά
2607 1703 2933 1760 Καταλάνων
2990 1709 3058 1780 τῇ
3121 1710 3269 1784 σφῶν
3328 1705 3437 1778 νηί,
3473 1707 3671 1783 μεγίστῃ
3692 1713 3773 1762 τῶν

431 1800 658 1860 τούτους
712 1794 1202 1867 καταλωνίσοκται,
1261 1796 1377 1853 ἴσον
1421 1797 1585 1862 ἐτίθει
1632 1796 1825 1869 καὶτῷ
1853 1800 1950 1861 τῆς
1984 1795 2077 1868 ἀρ·
2110 1816 2159 1882 Β
2185 1791 2373 1849 ἄλλων
2408 1790 2569 1868 οὔσῃ,
2604 1789 2856 1863 ἐπιϐῆναι
2903 1794 3030 1856 τοὺς
3083 1795 3368 1872 αὐτάρκεις
3417 1795 3775 1872 πολεμάρχους,

434 1895 547 1966 ’χῆς
602 1885 898 1962 στέρεσθαι.
961 1887 1361 1959 Συνταξάμενοι
1418 1891 1709 1962 τοιγαροῦν
1743 1885 1795 1940 οἱ
1853 1884 2077 1939 ἐπὶτῶν

432 1981 602 2050 νηῶν,
659 1976 712 2031 οῖ
767 1974 825 2031 δέ
871 1974 962 2030 καὶ
1013 1974 1101 2031 ἐπὶ
1158 1972 1255 2030 τοῦ
1313 1975 1569 2051 αἰγιαλοῦ
1622 1973 2080 2051 παραταξάμενοι,

431 2070 531 2139 τὴν
565 2066 836 2147 φορτηγὸν
885 2071 1172 2122 κατιοῦσαν
1223 2063 1502 2142 ἐδέχοντο.
1564 2067 1665 2122 Καὶ
1698 2067 1750 2120 οἱ
1785 2065 1878 2139 μὶν
1912 2085 2080 2140 προσ-

434 2157 723 2219 πίπτοντες
778 2156 866 2210 καὶ
921 2176 981 2231 γε
1035 2152 1227 2228 κύκλῳ
1278 2156 1767 2231 περιπτυσσόμενοι
1810 2158 2076 2229 μαχητῶν

432 2244 591 2323 ἔργον
620 2244 919 2320 ἐπλήρουν,
950 2242 1080 2300 ἀλλ’
1137 2244 1236 2300 οὐκ
1290 2245 1456 2315 ἤνυον
1503 2246 1566 2300 τὸ
1615 2245 1869 2321 παράπαν
1897 2264 1909 2276 ·
1955 2242 1991 2311 ἢ
2020 2263 2080 2297 τε

431 2337 536 2413 γὰρ
568 2335 619 2406 ἐξ
651 2334 836 2409 οὐρίας
896 2335 1044 2409 ὁρμὴ
1095 2334 1185 2389 καὶ
1233 2335 1296 2389 τὸ
1348 2334 1777 2409 ὑπερανεστηκὸς
1814 2336 1916 2397 τῆς
1944 2331 2077 2403 νηὸ>

429 2425 655 2486 ἐκείνοις
713 2421 767 2486 ἐς
825 2423 910 2478 ὅτι
972 2420 1209 2496 μάλιστα
1261 2417 1502 2494 ἐϐοήθει,
1557 2421 1647 2478 καὶ
1708 2420 2077 2494 μάταιοςτοῖς

427 2511 838 2585 ἀνθισταμένοις
864 2511 934 2581 ἦν
980 2513 1017 2580 ἡ
1068 2508 1303 2582 σπουδή·
1357 2512 1460 2568 Καὶ
1512 2512 1563 2566 οἱ
1608 2511 1703 2585 μὶν
1738 2509 1961 2585 ἐπεῖχον
1990 2510 2080 2583 ὁρ-

429 2606 635 2675 μῶντες
667 2599 891 2679 ἐφέξειν,
938 2600 990 2655 οἱ
1039 2597 1086 2655 δ’
1143 2599 1228 2655 ἐπὶ
1287 2603 1385 2668 τῆν
1446 2602 1577 2671 νηὸς
1621 2597 1968 2672 κατημέλουν
2001 2600 2075 2662 ὡς

430 2687 598 2766 μηδὲν
651 2691 953 2746 ἀνυσοντων
981 2709 996 2723 ·
1056 2693 1275 2764 συχνῶν
1349 2690 1456 2765 γὰρ
1533 2688 1887 2744 ὀϊστευόντων
1948 2687 2078 2751 τοὺς

427 2910 751 2969 retulerant
779 2908 1119 2982 imperatori
1149 2924 1213 2965 se
1234 2908 1389 2981 quod
1420 2924 1667 2965 suarum
1688 2909 1810 2964 erat
1825 2906 2080 2980 partium

429 2999 634 3058 sedulo
666 3000 880 3073 egisse,
913 2997 1110 3055 dolere
1142 3002 1337 3053 autem
1370 2999 1524 3070 quod
1560 2996 1617 3052 hi
1659 2996 1751 3052 sui
1779 2995 1933 3051 cives
1963 2994 2077 3050 sibi

432 3088 703 3160 morigeri
733 3106 849 3146 non
880 3086 1122 3145 fuerint:
1153 3091 1443 3144 coerceret
1472 3102 1572 3143 eos
1630 3086 1756 3159 ipse
1809 3101 1913 3158 pro
1971 3101 2078 3141 sua

428 3178 708 3252 potentia,
743 3194 846 3233 nec
872 3175 1241 3248 peccantium
1273 3177 1508 3247 culpam
1535 3174 2072 3246 imputaretinson-

432 3269 611 3338 tibus,
652 3271 753 3321 aut
782 3265 974 3337 gentis
1008 3265 1294 3320 universa
1326 3263 1626 3335 proprium
1660 3280 1788 3320 esse
1838 3264 2074 3318 duceret

428 3371 749 3429 paucorum
782 3354 1028 3409 crimen.
1066 3353 1166 3408 His
1212 3352 1529 3424 imperator
1578 3352 1799 3408 auditis
1830 3367 2074 3407 summa:

425 3444 538 3500 sibi
569 3442 690 3499 fore
719 3440 1058 3513 ignominiaa
1087 3446 1368 3511 reputans
1397 3445 1517 3495 tam
1541 3446 1805 3512 proterve
1835 3456 1898 3495 se
1945 3456 2076 3495 con-

422 3529 608 3587 temni
633 3529 868 3601 sibique
897 3527 1066 3583 illudi
1099 3527 1594 3595 sinere,immittit
1620 3527 1682 3583 in
1715 3545 1813 3584 eos
1839 3532 2075 3599 repente

422 3627 709 3692 quantum
736 3617 1142 3690 expeditorum
1177 3616 1237 3672 in
1268 3616 1576 3672 navalibus
1599 3624 1657 3672 et
1680 3617 1963 3687 portubus
1986 3635 2074 3673 re-

421 3712 655 3782 pertum
679 3711 771 3764 est
800 3705 1058 3764 navium.
1096 3707 1187 3761 liae
1210 3722 1416 3762 omnes
1448 3705 1737 3761 universis
1768 3721 1798 3761 e
1827 3705 2073 3762 Gasmu-

417 3798 535 3855 lica
564 3796 752 3854 navali
785 3794 1120 3868 militia,qui
1142 3800 1269 3851 tum
1294 3794 1797 3867 Constantinopoli
1818 3797 2071 3861 fuerunt,

421 3886 849 3961 plenae,canum
868 3885 1056 3941 instar
1077 3884 1438 3940 irritatorum
1455 3889 1664 3941 coortae
1678 3884 1737 3939 in
1759 3889 2071 3940 transeun-

421 3980 513 4033 tes
541 3976 883 4032 Genuenses
915 3976 1057 4030 sunt
1088 3973 1371 4045 undique,
1409 3972 1929 4030 vehementissime
1979 3973 2071 4028 in-

422 4070 667 4123 stantes.
700 4064 1022 4135 Impositus
1036 4063 1107 4117 ad
1123 4062 1233 4118 hoc
1247 4063 1363 4118 dux
1384 4061 1533 4134 ipsis
1557 4062 1743 4118 fuerat
1763 4063 2072 4118 vestiarius

417 4154 659 4210 Alexius
688 4152 972 4225 Alyattes,
1007 4151 1106 4224 qui
1136 4168 1271 4207 cum
1321 4150 1447 4208 suis
1478 4152 1785 4208 confestim
1831 4152 2073 4221 trajecto

420 4242 676 4315 Bosporo
708 4239 855 4296 nihil
882 4239 995 4296 sibi
1027 4240 1237 4311 reliqui
1271 4240 1343 4296 ad
1374 4256 1606 4296 omnem
1637 4240 2071 4296 contentionem

414 4330 688 4399 faciebat,
722 4330 1013 4385 mandans
1046 4333 1224 4401 atque
1256 4329 1570 4402 instigans,
1608 4329 1809 4401 sicque
1838 4328 1897 4384 in
1944 4329 2069 4384 ani-

413 4435 580 4476 mum
613 4417 977 4485 inducens,sl
1008 4434 1126 4473 non
1158 4424 1518 4490 expugnaret
1541 4418 1643 4473 tali
1669 4417 1795 4473 loco
1819 4423 2067 4473 temera-

413 4508 534 4566 rios
564 4507 1000 4581 piratas.nihilo
1033 4506 1147 4562 sibi
1175 4509 1374 4563 minus
1397 4507 1452 4561 id
1475 4508 1594 4563 fore
1617 4509 1871 4563 dedecus
1891 4524 2065 4580 quam

2190 1883 2280 1938 καὶ
2311 1882 2486 1945 οῧτως
2518 1878 2928 1956 ἐπεμϐαλόντας
2984 1883 3113 1948 τοὺς
3168 1883 3379 1956 ἐκείνης
3437 1888 3700 1963 φώσσωνας
3721 1892 3779 1959 τῷ

2190 1970 2623 2047 προσαράσσοντι
2690 1972 2959 2041 πνεύματι
3040 1974 3113 2035 ὡς
3177 1974 3413 2050 πρώτως
3502 1975 3777 2049 μετέχοντας

2188 2061 2316 2123 τοὺς
2397 2060 2532 2115 τέως
2616 2060 3036 2137 ώργυιωμένους
3119 2060 3474 2138 ἐπιτειχίσαι,
3547 2063 3668 2119 ὣστε
3712 2064 3779 2119 καί

2190 2152 2430 2221 ἀπνοεῖν,
2486 2150 2578 2204 καὶ
2636 2149 2778 2205 οὕτω
2831 2155 2929 2215 τῆς
2978 2152 3159 2224 ὁρμῆς
3202 2153 3520 2229 καθυφεῖσαν
3565 2153 3639 2207 ἐπ’
3670 2151 3777 2207 Exsi-

2191 2262 2288 2312 νην
2368 2238 2543 2314 ὀρμᾷν
2613 2239 2743 2303 τοὺς
2800 2238 2888 2295 ἐπὶ
2946 2242 3171 2316 θατέρας
3233 2237 3409 2305 ὄντας.
3465 2245 3624 2299 Τοῦτο
3681 2246 3781 2318 γοῦν

2197 2327 2484 2405 βουλευθέν
2544 2328 2657 2401 ἅμα
2710 2328 2789 2400 τῷ
2838 2327 2988 2405 λόγῳ
3042 2330 3104 2385 τὸ
3157 2326 3315 2407 ἔργον
3371 2332 3575 2401 ἠνύετο,
3620 2330 3694 2386 καὶ
3728 2329 3777 2397 δή

2190 2419 2289 2487 τήν
2345 2416 2610 2492 ταχίστην
2671 2412 2931 2489 ἐμϐάντες
2987 2417 3045 2473 ἐκ
3109 2420 3367 2493 πρύμνης
3446 2420 3659 2496 γίνονται
3702 2425 3780 2487 τῆς

2189 2508 2578 2582 κπταγομένης
2606 2525 2619 2539 ⁸
2665 2503 2829 2581 ἔτυχε
2874 2507 2976 2582 γὰρ
3026 2507 3114 2563 καὶ
3162 2511 3198 2578 ἡ
3255 2513 3383 2572 ναῦς
3422 2510 3586 2587 ἐγγὺς,
3612 2509 3779 2564 καὶεύ-

2188 2598 2361 2672 χερής
2398 2596 2465 2664 ἦν
2528 2597 2912 2670 μετενεχθῆναι
2969 2597 3106 2673 πρὸς
3159 2598 3229 2653 τὰ
3285 2596 3778 2675 προηγούμῃα,κά.

2188 2684 2375 2755 κείνης
2432 2684 2707 2754 πεσούσης
2766 2686 2998 2759 πρόσθεν
3074 2687 3130 2741 αἱ
3201 2694 3306 2758 τῆς
3366 2686 3602 2763 δευτέρας
3649 2686 3775 2743 πνοαὶ

2190 2902 2375 2961 nihilo
2426 2902 2620 2959 secius
2654 2903 2843 2960 facere
2871 2904 3214 2976 pergebant,
3245 2907 3574 2963 abundante
3598 2906 3644 2961 vi
3660 2923 3778 2962 aurs

2188 2993 2479 3065 propitiae;
2505 3008 2620 3063 qua
2642 2991 2877 3063 longius
2924 3000 3062 3049 ante
3097 3012 3130 3049 a
3174 3000 3345 3068 tergo
3385 2997 3779 3069 sequenteseﬂ'e-

2188 3082 2487 3149 rebantur,
2524 3096 2696 3152 quam
2732 3086 2797 3135 ut
2837 3087 2993 3137 esset
3021 3082 3350 3154 periculum
3385 3102 3509 3142 nea
3536 3100 3772 3159 quoquam

2187 3187 2389 3227 eorum
2422 3186 2601 3241 prope
2633 3170 3027 3236 adiri,nedum
3062 3173 3193 3244 capi
3227 3181 3333 3230 aut
3362 3176 3541 3231 teneri
3569 3178 3773 3246 possent.

2188 3261 2321 3325 Quae
2352 3276 2485 3315 vero
2501 3273 2679 3313 naves
2710 3275 2744 3313 a
2769 3256 3051 3315 lateribus
3082 3260 3475 3331 incurrerent,
3507 3280 3595 3319 eas
3621 3266 3774 3335 utpote

2182 3348 2528 3405 humiliores
2549 3351 2607 3403 et
2637 3346 2898 3405 minores
2926 3348 3254 3408 ludibunde
3286 3352 3592 3425 repellebat
3614 3353 3773 3425 ingens

2182 3438 2336 3495 mole
2365 3442 2422 3493 et
2452 3436 2644 3509 plenis
2666 3436 2809 3492 velis
2841 3438 3109 3494 oneraria
3168 3442 3499 3511 pervolans.
3545 3442 3773 3497 Cernebat

2180 3528 2302 3583 haec
2335 3528 2655 3599 imperator
2683 3543 2751 3582 ex
2782 3526 2937 3583 edito
2968 3527 3141 3601 longe
3173 3530 3437 3599 intuens,
3460 3530 3593 3588 alios
3620 3529 3772 3586 missio

2178 3621 2310 3673 tans
2342 3632 2522 3689 super
2537 3615 2705 3686 alios,
2740 3616 3082 3684 adhortans,
3106 3619 3603 3689 jubeus,minans.
3630 3619 3715 3675 Sed
3733 3622 3773 3671 et

2179 3706 2369 3777 ipsius
2400 3704 2669 3776 jubentis
2701 3710 2758 3759 et
2789 3707 3124 3777 parentium
3153 3715 3500 3766 cunctorum
3524 3708 3770 3781 sequeim-

2179 3795 2278 3850 nia
2311 3794 2635 3865 efl'ectuque
2665 3811 2834 3850 cassa
2864 3796 3061 3851 studia
3108 3804 3301 3864 crant,
3362 3799 3612 3856 evolante
3659 3798 3775 3852 inter

2179 3900 2395 3940 manus
2422 3886 2557 3939 navi
2589 3883 2869 3940 beneficio
2930 3888 3087 3941 venti
3149 3890 3442 3961 prosperi.
3489 3893 3623 3945 Cum
3671 3900 3770 3957 ergo

2180 3972 2399 4030 milites
2431 3973 2671 4046 quidem
2701 3989 2819 4044 quo
2850 3990 2914 4030 se
2939 3978 3232 4032 verterent
3262 3977 3477 4049 ignari,
3511 3979 3772 4049 imperator

2180 4068 2375 4119 autem
2409 4062 2498 4117 sui
2532 4067 2871 4134 contemptu
2924 4063 3308 4138 ludibrioque
3356 4072 3519 4124 tanto
3563 4066 3614 4121 in
3657 4065 3767 4118 iram

2175 4152 2395 4208 irratus
2427 4151 2770 4219 maximam,
2803 4152 2981 4222 varie,
3018 4153 3116 4209 sed
3148 4155 3446 4212 inutiliter
3489 4155 3766 4216 aestuarem,

2177 4241 2289 4297 fuit
2320 4241 2416 4313 qui
2442 4245 2707 4311 Augusto
2738 4241 3049 4297 consilium
3083 4259 3115 4298 e
3145 4260 3208 4299 re
3240 4250 3380 4301 nata
3400 4263 3508 4301 non
3530 4242 3767 4315 improba-

2174 4329 2290 4386 bile
2314 4334 2677 4401 suggereret.
2712 4330 2770 4385 Id
2800 4334 2924 4385 erat
2955 4335 3020 4385 ut
3063 4332 3120 4387 in
3155 4336 3496 4404 quamdam,
3539 4350 3649 4406 quae
3676 4344 3768 4385 ma-

2174 4435 2291 4491 gna
2345 4422 2402 4473 et
2430 4417 2739 4489 prievalida
2796 4419 2941 4475 forte
2980 4419 3099 4476 illic
3155 4422 3371 4489 stabat,
3427 4422 3763 4478 Catelanorum

2177 4524 2381 4563 navem
2417 4508 2784 4563 commodule
2816 4525 2848 4563 a
2880 4510 3136 4565 dominis
3185 4518 3510 4585 acceptam,
3560 4504 3766 4566 inductis

413 4597 462 4654 si
496 4597 846 4671 praefectura
873 4596 1267 4669 ignominiose
1291 4597 1904 4669 privaretur.0rdinati
1928 4613 2065 4668 ergo
2097 4590 2143 4655 D
2174 4602 2413 4669 repente
2446 4603 2592 4669 quot
2629 4613 2697 4652 ea
2730 4602 2927 4668 posset
2955 4615 3165 4669 capere
3184 4600 3694 4671 militibus,juberet
3712 4593 3763 4648 il-

413 4686 554 4742 hinc
586 4686 825 4757 quidem
858 4686 916 4739 in
938 4685 1078 4741 foris
1110 4685 1514 4751 navium,hinc
1533 4692 1589 4742 et
1609 4686 1845 4742 terrain
1872 4687 2062 4743 littore

414 4775 660 4847 milites,
679 4792 784 4848 pro
815 4791 876 4831 se
906 4774 1156 4846 quisque
1178 4774 1524 4845 ejaculando
1548 4774 1911 4848 impetebant
1925 4793 2062 4833 one-

412 4864 655 4921 rariam.
687 4865 799 4922 Sed
830 4881 962 4920 cum
994 4863 1141 4919 nihil
1178 4864 1375 4921 minus
1404 4882 1583 4937 quam
1640 4875 1927 4939 quantum
1988 4869 2060 4923 ab

411 4953 651 5027 optimis
664 4953 990 5026 exspectari
1006 4952 1296 5011 militibus
1322 4961 1552 5027 poterat
1573 4955 1674 5011 tali
1697 4961 1959 5029 tempore
1974 4958 2059 5013 fa-

408 5048 626 5112 cerent,
661 5044 879 5100 frustra
919 5046 1089 5099 erant
1119 5046 1343 5113 tamen,
1377 5044 1584 5116 utique
1612 5046 1893 5101 adversus
1920 5062 2061 5102 one-

405 5133 621 5189 rariam
654 5132 1027 5191 exstantibus
1060 5132 1198 5201 alte,
1246 5132 1440 5205 iisque
1473 5135 1742 5201 munitis,
1777 5134 2062 5191 lateribus

405 5226 753 5295 protectam,
786 5228 845 5279 et
872 5221 1064 5279 valido
1097 5238 1131 5278 a
1163 5222 1303 5293 pupi
1345 5222 1657 5294 impulsam
1712 5228 1902 5290 vento,
1954 5224 2059 5280 sic-

405 5328 519 5384 que
543 5329 815 5384 prorsum
848 5311 1215 5368 irrevocabili
1251 5318 1519 5367 ruentem
1553 5327 1753 5377 cursu,
1779 5314 2060 5384 strepitus

401 5403 563 5459 424
591 5402 721 5458 vani
753 5403 972 5457 circum
1001 5400 1494 5457 tumultuantium
1521 5400 1750 5473 egregie
1768 5417 2056 5458 securam.

396 5490 686 5547 Ridebant
700 5491 1025 5563 igiturejus
1040 5495 1306 5545 vectores
1320 5496 1566 5546 conatus
1581 5490 1839 5545 hostium
1857 5491 2059 5548 inanes

395 5584 453 5635 et
481 5596 614 5636 cum
647 5581 910 5636 distenta
927 5583 1102 5634 vento
1133 5580 1385 5635 carbasa
1416 5579 1639 5636 crebris
1670 5580 2061 5653 undecunque

398 5667 629 5737 sagittis
662 5669 1119 5738 perforarentur,
1148 5667 1221 5724 iis
1245 5672 1541 5742 utcunque
1571 5670 1830 5742 pertusis
1847 5671 2058 5743 pedem

2169 4686 2289 4742 1am
2320 4686 2601 4742 continuo
2631 4687 2905 4757 expansis
2933 4688 3124 4743 eidem
3170 4696 3344 4746 vento
3394 4691 3525 4746 totis
3559 4687 3681 4745 velis
3724 4684 3764 4738 in

2170 4776 2416 4849 puppim
2452 4775 2731 4847 fugientis
2761 4776 3041 4847 invehi,et
3077 4776 3159 4832 sic
3193 4778 3447 4835 infracta
3463 4779 3660 4833 visuris
3676 4772 3762 4826 via-

2173 4884 2286 4939 que
2315 4867 2506 4922 Borezs
2538 4866 3238 4931 obstructa,velocitatem
3273 4869 3761 4926 imminuererueno

2170 4957 2248 5013 tis
2280 4972 2641 5027 cursumque
2667 4956 3222 5014 retardare.Dictum
3253 4959 3312 5014 in
3335 4977 3480 5031 opus
3500 4957 3759 5014 confertur.

2171 5046 2469 5102 Momento
2501 5061 2563 5099 se
2578 5044 2647 5099 ad
2660 5049 2850 5099 movet
2864 5045 3052 5102 a425
3064 5050 3228 5117 tergo
3246 5047 3582 5103 inumbrans
3600 5048 3761 5099 etven-

2168 5141 2290 5191 tum
2304 5133 2684 5205 intercipiens
2698 5133 3306 5199 oneraria,latitudine
3318 5142 3478 5192 vaste
3494 5130 3756 5208 patentium

2170 5225 2397 5281 alarum
2416 5223 2639 5279 obicem
2666 5239 2968 5295 opponens
2995 5229 3162 5281 vento
3186 5225 3526 5298 prepellenti
3546 5227 3756 5278 Genuen-

2170 5332 2291 5370 sem
2327 5329 2556 5381 navem;
2591 5329 2717 5385 quae
2745 5312 2828 5367 sic
2858 5314 3143 5369 destituta
3172 5316 3457 5379 constitit,
3513 5313 3753 5375 otiumque

2170 5404 2422 5460 admotis
2469 5400 2743 5457 hostibus
2802 5402 2964 5457 dedit
2994 5401 3050 5457 in
3109 5402 3430 5458 insiliendi.
3488 5395 3751 5469 Adiuvabat

2172 5494 2229 5548 id
2263 5495 2507 5564 agentes
2537 5508 2567 5544 e
2589 5490 2860 5545 Catelano
2895 5493 3052 5563 paris
3083 5491 3394 5547 alitudinis
3440 5488 3643 5561 navigio
3676 5499 3750 5537 va-

2170 5582 2296 5637 rius
2326 5585 2381 5635 et
2415 5580 2733 5636 vehemens
2766 5580 3652 5653 undiqueconatusbumiliorum
3671 5587 3746 5626 nn-

2169 5671 2344 5744 dique
2358 5668 2527 5727 navin
2542 5685 2598 5725 m
2612 5669 2773 5725 omni
2789 5686 2858 5726 ex
2878 5677 3047 5743 parte
3065 5656 3748 5727 adorientiumﬁecobsisti
