3912 6192
259 319 346 375 εει
1271 308 1368 362 DE
1405 303 1779 363 menum:
1814 303 2262 362 ramomeo
2295 311 2430 364 LIB.
2468 311 2539 363 ν.

3513 314 3621 370 882

264 439 510 516 εμπαίουσι
562 433 625 508 τῇ
676 433 937 507 προτέρᾳ,
998 429 1086 484 καὶ
1140 429 1202 484 τὸ
1261 427 1406 483 πολὺ
1463 426 1689 504 φύσημα
1745 428 1850 516 τῶν
1885 427 1938 494 Α
1973 426 2074 498 μὸς
2109 426 2326 516 αἴρεται
2386 433 2504 486 κατ’
2565 430 2807 502 ἐκείνων,
2864 433 2952 488 καὶ
3007 436 3086 504 τῷ
3143 431 3618 502 ΜουζάλωνιΜα-

260 515 525 608 φωσσώνων
555 545 650 594 της
676 519 951 592 πολεμίας
1012 519 1087 580 εἷς
1147 516 1332 593 ὀλίγον
1374 516 1628 591 περιστὰν
1664 515 1858 572 αὐτίκα

259 607 474 687 ὅκίνητον
521 614 610 681 τὴν
668 612 794 665 ναῦν
847 609 1206 684 ἐνειργάζετο.
1271 607 1693 678 Ἐμπιπτουσῶν
1736 626 1856 659 τοι·

253 711 420 783 γαροῦν
456 704 645 780 ἀμφοῖν
706 698 764 754 ἐκ
820 699 1042 771 Οατέρας
1102 695 1449 770 έκθοροῦντες
1501 693 1574 755 εἷς
1619 692 1853 765 ἐκείνην,

252 781 456 851 καὶτῶν
501 793 730 854 κάτωθεν
781 781 1264 861 προσϐοηοουσῶν,
1321 783 1594 860 μεγίσταις
1645 793 1853 856 προθυσ-

253 886 378 957 μίαις
422 876 628 936 ἔϐαλον.
684 877 781 932 Καὶ
837 875 1011 936 οὕτως
1072 873 1152 928 ἐπ’
1212 873 1400 935 αὐτοῖς
1452 870 1617 926 ἄλλοι
1648 871 1737 925 καὶ
1771 870 1856 924 ἐπ’

251 972 440 1031 ἱκείνοις
490 966 658 1039 ἕτεροι
714 959 1160 1038 ἐπεμϐαίνοντες,
1216 966 1314 1016 τοῦ
1376 959 1644 1036 βασιλέως
1680 979 1852 1034 παρα-

250 1059 564 1136 θαρρύνοντος
621 1051 840 1126 ἔξωθεν,
898 1057 1129 1129 κρατερᾷ
1187 1051 1338 1126 μάχῃ
1397 1050 1482 1105 ἐπὶ
1552 1047 1696 1104 πολὺ
1755 1054 1854 1116 τῆς

247 1147 485 1218 θαλάσσης
537 1149 910 1222 προελθοῦσαν
970 1144 1181 1212 αἱροῦσι
1234 1143 1332 1211 τὴν
1389 1145 1538 1194 ναῦν.
1572 1139 1676 1195 Καὶ
1725 1137 1853 1192 ταύ-

244 1260 328 1308 την
362 1238 444 1312 μὲν
473 1239 602 1311 πρὸς
658 1239 737 1306 τῷ
800 1231 1048 1310 βασιλκῷ
1105 1230 1316 1305 νεωρίῳ
1373 1231 1549 1284 ἱστᾶσι
1588 1229 1851 1300 κατάξαν-

242 1348 334 1396 τες,
364 1325 537 1386 αὐτοὺς
585 1322 642 1379 δὲ
687 1329 806 1383 ταῖς
868 1323 1037 1392 ὁξίαις
1097 1317 1270 1380 δίκαις
1333 1313 1700 1379 ὑποϐαλόντες
1744 1315 1850 1370 ἐτι-

244 1417 450 1490 μώρουν.
506 1412 752 1476 Πολλοῖς
810 1409 856 1466 δ’
916 1408 1131 1465 ἐκείνων
1193 1408 1282 1463 καὶ
1340 1406 1464 1469 τοὺς
1530 1403 1849 1484 ὀφθαλμοὺς

238 1506 494 1580 ἐξώρυττον
549 1508 668 1565 τοῖς
741 1505 1113 1577 προστυχοῦσι
1186 1497 1507 1565 πασσάλοις,
1570 1495 1851 1550 ἀντίποινα

238 1600 320 1660 τῆς
371 1592 490 1666 πρὸς
541 1592 638 1646 τὸν
701 1588 928 1666 βασιλέα
1003 1588 1487 1662 καταφρονήσεως.
1545 1584 1848 1656 Ηαρεοικὸς

237 1681 386 1753 τούτῳ
413 1679 699 1753 ξυμπίπτει
755 1679 845 1733 καὶ
903 1675 1043 1733 ἄλλο
1101 1699 1175 1744 τι,
1234 1674 1322 1730 καὶ
1383 1680 1504 1738 τοῖς
1539 1671 1849 1734 Γενουίταις

1964 515 2138 585 νουήλ
2195 518 2386 574 αὐτίκα
2462 523 2788 595 προστάσσει
2863 523 2924 576 τὸ
2995 522 3154 597 γένος
3228 521 3614 592 ἐξαναπατοῦν

1964 605 2102 660 ἅπαν
2155 605 2325 680 μηδὲν
2379 609 2751 682 μελλήσαντα,
2806 618 3053 681 Συνῆκτο
3102 610 3280 666 τοίνυν
3327 612 3378 666 ἐν
3425 611 3617 685 ἀκαρεῖ

1959 694 2021 748 τὸ
2053 701 2462 772 στρατιωτικὸν,
2497 699 2619 754 ὅσον
2676 701 2742 769 ἦν
2791 700 2842 756 ἐν
2891 704 2960 774 τῇ
3011 700 3171 756 πόλει
3203 701 3288 755 καὶ
3325 702 3449 756 ὅσον
3482 700 3615 772 ἔξω·

1962 794 2047 868 θεν
2107 787 2484 862 προσεγένετο.
2549 788 2646 845 Καὶ
2706 791 2819 864 ἅμα
2870 785 3097 868 φοϐεροὶ
3165 791 3259 864 μὲν
3317 789 3473 857 ἰδεῖν,
3515 813 3610 867 φο-

1958 867 2252 949 ϐερώτεροι
2287 874 2331 930 δ’
2364 877 2638 943 ἐπιθέσθαι
2669 879 2764 941 τὰς
2812 879 3062 934 ἁπάντων
3110 879 3287 942 οἰκίας
3324 879 3611 948 κυκλοῦσι,

1956 961 2045 1014 καὶ
2097 964 2232 1038 πρὸς
2279 970 2358 1038 τῷ
2406 966 2677 1044 ἐγχειρεῖν
2728 968 2888 1041 ἦσαν,
2939 975 3038 1039 τῆν
3070 968 3177 1023 ἀπὸ
3206 973 3304 1024 τοῦ
3341 970 3610 1045 βασιλέως

1958 1049 2311 1124 ἀναμένοντες
2362 1056 2627 1114 κέλευσιν.
2685 1059 2751 1115 Οἱ
2811 1056 2869 1113 δὲ
2917 1065 2998 1131 τῷ
3055 1054 3274 1137 φοϐερῷ
3322 1059 3612 1136 ἐκπλαγέν-

1956 1160 2066 1207 τες,
2096 1141 2186 1196 καὶ
2235 1144 2355 1198 καθ’
2410 1145 2534 1200 ὅσον
2597 1145 2712 1201 οἶόν
2769 1169 2827 1202 τε
2886 1146 3256 1210 συστείλαντες
3284 1149 3345 1203 τὸ
3375 1145 3611 1227 ἔμφυτον

1955 1233 2052 1284 τοῦ
2111 1232 2306 1304 θυμοῦ,
2363 1233 2702 1306 ἀπτινεοῦντο
2759 1237 2896 1312 πρὸς
2971 1238 3036 1291 τὰ
3093 1237 3460 1312 πραττόμενα,
3518 1237 3609 1293 καὶ

1955 1323 2056 1383 τῆς
2111 1323 2246 1376 κατὰ
2304 1329 2437 1400 σφᾶς
2493 1326 2685 1400 ἰσχύος
2748 1325 3004 1399 ἀμείνους
3056 1329 3124 1400 τῇ
3186 1324 3471 1381 ὑποκλίσει
3520 1327 3610 1380 καὶ

1955 1412 2035 1479 τῷ
2086 1415 2326 1484 ταπεινῷ
2405 1415 2652 1488 σχήματι
2737 1416 3132 1493 κατεφάνησαν,
3189 1413 3278 1469 καὶ
3351 1412 3418 1483 δὴ
3477 1416 3612 1488 πρὸς

1957 1495 2162 1561 ἱκεσίας
2221 1498 2538 1573 ἐτράποντο,
2616 1505 2703 1558 καὶ
2782 1503 3220 1579 προσελιπάρουν
3288 1508 3395 1558 τῶν
3460 1501 3608 1557 ἰδίων

1955 1587 2256 1662 τραχήλων
2292 1589 2612 1663 ἐκδήσαντες
2673 1593 2762 1649 ἐαυ
2819 1595 2945 1656 τοὺς
2978 1593 3031 1657 ἐς
3065 1594 3094 1649 ὅ
3135 1618 3184 1650 τι
3228 1594 3314 1649 καὶ
3353 1594 3609 1669 βούλεται

1959 1676 2220 1749 ὁκρατῶν
2269 1681 2599 1754 χρήσασθαι,
2655 1682 3059 1759 ὁμολογοῦντες
3103 1687 3299 1754 ἥττους
3344 1684 3478 1738 εἶναι
3509 1689 3608 1751 τῆς

239 1765 582 1844 προστρίϐεται
635 1766 915 1844 ἔγκλημα.
963 1766 1117 1828 Τινὸς
1160 1767 1264 1840 γὰρ
1315 1763 1531 1820 ἐκείνωδ
1569 1765 1848 1837 ὑπερηφα-
1881 1788 1926 1852 Β
1963 1763 2255 1838 βασιλικῆς
2311 1767 2574 1839 ἐξουσίας,
2633 1772 2721 1826 καὶ
2776 1772 2806 1826 ὅ
2859 1795 2910 1826 τι
2959 1772 3290 1847 προστάσσοι
3347 1772 3610 1826 εύπειθεῖν

237 1859 525 1933 νευσαμένου
571 1858 937 1932 προσελῶντι,
984 1857 1072 1910 καὶ
1129 1855 1374 1917 εἶπύντος
1425 1855 1482 1918 ὑς
1532 1878 1560 1904 ‹‹
1590 1855 1653 1908 ’Π
1682 1847 1847 1913 πόλις

234 1949 306 2001 καὶ
348 1947 498 2002 πάλιν
543 1946 696 2003 ἔσται
743 1953 864 2008 τοῖς
913 1947 1227 2019 ἡμετέροις,
1264 1970 1291 1996 ››
1345 1943 1596 2013 ζηλὼσας
1647 1940 1848 2002 ἐκεῖνος

236 2036 402 2110 βάλλει
445 2038 578 2092 κατᾶ
632 2035 836 2112 κόῤῥης
891 2034 980 2089 καὶ
1037 2034 1126 2088 τὸν
1192 2032 1476 2110 ὀφθαλμὸν
1525 2030 1745 2104 ἀχρειοῖ
1771 2032 1848 2100 τῷ

232 2126 438 2198 Λατίνῳ,
494 2125 586 2182 καὶ
644 2123 796 2189 εὐθὺς
853 2129 934 2196 τῷ
1012 2120 1280 2192 πλήξαντι
1340 2121 1367 2174 ὁ
1429 2118 1516 2174 διὰ
1577 2117 1848 2194 μαχαίρας

230 2210 534 2287 ἐσχεδιάζετο
598 2213 845 2274 Θάνατος.
906 2214 1083 2269 Τοῦτο
1143 2211 1324 2283 μαθὼν
1385 2205 1641 2284 βασιλεὺς
1702 2205 1849 2261 δεινὰ

228 2299 394 2370 ἐποίει,
439 2303 524 2357 καὶ
577 2303 670 2358 τὸν
730 2299 870 2357 ἴδιον
931 2301 1262 2378 προσερέτην
1322 2299 1420 2353 ούκ
1476 2297 1608 2353 ἀνίει
1645 2299 1845 2366 ζητῶν.

227 2393 297 2460 [Ρ.
321 2395 433 2466 288]
461 2394 548 2456 Ὡς
587 2389 635 2448 δ’
669 2392 767 2448 οὐκ
824 2389 1042 2448 ἐδίδουν
1099 2387 1250 2465 (οὔδε
1279 2388 1382 2465 γὰρ
1413 2389 1530 2460 ἦν,)
1562 2384 1719 2451 εὐθὺς
1751 2386 1845 2439 θυ-

230 2607 422 2665 diutius
441 2608 775 2681 potuit.Alii
799 2624 977 2680 super
997 2606 1142 2663 alios
1165 2605 1560 2675 irrumpentes
1577 2617 1849 2673 perrupe-

228 2701 583 2755 runttandem
603 2698 828 2754 aditum
848 2717 862 2766 ;
879 2694 1327 2768 etpostlongam
1347 2698 1722 2763 atrocemque
1744 2707 1848 2761 pu-

228 2800 394 2858 gnam,
425 2788 784 2843 adhcrtante
823 2802 961 2842 suos
993 2801 1023 2839 e
1056 2785 1178 2839 loco
1203 2783 1520 2854 conspicuo
1569 2785 1849 2852 praesente

228 2872 568 2946 imperatore,
605 2881 774 2947 capta
804 2875 1041 2930 tandem
1076 2872 1345 2929 oneraria
1375 2872 1434 2926 in
1468 2870 1632 2925 urbis
1651 2867 1852 2924 navale

234 2963 452 3021 deducta
479 2971 593 3036 est,
629 2972 884 3021 vectores
913 2969 1109 3019 autem
1153 2963 1278 3033 ejus
1327 2960 1552 3015 meritis
1603 2959 1851 3028 subjecti

232 3055 626 3123 pmnisMultis
657 3055 814 3110 enim
829 3071 1031 3110 eorum
1048 3052 1244 3108 effossi
1269 3055 1408 3107 sunt
1426 3049 1576 3105 oculi
1603 3049 1850 3104 sudibus

1963 1854 2416 1930 ὑπισχνούμενοι,
2463 1859 2591 1932 μηδ’
2642 1863 2919 1939 ἀναφυγὴν
2980 1863 3110 1916 εἶναι
3143 1864 3296 1937 σφίσι
3327 1861 3473 1929 πλὴν
3505 1864 3603 1929 τὴν

1959 1943 2064 1997 ἀπὸ
2112 1949 2207 1998 τοῦ
2261 1947 2528 2021 βασιλέως
2584 1950 2938 2024 συμπάθειαν.
3000 1950 3158 2009 Οὕτω
3186 1949 3606 2014 ταπεινωθέντες

1956 2034 2034 2102 τῷ
2067 2028 2222 2109 φόϐῳ
2253 2033 2465 2105 πλῆθος
2499 2035 2692 2110 ἄθρουν
2747 2041 2888 2108 πρὸς,
2930 2040 2993 2095 τὸ
3044 2038 3402 2113 κελευόμενον
3433 2035 3602 2094 ἐνεδί-

1959 2117 2108 2192 δουν,
2141 2122 2230 2176 καὶ
2269 2124 2468 2198 πολλῷ
2499 2127 2712 2202 χρυσίῳ
2759 2130 3224 2205 προστιμηθέντες
3253 2131 3355 2200 τήν
3390 2124 3605 2202 βασιλι-

1956 2209 2057 2277 κὴν
2092 2209 2258 2285 ὀργὴν
2323 2215 2485 2283 μόλις
2540 2215 3039 2291 καταμαλάττουσι,
3094 2217 3293 2290 πολλῷ
3328 2223 3429 2287 τῆς
3458 2219 3604 2295 σφῶν

1957 2297 2196 2372 κορύζης
2282 2302 2490 2375 ἐκείνην
2568 2306 2978 2384 ἀνυσιμωτέραν
3065 2308 3445 2385 γνωρίσαντες.
3504 2308 3606 2364 Καὶ

1957 2390 2129 2442 ταῦτα
2165 2391 2259 2463 μὲν
2292 2391 2343 2446 ἐν
2365 2393 2604 2458 τούτοις.

1960 2603 2122 2662 bant.
2158 2609 2351 2683 Fregit
2381 2614 2500 2670 haec
2531 2616 2755 2688 species
2786 2616 3161 2686 quantumvis
3191 2617 3442 2672 audaces
3462 2616 3609 2672 alias

1960 2701 2212 2768 animos,
2260 2708 2316 2758 et
2355 2709 2653 2763 tumentes
2725 2707 2860 2762 licet
2904 2707 3067 2763 intus
3137 2708 3374 2773 innatae,
3422 2707 3609 2764 offen-

1961 2789 2125 2846 sione
2177 2809 2323 2848 nova
2373 2794 2611 2852 irritatae
2658 2797 2884 2853 ferocia;
2936 2796 3282 2868 compressit
3333 2795 3602 2868 spiritus.

1962 2878 2104 2934 Cum
2130 2882 2288 2937 enim
2307 2883 2580 2940 sedatiori
2598 2889 2794 2940 mente
2815 2889 3152 2956 reputarent
3175 2900 3350 2956 quam
3373 2884 3432 2938 in
3460 2899 3610 2956 pree-

1962 2966 2126 3039 cipiti
2160 2986 2253 3024 res
2283 2988 2336 3026 er
2354 2988 2484 3027 rum
2520 2973 2800 3044 salusque
2835 2971 3308 3043 penderet,facile
3337 2971 3608 3028 viderunt

1961 3073 2079 3112 non
2112 3073 2240 3113 esse
2274 3060 2328 3113 id
2363 3066 2593 3133 tempus
2637 3062 3121 3132 experiendarum
3170 3061 3408 3129 virium,
3461 3077 3609 3131 quas

230 3141 353 3198 forte
371 3146 620 3216 repertis
643 3145 752 3199 sub
776 3144 1123 3198 miserorum
1143 3139 1850 3214 palpebrasinﬁxis,debi-
1882 3131 1925 3200 (ἶ
1968 3146 2119 3201 male
2149 3131 2500 3220 comparato
2542 3131 2860 3208 certamine
2906 3150 3338 3220 succubituras,
3381 3149 3431 3206 si
3475 3166 3607 3205 cum

225 3232 290 3298 to,
324 3237 376 3287 ut
395 3230 1482 3306 exprobrabant,supplicio,despectui
1501 3230 1716 3285 habere
1737 3245 1852 3284 non

219 3320 397 3376 veritis
429 3326 764 3395 Augustam
798 3319 1452 3392 majestatem.Contigit
1481 3323 1538 3375 et
1567 3318 1850 3389 quiddam

221 3406 345 3464 alias
376 3411 506 3466 huic
547 3427 670 3466 non
721 3409 1016 3475 absimile,
1069 3410 1226 3465 unde
1274 3409 1468 3481 gravis
1523 3408 1581 3462 in
1616 3409 1850 3463 eosdem

219 3496 534 3557 Genuenses
567 3505 628 3556 et
648 3499 870 3555 invidia
895 3498 1198 3570 publicaet
1219 3498 1547 3569 indignatio
1568 3496 1852 3567 principis

220 3589 428 3644 exarsit.
482 3592 640 3647 Cum
694 3589 849 3643 enim
902 3588 1141 3660 quidam
1193 3587 1459 3658 ipsorum
1496 3587 1853 3656 jactabunde

218 3675 514 3736 Proselonti
561 3678 809 3734 dixisset
833 3694 845 3732 :
877 3700 897 3726 α
938 3679 1154 3732 Iterum
1177 3694 1208 3730 a
1228 3677 1444 3731 nostris
1469 3675 1611 3730 urbs
1633 3674 1856 3729 obtine-

220 3765 413 3836 bitur,»
447 3767 776 3840 indignans
800 3766 894 3822 ille
925 3765 1158 3837 infregit
1179 3765 1489 3836 colaphum
1523 3768 1642 3818 tam
1668 3762 1855 3818 valide

221 3857 399 3912 Latino
429 3862 493 3912 ut
536 3856 689 3912 oculi
718 3855 770 3911 ei
804 3871 979 3910 usum
1032 3853 1335 3920 ademerit,
1390 3870 1501 3909 non
1561 3852 1803 3924 impune
1837 3869 1849 3907 :

217 3957 336 3998 nam
352 3947 561 4002 statim
584 3960 895 4016 percussor
910 3943 1106 4015 gladio
1125 3943 1430 3998 confossus
1456 3941 1854 4004 interiit.Qua-

214 4031 335 4088 dam
361 4035 490 4105 ejus
555 4034 636 4089 rei
689 4034 841 4088 fama
891 4049 1098 4105 sparsa
1145 4035 1478 4088 commotus
1539 4031 1856 4100 imperator

213 4120 350 4180 hanc
378 4129 545 4180 certo
586 4123 807 4178 factum
838 4122 1181 4194 explorandi
1214 4121 1500 4176 rationem
1532 4119 1853 4175 init.Suum

211 4213 357 4267 reddi
391 4214 502 4270 sibi
545 4213 827 4283 remigem
862 4229 893 4266 a
924 4210 1337 4266 Genuensibus
1360 4209 1566 4282 poscit,
1599 4208 1857 4278 graviter

210 4300 260 4355 id
299 4319 543 4375 urgens,
577 4306 634 4358 et
659 4300 719 4356 ni
750 4301 967 4357 faciant
997 4301 1249 4356 minans.
1281 4299 1352 4356 Ut
1394 4303 1591 4355 autem
1620 4298 1705 4353 illi
1740 4314 1854 4353 non

213 4391 520 4448 reddebant
573 4393 701 4462 (nec
751 4407 891 4448 sane
939 4394 1206 4457 poterant
1255 4406 1390 4445 eum
1441 4392 1854 4460 repraesentare

1962 3237 2333 3308 imperatoris
2363 3241 2625 3311 potentia
2673 3240 3204 3309 committerentur,
3239 3240 3398 3295 haud
3453 3242 3609 3296 esset

1963 3327 2231 3383 dubium.
2266 3334 2355 3386 Ira
2383 3346 2521 3402 ergo
2551 3331 2788 3402 propria
2817 3331 2876 3386 in
2932 3335 3221 3403 potestate
3267 3330 3492 3395 habita,
3535 3330 3608 3385 ad

1964 3416 2236 3483 alienam,
2271 3419 2425 3474 unde
2457 3421 3239 3486 metuerent,exarmandam
3265 3417 3608 3474 efﬁcacissi-

1964 3523 2125 3562 mum
2160 3508 2610 3565 delinimentum
2645 3509 2964 3566 adhibuere
2995 3509 3280 3582 supplicis
3301 3507 3611 3564 demissio-

1963 3596 2077 3664 nis,
2118 3597 2414 3670 siquidem
2459 3598 2672 3654 humili
2718 3597 3007 3670 provoluti
3053 3597 3260 3655 habitu
3312 3597 3384 3654 ad
3433 3595 3610 3668 pedes

1965 3686 2271 3757 principis,
2303 3692 2360 3744 et
2396 3689 2636 3744 funibus
2667 3688 2726 3743 in
2759 3705 2895 3745 suas
2925 3688 3040 3759 ipsi
3092 3687 3344 3744 cervices
3375 3685 3607 3757 injectis

1964 3779 2332 3845 apparentes,
2366 3776 2830 3832 misericordiam
2874 3775 3293 3848 implorabant,
3326 3773 3607 3830 obnoxios

1963 3878 2025 3918 se
2059 3862 2692 3934 ferentes,paratosque
2717 3865 2786 3919 ad
2812 3864 3432 3935 quidvissubeundum
3453 3862 3603 3933 quod

1965 3949 2302 4004 decerneret
2335 3956 2656 4023 Augustus,
2689 3953 2861 4021 cujus
2893 3954 3179 4022 potestate
3209 3966 3274 4006 se
3300 3947 3604 4002 inferiores

1967 4040 2444 4108 agnoscerent'et
2492 4037 2790 4109 majestati
2839 4038 3225 4094 obsecuturos
3273 4035 3345 4090 ad
3395 4037 3606 4089 nutum

1967 4132 2166 4182 sancte
2199 4126 2630 4198 pollicerentur.
2664 4127 2857 4182 Unum
2889 4125 3000 4181 sibi
3031 4129 3224 4180 tutum
3257 4125 3316 4178 in
3358 4122 3609 4178 clemen-

1966 4214 2046 4268 tia
2077 4214 2202 4285 ejus
2236 4233 2268 4270 a
2297 4213 2462 4270 clade
2496 4215 2841 4271 imminente
2887 4215 3083 4270 videre
3133 4211 3465 4285 perfugium
3499 4227 3511 4265 :
3545 4209 3606 4264 in

1966 4302 2020 4358 id
2058 4320 2119 4359 se
2149 4305 2555 4376 confugere,ac
2587 4319 2658 4359 ne
2690 4303 2787 4359 illo
2819 4303 3208 4359 excludantur
3235 4301 3413 4358 etiam
3438 4305 3611 4369 atque

1966 4392 2138 4448 etiam
2173 4408 2356 4449 orare.
2391 4393 2484 4448 Sic
2516 4397 2670 4448 metu
2703 4391 2764 4448 in
2819 4392 3167 4448 modestiam
3199 4392 3443 4447 subacta
3472 4404 3608 4444 con-

217 4480 304 4550 qui
334 4498 638 4554 nusquam
658 4480 785 4551 jam
817 4479 1121 4551 esset),pr0
1153 4477 1436 4534 convictis
1468 4477 1576 4533 hoc
1611 4478 1735 4547 ipso
1759 4494 1855 4549 ρει·
1888 4495 1935 4560 D
1966 4482 2113 4538 ferta
2144 4483 2243 4538 illa
2274 4482 2438 4555 plebs
2461 4481 2843 4555 pertinaciam
2869 4481 3099 4539 remisit
3121 4481 3287 4552 prius
3309 4483 3607 4535 ostensam

214 4572 363 4627 trataa
394 4573 580 4629 credis
611 4588 709 4627 eos
747 4571 995 4638 habens,
1032 4587 1135 4626 nec
1167 4570 1472 4625 ferendum
1519 4569 1576 4623 id
1628 4569 1854 4624 facinus

212 4660 655 4733 ratus,Manueli
680 4659 968 4716 Muzaloni
994 4659 1190 4714 subito
1213 4658 1645 4730 imperat,4‘26
1667 4661 1854 4714 exter-

217 4750 388 4805 minet
405 4752 539 4808 sine
564 4767 728 4806 mora
748 4765 936 4822 genus
958 4748 1298 4804 universum
1322 4747 1856 4803 Genuensium.llle

212 4847 530 4908 momento,
565 4843 856 4911 quantum
889 4843 1013 4894 erat
1045 4837 1102 4893 in
1135 4838 1300 4906 urbe,
1326 4840 1612 4908 quantum
1647 4836 1706 4890 in
1722 4836 1856 4890 sub-

211 4928 431 4985 urbana
462 4928 676 4984 vicinia
701 4927 978 4993 militum,
1015 4926 1187 4997 cogit.
1223 4925 1510 4981 Adstabat
1542 4924 1694 4980 acies
1727 4925 1856 4980 visu

208 5013 328 5086 ipso
350 5018 848 5085 terribilis,minis
876 5024 931 5071 et
951 5016 1248 5088 procinctu
1277 5015 1549 5070 saeviendi
1577 5014 1855 5070 formido-

212 5101 385 5161 losior
415 5106 630 5174 multo,
666 5107 737 5162 iis
771 5104 975 5177 utique
1007 5104 1222 5177 quibus
1255 5119 1514 5175 praesens
1565 5101 1856 5173 pernicies

208 5191 640 5252 intentabatur.
662 5196 1044 5252 Circumeunt
1069 5193 1357 5264 extemplo
1389 5198 1734 5248 cunctorum
1761 5194 1858 5248 do-

207 5297 348 5351 mos,
385 5285 682 5341 ferventes
717 5284 938 5356 impetu
976 5281 1238 5355 proximo
1271 5281 1380 5336 diri
1417 5281 1720 5338 adoriendi
1753 5297 1858 5338 ne-

201 5373 365 5443 gotii,
401 5375 476 5431 ad
512 5374 667 5447 quod
701 5377 913 5431 nutum
952 5373 1121 5429 modo
1147 5369 1517 5443 imperatoris
1547 5375 1854 5445 exspecta-

1966 4578 2233 4643 prompte
2267 4573 2418 4643 quod
2475 4573 2870 4628 mandabatur
2920 4586 3260 4640 exsequens.
3316 4567 3608 4624 Indictum

1965 4659 2121 4716 enim
2155 4659 2349 4714 multae
2383 4659 2620 4716 nomine
2651 4676 2934 4732 magnum
2958 4658 3085 4715 auri
3111 4659 3338 4730 pondu
3361 4655 3612 4713 exsolve-

1966 4754 2124 4808 runt.
2158 4748 2320 4804 lucro
2355 4766 2468 4804 non
2504 4766 2682 4820 parvo
2716 4750 3080 4821 imputantes
3126 4747 3217 4804 vel
3264 4747 3348 4802 sic
3378 4746 3609 4818 placare

1967 4842 2141 4910 atque
2171 4855 2202 4892 a
2236 4838 2487 4910 propriis
2536 4838 2826 4910 capitibus
2883 4836 3198 4910 quantovis
3244 4837 3608 4892 fortunarum

1967 4929 2178 4983 damno
2219 4933 2474 4983 avertere
2523 4929 2786 5000 potuisse
2838 4928 3213 5000 imperatoris
3258 4926 3428 4992 iram,
3481 4939 3609 4980 eam

1961 5017 2082 5088 jam
2112 5018 2348 5073 tandem
2383 5021 2764 5088 agnoscentes
2793 5017 3179 5074 efﬁcaciorem
3213 5015 3282 5070 ad
3315 5012 3616 5070 vindican-

1966 5108 2110 5162 dum
2142 5107 2334 5163 scelus
2359 5123 2538 5180 quam
2562 5112 2716 5165 esset
2737 5109 2999 5180 ipsorum
3022 5107 3090 5163 ad
3123 5105 3462 5162 audendum
3486 5117 3615 5172 per-

1967 5195 2440 5266 petrandumque
2472 5197 2728 5268 projecta
2775 5195 3098 5252 temeritas.
3134 5194 3205 5250 Et
3233 5192 3353 5248 haec
3375 5189 3612 5263 quidem

1970 5283 2056 5340 sic
2088 5300 2151 5340 se
2181 5283 2456 5341 habuere.
