3912 6192
358 308 464 364 883

1660 299 1964 358 GEORGII
2001 301 2468 362 PACHYMERB

1992 473 2136 574 (Υ.

364 641 427 690 α’.
481 633 674 692 ’Όπως
729 628 818 707 καὶ
866 628 931 682 tit
986 627 1160 707 ποίων
1207 630 1316 682 τῶν
1371 628 1558 707 αἰτιιῖξν
1610 625 1678 682 τὰ
1732 629 1869 683 κατὰ
1917 629 2009 683 τὸν
2043 636 2284 704 Αοντας
2335 631 2542 707 ἔλεγεν,
2602 631 2654 687 έν
2706 629 2866 705 δεινῷ
2924 629 2982 686 δὲ
3035 631 3316 704 ποιουμένη
3363 629 3440 686 καὶ
3485 633 3566 700 τὴν
3588 640 3663 702 τῆς

719 703 898 774 Αἷμον
930 699 1020 754 καὶ
1051 698 1202 760 αὖθις
1245 703 1657 775 παρεκινοῦντο.

438 813 522 884 [Ρ.
554 811 681 882 292]
721 807 948 864 Βασιλεῖ
996 804 1055 861 δὲ
1104 807 1190 861 καὶ
1250 805 1400 867 αὖθις
1459 803 1762 883 φροντίδων
1793 806 1924 881 ἦρξε
1951 806 2018 860 τὰ

367 900 506 956 κατὰ
561 898 653 952 τὸν
713 898 893 970 Αἷμον
947 895 1260 969 κινούμενα.
1321 893 1388 948 Δί
1443 896 1543 970 γὰρ
1602 896 1869 948 συνθεσίαι
1921 899 2018 949 τοῦ

366 985 776 1047 Κωνσταντίνου
823 985 914 1039 καὶ
959 984 1048 1039 ἐπὶ
1103 988 1184 1056 τῷ
1237 980 1394 1052 κήδει
1436 981 1664 1038 σπονδαι
1695 983 2018 1058 συνεχέοντο

364 1076 501 1150 ἤδη,
559 1084 659 1145 τῆς
717 1074 932 1150 Μαρίας
985 1073 1243 1142 κινούσης
1295 1072 1385 1125 τὸν
1449 1070 1616 1145 ἄνδρα
1645 1074 1784 1147 πρὸς
1815 1070 2016 1147 ἔχθραν

366 1166 447 1244 ἐφ’
478 1168 560 1228 οἷς
592 1166 680 1220 καὶ
721 1161 1277 1234 παιδοποιησαμὲνων
1329 1161 1420 1216 τὸν
1469 1161 1700 1236 Μιχαὴλ
1733 1161 1783 1217 ἐν
1826 1157 2021 1217 ἀναϐο-

363 1255 488 1319 λαῖς
511 1255 577 1309 τὰ
619 1254 742 1328 περὶ
800 1254 901 1322 τήν
965 1246 1343 1326 Μεσέμϐρειαν
1405 1251 1564 1318 ἦσαν,
1613 1250 1702 1306 καὶ
1753 1249 1924 1320 δῆλος
1953 1252 2022 1319 ἦν

369 1344 624 1420 βασιλεὺς
671 1343 897 1405 ἐκείνοις
947 1340 1324 1415 πλαττόμενος
1369 1341 1622 1418 ἀφορμὰς
1673 1346 1768 1396 τοῦ
1819 1343 1895 1414 μὴ
1942 1337 2022 1395 δι-

369 1431 521 1489 δόναι
553 1435 586 1488 ἄ
615 1433 704 1488 καὶ
735 1433 974 1504 καθάπαξ
1009 1430 1215 1486 διδόναι
1267 1430 1365 1484 οὐκ
1409 1431 1474 1499 ἧν
1531 1429 1855 1506 βουλομένῳ
1885 1430 2023 1486 ἐκεί-

370 1544 470 1596 νῳ.
505 1521 839 1599 Ἀνερῥίπιζε
892 1520 950 1576 δὲ
1004 1522 1067 1575 τὸ
1129 1527 1286 1593 μῖσος
1341 1520 1432 1574 καὶ
1488 1522 1522 1589 ἡ
1581 1521 1717 1594 πρὸς
1759 1519 2025 1595 βασιλέως

370 1618 472 1681 τῆς
515 1611 742 1686 ’μητρὸς
801 1609 1008 1680 ἐκείνης
1062 1607 1328 1683 Εὐλογίας
1386 1608 1705 1683 παρόρασις.
1737 1611 1810 1664 Τὸ
1867 1606 1912 1663 δ’
1945 1607 2025 1662 αἶ’-

370 1723 486 1756 τιον
521 1703 555 1768 ἠ
587 1701 711 1773 περὶ
767 1705 875 1754 τῶν
933 1697 1236 1774 γεγονότων
1294 1701 1363 1770 τῇ
1425 1696 1724 1769 Ἐκκλησία
1773 1695 2024 1775 διαφορὰ,

376 1790 452 1850 ὡς
510 1789 587 1850 εἷς
644 1787 841 1864 ἐχθρὰν
903 1785 1210 1861 λογίζεσθαι
1270 1790 1348 1857 τῷ
1401 1791 1687 1862 κρατοῦντι
1749 1787 1826 1859 μή
1875 1782 2026 1847 ὅπως

373 1878 542 1947 αὐτὴν
578 1875 914 1952 σχιζομένην
945 1883 1044 1945 τῆς
1095 1876 1233 1948 πρὸς
1289 1876 1390 1944 τήν
1453 1875 1780 1946 Ἐκκλησίαν
1830 1896 2028 1929 κοινω-

2127 723 2336 798 μητρὸς
2386 723 2523 797 πρὸς
2583 719 2852 796 βασιλέως
2913 719 3215 795 ἀπέχθειαν.
3270 721 3410 783 Ὅθεν
3453 720 3665 796 καὶπρὸς

2125 807 2211 864 ἴσα
2243 808 2493 865 δεικνῦσα
2520 811 2583 865 τὸ
2637 807 2806 886 ἓχθος
2865 815 3109 885 πειρᾶται
3166 808 3390 884 πράττειν
3418 809 3495 863 καὶ
3523 815 3660 881 μεῖζον

2123 899 2158 968 ἢ
2191 900 2327 954 κατὰ
2355 905 2582 974 γυναῖκα
2613 919 2625 932 ·
2680 900 2775 955 τὸν
2824 898 2928 974 γὰρ
2974 899 3169 975 Ἰωσὴφ
3217 898 3300 951 σὺν
3349 893 3601 969 ἂλλοις,ὅν
3622 895 3670 966 δὴ

2123 989 2213 1044 καὶ
2272 990 2518 1064 Καθαρὸν
2576 988 2886 1061 ὠνόμαζον,
2945 986 3144 1060 πέμπει
3198 987 3325 1061 πρὸς
3376 985 3667 1055 Παλαιστίνην

2127 1081 2240 1152 ἅμα
2300 1080 2392 1152 μὲν
2450 1083 2530 1151 τῷ
2586 1086 2685 1148 τῆς
2738 1077 2937 1140 Αίλίας
2987 1075 3286 1151 πατριάρχῃ
3329 1076 3389 1129 τὰ
3429 1075 3672 1150 πραχθέντα

2130 1167 2562 1246 διασαφήσοντα,
2608 1166 2721 1241 ἅμα
2778 1166 2837 1222 δὲ
2893 1166 2984 1223 καὶ
3040 1167 3130 1221 τὸν
3186 1164 3398 1220 σουλτᾶν
3424 1165 3538 1219 κατὰ
3562 1165 3674 1239 βασιο

2129 1255 2270 1320 λέως
2301 1258 2376 1321 ὡς
2404 1257 2520 1312 ἐνὸν
2567 1256 2756 1330 ἐκείνῳ
2808 1259 3261 1332 παρακινήσοντα,
3311 1253 3424 1308 ὥσθ’
3463 1256 3556 1325 ἅμα
3576 1250 3679 1307 Exsi-

2127 1368 2219 1401 vov
2271 1347 2365 1419 μὶν
2412 1342 2580 1416 ἔνθεν,
2642 1345 2989 1421 Βουλγάρους
3039 1343 3087 1399 δ’
3143 1343 3361 1406 ἐντεῦθεν
3404 1338 3683 1400 συνελθόντας

2127 1438 2226 1504 τὴν
2261 1436 2450 1511 χώραν
2484 1439 2581 1490 τοῦ
2635 1434 2907 1510 βασιλέως
2963 1438 3161 1489 κακοῦν
3185 1453 3198 1465 ·
3251 1433 3375 1486 εἶναι
3421 1430 3511 1505 γὰρ
3535 1429 3684 1499 καὶτῷ

2131 1523 2267 1597 Θείῳ
2319 1525 2718 1600 ἀπηχθημένον
2777 1525 2867 1579 τὸν
2929 1522 3154 1598 βαςιλέα
3199 1523 3269 1584 ὡς
3315 1514 3584 1592 παραϐάντα
3615 1518 3686 1584 τήν

2130 1615 2268 1689 πρὸς
2301 1615 2501 1668 ἐκεῖνον
2562 1614 2873 1687 θρησκείαν,
2933 1611 3093 1669 οὐδὲν
3152 1609 3196 1666 δ’
3252 1609 3381 1666 ἀλλο
3421 1607 3604 1664 εἶναιτὸ
3626 1627 3689 1659 κιο

2131 1709 2254 1758 νοῦν
2288 1705 2416 1758 Θεὸν
2449 1703 2533 1758 ἐπ’
2565 1705 2886 1780 ἅνθρώπους
2945 1703 2981 1773 ἢ
3033 1703 3097 1758 τὸ
3154 1695 3445 1775 παραϐῆναι·
3485 1697 3685 1772 σφᾶςτὴν

2132 1793 2268 1865 πρὸς
2331 1792 2534 1847 ἐκεῖνον
2589 1792 2961 1866 νομιζομένην
3023 1789 3176 1862 δόξαν
3236 1789 3472 1864 ἀρχῆθεν,
3515 1787 3592 1856 Τῷ
3624 1782 3692 1854 μὲν

2135 1880 2227 1936 οῦν
2284 1884 2606 1958 πατριάρχῃ
2687 1883 2739 1936 oi
2812 1881 2960 1957 παρά
3030 1888 3132 1950 τῆς
3192 1877 3390 1952 Μαρίας
3437 1874 3699 1949 πεμφθέντες

372 1967 512 2037 νίας,
546 1966 693 2022 ἀλλὰ
722 1967 811 2020 καὶ
865 1963 1112 2027 πολλοὺς
1159 1969 1265 2020 τῶν
1318 1965 1665 2038 σχιζομένων
1708 1969 2031 2040 περιποιοῦ-
2063 1996 2109 2061 Β
2137 1973 2303 2026 πιστά
2335 1969 2516 2046 λέγειν
2568 1968 2815 2044 ἐδόκουν,
2874 1970 2964 2025 καὶ
3017 1971 3146 2044 παρ’
3203 1965 3378 2023 ἄλλων
3425 1964 3613 2038 μαθόντι
3651 1959 3698 2012 τὰ

373 2079 468 2112 σαν
529 2055 618 2111 καὶ
675 2054 1132 2128 περιθάλπουσαν.
1191 2055 1356 2116 Ταῦθ’
1430 2056 1465 2124 ἡ
1526 2053 1711 2130 Μαρία
1761 2065 2032 2118 πυνθανο-

381 2146 510 2221 μένη
569 2149 680 2200 τῶν
739 2140 1011 2220 ὁσημέραι
1069 2146 1196 2221 παρ’
1251 2145 1418 2214 αὐτὴν
1493 2144 1807 2222 φοιτώντων
1879 2144 2035 2216 (ἦσαν

375 2237 479 2312 γὰρ
536 2235 627 2290 καὶ
681 2238 790 2289 τῶν
845 2239 1100 2310 μοναχῶν
1161 2234 1262 2290 οὐκ
1316 2235 1496 2309 ὀλίγοι
1547 2235 1647 2304 τὴν
1699 2235 1775 2298 είς
1824 2233 2033 2305 ἐκείνην

379 2325 688 2397 στέρξαντες
735 2322 986 2397 ἱκετείαν)
1045 2321 1195 2378 δεινά
1251 2322 1482 2396 ἐμελέτα
1537 2326 1674 2378 κατά
1728 2327 1826 2377 τοῦ
1867 2323 2034 2396 θείου,

381 2415 652 2488 στυγοῦσα
685 2412 778 2485 μὶν
811 2411 902 2467 καὶ
947 2412 1049 2481 τὴν
1102 2413 1317 2488 πρᾶξιν,
1379 2415 1455 2477 ὡς
1504 2414 1642 2488 πρὸς
1667 2410 1796 2475 τοὺς
1825 2411 2033 2468 ἱκετεύ-

2141 2061 2440 2134 γεγονότα·
2502 2061 2618 2115 ὃθεν
2676 2060 2766 2114 καὶ
2850 2060 2996 2134 παρὰ
3088 2059 3247 2132 μόνον
3327 2055 3384 2110 τὸ
3461 2048 3698 2126 μεγεθῶοειν

2144 2150 2530 2218 προστιθέντας
2585 2150 2647 2204 τὸ
2704 2153 2929 2225 πρᾶγμα
2988 2145 3281 2218 ἀληθινοὺς
3334 2136 3554 2216 πρέσϐεις
3601 2137 3699 2225 εἶχε,

2144 2237 2365 2292 καὶούκ
2417 2220 2894 2314 ἐπολυπραγμόνει
2939 2239 3031 2292 τὸν
3081 2238 3377 2310 πέμψαντα.
3412 2230 3644 2286 Ἐπίστευι
3665 2220 3707 2276 Si;

2144 2325 2273 2388 τοὺς
2331 2327 2455 2402 περὶ
2535 2328 2626 2382 τὸν
2710 2324 3129 2401 Ἀλεξανδρείας
3213 2322 3500 2382 Ἀθανάσιον
3548 2315 3619 2371 καὶ
3662 2331 3707 2402 γε

2146 2416 2238 2471 τὸν
2281 2416 2622 2493 Ἀντιοχείας
2677 2415 2956 2490 Εὐθύμιον
3008 2414 3184 2471 έκεῖνο
3238 2403 3615 2488 πράττεινὸκαὶ
3641 2401 3712 2476 i16-

2004 2546 2157 2643 VI.

387 2693 442 2749 1.
479 2692 543 2750 Ut
571 2693 624 2746 et
653 2690 849 2762 quibus
877 2688 963 2762 de_
983 2689 1165 2762 causis
1194 2687 1265 2743 ad
1321 2689 1564 2762 montem
1611 2689 1857 2745 Haemum
1913 2694 2036 2745 tur-

945 2759 1069 2816 bari
1092 2776 1209 2833 pax
1237 2759 1480 2832 coeperit.

458 2871 608 2928 427
636 2867 1272 2941 Caeterumimperatori
1296 2884 1577 2924 novarum
1602 2867 1837 2924 initium
1862 2885 2037 2924 cura-

391 2979 522 3018 rum
555 2959 880 3017 attulerunt
908 2975 1002 3015 res
1033 2958 1188 3031 apud
1228 2959 1492 3014 Haemum
1525 2957 1738 3014 iterum
1768 2959 2034 3016 turbata.

389 3056 540 3110 Nam
599 3048 1015 3108 conventiones
1075 3047 1447 3107 Constantini
1514 3052 1573 3105 et
1635 3047 1736 3104 illa
1798 3049 2040 3116 foedera,

393 3140 644 3214 nuptiali
675 3144 978 3212 utcunque
1026 3138 1462 3196 necessitudine
1494 3137 1870 3210 ﬁrmata,jam
1899 3155 2042 3194 con-

395 3229 812 3298 fundebantur,
861 3228 1046 3285 Maria
1091 3228 1280 3284 virum
1345 3228 1406 3282 in
1474 3227 1686 3283 hostile
1759 3229 2041 3284 adversus

2145 2693 2612 2751 sinereinultam
2663 2709 2724 2750 se
2774 2710 2890 2749 non
2942 2709 3117 2766 posse
3165 2689 3314 2748 428
3362 2683 3712 2775 aversionema

2147 2788 2334 2839 matre
2366 2801 2475 2840 sua
2519 2799 2695 2856 quam
2750 2799 2866 2856 prae
2914 2799 2976 2838 se
3027 2781 3251 2838 ferebat
3300 2778 3714 2850 imperator;cul

2147 2872 2390 2944 proinde
2413 2889 2613 2945 parem
2646 2873 2762 2928 odii
2787 2888 3129 2927 mensuram
3156 2867 3458 2942 rependere
3476 2871 3711 2933 aggressa.

2148 2959 2274 3033 plas
2306 2977 2516 3017 nocere
2547 2968 2756 3017 conata
2783 2967 2873 3017 est
2898 2977 3077 3033 quam
3112 2955 3484 3015 verisimiliter
3505 2946 3716 3024 potuerat

2148 3066 2182 3106 a
2212 3049 2455 3106 muliere
2495 3049 2714 3117 timeri,
2762 3049 3058 3121 siquidem
3104 3046 3421 3119 Josephum
3466 3035 3715 3112 quemdam

2149 3144 2532 3208 cognomento
2563 3138 2877 3195 Catharnm
2917 3153 3054 3194 cum
3130 3136 3262 3192 aliis
3309 3134 3365 3188 in
3421 3124 3716 3185 Palastinsm

2153 3228 2333 3297 misit,
2376 3227 2588 3300 partim
2639 3232 2705 3283 ut
2750 3227 2907 3283 Elite
2953 3225 3300 3299 patriarcha
3351 3212 3723 3278 manifestarent

397 3327 694 3379 Romanos
724 3322 922 3377 odium
957 3326 1222 3376 movente
1253 3336 1319 3376 eo
1359 3320 1676 3388 efﬁcacius,
1711 3337 1826 3392 quo
1856 3321 2043 3392 pluris
2073 3332 2117 3400 (ς
2155 3335 2284 3390 quae
2312 3322 2441 3373 acta
2471 3317 2723 3387 fuerant,
2756 3317 2969 3389 partim
3001 3320 3069 3371 ut
3100 3315 3496 3400 hujusopera,
3525 3300 3723 3400 ερμιιξο·

403 3426 468 3466 ea
515 3425 646 3465 esse
694 3409 848 3480 apud
903 3409 1100 3478 ipsum
1150 3413 1401 3479 cmperat
1447 3409 1603 3463 edito
1657 3408 1709 3462 ei
1770 3407 1910 3474 ﬁlio,
1943 3410 2044 3480 qui

406 3495 652 3552 Michael
681 3502 772 3552 est
801 3495 1016 3564 dictus,
1052 3499 1319 3551 cessante
1358 3496 1595 3551 interim
1649 3495 2045 3568 imperialium

402 3585 830 3658 promissorum
871 3583 1002 3640 ﬂde.
1055 3583 1198 3639 Nam
1250 3600 1383 3639 cum
1436 3585 1624 3656 pactis
1670 3585 2045 3656 sponsalibus

398 3673 718 3746 recepisset
746 3673 1071 3746 imperator
1099 3673 1528 3729 Mesembream
1568 3675 1949 3731 Constantino
1981 3693 2044 3733 se

397 3777 725 3831 cessurum,
758 3762 1020 3818 nondum
1053 3779 1179 3818 eam
1201 3762 1556 3833 tradiderat;
1589 3767 1646 3820 et
1677 3765 1822 3820 satis
1862 3782 2042 3838 appa-

398 3853 565 3910 rebat
609 3851 998 3908 deliberatum
1067 3867 1196 3908 esse
1242 3852 1357 3923 ipsi
1413 3851 1576 3909 nullo
1635 3870 1896 3926 unquam
1927 3854 2042 3910 fine

395 3941 764 4000 comminisci
797 3945 1105 4012 praetextus
1137 3957 1250 3997 non
1285 3941 1463 3997 dandi
1526 3942 1679 4013 quod
1741 3943 2038 3999 amitteret

391 4030 805 4108 invitissimus.
845 4029 1104 4102 Subjecit
1146 4029 1273 4100 jam
1323 4047 1424 4102 per
1472 4047 1534 4087 se
1575 4031 1805 4088 ardenti
1853 4031 2038 4088 oti'en-

393 4121 546 4179 sioni
591 4122 891 4177 flammam
913 4136 1062 4176 nova
1107 4119 1328 4190 injuria
1378 4119 1656 4193 neglecta:
1705 4127 2038 4194 spretaeque

393 4213 466 4268 ab
513 4210 870 4283 imperatore
927 4209 1205 4282 Eulogiaa,
1258 4226 1386 4283 qua:
1439 4215 1626 4266 mater
1672 4220 1792 4267 erat
1841 4209 2039 4267 uxoris

391 4298 781 4356 Constantini.
813 4297 1006 4354 Causa
1033 4299 1189 4354 inter
1219 4315 1320 4355 eos
1359 4299 1590 4356 dissidii
1645 4299 1754 4355 fuit
1788 4299 2038 4371 Eulogiaa

391 4387 686 4444 declarata
717 4386 1028 4459 propensio
1059 4389 1119 4442 in
1153 4404 1248 4444 eas
1280 4405 1406 4460 quae
1449 4389 1648 4445 minus
1699 4386 2037 4460 imperatori

390 4477 794 4550 probabantur
857 4475 1176 4532 factionum
1240 4476 1767 4534 ecclesiasticarum
1818 4483 2033 4549 partes,

390 4581 571 4639 quam
602 4564 700 4620 ille
740 4564 872 4620 odio
923 4565 1140 4620 sororis
1191 4565 1249 4620 in
1293 4583 1354 4622 se
1401 4567 1633 4624 cuidam
1683 4567 2036 4640 imputabat.

389 4657 542 4755 Cane
574 4657 853 4710 matronas
893 4653 1074 4725 hujus
1119 4654 1176 4710 in
1210 4671 1276 4711 ea
1308 4671 1386 4754 ἰθ
1435 4655 1520 4712 ita
1567 4657 1864 4714 eminebat
1911 4661 2038 4712 stu-
2065 4689 2113 4755 Β

389 4744 578 4811 dium,
611 4747 678 4799 ut
706 4759 821 4798 non
870 4747 1146 4799 contenta
1194 4761 1258 4800 se
1305 4744 1497 4816 ipsam
1543 4763 1577 4802 a
1623 4745 2035 4803 communione

392 4832 884 4890 consentientium
921 4831 1082 4887 fratri
1115 4835 1373 4906 Augusto
1395 4836 2036 4909 segregare,plerosque

393 4924 569 4980 etiam
599 4924 866 4979 auctores
900 4919 1338 4995 participesque
1359 4922 1701 4981 schismatis
1724 4925 2035 4981 conciliare

392 5011 745 5068 demerendo
775 5008 890 5065 sibi
913 5009 1222 5082 fovereque
1244 5013 1567 5082 patrocinio
1591 5013 1784 5086 palam
1804 5014 2035 5069 affecta-

391 5106 499 5159 ret.
535 5101 666 5157 Haec
695 5099 877 5156 Maria
908 5098 1270 5171 quotidianis
1297 5101 1543 5157 audiens
1576 5103 1801 5158 nuntiis
1832 5101 2038 5174 (cursi-

389 5193 599 5250 tabant
631 5190 787 5247 enim
819 5189 971 5244 inter
1003 5193 1252 5244 matrem
1305 5189 1601 5262 filiamque
1633 5190 2036 5246 nundinandis

389 5283 450 5339 in
483 5297 724 5339 causam
755 5277 1095 5335 schismatis
1119 5275 1466 5334 mulieribus
1499 5278 1797 5350 suffragiis
1831 5276 2039 5333 intenti

392 5372 667 5430 monachi
689 5387 804 5426 non
823 5367 1017 5440 pauci)
1049 5367 1248 5439 gravia
1269 5367 1328 5422 in
1345 5368 1690 5422 avueculum
1713 5365 2038 5422 machinari

394 5479 530 5520 orsa
561 5459 862 5528 est,invita
892 5455 1023 5528 ipsa
1043 5455 1283 5527 quidem
1323 5460 1380 5511 et
1409 5456 1732 5511 abhorrens
1765 5456 1837 5511 ab
1857 5455 2037 5527 impio

390 5552 453 5610 in
487 5550 740 5624 speciem
773 5548 942 5612 facto,
978 5549 1044 5600 ut
1077 5545 1270 5600 dicere
1300 5544 1526 5601 solebat
1583 5544 2038 5616 implorantibus

393 5642 524 5713 ejus
551 5657 718 5713 opem
751 5653 900 5711 quos
941 5634 1060 5691 dixi
1108 5635 1431 5707 monachis,
1486 5639 1684 5692 tamen
1727 5651 2038 5700 excusans.

2156 3385 2355 3459 rantes
2385 3403 2589 3459 eodem
2619 3408 2676 3459 et
2704 3385 2816 3476 ipsi
2850 3419 2953 3474 pro
2982 3401 3164 3470 virili,
3188 3385 3191 3386 ν
3213 3398 3492 3456 sultanem
3531 3385 3726 3484 illic

2153 3493 2475 3548 minantem
2523 3492 2581 3547 in
2624 3492 3034 3563 imperatorem
3086 3490 3476 3550 concitarent;
3520 3493 3617 3552 Quo
3653 3471 3724 3526 ί¹¹⁰

2151 3581 2307 3650 inde,
2342 3581 2610 3654 Bulgaria
2639 3597 2708 3638 ex
2739 3585 2904 3654 parte
2935 3579 3050 3637 alia
3090 3574 3560 3651 irrumpentibus,
3584 3565 3724 3654 ἰωρεξ·

2148 3648 2326 3726 ratori
2361 3648 2636 3742 subjectae
2685 3648 2995 3742 provincias
3037 3648 3302 3741 ancipiti
3339 3664 3588 3732 utrinque
3613 3648 3726 3709 malo

2145 3765 2512 3817 vexarentur.
2545 3759 2691 3815 Nam
2731 3776 2972 3816 exosum
3017 3775 3153 3815 esse
3181 3757 3384 3828 utique
3430 3751 3535 3808 Deo
3565 3745 3726 3842 iﬁlli”

2146 3855 2397 3906 ratorem
2430 3850 2506 3906 ob
2537 3866 2603 3905 ea
2631 3865 2758 3921 qua
2791 3853 2993 3906 contra
3013 3848 3168 3904 ritus
3192 3846 3414 3920 patrios
3435 3842 3487 3896 in
3509 3835 3728 3905 religione

2146 3938 2521 3995 immutasset
2551 3956 2564 3994 :
2599 3955 2716 3994 una
2747 3954 2808 3994 re
2827 3941 3022 3994 autem
3047 3935 3310 3994 maxime
3341 3925 3542 3989 moveri
3559 3928 3729 4019 etcen-

2147 4029 2310 4085 citari
2341 4029 2524 4084 Deum
2558 4029 2838 4084 adversus
2869 4027 3168 4096 homines,
3202 4027 3253 4083 si
3284 4040 3383 4081 eos
3432 4019 3602 4075 videat
3625 4009 3730 4066 olim

2144 4117 2372 4173 sancita
2399 4116 2808 4174 ecclesiasticae
2829 4116 3107 4172 doctrinae
3130 4117 3411 4188 dogmata
3437 4103 3730 4179 legitimum-

2145 4226 2258 4281 que
2289 4226 2460 4266 usum
2493 4226 2796 4266 sacrorum
2838 4225 3222 4281 corrumpere
3269 4207 3495 4262 intrusa
3531 4190 3736 4288 novitate

2143 4315 2262 4356 non
2291 4299 2496 4356 vereri.
2528 4301 2606 4355 Ac
2638 4298 2980 4372 patriarcha:
3022 4299 3272 4370 quidem
3319 4290 3479 4351 missi
3523 4305 3552 4382 ιι
3595 4286 3735 4382 hier

2142 4388 2310 4444 facile
2339 4393 2757 4460 persuaserunt
2787 4405 2914 4460 qua;
2941 4389 3288 4458 narrarunt,
3319 4385 3511 4455 utpote
3537 4371 3737 4448 ἱρεὶἱεω

2143 4478 2215 4534 ab
2247 4476 2380 4533 aliis
2419 4477 2658 4547 audita;
2708 4477 2905 4549 itaque
2955 4493 3091 4533 cum
3134 4476 3195 4532 hi
3247 4471 3382 4530 novi
3428 4464 3736 4556 cognitam?

2143 4571 2312 4623 antea
2342 4583 2536 4622 rerum
2569 4565 2762 4622 nuntii
2785 4565 2933 4622 nihil
2955 4565 3069 4622 nisi
3093 4560 3511 4637 exaggerarent
3538 4550 3739 4620 indigni-

2145 4659 2326 4712 tatem
2353 4656 2508 4712 fama
2528 4657 2654 4728 jam
2689 4655 3004 4711 celebrium
3039 4659 3336 4723 actorum,
3383 4665 3482 4724 pro
3518 4640 3740 4738 νοείσθω

2151 4750 2207 4802 et
2237 4746 2460 4802 sincere
2493 4745 2802 4818 agentibus
2852 4744 3060 4816 legatis
3109 4743 3346 4810 habuit,
3398 4733 3744 4795 nihilcuriose

2149 4835 2438 4907 indagans
2469 4834 2625 4891 circa
2674 4837 2931 4890 mentem
2963 4833 3094 4904 ejus
3144 4849 3181 4889 a
3229 4847 3344 4902 quo
3390 4820 3743 4913 mittebantur.

2149 4929 2250 4980 aut
2280 4906 2696 4996 inquirendum
2731 4921 3060 4994 suspiciose
3106 4921 3338 4977 ducens
3369 4918 3438 4973 de
3473 4915 3584 4969 toto
3610 4906 3748 4999 istiug

2146 4992 2455 5086 legationis
2486 4992 2969 5083 consilio,ecquid
3003 5009 3206 5066 arcani
3239 5005 3536 5082 quidpiam
3558 4992 3748 5093 arti-ﬁcii

2150 5107 2209 5158 et
2258 5102 2624 5174 politicarum
2677 5102 3114 5172 privatarumvs
3163 5099 3465 5154 rationum
3529 5091 3750 5174 specioso

2150 5173 2271 5246 zeli?
2309 5208 2409 5263 pro
2462 5190 2743 5263 religione
2802 5189 3043 5246 obtentu
3095 5189 3342 5244 celaret.
3397 5184 3588 5251 Itaque
3623 5173 3750 5263 tanto

2153 5258 2347 5335 studio
2381 5280 2436 5335 in
2472 5258 2769 5352 negotium
2797 5277 3089 5344 incubuit,
3121 5281 3190 5332 ut
3229 5275 3318 5332 vel
3359 5273 3408 5328 si
3439 5258 3750 5352 contingeret

2149 5348 2610 5424 Alexandrinum
2635 5367 3024 5424 Athanasium
3047 5371 3102 5422 et
3120 5363 3551 5421 Antiochocum
3571 5348 3752 5415 Euthl'

2151 5457 2334 5513 mium
2371 5457 2701 5529 imperatori
2744 5455 3043 5523 assentiri,
3089 5455 3465 5528 proﬁteretur
3509 5443 3676 5502 solum
3703 5447 3750 5529 se

2130 5563 2264 5601 .non
2299 5527 2707 5602 dubitaturum
2739 5543 3361 5603 obsistere.Sultanem
3383 5536 3530 5630 quod
3560 5527 3752 5630 attinet.

2147 5633 2722 5708 inexspectatissima
2767 5633 2891 5692 hac
2937 5634 2989 5692 ei
3032 5631 3252 5692 accidit
3297 5624 3528 5704 legatio,
3571 5624 3751 5692 qui?!”
