4002 6198
307 221 431 276 885

1388 225 1486 278 ΒΕ
1522 222 1900 280 MICHAELE
1938 221 2383 276 PALEOLOGO
2420 222 2557 277 LIB.
2598 222 2693 275 VI.

3634 215 3744 271 886

307 366 406 408 νος
435 346 660 416 ἠξιοῦτο
722 347 806 419 [Ρ.
837 347 966 420 293]
999 349 1196 404 ποιεῖν.
1229 351 1320 419 Τῷ
1349 345 1406 401 δέ
1452 368 1513 421 γε
1561 343 1791 402 σουλτάν
1846 345 1972 419 παρ’
2002 347 2058 415 Α
2090 341 2377 418 λεσμᾶνοις
2437 344 2654 406 ἐπιστὰς
2709 339 2886 419 ἔκρινε
2940 339 3047 397 δεῖν
3108 344 3430 418 ἡσυχάζειν,
3489 344 3585 397 τοῦ
3646 340 3740 414 μὶν

307 434 583 508 ἐλπισμὸν
645 433 713 503 ἦν
774 436 945 490 πάντα
1001 439 1035 506 ἡ
1110 435 1321 491 ἐκείνων
1381 432 1639 510 πρεσϐεία
1699 438 1773 497 ὡς
1837 430 1977 508 μηδέ

306 524 431 579 ποτ’
492 523 699 580 ἄλλοτε
745 528 1009 599 γενομὲνη
1059 532 1173 589 τοῖς
1215 528 1319 603 πρὸ
1363 528 1531 581 αὐτοῦ
1562 532 1659 595 τῆς
1691 524 1971 599 Ᾱῖγύπτου

306 615 569 689 ἄρχουσι·
624 612 846 687 προσέτι
893 613 949 669 δὲ
1005 616 1094 670 καὶ
1144 616 1206 670 τὸ
1260 612 1412 676 ἔθνος
1468 620 1574 670 τῶν
1638 613 1972 690 Βουλγάρων

308 705 390 775 μὴ
448 703 739 780 περιφανὲς
772 704 827 757 ὅν
862 702 1119 759 ὥστεκαὶ
1180 704 1256 768 εἷς
1311 706 1487 780 ἀρχὴν
1553 702 1860 779 ἀνάγεσθαι,
1918 703 1970 758 ἐν

307 792 597 854 ὑπονοίαις
656 794 756 862 τὴν
804 788 1093 866 πρεσϐείαν
1145 792 1337 862 ἐποίει,
1392 795 1482 848 καὶ
1531 793 1777 869 σιγηλῶς
1840 793 1973 847 ἀπέ-

305 902 521 955 πεμπε.
580 883 657 938 Τὸ
719 884 897 954 μεντοι
947 905 1008 956 γε
1038 880 1230 938 δοκοῦν
1272 888 1351 955 τῷ
1397 891 1495 953 τῆς
1529 883 1728 945 Αἷλίας
1778 902 1971 958 πατρι-

308 970 628 1046 αρχεύοντι.
680 971 968 1047 Γρηγορίῳ
1010 976 1098 1027 καὶ
1148 971 1267 1027 λίαν
1314 972 1577 1043 ἀληθινὸν
1620 973 1710 1042 ἦν.
1760 973 1820 1029 Ὁ
1868 973 1971 1045 γὰρ

306 1060 656 1137 Ἀντιοχείας
732 1061 820 1115 καὶ
898 1060 1324 1135 προεπεδήμησε
1394 1062 1461 1136 τῇ
1537 1068 1973 1131 Κωνσταντινου,

307 1148 531 1225 ῥυσθεῖς
589 1154 697 1204 τῶν
746 1154 844 1205 τοῦ
898 1150 1066 1225 ῥηγὸς
1113 1150 1404 1226 Ἀρμενίας
1456 1154 1677 1225 χειρῶν.
1736 1151 1974 1211 Ἐκεῖνος

302 1238 415 1314 γὰρ
466 1234 625 1313 ἔχθος
654 1244 735 1311 τῷ
764 1238 1077 1315 πατριάρχῃ
1129 1244 1311 1313 τηρῶν
1363 1239 1451 1294 καὶ
1502 1238 1673 1293 Θὲλων
1725 1235 1969 1293 ἐκποδὼν

303 1331 564 1395 ποιῆσαι,
618 1328 732 1382 ἐπεὶ
793 1328 892 1382 ἀνὰ
951 1333 1139 1403 χεῖρας
1189 1328 1305 1404 εἶχε
1353 1330 1443 1383 τὸν
1493 1325 1680 1403 ἄνδρα,
1715 1323 1966 1381 ἐκδίδωσι

299 1420 426 1479 τοῖς
456 1417 746 1487 ἀπάξουσιν
845 1413 911 1485 δή
946 1417 1037 1469 καὶ
1069 1413 1377 1470 ἀπολλύναι
1432 1414 1491 1469 ἐκ
1535 1419 1632 1469 τοῦ
1677 1420 1973 1489 παραχρῆ-

306 1525 388 1576 μα
420 1498 681 1577 ξυμϐαίη.
726 1506 822 1559 Καὶ
860 1507 911 1559 οἱ
957 1500 1219 1566 λαϐόντες
1270 1504 1534 1582 ἀμφιάλῳ
1585 1503 1965 1558 κατεπίστευον

303 1595 507 1667 πέτρᾳ,
565 1592 758 1668 ἐρήμῳ
815 1591 950 1668 οὔσῃ
996 1594 1083 1648 καὶ
1133 1594 1482 1669 ἀπανθρώπῳ
1537 1594 1603 1647 τὰ
1662 1595 1737 1656 εἰς
1795 1593 1969 1665 παρά-

2087 433 2393 508 συμπρᾶξαι
2424 431 2706 495 παντελῶς
2764 430 3006 508 ἅπὲχων,
3064 430 3127 486 τὸ
3183 428 3227 485 δ’
3284 430 3550 487 ἀνακινεῖν
3611 431 3741 485 καθα

2086 527 2289 579 εστῶτα
2317 522 2626 600 ἡγούμενος
2659 521 2906 600 ἄκαιρον.

2090 687 2150 759 β’.
2227 687 2418 749 Ὅπως
2482 687 2517 755 ἡ
2594 680 3237 819 Μαρίαθᾶιαὲεσοφίσατο
3312 681 3405 735 τὸν
3480 678 3744 756 Σφεντίσ-

2868 777 2899 809 α
2941 777 3021 811 ον.

2868 777 3021 811 αοον.

2156 883 2235 955 [Ρ.
2271 883 2491 954 294]Ἣ
2554 882 2738 955 μέντοι
2798 901 2860 956 γε
2916 877 3101 955 Μαρία
3153 876 3389 954 Μιχαὴλ
3418 878 3511 933 τὸν
3567 875 3737 933 παῖδα

2082 970 2171 1025 καὶ
2251 972 2396 1046 παρά
2461 969 2559 1041 τήν
2612 969 2832 1040 ἡλικίαν
2888 968 3123 1042 στέψασα
3188 967 3491 1043 βασιλικῶς
3551 964 3739 1046 ἔτρεφε

2080 1062 2167 1114 καὶ
2233 1059 2415 1134 ἀνῆγε,
2476 1061 2574 1129 τήν
2635 1058 2904 1138 εὐφημίαν
2977 1059 3113 1132 μετὰ
3170 1058 3405 1132 πατέρας
3448 1060 3531 1129 τῷ
3582 1055 3738 1113 παιδὶ

2081 1151 2415 1225 παρέχουσα.
2474 1148 2759 1213 ’Υπόπτως
2810 1148 2867 1204 δὲ
2894 1154 2973 1216 τῷ
3007 1142 3432 1225 Σφεντισθλάϐῳ
3471 1145 3561 1201 καὶ
3617 1144 3738 1202 λίαν

2080 1233 2304 1313 ἔχουσα,
2339 1236 2576 1313 δεσπότῃ
2610 1260 2673 1314 γε
2702 1235 2839 1307 ὄντι,
2876 1239 3217 1292 ὑποποιιῖται
3251 1232 3308 1290 δὲ
3346 1232 3551 1297 δολίως
3596 1233 3743 1289 ἐκεῖ·

2077 1349 2163 1382 νον
2199 1347 2212 1360 ⁸
2300 1327 2366 1383 τὰ
2418 1333 2515 1383 τοῦ
2571 1327 2986 1385 Κωνσταντίνου
3068 1326 3308 1386 ἀσθενῶς
3366 1321 3591 1399 ἔχοντος
3640 1322 3740 1398 γὰρ

2080 1416 2249 1472 ἐποίει
2306 1422 2532 1472 τοιαῦτα
2569 1417 2979 1486 κατασκευάζειν
3013 1415 3135 1489 περὶ
3186 1417 3268 1485 τῷ
3312 1409 3467 1468 παιδὶ
3517 1408 3738 1465 δειλιῶ-

2080 1528 2212 1563 σαν.
2270 1507 2536 1580 Πέμψασα
2587 1511 2762 1582 γοῦν,
2818 1505 3005 1581 ὅρκοις
3068 1506 3144 1577 μὴ
3206 1496 3594 1557 ἐπιϐουλεῦσαί
3661 1502 3735 1570 οἷ,

2076 1596 2249 1650 πείθει
2308 1595 2702 1672 παραγενέσθαι
2757 1595 2848 1650 τὸν
2916 1586 3351 1672 Σφεντίσθλαϐον
3386 1590 3513 1664 παρ’
3542 1587 3733 1659 αότήν.

301 1682 530 1752 κλησιν.
592 1682 751 1738 Ἀλλ’
802 1682 1010 1746 ἐκεῖνος
1067 1682 1300 1758 ῥωσθεὶς,
1357 1683 1430 1745 ὡς
1488 1678 1663 1757 ἔλεγε,
1722 1687 1843 1743 ταῖς
1872 1684 2132 1777 τοῦΒὉ
2191 1682 2248 1738 δὲ
2300 1690 2414 1747 τοῖς
2471 1687 2656 1761 ὅρκοις
2714 1683 2989 1761 θαρρήσας
3049 1682 3126 1744 εἷς
3176 1674 3450 1757 Τὲρνοϐον
3475 1680 3597 1748 ἧκε,
3646 1679 3737 1732 καὶ

303 1774 732 1848 θαυματουργοῦ
792 1772 1073 1829 Νικολάου
1118 1772 1476 1840 ἐπιστασίαις,
1537 1770 1753 1847 βασιλεῖ
1800 1791 1962 1844 προσ·

307 1862 504 1936 τρέχει
561 1863 854 1937 καταχθεὶς
911 1861 989 1923 εἷς
1046 1861 1232 1919 πόλιν.
1294 1863 1354 1918 Ὀ
1386 1858 1441 1915 δὲ
1473 1882 1537 1935 γε
1564 1857 1969 1932 Ἀλεξανδρείας

308 1951 406 2005 καὶ
466 1950 627 2014 αὐτὸς
684 1950 906 2026 ὕστερος
963 1956 1070 2006 τῶν
1130 1947 1486 2026 πραχθέντων
1534 1949 1792 2026 γεγονὼς,
1844 1950 1971 2003 ἀνα-

284 2038 468 2095 “λύειν
534 2041 627 2113 μὶν
678 2042 779 2095 οὐκ
828 2042 941 2116 εἶχε
986 2042 1049 2095 τὸ
1092 2041 1340 2116 γεγονὸς,
1393 2041 1543 2111 ὅμως
1578 2036 1624 2093 δ’
1674 2038 1968 2112 εἶρήνευεν,

304 2124 572 2201 ἐμποδὼν
634 2126 777 2203 ἔχων
836 2129 937 2197 τὴν
986 2129 1239 2201 ξενιτείαν
1296 2132 1393 2182 τοῦ
1448 2133 1618 2183 ταῦτα
1652 2132 1853 2197 ζητεῖν.
1888 2128 1968 2183 Οὐ

306 2216 419 2291 γὰρ
447 2216 828 2291 προσκέκλητο
854 2216 939 2272 ἐπὶ
983 2219 1180 2291 τούτῳ,
1231 2215 1361 2272 ἀλλ’
1406 2217 1566 2279 αύτὸς
1618 2216 1754 2271 κατά
1802 2236 1971 2291 παρα-

308 2306 514 2378 μυθίαν
547 2304 619 2360 ὧν
654 2305 887 2381 ἔπασχεν
927 2304 1193 2383 λυπηρῶν
1250 2308 1300 2361 ἐν
1358 2312 1477 2369 τοῖς
1532 2305 1709 2367 ἀθέοις
1769 2304 1968 2381 διάγων

301 2394 384 2458 ὡς
425 2395 513 2450 ἐπὶ
569 2394 771 2469 λιμὲνα
817 2397 906 2450 τὸν
945 2395 1173 2472 βασιλέα
1224 2396 1538 2472 κατέφευγε,
1589 2396 1679 2450 καὶ
1729 2394 1969 2450 ἐπιτετε-

310 2616 553 2689 qualem
585 2615 807 2672 nullam
830 2633 1089 2689 unquam
1111 2619 1286 2673 fando
1309 2621 1464 2674 esset
1485 2602 1753 2673 auditum
1772 2617 1970 2672 deces-

311 2723 484 2761 sorcs
514 2721 651 2761 suos
682 2706 907 2778 Egypti
944 2707 1236 2779 principes
1269 2707 1585 2779 accepisse.
1637 2705 1976 2762 Oll‘endebat

314 2795 501 2850 etiam
533 2795 864 2851 obscuritas
899 2795 1207 2867 Bulgaricaa
1229 2797 1418 2868 gentis
1448 2813 1657 2868 parum
1690 2795 1974 2850 hactenus

317 2883 576 2939 celebris
632 2884 786 2939 429
820 2900 923 2939 nec
959 2884 1207 2940 multum
1240 2902 1413 2957 posse
1438 2885 1756 2956 judicatte;
1793 2900 1973 2956 quare

317 2975 397 3029 ab
439 2973 568 3043 ipso
626 2976 747 3028 tota
776 2990 869 3029 res
892 2991 994 3045 pro
1017 2979 1294 3046 suspecta
1325 2980 1659 3045 contempta
1688 2980 1796 3043 est,
1814 2973 1975 3045 lega-

318 3061 484 3132 tique
515 3061 749 3117 silentio
780 3063 1033 3117 dimissi.
1060 3063 1340 3119 Caeterum
1389 3063 1545 3118 [Elite
1589 3063 1973 3135 patriarcham

313 3168 434 3206 sua
460 3151 705 3206 minime
753 3151 958 3208 fefellit
1006 3152 1202 3223 opinio
1252 3152 1620 3225 Gregorium,
1656 3154 1714 3207 in
1743 3153 1814 3207 iis
1846 3170 1972 3223 quas

314 3242 393 3295 de
453 3239 586 3296 aliis
642 3241 874 3297 duobus
930 3242 1282 3313 patriarchis
1347 3247 1775 3298 autumaverat.
1830 3242 1974 3296 Nam

312 3329 729 3386 Antiochenus
761 3330 1000 3402 quidem
1040 3333 1167 3403 jam
1216 3336 1345 3387 tum
1404 3331 1973 3403 Constantinopolim

313 3420 657 3487 advenerat,
706 3420 989 3475 liberatus
1038 3438 1069 3475 e
1124 3422 1399 3476 manibus
1455 3420 1608 3493 regis
1662 3420 1973 3475 Armeniae.

318 3506 430 3562 Hic
461 3505 617 3562 enim
651 3523 749 3562 rex
781 3508 832 3563 ei
865 3508 1207 3580 patriarchze
1250 3510 1539 3575 infensus,
1599 3513 1655 3564 et
1710 3524 1978 3564 amovere

320 3596 398 3650 de
430 3595 624 3650 medio
656 3596 855 3664 ipsum
888 3597 1155 3669 cupiens,
1191 3599 1339 3653 forte
1364 3599 1715 3653 incidentem
1746 3598 1803 3652 in
1838 3613 1976 3652 suas

321 3700 546 3739 manus
580 3685 899 3740 tradiderat
916 3685 1443 3743 certishominibus
1474 3688 1875 3742 abducendum
1911 3702 1977 3742 eo

322 3773 429 3828 ubi
461 3773 654 3843 perire
682 3773 852 3829 illum
890 3775 1049 3831 brevi
1090 3792 1326 3832 necesse
1383 3780 1552 3831 esset.
1614 3777 1679 3830 Et
1735 3774 1822 3829 illi
1881 3792 1979 3830 ac-

320 3866 563 3933 ceptum
598 3863 728 3933 rupi
788 3864 1028 3919 desertae
1060 3866 1207 3919 mari
1259 3865 1618 3921 circumﬂuae
1668 3864 1977 3920 commise-

318 3954 463 4005 rant
518 3950 591 4005 ad
641 3955 863 4007 certum
917 3953 1182 4021 exitium,
1242 3954 1402 4009 omni
1462 3948 1980 4025 quippe'humani

320 4038 581 4095 subsidii
611 4042 1064 4113 commerciique
1096 4044 1390 4099 destitutae
1437 4042 1730 4097 facultate.
1762 4042 1980 4097 Verum

316 4128 421 4183 ille
452 4127 736 4184 liberatus
769 4130 924 4197 inde,
960 4137 1023 4186 ut
1054 4131 1263 4202 aiebat,
1298 4132 1519 4188 caelesti
1562 4131 1776 4187 auxilio
1806 4131 1977 4186 thau-

319 4217 583 4289 maturgi
630 4217 873 4287 Nicolai,
905 4221 975 4275 ad
1030 4221 1444 4291 imperatorem
1500 4220 1778 4291 confugit,
1833 4220 1980 4275 Con-

320 4306 775 4378 stantinopolim
811 4325 873 4364 se
926 4310 1249 4365 conferens.
1294 4309 1726 4366 Alexandrinus
1758 4315 1978 4378 autem,

319 4400 462 4468 post
490 4397 569 4451 ita
604 4412 729 4467 qua
759 4398 829 4452 de
888 4398 1170 4470 religione
1226 4416 1414 4471 nuper
1464 4400 1690 4456 sancita
1740 4399 1981 4471 quidam

2080 1771 2190 1845 ἤδη
2222 1770 2583 1849 παρηϐηκότα
2631 1776 2991 1837 υἱοποιεῖσθαι
3024 1772 3202 1842 ἠξίου.
3254 1772 3354 1823 Καὶ
3401 1766 3468 1837 δὴ
3518 1767 3600 1821 ἐπ’
3650 1766 3739 1821 ἐκ-

2081 1862 2313 1931 κλησίας
2364 1865 2672 1940 περιφανῶς
2728 1865 2797 1935 τῇ
2857 1859 3039 1936 Μαρίᾳ
3096 1858 3299 1919 ἐκεῖνος
3356 1852 3736 1924 υἱοπεποίητο·

2084 1952 2217 2023 μετὰ
2247 1950 2350 2027 γὰρ
2380 1952 2475 2013 τὰς
2523 1956 2619 2006 τοῦ
2678 1951 2866 2025 ἱερέως
2918 1947 3180 2018 ἐντεύξεις
3229 1944 3322 2001 καὶ
3378 1942 3447 1998 τὰ
3500 1941 3584 1998 ἐπ’
3639 1941 3737 1997 αὖ·

2076 2044 2195 2102 ταῖς
2246 2045 2416 2117 φῶτα,
2450 2040 2754 2115 διασχοῦσα
2791 2040 2883 2095 τὸν
2935 2036 3229 2107 ἐπενδύτην
3280 2032 3446 2112 ἄμφω
3496 2030 3732 2106 Μιχαὴλ

2078 2129 2166 2184 καὶ
2218 2125 2649 2207 Σφεντίσθλαϐον
2706 2130 2832 2205 παρ’
2890 2129 3117 2202 ἑκάτερα
3168 2129 3275 2181 τῶν
3338 2122 3506 2192 αὐτῆς
3562 2122 3732 2197 ἀγκα-

2080 2216 2191 2272 λῶν
2251 2218 2434 2285 ἐτίθει,
2487 2218 2578 2273 καὶ
2636 2222 2925 2282 συνθεσιῶν
2961 2217 3269 2293 γενομένων
3320 2209 3587 2267 ἀπελύετο
3648 2210 3731 2264 ἐπ’

2081 2303 2238 2359 οἴκου
2297 2308 2412 2368 υἱὸς
2463 2307 2807 2380 κεκλημένος
2833 2312 2934 2375 τῆς
2990 2309 3099 2360 τῶν
3154 2300 3488 2376 Βουλγάρων
3518 2296 3733 2354 δεσποί-

2080 2415 2175 2465 νης
2238 2396 2373 2468 μετὰ
2430 2395 2664 2471 Μιχαὴλ
2722 2396 2751 2450 ὁ
2801 2387 3279 2473 Σφεντίσθλαϐος.
3330 2386 3501 2448 Οὔπω
3558 2385 3734 2448 πολὺς

2084 2616 2387 2674 abstinens
2422 2623 2614 2674 tamen
2647 2618 2868 2675 diserta
2895 2615 3371 2688 comprobatione
3405 2614 3529 2685 jam
3583 2616 3735 2670 acto-

2085 2723 2239 2774 rum,
2283 2723 2488 2763 verum
2545 2708 2618 2764 iis
2676 2709 3232 2782 quomodocumque
3285 2702 3462 2761 semel
3496 2702 3735 2759 statutis

2086 2796 2563 2867 intempestivum
2598 2813 2756 2852 nunc
2778 2797 3020 2869 quidem
3066 2793 3413 2851 existimans
3444 2809 3477 2847 a
3506 2807 3568 2847 se
3597 2806 3735 2845 con-

2085 2887 2432 2942 troversiam
2466 2889 2704 2942 moveri.

2284 3030 2340 3084 2.
2377 3031 2439 3086 Ut
2464 3032 2655 3085 Maria
2684 3028 3197 3101 Sphentisthlabum
3228 3026 3524 3098 deceperit.

2160 3154 2399 3210 Interim
2430 3155 2612 3210 Maria
2644 3154 2988 3211 Michaelem
3021 3153 3206 3209 filium
3227 3149 3735 3207 aatateimmatura

2082 3244 2347 3299 coronari
2369 3244 2895 3316 curavit,regieque
2924 3243 3061 3298 inde
3093 3241 3284 3297 alebat
3305 3240 3733 3309 educabatque,

2083 3334 2142 3388 in
2191 3332 2713 3389 acclamationibus
2746 3332 2999 3411 publicis
3042 3332 3234 3388 locum
3286 3330 3441 3385 430
3498 3327 3549 3383 ei
3603 3329 3736 3398 post

2084 3427 2353 3493 parentes
2386 3423 2674 3479 tribuens.
2708 3423 2817 3477 Sed
2851 3422 2941 3478 his
2968 3420 3131 3476 illam
3162 3420 3449 3475 intentam
3495 3419 3733 3471 contur-

2083 3511 2262 3568 babat
2294 3529 2327 3567 a
2349 3511 2831 3584 Sphentisthlabo
2862 3510 3107 3567 molesta
3136 3505 3516 3579 suspicio,jus
3538 3504 3739 3574 utique

2086 3617 2201 3655 non
2227 3601 2605 3657 inverisimile
2629 3602 2701 3657 ad
2744 3600 3031 3673 Bulgariaa
3058 3596 3453 3670 principatum
3470 3590 3735 3662 habenti,

2086 3706 2190 3744 nec
2220 3692 2645 3746 contemnenda
2675 3690 2746 3745 ad
2773 3690 2831 3744 id
2864 3690 3149 3745 tuendum
3176 3684 3440 3759 potentia
3463 3681 3734 3751 subnixo,

2086 3780 2302 3849 quippe
2331 3779 2431 3849 qui
2466 3780 2709 3851 despota
2731 3780 2857 3849 jam
2890 3782 3065 3845 esset;
3099 3791 3280 3847 quare
3302 3773 3590 3844 optimum
3618 3787 3731 3841 pu-

2084 3866 2227 3922 tavit
2257 3867 2408 3922 dolis
2438 3867 2601 3922 illum
2623 3867 2882 3940 aggredi,
2910 3868 3192 3938 praetextu
3218 3861 3439 3917 fraudis
3472 3858 3731 3913 indidem

2087 3961 2323 4027 sumpto
2357 3957 2509 4011 unde
2541 3973 2720 4011 causa
2749 3955 2861 4027 ipsi
2896 3971 2996 4026 pro
3030 3969 3208 4025 puero
3264 3947 3512 4005 timendi
3547 3948 3737 4017 major

2086 4049 2230 4111 erat,
2259 4061 2288 4100 e
2314 4046 2515 4100 morbo
2546 4044 2817 4099 videlicet
2838 4043 2992 4115 regis
3021 4049 3075 4098 et
3104 4040 3209 4095 viri
3243 4037 3335 4094 sui
3362 4034 3730 4092 Constantini

2088 4133 2213 4189 sine
2247 4149 2348 4205 spe
2380 4132 2803 4189 decumbentis.
2836 4131 3018 4187 Mittit
3047 4145 3184 4202 ergo
3214 4130 3406 4183 certos
3463 4122 3735 4179 homines

2088 4224 2158 4277 ad
2190 4222 2759 4294 Spbentistblabum,
2822 4222 2919 4293 qui
2972 4225 3283 4293 postquam
3306 4213 3662 4289 juramentis
3683 4213 3735 4268 ei

2089 4328 2265 4384 quam
2300 4311 3010 4383 religiosissimissinceraa
3041 4309 3100 4365 in
3124 4309 3319 4381 ipsum
3342 4303 3535 4363 Mariae
3558 4304 3734 4359 bene-

2085 4400 2348 4456 volentiaa
2381 4402 2554 4457 ﬁdem
2594 4400 2998 4473 plenissimam
3030 4398 3326 4465 fecissent,
3359 4409 3539 4466 quam
3561 4391 3734 4448 blan-

318 4485 743 4556 iumbabant
775 4492 1007 4543 θνθθῐυε
1038 4486 1099 4542 in
1131 4488 1434 4555 thronum,
1495 4493 1752 4545 retexere
1812 4488 1975 4560 prius
2005 4476 2053 4539 D
2086 4490 2331 4546 dissime
2359 4495 2629 4563 rogarent
2658 4490 2854 4545 venire
2880 4490 2951 4544 ad
3003 4488 3191 4560 ipsam
3240 4501 3312 4542 ne
3369 4485 3735 4556 gravaretur.

323 4578 461 4630 acta
492 4592 609 4629 non
644 4578 905 4646 curavit;
958 4593 1137 4649 quare
1169 4578 1403 4648 quietus
1464 4579 1862 4649 permanebat,
1914 4593 1980 4633 eo

320 4666 600 4723 securius
626 4669 779 4739 quod
816 4669 1331 4741 propterlocorum
1367 4669 1467 4724 ubi
1496 4669 1982 4741 degebatlongin-

322 4758 619 4830 quitatem
652 4775 685 4813 a
740 4760 1242 4832 Constantinopoli
1276 4760 1516 4816 minime
1549 4760 1979 4833 aspergendum

319 4864 453 4903 sese
509 4848 827 4905 conﬁderet
882 4849 1277 4922 qualicunque
1337 4849 1556 4904 invidia
1613 4865 1809 4904 rerum
1860 4848 1980 4903 illic

317 4940 788 5008 transactarum,
825 4940 1146 5011 praesertim
1181 4940 1252 4995 ad
1302 4956 1546 5010 quarum
1577 4939 1703 5010 ipse
1734 4938 1980 4993 consilia

314 5029 570 5081 vocatus
602 5044 718 5084 non
752 5029 974 5086 fuisset.
1026 5028 1352 5084 Accedebat
1409 5029 1565 5099 quod
1616 5027 1841 5091 multis,
1877 5027 1977 5082 ubi

316 5118 447 5169 erat
482 5114 636 5169 inter
670 5119 951 5173 Barbaros
999 5135 1145 5173 verae
1192 5116 1492 5189 religionis
1524 5117 1722 5173 hostes
1755 5117 1976 5183 vivens,

317 5204 589 5259 adversis
622 5207 1010 5273 conﬂictatus,
1070 5209 1373 5262 obstruere
1408 5207 1515 5262 sibi
1565 5224 1739 5278 quem
1790 5223 1975 5261 unum

321 5292 551 5347 habeat
583 5295 653 5348 ad
688 5296 1028 5369 confugium
1064 5301 1330 5367 paratum
1368 5301 1600 5366 portum
1633 5296 1830 5367 gratiae
1863 5296 1976 5349 im-

320 5384 618 5453 peratoris
651 5400 680 5439 e
712 5402 772 5442 re
800 5403 908 5441 sua
938 5402 1053 5442 non
1086 5384 1561 5457 putabat.ltaque
1582 5384 1898 5441 obnoxium
1915 5401 1976 5440 se

319 5469 416 5525 illi
451 5486 486 5525 a
519 5486 635 5542 quo
668 5472 948 5532 solatium
976 5476 1336 5546 exspectaret
1365 5474 1632 5545 praebuit,
1664 5474 1811 5530 nihil
1841 5490 1973 5530 suc-

322 5574 585 5616 cenaene
615 5562 688 5619 ab
719 5580 785 5621 eo
818 5563 1283 5631 constitutis,sed
1317 5563 1570 5635 quietem
1591 5564 1971 5636 amplectens,

2090 4584 2419 4636 Persuasus
2470 4579 2567 4635 ille
2627 4596 2694 4636 ac
2756 4581 2939 4636 fretus
2998 4576 3277 4648 religione
3318 4569 3736 4645 jurisjurandi,

2087 4670 2421 4725 Ternobum
2456 4686 2519 4726 se
2549 4671 2792 4726 confert.
2837 4667 2955 4724 Nec
3013 4666 3092 4721 ibi
3152 4668 3503 4735 aspernatus
3560 4676 3735 4716 senex

2089 4775 2350 4814 annosus
2380 4763 2469 4816 est
2500 4758 2808 4815 ridiculam
2841 4775 2874 4813 a
2899 4759 3062 4812 tanto
3083 4752 3310 4827 juniori
3331 4750 3551 4809 femina
3576 4748 3733 4804 obla-

2086 4851 2207 4902 tam
2241 4848 2641 4920 adoptionem,
2676 4865 2803 4919 qum
2838 4846 3073 4901 fratrem
3132 4842 3329 4909 illum,
3381 4848 3437 4897 et
3493 4838 3728 4912 quidem

2088 4935 2619 5006 minorem,faceret
2643 4934 2868 5008 pueruli
2900 4932 3193 4989 lactentis.
3251 4931 3363 4986 Res
3422 4929 3613 5002 palam
3667 4925 3727 4980 in

2084 5024 2329 5081 ecclesia
2356 5025 2649 5082 celebrata
2697 5026 2780 5082 sic
2812 5028 2921 5079 est.
2963 5026 3100 5078 Post
3129 5019 3422 5076 adhibitos
3455 5035 3488 5073 a
3536 5029 3730 5071 sacer-

2085 5114 2219 5169 dote
2250 5114 2543 5171 solemnes
2567 5116 2626 5170 in
2656 5114 2873 5169 talibus
2905 5127 3183 5167 occursus
3218 5106 3654 5164 benedictiones
3672 5103 3727 5156 et

2086 5202 2232 5259 ritus
2265 5208 2523 5271 caeteros,
2558 5221 2769 5277 magno
2818 5201 3105 5258 allucente
3137 5196 3426 5253 funalium
3462 5204 3725 5253 numero,

2084 5293 2263 5348 Maria
2295 5294 2518 5366 regium
2560 5296 2843 5350 diducens
2875 5290 3118 5364 pallium
3152 5286 3353 5343 ambos
3383 5283 3517 5338 hinc
3549 5285 3726 5349 atque

2082 5382 2219 5437 inde
2241 5383 2399 5439 ulnis
2431 5378 3057 5451 admovit,Michaelem
3090 5374 3393 5448 pusionem
3428 5388 3494 5427 ac
3520 5382 3720 5426 senem

2081 5471 2658 5543 Sphentisthlabum;
2688 5490 2720 5529 ο
2771 5470 2991 5544 quibus
3021 5465 3115 5521 hic
3173 5463 3232 5518 in
3279 5462 3438 5516 hunc
3481 5456 3721 5513 modum

2082 5560 2294 5618 foedere
2324 5563 2567 5632 sancito,
2602 5564 2841 5619 domum
2872 5554 3075 5615 retulit
3103 5564 3314 5609 novum
3344 5547 3586 5605 titulum
3618 5544 3727 5633 ﬁlii
