3912 6192
366 301 475 356 887

1673 294 1974 348 GEORGII
2013 295 2474 350 “summa;
3599 285 3684 342 888

371 426 577 502 χρόνος
606 417 1034 502 τὴνᾳυξοποιίαν
1084 416 1432 502 παρεμέτρει,
1481 419 1571 472 καὶ
1622 413 2017 502 δολιευσαμένη
2050 395 2354 491 Αῒχοίροις
2426 415 2488 468 τὸ
2559 412 2810 502 παράπαν
2891 405 3318 502 aestimat»?
3381 408 3463 462 καὶ
3519 408 3688 502 dealt):

369 496 561 561 κτείνει
627 502 662 569 ἡ
715 496 877 568 δῆθεν
939 499 1122 574 μήτηρ
1153 501 1243 553 τὸν
1289 499 1650 560 υἱοποιεῖσθαι
1709 497 2022 552 πιστεύσαν-

369 611 456 648 τα.
519 587 677 645 Ἀλλ’
728 590 762 656 ἡ
799 586 928 658 Δίκη
991 587 1098 663 οὐχ
1158 586 1338 662 ὥσπερ
1397 584 1517 649 ἔθος
1571 585 1707 657 αὐτῇ
1743 587 1809 640 τὰ
1838 585 2026 641 πολλὰ

367 677 691 751 κατημέλει,
725 676 850 732 ἀλλ’
910 677 1098 746 ἀνιστᾷ
1153 679 1244 731 τὸν
1280 676 1647 747 ὲκζητήσοντα
1670 678 1732 730 τὸ
1764 679 1900 748 αἷμα
1929 681 2025 730 τοῦ

368 766 572 829 ἀδίκως
603 764 1024 843 πεφονευμένου.
1070 765 1172 822 Καὶ
1221 767 1246 819 ὁ
1298 765 1465 841 λόγος
1515 766 1713 829 ἄνωθει
1773 765 2023 841 βούλεται

377 856 656 930 μεθελθεῖν
688 855 755 910 τὰ
781 861 881 924 τῆς
913 852 1241 930 διηγήσεως.

373 1019 442 1094 γ’.
503 1017 578 1072 Τὰ
644 1017 780 1072 κατά
844 1018 934 1071 τὸν
989 1021 1241 1091 Λαχανᾶν
1295 1018 1560 1094 ἀρχῆθεν,
1609 1018 1696 1072 καὶ
1738 1017 1885 1080 ὅπως
1935 1018 2025 1073 τὸν

806 1093 1212 1146 Κωνσταντῖνον
1256 1091 1600 1167 πεφόνευκεν.

444 1218 546 1273 Ἦν
578 1215 817 1290 ἀγρότης
859 1215 1030 1271 ἐκεῖσε
1083 1218 1279 1289 μισθοῦ
1329 1215 1538 1291 βόσκων
1591 1217 1838 1292 χοίρους,
1894 1223 2030 1292 Κορ-

380 1301 644 1367 δόκουϐας
724 1305 1087 1379 κεκλημένος·
1160 1307 1222 1360 τὸ
1295 1303 1342 1360 δ’
1415 1302 1586 1378 ὄνομα
1653 1307 1689 1375 ἡ
1747 1304 2029 1376 Ἑλλήνων

376 1391 600 1469 γλῶσσα
627 1394 702 1456 εἰς
734 1393 975 1470 λάχανον
1025 1390 1374 1468 ἐκλαμϐάνει,
1424 1394 1514 1449 καὶ
1563 1399 1814 1469 Λαχανᾶς
1860 1394 2035 1452 ἐντεῦ-

379 1485 464 1537 θεν
517 1483 841 1560 φημίζεται.
905 1485 1077 1548 Οὗτος
1127 1489 1234 1539 τῶν
1296 1484 1500 1559 χοίρων
1562 1483 1843 1556 ἐπιμελῶς
1889 1479 2031 1560 ἔχων

387 1573 578 1627 ἑαυτοῦ
624 1570 950 1646 κατημέλει,
1011 1571 1122 1628 οὔτ’
1163 1572 1249 1627 ἐπὶ
1303 1579 1531 1649 τροφαῖς
1581 1570 1696 1628 οὔτ’
1742 1573 1824 1628 ἐπ’
1882 1571 2034 1629 ἐνδῦ-

387 1682 546 1734 μασιν
595 1659 1032 1736 ἀσχολούμενος,
1067 1663 1145 1735 [Ρ.
1181 1664 1306 1734 285]
1365 1663 1516 1734 μόνῳ
1545 1659 1588 1716 δ’
1624 1661 1770 1738 ἄρτῳ
1817 1663 2031 1732 ἀποζῶν

2128 503 2353 582 ἔχοντις
2416 504 2654 566 Σύννους
2706 500 2798 555 οὖν
2855 500 2923 554 τὰ
2978 496 3162 553 πολλὰ
3211 493 3417 571 διάγων,
3457 496 3533 551 καὶ
3573 496 3688 553 οὐδὲν

2129 591 2409 670 προῦργου
2461 593 2745 664 τιθέμενος
2776 596 2876 658 τῆς
2933 588 3067 663 πρὸς
3121 587 3294 662 ἀρχήν
3335 607 3445 639 τινα
3485 589 3691 642 natasti-

2131 707 2284 755 σεως,
2338 683 2611 746 πολλάκις
2638 684 2705 736 τὰ
2737 680 2870 735 αὐτά
2919 677 3115 752 διεξῄει
3162 683 3273 738 τοῖς
3325 676 3550 751 ἀγρόταις
3591 677 3693 732 ἐκεί-

2129 797 2245 837 νοις
2297 774 2387 829 καὶ
2446 767 2769 848 συφορϐοῖς,
2800 770 2971 845 ἀγίων
3027 769 3171 830 τινὰς
3206 767 3436 841 ἐντυχίας
3465 765 3606 842 λέγων
3629 775 3694 821 καὶ

2130 865 2520 939 παρακινήσεις
2577 863 2671 922 τὰς
2729 861 2857 934 παρ’
2915 858 3130 913 ἐκείνων
3163 857 3236 918 εἷς
3266 857 3293 910 ’ὀ
3342 863 3588 924 κινηθῆναι
3631 857 3695 910 καὶ

2131 950 2320 1017 ἔθνους
2383 951 2556 1025 ἄρξαι.
2618 953 2798 1006 Ταῦτα
2857 945 3142 1008 πολλάκις,
3185 943 3381 1015 διεξιὼν
3433 942 3694 998 ἐπιστεύετο.

2135 1044 2234 1100 Καὶ
2268 1040 2375 1112 ἤδη
2411 1041 2597 1102 ἄλλως
2631 1044 2933 1114 προσεῖχον
2973 1035 3120 1108 αὐτῷ
3149 1036 3183 1105 ἢ
3214 1035 3284 1096 ὡς
3313 1031 3489 1088 ἐδόκει·
3516 1033 3596 1102 τήν
3621 1034 3696 1108 γὰρ

2133 1129 2469 1206 προθεσμίαν
2523 1129 2682 1206 ἐγγὺς
2720 1127 2924 1199 ἐδήλου
2982 1129 3079 1180 τοῦ
3125 1126 3422 1194 κινηθῆναι.
3472 1125 3592 1186 Mra;
3632 1121 3696 1176 οὖν

2131 1220 2194 1276 τὸ
2252 1221 2353 1289 τῆς
2413 1221 2592 1295 ὁρμῆς
2644 1219 2897 1291 σύνθημα
2954 1215 3130 1290 λέγων
3189 1208 3700 1281 λαϐεῖν,αὐτίκ’ἰκεί-

2134 1332 2256 1373 νους
2315 1309 2592 1388 ἐφέλκεται
2625 1307 2762 1383 πρὸς
2811 1307 2911 1375 τήν
2958 1307 3149 1360 ἐαυτοῦ
3199 1301 3485 1379 θεραπείαν,
3526 1299 3701 1371 κάκείνῳ

2134 1397 2356 1455 ἕπονται
2415 1399 2490 1463 ὡς
2548 1399 2688 1473 μέγα
2733 1419 2784 1451 τι
2846 1395 3156 1464 ἐλπίζοντες
3204 1389 3699 1466 πράξειν.³Απέρχονο

2135 1511 2221 1544 ται
2262 1492 2394 1562 γοῦν
2450 1488 2528 1549 εἷς
2575 1487 2789 1562 χώραν,
2841 1485 2929 1539 καὶ
2990 1485 3050 1538 τὸ
3107 1486 3203 1538 τοῦ
3257 1473 3509 1558 συφορὸοῦ
3549 1476 3704 1551 κηρύτ-

2136 1597 2320 1631 τουσιν
2380 1572 2576 1650 ὄνομα,
2640 1575 2713 1636 ὡς
2764 1572 2944 1637 θεόθεν
2986 1572 3086 1641 ἦκέ
3113 1572 3163 1626 οἱ
3201 1573 3296 1625 τοῦ
3325 1566 3463 1642 ἄρξαι
3493 1565 3701 1637 σύνθημα.

2140 1666 2241 1723 Καὶ
2323 1666 2435 1738 ἅμα
2511 1663 2763 1740 λέγοντες
2838 1658 3092 1731 ἔπειθον,
3172 1658 3259 1714 καὶ
3340 1654 3709 1730 προσεπετίθεντο

381 1751 470 1805 καὶ
534 1751 743 1826 ἀγρίοις
798 1749 1065 1825 λαχάνοις
1120 1751 1422 1826 ἀπερίττως
1475 1753 1589 1827 εἶχε
1645 1753 1733 1806 καὶ
1793 1750 2029 1828 ἀφελῶς,
2061 1753 2366 1858 Βπλείους
2418 1756 2684 1824 ἑκάστης.
2748 1751 3008 1813 Κάκεῖνος
3067 1749 3204 1825 πρὸς
3258 1748 3318 1803 τὸ
3374 1745 3709 1818 εὐσταλέστερον

459 1839 471 1856 \
616 1839 628 1854 ι
795 1838 807 1855 \
930 1838 944 1858 τ
1027 1839 1039 1858 Ι
1307 1841 1321 1858 \
1441 1840 1453 1858 1
1535 1840 1545 1856 \
1758 1843 1769 1858 ι
1828 1842 1842 1858 ς
1911 1847 1935 1857 ~
2274 1839 2403 1858 ‘l\\
2601 1843 2612 1858 η
2799 1841 2809 1858 ρ
3007 1841 3019 1858 1
3083 1837 3097 1858 9
3170 1835 3194 1858 δ
3226 1835 3279 1858 δ’
3418 1857 3421 1858 ,
3481 1833 3554 1858 μμὶ
3606 1832 3684 1858 --λ

384 1839 474 1894 καὶ
532 1839 668 1914 πρὸς
727 1838 852 1901 τοὺς
928 1838 1171 1915 ἑταίρους
1237 1841 1323 1895 καὶ
1396 1840 1591 1903 αὐτοὺς
1654 1843 1769 1896 κατ’
1825 1842 2025 1897 ἐκεῖνον

383 1921 543 1990 ὄντας
596 1931 678 1991 οἷς
738 1926 937 2003 διεξῄει
993 1927 1288 1997 πολλάκις,
1351 1927 1520 1998 δῆλος
1566 1931 1632 1998 ἦν
1667 1929 1876 2004 μεγάλα
1906 1932 2029 2005 περῖ

383 2017 573 2072 ἑαυτοῦ
626 2014 1050 2093 φανταζόμενος.
1108 2020 1170 2072 Οἱ
1215 2015 1273 2073 δὲ
1303 2016 1412 2094 οὺχ
1456 2019 1618 2088 ἦττον
1659 2019 1960 2095 κατεγελων

382 2108 488 2179 μὴν
541 2103 838 2164 ἐπίστευον.
897 2108 1168 2171 Ἐντεῦθεν
1215 2107 1418 2169 ἐκεῖνος
1466 2107 1744 2170 τοιαύταις
1792 2107 1890 2163 οὐκ
1929 2107 2031 2164 οἶδ’

376 2193 572 2261 ὁπόθεν
632 2197 815 2252 ἐλπίσι
880 2195 1215 2270 μετεωρίσας
1242 2197 1332 2251 τὸν
1364 2201 1484 2251 νοῦν
1537 2196 1710 2270 ἐαυτῷ
1740 2205 2029 2274 προσεῖχε,

369 2285 458 2338 καὶ
521 2283 687 2360 εὐχὰς
739 2283 999 2341 ἀπεδίδου
1057 2290 1172 2357 Θεῷ
1231 2286 1306 2346 ὡς
1339 2284 1484 2361 ἔχων
1545 2283 1724 2362 ἔτυχεο
1767 2292 1874 2342 ποῦ
1930 2289 2030 2364 γὰρ

371 2370 559 2446 ἐκείνῳ
621 2375 781 2447 μετὸν
850 2375 940 2429 καὶ
995 2373 1152 2437 θείων
1213 2373 1414 2450 λογίων
1475 2372 1570 2430 κᾶν
1627 2374 1715 2430 ἐπὶ
1774 2380 1921 2446 νοῦν,
1982 2376 2032 2430 ἐν

369 2466 488 2523 τοῖς
549 2461 738 2537 ἀγροῖς
790 2460 885 2518 ’ίσα
950 2462 1039 2518 καὶ
1097 2468 1218 2526 τοῖς
1275 2465 1401 2538 παρ’
1453 2463 1618 2520 αὐτοῦ
1679 2464 2032 2540 βοσκομένοις

377 2682 1040 2754 domintulgarorum
1065 2699 1098 2738 a
1128 2681 1413 2739 Michaele
1437 2699 1616 2755 puero
1641 2683 2034 2740 secundi.Non

381 2773 636 2829 multum
662 2773 733 2828 ab
767 2771 871 2827 hac
903 2772 1217 2844 adoptione
1238 2775 1472 2844 tempus
1505 2778 2036 2844 processerat,cum

383 2863 848 2920 circumventum
881 2860 1138 2929 insidiis,
1171 2877 1236 2916 eo
1269 2861 1501 2916 facilius
1533 2863 1687 2933 quod
1731 2878 1762 2916 a
1792 2861 1902 2917 sibi
1937 2879 2036 2916 ca-

383 2953 574 3008 vendo
605 2950 823 3006 ﬁducia
851 2965 984 3005 eum
1019 2966 1180 3005 novas
1234 2953 1544 3006 contractas
1586 2950 2038 3006 necessitudinis

386 3044 694 3106 averterat,
725 3039 962 3112 egregia
997 3047 1182 3096 mater
1215 3040 1560 3112 adoptatum
1583 3041 1811 3097 occidit.
1845 3042 1920 3095 At
1945 3039 2037 3095 di-

2144 1839 2531 1917 μετεὸάλλετο,
2589 1841 2913 1916 ἀμπεχόνην
2971 1841 3019 1894 τ’
3079 1835 3433 1892 ἐνεδιδύσκετο
3480 1833 3555 1890 καὶ
3603 1832 3710 1888 σπά-

2141 1944 2240 2002 θην
2315 1932 2708 2004 περιεζώννυτο
2770 1929 2948 1984 ’ίππου
3003 1934 3049 1983 τ’
3109 1922 3366 1997 ἐπέϐαινε,
3417 1923 3495 1978 καὶ
3547 1921 3710 1998 ἐθάῤῥει

2138 2023 2274 2094 πρὸς
2329 2017 2456 2098 ἔργα
2518 2021 2688 2094 μείζω
2751 2020 2785 2090 ἣ
2817 2019 2934 2074 κατ’
2963 2017 3151 2075 αὐτόν.
3209 2018 3317 2074 Τοῦ
3345 2019 3460 2091 γοῦν
3489 2016 3712 2070 Κωνστιιν-

2138 2110 2287 2164 τίνου
2344 2111 2580 2171 ἀσθενῶς
2625 2114 2720 2164 τοῦ
2770 2110 3028 2182 σώματος
3089 2104 3316 2182 ἔχοντος
3346 2105 3422 2178 (τὸ
3451 2103 3539 2176 γὰρ
3567 2100 3714 2159 σκέλος

2138 2199 2400 2273 κατεαγὸς
2446 2193 2590 2274 ἔχων
2623 2197 2878 2268 ἀκίνητος
2928 2197 3019 2268 ἧν,
3081 2193 3179 2250 κᾶν
3237 2214 3342 2248 που
3394 2192 3476 2246 καὶ
3520 2187 3715 2251 ἀπελθεῖν

2137 2284 2268 2352 ἔδει,
2300 2287 2380 2362 ἐφ’
2415 2289 2625 2361 ἁμάξης
2677 2286 2896 2365 ἐφέρετο
2929 2285 3130 2363 φόρτος
3159 2283 3327 2353 κενὸς)
3375 2279 3558 2337 πολλοὶ
3587 2297 3720 2365 κατω-

2142 2375 2446 2452 λιγώρουν,
2494 2377 2585 2431 καὶ
2621 2362 2835 2450 μᾶλλον
2864 2375 2915 2430 οἱ
2943 2362 3235 2449 πρόσοικοι
3283 2369 3525 2446 Τόχαροι,
3575 2362 3717 2440 ἐκδρο-

2145 2467 2249 2542 μὰς
2310 2467 2539 2537 ἑκάστης
2579 2469 2864 2527 ποιοῦντες
2911 2463 3003 2519 καὶ
3051 2466 3251 2519 Μυσῶν
3308 2457 3466 2522 ὅντως
3505 2454 3626 2512 λείαν
3671 2453 3719 2509 τὰ

2145 2686 2344 2741 tuendi
2379 2686 2766 2758 principatus,
2792 2701 2967 2756 quem
3001 2682 3176 2755 quasi
3207 2682 3277 2738 ad
3311 2693 3529 2750 scopum
3557 2678 3658 2730 acta
3682 2677 3722 2727 et

2147 2775 2567 2830 meditamenta
2597 2779 2805 2830 cuncta
2837 2790 2944 2828 sua
2969 2772 3268 2844 dirigeret.
3315 2766 3646 2834 Habebatque
3668 2759 3720 2814 de

2147 2863 2366 2918 talibus
2397 2864 2466 2918 ad
2503 2880 2642 2919 suos
2675 2862 2806 2918 illos
2839 2860 3072 2917 sodales
3106 2860 3354 2917 rusticos
3399 2862 3451 2912 et
3501 2849 3718 2909 subulcos

2148 2953 2334 3008 serios
2364 2969 2513 3024 saepe
2541 2968 2864 3020 sermones,
2897 2966 3237 3006 mcmorans
3270 2947 3413 3003 mira
3457 2942 3607 3000 etiam
3629 2937 3720 2992 visa

2147 3046 2206 3096 et
2237 3042 2522 3111 quaedam
2546 3039 2942 3114 apparitiones
2969 3044 3335 3104 sanctorum,
3369 3052 3401 3091 a
3429 3031 3614 3104 quibus
3641 3027 3720 3080 im-

383 3130 518 3185 vina
564 3128 801 3199 justitia
845 3145 961 3183 non
1019 3145 1136 3200 qua
1159 3128 1306 3185 solet
1336 3129 1393 3184 in
1424 3130 1714 3200 plerisque
1745 3129 2026 3202 patientia
2059 3151 2102 3219 ο
2141 3130 2276 3202 pelli
2313 3146 2372 3185 se
2405 3130 2596 3185 aiebat
2625 3131 2696 3184 ad
2723 3131 2934 3201 jugum
2959 3127 3372 3219 excutiendum
3395 3127 3443 3180 et
3469 3120 3563 3176 sibi
3589 3131 3717 3219 usur-

383 3217 620 3274 sceleris
650 3217 829 3289 huius
863 3233 1092 3288 poenam
1118 3218 1368 3273 distulit.
1403 3218 1610 3275 Statim
1635 3219 1905 3274 excitavit
1927 3217 2029 3288 qui

379 3306 727 3378 sanguinem
762 3306 941 3376 impie
988 3307 1123 3362 caesi
1153 3307 1498 3378 requireret.
1559 3308 1737 3378 Cujus
1787 3310 2030 3363 eventus

379 3395 635 3451 narratio
667 3393 840 3465 paulo
873 3393 1052 3450 altius
1077 3397 1393 3466 repetenda
1424 3401 1530 3451 est.

381 3533 436 3589 3.
481 3533 654 3590 Initia
702 3531 990 3601 Lachanaa,
1039 3541 1092 3590 et
1137 3539 1198 3590 ut
1239 3536 1294 3662 1's
1346 3534 1774 3592 Constantinum
1801 3537 2034 3608 interfe-

1130 3622 1282 3661 cert.

1130 3622 1243 3661 cert
1249 3622 1282 3661 ι.

460 3749 597 3804 Erat
623 3749 683 3804 in
717 3749 789 3805 iis
805 3750 1067 3822 partibus
1081 3750 1339 3806 rusticus
1353 3752 1588 3822 quidam
1614 3753 1878 3809 mercede
1893 3770 2030 3826 por-

389 3855 490 3895 cos
520 3839 1169 3912 pascens,Cordocubas
1200 3839 1550 3912 appellatus,
1601 3841 1689 3897 cui
1721 3843 1843 3898 voci
1902 3860 2033 3899 cum

388 3930 655 4001 quaedam
711 3929 933 3985 inesset
989 3946 1101 3985 usu
1143 3928 1445 4002 popularis
1493 3929 1612 3985 illic
1644 3933 1787 3987 43]
1824 3931 2033 4004 linguae

387 4018 563 4075 oleris
621 4018 799 4090 notio,
848 4018 1030 4075 Grceci
1086 4020 1186 4090 qui
1245 4018 1376 4074 olus
1435 4017 1746 4076 lachanum
1807 4027 2034 4089 vocant,

387 4108 590 4173 istum,
642 4109 743 4162 ubi
792 4109 958 4179 cmpil
1003 4109 1392 4174 innotescere,
1429 4109 1721 4164 hominem
1755 4111 2035 4166 Lachana:

387 4195 669 4250 vocabulo
701 4195 1273 4252 celebraverunt.llic
1305 4195 1388 4251 ita
1418 4195 1662 4252 sollicite
1691 4198 1901 4254 suibus
1925 4198 2036 4254 sibi

389 4285 818 4338 commendatis
880 4286 1145 4340 attendat
1230 4289 1295 4340 ut
1357 4301 1486 4340 sese
1537 4285 1877 4358 negligeret,
1921 4304 2036 4342 non

393 4388 609 4427 curans
639 4372 778 4443 quid
812 4373 1037 4428 vestiret
1069 4377 1172 4428 aut
1224 4390 1342 4446 quo
1399 4380 1750 4446 vesceretur,
1785 4375 2037 4432 naturali

395 4459 835 4531 simplicissime
867 4463 1194 4533 det‘ungens
1215 4462 1396 4530 victu,
1430 4463 1554 4517 solo
1576 4481 1723 4534 pane
1753 4469 1811 4520 et
1840 4464 2040 4520 herbis

2143 3221 2399 3292 pandum
2421 3221 2613 3291 gentis
2645 3218 2979 3291 imperium.
3013 3215 3322 3288 Ejusmodi
3345 3218 3456 3270 tam
3486 3223 3612 3280 sape
3637 3203 3722 3259 dis-

2140 3309 2343 3380 seruit,
2373 3314 2436 3364 ut
2467 3308 2848 3379 quantumvis
2877 3305 3316 3362 incredibilium
3350 3303 3510 3358 ﬁdem
3540 3297 3717 3352 faceret.

2138 3399 2388 3470 Jamque
2417 3397 2531 3454 alio
2562 3398 2612 3453 ei
2639 3398 2903 3470 plerique
2934 3394 3129 3451 studio
3179 3409 3355 3465 quam
3389 3391 3538 3463 prius
3579 3387 3719 3441 atten-

2140 3486 2635 3555 debant,maxime
2656 3502 2790 3540 cum
2823 3484 3077 3540 ediceret
3097 3483 3274 3539 fatale
3291 3488 3509 3552 tempus
3535 3475 3722 3531 decreta

2140 3575 2254 3630 sibi
2286 3575 2570 3630 divinitus
2601 3573 2873 3646 potentiae
2904 3572 3240 3642 imminere,
3286 3582 3518 3639 moxque
3543 3579 3596 3620 se
3615 3562 3722 3629 {ern-

2140 3671 2379 3737 pturum
2414 3667 2475 3721 in
2497 3667 2623 3736 ejus
2641 3664 2984 3740 arripienda}
3007 3667 3480 3734 conatum,quem
3506 3663 3720 3746 ριόερεςο

2141 3736 2414 3812 successu
2449 3754 2867 3810 fortunandum
2902 3737 3098 3808 sciret.
3133 3752 3224 3808 Ad
3251 3751 3372 3807 haec
3413 3742 3622 3836 arrectis
3644 3736 3722 3836 ali-

2142 3845 2404 3916 quandiu
2435 3844 2629 3900 subito
2651 3845 2804 3899 diem
2837 3841 3265 3915 pronuntiavit,
3316 3857 3428 3912 qua
3463 3835 3546 3891 die
3573 3827 3720 3904 prodi-

2141 3938 2312 3990 turus
2367 3938 2522 3990 esset
2578 3950 2608 3989 e
2656 3933 2897 3988 latebris
2945 3935 3001 3986 et
3050 3935 3286 3986 maturo
3335 3931 3452 4000 jam
3507 3917 3723 3994 praeclaro

2142 4029 2328 4093 coepto
2362 4023 2494 4079 felix
2523 4027 2762 4079 auctore
2784 4028 2897 4077 Deo
2927 4020 3263 4092 auspicium
3300 4020 3551 4075 daturus.
3591 4008 3726 4064 Nemo

2145 4113 2434 4168 dubitavit
2461 4117 2563 4168 aut
2594 4111 2804 4167 renuit.
2837 4109 3296 4165 Conclamarunt
3325 4120 3517 4162 omnes
3543 4093 3728 4154 duceret

2145 4219 2260 4273 quo
2283 4201 2492 4273 vellet;
2537 4218 2598 4258 se
2658 4200 2930 4256 alacriter
2984 4197 3045 4253 in
3099 4197 3334 4255 cunctis
3389 4192 3727 4250 obsecuturos.

2145 4290 2261 4345 Nec
2295 4290 2446 4346 facta
2477 4291 2650 4345 dictis
2683 4287 3100 4344 abfuere.432
3134 4287 3376 4342 Addunt
3403 4276 3731 4341 addicuntque

2146 4379 2259 4451 ipsi
2291 4395 2352 4434 se
2387 4381 2737 4450 frequentes,
2771 4377 3000 4450 magnis
3032 4376 3172 4432 elati
3195 4365 3734 4448 spebus.Cursantpel'

2152 4467 2451 4539 regionem
2482 4468 2917 4540 proclamantes
2948 4464 3268 4521 subulcum
3291 4481 3326 4520 a
3377 4461 3485 4518 Deo
3515 4454 3731 4540 missum}.

398 4528 1497 4619 agrestibuscontentusviFamiliaribus
1529 4528 1804 4608 utebatur
1830 4553 2042 4608 indolis
2073 4528 2120 4593 D
2152 4528 2307 4612 etvad
2339 4528 2602 4627 {manum
2653 4557 2778 4627 jam
2836 4554 3153 4610 conﬂatam
3211 4553 3494 4625 ingentem
3539 4533 3733 4600 certatin

401 4642 459 4694 et
490 4639 855 4696 educationis
885 4640 1095 4696 similis
1127 4639 1520 4710 bomunculis;
1542 4643 1758 4713 quibus
1790 4643 2043 4716 plerum-

407 4743 522 4798 que
553 4744 766 4799 magna
791 4731 860 4785 de
890 4747 953 4786 se
975 4733 1240 4803 quaedam
1275 4734 1412 4791 olim
1438 4737 1632 4791 futura
1662 4733 1829 4806 quasi
1850 4733 2043 4788 vatici-

406 4818 852 4888 nansjactabat,
869 4836 1022 4890 saepe
1044 4820 2041 4896 illisirridentibus,nonnnunquam

403 4906 577 4962 etiam
605 4924 721 4962 non
752 4907 922 4978 plane
953 4910 1418 4970 detrectantibus
1476 4916 1727 4971 credere.
1789 4915 1890 4970 His
1947 4914 2044 4968 ille

404 4995 598 5050 nescio
629 4997 786 5051 unde
816 4997 1034 5070 spebus
1062 4998 1325 5068 inﬂatus,
1379 5005 1720 5074 gravitatem
1778 5003 2046 5058 affectare

403 5087 575 5157 cmpit
605 5085 1394 5162 insolitam,componereque
1417 5110 1477 5148 se
1497 5092 1556 5148 in
1589 5093 1843 5164 speciem
1877 5107 2044 5146 sanc-

400 5177 971 5250 timonite,colligens
1002 5179 1252 5235 subinde
1285 5182 1634 5252 animum,et
1665 5183 1846 5238 Deum
1881 5183 2041 5235 invo-

401 5283 542 5322 cans
575 5268 789 5339 quibus
825 5269 908 5324 uti
968 5274 1197 5340 poterat
1243 5272 1513 5341 precibus
1565 5273 1737 5327 homo
1778 5271 2045 5326 funditus

404 5357 1016 5414 omnisinstitutionis
1043 5360 1451 5433 rudis,quippe
1497 5362 1556 5416 in
1602 5360 1757 5432 agris
1817 5376 2047 5430 semper

402 5453 671 5503 versatus
689 5447 1273 5520 pascendisintentus
1299 5449 2047 5522 porcis.Apparebatigitur

410 5535 532 5593 fere
563 5539 1018 5611 cogitabundus,
1043 5539 1234 5594 verbis
1266 5556 1417 5611 sape
1449 5540 1791 5612 signiﬁcans
1819 5537 2047 5595 volvere

402 5640 467 5683 se
492 5628 687 5685 animo
720 5629 915 5688 nescio
937 5645 1113 5702 quam
1145 5629 1642 5688 machinationem
1673 5629 1804 5688 novi
1834 5627 2050 5686 consti-

2153 4646 2415 4718 undique
2444 4644 2874 4702 accurrentium
2929 4649 3250 4716 aggregent
3297 4651 3603 4698 numerum.
3631 4628 3731 4684 Cre-

2153 4736 2353 4792 scebat
2383 4737 2440 4792 in
2468 4735 2591 4791 dies
2613 4735 2951 4798 multitudo,
2991 4737 3048 4787 et
3089 4749 3277 4788 novus
3308 4733 3422 4786 dux
3447 4727 3512 4782 ad
3539 4729 3735 4778 consen-

2153 4830 2395 4882 taneum
2434 4830 2751 4897 assumptis
2794 4822 3068 4895 dignitati
3111 4838 3174 4877 se
3228 4822 3453 4892 ﬁngens
3497 4809 3735 4869 habitum.

2157 4916 2400 4986 abjectis
2442 4912 2789 4970 centonibus
2834 4909 3237 4966 honestiorem
3296 4905 3481 4964 induit
3523 4901 3733 4955 vestem:

2156 5020 2411 5075 ensequc
2434 5002 2793 5068 succinctus,
2825 5015 2976 5072 equo
3007 4999 3303 5064 inscenso,
3353 4996 3420 5052 ad
3464 5004 3615 5062 opera
3643 4995 3735 5036 m8-

2150 5095 2282 5165 jora
2311 5109 2482 5164 quam
2511 5094 2640 5163 ejus
2669 5091 2957 5146 hactenus
2985 5088 3218 5144 fortuna
3243 5088 3470 5158 caperet
3498 5077 3661 5152 palam
3687 5081 3734 5165 δέ

2158 5159 2482 5238 accinctum
2515 5159 2808 5237 ostentare
2839 5195 3020 5234 ausus
3051 5182 3158 5233 est.
3191 5173 3525 5230 Valetudine
3554 5159 3732 5221 ιυω.οι

2158 5271 2381 5327 dictum
2415 5279 2522 5336 est,
2576 5268 2996 5328 Constantinus
3027 5266 3262 5322 infirma
3306 5261 3600 5318 utebatur:
3635 5258 3735 5303 nam

2158 5378 2326 5416 crure
2355 5362 2578 5417 dudum
2615 5360 2793 5415 fracto
2825 5357 3158 5413 facultatem
3209 5353 3472 5408 incessus
3497 5338 3738 5401 amiserat,

2158 5454 2217 5505 et
2250 5451 2299 5505 si
2329 5450 2607 5521 quopiam
2621 5451 2777 5505 esset
2803 5461 3043 5503 necesse
3059 5441 3538 5516 proﬁcisci,curru
3555 5423 3738 5528 pot}de

2158 5538 2316 5594 iners
2345 5510 2796 5597 trabebaturEa
2825 5551 2920 5592 res
2950 5510 3353 5605 contemptum
3377 5510 3739 5605 illiconciliavil

2157 5626 2571 5700 Plurimorum.
2601 5629 2666 5687 In
2691 5627 2785 5686 his
2835 5622 3081 5684 Tochari
3127 5599 3388 5689 ﬁnitimi,
3419 5617 3532 5675 fers
3552 5617 3675 5682 gens
3692 5599 3734 5653 et
