3912 6192
225 323 323 382 889

1247 326 1345 379 DE
1381 323 1757 379 MICHAELB
1793 323 2238 383 PALEOLOGO
2275 331 2408 386 LIB.
2449 333 2544 386 VI.

3507 334 3613 389 890

229 450 406 508 Μασῶν
433 446 680 510 τιθέντες.
713 443 961 524 Φᾶλαγγι
1012 448 1140 524 γοῦν
1192 448 1465 524 Τοχάρων
1519 445 1837 522 προσκρούει
1868 452 1922 518 Α
1951 447 2136 523 πάγων
2194 449 2390 526 βαίνων
2451 457 2530 527 τῷ
2593 454 2828 530 βασιλεῖ,
2858 453 2950 510 καὶ
3001 457 3290 528 συμπεσὼν
3360 456 3550 530 ἐκείνῳ
3582 459 3609 513 ὁ

227 559 308 600 σας
353 537 379 590 6
430 541 676 610 Λαχανᾶς
724 533 984 608 ἐμπίπτει
1042 535 1189 614 σφίσι
1255 538 1369 610 μεθ’
1421 537 1494 591 ὧν
1545 532 1854 613 ἐπεφέρετο,

220 624 298 680 καὶ
348 623 476 678 κατᾶ
512 624 708 698 κράτος
764 628 909 694 νικᾷ,
964 624 1054 678 καὶ
1116 624 1267 688 αὖθις
1337 623 1508 698 ἄλλῃ,
1548 625 1656 707 ’καὶ
1711 621 1853 677 οὕτω

221 715 340 787 πρὸς
399 713 458 767 τὸ
536 710 956 788 μεγαλειότερον
1030 711 1109 768 ἐπ’
1176 714 1238 768 οὐ
1299 713 1538 775 πολλαῖς
1617 714 1852 788 ἡμέραις

221 801 506 866 καθίστατο.
569 807 756 876 Χωραι
813 801 1000 856 τοίνυν
1059 802 1437 876 προσετίθεντό
1481 803 1555 872 οἱ,
1615 801 1706 856 καὶ
1765 801 1850 855 ἐπ’

219 893 353 961 αὐτῷ
380 889 548 945 πολὺν
599 891 692 946 τὸν
752 894 850 945 τοῦ
884 889 940 946 εὖ
971 891 1190 963 πράξειν
1243 889 1511 963 ἐλπισμὸν
1561 891 1844 964 ἀραρότως

221 981 371 1054 εἶχον.
422 980 520 1036 Καὶ
568 981 597 1034 ὁ
642 985 896 1055 Λαχανᾶς
945 979 1123 1042 πολὺς
1170 981 1238 1049 ἦν
1291 980 1671 1054 φημιζὸμενος
1717 1000 1850 1033 παν-

221 1071 396 1144 ταχοῦ“
424 1065 548 1123 οὐδὲ
585 1070 689 1142 γάρ
747 1071 928 1142 ἡμέρα
976 1066 1228 1146 ἐφίστατο
1281 1069 1400 1132 καθ’
1429 1067 1494 1137 ἢν
1529 1068 1591 1123 οὐ
1625 1066 1850 1130 πλείους

212 1164 308 1214 τῶν
361 1160 636 1234 προτέρων
702 1159 820 1234 εἶχε
875 1158 966 1213 καὶ
1040 1156 1370 1235 ἠνδραγάθει
1450 1153 1844 1233 προσϐάλλων.

207 1252 366 1304 Τοῦτο
434 1242 736 1324 ἐθορύϐησι
815 1248 910 1320 μὲν
982 1248 1080 1303 καὶ
1152 1249 1247 1303 τὸν
1310 1250 1718 1305 Κωνσταντῖνον
1779 1248 1846 1302 τὰ

209 1336 435 1408 πλεῖστα,
466 1336 736 1414 ἀγγελθὲν
777 1335 835 1392 δὲ
883 1339 1030 1412 παρὰ
1077 1337 1233 1411 δόξαν
1285 1339 1375 1393 καὶ
1431 1338 1589 1394 αὐτὸν
1625 1334 1848 1413 θορυϐεῖ

211 1426 432 1504 βασιλέα⁸
479 1429 544 1482 τὸ
590 1426 692 1503 γάρ
750 1425 925 1491 οὕτως
986 1426 1212 1492 ἐπελθὸν
1263 1428 1392 1502 παρ’
1452 1428 1598 1501 ἀξίαν
1659 1427 1760 1482 οὐκ
1787 1425 1844 1483 ἄν

207 1517 428 1575 δπελθεῖν
462 1518 511 1574 εἷ
546 1519 622 1592 μὴ
656 1517 744 1574 ἐπὶ
782 1518 1058 1595 μεγίστοις
1105 1519 1247 1574 τισὶν
1277 1516 1472 1592 ᾤοντο.
1512 1522 1591 1594 [Ρ.
1625 1521 1752 1591 296]
1781 1520 1841 1577 Ὀ

209 1611 288 1683 μὲν
335 1607 420 1664 οὖν
469 1615 879 1674 Κωνοταντῖνος
945 1611 1111 1684 μόνον
1177 1612 1408 1684 ταράξας
1454 1610 1522 1664 τὰ
1571 1610 1707 1664 κατά
1751 1611 1842 1664 τὸν

203 1698 344 1773 ζυγὸν
401 1701 702 1775 μετήνεγκε
758 1699 852 1754 τὸν
903 1703 1028 1754 νοῦν
1091 1699 1230 1776 πρὸς
1290 1699 1352 1753 τὸ
1411 1695 1840 1770 ἀπροσδοκήτως

1961 532 2340 610 ἐποχούμενος
2367 545 2568 614 πτῶμα
2627 538 2798 596 ’δεινὸν
2833 543 3023 616 χεῖράς
3081 565 3138 597 τε
3194 545 3285 598 καὶ
3317 546 3612 620 πρόσωπον

1961 621 2270 697 δρύπτεται,
2301 627 2442 683 οὕτω
2503 629 2765 706 χαλεπῶς
2816 633 2890 693 ὡς
2951 629 3080 704 μηδ’
3113 633 3333 708 ἀρκέσαι
3368 635 3456 688 τὸν
3513 639 3613 699 τῆς

1960 711 2298 788 ἐκστρατείας
2374 717 2502 771 ὅλον
2585 720 2779 793 χρόνον
2866 720 3165 793 ἀπαλεῖψαι
3241 721 3306 774 τὰ
3360 720 3607 793 τραύμα-

1953 823 2039 868 τα,
2073 802 2197 858 ἀλλ’
2238 802 2314 858 ἔτι
2359 802 2588 879 λείψανα
2640 812 2748 862 τῶν
2787 806 3014 881 πληγῶν
3078 808 3328 881 ἐμμένειν
3389 808 3614 865 ἐπανελ-

1957 890 2104 954 θόντι
2184 898 2263 965 τῷ
2341 894 2576 968 βασιλεῖ.
2655 898 2803 966 Ἅμα
2861 897 3003 970 ’γοῦν
3082 893 3246 965 ἐπέϐη
3307 899 3333 951 ὁ
3392 903 3606 972 κρατῶν

1951 986 2053 1048 τῆς
2086 979 2397 1054 ’Λδριανοῦ,
2456 985 2542 1037 καὶ
2606 985 2719 1056 ἅμα
2749 987 2782 1053 ἡ
2819 986 2994 1061 σφαγὴ
3035 990 3131 1040 τοῦ
3192 989 3604 1042 Κωνσταντίνου

1954 1070 2298 1146 ἀγγέλλεται,
2351 1075 2437 1136 Ὠς
2497 1078 2601 1151 γὰρ
2661 1077 2920 1148 ηὐξάνετο
2979 1079 3392 1153 καθ’ἡμὲρανὸ
3425 1087 3609 1154 Λαχα-

1954 1167 2050 1223 νᾶς
2082 1161 2171 1216 καὶ
2203 1162 2409 1218 πολλοὶ
2461 1167 2850 1238 προσεχώρουν
2887 1164 3075 1237 ἐκείνῳ
3105 1167 3606 1242 κατολιγωροῦντες

1950 1254 2051 1304 τοῦ
2084 1255 2232 1326 σφῶν
2277 1249 2570 1325 βασιλέως,
2628 1251 2873 1307 ἐκποδὼν
2910 1251 2956 1307 δ’
2986 1254 3052 1320 ἦν
3108 1252 3216 1322 ἤδη
3251 1256 3340 1308 καὶ
3375 1257 3401 1309 ὁ
3438 1263 3605 1332 Σφεν-

1947 1332 2245 1400 τίσθΑαϐος
2277 1343 2384 1392 τῶν
2419 1336 2596 1394 δόλων
2655 1341 2998 1412 ἀπονάμενος
3043 1343 3142 1406 τῆς
3197 1341 3430 1416 Μαρίας,
3468 1344 3518 1396 οἱ
3551 1342 3605 1397 δὲ

1947 1447 2010 1500 γε
2060 1427 2553 1501 προσῳκειωμένοι
2608 1434 2688 1500 τῷ
2741 1430 3139 1500 Κωνσταντίνῳ
3195 1427 3244 1501 ἐξ
3304 1430 3601 1503 ἀνθρώπων

1945 1516 2081 1584 ἦσαν
2138 1520 2256 1577 ταῖς
2315 1520 2413 1582 τῆς
2476 1517 2686 1592 Μαρίας
2744 1518 3162 1595 κακεοτρεχείας
3209 1524 3606 1594 κατειργασμέ-

1944 1625 2049 1673 νοι,
2084 1605 2198 1658 ὅσοι
2262 1602 2319 1658 δὲ
2377 1604 2466 1659 καὶ
2529 1614 2818 1680 περιῆσαν,
2853 1609 2903 1662 οἱ
2940 1609 3034 1679 μὲν
3065 1608 3192 1682 παρ’
3241 1605 3460 1661 ἐκείνων
3521 1605 3607 1660 ἐπὶ

1943 1689 2212 1754 δυσνοίαις
2267 1693 2701 1766 ὑπωπτεΰοντο,
2762 1696 2814 1748 οἱ
2881 1693 2936 1749 δὲ
2993 1696 3084 1749 καὶ
3143 1702 3260 1756 ταῖς
3320 1695 3604 1764 ἀληθείαις

201 1787 338 1863 φανὲν
367 1787 455 1841 καὶ
494 1788 569 1848 ὡς
602 1787 708 1841 οὐκ
740 1786 798 1840 ἂν
857 1788 932 1860 μὴ
984 1785 1066 1842 ὅτι
1098 1787 1148 1860 γ’
1181 1786 1365 1857 οὗτος,
1412 1783 1542 1840 ἀλλ’
1589 1782 1707 1839 οὐδ’
1737 1783 1840 1840 ἅλ-
1872 1823 1914 1887 Β
1944 1779 2248 1849 ἐδυσνὸουν,
2289 1782 2450 1853 μόνος
2483 1783 2518 1851 ἢ
2554 1784 2670 1855 μετ’
2728 1782 2926 1857 ὀλίγων
2964 1782 3404 1859 ἐγκαταλειφθεὶς
3461 1791 3604 1838 Κον-

201 1871 219 1887 ς
465 1874 534 1887 ..
781 1873 1300 1887 ..-κλει
1467 1871 1494 1882 η.
1658 1874 1671 1887 .
1817 1875 1828 1887 .
2108 1873 2401 1887 -.η
2570 1869 2950 1887 tn-..”
3102 1871 3320 1887 ..-
3522 1870 3537 1884 ς

201 1871 284 1936 λος
309 1897 390 1938 τις
444 1874 609 1948 ᾠήθη
663 1875 818 1930 ποτέ»
878 1877 936 1930 Ὀ
986 1873 1043 1931 δὲ
1093 1873 1347 1951 βασιλεὺς
1401 1871 1562 1928 τοῦτο
1618 1874 1712 1946 μὲν
1745 1875 1831 1928 καὶ

197 1964 328 2018 τάκεῖ
399 1971 741 2033 καταστῆσαι
819 1963 1015 2035 θὲλων,
1091 1968 1252 2018 τοῦτο
1309 1959 1368 2018 δὲ
1419 1962 1507 2017 καὶ
1569 1963 1705 2036 πρὸς
1768 1963 1834 2016 τὰ

197 2051 504 2117 ἀκουσθέντιι
560 2051 982 2129 διατάραχθεὶς,
1055 2048 1355 2129 προλαϐεῖν
1415 2052 1671 2126 ἠπείγετο
1741 2053 1829 2106 καὶ

192 2142 272 2204 τὰς
318 2141 488 2218 ἄκρας
544 2147 912 2220 κατοχυροῦν.
974 2144 1073 2200 Καὶ
1111 2140 1177 2212 δὴ
1234 2141 1466 2212 ἐξελθὼν
1518 2147 1617 2210 τῆς
1674 2142 1830 2202 Κων-

194 2232 447 2287 σταντίνου
518 2231 602 2287 ἐπ’
692 2230 1037 2309 Ὀρεστιάδος
1118 2231 1352 2302 ἤλαυνεν
1409 2229 1527 2303 ὅλῳ
1613 2229 1829 2305 ῥυτῆρι,

188 2319 448 2393 Χιιμῶνος
514 2320 562 2377 δ’
619 2322 851 2393 ἐξελθὼν
911 2324 999 2377 καὶ
1063 2322 1255 2396 πάγοις
1307 2319 1474 2374 ἐπιὼν
1532 2319 1734 2394 πάσχει
1776 2340 1830 2373 τι

190 2409 390 2466 καὶτῶν
421 2410 766 2483 ἀνηκέστωνο
830 2407 1221 2486 συμποδίζεται
1277 2410 1379 2485 γὰρ
1425 2409 1453 2463 ὁ
1503 2405 1676 2470 ’ίππος
1737 2405 1822 2461 ἐπὶ

190 2633 404 2686 assueta
432 2633 608 2702 rapto
636 2628 1013 2700 vivere,nihil
1035 2645 1068 2684 a
1088 2627 1299 2684 claudo
1323 2625 1826 2700 principe'timen-

185 2718 588 2776 tesliberrimis
602 2719 661 2774 in
680 2718 931 2791 Mysiam
945 2715 1392 2774 excursionibus
1414 2715 1666 2787 agebant
1680 2715 1825 2770 fere-

187 2806 422 2881 bantque
446 2807 679 2882 passim
703 2811 933 2875 cuncta,
956 2811 1012 2862 et
1039 2806 1217 2862 veteri
1251 2805 1574 2861 celebratas
1598 2819 1823 2875 prover-

182 2895 266 2952 bio
321 2898 555 2969 praedas
603 2896 904 2967 Mysorum
959 2895 1200 2967 impune
1243 2894 1708 2965 frequentabant.
1759 2893 1822 2947 In

183 2983 369 3041 horum
387 3002 577 3042 unam
606 3001 850 3040 manum
875 2984 1182 3039 incurrens
1213 2999 1346 3038 cum
1375 2983 1500 3037 suis
1523 2981 1822 3036 Lachanas

180 3089 290 3129 eam
313 3074 717 3132 internecione
744 3071 916 3131 delet.
947 3073 1071 3129 Alia
1093 3072 1186 3128 die
1205 3070 1628 3144 deprehensam
1654 3070 1819 3126 simi-

176 3157 294 3215 liter
323 3162 627 3218 cohortem
662 3165 908 3218 istorum
953 3163 1197 3218 alteram
1241 3166 1306 3217 ut
1338 3161 1589 3232 priorem
1635 3159 1814 3214 inter-

176 3246 297 3304 ficit.
327 3251 477 3307 Hinc
515 3252 718 3324 paucis
749 3253 960 3308 diebus
989 3251 1213 3306 celebre
1245 3251 1311 3305 ﬁt
1340 3251 1468 3322 ejus
1491 3265 1726 3316 nomen,
1761 3251 1818 3303 et

171 3335 416 3395 videlicet
445 3356 572 3394 non
601 3340 796 3411 parvis
817 3345 874 3396 et
906 3340 1104 3412 populi
1128 3344 1184 3395 et
1204 3338 1510 3410 regionum
1534 3335 1815 3394 accessio-

176 3425 332 3482 nibus
361 3444 512 3500 opes
537 3429 668 3499 ejus
699 3433 1044 3500 augescunt,
1078 3427 1308 3484 cunctis
1342 3443 1444 3500 pro
1494 3443 1556 3482 se
1585 3442 1817 3499 quoque

173 3530 320 3584 spem
349 3516 408 3572 in
439 3535 516 3574 eo
539 3533 837 3574 summam
896 3517 1250 3574 emendandi
1301 3515 1537 3589 publica
1589 3515 1817 3571 incom—

176 3605 331 3659 moda
358 3606 811 3662 collucentibus.
847 3607 1040 3662 Famae
1055 3605 1291 3662 interim
1323 3605 1634 3661 ambitioso
1666 3621 1815 3676 prie-

174 3693 319 3749 conio
370 3694 684 3752 Lachanas
738 3695 957 3768 ubique
1007 3695 1453 3751 buccinabatur.
1509 3693 1624 3750 Nec
1687 3693 1814 3748 dies

171 3784 489 3850 prateribat
519 3800 638 3856 qua
669 3800 786 3840 non
819 3793 873 3840 et
902 3786 1030 3855 ejus
1063 3799 1308 3840 numero
1340 3786 1625 3839 cresceret
1652 3798 1817 3838 exer-

169 3869 326 3938 citus,
355 3877 412 3930 et
441 3889 568 3945 qua
591 3890 704 3928 non
736 3872 864 3946 ipse
895 3873 1094 3945 aliqua
1123 3888 1182 3928 se
1240 3871 1461 3944 insigni
1520 3873 1590 3927 de
1648 3871 1814 3926 hoste

169 3958 390 4018 victoria
419 3964 886 4020 commendaret.
919 3963 1357 4020 Conturbarunt
1387 3962 1509 4018 haec
1549 3978 1665 4018 non
1709 3977 1813 4032 pa-

166 4064 283 4106 rum
298 4052 1322 4109 subindenuntiataConstantinum.
1341 4055 1539 4123 Ipsum
1560 4066 1811 4123 quoque,

166 4138 252 4193 ubi
285 4140 425 4198 ﬁdes
457 4142 702 4198 tandem
732 4159 850 4198 non
877 4143 1030 4198 438
1062 4141 1302 4198 creditis
1342 4142 1531 4213 primo
1580 4139 1814 4195 indiciis

167 4225 318 4285 fama;
348 4231 688 4287 constantia
720 4232 872 4288 facta
901 4236 991 4288 est
1018 4231 1238 4302 ipsum,
1267 4232 1535 4302 inquam,
1579 4245 1814 4301 quoque

165 4315 635 4389 inepinatissima
647 4321 876 4377 novitas
888 4320 1263 4376 vehementer
1283 4318 1600 4375 commovit
1627 4321 1812 4389 impe-

167 4413 425 4464 ratorem.
455 4409 628 4465 Hunc
651 4427 759 4465 sua
790 4415 1132 4482 suspectare
1188 4407 1500 4480 prudentia
1545 4408 1811 4480 cogebat,

162 4510 229 4549 ne
257 4499 532 4554 subesset
564 4498 658 4554 his
692 4499 995 4571 quidpiam
1036 4497 1382 4570 incomperti
1430 4497 1570 4553 mali
1599 4514 1613 4553 :
1667 4513 1813 4568 quo-

1944 1875 2225 1932 σταντῖνος
2258 1873 2405 1945 ὁρμᾷ
2439 1871 2717 1943 μετελθεῖν
2761 1873 2851 1926 τὸν
2885 1869 2994 1941 ἤδη
3029 1872 3117 1926 καὶ
3162 1871 3324 1925 αὐτοῦ
3376 1870 3610 1926 κατολι-

1941 1963 2247 2034 γωροῦντα.
2307 1960 2403 2014 Καὶ
2456 1958 2522 2029 δὴ
2575 1962 2970 2033 συνταξάμενος
3027 1961 3121 2022 τὰς
3176 1961 3433 2032 δυνάμεις
3484 1960 3601 2038 ἐφέ-

1943 2067 2064 2121 ρετο
2101 2049 2197 2120 μὲν
2230 2048 2310 2126 ἐφ’
2369 2047 2601 2121 ἀμάξης.
2661 2051 2722 2103 Oi
2757 2047 2813 2104 δὲ
2845 2051 2923 2110 οἶς
2957 2049 3158 2110 ἐκεῖνος
3215 2049 3459 2103 ἐπίστευε
3504 2048 3599 2109 τὰς

1944 2139 2073 2212 ὑπὲρ
2130 2138 2338 2193 ἐκείνου
2417 2140 2592 2214 ὁρμάς
2664 2138 3006 2194 κατεκλῶντο
3044 2182 3054 2194 .
3110 2139 3170 2194 Ὁ
3230 2135 3286 2192 δὲ
3341 2143 3594 2211 Λαχανᾶς

1940 2226 2111 2298 ὁμόσε
2141 2229 2405 2301 χωρήσας
2467 2226 2675 2300 ἐκείνῳ,
2724 2228 2837 2300 ἅμα
2893 2226 3076 2304 φανεὶς
3132 2225 3467 2281 ἐπεισπίπτει
3499 2224 3591 2280 καὶ

1936 2316 2073 2370 κατά
2128 2316 2322 2390 κράτος
2380 2317 2555 2391 αἱρεῖ,
2614 2317 2860 2372 κάκεῖνον
2925 2314 3093 2390 μηδὲν
3150 2315 3288 2370 κατά
3343 2314 3589 2388 πόλεμον

1936 2402 2207 2480 πράξαντα
2258 2404 2539 2480 βασιλείας
2613 2403 2757 2478 ἄξιον
2819 2403 2976 2476 δίκην
3035 2402 3238 2480 ἱερείου
3285 2402 3588 2480 κατασφάτ-

1937 2621 2220 2693 ﬁrmaret;
2254 2623 2466 2695 partim
2501 2627 2566 2679 ut
2586 2624 2685 2697 qui
2721 2625 2792 2680 ab
2831 2623 2937 2680 illa
2994 2628 3160 2697 parte
3216 2625 3495 2697 patebant
3525 2626 3586 2681 in

1938 2709 2264 2766 Romanam
2299 2711 2581 2768 ditionem
2604 2713 2822 2778 aditus,
2857 2730 2960 2785 per
3007 2730 3155 2784 quos
3187 2731 3258 2769 ne
3289 2713 3591 2770 Lachanas

1936 2798 2186 2855 irrueret
2218 2801 2414 2855 audita
2440 2802 2510 2854 de
2540 2801 2640 2857 illo
2671 2801 2878 2857 timere
2926 2803 3236 2875 cogebant,
3298 2802 3590 2873 praesidiis

1936 2893 1993 2943 et
2025 2889 2454 2945 munitionibus
2483 2888 2713 2945 idoneis
2747 2899 3189 2962 prmoccuparel.
3232 2890 3346 2946 Hoc
3392 2890 3591 2945 animo

1935 2980 2075 3033 dum
2107 2977 2299 3034 citatis
2331 2979 2499 3050 equis
2531 2997 2739 3034 versus
2761 2980 3122 3035 Orestiadem
3159 2978 3457 3034 contendit
3488 2996 3590 3048 per

1934 3074 2236 3122 concretos
2267 3068 2454 3138 rigida
2504 3067 2696 3123 hieme
2754 3068 2883 3139 gelu
2945 3085 3183 3139 campos
3241 3084 3582 3138 properans,

1931 3156 2176 3228 contigit
2205 3160 2262 3212 et
2288 3155 2404 3227 pati
2437 3173 2570 3210 eum
2605 3163 2660 3212 et
2693 3155 3005 3227 periclitari
3040 3157 3404 3228 gravissime.
3437 3157 3580 3210 Nam

1929 3261 2117 3315 equus
2150 3262 2263 3316 quo
2294 3245 2615 3301 vehebatur
2642 3246 2849 3318 lapsus
2878 3246 2936 3302 in
2979 3246 3183 3318 glacie,
3219 3263 3352 3300 eum
3395 3262 3587 3302 sesso-

1924 3350 2047 3389 rem
2080 3334 2304 3399 efludit,
2340 3338 2464 3390 tum
2499 3352 2677 3406 supra
2709 3335 2903 3406 ipsum
2938 3339 3054 3390 tota
3087 3334 3242 3390 mola
3272 3333 3585 3390 concidens

1924 3426 2154 3478 tantum
2192 3439 2307 3477 non
2339 3425 2652 3495 oppressit,
2686 3423 3056 3479 vulneratum
3106 3423 3164 3478 in
3223 3423 3496 3479 manibus
3527 3427 3584 3477 et

1923 3512 2088 3566 vultu
2117 3512 2259 3566 adeo
2294 3528 2409 3568 non
2442 3511 2666 3579 leviter,
2693 3517 2754 3567 ut
2785 3513 2881 3566 vix
2910 3512 3091 3567 totius
3115 3513 3242 3583 ejus
3292 3513 3582 3566 diuturnae

1925 3601 2316 3672 expeditionis
2350 3603 2536 3672 spatio
2570 3601 2874 3673 persanari
2907 3600 3084 3672 plaga
3118 3601 3434 3672 potuerint,
3483 3604 3584 3654 aut

1878 3675 1892 3696 ί
1924 3690 2074 3745 effici
2105 3690 2246 3760 quin
2280 3689 2591 3746 luculentas
2637 3689 2941 3745 cicatrices
2971 3691 3248 3745 reducem
3289 3689 3485 3760 ipsum
3518 3689 3578 3743 in

1923 3780 2130 3834 urbem
2181 3779 2374 3834 adhuc
2422 3779 2840 3834 deformarent.
2875 3779 3161 3834 Czeterum
3196 3781 3336 3832 tunc
3393 3776 3474 3831 illi
3514 3793 3581 3833 eo

1925 3867 2130 3922 itinere
2159 3869 2245 3920 Ad
2259 3867 2600 3937 rianopolim
2637 3867 2967 3922 advenienti
3001 3867 3254 3922 occurrit
3285 3870 3478 3921 certus
3509 3867 3581 3921 de

1923 3957 2079 4012 caede
2095 3955 2466 4010 Constantini
2494 3955 2761 4010 nuntius.
2783 3955 2925 4010 Cum
2958 3956 3113 4010 enim
3139 3955 3496 4010 adolesceret
3521 3954 3578 4008 in

1922 4046 2049 4101 dies
2090 4045 2351 4115 potentia
2395 4045 2700 4111 Lachanna,
2747 4055 2799 4100 et
2845 4043 3081 4115 Bulgari
3130 4043 3351 4114 passim
3384 4059 3416 4097 a
3446 4059 3584 4115 rege

1923 4150 2030 4190 suo
2064 4133 2209 4204 ipsis
2233 4137 2429 4204 spreto
2461 4133 2529 4188 ad
2566 4132 2882 4188 subulcum
2929 4133 3264 4197 deﬁcerent,
3321 4147 3424 4185 nec
3479 4131 3580 4202 qui

1922 4223 2210 4296 potuisset
2236 4222 2523 4278 obsistere
2554 4219 3078 4293 Sphentistblabus
3109 4221 3264 4275 434
3304 4236 3578 4290 superes-

1923 4313 2341 4385 set,insidiosis
2372 4312 2563 4369 Maria:
2623 4310 3027 4367 delinimentis
3085 4311 3260 4366 miser
3319 4310 3581 4366 lucratus

1922 4404 2189 4470 exitium,
2224 4420 2533 4475 procerum
2565 4419 2700 4458 vero
2750 4401 2941 4473 gentis
2994 4402 3093 4472 qui
3147 4401 3399 4456 maxime
3429 4399 3577 4455 Con-

1924 4494 2184 4549 stantino
2219 4493 2589 4556 studuerant,
2621 4491 2838 4562 partim
2870 4488 3171 4545 sceleratis
3191 4488 3382 4545 Mariae
3412 4489 3578 4545 moli-

163 4587 318 4642 modo
349 4589 516 4644 enim
551 4563 726 4644 homo
773 4563 896 4645 tam
927 4586 1064 4644 vilis
1097 4563 1470 4643 tam-secure
1528 4585 1808 4658 prodiret,
1840 4563 1887 4628 D
1920 4584 2179 4640 tionibus
2214 4583 2505 4639 interfecti
2539 4581 2811 4646 fuissent,
2845 4580 2946 4653 qui
2975 4597 3112 4636 vero
3172 4580 3366 4636 adhuc
3420 4580 3578 4636 vive-

164 4674 267 4730 nisi
292 4678 623 4748 productus
647 4677 861 4733 ﬁducia
890 4693 1067 4748 opum
1119 4693 1233 4732 non
1293 4676 1722 4748 apparentium,
1754 4679 1813 4730 et

165 4763 338 4821 multo
369 4767 668 4837 majorum
699 4783 880 4838 quam
913 4783 1042 4838 qute
1073 4769 1475 4833 cernerentur,
1510 4764 1622 4820 sibi
1674 4781 1812 4820 con-

161 4852 308 4909 scius
335 4854 557 4910 virium
579 4855 609 4910 ?
639 4855 924 4912 Caeterum
970 4855 1031 4911 in
1092 4854 1392 4911 communi
1427 4853 1814 4909 admiratione

163 4942 465 5000 amborum
499 4943 924 5000 Constantinus
955 4943 1140 5012 solus,
1205 4958 1378 5014 quem
1427 4941 1677 5014 periculi
1725 4941 1812 4996 vis

163 5033 549 5105 propinquior
563 5038 777 5104 ureret,
803 5035 1049 5106 trepidis
1066 5035 1280 5105 raptim
1301 5031 1512 5087 habitis
1532 5034 1654 5088 toto
1668 5030 1812 5102 jugo

161 5119 504 5190 delectibus,
538 5123 967 5179 admovendum
1002 5127 1240 5178 strenue
1288 5121 1514 5194 putavit
1570 5136 1812 5175 manum

161 5212 416 5267 remedio
440 5212 581 5268 mali
605 5212 776 5285 longe
791 5213 947 5269 ultra
968 5229 1144 5284 quam
1170 5211 1488 5283 quisquam
1503 5208 1815 5281 imaginari

163 5301 449 5368 potuisset
475 5301 950 5374 inopinatissime
999 5300 1298 5356 nascentis
1359 5299 1811 5368 crescentisque.

161 5389 333 5446 Porro
380 5390 710 5463 imperptor
765 5392 1028 5448 nondum
1086 5389 1185 5446 ille
1233 5389 1471 5462 quidem
1527 5386 1817 5460 expedivit

158 5477 473 5534 consilium
496 5479 778 5536 bellandi:
811 5485 1008 5536 tamen
1040 5478 1153 5534 sibi
1178 5478 1666 5549 proficiscendum
1687 5493 1814 5532 ver-

157 5580 258 5622 sus
287 5567 475 5624 istum
502 5567 758 5626 limitem
790 5568 1118 5636 constituit,
1151 5567 1366 5641 partim
1393 5571 1460 5623 ut
1484 5583 1552 5625 ex
1573 5565 1814 5638 propin-

154 5668 271 5726 quo
302 5662 688 5730 cognosceret
709 5660 925 5716 certius
954 5661 1033 5729 et,
1058 5655 1109 5714 si
1143 5653 1286 5731 quid
1303 5653 1386 5712 ibi
1406 5653 1648 5724 labaret,
1677 5671 1816 5712 con-

1921 4675 2065 4730 bant
2095 4674 2310 4745 partim
2346 4672 2492 4728 falso
2525 4675 3010 4743 suspectarentur
3038 4671 3207 4742 quasi
3261 4669 3580 4726 rebellibus

1922 4763 2202 4832 faverent,
2236 4760 2449 4832 partim
2484 4776 2683 4816 revera
2714 4760 3099 4831 regnantibus
3131 4760 3334 4815 offensi
3368 4760 3580 4831 pende-

1922 4855 2052 4906 rent
2082 4851 2138 4904 in
2192 4848 2698 4921 przsvalescentem
2764 4848 3103 4916 factionem,
3164 4848 3582 4904 Constantinus

1923 4941 2106 4996 ferme
2135 4939 2298 4996 solus
2328 4937 2388 4994 in
2423 4939 2614 4993 medio
2646 4937 2886 4994 relictus
2907 4937 3026 4994 acri
3051 4937 3397 4994 necessitate
3418 4953 3577 4992 com-

1922 5028 2133 5101 pulsus
2161 5033 2252 5084 est
2278 5031 2504 5084 tentare
2544 5043 2678 5083 cum
2715 5026 2917 5098 paucis
2971 5043 3148 5099 opum
3199 5026 3571 5097 antiquarum

1923 5117 2192 5190 reliquiis
2222 5116 2408 5173 alearn
2443 5116 2580 5172 belli
2611 5123 2664 5172 et
2695 5134 2756 5173 se
2779 5116 3060 5173 Lachanas
3079 5117 3207 5188 jam
3228 5115 3422 5187 ipsum
3444 5131 3576 5168 con-

1923 5206 2208 5263 temnenti
2239 5205 2514 5278 objicere.
2552 5205 2901 5261 Instructam
2931 5222 3064 5276 ergo
3092 5209 3291 5261 contra
3322 5203 3573 5257 inferens

1925 5298 2104 5354 aciem
2129 5298 2254 5370 ipse
2285 5298 2342 5353 in
2377 5313 2552 5352 curru
2585 5302 2806 5362 vectus,
2841 5300 2897 5352 et
2926 5297 3027 5352 fidi
3075 5296 3126 5351 ei
3161 5294 3328 5366 pauci
3387 5289 3565 5361 repri-

1925 5404 2083 5445 mere
2113 5388 2371 5460 impetus
2400 5389 2641 5460 impune
2680 5387 2965 5443 hactenus
3011 5383 3402 5458 grassantium
3433 5381 3574 5432 sunt

1925 5478 2131 5534 adorti.
2165 5482 2243 5533 At
2270 5477 2574 5534 Lachanas
2605 5481 2810 5533 contra
2849 5492 2912 5531 se
2968 5472 3334 5531 venientibus
3365 5481 3570 5522 occur-

1925 5583 2080 5636 rens,
2113 5565 2292 5622 simul
2330 5566 2502 5636 vidit,
2534 5565 2710 5622 simul
2768 5563 3047 5627 admovit,
3106 5557 3283 5616 simul
3339 5569 3568 5611 vaesano

1923 5650 2156 5712 irruens
2187 5653 2414 5727 impetu
2448 5653 2617 5712 cadit
2643 5650 2965 5710 exercitum
2997 5654 3055 5706 et
3081 5645 3249 5719 plene
3279 5642 3476 5714 vineit;
3499 5661 3566 5702 ae
