3912 6192
389 276 493 331 891

1699 259 1996 316 oaoaen
2035 255 2499 316 PACHYMERE
3598 275 3676 340 892

390 422 490 456 τει.
549 395 706 456 de:
764 392 820 448 δὲ
885 394 992 446 ’τῶν
1072 388 1277 444 ἐκείνου
1353 383 1863 463 καταγωνισάμενος
1917 384 2035 444 τοῖς
2066 381 2120 450 Α
2151 382 2264 454 ἅμα
2321 379 2379 436 δὲ
2432 383 2524 437 καὶ
2576 381 2642 437 τὰ
2700 383 2904 460 ἀρχαῖα
2954 391 3408 463 προσαφαιρεῖσθαι
3465 393 3681 454 κλίνουσιιν

394 488 611 546 λοιποῖς
643 485 717 546 ὡς
746 480 1021 558 σφετέροις
1065 479 1291 554 ἐχρῆτο.
1338 478 1441 534 Καὶ
1487 474 1597 546 ἤδη
1654 469 1887 550 βεϐαίως
1919 471 2038 526 ἐπι-

392 575 538 649 σχὼν
608 572 704 638 τὴν
771 570 959 643 χώραν
1005 567 1093 623 καὶ
1123 565 1336 622 πόλεων
1398 566 1625 635 ἥπτετο,
1681 562 1769 617 καί
1797 562 1846 638 γ’
1877 559 2040 622 αὐτὰς

393 663 560 733 αἱρῶν
591 661 693 714 οὐκ
723 657 856 712 ἀνίει
890 658 962 717 ὡς
993 656 1177 731 ἄρχων
1211 655 1298 709 καὶ
1353 652 1609 729 βασιλεὺς
1647 651 2036 729 ρημιζόμεεθος.

391 749 566 806 Ἀλλὰ
594 751 660 802 τὰ
695 749 786 820 μὲν
820 749 936 801 κατ’
969 746 1168 800 ἐκεῖνον
1216 744 1381 813 οὕτω,
1415 744 1505 798 καὶ
1564 743 1738 803 οὕτως
1771 739 2041 813 ὁσημέραι

389 837 558 892 πλέον
593 836 952 912 ἐμεγαλύνετο
975 836 1064 890 καὶ
1098 832 1455 908 εὐοδούμενος
1483 829 1752 886 ἐπεδίδου.

503 1042 526 1060 '\

499 1042 563 1100 δ’.
614 1047 803 1105 ’Όπως
825 1044 862 1117 γὸ
893 1040 1147 1117 βασιλεὺς
1175 1041 1260 1117 Δτῇ
1290 1036 1509 1117 Θογατρὶ
1545 1036 1751 1110 Εἰρήνῃ
1810 1035 1904 1089 τὸν

822 1111 984 1168 Ἀσάν
1015 1113 1091 1174 εἷς
1123 1112 1297 1186 γάμον
1333 1111 1596 1183 ἥρμοσεν.

467 1288 550 1358 [Ρ.
582 1287 708 1357 297]
738 1285 798 1340 Ὁ
833 1281 888 1336 δὲ
923 1280 1176 1356 βασιλεὺς
1225 1283 1304 1350 τῷ
1369 1279 1460 1351 μὲν
1517 1278 1660 1351 παρὰ
1693 1273 1846 1345 δόξαν
1900 1295 2039 1346 συμ-

395 1371 547 1428 ϐάντι
606 1374 677 1434 ὡς
737 1372 880 1434 εἰκὸς
937 1368 1285 1444 ἐπαλγήσας,
1344 1369 1411 1420 τὰ
1469 1364 1526 1420 δὲ
1581 1367 1698 1419 καθ’
1746 1363 1906 1417 αὑτὸν
1965 1362 2039 1423 ὠς

394 1462 517 1531 ἐνῆν
550 1460 1111 1538 κατασφαλιζὸμενος,
1145 1457 1267 1511 ὅσον
1323 1453 1580 1530 ἀσφαλῶς
1609 1455 1749 1527 εἶχεν
1797 1453 1856 1507 ἐκ
1885 1459 2038 1506 Κων-

397 1550 672 1606 σταντίνου
709 1549 990 1615 πεσόντος,
1053 1547 1298 1615 ἐπαύζειν
1354 1542 1521 1613 ἤθελε
1577 1549 1697 1604 ταῖς
1755 1543 1890 1616 πρὸς
1946 1543 2036 1596 τὸν

397 1645 651 1715 Λαχανᾶν
710 1638 1062 1713 ἆγχιστείαις.
1123 1636 1220 1688 Καὶ
1280 1636 1500 1707 πεμψας
1567 1633 1659 1705 μὲν
1720 1630 2038 1705 ἐπεπειρᾶτο

2147 471 2213 526 τὰ
2269 471 2436 548 ζυγὰ,
2495 473 2658 548 ἀρετῇ
2719 470 2777 528 Si
2831 471 2920 528 καὶ
2974 475 3037 529 τὸ
3093 479 3484 552 προσγενόμενον
3533 482 3683 540 οἴκεῖον

2145 561 2233 614 καὶ
2292 561 2354 614 τὸ
2406 560 2806 636 ἀπογενόμενον
2889 563 2990 616 οὐκ
3072 562 3415 636 ἀνέλπιστον,
3464 570 3680 628 ὑπώπτευε

2145 649 2210 704 τὰ
2239 647 2424 704 πολλὰ
2447 651 2546 719 τήν
2576 671 2772 726 τυχην,
2809 653 2884 723 μὴ
2927 649 3094 707 δοῦσα.
3153 654 3346 730 μεγάλα
3393 655 3599 735 ἐξαίφνης
3641 664 3686 716 τὸ

2145 744 2247 794 πᾶν
2297 743 2510 816 ταχέως
2568 741 2856 818 ἀφέληται,
2889 741 2978 796 καὶ
3037 743 3228 816 ἆρετῆσ
3278 747 3347 818 μὴ
3402 743 3541 818 οὔσης
3587 747 3688 820 μηδὲ

2151 828 2330 905 βραχὺ
2349 832 2438 884 καὶ
2486 831 2546 884 τὸ
2586 832 2711 904 παρ’
2764 829 2974 902 ἐκείνης
3032 829 3300 905 διδόμενον
3352 834 3691 911 ἀμαυρῷτο,ὡς

2151 921 2225 992 μή
2257 918 2471 996 φθάνειν
2527 919 2956 995 ἐπιτυγχάνοντα
3012 923 3360 994 θαυμάζεσθαι
3388 925 3466 978 καὶ
3493 923 3691 980 ἐλεεῖσθαι

2145 1008 2608 1084 ἀποτυγχάνοντα.
2644 1010 2741 1063 Διὰ
2768 1014 2929 1065 τοῦτο
2975 1010 3065 1064 καὶ
3095 1015 3255 1066 ταῦτα
3309 1014 3504 1090 στρέφον
3530 1013 3599 1069 ἐπὶ
3625 1015 3691 1070 λο-

2144 1103 2377 1173 γισμῶν,
2405 1097 2612 1173 βουλὴν
2641 1098 2898 1174 συνέλεγε
2924 1101 3052 1162 τοὺς
3102 1101 3231 1178 ἀμφ’
3279 1103 3425 1157 αὐτὸν
3455 1101 3694 1176 συγκαλῶν.

2145 1183 2385 1241 Ἕϐλεπε
2415 1187 2517 1263 γὰρ
2547 1189 2645 1256 τήν
2679 1191 2785 1242 τῶν
2821 1188 3154 1265 Βουλγάρων
3181 1190 3348 1266 ἀρχὴν
3401 1191 3485 1245 τοῦ
3507 1211 3693 1264 προστα-

2144 1278 2406 1347 τήσοντος
2460 1276 2773 1351 χρῄζουσαν
2834 1276 2882 1350 ἐξ
2946 1279 3204 1353 ἀνάγκης,
3259 1279 3505 1354 παρετίθει
3557 1277 3602 1334 δὲ
3632 1281 3696 1334 καὶ

2143 1369 2223 1436 τῷ
2257 1371 2480 1440 Λαχανᾷ
2505 1367 2595 1420 τὸν
2629 1365 2687 1420 ἐκ
2742 1371 2841 1420 τοῦ
2900 1369 3089 1436 Μυτζὴ
3141 1369 3397 1438 Ἰωάννην,
3425 1370 3502 1423 καὶ
3527 1373 3589 1439 τῷ
3632 1368 3699 1439 μὲν

2144 1453 2322 1528 τύχην
2357 1453 2446 1508 καὶ
2481 1454 2674 1527 θράσος
2704 1456 2794 1510 καὶ
2824 1455 2887 1510 τὸ
2919 1455 3008 1510 ἐπὶ
3032 1460 3139 1511 τῶν
3170 1458 3477 1533 πραγμάτων
3519 1457 3624 1510 εἶναι
3647 1455 3701 1517 εἷς

2145 1538 2443 1616 πρόσϐασιν
2475 1546 2574 1612 τῆς
2619 1545 2798 1619 ἀρχῆς
2858 1544 3239 1600 συντελέσοντα
3296 1545 3540 1621 ἐγίνωσκε,
3567 1544 3701 1600 Ἰωάνσ

2144 1653 2238 1700 νην
2271 1629 2326 1684 δὲ
2356 1631 2417 1684 τὸ
2447 1630 2598 1706 γένος
2645 1632 2734 1686 καί
2775 1635 2875 1701 τήν
2919 1633 3006 1710 ἀφ’
3040 1635 3204 1688 αὐτοῦ
3235 1635 3463 1708 σύναρσιν
3514 1650 3700 1705 καταχο-

393 1732 490 1782 τοῦ
546 1722 843 1801 βαρϐάρου,
904 1725 983 1800 ἐφ’
1015 1723 1060 1794 ᾧ
1091 1725 1179 1777 καὶ
1230 1727 1421 1796 γνῶναι
1450 1721 1492 1775 εἰ
1525 1722 1720 1781 ἱκανῶς
1780 1714 1902 1792 ἔχοι
1950 1719 2038 1772 καὶ
2075 1739 2122 1802 Β
2154 1725 2279 1796 ροῦν
2314 1720 2388 1782 εἰς
2421 1720 2598 1796 ἀρχὴν
2651 1720 2741 1776 οἷά
2786 1724 2835 1777 τ’
2867 1719 2996 1777 ὄντα
3025 1724 3118 1777 καὶ
3161 1722 3360 1796 μᾶλλον
3394 1720 3607 1795 διέκρινε.
3635 1719 3705 1776 Καὶ

396 1818 531 1889 πρὸς
559 1817 619 1870 τὸ
652 1816 838 1890 πρόσω
871 1817 1095 1888 χωρεῖν,
1147 1812 1317 1872 οὕτως
1350 1810 1645 1884 ἀρξάμενος
1696 1809 1790 1882 μὲν
1825 1809 2043 1880 ἀπεριτ-

397 1927 524 1966 τως.
569 1905 635 1959 τὰ
697 1905 924 1977 μέγιστα
982 1900 1028 1955 δ’
1085 1900 1404 1975 εὐτοχηκὼς
1463 1900 1521 1953 ἐκ
1571 1903 1667 1953 τοῦ
1730 1897 1914 1973 ῥᾷστα.
1948 1896 2045 1951 Καί

400 2015 463 2068 γε
515 1995 603 2048 καὶ
657 1989 904 2069 γαμϐρὸν
962 1991 1049 2044 ἐπὶ
1111 1988 1348 2064 Θμγατρί
1401 1986 1666 2041 διενοεῖτο
1725 1992 1939 2054 ποιεῖν,
2000 1985 2048 2038 εἴ

399 2083 549 2158 σφίσι
603 2080 798 2152 δόξειεν
861 2080 1250 2152 ἐνικανωμὲνος
1309 2078 1396 2132 καὶ
1452 2077 1585 2151 πρὸς
1615 2075 1780 2142 αὐτὴν
1811 2076 1909 2142 τήν
1941 2078 2047 2128 τῶν

402 2171 728 2246 Βοολγαρων
761 2171 965 2244 ἀρχήν.
994 2171 1185 2240 ’Ὁμως
1220 2165 1266 2220 δ’
1295 2166 1492 2238 ἐνορῶν
1527 2165 1615 2219 καί
1647 2164 1708 2218 τὸ
1738 2171 1839 2232 τῆς
1866 2165 2044 2238 τύχης

396 2261 622 2316 ἄστατον
655 2303 669 2328 ,
720 2261 796 2321 ὡς
851 2259 963 2332 ἅμα
1024 2258 1117 2330 μὲν
1168 2255 1482 2332 χαρίζεσθαι
1521 2254 1610 2308 καὶ
1662 2254 1730 2308 ’τὰ
1792 2254 2041 2328 μέγιστα,

393 2490 589 2546 regem
621 2472 840 2544 ipsum,
875 2471 976 2542 qui
1011 2470 1155 2525 nihil
1188 2486 1254 2525 eo
1283 2468 1480 2540 pralio
1516 2467 1670 2523 fama
1699 2467 1945 2538 dignum
1977 2481 2043 2519 ac

389 2563 535 2617 tanti
560 2559 818 2615 nominis
835 2559 1065 2630 fastigio
1084 2558 1560 2630 egisset,misera
1577 2556 1767 2610 instar
1795 2553 2042 2608 victima

393 2650 578 2704 victor
625 2649 956 2716 obtruncat,
1008 2646 1268 2718 reliquos
1325 2645 1450 2701 suis
1482 2643 1772 2715 adjungit.
1807 2642 1874 2698 Et
1922 2642 2045 2712 jam

396 2741 607 2810 aperta
641 2737 809 2809 plene
841 2735 1097 2808 regionis
1131 2738 1356 2806 potens,
1389 2735 1458 2788 ad
1487 2734 1663 2788 urbes
1685 2731 1796 2786 sibi
1857 2731 2046 2801 subji-

399 2829 636 2884 ciendas
667 2830 951 2882 convertit
978 2825 1266 2893 animum,
1302 2823 1474 2879 solito
1509 2837 1789 2877 successu
1833 2838 1846 2875 :
1892 2837 2048 2874 nunc

398 2919 555 2973 enim
586 2917 757 2983 hanc,
794 2932 949 2970 nuue
1004 2913 1162 2969 illam
1221 2913 1527 2984 capiebat:
1589 2927 1692 2966 nec
1741 2910 2050 2982 quieturus

397 3009 724 3073 videbatur,
760 3005 952 3077 quoad
988 3021 1086 3059 rex
1106 3002 1288 3058 totius
1319 3002 1474 3057 haud
1535 2999 1710 3054 dubie
1767 2997 2050 3070 Bulgaria

2155 1809 2392 1870 πολλοῖς
2423 1830 2482 1884 γε
2511 1807 2736 1884 ’ἤρεσκεν
2771 1813 2804 1879 ἡ
2843 1810 3044 1886 βουλὴ,
3071 1812 3163 1866 τὸν
3193 1816 3284 1866 τοῦ
3330 1816 3498 1880 Μυτζῆ
3527 1810 3616 1863 υἱὸν
3658 1808 3711 1870 εἴς

2157 1893 2402 1973 γαμϐρὸν
2452 1898 2693 1972 γενέσθαι
2742 1904 2820 1971 τῷ
2881 1899 3143 1973 βασιλεῖ,
3226 1901 3311 1954 καὶ
3359 1899 3511 1961 οὕτως
3559 1897 3628 1952 ἐπὶ
3664 1900 3710 1967 τῇ

2155 1988 2382 2062 πρόσθεν
2448 1987 2696 2062 βασιλειᾳ
2753 1990 3090 2044 καταστάντα
3147 1996 3504 2064 συνεγερθῆναι
3555 1985 3712 2041 καίἆπ’

2158 2076 2318 2130 αὐτοῦ
2349 2083 2428 2153 [Ρ.
2462 2079 2587 2149 298]
2623 2077 2914 2152 βασιλέως,
2977 2080 3092 2151 ἅμα
3156 2080 3247 2152 μὲν
3305 2077 3388 2132 διὰ
3427 2078 3482 2132 τὸ
3508 2077 3618 2149 πρὸς
3659 2076 3712 2142 τῷ

2157 2166 2347 2238 Μυτζῇ
2379 2163 2591 2220 δίκαιον
2625 2167 2713 2220 καὶ
2749 2167 2808 2220 τὸ
2841 2168 2946 2221 ἀπὸ
2993 2172 3102 2221 τῶν
3163 2169 3396 2241 πατέρων
3450 2165 3589 2219 αὐτοῦ
3614 2162 3713 2234 πρὸς

2155 2259 2290 2330 σφᾶς
2316 2251 2531 2330 ἱλαρὸν,
2569 2255 2682 2328 ἅμα
2714 2253 2771 2310 δὶ
2799 2255 2890 2310 καὶ
2936 2253 3024 2310 διὰ
3055 2257 3154 2326 τὴν
3211 2260 3305 2311 τοῦ
3363 2251 3596 2330 βασιλέως
3621 2248 3720 2323 πρὸς

2152 2482 2272 2522 rem
2305 2469 2696 2525 conditionem
2731 2486 2798 2525 ao
2828 2474 3130 2540 naturam,
3182 2469 3274 2525 cui
3323 2473 3377 2524 et
3419 2483 3531 2539 qua
3566 2465 3722 2520 insunt

2153 2555 2304 2612 bona
2333 2573 2466 2613 vere
2514 2559 2746 2630 propria
2804 2559 3278 2616 inamissibiliter
3324 2557 3664 2630 possidentur,
3685 2556 3724 2608 et

2155 2663 2283 2718 qua
2315 2648 2529 2702 desunt
2551 2647 2947 2704 verisimiliter
2975 2653 3315 2721 sperantur,
3346 2645 3513 2703 vereri
3540 2658 3724 2714 magno-

2156 2752 2290 2808 pere
2323 2737 2496 2809 ccepit
2545 2755 2616 2793 ne
2673 2742 2882 2794 cuncta
2941 2738 3064 2796 hac
3121 2739 3296 2794 sortis
3353 2734 3600 2792 beneﬁcia
3645 2730 3727 2786 cite

2157 2826 2443 2896 ejusdem,
2479 2831 2706 2882 mature
2739 2827 3020 2899 poenitere
3047 2829 3336 2884 donorum
3368 2824 3552 2891 solitae,
3592 2823 3730 2875 muta-

2158 2914 2314 2969 tione
2341 2915 2730 2982 auferrentur;
2765 2920 2821 2971 et
2848 2916 2936 2971 vel
2982 2916 3028 2970 si
3092 2919 3528 2989 perseverarent,
3582 2916 3728 2964 tamen

2163 3004 2314 3074 quod
2330 3003 2562 3060 virtutis
2585 3022 2656 3060 ne
2679 3005 2968 3060 modicum
2988 3006 3234 3076 quidem
3280 3005 3550 3070 subesset,
3579 2997 3731 3054 eadem

397 3095 616 3166 ubique
644 3092 1185 3150 acclamaretur.Sic
1218 3108 1278 3147 se
1309 3107 1398 3146 res
1423 3090 1705 3145 Lachana
1733 3088 2051 3152 habebant,
2084 3105 2126 3170 α
2163 3093 2321 3148 brevi
2347 3111 2509 3149 more,
2536 3095 2848 3150 obscurata
2875 3093 3332 3160 obsolescerent,
3361 3106 3579 3163 seroque
3605 3083 3734 3140 intel-

393 3183 755 3255 quotidianis
789 3181 1156 3252 proficientes
1206 3179 1606 3244 successibus,
1653 3183 1710 3234 et
1758 3178 1827 3233 ad
1888 3193 2052 3232 sum-

395 3289 554 3328 mam
586 3272 769 3338 brevi,
803 3277 869 3326 ut
921 3271 1262 3341 apparebat,
1314 3268 1637 3340 potentiam
1670 3272 2029 3338 perventura

399 3433 453 3486 4.
531 3433 593 3488 Ut
650 3430 958 3501 imperator
1022 3427 1156 3561 ﬁli:
1193 3430 1396 3560 [Irena
1477 3429 1706 3482 Asanem
1771 3428 2060 3500 conjugem

1147 3516 1342 3561 δίεν-ιι.

1147 3516 1342 3563 ederit.

477 3637 797 3706 Imperator
851 3649 984 3688 vero
1039 3629 1294 3686 indoluit
1349 3629 1614 3700 quidem,
1656 3634 1722 3685 ut
1776 3647 1881 3702 par
1911 3619 2062 3686 erat’

408 3723 714 3796 inopinato
736 3721 897 3778 casui
927 3739 939 3776 :
973 3725 1244 3776 caterum
1268 3718 1571 3774 securitati
1592 3735 1786 3774 rerum
1817 3736 2060 3774 suarum

409 3829 588 3886 quam
621 3812 744 3868 ﬁeri
777 3811 995 3883 optime
1021 3813 1247 3881 poterat
1299 3809 1540 3864 studens
1591 3808 1919 3878 consulere,
1965 3824 2058 3864 co-

411 3903 674 3960 nandum
697 3900 1053 3958 existimavit
1082 3899 1136 3954 id
1160 3899 1316 3971 quod
1342 3914 1410 3954 ex
1429 3897 1658 3969 Bulgari
1685 3897 1906 3954 ditione
1919 3897 2058 3953 olim

415 3997 823 4065 usurpaverat,
884 3992 1056 4062 cujus
1111 3988 1545 4062 possessionem
1605 3989 1896 4043 ﬁrmatam
1945 3988 2058 4043 sibi

411 4084 645 4140 videbat
677 4080 1041 4138 Constantini
1101 4083 1307 4143 morte,
1369 4077 1479 4132 sibi
1512 4077 1729 4132 certius
1775 4092 2059 4142 asserere,

412 4172 737 4242 quinetiam
762 4187 996 4241 augere,
1029 4167 1394 4224 conciliando
1426 4183 1491 4222 ac
1512 4167 1814 4238 jungendo
1833 4165 2062 4237 sibiper

410 4259 759 4313 afﬁnitatem
783 4257 1072 4313 Lachana.
1108 4257 1266 4312 Misit
1293 4255 1470 4326 igitur
1500 4255 1598 4325 qui
1622 4258 1913 4310 tentarent
1935 4253 2060 4310 ani-

409 4362 571 4401 mum
603 4346 864 4411 Barbari,
887 4351 944 4401 et
973 4347 1175 4401 eadem
1209 4345 1360 4399 435
1393 4359 1569 4414 opera
1615 4343 2061 4399 dissimulanter

407 4434 778 4506 explorarent
807 4436 958 4491 vires
992 4450 1245 4506 opesque
1277 4435 1427 4504 ejus,
1486 4433 1690 4504 ecquid
1751 4437 1948 4498 tanta,
1991 4448 2057 4487 ao
2089 4471 2134 4535 D

406 4532 613 4582 caetera
641 4529 767 4598 ejus
799 4529 995 4583 omnia
1017 4527 1119 4582 tali
1152 4525 1275 4581 loco
1333 4530 1553 4592 essent,
1606 4528 1671 4580 ut
1726 4525 2047 4596 exspectari

399 4619 534 4687 jure
568 4621 762 4688 posset
792 4633 928 4672 eum
961 4616 1062 4687 qui
1091 4621 1212 4672 tam
1243 4615 1443 4670 tenuia
1483 4614 1653 4670 initia
1711 4619 2056 4686 protentosa

411 4705 706 4762 felicitatis
726 4706 1134 4778 multiplicatis
1151 4705 1435 4760 hactenus
1459 4705 1832 4760 successibus
1850 4721 2059 4760 cumu-

409 4795 648 4860 laverat,
683 4795 804 4864 pari
835 4796 1112 4866 deinceps
1143 4809 1375 4864 quoque
1434 4793 1796 4862 profectuum
1857 4797 2056 4848 tenore

409 4885 480 4938 ad
511 4883 746 4938 culmen
779 4884 1026 4939 fortuna
1057 4897 1359 4938 summum
1382 4889 1814 4952 perventurum.
1839 4883 2056 4946 Quodsi

408 4973 616 5028 horum
640 4971 820 5027 relatu
855 4971 1223 5043 cognovisset
1248 4987 1361 5024 non
1393 4969 2056 5026 esseilluminidoneum

409 5077 584 5133 regno
610 5061 908 5128 Bulgaria,
944 5077 1046 5115 nec
1080 5059 1361 5130 imparem
1389 5057 1517 5127 ejus
1571 5059 1828 5114 nominis
1865 5059 2055 5113 susti-

409 5152 612 5206 nenda
636 5155 934 5221 utcunque
957 5147 1267 5218 majestati,
1327 5147 1787 5217 haudquaquam
1841 5148 2055 5203 abhor-

407 5242 572 5297 rebat
603 5257 636 5294 a
667 5239 1018 5311 cogitatione
1049 5251 1327 5307 generum
1361 5234 1472 5289 sibi
1504 5233 1669 5288 illum
1732 5235 2055 5290 asciscendi

410 5328 776 5404 propriaipsi
794 5327 1132 5385 collocanda
1153 5323 1526 5380 ﬁlia.Tamen
1556 5326 1836 5393 reputans
1869 5329 2057 5380 atten-

407 5422 527 5476 tius
577 5435 710 5481 cum
759 5415 1215 5474 inconstantiam
1278 5414 1523 5467 fortuna
1573 5411 1752 5466 simul
1802 5413 2059 5469 maxima

404 5505 992 5582 indulgentis,simul
1023 5504 1218 5562 subita
1249 5499 1632 5557 inclinatione
1661 5499 1847 5558 lancis
1878 5501 2056 5560 etiam

411 5600 657 5670 antiqua
687 5597 1009 5672 eripientis,
1041 5598 1168 5653 tum
1198 5590 1432 5650 virtutis
1463 5593 1624 5648 tanto
1673 5590 2055 5665 prastahilio-

2170 3182 2452 3254 ligeretur
2481 3200 2595 3238 non
2620 3183 2803 3239 fuisse
2848 3186 3284 3256 properandum
3313 3187 3370 3237 in
3417 3179 3632 3237 nimium
3655 3172 3734 3228 mi-

2170 3273 2352 3328 rando
2385 3277 2762 3328 consecutum
2787 3273 2922 3340 ista,
2955 3278 3057 3328 aut
3087 3291 3155 3330 eo
3188 3274 3286 3344 qui
3337 3272 3535 3328 talibus
3575 3263 3740 3321 careret

2171 3361 2384 3416 misero
2416 3363 2695 3433 putando.
2729 3364 2918 3428 Quare
2949 3361 3260 3434 perpensis
3292 3360 3416 3416 istis
3441 3358 3543 3415 alio
3565 3358 3738 3410 vertens

2169 3451 2460 3518 animum,
2492 3451 2828 3507 convocavit
2859 3451 3010 3508 viros
3035 3453 3328 3524 pudentes
3359 3465 3496 3522 quos
3543 3441 3738 3500 habebat

2168 3556 2390 3608 secum,
2423 3539 2615 3613 iisque
2646 3557 2942 3612 exponens
2966 3542 3165 3598 videre
3205 3558 3269 3597 se
3327 3535 3595 3594 necessrio
3641 3544 3734 3601 pro-

2167 3629 2483 3684 videndum
2518 3629 2836 3702 principem
2870 3630 3182 3702 Bulgaria,
3218 3632 3363 3687 duos
3394 3615 3736 3702 proposuitqui

2166 3723 2214 3776 ei
2251 3722 2466 3793 praeﬁci
2517 3739 2688 3794 posse
2727 3721 3091 3791 viderentur,
3146 3721 3471 3779 Lachanam
3507 3722 3556 3773 et
3593 3713 3735 3782 Mytw
3767 3743 3770 3747 λ

2167 3811 2355 3866 ﬁlium
2385 3813 2666 3868 Joannem
2701 3831 2715 3881 ;
2748 3811 2912 3866 etilli
2969 3812 3212 3883 quidem
3275 3812 3555 3868 fortunam
3593 3800 3742 3859 suifra-

2165 3901 2311 3971 gari,
2337 3899 2531 3956 inesse
2560 3899 2826 3955 animum
2858 3901 3140 3967 audendi,
3175 3901 3514 3973 magnisque
3541 3908 3627 3948 nec
3657 3889 3738 3940 im-

2167 3989 2462 4061 prosperis
2493 3989 2698 4061 captis
2726 3990 3020 4045 munitum
3046 3991 3288 4046 abunde
3308 3988 3418 4062 ipsi
3439 3982 3600 4042 videri
3616 3988 3743 4051 posse

2167 4077 2277 4133 iter
2307 4079 2378 4134 ad
2404 4095 2696 4134 summam
2723 4078 2900 4134 isthic
2924 4081 3271 4150 potentiam.
3301 4076 3503 4134 Joanni
3522 4079 3681 4128 tamen
3698 4065 3743 4117 ut

2166 4183 2279 4221 non
2312 4167 2743 4238 desperandum
2775 4167 3042 4223 videatur
3073 4185 3254 4240 posse
3286 4169 3359 4224 od
3389 4167 3626 4239 optatum
3650 4169 3744 4212 suc-

2165 4256 2368 4310 cedere
2391 4261 2662 4312 conatum
2679 4257 2832 4312 istuc
2849 4257 3178 4330 aspriandi.
3205 4258 3393 4314 facere
3423 4269 3589 4328 genus
3607 4245 3745 4319 ipsius

2164 4349 2221 4400 et
2244 4351 2453 4400 caetera
2502 4346 2560 4401 in
2621 4346 2747 4417 ipso
2801 4346 2913 4401 sita
2935 4347 3090 4403 bona
3151 4346 3553 4417 praesidiaque,
3581 4335 3745 4412 quibus

2166 4432 2319 4489 haud
2358 4435 2534 4490 dubie
2564 4434 2929 4490 attolleretur
2950 4437 3020 4490 ad
3044 4454 3218 4508 spem
3244 4454 3359 4492 non
3385 4432 3746 4502 imprudentem

2177 4522 2234 4577 in
2267 4538 2332 4578 eo
2367 4523 2736 4594 pravalendi,
2769 4524 2814 4579 si
2850 4529 3122 4580 tentaret.
3148 4525 3392 4582 Addidit
3419 4523 3474 4578 in
3505 4521 3638 4576 hunc
3657 4526 3750 4568 ma-

2167 4612 2258 4684 gis
2279 4629 2406 4668 esse
2431 4614 2812 4684 propendere,
2843 4613 3178 4687 meliusque
3199 4614 3588 4671 collocandum
3607 4607 3655 4662 in
3675 4605 3751 4657 hoc

2167 4701 2562 4770 promovendo
2585 4702 2854 4757 arbitrari
2885 4719 3146 4774 operam.
3180 4705 3342 4760 Idem
3376 4702 3641 4776 plerisque
3658 4691 3752 4765 pla-

2167 4788 2311 4858 cuit,
2332 4805 2657 4861 magnoque
2677 4807 2923 4846 assensu
2944 4793 3265 4863 probatum
3294 4787 3638 4865 imperatoris
3654 4797 3754 4836 con-

2168 4877 2366 4934 silium
2395 4884 2484 4934 est
2517 4879 2840 4935 asciscendi
2867 4882 3020 4936 436
3042 4881 3338 4938 Joannem
3371 4882 3429 4937 in
3451 4871 3756 4952 generumﬁt

2158 4968 2262 5038 jus
2290 4967 2338 5023 ei
2367 4984 2573 5037 genere
2604 4986 2669 5024 ac
2699 4969 3068 5026 hareditaria
3117 4971 3350 5027 ratione
3380 4971 3682 5040 competens
3705 4957 3756 5012 ad

2165 5056 2344 5112 istum
2381 5058 2777 5130 principatum
2826 5059 3056 5132 imperii
3087 5061 3328 5116 viribus
3361 5054 3635 5115 fulciendi.
3674 5047 3756 5102 Nec

2163 5146 2348 5201 videri
2380 5147 2768 5203 dubitandum
2795 5149 2938 5220 quin
2963 5165 3028 5205 eo
3062 5149 3257 5219 magis
3289 5148 3622 5205 inclinarent
3654 5134 3756 5194 Bul-

2166 5235 2312 5306 gari,
2347 5252 2412 5290 ac
2441 5236 2606 5291 facile
2630 5238 2968 5308 praferrent
2990 5238 3243 5294 barbaro
3273 5237 3515 5294 subulco
3539 5236 3755 5304 juvenem

2171 5325 2632 5396 nobilissimum,
2666 5332 2790 5382 tum
2821 5327 3002 5398 patris
3032 5328 3164 5398 ejus
3199 5327 3402 5401 Mytza
3435 5325 3670 5396 respectu
3696 5310 3762 5370 cui

2167 5429 2412 5484 regnum
2439 5415 2724 5488 Bulgaria
2739 5417 3001 5472 debitum
3028 5415 3216 5472 fuisse
3238 5413 3645 5472 meminissent,
3667 5411 3760 5458 tum

2167 5502 2448 5559 memoria
2482 5503 2640 5560 mitis
2662 5504 2722 5561 in
2751 5505 2913 5578 ipsos
2942 5504 3180 5577 latique
3231 5503 3466 5579 imperii
3524 5498 3760 5570 majorum

2165 5592 2293 5664 ejus
2324 5596 2686 5667 caterorum,
2721 5599 2848 5652 tum
2881 5595 3133 5667 denique
3167 5603 3330 5651 metu
3356 5593 3541 5667 palam
3560 5588 3605 5646 ei
3627 5581 3762 5642 fade-
