4002 6198
256 301 353 359 893

1300 314 1398 366 DE
1434 312 1808 367 MICHARLE
1845 312 2292 368 PALBOLOGO
2326 314 2461 368 LIB.
2502 316 2602 369 VI.

3555 316 3663 373 894

262 427 407 483 αὑτὸν
461 424 821 502 κηδεμονίαν,
853 427 953 485 ὅσα
992 430 1082 485 καὶ
1131 433 1393 508 πενθεροῦ
1440 434 1580 508 πρὸς
1609 427 1884 507 γαμϐρόν.
1923 438 1977 504 Α
2005 432 2180 504 τολῆς
2236 434 2544 490 ἐπισκόπων
2603 441 2874 510 παρῆσαν,
2906 437 2958 489 οἱ
2994 435 3089 509 μὶν
3146 435 3343 501 ἐκεῖθεν
3378 437 3572 508 ἲόντες,
3606 441 3659 494 οἱ

258 516 407 578 Εἰκὸς
441 513 499 572 Si
527 517 619 572 καὶ
648 519 743 574 τὸν
792 525 1047 596 Λαχανᾶν
1099 519 1159 575 ἐκ
1210 522 1387 598 τύχης
1428 521 1681 601 ἐξαίφνης
1732 544 1903 598 φυση-

259 604 420 675 θέντα,
476 605 903 681 ὑποχαλάσαντα
951 610 1047 672 τὰς
1117 611 1292 685 ὁρμὰς
1347 616 1611 689 φανεισῶν
1661 612 1901 684 Ῥωμαϊ-

257 699 358 748 κῶν
387 694 559 750 ἐκεῖσε
608 694 887 769 δυνάμεων
938 699 971 768 ἤ
1022 701 1157 774 πρὸς
1207 698 1456 755 δουλείαν
1521 703 1807 756 ὑποπεσεῖν
1864 701 1900 770 ἢ

260 785 360 855 μὴν
386 782 476 839 καί
506 806 614 839 που
669 783 937 860 κρυϐῆναι
966 788 1252 863 φεύγοντα,
1308 791 1382 862 μὴ
1416 787 1615 864 ἔχοντα
1658 791 1767 860 ὅπη
1801 792 1901 865 ἄρα

254 873 338 928 καὶ
370 873 736 949 ἲσχυρίσαιτο.
772 876 985 952 Μαρίαν
1033 875 1091 932 δὲ
1145 878 1236 933 καὶ
1286 877 1455 933 παῖδα
1510 878 1710 948 ταύτης
1771 880 1897 954 ῥᾷον

253 961 375 1024 τοὺς
433 960 762 1038 Τερνοϐίτας
830 963 1174 1039 προδοῦναι·
1235 970 1302 1021 τα
1356 967 1455 1043 γὰρ
1514 971 1649 1041 πρὸς
1705 968 1899 1031 αὐτοὺς

252 1052 453 1122 ἐκείνης
482 1055 623 1108 κακᾶ
652 1054 714 1109 οὑ
740 1060 1000 1111 τοσοῦτον
1063 1058 1232 1132 μικρὰ
1288 1056 1424 1111 ὥστε
1478 1058 1567 1111 καὶ
1613 1056 1759 1132 λήθῃ
1816 1055 1899 1112 δι-

255 1138 418 1196 δόναι.

251 1299 311 1354 ε’.
338 1300 519 1359 Ὃπως
549 1300 577 1354 6
614 1300 870 1378 βασιλεὺς
902 1301 990 1378 ἐπὶ
1020 1302 1199 1373 τούτῳ
1230 1302 1447 1378 πέμψας
1480 1304 1657 1374 ἐζήτει
1694 1303 1899 1378 βουλὴν

670 1372 761 1426 καὶ
792 1374 940 1448 παρὰ
978 1378 1073 1428 τοῦ
1104 1372 1469 1451 πατριάρχου.

320 1499 357 1547 Τ
394 1499 419 1510 ..
460 1496 473 1516 .
534 1496 549 1513 ο
808 1496 820 1514 ε
1170 1499 1181 1517 ,
1489 1502 1499 1515 .
1750 1502 1763 1516 .
1869 1506 1893 1515 -

361 1516 455 1549 αυτ
529 1517 558 1551 ο
612 1495 866 1571 βασιλευς
919 1496 1380 1573 βουλευσάμενος,
1414 1522 1503 1554 και
1535 1501 1632 1569 τὴν
1666 1500 1772 1555 ἀπο
1800 1523 1898 1555 του

250 1584 591 1658 πατριάρχου
649 1584 855 1657 βουλὴν
915 1586 1133 1659 πέμψας
1188 1586 1239 1641 ἐν
1302 1588 1637 1663 ἀπορβήτοις
1695 1588 1894 1658 ἐζήτει.

251 1670 351 1727 Καὶ
407 1672 466 1735 ’ὃς
521 1675 588 1727 τὰ
643 1671 831 1728 πολλὰ
855 1675 992 1749 πρὸς
1022 1676 1116 1731 τὸν
1148 1680 1365 1744 Μυτζῆν
1399 1674 1607 1752 ἔρῥεπε,
1642 1678 1728 1731 καὶ
1761 1678 1897 1752 γρά-

2008 520 2064 577 δὲ
2106 524 2195 577 καὶ
2246 522 2469 586 ἐνταῦθα
2522 528 2641 584 ταῖς
2697 523 2906 579 ἐκείνου
2966 531 3304 597 προτροπαῖς
3352 525 3656 598 γενόμενοι·

2004 607 2201 683 ἤρεσκε
2229 612 2331 685 γαρ
2364 612 2449 666 ἐπὶ
2480 612 2697 676 τούτοις
2752 613 2841 666 καὶ
2895 615 2923 682 ἦ
2973 618 3069 667 τοῦ
3129 609 3461 687 ’Λναζάρϐου
3519 622 3656 669 Θεο-

2008 696 2259 775 δωρήτου
2294 701 2493 775 βουλὴ,
2529 701 2603 763 εἷς
2632 701 2791 756 νόσον
2824 699 2932 770 ἤδη
2966 701 3243 764 κλιθέντος
3276 708 3372 757 τοῦ
3403 706 3661 779 πατριάρ-

2006 808 2141 863 χου,
2200 790 2326 851 τοὺς
2378 790 2595 851 ἱκανοὺς
2649 791 2707 844 ἐκ
2764 793 3082 865 προτροπῆς
3137 790 3343 846 ἐκείνου
3396 792 3657 866 γίνεσθαι,

2006 876 2087 955 ἐφ’
2143 880 2188 950 ᾧ
2245 880 2335 933 τὸν
2396 881 2510 951 μετ’
2564 879 2763 934 ἐκεῖνον
2806 878 3368 954 προσκληθησὸμενον
3402 882 3661 951 ἀνεπιλή-

2008 989 2155 1029 πτως
2215 969 2288 1029 ὡς
2342 970 2543 1028 ἱκανῶς
2598 971 2943 1045 ψηφίζοιντο.
3004 972 3092 1030 Ὡς
3147 976 3276 1044 γοῦν
3328 970 3572 1039 ἐζητεῖτο
3631 974 3658 1025 6

2005 1058 2424 1132 χρησιμεὺσων,
2480 1061 2579 1130 [Ρ.
2640 1061 2766 1130 299]
2825 1060 2915 1112 καὶ
2978 1056 3153 1120 οὐδεὶς
3210 1064 3305 1113 τοῦ
3356 1059 3653 1136 Πρίγκιπος

2007 1146 2388 1220 ἀπεγίνωσκεν,
2464 1147 2530 1215 ἧν
2615 1148 2705 1200 οὖν
2783 1147 2936 1208 εὐθὺς
3015 1149 3103 1201 καὶ
3179 1150 3505 1225 ψηφίζεσθαι
3562 1151 3652 1203 καὶ

2003 1233 2429 1309 προσκαλεῖσθαι
2478 1236 2568 1289 τὸν
2618 1233 2804 1311 ἄνδρα.
2858 1236 3017 1290 Ἀλλ’
3066 1237 3093 1289 6
3127 1236 3382 1311 βασιλεὺς
3412 1238 3571 1315 σοφόν
3605 1260 3656 1292 τι

2006 1329 2245 1398 συνορῶν
2276 1323 2363 1379 ἐπὶ
2420 1324 2632 1385 τούτοις
2666 1325 2950 1378 ὑπώπτευε
2979 1326 3076 1393 τήν
3130 1325 3362 1399 χλεὺην,
3420 1328 3508 1379 καὶ
3564 1330 3654 1381 τὸν

2002 1412 2343 1485 κρεμάμενον
2376 1412 2435 1467 ἐκ
2464 1421 2563 1481 τῆς
2596 1414 2828 1486 ὑποψίας
2859 1412 3175 1488 κατάγελων
3214 1417 3410 1485 μήπως
3446 1414 3660 1491 ὀφλήση

2002 1502 2277 1577 προὺνόει.
2310 1502 2385 1559 Τὸ
2417 1504 2516 1577 γὰρ
2548 1501 2826 1577 Ηρίγκιπα
2878 1504 2952 1575 μή
3008 1501 3081 1557 δι’
3123 1503 3256 1557 ὅΛου
3306 1508 3371 1577 τῇ
3425 1503 3659 1572 Ἐκκλη-

2002 1592 2093 1662 σία
2123 1592 2410 1663 ἑνούμενον
2448 1589 2537 1645 διὰ
2563 1594 2630 1646 τὰ
2662 1587 2945 1663 συμϐάντα
2976 1589 3089 1645 οὐδ’
3144 1592 3291 1654 ὅλως
3337 1591 3547 1664 ἠγνόει,
3597 1594 3659 1646 τὸ

2004 1678 2060 1735 δὲ
2111 1679 2595 1743 συνυποκλίνεσθαι
2651 1681 2788 1733 κατᾶ
2846 1682 3012 1752 τιμὴν
3074 1680 3375 1753 ὑπερτάτην
3434 1701 3657 1750 προτει-

250 1782 362 1837 φων
391 1762 489 1829 τὴν
523 1761 611 1817 ἐπὶ
638 1767 708 1837 τῇ
745 1762 926 1839 βουλῇ
960 1765 1135 1840 ῥοπήν
1164 1762 1365 1819 ἐδίδου·
1395 1764 1563 1819 Τοῦτο
1593 1766 1681 1820 καὶ
1724 1766 1896 1841 Πρίγ-
1929 1800 1977 1863 Β
2005 1770 2239 1839 νομένην
2291 1767 2427 1841 ᾤετο
2483 1772 2599 1842 μὲν,
2650 1769 2749 1823 οὑκ
2793 1771 2907 1843 εἶχε
2956 1766 2999 1822 δ’
3036 1769 3315 1841 ἀραρότως
3364 1768 3657 1825 πιστεύειν.

248 1852 346 1922 κιψ
378 1850 404 1904 6
434 1851 805 1927 ἱερομὸναχος
834 1852 1141 1924 Θεοδόσιος,
1175 1854 1421 1924 ἀξιωθεὶς
1450 1853 1539 1908 καὶ
1572 1854 1730 1916 οὗτος
1762 1856 1897 1928 πρὸς

254 1934 571 2011 συμϐουλὴν
602 1944 701 2010 τὴν
733 1943 858 2015 περὶ
888 1942 1120 2010 τούτων,
1171 1942 1423 2021 ἔγραφεν,
1468 1941 1575 2014 ἤδη
1612 1946 1686 2005 εἰς
1714 1947 1895 2021 ψῆφον

248 2025 325 2081 ὣν
382 2029 778 2106 πατριαρχείου
813 2050 826 2063 °
888 2033 916 2085 6
973 2032 1073 2107 γὰρ
1132 2032 1410 2104 Εὐθὺμιος
1468 2031 1740 2103 ἐτεθνήκει
1796 2041 1897 2103 τῆς

243 2117 627 2181 Θεουπόλεως.
666 2121 737 2174 Τὸ
770 2117 813 2174 δ’
844 2121 993 2183 ὅπως
1028 2123 1092 2176 οὐ
1148 2128 1336 2197 χεῖρον
1372 2121 1561 2177 εἰπεῖν.
1598 2125 1898 2197 Κεχήρωτο

244 2208 343 2280 μὲν
401 2208 493 2262 οὑν
544 2209 609 2263 τὸ
654 2215 1071 2286 πατριαρχεῖον,
1124 2210 1214 2265 καὶ
1246 2210 1453 2266 πολλοὶ
1498 2216 1607 2265 τῶν
1637 2219 1738 2280 τῆς
1768 2211 1898 2266 ἀνα-

246 2427 359 2483 rati
392 2432 633 2500 tamque
665 2432 791 2484 arto
822 2432 880 2485 et
920 2428 1223 2485 insolubili
1276 2428 1512 2499 pietatis
1562 2431 1895 2487 domesticae

238 2515 478 2572 vinculo
509 2517 964 2574 irrevocabiliter
994 2518 1897 2591 adstrictiimperatoris,quanta

241 2606 397 2661 inter
428 2621 697 2662 socerum
729 2610 786 2662 et
815 2622 1097 2679 generum
1130 2606 1439 2662 intercedit
1480 2609 1851 2665 necessitudo
1878 2628 1892 2677 ;

240 2710 313 2750 ex
342 2712 461 2767 quo
490 2696 632 2752 certi
663 2702 860 2752 essent
886 2697 1025 2752 totis
1051 2713 1185 2752 eum
1218 2696 1450 2768 imperii
1472 2696 1695 2753 viribus
1725 2699 1893 2768 adju-

239 2787 531 2853 vandum;
557 2785 710 2858 quod
739 2785 1037 2842 videntem
1070 2786 1401 2841 Lachanam
1434 2791 1557 2841 erat
1584 2785 1895 2841 verisimile

245 2874 645 2931 remissurum
676 2874 877 2931 statim
937 2874 1189 2931 multum
1242 2876 1313 2932 de
1344 2875 1611 2944 audacia,
1644 2878 1699 2930 et
1731 2892 1893 2930 com-

238 2980 448 3036 presso
477 2970 707 3020 tumore
738 2981 854 3035 quo
886 2965 1205 3037 aspirantis
1248 2966 1489 3021 fortunae
1538 2980 1680 3019 aura
1709 2964 1893 3019 levem

238 3053 531 3110 hactenus
588 3053 889 3110 hominem
941 3054 1224 3120 inﬂasset,
1275 3056 1436 3110 fuere
1487 3058 1606 3110 tam
1656 3052 1898 3109 licenter

235 3145 595 3210 desiturum,
627 3148 806 3215 atque
836 3143 937 3199 ubi
968 3147 1262 3199 Romanas
1307 3145 1460 3200 acies
1518 3144 1575 3199 in
1626 3160 1733 3198 suo
1781 3142 1895 3198 sibi

232 3232 358 3288 solo
391 3232 616 3289 videret
642 3233 966 3304 oppositas,
1000 3237 1102 3288 aut
1132 3232 1470 3289 servitutem
1520 3234 1890 3305 relapsurum

232 3322 577 3392 pristinam,
611 3326 715 3377 aut
747 3323 885 3394 fuga
926 3326 1181 3387 matura,
1214 3323 1508 3378 damnatis
1541 3321 1890 3393 praevalendi

230 3411 479 3482 spebus,
514 3409 770 3467 latebras
803 3411 1019 3468 alicubi
1045 3412 1686 3483 captaturum.Mariam
1719 3428 1889 3484 porro

228 3499 549 3571 ﬁliumque
576 3501 707 3570 ejus
746 3500 912 3557 facile
962 3502 1294 3571 prodendos
1342 3518 1377 3556 a
1426 3501 1779 3572 Ternobitis,
1830 3502 1888 3555 in

228 3606 494 3661 quorum
526 3594 725 3645 essent
758 3594 1004 3662 uterque
1035 3594 1344 3662 potestate,
1384 3589 1697 3645 verisimile
1726 3606 1793 3645 ex
1823 3606 1890 3644 eo

224 3693 385 3745 esse,
423 3678 577 3749 quod
612 3682 786 3734 tanta:
818 3684 1031 3735 actam
1063 3683 1329 3735 recentes
1368 3682 1661 3734 exstarent
1689 3678 1891 3734 mulie-

220 3768 312 3823 ris
335 3768 474 3838 ejus
506 3767 565 3822 in
599 3770 759 3840 ipsos
792 3768 1119 3839 injurim,ut
1146 3784 1350 3825 earum
1382 3768 1683 3839 ipsosjam
1718 3768 1890 3840 plane

220 3855 453 3913 oblitos
484 3857 758 3914 credibile
789 3874 907 3915 non
936 3863 1112 3915 esset.

214 4018 279 4073 5.
336 4018 411 4075 Ut
458 4018 774 4090 imperator
818 4018 885 4073 de
922 4020 1201 4089 afﬁnitate
1247 4017 1487 4089 cogitata
1534 4016 1824 4072 consilium
1855 4033 1891 4071 α

551 4091 877 4161 patriarcha
901 4106 1001 4163 per
1042 4090 1237 4146 missos
1267 4090 1567 4162 quaesierit.

306 4215 444 4269 Haec
477 4230 607 4269 cum
630 4232 665 4270 a
696 4214 941 4271 concilio
983 4215 1139 4270 dicta
1181 4219 1400 4285 essent,
1443 4214 1763 4285 imperator
1789 4230 1888 4284 pa-

210 4301 508 4359 triarchas
548 4320 723 4375 super
758 4320 825 4360 ea
856 4320 916 4360 re
947 4304 1297 4361 sententiain
1330 4303 1748 4376 exquirendam
1782 4320 1888 4374 pu-

213 4394 404 4460 tavit,
463 4392 694 4448 arcanis
739 4408 844 4465 per
900 4392 1055 4450 viros
1108 4395 1351 4451 idoneos
1396 4392 1595 4449 missis
1653 4392 1887 4448 litteris.

216 4481 424 4538 lllein
457 4481 706 4555 Mytzam
737 4487 945 4555 sponte
977 4484 1199 4539 dudum
1233 4501 1341 4539 sua
1390 4499 1740 4555 propensus,
1796 4498 1886 4536 ce-

2009 1857 2231 1932 Εἷγοῦν
2268 1860 2556 1935 ψηφισοείς
2607 1860 2816 1932 ἀπερεῖ,
2869 1857 2999 1911 εἶναι
3039 1858 3131 1928 μὲν
3195 1856 3378 1927 ἐκείνῳ
3433 1858 3533 1924 τὴν
3578 1858 3659 1910 ὅτι

2007 1948 2096 2001 καὶ
2151 1948 2471 2019 ἀξιούμενος
2531 1947 2637 2023 οὑχ
2684 1948 2984 2015 ὑπήκουσεν
3033 1944 3269 2018 αὐτάρκη
3309 1945 3501 2016 τιμὴν,
3530 1944 3656 2005 τοὺς

2010 2033 2067 2091 δέ
2094 2057 2154 2112 γε
2185 2036 2515 2098 καλέσαντας
2558 2037 2605 2109 ἐξ
2659 2036 2891 2111 ἀνάγκης
2938 2036 3299 2108 ἀποφέρεσθαι
3356 2034 3418 2086 τὸ
3467 2032 3653 2099 ἧττον,

2010 2124 2091 2180 ὅτι
2147 2126 2235 2179 καὶ
2294 2126 2563 2195 ἀξιοῦντες
2620 2127 2684 2179 οὑ
2755 2122 3219 2198 προσεδέχθησαν.
3275 2120 3471 2198 Γράφει
3528 2126 3654 2194 γοῦν

2007 2214 2097 2269 καὶ
2152 2220 2319 2269 ταῦτα
2389 2214 2441 2270 ἐν
2504 2213 2836 2290 ἀπορρήτοις
2910 2218 2987 2284 τῷ
3040 2211 3354 2287 πατριάρχῃ
3393 2254 3406 2279 ,
3464 2215 3654 2285 πειρᾷν

2005 2436 2175 2490 antea
2204 2450 2238 2489 a
2268 2433 2511 2505 (legente
2542 2431 2661 2486 illic
2698 2430 3010 2502 Euthymio
3050 2430 3258 2496 vocati,
3308 2429 3446 2484 huic
3494 2428 3651 2484 enim

2006 2539 2073 2578 ex
2104 2522 2307 2578 morbo
2338 2538 2454 2593 quo
2485 2519 2736 2576 decessit
2775 2519 3150 2575 decumbenti
3182 2522 3561 2590 persuaserat
3606 2518 3655 2572 ei

2007 2611 2699 2667 assistensTheodoritus
2757 2608 3069 2679 episcopus
3126 2607 3497 2675 Anazarbi,e
3565 2608 3656 2662 sui

2005 2699 2439 2771 patriarchatus
2493 2697 2848 2770 praesulibus
2905 2697 3185 2751 idoneum
3244 2696 3314 2751 ad
3368 2712 3495 2751 sese
3527 2696 3652 2765 jam

2006 2805 2162 2843 nunc
2194 2804 2433 2843 evocare
2463 2804 2797 2857 numerum,
2832 2785 2933 2857 qui
2978 2785 3269 2855 videlicet,
3320 2784 3367 2840 si
3420 2784 3559 2855 quid
3602 2782 3653 2838 ei

2005 2877 2214 2931 deinde
2245 2876 2587 2947 contigisset
2635 2876 3004 2943 humanitus,
3063 2876 3192 2943 ejus
3249 2887 3648 2926 successorem

2000 2965 2177 3036 justis
2204 2971 2439 3037 possent
2470 2965 2767 3036 suffragiis
2789 2964 3016 3033 eligere.
3075 2964 3230 3016 Inter
3278 2961 3383 3015 hos
3436 2960 3647 3029 Euthy-

2006 3054 2122 3108 mio
2146 3055 2271 3123 jam
2306 3058 2534 3109 mortuo
2566 3054 2635 3107 de
2667 3051 3081 3107 substituendo
3126 3049 3178 3105 ei
3227 3049 3348 3103 viro
3383 3051 3505 3102 loco
3539 3048 3651 3102 isto

2005 3144 2181 3211 digno
2212 3143 2605 3213 disceptantes
2645 3142 2790 3196 satis
2848 3140 3156 3194 constabat
3200 3137 3652 3205 cunctorumju-

2005 3232 2157 3289 dicio
2189 3232 2459 3288 concordi
2494 3231 2785 3286 neminem
2820 3228 3074 3298 Principi
3119 3228 3300 3282 videri
3336 3226 3648 3297 praeferen-

1998 3323 2285 3379 dum.Nec
2312 3321 2433 3375 ulla
2464 3337 2565 3392 per
2608 3335 2967 3390 quemquam
3016 3318 3279 3387 ipsorum
3322 3331 3485 3369 mora
3524 3318 3649 3369 erat

1998 3412 2141 3483 quin
2178 3411 2447 3484 protinus
2481 3410 2835 3481 perferretur
2862 3409 3158 3461 decretum
3185 3403 3498 3460 evectionis
3519 3404 3646 3473 ejus

1996 3501 2057 3555 in
2087 3501 2434 3571 dignitatem
2477 3500 2674 3567 istam,
2736 3498 2900 3566 isque
2958 3496 3017 3550 in
3066 3511 3195 3550 eam
3254 3494 3361 3549 rite
3406 3499 3647 3548 vocatus

1994 3589 2468 3661 inauguraretur,
2502 3587 2615 3643 nisi
2656 3586 2959 3658 paulisper
3008 3582 3376 3655 supersederi
3428 3580 3647 3636 delibe-

1994 3679 2398 3748 rationemque
2440 3674 3395 3747 suspendijussissetimperator.
3462 3670 3638 3725 Vere-

1993 3769 2170 3822 batur
2209 3767 2282 3833 is,
2316 3783 2420 3836 pro
2444 3782 2510 3820 ea
2551 3782 2669 3835 qua
2706 3764 2932 3819 solebat
2962 3762 3239 3817 intimum
3288 3776 3483 3814 rerum
3544 3776 3641 3813 oc-

1994 3855 2357 3912 currentium
2429 3854 2713 3924 profunde
2778 3852 3108 3923 perspicere
3175 3847 3507 3919 prudentia,
3570 3862 3642 3900 ne

1992 3943 2104 3999 sibi
2136 3941 2335 4013 obrepi
2369 3941 2658 4012 illudique
2689 3941 2745 3994 in
2781 3940 2888 3994 hoc
2938 3938 3169 4009 negotio
3219 3936 3458 3997 sineret,
3520 3950 3641 3988 me-

1991 4034 2220 4103 ritoque
2261 4030 2628 4102 sapientibus
2685 4030 2866 4083 risum
2919 4029 3170 4093 deberet,
3233 4024 3283 4078 si
3335 4023 3639 4078 hominem

1991 4122 2145 4177 circa
2176 4138 2303 4176 eam
2337 4137 2463 4191 quas
2487 4123 2627 4173 tunc
2666 4116 2935 4188 ﬂagrarei
2985 4116 3043 4169 in
3090 4112 3350 4169 Ecclesia
3410 4116 3639 4167 contro-

1989 4213 2244 4268 versiam
2277 4229 2311 4267 a
2340 4227 2401 4266 se
2434 4212 2663 4266 diversa
2693 4208 3280 4275 sentientem,contra
3302 4218 3364 4258 se
3395 4219 3460 4257 ac
3475 4217 3648 4273 quam

1990 4307 2226 4375 putaret
2258 4299 2558 4355 meliorem
2592 4314 2855 4362 causam,
2908 4301 3068 4351 tanta
3122 4296 3362 4365 repente
3418 4289 3638 4346 armari

1991 4391 2337 4447 auctoritate
2369 4388 2753 4461 permitteret.
2778 4386 3061 4441 Caeterum
3098 4381 3235 4454 quia
3264 4379 3531 4436 eumdem
3569 4377 3638 4430 il-

1994 4480 2118 4536 lum
2149 4479 2474 4545 Principem
2505 4478 2587 4531 ita
2636 4477 2871 4531 videbat
2916 4491 3033 4528 non
3081 4468 3488 4526 dissimulasse
3546 4467 3640 4520 in-

213 4572 339 4628 leri
376 4571 662 4642 rescripto
691 4570 750 4627 id
803 4571 1119 4627 consilium
1172 4573 1392 4644 prolixe
1435 4570 1887 4635 commendavit,
1921 4543 1967 4607 D
2001 4570 2380 4625 clinationem
2448 4566 2740 4639 prOpriam
2810 4565 2870 4619 in
2947 4562 3255 4617 factionem
3323 4558 3643 4614 schismate

209 4666 281 4717 et
309 4659 591 4716 videlicet
611 4661 991 4732 praerogativa
1020 4665 1191 4716 tantce
1223 4661 1585 4716 auctoritatis
1608 4659 1884 4714 ultimum

208 4750 279 4804 in
320 4764 462 4804 eam
497 4753 719 4820 partem
762 4749 1043 4820 pendenti
1073 4748 1477 4805 deliberationi
1520 4752 1883 4803 momentum

205 4837 489 4893 addidit.
539 4838 754 4893 Eodem
806 4854 1049 4894 concors
1098 4837 1347 4894 accessit
1377 4837 1664 4907 judicium
1695 4836 1885 4891 hiero-

202 4924 511 4981 monachi
541 4924 853 4981 Theodosii
887 4930 1275 4997 cognomento
1300 4925 1615 4996 Principis:
1648 4940 1785 4979 nam
1814 4924 1885 4978 ad

197 5014 391 5070 hunc
426 5030 663 5085 quoque
694 5014 1017 5085 imperator
1045 5015 1362 5070 consilium
1404 5012 1713 5086 postulans
1744 5012 1886 5067 scri-

194 5106 455 5175 pserat,
490 5106 689 5173 utpote
730 5104 882 5159 487
936 5104 1101 5175 justo
1156 5104 1572 5176 suffragiorum
1640 5118 1885 5157 numero

195 5190 611 5263 designatum
672 5192 1063 5263 patriarcham
1116 5194 1173 5249 in
1224 5194 1419 5251 locum
1480 5191 1885 5263 Theopolitani

193 5279 539 5351 Euthymii
560 5280 685 5350 jam
719 5282 958 5337 mortui.
984 5286 1106 5347 Quo
1129 5286 1200 5339 de
1223 5288 1341 5339 toto
1374 5282 1599 5355 negotio
1633 5298 1747 5335 non
1781 5280 1885 5335 abs

189 5388 271 5427 re
312 5371 505 5426 fuerit
536 5370 875 5427 distinctius
909 5373 1001 5429 hic
1060 5374 1281 5446 aliquid
1345 5389 1580 5446 ponere.
1641 5370 1887 5427 Viduata

182 5464 469 5533 pastore
501 5458 876 5530 patriarchali
926 5462 1250 5519 Antiochiae
1282 5464 1418 5519 sede
1448 5463 1688 5517 aderant
1720 5458 1883 5515 multi

185 5546 628 5607 Orientalium
657 5549 1013 5621 antistitum,
1048 5553 1292 5625 quidam
1324 5569 1392 5610 ea
1439 5567 1618 5609 causa
1673 5565 1704 5605 ο
1762 5549 1886 5605 suis

176 5634 502 5695 ecclesiis
531 5635 1101 5714 Constantinopolim
1150 5642 1412 5715 profecti,
1459 5635 1727 5698 nonnulli
1756 5638 1884 5710 jam

1997 4659 2285 4729 avulsam,
2318 4661 2382 4712 ut
2407 4662 2606 4711 tamen
2641 4671 2754 4710 non
2787 4658 2907 4709 tam
2941 4652 2999 4706 in
3053 4667 3121 4705 eo
3175 4650 3325 4703 ﬁxus
3356 4648 3641 4701 irrevoca-

1998 4749 2255 4818 bilisque
2303 4746 2604 4801 videretur
2657 4742 2799 4815 quin
2859 4740 3083 4814 sperari
3128 4741 3325 4810 posset
3374 4734 3642 4791 transitio

1994 4840 2122 4909 ejus
2154 4838 2212 4892 in
2246 4840 2443 4908 partes
2474 4850 2676 4890 eorum
2708 4832 2807 4903 qui
2840 4829 3100 4903 supremi
3132 4829 3257 4899 ejus
3282 4825 3517 4881 honoris
3548 4841 3642 4879 vo-

1990 4925 2257 4981 luntaria
2286 4924 2575 4980 delatione
2608 4921 2755 4976 nihil
2788 4937 2905 4976 non
2937 4920 3008 4976 ab
3040 4935 3106 4973 eo
3133 4916 3508 4983 meruissent,
3542 4929 3645 4968 ne-

1995 5015 2317 5071 cessarium
2351 5029 2479 5069 esse
2534 5012 2781 5067 credidit
2809 5011 2989 5081 hujus
3020 5008 3144 5080 spei
3180 5006 3389 5078 pignus
3420 5008 3644 5057 anteca-

1996 5120 2131 5177 pere
2162 5120 2265 5159 nec
2309 5119 2431 5157 rem
2464 5106 2687 5157 tantam
2717 5100 2893 5155 nimis
2952 5096 3276 5170 periculose
3309 5094 3445 5149 alea:
3478 5107 3641 5145 com-

1998 5194 2248 5249 mittere.
2288 5192 2435 5257 Quid
2470 5191 2520 5245 si
2548 5190 2704 5246 enim
2737 5188 2909 5245 aliter
2938 5186 3034 5242 ille
3069 5188 3190 5257 jam
3253 5180 3643 5253 proclamatus

1996 5289 2053 5338 et
2109 5283 2499 5354 inauguratus
2546 5278 2881 5352 patriarcha
2933 5293 3109 5348 quam
3161 5276 3459 5345 speratum
3519 5269 3643 5320 erat

1996 5376 2226 5444 saperet
2253 5391 2267 5439 ;
2307 5375 2363 5426 et
2393 5368 2699 5441 dignitatis
2729 5384 2995 5431 summa},
3028 5381 3202 5435 quam
3233 5379 3264 5415 a
3296 5356 3473 5413 stulte
3502 5370 3638 5444 con-

1995 5439 2316 5516 lidentibus
2347 5439 2688 5529 accepisset,
2739 5460 2862 5511 toto
2903 5455 3159 5527 pondere
3188 5444 3551 5505 incumberet
3578 5439 3635 5495 in

1996 5550 2437 5623 depressionem
2471 5550 2735 5619 ipsorum
2788 5544 3129 5601 earumdem
3158 5538 3259 5611 qui
3308 5534 3393 5623 sic
3449 5531 3639 5623 ipsum

1996 5618 2360 5712 inexplorato
2407 5618 2562 5693 “8
2624 5628 3115 5707 promovissent?
3166 5626 3267 5683 His
3322 5621 3395 5677 de
3442 5618 3636 5677 causis
