3912 6192
413 290 522 347 895

1715 285 2018 343 GEORGII
2057 288 2520 344 PACHYMERE
3610 292 3695 350 ενδ

414 411 699 487 πρότερον,
757 407 854 470 εἶθ’
909 403 1052 460 οὕτω
1107 404 1197 460 καὶ
1247 402 1451 483 ἐφιέναι
1497 406 1846 480 ψηφίζεσθαι.
1881 406 1945 464 Ἡ
2005 402 2063 461 δὲ
2092 410 2147 480 Α
2179 405 2394 473 πληθὺν
2449 401 2795 484 θριαμϐεύων
2848 400 3110 475 τοῦνομα,
3156 403 3240 460 καὶ
3290 402 3420 469 δίκας
3465 414 3695 482 προστιθεὶς

415 519 572 569 πειρα
627 500 692 565 ἦν
748 493 837 550 διὰ
893 498 990 549 τυῦ
1048 496 1450 573 συγγράφοντος
1507 493 1676 551 τάδε’
1745 496 1904 559 οὗτος
1958 496 2059 571 γὰρ

414 587 695 655 συνήθειαν
745 578 892 658 ἔχων
925 583 999 646 εἷς
1032 583 1231 638 ἐκεῖνον
1289 586 1389 653 τὴν
1456 584 1715 657 μεγίστην
1748 587 1835 640 καὶ
1870 584 1959 641 ἐπὶ
1991 588 2061 658 τῇ

410 671 571 746 πείρᾳ
620 669 790 745 ταύτῃ
851 676 959 726 τῶν
1018 670 1203 726 ἄλλων
1266 671 1627 747 προύκρίνετο
1663 717 1676 728 .
1735 673 1873 730 Τότε
1926 677 2061 747 γοῦν

410 761 545 815 κατά
573 761 640 814 τά
669 759 719 814 ἐν
754 760 1088 835 ἀπορῥητοις
1137 761 1508 834 ἐπεσταλμένα
1571 762 1664 834 μὲν
1726 763 1862 835 πρὸς
1910 763 2065 837 βασι-

415 846 510 904 λέα
566 853 645 920 τῷ
677 852 1010 924 πατριάρχῃ,
1071 848 1445 923 ἐπεσταλμένα
1502 848 1559 905 δὲ
1614 852 1760 926 παρὰ
1802 850 2067 927 πατριάρ-

412 958 519 1013 χου
548 942 627 1011 τῷ
658 945 972 1015 συγγραφεῖ,
1034 945 1235 1017 φοιτῶν
1293 939 1482 1013 ἐκείνῳ
1542 939 1799 1016 συχνάκις
1857 940 1945 995 καὶ
2001 942 2067 996 τά

412 1029 536 1102 περῖ
609 1032 706 1083 τοῦ
782 1028 1183 1104 πατριαρχείου
1240 1029 1710 1105 προτεινόμενος,
1771 1027 1928 1092 εἷ’δὼς
1989 1032 2064 1103 μὴ

416 1114 586 1173 εἰδότι
636 1118 727 1172 τὸν
785 1122 909 1172 νοῦν
954 1117 1246 1191 ἐθηρώμην
1298 1120 1385 1173 καὶ
1417 1119 1515 1187 τὴν
1548 1120 1776 1193 γνώμην
1809 1117 2067 1193 ἐνεχύρα-

418 1212 532 1274 ζον,
584 1206 673 1260 καί
730 1207 779 1280 γ’
811 1206 1226 1284 ἐπληροφόρουν
1259 1206 1786 1284 πληροφορούμενος
1818 1208 1894 1270 ὡς
1929 1207 2071 1276 κλη-

414 1292 523 1357 Θεὶς
555 1292 874 1349 ὑπακούσειε
929 1295 1020 1349 καὶ
1051 1295 1149 1363 τὴν
1204 1295 1280 1357 εἷς
1327 1295 1388 1350 τὸ
1436 1300 1829 1372 πατριαρχεῖον
1874 1294 2070 1364 κλῆσιν

416 1383 770 1454 προσήσεται.
832 1381 1022 1457 Γέγονε
1072 1388 1258 1451 ταῦτα,
1319 1384 1410 1438 καὶ
1445 1385 1519 1445 ὡς
1554 1384 1859 1461 ὑποψηιρίῳ
1902 1384 2071 1438 ἐντεῦ-

418 1481 503 1533 θεν
537 1471 981 1548 προσφερόμενος
1028 1473 1055 1526 ὁ
1086 1477 1296 1545 κρατῶν
1328 1473 1395 1527 τὰ
1425 1473 1618 1551 φιλικά
1662 1493 1721 1528 τε
1777 1471 2070 1529 ἐπέστελλε

417 1561 507 1615 καί
539 1581 599 1635 γε
627 1565 734 1615 τῶν
769 1561 1069 1637 ἀναγκαίων
1114 1563 1249 1617 κατά
1303 1560 1509 1637 βουλὴν
1563 1564 1825 1618 κοινωνὸν
1878 1562 2067 1631 ἐποίει,

422 1650 561 1706 Τότε
619 1649 799 1704 τοίνυν
849 1652 944 1712 τάς
1005 1650 1180 1705 αὐτῶν
1241 1649 1527 1723 δεξάμενος
1584 1647 1921 1726 συμϐουλάς,
1979 1652 2067 1707 καὶ

421 1741 526 1813 πρό
556 1759 616 1813 γε
645 1738 855 1793 τούτων
915 1741 1014 1808 τὴν
1042 1746 1141 1808 τῆς
1197 1738 1509 1811 δεσποίνης,
1539 1737 1681 1817 ἔργῳ
1710 1744 1777 1797 τὰ
1805 1748 1903 1811 τῆς
1939 1742 2070 1818 βου-

2173 495 2267 558 τὰς
2325 495 2473 567 ἀξίας
2528 501 2645 557 τοῖς
2701 516 2761 571 γε
2816 495 2893 567 μὴ
2952 491 3123 555 οὕτως
3149 490 3493 569 λέγουσικατά
3513 518 3608 554 τινα
3630 522 3697 572 με-

2177 586 2470 658 μνημένοις
2515 585 2706 660 χρείαν
2738 627 2750 638 .
2816 582 2913 637 Καὶ
2976 586 3082 637 τῶν
3140 582 3433 659 Βουλγάρων
3481 585 3583 648 τοὺς
3628 590 3693 659 μὶν

2171 680 2521 751 προσχωρεῖν
2553 673 2789 746 ἑτοίμως
2839 670 3023 726 ἐκάλει
3075 671 3145 733 ὡς
3185 670 3359 728 αὐτίκα
3397 672 3698 749 εὐεργετήσων,

2171 763 2296 826 τοὺς
2354 762 2412 819 δέ
2466 785 2518 819 τι
2576 765 2667 818 καὶ
2719 766 3085 839 προνοοῦντας
3141 765 3230 815 τοῦ
3268 759 3503 837 ἀσφαλοῦς
3528 762 3696 835 πέμπων

2175 850 2373 926 δώροις
2409 853 2502 926 μὲν
2535 850 2797 927 ἤγαλλεν,
2830 850 3158 928 ἆνερῥώννυε
3186 847 3241 905 δὶ
3284 856 3389 912 ταῖς
3437 849 3611 906 ἐλπίσιν
3650 853 3701 915 ὡς

2174 942 2231 997 εὖ
2261 943 2559 1016 πράξοντας
2593 941 2639 996 εὶ
2668 942 2761 996 τὸν
2812 938 3069 1009 Ἰωάννην
3120 936 3338 1010 δέξοιντο
3384 940 3571 1015 βασιλέα
3608 941 3705 995 ἀπο-

2176 1032 2391 1094 στάντες
2448 1030 2678 1107 Μαρίάς.
2732 1034 2911 1085 Ταῦτα
2960 1030 3055 1104 μὲν
3115 1028 3200 1084 οὗν
3252 1028 3308 1083 ἐκ
3358 1030 3442 1097 τῆς
3492 1026 3704 1103 Ἀδριανοῦ

2176 1119 2471 1192 ᾠκονόμει,
2506 1121 2585 1193 [Ρ.
2619 1121 2769 1192 300],
2813 1118 2903 1173 καί
2932 1139 3083 1179 τινας
3110 1116 3290 1172 αὐτίκα
3317 1116 3435 1191 πρὸς
3464 1115 3601 1187 μόνην
3636 1117 3705 1183 τήν

2177 1209 2371 1282 φήμην
2408 1212 2884 1285 προσχωροῦντας
2936 1207 2992 1262 εὗ
3042 1203 3185 1281 ἔδρα,
3232 1204 3315 1259 καὶ
3354 1201 3708 1277 κατεδημαγώγει

2177 1296 2519 1374 Βουλγάρους
2550 1301 2668 1358 ταῖς
2701 1295 3079 1371 ὑποσχέσεσιν.

2178 1458 2223 1521 ς’
2254 1500 2266 1512 .
2325 1458 2515 1520 Ὃπως
2558 1457 2648 1512 καὶ
2703 1454 2796 1510 τὸν
2840 1452 3097 1524 ,Μιχαὴλ
3153 1452 3210 1508 ἐκ
3266 1450 3444 1514 δύσεως
3493 1448 3713 1512 ἐπελθόντα

2708 1522 3284 1603 γαμϐρὸνὶποιήσατυ.

2252 1652 2628 1709 Ἐπανελθόντι
2661 1651 2711 1708 δ’
2740 1655 2793 1717 ἐς
2825 1654 2987 1710 πόλιν
3029 1651 3329 1729 ἠγγέλλετο
3370 1649 3450 1704 καὶ
3477 1651 3506 1718 ἡ
3552 1650 3626 1702 τοῦ
3645 1651 3718 1701 Μι-

2180 1741 2333 1818 χαὴλ
2365 1741 2424 1797 ἐκ
2452 1747 2559 1798 τῶν
2592 1741 2821 1799 δυτικῶν
2880 1742 3005 1798 ὅσον
3034 1742 3134 1797 οὐκ
3156 1738 3258 1811 ἤδη
3292 1737 3467 1814 ἄφιξις.
3506 1737 3559 1793 Ὁ
3603 1731 3636 1787 δ’
3672 1733 3717 1799 ἦν

423 1797 525 1894 lci]:
571 1797 849 1901 Iértk‘tﬁpou,
909 1828 998 1882 καὶ
1057 1828 1277 1902 πέμψας
1335 1797 1453 1905 ἄγεί
1506 1797 1576 1885 τε⁸
1614 1797 1697 1893 ἐίς
1743 1797 1949 1886 ἑαυτὸνΙ
1980 1832 2072 1885 τὸν
2102 1797 2150 1863 Β
2183 1797 2219 1886 δ
2242 1835 2338 1886 τοῦ
2370 1831 2605 1908 Μιχαὴλ
2643 1831 2906 1888 δεσπότου
2945 1833 3063 1894 υἱὸς
3109 1830 3341 1899 ὕστατος,
3371 1827 3632 1899 Δημήτριος
3658 1821 3721 1892 μὲν

364 1976 367 1979 ,
421 1913 673 1985 Ἰωάννην
732 1915 792 1969 ἐκ
841 1921 948 1970 τῶν
1006 1919 1144 1972 κατὰ
1199 1916 1553 1991 Σκάμανδρον
1612 1922 1878 1994 Τρωϊκῶν
1939 1919 2074 1991 (ἐκεῖ

419 2005 522 2079 γὰρ
580 2006 671 2059 καὶ
724 2006 819 2068 τάς
876 2002 1158 2081 διατριϐὰς
1206 2008 1471 2078 ἐποιεῖτο,
1502 2006 1782 2085 αὐτάρκως
1834 2014 1940 2064 τῶν
1998 2009 2071 2072 είς

420 2094 680 2169 πρόνοιαν
728 2090 896 2171 ἔχων)
950 2095 1039 2151 καί
1110 2097 1593 2173 μετασχηματίσας
1642 2094 1892 2173 γαμϐρὸν
1950 2098 2078 2155 ἐκά-

424 2183 510 2239 λει
540 2184 627 2238 καὶ
666 2183 894 2258 βασιλέα
924 2184 1278 2261 Βουλγάρων.
1323 2186 1601 2242 Μετετίθει
1635 2185 1693 2241 δὲ
1738 2187 1827 2241 καὶ
1884 2192 2074 2244 τοῦτον

423 2273 499 2337 εἷς
553 2274 615 2328 τὸ
670 2271 768 2328 τοῦ
826 2277 1050 2329 πάππου
1110 2275 1271 2331 Ἀσὰν
1297 2276 1395 2331 δινὰ
1433 2281 1607 2333 πᾶσαν
1636 2278 1736 2346 τὴν
1764 2277 1888 2352 περὶ
1917 2277 2075 2334 αὐτὸν

430 2488 667 2559 scripsit
690 2488 1009 2561 imperator
1055 2507 1267 2547 arcano
1306 2491 1651 2563 patriarcha
1703 2492 1887 2548 videri
1934 2510 1965 2549 e
2020 2510 2081 2549 re

429 2576 572 2642 fore,
604 2576 652 2631 si
689 2578 1033 2649 priusquam
1082 2579 1386 2635 destinata;
1434 2580 1741 2636 electionis
1802 2582 2080 2639 monachi

429 2663 719 2736 Principis
758 2665 818 2721 in
857 2666 1250 2737 patriarcham
1285 2667 1571 2724 indicium
1612 2674 1937 2737 emanaret,
1985 2685 2082 2726 ex-

427 2752 822 2824 perimentum
856 2760 1089 2828 caperet
1119 2758 1248 2825 eius
1289 2756 1555 2826 animi,et
1579 2758 1918 2814 sictantum
1954 2776 2078 2829 per-

430 2841 564 2897 ferri
598 2844 851 2899 faventia
878 2845 986 2916 ipsi
1023 2845 1303 2918 sull‘ragia
1354 2846 1740 2917 permitteret,
1793 2848 1844 2903 si
1885 2849 2083 2919 qualia

437 2931 655 2987 vellent
682 2937 740 2989 et
763 2934 835 2989 ad
873 2935 1140 2990 Ecclesiae
1203 2951 1406 3007 pacem
1437 2936 1756 3007 expediret,
1791 2937 2080 2993 facturum

438 3036 571 3076 eum
603 3027 759 3078 certo
788 3023 1165 3081 constitisset.
1212 3025 1327 3080 Hoc
1385 3041 1556 3095 porro
1612 3026 2078 3095 experimentum

2180 1922 2242 1975 τὸ
2299 1922 2413 1975 κατ’
2474 1922 2650 1997 ἀρχάς
2706 1922 3033 1997 λεγόμενος,
3093 1918 3338 1978 θανόντος
3389 1913 3439 1969 δὲ
3464 1916 3544 1967 τοῦ
3583 1908 3726 1981 πατρὸς

2180 2007 2425 2083 τοῦνομα
2478 2011 2617 2066 κατά
2675 2012 2900 2084 μνήμην
2962 2009 3170 2066 ἐκείνου
3218 2001 3643 2075 ἀνταλλαξάμενος.
3680 1997 3727 2071 ᾯ

2186 2096 2254 2167 δὴ
2310 2102 2402 2154 καὶ
2463 2105 2629 2175 μοῖρα
2656 2104 2763 2154 τῶν
2802 2103 2900 2154 τοῦ
2930 2100 3136 2174 πατρὸς
3168 2100 3359 2173 χωρῶν
3384 2086 3727 2175 προσκεκληῡω-

2190 2187 2323 2262 μένη
2359 2190 2460 2245 οὐκ
2489 2174 2794 2265 ἀποχρῶσα
2821 2194 2903 2262 τῷ
2936 2189 3148 2263 μεγέθει
3190 2193 3284 2256 τῆς
3312 2184 3420 2239 κατ’
3446 2179 3579 2236 αὐτὸν
3606 2174 3724 2265 ἀξίας,

2188 2260 2257 2349 ἧς
2310 2281 2457 2355 παρὰ
2508 2260 3026 2356 τοῦψκρατοῦντοςν
3066 2278 3349 2356 ἐτύγχανεν
3403 2269 3500 2342 ἥδη
3548 2260 3734 2344 γαμϐρὸς

2189 2496 2422 2567 praediis
2436 2496 2505 2552 ad
2525 2496 2749 2553 victum
2761 2495 2989 2552 cultum
3002 2511 3119 2567 que
3131 2490 3485 2578 splendidum
3497 2482 3735 2578 proventuI

2190 2564 2415 2640 mutato
2456 2584 2662 2640 habitu
2694 2585 2853 2641 489
2880 2564 3182 2657 generum'
3222 2577 3392 2637 simul
3416 2588 3584 2639 suum,
3606 2564 3735 2625 simul

2189 2690 2380 2747 regem
2409 2674 2795 2747 Bulgarorum
2827 2672 3148 2746 appellavit
3176 2690 3189 2742 ;
3213 2668 3617 2742 cognomentum
3641 2671 3741 2729 εἶπ’

2190 2779 2303 2833 que
2334 2763 2451 2835 ipsi
2503 2764 2729 2820 addidit
2751 2765 2823 2820 ab
2873 2780 2980 2820 avo
3030 2768 3249 2830 Asane,
3304 2763 3360 2815 et
3402 2754 3626 2812 universo
3664 2760 3737 2800 suo

2191 2852 2517 2917 comitatui.
2555 2869 2704 2909 novo
2737 2853 2848 2909 isto
2881 2851 3048 2908 illum
3080 2852 3380 2908 celebrans
3417 2842 3633 2903 nomine,
3656 2849 3741 2930 mt-

2189 2942 2403 3014 gnilice
2434 2942 2769 3008 ostentavit,
2802 2943 2987 3014 pennis
3007 2942 3188 2998 etiam
3221 2936 3454 2995 decretis
3479 2933 3531 2987 in
3553 2943 3634 3026 eus
3649 2937 3735 2994 qm.

2191 3047 2543 3103 quocunque
2574 3031 2870 3088 incidente
2901 3048 3014 3087 usu
3046 3030 3399 3087 mentionem
3419 3020 3744 3103 ejusdeinceps

431 3127 533 3181 per
563 3111 909 3182 scriptorem
946 3114 1125 3184 hujus
1157 3113 1417 3169 historiae
1444 3118 1684 3185 captum
1715 3115 1887 3171 estzis
1919 3117 2077 3171 enim
2109 3136 2153 3204 α
2194 3099 2464 3187 faciendi,
2485 3122 2653 3176 aliter
2674 3137 2855 3193 quam
2911 3124 3169 3177 Asanem
3203 3124 3259 3174 et
3301 3129 3482 3204 regem
3530 3099 3739 3204 Bulgaria

428 3213 496 3252 ex
525 3197 699 3271 longo
726 3200 1229 3258 familiarissimus
1254 3201 1511 3273 Principi
1542 3202 1613 3256 ad
1658 3204 1772 3259 ista
1817 3202 2074 3274 explora-

425 3286 583 3341 tione
613 3287 862 3343 ﬁdeliter
893 3290 1254 3359 feliciterque
1297 3290 1659 3361 iungendum
1690 3291 1936 3347 idoneus
1960 3308 2074 3362 prae

427 3375 655 3430 cunctis
684 3379 773 3430 est
796 3376 1121 3447 judicatus.
1157 3377 1303 3431 Huic
1334 3393 1470 3449 ergo
1524 3378 1858 3449 patriarcha
1906 3381 2077 3450 juxta

428 3462 783 3518 sententiam
829 3480 1058 3520 arcana
1110 3463 1484 3535 imperatoris
1543 3466 1805 3536 epistola:
1862 3484 2077 3523 arcana

428 3550 647 3621 scripto
679 3552 804 3622 ipse
834 3568 1066 3622 quoque
1090 3553 1368 3608 mandata
1398 3569 1534 3608 cum
1556 3553 1946 3620 misisset,ille
1971 3572 2074 3628 pro

428 3638 685 3694 amicitia
743 3640 959 3712 sapius
1026 3640 1230 3697 adiens
1300 3641 1627 3713 Principem
1696 3643 2073 3712 monachum,

428 3728 479 3784 ei
511 3728 785 3799 subinde,
818 3730 988 3801 quasi
1016 3730 1151 3787 ﬁcta
1180 3730 1477 3787 sermonis
1517 3747 1696 3787 causa
1721 3733 2071 3799 conditione,

429 3818 791 3875 mentionem
821 3818 1274 3891 patriarchatus,
1310 3821 1513 3893 ignaro
1543 3820 1685 3892 quid
1725 3821 1796 3879 de
1822 3838 1884 3879 se
1914 3822 2075 3894 cogi-

427 3909 673 3979 taretur,
705 3910 897 3966 sciens
929 3909 1053 3980 ipse
1082 3908 1163 3966 ita
1217 3909 1440 3980 intulit,
1482 3912 1548 3965 ut
1605 3914 1760 3966 certo
1808 3912 2075 3984 expisca-

427 4002 591 4054 retur
648 3998 1085 4071 penitissimum
1117 3999 1246 4070 ejus
1275 4015 1518 4055 sensum
1549 3999 1771 4069 animi;
1808 4000 1909 4071 qui
1941 4016 2075 4056 cum

426 4087 564 4143 talis
595 4093 751 4145 esset
782 4087 1017 4161 qualem
1068 4089 1388 4160 imperator
1443 4096 1497 4144 et
1541 4089 1873 4160 patriarcha
1928 4089 2075 4144 Con-

430 4178 990 4250 stantinOpolitanus
1021 4179 1320 4249 optabant,
1363 4182 1420 4233 et
1476 4178 1710 4251 utrique
1758 4195 2076 4250 persuasus

429 4264 597 4335 prius
628 4282 733 4338 ego
765 4268 1187 4339 persuasissem
1215 4268 1407 4336 illum,
1440 4268 1490 4323 si
1534 4267 1865 4339 patriarcha
1889 4267 2079 4324 decla-

429 4357 679 4421 raretur,
713 4360 1057 4412 secuturum
1116 4372 1232 4414 non
1260 4357 1509 4412 invitum
1561 4373 1676 4429 quo
1710 4358 1782 4413 ab
1812 4358 2075 4429 Augusto

427 4448 486 4497 et
508 4442 671 4499 urbis
711 4444 1041 4515 patriarcha
1070 4446 1571 4502 consentientibus
1594 4446 2075 4513 voearetur,itum

2186 3214 2481 3267 vocarent.
2516 3209 2800 3281 Bulgaros
2857 3225 3090 3281 quoque
3125 3208 3405 3279 quotquot
3452 3200 3506 3256 in
3555 3202 3743 3287 presens

2181 3300 2365 3369 parati
2399 3300 2469 3355 ad
2503 3280 2901 3356 accedendum
2933 3304 3076 3355 sunt
3109 3296 3343 3370 reperti,
3375 3308 3470 3364 spe
3511 3280 3745 3376 bﬁnﬁﬁﬁim

2181 3366 2310 3444 rum
2346 3388 2545 3444 statim
2578 3405 2611 3445 a
2642 3405 2705 3444 se
2736 3387 3255 3460 percipiendorum
3284 3372 3620 3441 evocavitzad
3644 3366 3743 3467 aliut!

2183 3480 2285 3550 qui
2307 3478 2500 3534 adhuc
2517 3455 3185 3544 deliberarent,idoneos
3215 3476 3315 3548 qui
3344 3467 3607 3531 allicerent
3629 3455 3743 3514 misit

2182 3567 2354 3622 donis
2376 3583 2474 3623 eos
2499 3568 2625 3639 jam
2657 3584 2814 3624 nunc
2844 3566 3160 3633 deliniens,
3220 3565 3279 3621 in
3312 3566 3579 3634 posterum
3598 3550 3739 3639 autetn

2183 3656 2403 3727 spebus
2449 3635 2839 3712 corroborans
2895 3657 3067 3727 quasi
3124 3655 3529 3712 consecuturos
3590 3635 3744 3740 ρυξθξδ

2184 3720 2310 3815 ρὶιεθ
2340 3749 2622 3817 cuperent
2651 3746 2723 3801 ad
2743 3746 2875 3801 vitae
2913 3720 3234 3801 Ctlorentem
3286 3744 3512 3801 statum,
3562 3728 3604 3785 si
3641 3720 3742 3817 deii-

2181 3812 2465 3889 cientes—a
2496 3833 2680 3889 Maria
2708 3833 2995 3889 Joannem
3029 3849 3231 3906 regem
3272 3822 3627 3915 accepissent:
3655 3812 3745 3915 31:0

2181 3939 2249 3977 ex
2282 3921 2651 3993 Adrianopoli
2680 3922 2970 3992 providit;
3003 3926 3060 3977 et
3115 3920 3403 3993 quosdam
3445 3912 3511 3968 ad
3559 3911 3745 3993 Ρτίωῖω

2184 4010 2389 4066 talium
2424 3986 2638 4066 famam
2671 3986 2869 4067 statim
2904 3986 3323 4067 concurrentes
3368 3994 3630 4090 beneﬁcii!
3650 3986 3748 4090 g5"

2182 4100 2281 4165 cit,
2307 4105 2665 4172 ceterosque
2696 4099 2983 4172 Bulgaros
3015 4099 3253 4173 magnis
3310 4078 3749 4169 pollicitationibllil

2180 4187 2414 4245 trahere
2444 4188 2503 4244 in
2534 4193 2731 4261 partes
2762 4187 3126 4262 populariter
3154 4184 3388 4259 sategit.

2180 4348 2234 4403 6.
2271 4350 2333 4406 Ut
2362 4348 2685 4406 Michaelem
2706 4352 2876 4406 etiam
2908 4366 2980 4405 ex
3012 4349 3316 4408 Occidente
3342 4344 3412 4402 ad
3439 4357 3490 4398 se
3512 4335 3751 4413 ρνοίεοωπι

2584 4423 2886 4493 imperator
2911 4438 3177 4494 generum
3206 4421 3418 4493 fecerit.

427 4546 462 4585 8.
492 4498 761 4588 Patribus
1509 4498 2078 4607 “6—81,”;
2107 4498 2155 4566 D
2257 4544 2508 4601 Reverso
2541 4551 2673 4616 post
2700 4545 2824 4602 hac
2854 4546 2913 4602 in
2945 4547 3152 4604 urbem
3205 4536 3534 4616 imperatori
3575 4524 3754 4588 nuntia-

429 4620 908 4690 conspirantibus
939 4623 1204 4696 legitimo
1245 4640 1493 4680 numero
1537 4624 1779 4681 calculis
1829 4626 1937 4681 rite
1987 4629 2077 4680 est

326 4716 333 4721 '
424 4706 627 4765 electio
653 4710 888 4783 perlata.
926 4713 1021 4767 llis
1054 4713 1134 4768 ita
1165 4712 1346 4783 gestis
1381 4712 1701 4785 imperator
1748 4713 2072 4771 Theodosio

427 4800 658 4871 utijam
700 4800 881 4858 electo
930 4806 987 4859 et
1032 4802 1338 4873 designato
1393 4803 1734 4873 patriarchae
1795 4803 2072 4861 honorem

427 4888 670 4956 habens,
720 4894 777 4946 et
822 4892 1008 4947 amice
1069 4890 1325 4948 scribere
1381 4896 1437 4948 et
1489 4891 1922 4951 communicare
1973 4895 2071 4949 de-

423 4978 826 5035 liberationem
851 4979 923 5034 de
951 4981 1128 5035 rebus
1152 4979 1351 5051 magni
1384 4981 1455 5035 ad
1484 4981 1911 5053 rempublicam
1943 4998 2068 5038 mo-

392 5078 395 5079 '
423 5069 696 5134 menti,in
727 5086 846 5140 qua
883 5072 1247 5137 versabatur,
1280 5069 1525 5140 ejusque
1556 5087 1735 5143 super
1772 5071 1845 5128 iis
1875 5072 2068 5128 consi-

418 5157 566 5215 lium
591 5160 897 5230 exquirere
927 5158 1147 5214 bonum
1179 5157 1336 5213 factu
1369 5160 1619 5214 censuit.
1678 5159 1898 5215 Horum
1929 5165 2071 5217 tunc

424 5265 594 5321 porro
626 5248 926 5320 responsis
985 5263 1087 5318 per
1134 5246 1333 5303 omnia
1376 5248 1843 5319 congruentibus
1902 5264 2071 5305 acce—

424 5339 562 5411 ptis,
590 5342 649 5395 et
676 5337 866 5410 ipsius
892 5336 953 5392 in
987 5334 1214 5408 primis,
1248 5351 1426 5407 quam
1468 5335 1629 5391 item.
1670 5334 2066 5407 consuluerat,

423 5429 715 5503 Augustae,
743 5425 1057 5485 consilium
1114 5425 1173 5481 in
1229 5441 1353 5481 rem
1389 5423 1661 5482 contulit.
1701 5425 2067 5484 Accersitum

420 5518 578 5578 enim
608 5534 639 5577 e
668 5517 1030 5578 Scamandro
1053 5519 1111 5573 et
1132 5514 1357 5573 Troicis
1389 5513 1729 5587 regionibus
1755 5513 2067 5588 Joannem,

419 5604 519 5665 ubi
552 5604 650 5667 ille
680 5607 846 5683 prius
870 5604 1241 5676 morabatur,
1269 5600 1610 5665 abundante
1628 5601 1754 5678 ipsi
1783 5601 1956 5674 esuis
1984 5602 2068 5663 ibi

2183 4636 2282 4688 tus
2312 4638 2402 4689 est
2432 4634 2724 4706 appulsus
2746 4652 2880 4691 mox
2901 4630 3520 4691 futurusadventantis
3535 4620 3759 4709 Comiti?

2185 4701 2595 4792 tinopolim—ex
2624 4723 2878 4780 Occiduo
2920 4727 3115 4781 tractu
3177 4717 3495 4780 Michaelis.
3537 4711 3661 4801 Erat
3695 4701 3759 4801 llic

2186 4808 2481 4865 Michaelis
2500 4811 2754 4882 despotaa
2795 4812 2953 4870 ﬁlius
2985 4816 3126 4869 natu
3162 4810 3472 4873 minimus,
3500 4798 3759 4894 Demetrius

2182 4916 2217 4955 a
2247 4899 2534 4970 principio
2564 4903 2936 4969 vocatus,sed
2968 4902 3157 4974 patris
3214 4902 3417 4973 postea
3470 4891 3657 4948 mortui
3686 4892 3758 4934 αο-

2184 5004 2319 5043 men
2350 4988 2420 5043 ad
2452 4989 2581 5059 ejus
2615 4990 2961 5047 memoriam
2992 4993 3219 5047 omisso
3252 4984 3482 5062 proprio
3511 4982 3761 5045 usurpave-

2182 5077 2394 5146 rat;cui
2425 5094 2558 5133 cum
2586 5095 2714 5149 quae
2749 5079 2884 5151 jure
2926 5080 3259 5153 contigerat
3309 5066 3643 5133 hareditario
3689 5071 3760 5154 ρξ·

2177 5168 2357 5221 ternm
2390 5165 2631 5223 ditionis
2663 5184 2798 5239 pars
2829 5168 3099 5225 sufﬁcere
3131 5185 3253 5224 non
3284 5166 3565 5223 videretur
3590 5159 3764 5246 magni:

2179 5254 2373 5310 tudini
2405 5233 2764 5313 sustinendis
2792 5273 2951 5314 noue
2982 5273 3160 5330 quam
3193 5261 3325 5313 tum
3358 5252 3595 5326 primum
3623 5233 3763 5296 inibat

2178 5342 2488 5415 dignitatis
2519 5346 2717 5419 generi
2741 5346 3113 5420 imperatoris
3137 5346 3255 5415 (sic
3284 5343 3442 5402 enim
3471 5350 3589 5397 esse
3612 5333 3661 5387 et
3682 5339 3761 5420 ἦρ’

2177 5410 3103 5509 ροῙΙειιίἀδωνοωρθταιίΑυευεῐὶ
3133 5410 3264 5492 illia
3291 5432 3407 5506 ipsi
3434 5446 3468 5486 α
3508 5426 3651 5509 int“?

2175 5497 2440 5593 Sponsa},
2473 5540 2542 5583 ea
2579 5497 2784 5584 relicta
2806 5497 2892 5583 ’σε
2924 5497 2998 5583 ενα
3026 5497 3446 5597 imperatorem
3497 5497 3762 5597 Mum:

2177 5586 2439 5670 conﬁsus
2462 5611 2675 5674 litteris
2717 5609 2845 5686 ejus
2881 5586 3281 5688 jurejurth
3325 5601 3583 5668 ﬁrmatis.
3622 5586 3763 5653 Emi
3848 5654 3849 5661 η
