4002 6198
247 342 362 398 897

1309 339 1407 394 DE
1442 337 1816 395 MICHAELE
1853 336 2301 396 PALBOLOGO
2334 341 2470 396 LIB.
2511 339 2613 398 Vl.

3563 355 3669 412 898

255 465 650 542 ὑπεσχημένος
696 464 960 538 γενέσθαι,
1010 459 1269 535 οὐδαμῶς
1314 458 1512 518 ἐδόκει.
1561 462 1650 532 Τῷ
1691 481 1776 518 τοι
1808 460 1989 532 διά-Α
2025 461 2232 517 τούτων
2288 462 2629 535 σκεψομένης
2698 463 2788 518 καὶ
2861 472 2958 536 τῆς
3029 473 3155 546 παρ’
3211 474 3382 544 αὐτῆς
3443 474 3669 544 λύσεως.

250 559 443 627 κείνην
501 555 654 632 ἀφεῖς
716 553 932 630 βασιλεῖ
987 553 1356 628 προσεχώρει,
1415 553 1683 607 πιστεύων
1735 551 1914 628 γράμ-

259 668 425 720 μασιν
482 645 670 720 ὅρκοις
728 640 1291 720 κατησιραλισμένοις.
1351 643 1516 696 ’Ἦσαν
1578 643 1670 714 μὲν
1707 640 1795 696 οὖν
1835 646 1912 713 τῷ

257 733 484 810 βασιλεῖ
541 733 810 806 ἑκατέρων
867 735 974 785 τῶν
1034 728 1336 804 θυγατέρων
1393 730 1636 801 Εἰρήνης
1681 731 1794 802 ἅμα
1823 729 1911 784 καὶ

253 827 462 889 Ἀννης
517 823 573 896 (ἡ
628 821 733 895 γὰρ
793 815 1024 875 Εύδοκία
1088 819 1256 893 μικρὰ
1310 819 1378 886 ἧν
1434 819 1523 872 καὶ
1565 813 1664 890 ἔτι)
1696 820 1750 873 αἱ
1779 821 1916 892 πρὸς

251 912 385 974 τοὺς
440 910 712 988 νυμφίους
769 908 1128 982 συναρμόσεις
1205 906 1617 980 ἐμπρόοεσμοι·
1677 906 1802 962 ἀλλ’
1861 909 1911 961 οἱ

251 1006 358 1066 τῆς
417 1001 660 1075 Εἱρήνης
717 998 890 1072 γάμοι
940 1001 1018 1068 τῷ
1069 993 1178 1065 ἤδη
1263 995 1479 1071 βασιλεῖ
1552 996 1912 1074 ψηφιζομένῳ

254 1089 598 1166 Βουλγάρων
658 1087 823 1144 Ἀσάν
884 1083 1170 1141 ἐτελοῦντο
1230 1086 1703 1163 περιφανέστερον.
1763 1093 1913 1158 Συμο

253 1177 452 1242 ϐόλοις
505 1179 607 1254 γὰρ
665 1177 875 1251 ἐχρῆτο
940 1176 1268 1249 βασιλικοῖς,
1328 1174 1379 1243 ἐξ
1439 1173 1596 1248 ἐρίων
1663 1176 1755 1246 μὶν
1795 1176 1913 1228 κατ’

254 1266 596 1346 ἐπεστρίδας,
637 1271 757 1328 τοῖς
811 1264 858 1320 δ’
906 1263 1101 1324 ἄλλοις
1148 1268 1266 1324 τοῖς
1315 1263 1500 1326 αὐτοῖς
1537 1263 1787 1337 βασιλεῖ’
1822 1265 1910 1318 καὶ

255 1361 535 1417 συνθεσίαι
590 1359 752 1426 ἦσαν,
794 1355 840 1410 εἰ
894 1355 988 1428 μὲν
1045 1351 1318 1408 εὐοδοῖντο
1376 1349 1668 1408 ἐπὶϐαίνειν
1717 1355 1917 1428 Τερνό-

259 1446 369 1505 ϐου
401 1449 610 1520 σύναμα
638 1446 728 1501 καὶ
757 1449 877 1507 ταῖς
903 1444 998 1499 τοῦ
1034 1443 1302 1519 βασιλέως
1336 1440 1646 1516 δυνάμεσιν.
1685 1445 1764 1516 [Ρ.
1788 1447 1913 1517 301]

259 1539 306 1594 εἰ
343 1536 392 1592 δ’
423 1535 538 1606 οὖν,
572 1534 738 1606 ἀλλὰ,
769 1533 857 1588 καὶ
891 1532 1044 1596 αὖθις
1077 1532 1154 1594 εἷς
1189 1529 1452 1593 δεσπότας
1478 1538 1577 1601 τῆς
1605 1531 1914 1605 Ῥωμαῒδος

259 1626 634 1700 σεμνύνεσται.
693 1629 858 1685 Τοῖςο
922 1623 1016 1696 μὲν
1077 1619 1168 1676 οὖν
1241 1620 1619 1694 τετελεσμένοι
1673 1623 1808 1691 ἦσαν
1865 1623 1916 1676 οἱ

256 1718 456 1795 γάμοι,
504 1717 593 1770 καὶ
657 1713 850 1790 βουλαὶ
912 1710 1270 1786 προύτίθεντο
1329 1716 1573 1786 συνεχεῖς
1626 1706 1774 1773 ὅπως
1830 1710 1917 1766 ἅν-

258 1807 359 1862 καὶ
412 1807 477 1860 τὰ
529 1805 718 1878 πρόσω
777 1803 890 1857 κατ’
951 1800 1238 1876 εὐμάρειαν
1297 1805 1665 1874 προχωροῖεν.
1702 1804 1829 1862 Τοῖς
1861 1799 1919 1856 δὲ

255 1900 361 1952 τοῦ
395 1892 624 1968 Μιχαὴλ
655 1894 856 1966 γάμοις
913 1889 1006 1944 καὶ
1061 1892 1161 1953 τῆς
1222 1887 1471 1962 δευτέρας
1509 1893 1615 1942 τῶν
1655 1889 1917 1962 βασιλέως

260 1986 575 2059 θυγατέρων
607 1985 808 2050 ’Ἀννης
848 1978 1177 2054 προσίστατό
1207 2000 1259 2033 τι
1289 1983 1396 2032 τῶν
1446 1985 1546 2047 τῆς
1591 1976 1917 2049 Ἑκκλησίας

259 2075 538 2140 κανόνων,
599 2069 691 2134 οὓς
750 2068 816 2137 δή
879 2069 1114 2129 Σισίνιος
1187 2066 1356 2122 πάλαι
1415 2067 1525 2130 θεὶς
1587 2069 1916 2144 ἀφορισμοῖς

251 2164 542 2240 ἐκράτυνεν
585 2159 897 2238 ἀσφαλέσιν.
948 2164 1007 2212 ἹΙ
1071 2158 1162 2230 μὲν
1226 2155 1315 2211 οὖν
1367 2161 1462 2211 τοῦ
1514 2154 1774 2212 δεσπότου
1815 2164 1914 2214 Νι-

248 2252 509 2328 κηφόρου
565 2251 727 2305 Ἅννα
780 2255 878 2316 τῆς
932 2247 1028 2300 τοῦ
1093 2243 1362 2320 βασιλέως
1419 2245 1682 2321 Θυγατρὸς
1715 2248 1914 2316 ’Ἃννης

247 2340 553 2413 αύτανεψία
579 2340 671 2407 ἦν,
703 2336 1024 2411 Νικηφόρος
1075 2332 1131 2388 δὲ
1173 2334 1263 2388 καὶ
1314 2333 1547 2410 Μιχαὴλ
1582 2333 1911 2413 αὐτάδελφοι

251 2430 502 2485 πάντων.
540 2427 967 2502 Ηεριισταμένου
1016 2427 1143 2497 γοῦν
1180 2427 1276 2477 τοῦ
1327 2425 1436 2478 κατ’
1491 2423 1684 2478 αὐτοὺς
1736 2445 1915 2479 συνοι-

252 2517 452 2575 κεσίου
484 2517 558 2578 εἷς
593 2514 744 2570 ἕκτον
798 2513 1005 2590 βαθμὸν
1055 2513 1148 2567 τὸν
1189 2524 1328 2576 ενθεν
1391 2513 1485 2584 μὲν
1531 2511 1590 2566 ἐκ
1617 2515 1912 2588 τεσσάρων,

250 2610 464 2664 ἐκεῖθεν
525 2603 571 2660 δ’
621 2605 679 2660 ἐκ
739 2601 834 2659 δὺο
894 2601 1268 2680 συγκείμενον,
1335 2599 1441 2656 ἔδει
1501 2601 1730 2657 συνόδου
1787 2606 1908 2679 περὶ

252 2830 448 2903 igitur
476 2829 744 2895 Augusto
767 2824 1074 2879 ambarum
1110 2821 1365 2878 ﬁliarum
1397 2825 1594 2878 Irenes
1643 2827 1699 2879 et
1746 2824 1918 2878 Annae

257 2922 430 2991 (nam
465 2914 718 2972 Eudocia
745 2913 986 2986 parvula
1041 2913 1198 2967 440
1229 2911 1420 2967 adhuc
1479 2914 1623 2981 erat)
1679 2913 1920 2967 decreta:

250 3012 388 3080 jam
422 3010 480 3061 et
509 3006 570 3060 in
603 3004 902 3075 procinctu
923 3002 1187 3072 expedito
1219 3001 1459 3072 nuptize.
1494 3001 1774 3055 Cmterun-
1802 3001 1920 3056 lre-

258 3114 374 3153 nes
415 3112 549 3151 cum
601 3092 898 3148 declarato
935 3093 1056 3162 jam
1108 3089 1297 3162 palam
1349 3105 1485 3160 rege
1535 3089 1919 3161 Bulgarorum

261 3191 460 3243 Asane
484 3181 790 3239 illustriori
820 3181 1158 3236 celebritate
1192 3178 1631 3233 matrimonium
1680 3196 1919 3251 perage-

259 3279 468 3346 batur,
501 3291 600 3330 rex
630 3271 920 3342 siquidem
954 3285 1132 3341 gener
1161 3269 1498 3340 insignibus
1532 3269 1920 3337 utebatur,re-

265 3364 595 3437 giis,quod
626 3362 878 3417 colorem
912 3359 1149 3430 quidem
1198 3357 1387 3412 solum
1436 3357 1495 3412 in
1557 3359 1814 3428 phaleris
1871 3364 1928 3414 et

270 3455 484 3511 stratis
531 3451 930 3524 equestribus,
972 3465 1095 3518 quae
1150 3463 1218 3502 ex
1276 3446 1410 3501 lana
1458 3451 1685 3501 tantum
1738 3453 1923 3517 erant,

275 3548 336 3600 in
374 3542 597 3598 caeteris
630 3546 821 3595 autem
854 3538 1064 3593 iisdem
1099 3535 1268 3608 plane
1299 3552 1432 3591 cum
1472 3536 1599 3606 ipso
1641 3539 1923 3608 Augusto.

272 3632 746 3691 Conventionum
778 3626 1135 3699 nuptialium
1191 3626 1308 3680 haec
1365 3630 1532 3680 erant
1571 3626 1782 3696 capita,
1831 3644 1928 3682 ex-

274 3722 585 3796 peditione
646 3720 705 3774 in
759 3716 1088 3772 Ternobum
1151 3714 1706 3783 communijunctis
1750 3715 1928 3770 Asani

266 3813 466 3883 cepiis
496 3806 891 3879 imperatoris,
923 3804 1121 3859 conari
1153 3803 1446 3858 civitatem
1479 3802 1642 3857 illam
1685 3807 1742 3858 et
1791 3821 1925 3858 cum

267 3919 340 3959 ea
378 3898 661 3970 Bulgarize
693 3911 938 3967 regnum
973 3909 1118 3948 novo
1174 3891 1424 3963 Augusti
1479 3908 1690 3962 genero
1722 3894 1926 3964 acqui-

267 4006 427 4049 rere:
483 3989 530 4043 si
584 3989 817 4043 fortuna
865 3988 1051 4056 empto
1110 3999 1224 4037 non
1289 3982 1687 4052 responderet,
1739 3983 1925 4037 eidem

271 4082 333 4136 in
367 4078 506 4134 aula
553 4074 929 4148 imperatoria
975 4073 1228 4144 despotic
1283 4071 1559 4125 honorem
1610 4071 1931 4126 auctorita-

268 4174 523 4238 temque
552 4163 826 4220 conl‘erri.
879 4162 941 4217 In
977 4161 1098 4216 haec
1154 4165 1325 4232 pacta
1381 4159 1634 4231 peractis
1686 4161 1930 4232 nuptiis,

271 4258 579 4314 continuae
621 4256 744 4325 jam
799 4250 1260 4307 consultationes
1319 4254 1486 4304 erant
1540 4266 1656 4320 qua
1713 4251 1936 4321 optima

270 4353 334 4404 et
370 4345 652 4401 facillima
684 4341 909 4398 ratione
943 4344 1185 4412 possent
1205 4340 1497 4394 destinata
1513 4340 1666 4394 circa
1688 4357 1934 4410 regnum

271 4433 569 4504 Bulgariae
615 4432 684 4486 ad
720 4434 920 4485 votum
955 4427 1186 4483 conﬁci.
1232 4426 1533 4482 Michaelis
1573 4444 1706 4482 cum
1754 4428 1939 4484 altera

275 4525 545 4580 ﬁliarum
575 4517 952 4592 imperatoris
985 4521 1153 4571 Anna
1184 4515 1475 4570 connubio
1517 4517 1785 4572 nonnihil
1835 4519 1937 4574 ob-

1947 1850 1994 1914 B

2022 551 2171 606 Ἐπεὶ
2223 549 2268 606 δ’
2327 551 2670 622 ἐσκέπτοντο,
2730 555 2819 608 καὶ
2871 557 2937 609 τὰ
3000 560 3104 613 τῶν
3173 561 3440 636 βασιλέων
3475 567 3672 622 συναλ-

2022 638 2276 714 λάγματα
2307 641 2379 702 ὡς
2407 640 2484 703 εἷς
2519 641 2734 716 εἰρήνην
2771 645 3030 718 γινόμενα
3089 647 3310 706 ἐδόκουν
3356 654 3532 708 πλείω
3573 659 3669 726 τὴν

2022 724 2195 783 ἄνεσιν
2229 725 2375 805 ἔχειν
2514 728 2580 799 δὴ
2633 732 2698 786 τὰ
2754 737 2861 788 τῶν
2918 734 3126 806 ἄλλων,
3163 739 3576 811 ἀντισηκοῦσθαι
3606 746 3668 799 τὸ

2022 817 2097 878 ὡς
2126 815 2284 886 δῆθεν
2331 821 2475 895 παρὰ
2518 820 2742 884 κανόνας
2797 824 3081 897 γινόμενον
3123 833 3204 899 τῷ
3233 831 3369 903 πρὸς
3400 831 3528 894 τοὺς
3562 831 3675 888 δεο-

2025 906 2218 977 μένους
2276 906 2412 964 ἐλέει
2458 914 2655 971 κοινῶς
2704 908 2902 971 ἐδόκει.
2963 915 3064 969 Καὶ
3122 913 3275 972 τόνδε
3329 921 3421 974 τὸν
3468 921 3668 996 τρόπον

2017 1001 2113 1050 τοῦ
2139 997 2568 1072 προσισταμένου
2599 999 2854 1064 λυθέντος
2910 1000 3154 1060 ἐτάττετο
3206 1008 3302 1078 μὲν
3353 1008 3430 1072 εἰς
3468 1008 3662 1065 δεσπό-

2019 1104 2112 1146 τας
2145 1087 2172 1139 ὁ
2204 1086 2455 1160 Μιχαὴλ.
2487 1093 2555 1160 τῇ
2588 1089 2754 1162 ’Ὰννῃ
2785 1088 2842 1143 δὲ
2885 1091 3124 1165 βασιλίδι
3159 1094 3290 1170 οὕσῃ
3324 1118 3384 1171 γε
3415 1102 3663 1168 συνεζεύ-

2019 1196 2194 1248 γνυτο.
2255 1176 2364 1231 Καὶ
2421 1179 2487 1245 ἦν
2547 1175 2784 1232 ἐντεῦθεν
2843 1181 2870 1233 ὁ
2930 1183 3024 1253 μὲν
3088 1184 3318 1258 Μιχαὴλ
3385 1186 3663 1260 βασιλεῦσι

2025 1262 2219 1325 δούλος
2252 1263 2301 1318 ἐν
2337 1265 2544 1340 ὅρκοις,
2593 1267 2620 1320 ὁ
2675 1266 2720 1321 δ’
2772 1269 3026 1339 Ἰωάννης
3075 1266 3365 1336 ἔνσπονδος
3407 1273 3478 1329 δι’
3508 1273 3662 1348 ὅλου,

2023 1354 2067 1408 εἰ
2103 1353 2418 1428 βασιλεύσοι
2461 1354 2809 1431 Ιςουλγάρων,
2841 1357 3134 1430 Ῥωμαίοις
3163 1359 3214 1413 ἐν
3246 1361 3450 1434 ὅρκοις,
3500 1365 3545 1417 εἰ
3597 1363 3664 1418 δι’

2023 1441 2133 1511 οὖν,
2169 1441 2315 1496 ἀλλά
2361 1443 2450 1497 καὶ
2498 1444 2658 1505 αὐτὸς
2712 1444 2895 1520 ὅρκοις
2953 1452 3158 1510 πιστῶς
3211 1447 3516 1506 δουλεύσων
3548 1458 3665 1514 τοῖς

2026 1530 2358 1607 βασιλεῦσιν,
2395 1533 2498 1587 ὑπὸ
2527 1533 2739 1595 τούτοις
2771 1534 3037 1607 δεσπότης
3066 1538 3416 1613 ταττόμενος.

2021 1715 2066 1756 ς.
2121 1695 2204 1751 Τὰ
2259 1696 2395 1748 κατά
2449 1696 2547 1763 τήν
2627 1695 2860 1784 Μαρίαν,
2943 1699 3032 1752 καὶ
3088 1700 3237 1764 ὅπως
3295 1710 3375 1776 τῷ
3443 1715 3667 1784 Λαχανᾷ

2703 1789 3002 1842 συνῳκησε.

2100 1887 2400 1948 Ἐϐούλετο
2453 1890 2509 1947 δὲ
2572 1894 2822 1968 βασιλεὺς
2878 1893 3287 1970 προλαμϐάνειν
3325 1902 3554 1978 Μαρίαν,
3593 1907 3667 1978 μὴ

2027 1981 2115 2036 καὶ
2147 1983 2321 2058 φθάσῃ
2377 1984 2441 2037 τὰ
2499 1985 2616 2037 καθ’
2666 1983 2832 2052 αὐτὴν
2896 1984 2950 2039 εὖ
3009 1986 3201 2060 θεμένη
3246 1989 3456 2064 ἀλιώσῃ
3486 2014 3544 2047 τε
3573 1996 3672 2063 τήν

2031 2070 2296 2146 βασιλέως
2332 2069 2564 2146 βουλὴν,
2620 2073 2710 2126 καὶ
2768 2073 3092 2130 κατέσπευδε
3153 2082 3387 2152 συχνοὺς
3419 2080 3498 2134 ἐπ’
3532 2081 3671 2135 ἐκεῖ·

2024 2181 2122 2228 νην
2156 2159 2412 2232 πέμπων,
2469 2161 2530 2214 ού
2586 2163 2743 2215 τόσον
2801 2163 2955 2217 τάκεῖ
3010 2167 3478 2242 καταστρέφοντας
3537 2170 3662 2225 ὅσον

2025 2251 2248 2324 ἡμέρως
2298 2251 2849 2325 μεταχειριουμένους
2907 2251 2986 2330 ἐφ’
3037 2256 3082 2326 ᾦ
3137 2255 3428 2329 παραδοῖεν
3459 2260 3667 2334 Μαρίαν

2023 2339 2113 2392 καὶ
2169 2338 2295 2400 τοὺς
2344 2344 2440 2393 τοῦ
2494 2338 2764 2414 βασιλέως
2820 2339 3069 2416 δέχοιντο
3115 2343 3332 2408 παῖδας.
3368 2349 3428 2402 Ἠ
3485 2349 3668 2421 μέντοι

2025 2449 2087 2502 γε
2119 2433 2299 2501 Μαρια
2331 2427 2382 2482 έν
2417 2428 2672 2506 ἀφύκτοις
2722 2429 2858 2506 ἔγνω
2911 2432 3177 2505 γενομένη
3237 2435 3326 2489 καὶ
3388 2435 3537 2492 δυοῖν
3571 2438 3669 2510 μέ-

2026 2538 2118 2572 σον
2171 2516 2616 2592 ἐναπειλημμένη
2673 2525 2900 2574 κακοῖν·
2964 2524 3048 2594 [Ρ.
3083 2525 3210 2593 320]
3264 2523 3404 2579 ἔνθεν
3449 2528 3670 2603 μὲνγὰρ

2024 2603 2087 2658 τὸ
2145 2605 2304 2682 φανὲν
2363 2603 2423 2658 ἐκ
2479 2611 2600 2660 νέου
2657 2607 2820 2660 κακὸν
2882 2609 2908 2662 ὁ
2969 2615 3221 2685 Λαχανᾶς
3279 2615 3669 2688 προσκείμενος

2032 2824 2320 2879 ﬁrmanda
2347 2830 2700 2895 speraretur,
2725 2843 2963 2884 causam
2997 2846 3124 2885 esse
3154 2832 3373 2902 justam
3395 2833 3672 2889 facienda;

2031 2913 2207 2983 regiis
2238 2915 2471 2982 sponsis
2502 2915 2704 2984 gratiae
2743 2917 3031 2971 obstaculi
3079 2919 3362 2984 canonici,
3414 2938 3529 2992 quo
3579 2939 3672 2977 eo-

2034 3019 2163 3055 rum
2200 3002 2536 3071 conjunctio
2568 3004 2889 3070 vetabatur,
2929 3024 3140 3076 magno
3191 3026 3474 3064 consensu
3523 3010 3672 3066 itum

2036 3096 2123 3144 est
2173 3090 2228 3144 in
2262 3092 2605 3146 sententiam
2644 3093 3166 3162 permittendarum
3204 3098 3561 3169 nuptiarum,
3605 3115 3673 3154 ex

2033 3179 2248 3250 quibus
2280 3181 2434 3250 quod
2469 3181 2834 3236 nasciturum
2869 3186 3188 3254 apparebat
3219 3187 3464 3257 publicae
3506 3191 3672 3258 quie—

2036 3270 2112 3324 tis
2143 3271 2784 3334 commodum,abunde
2820 3275 3292 3344 praeponderaret
3308 3276 3673 3349 indecentiae,

2033 3358 2078 3413 si
2114 3375 2230 3428 qua
2259 3357 2478 3412 inesset
2507 3375 2575 3413 ex
2606 3361 2901 3416 canonicis
2948 3365 3304 3435 praescriptis
3354 3367 3411 3421 in
3453 3383 3674 3422 conuu-

2032 3447 2126 3503 bio
2158 3450 2302 3502 441
2344 3465 2724 3518 personarum
2759 3449 2862 3503 tali
2913 3452 3076 3522 prius
3124 3453 3369 3509 invicem
3421 3457 3676 3512 necessi-

2033 3537 2234 3591 tudine
2265 3538 2628 3592 innexarum.
2668 3538 2855 3602 Quare
2887 3541 3183 3611 suffragiis
3215 3549 3560 3600 cunctorum
3596 3546 3676 3599 in-

2034 3626 2266 3680 dultum
2330 3626 2692 3697 principibus
2754 3629 2909 3698 quod
2971 3631 3243 3700 petebant
3277 3637 3385 3698 est,
3421 3639 3476 3687 et
3507 3633 3674 3688 titulo

2036 3715 2287 3785 despotaz
2317 3715 2563 3769 Michael
2595 3715 2913 3771 honoratus
2951 3721 3116 3772 Annae
3164 3720 3400 3790 reginae,
3457 3723 3674 3794 quippe

2039 3803 2410 3874 imperatoris
2459 3804 2609 3870 ﬁlim,
2670 3805 2778 3859 rite
2838 3807 3210 3862 matrimonio
3263 3811 3510 3877 junctus
3570 3817 3676 3866 est.

2036 3893 2175 3946 Inde
2210 3893 2452 3948 Michael
2488 3892 2639 3946 idem
2696 3900 3059 3948 sacramento
3083 3897 3334 3965 Augusti
3389 3898 3447 3950 in
3509 3897 3684 3952 clien-

2036 3979 2211 4035 telam
2246 3982 2526 4051 obligavit
2555 3982 3012 4037 ﬁdem.Joanues
3036 3989 3228 4038 autem
3262 3987 3413 4039 Asan
3443 3987 3682 4056 juratus

2039 4069 2314 4142 promisit
2344 4087 2404 4124 se
2438 4071 2623 4125 fcedus
2657 4087 2788 4124 cum
2825 4071 3103 4126 Romanis
3152 4074 3448 4128 societatis
3492 4091 3682 4131 serva-

2040 4164 2261 4220 turum,
2321 4159 2368 4212 si
2431 4158 2722 4230 Bulgarici
2772 4159 2884 4213 sibi
2945 4159 3106 4229 regni
3151 4176 3358 4215 secura
3392 4163 3684 4232 possessio

2043 4250 2450 4320 contingeret.
2508 4248 2609 4303 Sin
2654 4249 2710 4303 id
2762 4265 2874 4303 non
2936 4250 3313 4313 succederet,
3373 4250 3694 4308 clientelari

2045 4355 2191 4392 nexu
2229 4339 2528 4392 subditum
2559 4352 3011 4407 permansurum
3039 4339 3341 4408 Augustis,
3374 4341 3556 4411 gradu
3580 4341 3691 4395 sub

2049 4427 2194 4498 ipsis
2227 4427 2483 4481 inferiori
2521 4426 2797 4498 despotic,
2829 4427 3000 4496 cujus
3030 4427 3204 4481 titulo
3256 4428 3582 4500 dignitatis,
3644 4431 3694 4484 si

2046 4516 2209 4585 regni
2245 4513 2530 4585 Bulgarici
2566 4531 2699 4584 spes
2732 4531 2847 4569 non
2872 4516 3694 4590 succederent,insigniendus

277 4613 482 4669 stabat
555 4591 936 4665 ecclesiastici
1009 4604 1417 4676 impedimenti
1474 4621 1542 4659 ex
1616 4591 2220 4663 canonibusDesset.

278 4701 590 4773 quondam
623 4715 656 4753 a
707 4694 958 4752 Sisinios
981 4693 1222 4765 perlatis
1239 4698 1294 4747 et
1315 4696 1942 4751 excommunicationis

284 4792 361 4847 ad
426 4787 765 4844 ﬁrmitatem
828 4800 1062 4839 omnem
1123 4782 1582 4838 comminatione
1656 4785 1938 4840 munitis.

277 4879 513 4936 Etenim
556 4873 866 4946 Nicephori
899 4874 1163 4944 despotaa
1195 4874 1526 4926 uxorAnna
1573 4870 1700 4925 ῆιιω
1751 4873 1940 4943 impe-

281 4966 500 5025 ratoris
531 4967 710 5020 Annae
741 4961 1094 5018 consobrina
1121 4965 1265 5027 erat,
1299 4959 1516 5031 quippe
1566 4964 1700 5015 nata
1731 4977 1798 5016 ex
1845 4979 1940 5017 so-

281 5073 412 5113 rore
443 5051 820 5126 imperatoris
853 5051 1120 5121 ejusdem
1157 5067 1170 5104 :
1229 5048 1593 5120 Nicephorus
1631 5055 1829 5104 autem
1886 5059 1944 5106 et

278 5142 535 5202 Michael
593 5139 856 5213 germani
918 5138 1158 5192 omnino
1218 5137 1446 5192 fratres.
1505 5139 1943 5201 Intercedebant

277 5249 421 5303 ergo
453 5233 605 5288 inter
651 5230 856 5286 ambos
915 5227 1251 5298 designatos
1283 5229 1562 5296 conjuges
1596 5243 1695 5282 sex
1725 5230 1944 5298 gradus

279 5321 617 5383 aﬂinitatis,
652 5336 720 5374 ex
754 5335 871 5372 una
901 5317 1141 5387 quidem
1175 5321 1342 5388 parte
1399 5321 1670 5386 quatuor,
1704 5319 1819 5373 duo
1877 5336 1943 5374 ex

276 5413 487 5474 altera;
522 5416 579 5466 et
609 5425 758 5480 opus
799 5411 926 5462 erat
981 5407 1204 5477 synodo
1237 5407 1308 5460 ad
1368 5405 1479 5460 rite
1540 5406 1608 5460 de
1664 5406 1774 5461 isto
1832 5408 1945 5479 im:

277 5502 625 5575 pedimento
678 5495 1152 5566 cognoscendum
1212 5494 1482 5565 illudque
1539 5494 1941 5564 relaxandum,

278 5594 331 5649 si
367 5585 1050 5661 expedirejudicaretur.
1085 5583 1196 5639 Sed
1231 5583 1330 5638 ubi
1386 5583 1660 5639 Patribus
1709 5586 1943 5641 consul-

279 5680 557 5738 tantibus
589 5677 806 5746 visum,
839 5677 1076 5746 propter
1121 5673 1344 5730 bonum
1404 5672 1566 5745 pacis
1624 5691 1749 5744 qua
1811 5677 1944 5732 inde

2333 4729 2389 4782 7.
2419 4729 2495 4782 De
2518 4729 2716 4795 Maria,
2747 4735 2806 4782 ut
2848 4729 3112 4784 Lac/tunae
3141 4730 3413 4801 nupserit.

2123 4871 2408 4926 Studebat
2440 4874 2638 4924 autem
2671 4869 2995 4942 imperator
3037 4875 3171 4927 ante
3237 4873 3436 4929 omnia
3493 4891 3700 4946 capere

2051 4960 2321 5025 Mariam,
2357 4977 2428 5014 ne
2460 4959 2561 5014 illa
2592 4960 2848 5030 spatium
2883 4958 3136 5016 liberum
3188 4962 3300 5017 sibi
3350 4964 3700 5019 consulendi

2054 5055 2224 5102 nacta
2257 5065 2346 5102 res
2379 5064 2520 5102 suas
2554 5049 2698 5102 bene
2730 5048 3112 5104 constitueret
3143 5051 3488 5123 obicemque
3521 5051 3702 5121 impe-

2055 5137 2396 5193 netrabilem
2435 5141 2754 5208 opponeret
2784 5138 3045 5194 consiliis
3064 5143 3120 5194 ct
3135 5140 3347 5210 spebus
3380 5141 3695 5212 imperato-

2053 5228 2155 5282 ris.
2193 5227 2336 5297 Ergo
2370 5226 2420 5281 is
2471 5227 2787 5282 festinabat
2817 5227 2963 5283 alios
3022 5230 3272 5283 subinde
3322 5235 3496 5300 atque
3553 5228 3698 5282 alios

2054 5324 2255 5373 contra
2280 5318 2468 5387 ipsam
2495 5317 2745 5381 mittere,
2785 5333 2898 5371 non
2931 5323 3049 5372 tam
3083 5319 3366 5373 hostiliter
3393 5318 3512 5372 illic
3535 5333 3696 5387 gras-

2055 5414 2286 5462 saturos
2321 5409 2423 5460 aut
2480 5409 2812 5460 vastaturos
2871 5407 3189 5477 regionem,
3251 5424 3424 5476 quam
3486 5404 3698 5458 blande

2053 5498 2405 5570 pellecturos
2433 5495 2710 5566 Bulgaros
2734 5501 2796 5548 ut
2826 5497 3070 5551 Mariam
3103 5497 3377 5550 dederent
3425 5499 3481 5546 et
3520 5507 3698 5562 gene-

2052 5603 2183 5642 rum
2213 5586 2510 5655 ﬁliamque
2563 5584 2938 5654 imperatoris
2973 5587 3030 5638 in
3094 5599 3339 5654 regnum
3394 5580 3521 5636 loco
3569 5581 3700 5650 ejus

2053 5674 2408 5745 acciperent.
2445 5673 2572 5726 Hzec
2602 5672 2784 5726 Maria
2825 5672 3155 5741 intelligens
3206 5671 3474 5726 redactas
3505 5669 3565 5726 in
3615 5687 3701 5726 ar-
