4002 6198
405 300 512 358 899

1707 283 2010 344 GEORGII
2045 282 2507 339 PACHYMERB

3637 296 3726 354 900

406 426 630 497 ἠρήμου
659 422 756 488 τήν
788 419 974 493 χώραν
1033 416 1123 470 καὶ
1185 416 1519 490 προσεκτᾶτο
1575 410 1643 466 τὰ
1689 410 1841 485 πέριξ
1872 428 2048 484 προσ-
2082 411 2137 477 Α
2167 403 2257 461 οὗν
2288 410 2396 461 τῶν
2430 407 2535 497 άπὸ
2589 406 2860 483 βασιλέως
2908 407 3022 497 κοιὶΔ
3049 404 3258 481 μᾶλλον
3308 407 3488 474 ἴκανῶς
3513 412 3724 492 ἀπεγίνω.

407 510 630 566 ϐάλλων
664 506 852 581 μόνον,
901 505 1101 568 ἐκεῖθεν
1159 501 1205 558 δ’
1265 504 1319 558 αῖ
1374 500 1629 574 δυνάμεις
1654 503 1751 554 τοῦ
1787 497 2056 573 βασιλέως

405 601 650 654 ἐπιοῦσαι
699 595 927 656 πλείους
986 591 1150 663 δῆλαι
1206 593 1340 662 ἦσαν
1394 591 1458 645 τὸ
1519 591 1613 662 μὶν
1658 589 1903 643 ταπεινὸν
1954 590 2046 641 καὶ

402 688 524 742 ὅσον
587 686 738 748 ἐκτὸς
802 688 1152 756 ζημιοῦντες,
1208 683 1270 735 τὸ
1327 678 1383 735 δὲ
1443 679 1589 740 ἐντὸς
1640 678 1729 734 καὶ
1759 677 2053 752 περιφανὲς

405 776 464 830 ἐκ
520 774 718 834 παντὸς
778 771 985 847 τρόπου
1045 767 1500 840 ὑποποιούμενοι.
1559 768 1719 830 ’Ὀθεν
1785 765 1874 818 καὶ
1924 765 2056 839 περὶ

407 863 572 934 ἑαυτῇ
595 883 652 916 τε
691 862 777 915 καὶ
828 864 909 931 τῷ
961 856 1114 912 παιδί
1171 855 1595 934 τετρεμαινούσῃ
1635 852 1804 908 δειναὶ
1836 852 2055 931 φροντί-

409 950 494 1013 δες
527 951 815 1026 ἐτάραττον
854 950 951 1016 τήν
1002 950 1212 1021 ψυχὴν,
1267 947 1356 1001 καὶ
1409 947 1544 1020 πρὸς
1577 944 1859 1022 ἀμφότερα
1915 944 2054 1017 μέρη

411 1042 486 1114 μή
520 1041 777 1103 σθένουσα
805 1040 1053 1093 ἳστασθαι
1105 1038 1324 1110 θάτερον
1376 1033 1671 1109 ἐξημεροῦν
1715 1031 1872 1109 ἔγνω,
1907 1033 2054 1100 πλὴν

405 1129 529 1184 ὅσον
617 1128 706 1183 καὶ
791 1127 992 1196 ταύτην
1067 1124 1366 1188 ἀπόνασθαι
1423 1129 1529 1177 τῶν
1597 1124 1714 1176 καθ’
1772 1121 2052 1195 ἡμέρωσιν

404 1218 756 1294 πραχθέντων
815 1217 883 1271 τὰ
944 1216 1134 1287 μείζω.
1185 1214 1261 1270 Τὸ
1322 1215 1416 1285 μὲν
1474 1211 1569 1265 οὖν
1627 1212 1763 1286 πρὸς
1825 1208 2055 1285 βασιλέα

403 1308 605 1364 κλίνειν
636 1310 744 1360 τῶν
777 1304 1001 1360 εἷκδτων
1047 1305 1142 1376 μὲν
1192 1299 1392 1378 ἔκρινε,
1441 1300 1528 1356 καὶ
1576 1299 1762 1361 ἄλλως
1796 1297 2057 1373 εὐπρεπὲς

405 1398 568 1468 ἑαυτῇ
601 1393 852 1466 σωζούσῃ
910 1393 1004 1465 μὲν
1051 1392 1119 1444 τά
1165 1397 1268 1459 τῆς
1319 1387 1675 1465 σωφροσύνης
1706 1387 1794 1440 καὶ
1823 1387 1889 1439 τὰ
1918 1385 2056 1460 πρὸς

401 1484 493 1538 τὸν
528 1481 900 1556 ἀποιχόμενον
935 1479 1120 1534 δίκαια
1165 1476 1369 1551 (δίκαια
1419 1475 1475 1530 δὲ
1513 1479 1728 1536 πάντως
1767 1475 1842 1547 μὴ
1873 1494 2056 1528 συνοι-

402 1579 514 1627 κεῖν
562 1576 641 1642 τῷ
684 1573 920 1644 σφαγεῖ,)
975 1567 1210 1638 ζητούση
1256 1564 1313 1620 δὲ
1359 1566 1486 1640 παρ’
1537 1563 1744 1618 ἐκείνου
1794 1561 2056 1631 σώζεσθαι

402 1662 528 1736 παρ’
561 1659 620 1713 οὐ
653 1655 720 1726 δὴ
753 1659 842 1712 καὶ
872 1657 972 1725 τὴν
1013 1658 1184 1727 τιμὴν
1241 1654 1530 1724 ἐκτήσατο.
1588 1655 1686 1706 Διά
1727 1656 1896 1705 ταῦτα
1924 1655 2053 1727 γοῦν

2163 517 2276 565 σκε,
2327 497 2388 551 τὸ
2435 493 2492 551 δὲ
2539 497 2674 572 πρὸς
2732 498 2824 551 τὸν
2885 491 3154 572 βάρϐαρον
3212 498 3433 572 πέμπειν
3471 503 3550 556 καὶ
3590 506 3724 576 ἀξιοῦν

2163 582 2528 658 σπενδομένην
2571 587 2690 640 καθ’
2738 586 2906 655 αὐτὴν
2959 583 3221 641 διατελεῖν
3269 592 3360 642 τοῦ
3387 584 3548 652 ἔθνους
3572 590 3729 669 ἄρχου.

2163 695 2278 743 σαν,
2331 671 2443 729 οὔτ’
2487 671 2632 749 ἔχειν
2685 674 2854 749 λόγον
2899 675 2998 744 τὴν
3048 674 3262 745 ἀξίωσιν
3312 673 3506 750 ἔκρινεο
3551 662 3728 760 male;

2162 764 2344 838 ἀρχῆς
2383 762 2586 834 ταύτης
2639 764 3094 836 ἀντιποιούμενον
3152 762 3454 829 σπένδεσθαι
3498 770 3614 842 πρὸς
3652 775 3725 840 τήν

2159 853 2494 926 κατέχουσαν
2542 855 2743 923 ταύτην
2793 850 3077 910 ἀδύνατον.
3129 853 3232 909 Καὶ
3280 855 3341 908 τὰ
3387 856 3483 910 ἀπὸ
3520 857 3734 932 βασιλέως

2163 945 2490 995 συννοοῦσαν
2542 941 2845 1015 φροντίζειν
2898 941 3088 995 έποίει⁹
3139 939 3277 1014 μηδὲ
3314 944 3411 1018 γὰρ
3438 945 3631 1018 ἠρεμεῖν
3660 950 3735 1022 βα.

2162 1029 2317 1084 σιλέα
2348 1027 2483 1100 ἅπαξ
2519 1031 2652 1105 ὑπὲρ
2702 1028 2914 1085 παίδων
2966 1031 3089 1104 περὶ
3139 1038 3239 1100 τῆς
3287 1031 3454 1108 ἀρχῆς
3500 1035 3730 1110 ἀρξάμενον

2161 1114 2525 1195 διαφέρεσθαι.
2559 1122 2745 1194 Ἔγνω
2792 1119 2968 1174 τοίνυν
3019 1116 3264 1194 παριδεῖν
3321 1121 3408 1194 μὲν
3430 1122 3492 1176 τὰ
3513 1124 3596 1178 τοῦ
3618 1125 3736 1180 ἄποι-

2161 1208 2404 1282 χομένου
2453 1206 2667 1276 δίκατα,
2715 1207 2961 1284 παριδεῖν
3015 1206 3073 1264 δὶ
3119 1209 3210 1263 καὶ
3239 1209 3521 1273 ἀνθοώπων
3550 1214 3733 1285 νέμεσιν,

2163 1297 2209 1351 εἶ
2269 1297 2496 1368 τοιαύτη
2552 1319 2634 1360 τις
2695 1296 2824 1353 οὖσα
2869 1297 3106 1370 τοιούτῳ
3161 1299 3352 1367 έαυτήν
3405 1297 3593 1371 ἐκδοιη,
3637 1304 3736 1376 πρὸς

2165 1384 2324 1458 μόνον
2357 1383 2414 1440 δὲ
2441 1386 2502 1440 τὸ
2553 1384 2744 1442 δοκοῦν
2793 1391 3040 1442 συνοῖσον
3097 1386 3234 1460 αὺτῇ
3283 1408 3341 1442 τε
3367 1389 3451 1442 καὶ
3482 1387 3614 1444 παιδὶ
3639 1411 3731 1445 σιν-

2167 1471 2316 1532 ίδεῖν.
2351 1476 2428 1530 Τὸ
2458 1473 2504 1530 δ’
2534 1475 2626 1545 ἦν,
2658 1476 2731 1538 ὡς
2763 1474 2961 1547 ἐδόκει,
3009 1475 3146 1546 ὅλην
3199 1477 3390 1546 ἑαυτὴν
3415 1476 3655 1554 έπιῤῥίψαι
3677 1484 3734 1551 τῷ

2162 1560 2438 1640 συφορϐᾣ,
2485 1565 2574 1618 καὶ
2649 1565 2928 1635 ὑπανοῖξαι
2978 1565 3144 1640 Θύρας
3198 1565 3341 1638 αὐτῷ
3391 1564 3636 1641 βασιλείας
3672 1567 3737 1622 καὶ

2159 1651 2400 1724 πόλεως,
2450 1653 2597 1725 αὐτῷ
2641 1675 2698 1708 τε
2748 1659 2982 1708 συνεῖναι
3031 1653 3122 1709 καὶ
3177 1661 3437 1710 συνοικεῖν
3475 1656 3543 1717 ὡς
3573 1656 3739 1731 βασιλεῖ

405 1751 469 1804 τὸ
512 1749 648 1822 πρὸς
702 1745 926 1819 βασιλέα
973 1745 1206 1817 πέμπειν
1259 1743 1350 1797 καὶ
1400 1741 1655 1797 ἱκετεύειν
1685 1745 1795 1796 τῶν
1827 1739 2051 1795 δικαίων
2088 1769 2134 1832 Β
2166 1738 2445 1796 δέσποινα.
2473 1744 2657 1798 Ταῦτα
2722 1739 3126 1816 διανοησαμένη
3177 1743 3366 1799 αὐτίκα
3412 1745 3593 1817 πέμπει
3633 1744 3744 1818 (οὖόὶ

411 1835 637 1911 ἔκρινεν.
668 1837 830 1891 “Οσον
882 1832 939 1888 δὲ
988 1834 1049 1887 τὸ
1099 1833 1216 1887 καθ’
1270 1833 1436 1901 αὐτὴν
1487 1836 1729 1884 συνοῖσον
1777 1832 1894 1892 καθ’
1931 1828 2055 1895 δῆν

417 1924 754 2000 βουλομένη,
801 1923 890 1977 καὶ
942 1921 1059 1978 λίαν
1131 1919 1334 1992 ἀπᾷδον
1401 1921 1723 1995 ἐγίνωσκεν·
1777 1918 1912 1991 αὐτῇ
1966 1918 2060 1990 μὲν

407 2015 510 2091 γὰρ
540 2015 639 2082 τὴν
670 2014 839 2086 τιμὴν
871 2015 1214 2086 κατοχυροῦν
1248 2009 1382 2082 αὐτῇ
1425 2031 1483 2063 τε
1513 2008 1602 2063 καὶ
1642 2005 1795 2062 παιδέ
1829 2004 2058 2080 Μιχαὴλ

408 2103 497 2160 διὰ
546 2101 788 2173 σπουδῆς
841 2108 998 2174 εῖναι,
1063 2101 1287 2176 βασιλέα
1349 2098 1407 2154 δὶ
1463 2097 1590 2173 μηδ’
1639 2101 1697 2154 ἄν
1763 2099 1815 2153 έν
1867 2097 2060 2159 ὖπνοις

410 2193 633 2263 θελῆσαι
692 2191 891 2271 ἀφέντα
963 2190 1091 2254 τοὺς
1147 2189 1366 2262 παῖδας,
1427 2188 1518 2251 οὕς
1575 2186 1642 2256 δὴ
1701 2187 1792 2242 καὶ
1858 2188 2059 2262 ἤρξατο

412 2288 691 2354 καθιστᾷν,
744 2282 969 2342 ἐκείνοις
1017 2285 1319 2356 περιποιεῖν
1369 2279 1468 2346 τήν
1517 2277 1719 2354 ἀρχήν.
1766 2275 1923 2333 Οὕτω
1966 2277 2057 2349 μὲν

425 2508 548 2558 tum
585 2518 678 2557 res
708 2518 850 2556 suas
882 2500 1191 2567 sentiebat,
1226 2499 1458 2553 duobus
1489 2497 1548 2552 in
1607 2513 1669 2552 se
1701 2511 1878 2551 unam
1933 2493 2069 2549 hinc

425 2598 601 2662 atque
630 2591 766 2644 inde
815 2588 1228 2661 ingruentibus
1259 2587 1450 2641 malis.
1490 2585 1635 2640 Hinc
1673 2586 1829 2640 enim
1881 2599 2069 2651 nuper

420 2684 618 2736 exorta
649 2678 829 2750 pestis
865 2677 1165 2732 Lachanas
1213 2674 1551 2730 victricibus
1608 2675 1837 2728 instans
1883 2671 2066 2744 copiis

425 2767 723 2840 regionem
754 2766 1074 2835 desolabat,
1108 2779 1459 2835 quocunque
1489 2761 1823 2817 intenderat
1855 2766 2067 2816 cuncta

420 2857 616 2912 statim
653 2856 906 2910 adventu
941 2853 1130 2926 primo
1163 2852 1420 2924 capiens,
1455 2861 1506 2906 et
1533 2851 1614 2907 sic
1653 2852 2064 2922 plerorumque

416 2947 570 3000 circa
600 2945 933 3000 Ternobum
981 2942 1239 2998 locorum
1290 2942 1412 3012 jam
1463 2940 1742 2995 dominus
1799 2941 2060 2994 effectus.

414 3035 497 3088 Ex
526 3033 706 3089 altera
737 3050 867 3088 vero
901 3036 1064 3104 parte
1097 3031 1277 3103 copiae
1311 3031 1382 3085 ab
1449 3029 1802 3100 imperatore
1862 3028 2060 3100 plures

2169 1832 2274 1906 γὰρ
2322 1832 2546 1904 ἠρεμεῖν
2600 1832 2725 1886 είων
2772 1833 2825 1886 αἱ
2869 1836 2966 1887 τοῦ
3015 1830 3290 1907 βασιλέως
3334 1833 3744 1906 ἀποστολαι)τοὺς

2171 1917 2602 1998 διασαφήσοντας
2648 1925 2726 1992 τῷ
2786 1916 3044 1998 βαρϐάρῳ
3090 1921 3159 1976 τά
3216 1929 3315 1992 τῆς
3365 1924 3554 1998 βουλῆς
3595 1944 3642 1978 τε
3678 1923 3740 1977 καὶ

2169 2010 2467 2079 ἀξιώσεως.
2511 2009 2615 2066 Καί
2641 2009 2703 2072 ὅς
2731 2011 2966 2075 ἀκούσας
3015 2016 3235 2084 πρῶτον
3293 2013 3383 2084 μὶν
3430 2014 3745 2087 καθυπερηφα-

2168 2098 2350 2154 νεύετο
2405 2097 2561 2168 δῆθεν
2608 2099 2698 2154 καὶ
2747 2107 2866 2162 τοῖς
2910 2098 3344 2174 ἀπεσταλμένοις
3401 2101 3745 2174 ἀπεσεμνύνετο,

2170 2185 2634 2261 διαθρυπτόμενος
2665 2192 2802 2257 οἷον,
2834 2189 2879 2244 εἰ
2912 2190 3092 2264 ἀρχὴν
3136 2191 3266 2244 ὅσον
3297 2185 3444 2245 οὔπω
3470 2188 3743 2263 κτησομένην

2169 2275 2316 2348 αὐτῷ
2344 2276 2519 2351 σπάθῃ
2547 2278 2636 2332 καὶ
2671 2275 2892 2352 δυνάμει
2919 2282 2998 2352 [Ρ.
3031 2281 3161 2352 303]
3184 2278 3446 2356 κρείττονι
3475 2278 3627 2348 ἐκείνη
3649 2279 3746 2355 φθά-

2180 2498 2532 2567 (ιυεεεωοεὶε
2565 2498 2892 2554 rationibus
2932 2498 3189 2554 deﬁxam
3249 2503 3495 2555 mentem
3544 2495 3749 2554 mulieris

2179 2588 2476 2643 mordicus
2507 2604 2615 2643 sua
2645 2587 2926 2657 tenentis,
2958 2591 3016 2642 et
3045 2586 3201 2642 nihil
3237 2604 3349 2643 non
3381 2603 3538 2660 agere
3579 2603 3633 2642 ac
3678 2603 3750 2658 pa-

2175 2677 2314 2732 cisci
2349 2681 2520 2732 certae
2563 2691 2666 2747 pro
2700 2680 2855 2730 statu
2892 2691 2957 2730 ac
2989 2691 3171 2746 regno
3224 2675 3334 2730 sibi
3367 2675 3584 2746 ﬁlioque
3627 2690 3744 2728 asse-

2177 2766 2391 2822 rendis.
2417 2766 2500 2820 Ab
2531 2764 2641 2819 hoc
2674 2768 2871 2818 autem
2906 2763 3212 2835 praposito
3274 2779 3542 2836 perquam
3585 2762 3746 2817 abhor-

2175 2873 2309 2912 rens
2339 2854 2652 2910 consilium
2682 2857 2807 2908 erat
2838 2853 3222 2924 confugiendi
3255 2854 3325 2908 ad
3385 2853 3750 2923 imperatorem,

2173 2947 2343 3017 cujus
2377 2943 2555 3000 menti
2593 2941 2835 3009 nullam,
2869 2958 2941 2997 ne
2971 2958 3074 3013 per
3103 2941 3404 2998 somnium
3437 2941 3659 3014 quidem,
3683 2939 3753 2994 ob-

2171 3039 2534 3091 versaturam
2595 3048 2857 3103 unquam
2917 3031 3341 3103 cogitationem
3372 3031 3652 3103 apparebat
3694 3043 3750 3081 τοι

414 3123 892 3195 supervenientes
923 3121 1353 3184 increscebant,
1385 3136 1636 3192 quarum
1697 3119 1946 3174 ducibus
1998 3118 2053 3173 id
2094 3161 2137 3227 α
2175 3125 2274 3199 gni
2310 3122 2602 3194 Bulgarici
2635 3122 2827 3176 Mariae
2857 3120 3250 3193 Michaelique
3301 3136 3474 3194 puero
3520 3117 3750 3183 servandi,

415 3214 735 3283 apparebat
755 3227 883 3266 esse
916 3210 1306 3282 prapositum,
1342 3214 1406 3262 ut
1434 3214 1597 3263 extra
1629 3207 1834 3262 urbem
1888 3206 2062 3278 quid-

420 3301 559 3371 quid
594 3301 898 3354 infirmum
933 3303 989 3352 et
1038 3297 1361 3368 expositum
1417 3296 1648 3367 injuriae
1688 3296 1927 3365 jacebat
1975 3297 2068 3352 de-

415 3390 820 3460 praedarentur
842 3393 1079 3457 agentes
1105 3387 1664 3455 ferentcsque,intra
1688 3385 1875 3456 ipsam
1895 3403 2062 3456 porro

413 3478 709 3532 civitatem
745 3477 1067 3546 praecipuos
1096 3490 1362 3545 quosque
1395 3490 1699 3544 procerum
1752 3475 2064 3544 promissis

417 3566 486 3620 ad
515 3565 900 3618 defectionem
934 3563 1086 3618 442
1121 3561 1455 3616 delinirent.
1490 3561 1678 3625 Quare
1732 3561 1816 3616 illi
1850 3579 1952 3633 pro
2001 3581 2064 3619 se

417 3671 484 3710 ac
516 3653 635 3707 filio
675 3652 921 3707 sollicite
952 3651 1191 3722 trepida:
1219 3667 1372 3704 curae
1405 3666 1566 3705 acres
1625 3651 1885 3704 animum
1938 3656 2061 3706 tur-

411 3743 732 3798 babant.Ac
763 3757 896 3796 cum
940 3740 1237 3796 ambobus
1267 3739 1449 3794 simul
1486 3739 1755 3794 hostibus
1779 3739 2063 3796 obsistere

418 3832 705 3904 nequiret,
745 3829 973 3901 placare
1005 3830 1052 3884 si
1106 3833 1304 3899 posset
1362 3828 1609 3883 alterum
1665 3829 1938 3884 decrevit.
2000 3831 2061 3886 In

411 3937 526 3993 quo
562 3919 958 3976 festinandum
989 3919 1316 3989 judicabat,
1353 3934 1423 3972 ne
1457 3917 1592 3981 sibi,
1625 3918 1765 3974 dum
1801 3918 1920 3974 haec
1969 3937 2064 3991 pa-

410 4011 601 4077 rat,ab
626 4011 808 4065 altero
841 4009 1072 4064 interim
1105 4009 1355 4062 duorum
1387 4007 1764 4062 vehementer
1787 4009 2063 4081 utrinque

411 4099 768 4154 instantium
803 4096 1268 4168 irreparabiliter
1294 4112 1593 4168 oppressa:
1624 4112 1818 4151 serum
1847 4097 2062 4153 deinde

415 4187 561 4242 talia
595 4187 871 4241 moliendi
895 4186 1212 4241 consilium
1253 4191 1310 4240 et
1340 4191 1585 4240 conatus
1618 4185 1819 4241 irritus
1851 4189 2071 4242 evade-‘

414 4281 518 4330 ret.
558 4277 618 4328 In
654 4275 760 4328 hac
793 4273 878 4327 illi
909 4273 1329 4328 deliberatione
1356 4274 1600 4328 dubium
1626 4290 1738 4328 non
1772 4282 1896 4328 erat
1918 4275 2060 4346 quin

410 4363 601 4433 ipsam
637 4363 912 4417 ofﬁcium
967 4367 1023 4416 et
1056 4365 1242 4433 pudor
1271 4363 1339 4416 ad
1399 4363 1811 4434 imperatorem
1871 4363 2062 4434 potius

410 4453 708 4507 traheret.
765 4453 888 4516 Quo
951 4451 1106 4505 enim
1181 4451 1522 4521 decentius,
1581 4467 1697 4521 quo
1756 4451 2060 4509 honestius

405 4558 584 4611 quam
617 4541 686 4594 ad
722 4539 1076 4594 avunculum
1103 4540 1316 4610 neptis,
1351 4541 1418 4594 ad
1473 4539 1729 4594 amicum
1789 4541 1896 4594 viri
1956 4543 2055 4596 de-
2090 4517 2136 4581 D
2172 4517 2416 4623 tegeret,
2452 4517 2747 4623 Empri‘um
2805 4549 2864 4605 in
2895 4517 3540 4625 solidum'jig'cedgmt
3585 4542 3751 4615 quibus

409 4629 591 4684 functi
625 4630 802 4684 vidua
852 4629 1190 4696 confugeret
1221 4628 1248 4682 ?
1279 4628 1476 4683 Potius
1535 4627 1735 4700 utique
1766 4629 1920 4700 (cum
1973 4631 2056 4686 al-

406 4723 597 4774 terum
627 4718 795 4772 vitari
833 4734 945 4772 non
976 4717 1196 4788 posset)
1227 4733 1405 4787 quam
1459 4717 1813 4772 interfectori
1868 4719 2057 4774 mariti

408 4824 470 4862 se
502 4807 759 4871 dederet,
791 4810 848 4862 et
878 4822 1011 4861 cum
1047 4821 1283 4860 summa
1316 4805 1526 4874 injuria
1557 4805 1817 4861 defuncti
1850 4810 2056 4880 conju«

406 4897 498 4968 gis
523 4901 716 4950 torum
752 4896 880 4964 ejus
922 4894 1302 4964 prostitueret
1359 4895 1690 4950 subsessori
1749 4913 1781 4950 a
1839 4897 2058 4953 recenti

408 4985 600 5041 adhuc
632 4985 792 5040 illius
820 4984 972 5039 caede
1017 4999 1221 5038 cruore
1279 4983 1565 5038 mananti.
1627 4985 1796 5040 Prius
1854 4985 2055 5059 igitur,

406 5079 471 5130 ut
501 5092 607 5146 par
638 5073 768 5142 fuit,
795 5090 862 5128 eo
895 5073 1298 5143 propendit,ut
1331 5073 1401 5128 ab
1437 5072 1534 5127 illo
1556 5072 1806 5128 salutem
1829 5092 2054 5146 qurere-

407 5169 494 5219 ret
525 5181 556 5218 a
589 5180 701 5234 quo
734 5163 1081 5233 dignitatem
1112 5167 1499 5232 acceperat,et
1519 5163 1588 5215 ad
1615 5163 2052 5236 imperatorem,

405 5271 505 5324 per
535 5269 709 5325 quem
742 5270 804 5308 se
836 5251 1183 5306 meminerat
1216 5251 1272 5304 in
1305 5267 1552 5321 regnum
1614 5250 1895 5322 Bulgaria:
1931 5271 2055 5324 pro.

404 5341 882 5414 vectam,legatos
915 5341 1214 5412 supplices
1245 5339 1477 5394 mittere
1508 5343 1732 5393 rectum
1757 5345 1813 5394 et
1842 5355 2056 5399 conve-

405 5434 572 5488 niens
607 5433 850 5504 putavit.
886 5431 998 5487 Sed
1030 5430 1287 5501 aequitati
1320 5427 1734 5498 honestatique
1767 5430 1918 5486 acris
1950 5434 2057 5488 ad-

402 5523 660 5577 versaria
699 5506 754 5576 in
817 5519 1181 5576 contrarium
1235 5517 1588 5572 incumbens
1646 5517 2058 5579 obluctabatur

405 5608 652 5675 utilitas,
707 5609 820 5664 alio
853 5611 1122 5664 avertens
1175 5605 1432 5662 deditam
1480 5604 1697 5677 spebus
1753 5609 1944 5665 avaris
1999 5616 2058 5670 et

2169 3217 2386 3289 quippe
2413 3212 2569 3284 quod
2603 3227 2849 3282 regnum
2867 3210 2994 3280 jam
3028 3225 3132 3281 spe
3165 3227 3342 3265 avara
3373 3209 3600 3282 propriis
3627 3221 3752 3278 pren-

2172 3322 2304 3363 sare
2327 3304 2713 3371 addicereque
2753 3299 2892 3354 filiis
2911 3299 3257 3370 cmperat,in
3290 3298 3346 3353 id
3371 3293 3752 3354 irrevocabililer

2169 3393 2544 3455 incumbens;
2587 3395 2650 3444 ut
2705 3403 2918 3460 genero
2977 3385 3124 3442 illud
3183 3387 3432 3460 ﬁliaeque
3485 3386 3747 3456 subjiceret

2169 3487 2358 3550 Quare
2388 3483 2444 3536 id
2478 3479 2718 3552 quidem
2747 3477 2969 3532 miserae
3005 3477 3347 3549 perfugium
3382 3473 3646 3549 praeclusit
3684 3471 3750 3525 de-

2167 3571 2423 3645 operatio
2452 3571 2590 3624 inde
2650 3565 3008 3638 impetrandi
3066 3567 3228 3638 quod
3287 3573 3544 3638 emptum
3594 3561 3747 3634 quovis

2168 3663 2350 3736 pretio
2383 3657 2779 3716 volebat.Inde
2813 3658 3011 3710 autem
3035 3655 3277 3726 repulsa
3308 3671 3424 3727 quo
3444 3671 3502 3711 se
3531 3651 3748 3708 verteret?

2170 3769 2303 3807 nam
2337 3768 2371 3806 a
2403 3749 2671 3805 Lachana
2701 3761 2802 3817 per
2830 3744 3053 3816 legatos
3084 3761 3331 3816 poscere
3362 3751 3425 3801 ut
3450 3759 3626 3800 secum
3653 3745 3748 3794 tan-

2167 3857 2342 3913 quam
2375 3837 2660 3910 Bulgariaa
2711 3835 2912 3906 regina
2968 3833 3042 3889 iis
3099 3834 3532 3890 conditionibus
3583 3825 3742 3904 pacisci

2166 3931 2318 3986 443
2348 3927 2542 3997 vellet,
2575 3942 2702 3995 quae
2750 3923 3040 3995 integram
3073 3922 3160 3978 illi
3219 3928 3280 3980 et
3311 3920 3559 3980 Michaeli
3613 3931 3745 3992 puero

2166 4025 2500 4090 certamque
2533 4014 2929 4084 relinquerent
2952 4015 3394 4083 possessionem
3427 4011 3748 4085 principatus,

2167 4109 2368 4183 petitio
2400 4112 2525 4163 erat
2553 4111 2674 4161 tam
2709 4121 2742 4159 a
2772 4119 2874 4174 spe
2904 4103 3065 4158 omni
3125 4102 3552 4160 consecutionis
3599 4094 3750 4172 procul

2168 4203 2410 4264 remota,
2448 4203 2510 4252 ut
2541 4211 2646 4250 nec
2679 4192 2922 4266 proponi
2966 4192 3210 4265 dignam
3262 4194 3447 4250 Maria
3490 4192 3604 4264 ipsa
3633 4185 3750 4258 judi-

2166 4293 2363 4344 caret:
2425 4284 2660 4357 quando
2718 4283 2874 4338 enim
2931 4286 3035 4337 aut
3087 4282 3312 4353 quibus
3357 4282 3417 4338 in
3471 4281 3524 4336 id
3578 4275 3751 4333 illectus

2167 4377 2353 4450 pactis
2381 4375 2564 4429 fretus
2596 4388 2863 4436 numero,
2899 4371 3058 4426 ferox
3088 4371 3468 4427 successibus
3505 4367 3749 4425 barbarus,

2171 4481 2414 4538 regnum
2451 4463 2609 4534 quod
2644 4460 2836 4533 palam
2864 4459 3181 4527 aﬂ‘ectaret,
3215 4461 3391 4531 cujus
3421 4463 3625 4532 partem
3658 4453 3749 4523 jam

2167 4644 2222 4698 id
2269 4659 2501 4698 summa
2544 4639 2917 4695 contentione
2959 4642 3086 4693 tum
3135 4653 3275 4693 cum
3327 4635 3570 4693 maxime
3610 4633 3754 4688 extorb

2167 4748 2346 4805 quere
2377 4728 2730 4786 conabatur?
2764 4728 2953 4784 Unum
2985 4743 3124 4800 ergo
3157 4727 3437 4794 restabat,
3469 4729 3619 4796 turpe
3657 4715 3755 4805 qui:

2167 4801 2296 4877 dem
2333 4825 2390 4875 et
2422 4819 2792 4892 probrosum,
2818 4817 2916 4872 sed
2943 4815 3088 4871 nihil
3124 4833 3241 4872 non
3274 4832 3381 4888 pro
3403 4828 3567 4887 regno
3591 4801 3755 4883 pacisci

2167 4914 2381 4982 paratae
2414 4907 2833 4970 necessarium,
2867 4903 2990 4960 vale
3051 4905 3257 4960 honori
3291 4921 3356 4960 ac
3408 4904 3564 4959 fama:
3615 4897 3751 4982 dicit}.

2167 4980 2380 5070 spretis
2405 4995 2640 5067 juribus
2673 4994 2842 5066 regiae
2889 4993 3210 5057 viduitatis,
3257 4991 3542 5049 maculata
3586 4980 3752 5043 nobili-

2166 5093 2284 5142 tate
2317 5084 2675 5157 imperatorii
2706 5083 3035 5156 sanguinis,
3067 5085 3417 5155 prostituere
3447 5097 3506 5136 se
3539 5073 3752 5134 subuloo.

2165 5177 2383 5248 vilique
2416 5191 2482 5231 ac
2511 5178 2750 5230 cruento
2779 5173 3005 5228 latrone
3035 5171 3214 5227 simul
3265 5171 3324 5227 in
3387 5169 3650 5226 civitatem
3695 5157 3752 5212 si-

2168 5265 2287 5320 mul
2321 5265 2377 5319 in
2414 5270 2607 5320 torum
2641 5261 3000 5318 admittendo
3029 5260 3273 5333 pudoris
3331 5265 3387 5316 et
3430 5250 3751 5315 existimatio-

2167 5355 2258 5409 nis
2291 5353 2604 5424 quantovis
2635 5351 2852 5406 damno
2883 5349 3190 5406 ambitioni
3225 5348 3413 5406 litare.
3454 5343 3604 5402 Tanti
3650 5347 3750 5424 erg0

2167 5421 2471 5509 arbitrata,
2506 5445 2570 5496 ut
2599 5441 2798 5513 regina
2827 5440 2976 5512 ipsa,
3021 5443 3087 5495 ut
3117 5444 3309 5494 mater
3343 5431 3613 5508 designati
3654 5421 3753 5482 Bul-

2164 5548 2438 5607 garorum
2476 5531 2629 5604 regis
2659 5530 2770 5585 dici
2807 5533 3095 5601 pergeret,
3143 5527 3428 5583 Lachana:
3483 5537 3612 5578 uxor
3655 5524 3749 5568 esse

2163 5621 2501 5694 vocarique,
2535 5619 2746 5694 cupide
2777 5636 2844 5676 ac
2879 5617 3094 5691 raptim
3147 5618 3305 5689 (nam
3339 5617 3408 5674 ab
3455 5609 3748 5685 imperatam
