4002 6198
261 318 342 378 901
1297 330 1396 382 DE
1431 328 1810 384 MICHAELE
1848 330 2294 390 PALEOLOGO
2328 333 2463 388 LIB.
2504 333 2600 390 VI.

3531 337 3640 393 902

260 464 331 500 νοι
355 443 682 520 χαρίζεσθαι.
715 449 909 520 ’Όμως
927 451 1018 503 καὶ
1046 448 1112 504 τὰ
1130 453 1226 504 τοῦ
1248 449 1451 525 λέχους
1481 449 1757 526 προσίετο,
1788 472 1882 506 πο·
1910 458 1965 524 Α
1997 451 2141 516 ὅλως
2158 454 2246 509 καὶ
2275 454 2531 531 ὑποσχεῖν
2583 453 2784 511 ἐκεῖνον
2843 455 3194 532 ἐπιϐρίσασαν
3252 458 3311 513 ἐκ
3365 447 3636 538 Τοχάρων

261 538 410 603 νηρῶς
443 533 573 609 ἄγαν
603 537 691 590 καὶ
724 537 949 610 βαθέως,
975 539 1083 614 οὐχ
1105 540 1178 604 ὥς
1193 561 1276 604 τις
1303 538 1363 593 ἂν
1400 540 1541 594 εἷ’ποι
1575 540 1876 616 φιλογύνης

261 623 453 693 καὶτῆς
480 624 930 699 γυναικωνίτιδος
961 627 1211 704 ἐραστήςν
1252 629 1314 683 τὸ
1359 628 1458 706 γὰρ
1497 628 1786 702 μαλάττειν
1815 633 1880 684 τὰ

258 711 353 782 ἤθη
380 717 482 767 τῶν
546 711 848 788 δεξομένων
907 718 995 770 καὶ
1057 716 1175 772 λίαν
1237 718 1311 781 ὡς
1360 719 1876 795 καταφρονησάντων

261 801 424 856 αὐτίκα
456 800 866 880 διεφυλάττετο,
894 802 1081 869 ἄλλως
1133 804 1190 861 δὲ
1245 807 1359 861 κατ’
1420 806 1641 882 εἰρήνην
1672 808 1760 862 καὶ
1788 813 1882 863 τοῦ

261 892 328 961 μὴ
355 893 542 967 χέσθαι
601 892 896 970 ἐμφυλίοις
951 895 1222 968 πολέμοις
1276 894 1478 968 α’ίματα
1537 895 1881 973 κατεδὲχετο,

259 981 326 1042 ὡς
351 982 503 1056 χάριν
556 978 773 1055 διδοὺς,
805 983 866 1037 ού
901 979 1219 1056 λαμϐάνων.
1269 988 1482 1061 Ὅρκων
1516 985 1607 1040 οὖν
1655 989 1884 1063 γενομέ-

255 1092 346 1124 νων
381 1072 462 1124 καὶ
522 1073 805 1142 συνθηκῶν
856 1071 907 1145 ἐξ
942 1074 1207 1150 ἑκατέρων
1245 1075 1589 1151 ὑπανοίγνυσί
1639 1097 1696 1130 τε
1738 1076 1884 1149 αὖτῷ

253 1159 340 1221 τὰς
379 1159 553 1222 πύλας
589 1204 603 1228 ,
658 1161 748 1215 καὶ
820 1160 967 1224 ἐντὸς
1027 1160 1289 1237 δεξαμένη
1348 1162 1498 1219 τελεῖ
1569 1165 1733 1239 ἑαυτῇ
1796 1166 1887 1221 σὺν

255 1247 426 1321 ἐκείνῳ
462 1249 590 1311 τοὺς
649 1250 887 1324 γάμους,
945 1252 1035 1307 καὶ
1088 1253 1181 1315 τὰς
1235 1255 1539 1318 ταινιώσεις
1594 1261 1694 1323 τῆς
1730 1256 1886 1330 βασι-

255 1336 395 1400 λείας
420 1337 506 1392 καὶ
539 1338 694 1400 αὖθις
744 1339 957 1412 σύναμα
1017 1338 1294 1416 δέχονται,
1337 1343 1425 1397 καί
1457 1365 1518 1418 γε
1547 1344 1885 1417 παρασκευά-

257 1432 438 1498 ζειτῷ
500 1425 717 1502 βασιλεῖ
774 1427 1098 1499 ἀντίπαλον,
1136 1431 1209 1492 ὡς
1239 1428 1399 1503 ᾤετο,
1456 1431 1658 1489 ⁴ἱκανόν.
1719 1437 1887 1488 Τοῦτο

256 1511 450 1588 συμϐάν
481 1515 652 1570 τεκαὶ
713 1517 972 1581 ἀκουσθέν
1031 1519 1120 1573 τὸν
1183 1520 1409 1595 βασιλέα
1467 1520 1746 1596 αὐτάρκως
1798 1523 1888 1576 καὶ

251 1609 322 1670 ὡς
351 1606 462 1676 ἐνῆν
509 1605 836 1682 διετάραξεν,
892 1610 1209 1685 ὑπεκρίνετό
1259 1633 1318 1666 τε
1368 1615 1614 1675 κακεῖνος
1652 1615 1726 1686 μὴ
1763 1615 1887 1668 ἀθυ-

255 1703 365 1770 μεῖν
420 1695 799 1773 σφαλλόμενος
856 1703 964 1753 τῶν
1028 1697 1290 1768 ἐλπίδων,
1351 1698 1496 1756 ἀλλὰ
1553 1708 1760 1777 στυγεῖν
1813 1708 1892 1775 τῷ

248 1789 371 1860 παρ’
415 1787 560 1856 ἀξίαν
621 1785 829 1857 ἐκείνης
888 1787 1208 1861 πταίσματι,
1266 1789 1404 1844 ὥστε
1467 1797 1562 1845 καῖ
1616 1793 1679 1846 τὸ
1737 1793 1888 1868 γένος

1987 541 2229 615 δύμαμιν
2257 544 2322 614 ἢν
2373 545 2517 605 εὶκὸς
2576 544 2969 617 ἐπεισπίπτειν,
3029 547 3140 620 ἅμα
3176 547 3267 620 μὲν
3327 549 3401 609 ὡς
3435 547 3630 624 ἐχθρὸν

1986 639 2262 708 προφανῆ,
2310 634 2422 704 ἅμα
2479 631 2534 687 δὲ
2586 633 2675 688 καὶ
2725 637 2871 710 παρὰ
2928 640 3038 690 τῶν
3098 635 3311 690 οἰκείων
3367 658 3638 715 καταφρο-

1987 720 2280 793 νούμενον.
2304 724 2488 777 Ταῦτα
2521 719 2694 799 λέγων
2725 725 2826 778 οὐκ
2857 725 2994 779 ἀνίει
3052 724 3141 779 καὶ
3201 724 3350 787 αὖθις
3406 727 3637 799 πέμπων

1986 831 2044 864 τε
2094 807 2346 883 δυνάμεις
2407 811 2812 886 ἀγωνιουμένας
2869 814 2959 868 καὶ
3012 816 3079 868 τὰ
3135 816 3271 888 πρὸς
3326 812 3640 886 καταϐολὴν

1989 900 2198 977 Μαρίας
2248 901 2802 975 κατασκευαζόμενος.
2858 904 2914 956 Ὃ
2971 903 3146 958 τοίνυν
3201 913 3455 981 Λαχανᾶς
3503 909 3641 984 πρὸς

1989 990 2084 1052 τὰς
2114 997 2215 1060 τῆς
2241 991 2490 1066 γυναικὸς
2549 991 2769 1066 θρύψεις
2825 994 2912 1047 καὶ
2974 995 3258 1068 ἀπηχθετο
3314 997 3402 1050 καὶ
3439 993 3643 1073 βαρϐα-

1993 1085 2160 1154 ρικῶς
2186 1078 2349 1148 ἤθελε
2383 1079 2595 1154 διαζῇν,
2640 1086 2767 1144 τοῦς
2825 1083 2962 1158 ἀμφ’
2993 1082 3148 1137 αὐτὸν
3203 1086 3290 1138 καὶ
3347 1085 3468 1138 λίαν
3506 1087 3641 1141 ὑπο-

1988 1168 2342 1240 ποιούμενος·
2400 1165 2537 1246 ἕγνω
2598 1171 2701 1245 γὰρ
2756 1171 3141 1246 ἀμφοτέρωθεν
3205 1172 3637 1248 ἐξαρτυομένους

1990 1256 2272 1330 πολέμους
2328 1259 2415 1312 καὶ
2472 1259 2566 1322 τὰς
2628 1258 2882 1332 βλακείας
2947 1257 3114 1332 μηδὲν
3195 1260 3310 1322 οθίας
3367 1284 3424 1316 τε
3475 1262 3639 1326 οὔσας

1990 1347 2328 1416 κατευνάζει-δ
2360 1351 2484 1409 τοῦς
2547 1348 2607 1402 ἐκ
2661 1352 2768 1403 τῶν
2823 1347 3088 1420 πολέμων
3143 1347 3448 1418 κινδύνους,
3508 1353 3646 1406 ὣστε

1995 1438 2086 1490 καὶ
2118 1436 2391 1501 πολλάκις
2450 1439 2584 1512 πρὸς
2643 1438 2853 1508 ἐκείνην
2911 1436 3422 1517 διαφιλονεικοῦντα
3478 1440 3646 1497 ἐντεί-

1994 1547 2104 1580 νειν
2137 1525 2382 1600 πληγάς.
2416 1527 2591 1587 Αὐτὸς
2652 1525 2709 1581 δὲ
2764 1529 2995 1602 κρείττω
3053 1529 3230 1598 πάσης
3286 1527 3648 1604 ἀσχολίαςτὰ

1995 1613 2184 1687 κύκλῳ
2258 1619 2686 1686 συνανιστάμενα
2766 1616 2964 1689 κρίνων
3055 1618 3368 1672 ὑπεποιεῖτό
3426 1640 3482 1674 τε
3522 1620 3648 1682 τοὺς

1999 1705 2269 1778 ἄρχοντας
2299 1708 2405 1758 τῶν
2448 1703 2802 1779 Βουλγοὶρων,
2851 1706 2941 1758 καὶ
2989 1706 3124 1776 πρὸς
3177 1706 3459 1780 πολέμους
3491 1711 3650 1778 ἡτοι-

2005 1795 2201 1865 μάζετο
2231 1792 2358 1854 τοὺς
2388 1795 2503 1848 κατ’
2555 1791 2741 1865 ἄμφω,
2783 1791 2922 1850 Οὐδὲ
2952 1795 3056 1868 γὰρ
3111 1795 3178 1863 ἧν
3214 1793 3337 1849 οὔτε
3368 1797 3651 1872 Τοχάροις

246 1881 593 1951 καταισχῦναι
625 1877 711 1930 καὶ
764 1878 862 1946 τὴν
918 1877 1098 1952 ἀρχὴν
1153 1878 1606 1953 προσαπολλύναι
1663 1887 1742 1954 τῷ
1777 1905 1886 1954 μη-
1917 1853 1963 1917 Β
1998 1880 2087 1936 διὰ
2115 1883 2182 1937 τὰ
2218 1885 2528 1958 πραχθέντα
2560 1880 2873 1946 σπένδεσθαι
2929 1879 3050 1937 οὕτε
3079 1883 3203 1944 τοὸς
3242 1889 3339 1938 τοῦ
3376 1886 3646 1959 βασιλέως

251 1961 392 2027 Βενὸς
469 1964 602 2038 ἀξίῳ
676 1967 1185 2041 κανεγχειρίσασαν·
1281 1967 1422 2042 μηδὲ
1493 1970 1593 2046 γὰρ
1650 1970 1883 2042 ἀνθέξειν

249 2192 437 2243 metus
468 2184 731 2242 cunctari
774 2201 889 2240 non
921 2185 1180 2256 sinebat)
1214 2186 1395 2241 mittit
1442 2189 1512 2243 ad
1564 2189 1892 2244 Barbarum

246 2278 344 2349 qui
377 2293 515 2331 suas
545 2275 630 2330 illi
676 2275 915 2346 nuptias
963 2289 1098 2330 cum
1151 2273 1330 2330 dotali
1386 2276 1659 2332 offerrent
1691 2293 1890 2348 regno.

248 2368 334 2422 Ad
365 2383 431 2421 ea
463 2365 560 2420 ille
591 2365 849 2436 primum
890 2365 1344 2436 aspernabundo
1392 2365 1604 2420 similis
1635 2365 1770 2420 talis
1802 2367 1894 2419 in-

245 2461 530 2527 terpretes
561 2453 796 2508 foederis
827 2453 1214 2524 superciliose
1241 2451 1578 2524 repellebat,
1615 2453 1894 2509 cavillans

251 2543 495 2600 ridicule
522 2543 720 2598 offerri
749 2543 901 2613 quod
936 2542 1140 2611 majori
1187 2559 1256 2596 ex
1303 2549 1464 2612 parte
1487 2543 1614 2614 jam
1648 2547 1892 2613 teneret,

248 2633 569 2706 gratiaque
632 2630 916 2703 imputari
979 2630 1190 2702 reginae
1244 2631 1555 2701 quasitum
1605 2632 1733 2701 jam
1781 2631 1893 2686 sibi

246 2716 432 2777 armis
479 2720 858 2790 victoriisque
889 2720 1307 2790 principatum.
1340 2721 1557 2776 Tamen
1609 2737 1682 2776 ne
1711 2722 1896 2776 durus

247 2811 432 2866 nimis
482 2811 756 2881 ferusque
801 2809 1118 2877 videretur,
1165 2809 1402 2880 nuptias
1463 2809 1598 2866 talis
1645 2811 1894 2865 fceminae

245 2899 709 2969 admisit,astute
737 2899 794 2954 id
826 2898 1022 2971 ipsum
1046 2898 1442 2969 tamen,quasi
1474 2899 1679 2954 aliena:
1701 2899 1895 2954 indul-

240 2991 435 3062 gendo
467 2989 780 3058 voluntati,
813 3005 924 3042 non
959 2987 1204 3059 proprize
1239 2989 1618 3060 obsequendo
1641 2988 1894 3059 libidini,

235 3080 601 3145 annuens,iu
623 3095 736 3149 quo
759 3082 883 3132 erat
905 3076 1248 3148 profundior
1267 3079 1396 3148 ejus
1420 3078 1685 3148 quaedam
1711 3094 1890 3148 quam

1997 1973 2245 2028 ὁπωσοῦν
2298 1973 2551 2048 ἀναρτᾷν.
2609 1972 2705 2026 Διά
2753 1977 2913 2027 τοῦτο
2963 1973 3080 2026 καθ’
3133 1973 3258 2027 ὅσον
3294 1971 3478 2048 ἷίσχυεν
3511 1975 3656 2029 ἀντι-

2005 2189 2353 2259 dignitatem
2381 2206 2446 2244 ac
2464 2206 2677 2244 nomen
2701 2190 2924 2261 regium
2951 2193 3246 2263 perditum
3271 2192 3472 2248 ivisset
3494 2212 3507 2260 ;
3533 2210 3648 2264 quo

2004 2279 2130 2348 ipso
2182 2293 2316 2332 mox
2368 2278 2670 2348 privanda,
2717 2294 2966 2334 sensura
3031 2285 3184 2335 esset
3252 2281 3540 2336 inutiliter
3590 2297 3653 2336 se

2005 2382 2298 2436 peccasse,
2331 2367 2472 2420 dum
2506 2367 2562 2420 id
2594 2365 2789 2422 scelus
2826 2383 2928 2438 spe
2960 2373 3086 2424 tuto
3118 2370 3402 2440 regnandi
3433 2371 3652 2425 consci-

2003 2455 2166 2510 verit.
2200 2456 2347 2510 Nam
2398 2472 2644 2527 regnum
2705 2459 2857 2527 quod
2919 2457 3145 2514 homini
3206 2458 3369 2514 nulla
3418 2476 3479 2514 re
3533 2461 3650 2515 nisi

2006 2545 2159 2599 mala
2191 2545 2367 2615 digno
2391 2546 3112 2615 turpissimetradijisset,
3145 2547 3258 2615 ipsi
3290 2565 3426 2604 mox
3455 2555 3651 2604 extor-

2006 2636 2303 2704 quendum
2325 2651 2356 2687 a
2379 2633 2939 2704 Tocharis,quorum
2961 2637 3230 2706 potentias
3261 2638 3649 2709 irruptionem

2005 2722 2064 2775 in
2122 2720 2456 2792 Bulgariam
2515 2723 2854 2792 parantium
2917 2722 3062 2776 nihil
3114 2734 3310 2793 posset
3354 2724 3651 2781 Lachanas

2006 2827 2299 2881 opponere
2358 2809 2513 2880 quod
2600 2827 2704 2880 par
2762 2811 3087 2867 resistendo
3139 2814 3299 2866 f‘oret.
3363 2813 3654 2869 Tocharos

2008 2904 2222 2969 autem,
2256 2903 2319 2954 ut
2345 2915 2576 2954 movere
2609 2899 3047 2970 quamprimum
3082 2900 3140 2954 in
3173 2901 3501 2956 Lachanam
3537 2920 3654 2958 non

2008 2989 2362 3054 omitterent,
2398 2989 2525 3042 dua:
2554 3005 2743 3042 causae
2790 2988 3116 3042 incitabant
3171 3006 3183 3042 :
3226 2989 3441 3045 etenim
3495 2993 3650 3061 quod

2005 3095 2103 3132 eos
2143 3077 2301 3148 prior
2345 3078 2441 3132 ille
2482 3077 2879 3133 laccssivissvt
2909 3094 3111 3131 eorum
3147 3078 3345 3148 copias
3402 3081 3652 3149 caadens,

235 3171 312 3224 ab
349 3169 588 3223 homine
623 3169 708 3223 sic
741 3173 876 3222 nato
925 3183 1190 3238 sperares
1223 3168 1548 3238 prudentia.
1586 3169 1894 3225 Vitandam
1927 3156 1970 3221 C
2003 3166 2320 3222 ulciscendi
2353 3166 2579 3221 hostem
2618 3170 2883 3237 apertum
2920 3166 3264 3221 necessitate
3303 3168 3372 3222 ad
3405 3185 3528 3222 eam
3553 3185 3647 3224 ex~

234 3259 399 3314 enim
448 3262 600 3314 recte
651 3257 877 3328 putavit
927 3261 1335 3328 contemptum
1411 3257 1523 3328 ipsi
1571 3257 1896 3328 parituram

234 3347 402 3418 apud
451 3363 592 3401 suos
643 3345 979 3416 opinionem
1031 3345 1219 3399 uxorii
1273 3352 1328 3400 et
1359 3345 1416 3400 in
1468 3346 1795 3417 voluptates
1827 3364 1897 3401 ex

231 3436 459 3492 bellica
489 3435 704 3490 ferocia
733 3433 983 3489 emolliri
1031 3433 1222 3488 facilis
1252 3433 1382 3488 viri.
1418 3435 1564 3500 Quin
1599 3440 1654 3489 et
1683 3435 1896 3490 huma—

232 3525 454 3581 nitatis
487 3525 700 3579 famam
733 3539 1038 3593 aucupans
1065 3522 1282 3578 moveri
1317 3540 1432 3594 prae
1464 3539 1526 3578 se
1564 3523 1699 3578 tulit
1729 3525 1897 3579 mise-

229 3613 470 3669 ratione
503 3612 782 3667 fundendi
814 3611 1024 3680 civilis,
1067 3610 1115 3666 si
1159 3629 1272 3681 qua
1319 3616 1574 3683 cmperat
1607 3613 1891 3680 tenderet,

226 3702 578 3774 sanguinis.
632 3702 710 3756 Ad
759 3706 1083 3756 extremum
1117 3717 1184 3755 ea
1232 3700 1540 3755 verborum
1586 3699 1895 3770 voltusque

223 3793 538 3865 gravitate
563 3808 680 3862 qua
705 3807 818 3844 non
836 3790 1098 3860 accipere
1129 3790 1324 3861 ipsum
1347 3790 1671 3859 quidquam
1696 3791 1894 3860 gratias

220 3883 338 3938 sed
396 3880 668 3935 beneficii
717 3879 843 3935 loco
903 3880 1163 3934 tribuere
1225 3895 1286 3934 se
1330 3878 1711 3949 signiﬁcaret,
1767 3895 1893 3949 quae

219 3971 644 4026 offerebantur
665 3968 1266 4039 accepit.Scribuntur
1289 3984 1422 4021 mox
1455 3967 1892 4035 conventiones,

219 4063 398 4116 444
452 4066 622 4130 pacta
659 4059 1049 4130 jurejurando
1099 4057 1376 4127 utrinque
1423 4057 1558 4112 dato
1609 4056 1893 4111 muniun-

217 4156 351 4205 tur.
380 4149 500 4204 Nec
523 4149 705 4204 Maria
727 4165 950 4203 moram
986 4147 1122 4202 fecit
1143 4146 1588 4218 aperiendarum
1619 4145 1893 4200 Lachanaa

214 4245 546 4311 portarum
580 4237 853 4306 Ternobi,
897 4253 1077 4308 seque
1136 4235 1247 4308 ipsi
1307 4235 1528 4307 nuptiis
1578 4235 1890 4306 jungendi.

210 4327 648 4385 Coronationis
679 4327 816 4380 inde
849 4342 1132 4380 novorum
1184 4325 1502 4395 conjugum
1549 4325 1895 4379 caremonia

210 4417 552 4489 splendide
610 4415 960 4484 celebratur,
1031 4413 1354 4469 acclamata
1426 4415 1618 4468 denuo
1689 4413 1891 4485 regina

206 4505 528 4577 Bulgaria;
559 4505 741 4560 Maria
775 4521 922 4560 novo
958 4503 1127 4558 titulo
1162 4504 1358 4558 uxoris
1407 4503 1684 4559 Lachanze
1713 4504 1890 4574 regis.
1922 4531 1968 4593 D

197 4595 313 4650 Sic
351 4593 464 4648 illa
495 4610 558 4648 se
589 4609 961 4662 comparasse
993 4608 1225 4663 gravem
1275 4591 1672 4646 adversarium
1707 4591 1890 4662 impe-

195 4683 412 4739 raturi
452 4681 740 4737 avunculo
773 4680 1037 4753 putabat.
1064 4681 1186 4744 Quo
1212 4697 1325 4735 non
1348 4696 1585 4750 parvam
1619 4680 1667 4735 ei
1696 4696 1892 4734 revera

192 4791 331 4830 nec
375 4790 593 4845 parum
642 4771 950 4827 molestam
1001 4769 1216 4840 adjecit
1263 4786 1489 4824 curam.
1536 4772 1889 4840 Quanquam

189 4864 319 4919 ille
374 4862 623 4935 quidem
675 4862 879 4916 audita
926 4863 1161 4930 repente
1222 4858 1305 4912 rei
1372 4858 1548 4924 fama,
1602 4858 1893 4912 dissimu-

189 4952 461 5008 latione
519 4967 581 5006 se
636 4949 810 5006 solita
860 4947 1181 5017 involvens,
1242 4945 1556 5016 diligenter
1604 4945 1754 5000 cavit
1820 4962 1892 5001 ne

185 5057 482 5097 causam
530 5038 770 5108 doloris,
838 5054 954 5108 quo
999 5037 1208 5091 intime
1255 5036 1556 5102 urebatur,
1608 5035 1891 5089 veriorem

181 5131 722 5204 praecipuamque
755 5128 1047 5199 proderet,
1083 5127 1238 5198 quod
1291 5124 1571 5180 nimirum
1605 5123 1892 5179 excidisse

177 5238 263 5276 se
307 5221 484 5274 votis
508 5225 565 5274 et
601 5219 954 5272 interversas
1003 5216 1116 5271 sibi
1168 5231 1302 5286 spes
1345 5215 1609 5285 proxime
1649 5214 1769 5284 jam
1822 5214 1892 5268 ad

173 5310 458 5365 exitum
496 5309 815 5379 perductas
847 5303 1462 5361 cerneret.Oslentavit
1493 5310 1690 5358 autem
1724 5302 1894 5374 plau-

165 5402 231 5454 εἰ
254 5399 535 5453 biliores
566 5396 712 5452 alias
737 5398 807 5450 de
837 5397 986 5450 facto
1013 5395 1126 5450 isto
1159 5393 1393 5448 dolendi
1429 5393 1709 5459 rationes,
1742 5391 1890 5446 infa-

157 5489 400 5544 nliam
442 5485 712 5540 videlicet
746 5501 925 5556 quam
949 5484 1052 5539 illa
1085 5481 1438 5538 infelixistis
1468 5487 1623 5536 esset
1652 5481 1892 5552 ﬂagitiis

153 5576 555 5650 promerita
585 5575 928 5641 maximam,
969 5573 1170 5646 generi
1224 5588 1290 5628 ac
1344 5570 1577 5626 familize
1613 5572 1891 5640 probrum

152 5664 632 5723 faedissimum
693 5666 956 5722 inurens.
1001 5661 1189 5719 Simul
1235 5665 1433 5718 autem
1491 5677 1626 5716 cum
1659 5659 1891 5717 honore

2004 3256 2358 3327 peditionem
2392 3254 2887 3326 impellebantur;
2918 3260 2976 3309 et
3006 3254 3086 3308 rei
3120 3256 3191 3309 ad
3229 3256 3283 3310 id
3309 3257 3648 3311 audendum

2001 3345 2281 3400 facilitate
2311 3343 2889 3413 incitabantur,quod
2919 3343 3243 3398 Lachanam
3277 3361 3406 3400 esse
3431 3346 3650 3401 scirent

2003 3435 2298 3489 hominem
2353 3433 2547 3500 nihili,
2600 3449 2841 3486 exosum
2892 3438 2949 3486 et
2998 3438 3265 3502 spretum
3315 3434 3488 3488 etiam
3527 3436 3654 3490 suis

2001 3523 2291 3595 Bulgaria.
2327 3523 2492 3577 Talia
2523 3522 2740 3593 passim
2776 3522 2930 3592 apud
2968 3521 3283 3577 familiares
3338 3523 3660 3594 imperator

2001 3615 2444 3676 disserens,non
2479 3611 2747 3666 cessabat
2778 3611 3015 3664 interim
3043 3611 3188 3665 alias
3215 3629 3394 3683 super
3427 3611 3570 3668 alias
3597 3613 3657 3668 in

2001 3701 2339 3773 Bulgariam
2361 3701 2558 3771 copias
2577 3701 3181 3770 mittere,omnemque
3202 3702 3509 3757 admovere
3529 3720 3652 3758 ma-

2001 3792 2233 3847 chinam
2252 3793 2320 3844 ad
2345 3790 2731 3860 dejiciendam
2752 3805 2816 3843 eo
2837 3806 3012 3860 regno
3029 3789 3374 3844 Mariam.At
3399 3792 3651 3848 Lachaas

2001 3882 2113 3936 cito
2147 3887 2429 3952 pertaesus
2461 3879 2601 3949 regii
2636 3878 2808 3932 luxus
2847 3883 2902 3932 et
2953 3877 3296 3932 deliciarum
3349 3881 3651 3950 uxoris,iis

2001 3987 2142 4025 cum
2194 3968 2494 4025 stomacho
2544 3968 2796 4037 rejectis,
2850 3966 3220 4020 immundam
3267 3967 3652 4039 illautamque

2004 4058 2295 4113 barbarici
2331 4057 2500 4123 ritus,
2534 4056 2627 4110 cui
2659 4056 2885 4109 dudum
2938 4055 3420 4122 insueverat,vit£e
3455 4056 3653 4111 ferinae

2001 4149 2148 4204 445
2189 4145 2468 4200 rationem
2504 4144 2846 4214 usurpabat,
2890 4143 2998 4198 hoc
3030 4143 3222 4213 ipsum
3257 4143 3524 4199 videlicet
3544 4163 3650 4200 aes-

1999 4238 2214 4292 timans
2248 4233 2388 4289 utile
2421 4233 2790 4288 demerendis
2840 4231 2952 4286 sibi
2988 4231 3367 4287 familiarium
3403 4250 3647 4289 suorum

1999 4325 2306 4381 affectibus
2339 4329 2395 4377 et
2428 4320 2662 4386 studiis,
2697 4337 2947 4391 quorum
2981 4320 3206 4375 alenda».
3249 4323 3649 4394 augendaque

1997 4415 2054 4468 in
2108 4430 2236 4468 sese
2285 4410 2695 4466 benevolentize
2745 4416 2959 4464 cuncta
3003 4426 3128 4480 quae
3161 4411 3229 4463 ad
3278 4411 3336 4464 id
3389 4413 3650 4468 conferre

1999 4503 2338 4558 viderentur
2367 4501 2568 4556 sedulo
2604 4499 2938 4553 adhibebat.
2970 4499 3125 4553 Satis
3153 4499 3308 4554 enim
3362 4499 3649 4573 intellige-

2003 4593 2101 4646 bat
2133 4596 2415 4663 quantam
2451 4589 2741 4658 indigeret
2777 4604 2978 4642 eorum
3012 4604 3206 4659 opera,
3261 4588 3465 4659 utique
3518 4607 3650 4646 cum

2001 4683 2111 4737 sibi
2143 4679 2360 4752 duplici
2395 4695 2462 4733 ex
2495 4683 2658 4750 parte
2699 4677 2931 4733 diversa
2981 4682 3036 4732 et
3090 4694 3306 4750 magna
3340 4679 3644 4736 imminere

2003 4770 2152 4826 bella
2180 4773 2459 4824 cerneret.
2495 4768 2618 4831 Qua
2648 4767 2774 4838 ipsa
2801 4783 2867 4821 ex
2889 4783 3067 4822 causa
3097 4767 3444 4823 muliebrem
3462 4768 3651 4826 victus

2000 4860 2310 4928 cultusque
2333 4855 2639 4912 mollitiem
2659 4856 2971 4910 exercitam
2990 4856 3363 4928 oblatamque
3380 4859 3448 4913 ab
3475 4876 3652 4915 uxore

2000 4951 2422 5004 contumaciter
2454 4947 2597 5000 adeo
2648 4945 3018 5016 reprobabat,
3053 4946 3285 5000 noxiam
3327 4947 3654 5004 criminans

2001 5043 2054 5093 et
2088 5037 2429 5092 enervandae
2461 5040 2602 5089 tunc
2634 5034 2885 5090 maxime
2913 5036 3256 5090 necessariae
3290 5036 3508 5092 beilicee
3537 5039 3650 5092 vir-

2000 5128 2111 5183 tuti
2137 5126 2671 5192 accomodatam,ut
2696 5141 2761 5180 eo
2787 5125 3023 5180 nomine
3046 5125 3286 5180 Mariam
3313 5143 3425 5181 non
3455 5126 3647 5182 solum

2003 5217 2346 5289 plerumque
2381 5215 2705 5284 increparet
2735 5214 3066 5281 verbis,sed
3099 5216 3438 5270 verberibus
3469 5222 3643 5271 etiam

2002 5323 2067 5360 ac
2099 5304 2286 5376 plagis
2332 5304 2610 5358 miseram
2661 5303 3067 5371 contunderet,
3112 5304 3371 5358 intentus
3423 5305 3644 5359 interea

2002 5412 2164 5461 sane,
2201 5399 2370 5464 prout
2402 5409 2492 5447 res
2529 5393 2825 5463 poscebat,
2855 5392 3102 5446 sollicite
3139 5393 3365 5446 cunctis
3397 5409 3500 5462 per
3529 5391 3643 5446 cir-

2002 5483 2225 5539 cuitum
2259 5483 2531 5552 parandis
2556 5484 2624 5535 ad
2651 5480 3428 5552 excipiendosingruentium
3459 5479 3645 5534 utrin-

2003 5589 2117 5644 que
2149 5572 2406 5642 impetus
2425 5569 2902 5636 hostium.Quam
2931 5571 3000 5624 ad
3035 5587 3155 5624 rem
3191 5572 3310 5622 arte
3341 5584 3457 5638 qua
3486 5573 3647 5639 pote-

2004 5666 2095 5718 rat
2134 5661 2394 5717 maxima
2441 5659 2686 5716 delinire
2736 5675 2801 5713 ac
2846 5658 3154 5715 conciliare
3194 5655 3309 5712 sibi
3349 5659 3652 5731 satagebat
