3912 6192
357 259 469 317 903

1671 248 1976 307 GEORGII
2012 247 2477 307 ΡΔΟΗΥΜΕΕΕ

3562 257 3644 319 904

359 381 717 459 παρετάττετο
762 378 826 434 τὸ
889 378 982 450 μὲν
1043 375 1203 446 ἑκὼν,
1261 376 1326 433 τὸ
1358 372 1406 431 δ’
1436 371 1604 435 ἄκων.
1663 373 1873 449 Ἀρχὴν
1904 372 2007 449 γὰρ
2039 372 2095 441 Α
2122 391 2230 444 τες,
2268 369 2489 447 βασιλεῖ
2541 370 2598 429 δὶ
2627 372 3076 450 προσγενόμενοι.
3105 378 3220 438 Τοῖς
3249 373 3289 431 δ’
3316 377 3513 434 ἓντεῦθεν
3547 380 3650 436 ἀπα-

362 458 542 528 Λαϐὼν
576 468 641 537 ἣν
675 466 775 522 οὐκ
802 464 1056 537 ἤλπιζεν,
1091 461 1315 520 ἔσπευδε
1348 465 1424 539 μή
1458 463 1624 537 μόνον
1659 458 1826 537 ἔχειν,
1863 459 2010 516 ἀλλὰ

356 562 445 616 καὶ
470 560 744 627 συνιστᾷν.
781 556 1209 629 Ἐπιτιθεμένων
1240 552 1285 609 δ’
1319 550 1508 617 ἄλλως
1534 551 1625 607 καὶ
1652 556 1761 608 τῶν
1818 548 2008 623 ἔξωθεν

354 648 622 722 ὁσημέραι
677 646 769 700 καὶ
823 646 966 700 ἄκων
1035 643 1471 720 κατηναγκάζετο
1543 641 1832 717 μάχεσθαι·
1888 636 2010 713 ᾔδει

351 737 457 811 γὰρ
516 736 605 788 καί
667 727 940 808 βάρϐαρος
1002 727 1075 787 ὤν
1124 733 1519 804 πολεμήσοντα
1549 728 1601 801 ἒξ
1634 728 1873 804 ἀνάγκης
1917 728 2009 783 τὸν

361 826 435 897 μή
469 823 700 879 θέλοντα
730 819 1020 893 πολεμεῖν.
1070 822 1167 875 Διά
1218 824 1386 875 ταῦτα
1439 823 1567 894 γοῦν
1602 817 1667 873 τὰ
1722 818 1839 872 κατ’
1871 815 2009 871 ἐκεί-

359 933 455 967 νου
506 909 695 967 εὐώδει
748 906 1206 985 παραϐολώτερον
1238 905 1686 981 συμπλεκόμενα.
1720 902 1857 963 Οὔτε
1910 904 2011 981 γὰρ

365 1003 418 1057 οἱ
451 1001 833 1074 ἀνθιστάμενοι
866 997 1061 1073 ἴσχυον
1098 1000 1179 1071 [Ρ.
1213 999 1339 1070 304]
1395 998 1593 1072 ὁρμαῖς
1654 992 2009 1056 ἀτακτούσαις

360 1093 656 1165 ἀντισχεῖν,
700 1088 789 1144 καὶ
830 1089 892 1143 τὸ
927 1085 1236 1143 διευτονοῦν
1293 1082 1642 1161 κατωρῥώδει
1698 1086 1797 1154 τὴν
1850 1085 2011 1138 ἀπέν-

356 1180 530 1250 τευξιν
566 1180 644 1241 ὡς
689 1179 765 1251 μὴ
796 1182 982 1240 καλῶς
1022 1172 1373 1251 χρησομένου
1427 1177 1524 1229 τοῦ
1581 1172 2009 1248 περιγεγονὸτος.

352 1269 424 1323 Τὸ
461 1267 567 1343 γὰρ
598 1265 675 1328 εἷς
728 1270 919 1339 χεῖρας
974 1262 1218 1338 γενέσθαι
1248 1267 1327 1334 τῷ
1361 1267 1587 1337 Δαχανᾷ
1641 1259 1729 1316 ἷ¹σα
1784 1263 1871 1317 καὶ
1906 1263 2008 1316 θά-

356 1377 519 1419 νατος
545 1357 611 1424 ἦν
646 1354 907 1423 ἆπηνείας
934 1350 1089 1408 ἕνεκα
1145 1359 1244 1421 τῆς
1305 1351 1565 1426 ἐσχοὶτης⁸
1627 1344 1873 1426 βαρϐαρα
1901 1350 2006 1426 γὰρ

356 1443 463 1515 ἤθη
496 1446 563 1499 τὰ
591 1443 649 1499 ἐκ
679 1444 855 1518 τύχης
888 1441 1094 1498 ἐλεεινᾶ
1157 1437 1453 1514 μαλάσσειν
1484 1436 1583 1494 οὸκ
1640 1435 1811 1494 οἶδεν.
1842 1440 2002 1496 ’Όθεν

350 1533 441 1588 καὶ
472 1530 745 1593 πολλάκις
773 1537 891 1592 ταῖς
945 1528 1182 1602 τόλμαις
1229 1548 1644 1603 περιγενομενοι
1704 1528 2007 1602 παραυτίκα

354 1627 433 1694 τῷ
488 1627 594 1677 τῶν
657 1619 844 1676 δεινῶν
908 1617 1186 1692 ἑλπισμῷ,
1222 1617 1267 1671 εἰ
1314 1616 1513 1689 ἀλῷεν,
1576 1614 2002 1690 συστελλόμενοι

2116 460 2384 536 γομένοις
2414 461 2526 516 ἐκεῖ
2556 461 2655 517 οὐκ
2699 461 2767 531 ἧν
2813 463 3176 534 ὑπονοηθῆναι
3199 463 3256 518 τὸ
3285 469 3454 537 σῶζον,
3477 465 3576 522 ἀλλ’
3599 471 3654 531 ὡς

2117 549 2307 626 ἐχθροὶ
2351 548 2701 620 ἐκολάζοντο.

2225 694 2295 764 η’.
2326 694 2514 756 Ὅπως
2544 692 2729 770 Μαρία
2762 693 2856 767 μὲν
2891 690 3159 767 παρεδόθη
3195 693 3407 769 βασιλεῖ,
3434 696 3581 754 Ἀσάν.

2186 821 2267 892 [Ρ.
2301 822 2427 894 305]
2475 814 2790 895 Ἐτρίϐοντο
2853 819 2948 893 μὲν
2983 814 3069 874 οὖν
3101 817 3319 876 ἐντεῦθεν
3361 821 3420 876 τὰ
3464 822 3664 897 πράγμα-

2113 928 2200 974 τα,
2236 906 2414 978 ἄλλην
2446 905 2491 963 δ’
2532 906 2858 981 ἀπαλλαγὴν
2896 909 3003 964 τῶν
3047 912 3218 963 κακῶν
3272 908 3363 964 οὐκ
3407 911 3463 979 ἧν
3490 908 3661 979 ἐλπίζε-

2117 996 2234 1049 σθαι
2289 994 2339 1050 εἴ
2393 996 2469 1069 μή
2498 1000 2596 1051 τοῦ
2653 992 2930 1073 βαρϐάρου
2991 994 3436 1072 ἀπαλλαγήν.Ἧς
3479 997 3552 1052 καὶ
3592 1019 3662 1053 τα-

2118 1090 2263 1160 χὲως
2295 1084 2609 1156 ἐξελθόντος
2637 1084 2931 1157 ἐπιστάσης
2964 1085 3046 1160 (τὸ
3099 1086 3194 1160 γὰρ
3249 1081 3554 1159 παλίμϐολον
3590 1094 3665 1156 τῆς

2116 1173 2293 1249 τύχης
2324 1173 2446 1229 ὅσον
2480 1171 2633 1229 οὔπω
2664 1174 2765 1229 οὐκ
2820 1175 2890 1244 ἦν
2944 1173 3183 1253 ἐκφυγεῖν
3237 1174 3437 1243 ἐκεῖνον,
3461 1174 3534 1229 καὶ
3562 1173 3669 1247 μᾶλ-

2116 1273 2211 1317 Λον
2234 1263 2535 1341 φυσηθέντα
2564 1264 2625 1318 τὸ
2672 1269 2777 1319 πᾶν
2833 1262 2895 1318 ἐκ
2937 1263 3139 1339 τύχης,
3195 1262 3304 1319 ὅθεν
3348 1262 3429 1318 καὶ
3466 1262 3667 1338 Τοχάρων

2113 1350 2423 1424 ἡττημένος
2453 1350 2780 1429 ἠγγέλλετο)
2808 1356 2931 1416 ταῖς
2983 1349 3180 1414 ἐκεῖθεν
3238 1353 3430 1429 φήμαις
3474 1349 3671 1423 ἐμπίπτει

2114 1434 2469 1516 Τερνοϐίταις
2493 1441 2685 1519 καιρὸς
2720 1441 3080 1518 ὡρμημένοις
3110 1438 3277 1496 πάλαι
3322 1440 3447 1495 κατᾶ
3490 1439 3674 1512 Μαρίας,

2110 1530 2199 1584 καὶ
2232 1531 2346 1603 ἅμα
2392 1528 2548 1585 παιδὶ
2605 1528 2927 1605 προδιδόναι
2983 1530 3183 1600 ταύτην
3242 1527 3453 1603 ἔγνωσαν
3490 1530 3677 1589 τοῖςτοῦ

2116 1617 2403 1694 βασιλέως,
2434 1620 2526 1674 τὸν
2586 1620 2745 1676 Ἀσάν
2804 1617 2863 1674 δὲ
2915 1616 3182 1690 δεσπότην
3240 1616 3473 1693 ἐδέχοντο
3520 1615 3594 1671 καὶ
3616 1613 3680 1669 ὅτι

356 1712 776 1781 ἀπηντεύκτουν.
823 1707 1067 1769 Πολλαῖς
1097 1706 1190 1780 μὶν
1225 1704 1314 1761 οὖν
1345 1712 1464 1769 ταῖς
1525 1705 1664 1784 ἀμφὶ
1695 1706 1785 1760 τὸν
1843 1707 2002 1765 Ἀσάν
2036 1733 2083 1799 Β
2111 1707 2200 1762 καὶ
2234 1707 2293 1763 ἐκ
2320 1706 2557 1763 παλαιοῦ
2580 1709 2829 1784 προσῆκέ
2854 1710 2905 1765 οἱ
2936 1710 3003 1765 τὰ
3059 1704 3381 1783 Βουλγάρων
3432 1709 3681 1782 πράγματα.

355 1800 609 1873 δυνάμεσι
686 1798 1175 1873 περιεστοιχίζετοο
1237 1794 1384 1864 πλὴν
1448 1796 1499 1849 οἱ
1554 1794 1753 1850 ἐκεῖθεν
1836 1794 2008 1851 ἐνίοτε

352 1890 441 1944 καὶ
472 1887 692 1951 ἄκοντες
723 1886 1085 1960 ἁλισκόμενοι
1118 1885 1169 1940 ἐν
1204 1888 1395 1945 καλοῖς
1424 1884 1567 1953 ἦσαν
1599 1880 1690 1938 διὰ
1717 1883 1780 1938 τὸ
1830 1904 2005 1960 προσο

353 1978 572 2034 πίπτειν
596 1977 811 2047 αὐτίκα,
845 1978 920 2039 ὡς
972 1974 1131 2046 δῆθεν
1191 1973 1455 2048 τυράννου
1517 1971 1611 2046 μὲν
1667 1970 2010 2050 ἀπαλλαγέν-

352 2195 642 2267 primores
705 2190 1005 2263 principes
1074 2188 1484 2262 Bulgarorum,
1550 2190 1617 2243 ut
1675 2202 1875 2243 eorum
1927 2187 2001 2243 ad

352 2285 594 2350 bellum,
629 2282 783 2354 quod
816 2281 1096 2352 utrinque
1127 2284 1289 2336 atrox
1320 2278 1686 2351 expectabat,
1715 2277 1831 2332 fida
1862 2281 2004 2332 stre-

350 2388 588 2444 nuaque
618 2371 703 2427 uti
736 2385 911 2442 opera
950 2373 1169 2442 posset.
1227 2369 1353 2425 Non
1405 2367 1563 2423 enim
1613 2368 1665 2423 ei
1699 2370 2004 2439 supererat

348 2477 485 2533 spes
516 2459 725 2515 salutis
759 2457 998 2512 aliunde
1039 2455 1160 2512 ulla
1194 2473 1371 2527 quam
1418 2473 1487 2511 ex
1514 2456 1569 2509 vi
1611 2459 1833 2527 aperta,
1863 2471 1998 2510 cum

348 2552 505 2604 esset
530 2546 904 2602 manifestum
930 2560 1119 2616 neque
1140 2560 1274 2599 cum
1297 2543 1592 2609 Tocharis,
1618 2560 1764 2613 quos
1786 2543 2000 2615 impla-

348 2637 619 2693 cabiliter
650 2635 907 2689 irritatos
940 2633 1171 2704 magnis
1201 2650 1236 2688 a
1267 2649 1329 2688 se
1346 2631 1567 2703 accepit
1597 2632 1864 2688 cladibus
1885 2633 1998 2688 sci-

348 2732 657 2798 ret,neque
672 2740 807 2779 cum
822 2723 1374 2795 imperatore,quem
1393 2721 1726 2777 domestica
1741 2721 1998 2778 rationes

345 2817 418 2872 ad
450 2812 1246 2884 irrevocabiliterurgendam
1269 2812 1468 2883 generi
1501 2810 1752 2882 filimque
1774 2810 1834 2866 in
1861 2810 1993 2867 Bul-

341 2905 513 2980 gariae
547 2919 791 2976 regnum
824 2901 1185 2958 evectionem
1217 2898 1669 2971 compellebant,
1694 2901 1993 2956 tractatio-

345 3012 478 3051 nem
510 2993 648 3050 iniri
683 2991 862 3048 ullam
894 2996 998 3048 aut
1023 2991 1108 3048 vel
1134 2990 1350 3048 tentari
1381 2990 1796 3046 conventiones
1822 2989 1992 3046 fmde-

340 3085 422 3140 ris
450 3099 641 3154 posse.
672 3082 953 3145 Quocirca
992 3085 1281 3151 quantum
1333 3078 1565 3135 valebat
1615 3078 1865 3135 maxime
1915 3078 1984 3134 ad

341 3174 572 3229 fortiter
600 3171 995 3228 resistendum
1031 3185 1092 3224 se
1124 3168 1386 3240 parabat,
1411 3166 1586 3223 vellet
1617 3167 1798 3222 nollet
1827 3184 1893 3223 eo
1915 3166 1989 3222 il-

345 3262 465 3316 lum
499 3262 767 3329 adigente
798 3256 1149 3314 necessitate
1192 3254 1395 3311 tuendi
1429 3256 1589 3325 regni
1620 3275 1640 3321 ,-
1671 3256 1822 3324 quod
1855 3271 1989 3311 cum

341 3364 647 3421 capessere
679 3363 860 3401 ausus
890 3349 1065 3412 esset,
1100 3361 1216 3399 non
1251 3344 1422 3397 modo
1456 3348 1673 3413 tenere,
1706 3342 1850 3397 illud
1885 3343 1986 3398 sed

339 3438 521 3493 etiam
572 3434 681 3490 sibi
730 3435 966 3488 firmare
1015 3437 1191 3502 atque
1260 3446 1524 3486 asserere
1576 3430 1983 3486 contendebat.

331 3530 479 3582 Cum
510 3528 704 3579 autem
737 3521 979 3578 assidue
1004 3521 1176 3577 modo
1201 3520 1309 3575 hac
1333 3520 1505 3575 modo
1528 3518 1663 3574 illac
1692 3519 1889 3575 hostes
1914 3519 1988 3573 ir-

342 3618 705 3685 rumperent,
740 3610 1032 3668 Lachanas
1074 3610 1287 3682 raptim
1324 3610 1391 3663 ad
1427 3608 1626 3664 omnia
1675 3625 1984 3665 occurrens

333 3702 581 3776 praeliari
628 3702 809 3757 ferme
860 3699 1118 3771 quotidie
1167 3699 1503 3768 cogebatur.
1568 3698 1628 3752 Id
1676 3697 1985 3770 ipsumque

331 3793 601 3849 alacriter
631 3792 861 3864 agebat,
893 3790 1113 3862 quippe
1142 3787 1514 3860 quantumvis
1560 3786 1736 3842 homo
1767 3787 1982 3843 barba-

330 3901 454 3953 rus,
489 3883 634 3940 satis
659 3880 870 3953 judicii
901 3878 1156 3935 habebat
1197 3878 1267 3932 ad
1320 3875 1772 3950 intelligendum
1823 3877 1979 3949 quod

327 3978 416 4031 est
440 3973 836 4040 verissimum,
872 3977 1271 4042 pugnaturum
1311 3983 1445 4022 eum
1500 3981 1635 4021 cum
1688 3983 1800 4021 non
1833 3965 1982 4022 volet

326 4064 424 4136 qui
460 4080 575 4119 non
610 4068 829 4133 pugnat
851 4075 984 4114 cum
1012 4058 1308 4129 potest.Ac
1340 4060 1578 4127 propter
1607 4054 1781 4111 istam
1806 4054 1981 4127 impi-

327 4168 492 4222 gram
524 4150 832 4205 audaciam
884 4148 955 4203 ad
1013 4145 1230 4217 quasvis
1264 4144 1419 4199 ultro
1470 4142 1731 4216 pericula
1772 4160 1980 4199 occur-

329 4238 492 4293 rendi
527 4236 758 4292 favebat
786 4234 838 4291 ei
870 4234 1214 4307 plerumque
1238 4234 1470 4288 fortuna
1503 4231 1978 4301 belli,vehemen-

331 4326 518 4392 tibus,
569 4324 704 4380 licet
749 4323 1124 4389 inordinatis,
1176 4321 1369 4377 ruenti
1421 4320 1798 4388 incursibus;
1830 4338 1974 4390 quos

326 4429 498 4485 saepe,
534 4411 938 4467 ineluctabiles
982 4410 1203 4484 experti
1257 4409 1477 4464 milites
1525 4409 1732 4477 nostri,
1766 4426 1974 4482 parum

2118 1798 2183 1854 Ἡ
2245 1797 2339 1870 μὶν
2391 1796 2482 1852 οὖν
2543 1798 2721 1874 Μαρία
2758 1794 3037 1874 ἔμφορτος
3076 1795 3205 1853 οὖσα
3230 1801 3306 1869 τῷ
3335 1795 3431 1850 ἀπὸ
3477 1798 3559 1849 τοῦ
3586 1793 3685 1868 βαρ·

2120 1882 2292 1963 ϐάρου
2349 1889 2630 1962 κυήματι,
2680 1890 2795 1963 ἅμα
2846 1886 3002 1945 παιδὶ
3060 1886 3298 1964 Μιχαὴλ
3342 1886 3465 1963 πρὸς
3518 1880 3692 1959 βασιλέα

2121 1974 2412 2051 (ἰπεδήμει
2468 1978 2569 2055 γὰρ
2629 1982 2700 2053 τῇ
2775 1976 3071 2055 Ἀδριανοῦ
3128 1978 3191 2033 τὸ
3246 1974 3496 2052 δεύτερον)
3547 1970 3693 2047 ἤγετο.

2112 2192 2255 2248 totis
2285 2192 2415 2248 suis
2444 2192 2669 2248 viribus
2700 2209 2815 2248 non
2850 2187 3179 2260 uterentur,
3210 2196 3267 2250 et
3294 2191 3515 2248 horrore
3549 2186 3695 2259 captio

2111 2281 2315 2336 vitatis
2346 2282 2529 2336 nimio
2556 2282 2858 2338 constricti
2878 2283 3324 2339 retardarentur
3349 2298 3382 2336 a
3409 2276 3697 2335 connitendo

2115 2374 2397 2441 quantum
2432 2375 2692 2443 possent.
2728 2371 2793 2426 In
2826 2370 2935 2427 hoc
2964 2375 3096 2427 tum
3154 2372 3305 2428 nodo
3351 2367 3581 2424 haerebat
3604 2362 3696 2419 bel-

2111 2457 2258 2525 lum,
2288 2460 2401 2515 cilo
2450 2459 2665 2531 alioqui
2707 2460 3064 2516 finiendum.
3116 2460 3264 2516 Nam
3315 2463 3372 2516 et
3413 2455 3639 2529 plurima
3661 2455 3704 2507 et

2111 2546 2539 2604 ﬂorentissimae
2587 2549 2985 2622 undecunque
3036 2548 3385 2606 conclusum
3429 2544 3701 2603 Lachanam

2108 2637 2323 2693 Aeanis
2353 2638 2532 2710 cepiaa
2561 2638 2881 2709 tenebant;
2932 2656 3042 2696 nec
3093 2643 3296 2695 tamen
3342 2632 3706 2697 debellabatur,

2108 2731 2259 2781 metu
2284 2726 2567 2797 perculsis
2592 2728 2875 2783 Romanis
2898 2728 3199 2785 militibus
3216 2727 3290 2784 ob
3305 2725 3537 2782 nimium
3555 2720 3702 2777 diver-

2106 2831 2234 2871 sam
2268 2816 2663 2872 conditionem
2697 2817 2976 2890 utrinque
3009 2814 3607 2889 captivorum.Nempe
3625 2805 3704 2880 qui

2105 2921 2139 2959 a
2168 2905 2385 2961 nostris
2419 2904 2569 2961 bello
2599 2905 3230 2978 capiebantur,felices
3265 2903 3558 2976 dupliciter
3574 2899 3701 2954 erant

2103 2998 2229 3048 tum
2263 2994 2418 3065 quod
2452 2993 2686 3049 saevitiae
2715 2995 2824 3049 diri
2859 2997 3126 3066 tyranni,
3150 2994 3249 3050 cui
3280 2986 3706 3051 servierant,sub-

2100 3082 2269 3137 tracti
2300 3087 2519 3149 essent,
2551 3086 2675 3138 tum
2710 3083 2869 3155 quod
2900 3083 2957 3137 in
3006 3083 3210 3141 lenem
3243 3088 3418 3155 atque
3440 3081 3707 3136 humanam

2097 3173 2454 3229 transissent
2486 3177 2836 3244 potestatem
2861 3172 3182 3230 clementis
3218 3170 3498 3246 principis
3527 3185 3540 3223 :
3566 3180 3709 3222 econ-

2098 3261 2276 3316 trario
2306 3261 2408 3332 qui
2440 3278 2474 3317 a
2501 3262 2784 3317 Lachanaa
2818 3260 3120 3318 militibus
3154 3256 3710 3324 abducebantur,cer-

2097 3353 2223 3405 tum
2240 3349 2534 3406 habebant
2547 3349 2767 3406 nullam
2784 3365 3103 3422 superesse
3116 3349 3338 3406 salutis
3351 3342 3712 3423 spem;quippﬁ

2095 3438 2393 3507 statim,ut
2420 3437 2996 3506 hostes,inexorabili
3023 3440 3269 3496 feritate
3303 3437 3711 3495 trucidabantur.

2091 3599 2143 3654 8.
2182 3600 2245 3655 Ut
2274 3598 2454 3654 Maria
2482 3597 2708 3669 quidem
2739 3597 2950 3653 tradita
2980 3597 3358 3670 imperatori,
3396 3596 3546 3670 Asan
3571 3594 3716 3647 autem

2413 3671 2561 3725 intra
2594 3670 2895 3725 Temobum
2922 3669 3220 3727 admissus
3247 3669 3444 3743 fuerit.

2163 3793 2414 3849 Extracti
2447 3810 2550 3866 per
2580 3794 2687 3851 has
2719 3811 2913 3851 moras
2944 3796 3006 3852 in
3041 3795 3299 3870 longius
3331 3809 3495 3868 equo
3529 3794 3720 3861 tempus

2089 3882 2226 3938 belli
2257 3882 2554 3955 Bulgaridi
2590 3901 2703 3939 non
2738 3883 2975 3940 aliunde
2994 3902 3031 3941 ο.
3055 3884 3551 3958 prudentioribus
3568 3877 3719 3934 exitus

2086 3973 2529 4045 exspectabatur
2559 3988 2731 4043 quam
2767 3989 2801 4028 a
2824 3972 2989 4029 clade
3023 3974 3365 4042 Lachanae;
3401 3970 3618 4046 qualem
3636 3963 3723 4021 luit

2084 4059 2243 4115 brevi
2262 4063 2737 4131 seperventuram
2758 4059 3020 4131 aliquam
3042 4062 3411 4119 verisimilis
3435 4075 3562 4132 spes
3576 4055 3720 4115 esset.

2083 4149 2237 4220 quod
2271 4148 2320 4204 is
2350 4148 2824 4218 frequentissime
2848 4149 3499 4224 periculosissimeque
3515 4143 3722 4204 dimica-

2083 4242 2190 4305 ret,
2242 4254 2346 4293 nec
2395 4254 2628 4310 semper
2669 4244 3100 4310 superaturum
3161 4245 3484 4315 appareret
3527 4236 3726 4309 propter

2081 4327 2313 4383 solitam
2344 4327 2811 4384 inconstantiam
2845 4327 3053 4399 sortis,
3106 4332 3458 4404 praesertim
3508 4322 3727 4384 cumin-

2080 4416 2256 4472 ﬂatus
2288 4416 2661 4473 successibus
2685 4416 2873 4474 multa
2897 4425 3128 4476 temere
3152 4420 3610 4490 inconsulteque
3627 4426 3730 4468 sus-

319 4504 442 4573 jam
478 4500 735 4557 fidebant
764 4500 1091 4571 disciplinas
1111 4505 1287 4571 atque
1333 4498 1523 4554 ordini
1572 4515 1746 4571 quem
1770 4499 1970 4555 ohser-
2008 4494 2043 4553 ll
2078 4506 2315 4577 αἱρεταί,
2346 4506 2406 4562 1d
2460 4523 2575 4561 non
2611 4505 2757 4562 falso
2810 4508 3130 4580 provisum
3180 4510 3354 4567 haud
3403 4507 3587 4566 multo
3625 4500 3734 4577 post

323 4608 458 4647 vare
486 4591 545 4645 in
580 4591 701 4646 acie
727 4590 1075 4658 didicerant,
1113 4606 1178 4643 ac
1221 4588 1442 4661 passim
1494 4587 1812 4643 horrebant
1840 4604 1973 4644 cum

324 4698 390 4737 eo
422 4679 718 4752 congredi,
750 4678 1072 4750 praesertim
1106 4677 1261 4749 quod
1307 4674 1576 4747 exempla
1605 4676 1971 4733 crudelitatis

331 4787 459 4843 qum
491 4768 668 4825 homo
709 4768 867 4823 ferus
898 4772 956 4823 et
987 4765 1266 4822 immanis
1296 4765 1355 4819 in
1402 4763 1552 4820 bello
1584 4764 1772 4835 captis
1803 4766 1973 4822 edere

325 4859 570 4921 solebat,
604 4857 719 4914 late
745 4855 982 4929 vulgata
1013 4855 1424 4927 refrigerarent
1475 4853 1729 4925 impetus
1760 4855 1969 4912 misso-

325 4966 458 5004 rum
491 4955 690 5003 contra
737 4961 873 5002 eum
922 4944 1180 5000 militum
1236 4947 1594 5013 nostrorum,
1643 4945 1799 4999 ΑΔΒ
1835 4944 1969 5001 inde

324 5042 507 5095 morte
551 5037 720 5110 pejus
766 5033 1129 5089 horrentium
1207 5047 1421 5087 manus
1470 5048 1601 5086 cum
1650 5031 1750 5086 tuli
1803 5033 1970 5090 hoste

320 5144 644 5195 conserere,
676 5140 852 5197 quem
901 5121 1064 5178 nulla
1117 5120 1523 5177 calamitatum
1573 5119 1966 5178 humanarum

2083 4594 2368 4662 constitit,
2437 4594 2595 4651 fama
2650 4610 2788 4652 vera
2860 4596 3122 4670 vulgata
3185 4600 3333 4656 victi
3396 4618 3432 4656 a
3487 4589 3736 4654 Tochari:

2081 4683 2279 4756 przelio
2317 4683 2611 4741 Lachanaa.
2646 4686 2768 4751 Quo
2811 4685 3026 4742 nuntio
3083 4688 3276 4745 exciti
3325 4676 3734 4745 Ternobitzead

2082 4775 2428 4845 captandam
2454 4774 2679 4829 dudum
2692 4779 2953 4846 optatam
2967 4777 3376 4835 occasionem
3391 4771 3741 4836 excutienda.

2083 4862 2409 4918 cervicibus
2460 4863 2620 4917 finde
2656 4863 2922 4935 tyrannis
2982 4864 3328 4939 Marizeque
3394 4859 3738 4921 ulciscenda.

2080 4953 2139 5008 in
2173 4968 2351 5023 quam
2383 4952 2645 5023 antiquis
2674 4951 2827 5008 odiis
2874 4952 3257 5026 ﬂagrabant,
3313 4957 3533 5015 dedere
3572 4953 3740 5025 ipsam

2079 5042 2463 5097 decreverunt
2493 5057 2611 5096 una
2639 5042 2789 5096 447
2825 5057 2962 5097 cum
2992 5041 3130 5099 ﬁlio
3178 5046 3450 5102 ducibus
3479 5040 3741 5099 exercitus

2078 5128 2472 5201 imperatoris,
2502 5131 2876 5202 Asanemque
2906 5130 2967 5186 in
2996 5131 3350 5192 dominum
3387 5123 3745 5205 recipere,cui

315 5215 722 5274 misericordia
746 5210 1005 5268 molliret
1037 5210 1106 5265 ad
1144 5208 1569 5265 sublevandam
1600 5207 1970 5281 indulgentia
2067 5220 2171 5289 jus
2191 5224 2363 5275 vetus
2393 5218 2765 5290 competebat
2785 5234 2855 5275 ex
2874 5235 3100 5291 genere
3126 5224 3210 5280 ad
3238 5222 3676 5280 successionem
3696 5217 3745 5269 in

310 5307 397 5364 vel
430 5305 676 5364 minima
707 5317 909 5358 eorum
941 5304 1340 5370 sortem,quos
1372 5296 1433 5350 in
1456 5296 1587 5366 ejus
1616 5300 1966 5367 potestatem

309 5398 463 5453 Mars
515 5394 714 5451 varius
764 5389 982 5447 infelici
1034 5405 1175 5445 casu
1236 5384 1580 5454 redegisset.
1631 5383 1775 5440 Huic
1815 5393 1965 5446 certe

309 5504 499 5545 causae
530 5482 953 5558 imputabatur,
987 5478 1143 5552 quod
1187 5473 1402 5546 majori
1459 5490 1614 5545 saepe
1664 5477 1964 5536 commissi

311 5577 573 5650 potentia
614 5576 941 5632 Lachanam
987 5585 1105 5627 non
1151 5565 1478 5637 vincerent,
1508 5564 1650 5637 quia
1679 5566 1962 5629 nimirum

2076 5324 2323 5381 regnum
2356 5307 2764 5379 Bulgarorum.
2791 5308 2975 5367 Maria
3013 5308 3226 5382 igitur
3280 5318 3530 5370 uterum
3561 5320 3745 5385 gerens

2073 5414 2144 5453 ex
2174 5397 2420 5453 barbaro
2453 5397 2748 5467 Laohana,
2791 5397 2970 5455 simul
3011 5415 3171 5458 cum
3227 5403 3528 5459 Michaele
3566 5412 3745 5473 puero»

2073 5487 2326 5543 deducta
2355 5490 2427 5544 ad
2456 5487 2871 5561 imperatorem
2898 5488 3389 5567 Adrianopolim
3425 5497 3519 5551 est
3543 5491 3623 5565 (in
3637 5500 3749 5545 eam

2074 5574 2232 5634 enim
2283 5576 2490 5634 urbem
2539 5578 2862 5652 imperator
2904 5579 3193 5640 secundo
3249 5582 3621 5655 advenerat),
3666 5573 3752 5633 ubi
