3912 6192
226 298 313 353 905
1241 295 1340 348 DE
1374 291 1746 348 MICHAELE
1782 291 2227 348 PALIEOLOGO
2262 295 2395 346 LIB.
2437 296 2534 348 VI.
3497 299 3604 356 906

221 422 297 476 καὶ
321 418 573 497 φυλακαῖς
626 425 746 482 ταῖς
808 417 1220 494 προσηκούσαις
1273 413 1508 470 ἐδίδοτο·
1572 413 1729 470 Ἀσᾶν
1783 409 1840 467 δὲ
1869 416 1922 482 Α
2128 416 2190 469 ϐ’.
2224 417 2413 477 ’Ὁπως
2445 417 2601 472 Ἀσᾶιν
2637 415 2694 472 ἐκ
2726 415 3002 494 Τερνόὸου
3034 419 3418 496 ἀπεχώρησεν.

218 511 291 565 καί
336 510 417 563 σὺν
471 507 704 583 Εῗρήνῃ,
765 508 874 582 οὐχ
934 508 1068 580 ἅμα,
1128 504 1273 561 ἀλλὰ
1337 505 1470 577 μετᾶ
1521 503 1612 556 τὸν
1674 503 1837 556 Ἀσᾶν
2021 506 2102 575 [Ρ.
2136 505 2264 577 306]
2317 505 2480 580 Εἶχεν
2541 507 2634 560 οὗν
2687 505 2920 570 ἐντεῦθεν
2964 514 3043 581 τῷ
3093 507 3268 564 δοκεῖν
3294 512 3361 564 τὰ
3396 512 3604 585 μεγάλα

217 597 380 668 ἐκείνη,
446 593 714 671 βασιλέως
771 597 906 672 πρὸς
964 593 1127 650 πόλιν
1185 592 1442 658 ἐλθόντος
1493 589 1680 662 ἀνέὃην
1715 589 1840 644 ἐπέ·
1947 592 2086 666 πρὸς
2136 595 2412 668 συνεργίαν
2473 596 2500 649 ὁ
2560 596 2737 665 Ἀσὶν,
2795 598 2884 651 καὶ
2945 597 3149 672 χρόνος
3206 597 3395 674 ὀλίγος
3456 601 3602 672 αὐτῷ

216 683 368 741 ϐαινον
418 681 691 759 Τερνόὸου
737 687 827 740 καὶ
887 683 1130 760 βασιλεῖς
1189 682 1543 760 ἐφημίζοντο.
1577 683 1674 734 Ἦν
1710 677 1839 733 δ’ἐν
1948 680 2272 757 παρεμὲτρει
2331 685 2428 751 τὴν
2487 689 2593 737 τῶν
2651 684 2984 761 Βουλγάρων
3045 689 3266 762 ἀρχήν.
3332 689 3481 743 Ἐπεὶ
3545 688 3602 744 δὲ

212 782 311 838 τοῖς
337 774 565 848 μάλιστα
602 780 711 828 τῶν
745 773 1106 848 προύχόντων
1159 772 1248 826 καὶ
1310 774 1607 846 Τερτερῆς,
1669 768 1714 841 ᾧ
1773 766 1839 837 δὴ
1946 772 2162 845 ταχέως
2191 772 2617 844 παρακεκίνηντο
2649 775 2806 848 (πρὸς
2844 775 2948 849 γὰρ
2999 776 3244 830 ἀπιστίαν
3302 777 3363 830 τὸ
3421 777 3598 833 Βουλ-

213 865 289 919 καῖ
319 863 563 938 μεγάλως
612 864 675 917 τὸ
705 862 1082 936 Βουλγαρικὸν
1117 866 1382 935 προσεῖχε
1426 860 1512 912 καὶ
1547 859 1671 932 παρ’
1706 856 1841 911 ἐκεί.
1947 861 2168 937 γαρικὸν
2227 858 2472 934 ἕτοιμον,
2520 864 2609 917 καὶ
2668 862 2856 933 αὔραις
2902 863 3010 919 ἔστι
3069 865 3335 920 πιστεύειν
3383 867 3595 939 ἀνέμων

215 975 312 1013 νοις
349 950 723 1026 ἐμεγαλίζετο.
779 955 979 1006 Τοῦτον
1028 945 1288 1004 ἐϐούλετο
1327 949 1418 1021 μὲν
1455 945 1710 1022 βασιλεὺς
1767 950 1844 1016 τῷ
1954 949 2165 1022 μᾶλλον
2223 950 2257 1019 ἢ
2317 956 2465 1026 σφῶν
2526 951 2803 1026 εὐνοίαις),
2862 955 2950 1008 καὶ
3009 955 3074 1008 τὰ
3123 963 3221 1024 τῆς
3269 957 3594 1019 ἀποστασίαις

213 1043 348 1098 Ἀσὶν
388 1043 524 1096 κατά
573 1040 733 1116 γένος
785 1040 1044 1115 συνείρειν
1094 1038 1182 1094 καὶ
1231 1043 1395 1110 τιμᾷν
1429 1037 1720 1110 ἀξιώμασι·
1782 1035 1844 1088 τὸ
1952 1037 2122 1108 δῆλον
2156 1041 2287 1110 ἦσαν
2318 1039 2377 1094 ix
2405 1039 2630 1095 πολλῶν
2665 1040 2972 1114 ὠδίνοντες,
3021 1043 3354 1120 ἀνεζωπύρει
3387 1044 3441 1100 δὲ
3469 1046 3599 1100 τού-

213 1139 300 1207 γαρ
353 1132 581 1207 ὑφέρπον
634 1131 725 1184 ἀπ’
776 1129 984 1184 ἐκείνου
1043 1128 1180 1203 πρὸς
1234 1126 1509 1203 βασιλείαν
1559 1123 1702 1179 πολὺ
1751 1124 1840 1191 ἦν,
1949 1150 2066 1190 τοις
2113 1130 2208 1191 τὰς
2256 1130 2478 1204 γνώμας
2527 1131 2616 1184 καὶ
2662 1137 2924 1205 Τερτερῆς
2973 1131 3250 1209 κρυφηδὸν
3306 1136 3600 1208 βασιλειῶν

213 1219 314 1273 ἐπεὶ
360 1219 441 1272 καὶ
502 1222 821 1292 στρατηγῶν
857 1215 1028 1286 δῆλος
1057 1217 1122 1285 ἦν
1184 1220 1279 1270 τοῦ
1333 1214 1579 1287 μείζονος
1629 1213 1843 1284 ἐφιέμεν·
1949 1215 2084 1287 ἤδη,
2115 1218 2204 1270 καὶ
2235 1215 2413 1272 τᾶλλα
2453 1219 2680 1296 φανερὸς
2710 1214 2783 1273 ὥν
2818 1220 2892 1281 εἷς
2942 1223 3040 1288 τήν
3073 1221 3306 1295 ὑποψίαν
3348 1222 3496 1295 μόνῳ
3523 1223 3601 1295 τῷ

211 1331 315 1370 νος.
345 1305 624 1381 Ἐμποδὼν
661 1305 706 1362 δ’
767 1307 834 1376 ἦν
866 1312 982 1368 τοῖς
1037 1303 1459 1382 βουλευομένοις
1507 1307 1542 1373 ἡ
1594 1302 1841 1377 σύζυγος’
1952 1307 2087 1380 πρὸς
2117 1305 2206 1359 τὸν
2242 1306 2400 1362 Ἀσᾶιν
2433 1305 2589 1378 κήδει
2623 1306 3078 1379 συνεκαλύπτετο,
3141 1308 3213 1370 ὡς
3251 1311 3326 1381 μή
3382 1308 3604 1385 προδώ-

207 1399 268 1454 τὸ
317 1398 404 1473 γὰρ
457 1397 658 1466 ταύτην
717 1393 918 1470 ἔχοντα
967 1397 1228 1468 τιμᾶσθαι
1303 1391 1469 1468 μηδὲν
1529 1397 1607 1463 τῷ
1684 1391 1840 1447 Ἀσᾶν
1953 1417 2058 1448 σων
2093 1391 2248 1459 δῆθεν
2282 1396 2327 1467 ᾧ
2359 1397 2494 1449 κατὰ
2520 1397 2670 1472 γένος
2695 1399 3018 1468 συνήπτετο,
3053 1395 3282 1451 συνιδὼν
3313 1399 3412 1466 τὴν
3441 1419 3608 1473 παρα-

207 1487 501 1560 nti-(svo;
532 1487 870 1540 συνάπτοντα
920 1480 1302 1556 λαμϐάνοντος
1338 1482 1550 1555 μᾶλλον
1582 1482 1647 1550 ἦν
1710 1481 1844 1555 πρὸς
1951 1483 2162 1553 κίνησιν
2196 1485 2223 1538 ὁ
2281 1485 2465 1552 Ἀσαν,
2513 1485 2601 1538 καὶ
2653 1483 2829 1547 δείσας
2886 1488 2960 1558 μὴ
3013 1482 3389 1559 προλαϐόντες
3443 1486 3605 1560 ἐκρή-

206 1578 294 1644 τήν
343 1580 442 1630 τῶν
505 1575 926 1647 ὑπονοουμένων
983 1571 1170 1647 ἄναψιν
1199 1571 1456 1626 πλεῖστον
1517 1573 1640 1625 ὅσον
1670 1569 1843 1643 ἐμπύ-
1953 1574 2088 1644 ξοιεν
2118 1574 2178 1627 τὸ
2211 1570 2384 1627 δεινὸν
2414 1574 2503 1627 καὶ
2553 1575 2618 1628 οὐ
2678 1575 2880 1647 φευκτὰ
2909 1571 3089 1629 ἕσοιτό
3125 1577 3175 1630 οἱ
3205 1577 3270 1630 τὰ
3298 1581 3395 1630 τοῦ
3421 1573 3608 1631 κινδύ-

209 1687 383 1741 ρευμα.
416 1665 514 1719 Διὰ
542 1670 704 1720 τοῦτο
753 1665 842 1719 καὶ
895 1663 1170 1733 Δεσπότην
1220 1662 1486 1737 προτείνει
1537 1666 1735 1727 ποιεῖν,
1797 1659 1844 1713 εἴ
1950 1683 2065 1730 νου,
2098 1663 2197 1731 τὴν
2227 1663 2401 1739 φυγὴν
2453 1663 2812 1737 εὐσχημόνως
2873 1669 3143 1728 ποιεῖσθαι
3213 1665 3464 1738 προῦνόει
3514 1664 3606 1720 καὶ

207 1763 296 1823 τῆς
342 1755 596 1827 γυναικὸς
654 1754 892 1815 ἀποστὰς
946 1758 1014 1828 τῇ
1072 1756 1168 1806 τοῦ
1229 1751 1388 1805 Ἀσὰν
1422 1747 1734 1828 αὐταὸἐλςρῃ
1771 1749 1844 1810 εἰς
1879 1781 1918 1844 Β
1955 1753 2088 1825 μετᾶ
2141 1749 2384 1825 κέρδους.
2440 1753 2509 1809 "0
2563 1751 2628 1820 δὴ
2686 1751 2775 1806 καὶ
2836 1754 3096 1828 ἐνεχώρει
3153 1751 3477 1828 κερδαίνειν·
3538 1755 3606 1808 τὰ

207 1844 364 1918 γέμον
397 1844 741 1898 συνάπτοιτο.
781 1843 971 1917 Γέγονε
999 1845 1188 1908 ταῦτα,
1220 1841 1307 1893 καὶ
1340 1841 1374 1908 ἡ
1424 1840 1514 1911 μὲν
1559 1843 1655 1893 τοῦ
1702 1840 1836 1913 Τερ-
1879 1839 1911 1844 ”
1949 1841 2052 1917 γὰρ
2079 1847 2175 1910 τῆς
2209 1841 2486 1915 βασιλείας
2537 1845 2644 1895 τῶν
2698 1841 3024 1916 Βουλγάρων
3080 1841 3393 1917 πράγματα,
3455 1841 3486 1896 ἃ
3531 1839 3598 1911 δὴ

204 1937 324 2007 τερῆ
354 1932 578 2008 σύζυγος
610 1932 840 2006 ἀχθεῖσα
870 1932 1004 2006 πρὸς
1059 1928 1288 2006 βασιλέα
1336 1932 1403 1997 τῆ
1454 1927 1588 1982 κατᾶ
1619 1929 1841 1982 Νίκαιαν
1949 1931 2034 1984 ra?
2087 1929 2338 1986 κάλλιστ’
2367 1932 2516 2006 εἶχον
2549 1929 2609 1985 ἐκ
2635 1931 2920 2004 Ῥωμαίων
2975 1927 3235 1992 λαϐόντες
3278 1931 3599 2003 ἡττημένων

206 2019 404 2075 ἐδίδοτο
461 2020 679 2099 φυλακῇ
731 2020 823 2074 σὺν
872 2022 974 2092 υἱῷ
1025 2012 1521 2097 Ὀσφεντισθλάῧῳ,
1573 2019 1607 2085 ἡ
1661 2013 1715 2070 δὲ
1745 2019 1840 2070 τοῦ
1951 2021 2012 2074 τὸ
2045 2017 2214 2074 πάλαι
2247 2024 2676 2095 στρατηγοῦντος
2714 2021 2809 2074 τοῦ
2863 2019 3130 2095 βασιλέως
3189 2019 3478 2090 Ἰσαακίου,
3511 2019 3603 2074 καὶ

205 2109 352 2166 Ἄσαν
382 2107 691 2187 αὖταδέλφη
723 2114 803 2182 τῷ
834 2108 1074 2184 Τερτερῇ
1107 2107 1482 2183 συνηρμόζετο
1514 2106 1599 2159 καὶ
1633 2110 1712 2159 τῶ
1743 2112 1840 2175 τῆς
1953 2110 2005 2183 γ’
2066 2107 2328 2164 ἐνέκειντο
2385 2110 2850 2186 τεθησαυρισμένα
2880 2111 2997 2166 κατ’
3055 2106 3288 2184 αὔχημα
3321 2108 3534 2182 μᾶλλον
3567 2108 3604 2179 ἢ

205 2197 503 2262 δεσποτείας
533 2199 799 2272 ἀξιώματι
832 2197 1208 2272 ἐσεμνύνοντο.
1954 2198 2091 2252 κατὰ
2152 2197 2366 2273 χρείαν,
2423 2203 2593 2253 ταῦτα
2650 2197 2716 2267 δὴ
2776 2201 2863 2254 καὶ
2931 2198 3054 2254 ὅσον
3114 2200 3181 2268 ἧν
3241 2196 3382 2255 ἄλλο
3409 2198 3609 2278 φόρτος

203 2419 470 2477 custodiae
502 2416 868 2473 convenienti
903 2415 1352 2472 commissaest.
1383 2416 1544 2470 Asan
1569 2429 1700 2468 vero
1724 2430 1840 2469 non
1955 2417 2168 2474 tulisse
2220 2419 2558 2489 videbatur;
2612 2421 2714 2476 sed
2774 2419 3083 2475 videbatur
3141 2423 3394 2474 tantum.
3455 2419 3603 2474 Nam

199 2516 334 2566 tunc
355 2509 534 2564 simul
566 2523 700 2562 cum
732 2509 896 2562 Irene
925 2505 1052 2577 (illa
1080 2506 1235 2560 enim
1290 2509 1422 2576 post
1469 2505 1719 2558 Asanem
1776 2518 1841 2559 eo
1955 2513 2160 2563 eventu
2191 2525 2326 2564 mox
2357 2509 2484 2580 ipso
2514 2509 2787 2580 apparuit
2812 2527 2926 2565 non
2951 2510 3292 2564 diuturnam
3323 2523 3457 2564 eum
3475 2508 3603 2578 ejus

197 2599 370 2666 venit,
403 2599 754 2667 imperatore
792 2596 914 2664 jam
975 2592 1536 2664 Constantinopolim
1589 2592 1840 2662 reverso)
1956 2597 2321 2669 principatus
2343 2597 2730 2670 Bulgarorum
2763 2599 3190 2670 possessionem
3218 2597 3457 2652 adiisse.
3483 2597 3602 2653 Nu-

201 2704 405 2757 magna
441 2685 778 2740 celebritate
812 2683 1019 2739 invecti
1043 2689 1184 2738 sunt
1214 2683 1546 2738 Ternobum
1581 2685 1637 2735 et
1676 2697 1841 2752 reges
1953 2689 2076 2740 tare
2134 2686 2233 2741 illa
2291 2688 2405 2742 cito
2434 2688 2606 2759 cmpit
2639 2687 3018 2744 nobilissimas
3067 2687 3304 2742 levitate
3362 2686 3591 2756 gentis:

194 2774 516 2831 acclamati.
555 2775 685 2828 Erat
721 2791 888 2845 porro
948 2773 1100 2829 inter
1157 2788 1423 2843 proceres
1475 2769 1841 2842 dignitatein
1955 2775 2188 2846 Bulgari
2219 2777 2376 2832 enim
2403 2779 2546 2834 adeo
2579 2779 2648 2832 ad
2679 2778 2984 2848 perﬁdiam
3027 2776 3226 2831 faciles
3279 2775 3592 2831 habentur.

195 2865 461 2936 Bulgaria
515 2866 824 2934 praestante
897 2861 1138 2934 quidam
1206 2862 1496 2928 Tortores,
1576 2858 1842 2913 maximaa
1957 2869 2021 2918 ut.
2076 2883 2230 2920 aurze
2277 2871 2452 2938 atque
2498 2865 2913 2921 incertissimis
2969 2865 3209 2920 ﬂatibus
3284 2869 3596 2918 ventorum

186 2955 341 3025 apud
394 2969 525 3008 eam
585 2956 819 3024 gentem
878 2949 1334 3005 existimationis
1384 2953 1440 3004 et
1480 2947 1680 3020 gratias

2052 2972 2131 3009 1m
2161 2953 2810 3023 horumjbenevolentiae
2844 2954 3134 3008 confidere
3157 2953 3234 3008 sit
3256 2952 3460 3006 tutius.
3519 2954 3597 3006 Ac

183 3042 573 3112 summisque
605 3041 678 3095 ab
711 3040 782 3096 iis
815 3040 1004 3095 efferri
1037 3044 1094 3095 et
1124 3039 1450 3094 honoribus
1482 3043 1534 3091 et
1564 3036 1842 3092 laudibus
1954 3044 2336 3099 defectionem
2370 3045 2606 3114 quidem
2639 3044 2710 3097 ab
2763 3049 2949 3098 Agaue
3011 3041 3335 3096 machinari
3383 3057 3482 3096 eos
3531 3057 3600 3096 ex

181 3131 414 3187 solitus.
469 3134 634 3184 Hunc
693 3129 1011 3200 imperator
1060 3127 1243 3183 voluit
1299 3127 1472 3181 Asani
1534 3127 1842 3182 afﬁnitatis
1874 3177 1915 3205 η
1956 3133 2158 3187 multis
2191 3134 2544 3205 apparebat:
2578 3131 2868 3188 excitabat
2889 3135 3080 3186 autem
3117 3130 3381 3202 ipsorum
3417 3128 3477 3183 in
3537 3128 3595 3182 id

181 3177 414 3187 ...μη---
469 3177 630 3184 --η
695 3177 1001 3200 .-τη-η-
1071 3177 1241 3183 ---_--
1900 3179 1915 3204 ,
1957 3177 2158 3187 ...μην
2191 3177 2544 3205 ..,,,.......,..-.
2580 3177 3080 3188 -.--........-_..--...
3120 3177 3381 3202 τηη.--
3421 3177 3477 3183 --
3540 3177 3595 3182 --

176 3217 893 3286 ηεεοεεῐιυάἱοολυηεθνθ
951 3225 1007 3272 ει
1066 3215 1455 3287 ἀίὲηίίᾶῖίὺυε
1513 3215 1823 3285 honorare,
1871 3177 1914 3246 (³
1953 3223 2152 3278 studia
2181 3224 2448 3278 Terteres
2479 3222 2710 3278 arcanis
2760 3221 3166 3276 molitionibus
3190 3234 3432 3291 regnum
3457 3217 3598 3272 affe-

175 3324 608 3380 preversurum
632 3323 694 3361 se
735 3311 896 3360 ratus
931 3307 1036 3360 hoc
1082 3309 1250 3377 pacto
1306 3304 1631 3375 periculurn
1681 3305 1720 3358 it

2042 3330 2126 3367 ns.
2162 3313 2480 3368 Exstabant
2511 3312 2746 3382 quidem
2772 3310 2988 3365 indicia
3021 3326 3135 3364 non
3167 3325 3316 3364 vana
3342 3324 3470 3378 quae
3503 3311 3587 3361 ta-

176 3400 410 3454 diarum
438 3395 758 3451 imminens
792 3413 938 3450 novo
971 3395 1091 3466 regi
1124 3395 1195 3448 ab
1235 3394 1474 3449 homine
1507 3411 1678 3465 quem
1726 3411 1832 3465 ρο·
1943 3401 2014 3457 lis
2045 3402 2201 3456 hunc
2233 3401 2572 3456 ambitionis
2621 3404 2962 3470 suspectum
3025 3399 3231 3452 merito
3285 3397 3543 3452 facerent
3579 3412 3591 3451 :

177 3493 307 3543 tene
339 3489 494 3541 facto
522 3502 764 3540 suorum
800 3486 951 3540 clam
1002 3485 1071 3539 ad
1133 3499 1380 3554 regnum
1429 3484 1835 3554 promovebat.
1945 3491 2044 3545 sed
2078 3506 2143 3543 ea
2177 3505 2246 3544 ne
2268 3491 2877 3544 animadverterentur
2909 3487 3289 3542 inumbrabat
3335 3483 3593 3538 afﬁnitas

181 3581 238 3631 et
278 3577 478 3648 ipsum
514 3573 732 3629 bellicae
762 3573 979 3645 peritiae
1003 3572 1838 3643 famainclytum,quiqucita
1945 3579 2075 3649 ejus
2106 3595 2238 3634 cum
2268 3581 2477 3634 Asane.
2528 3579 2669 3643 Quis
2728 3577 2882 3632 enim
2945 3576 3112 3630 facile
3164 3574 3424 3629 crederet
3481 3588 3588 3627 suo

189 3665 479 3719 militares
508 3663 791 3734 gessisset
812 3663 1206 3734 praefecturas,
1237 3667 1300 3716 ut
1343 3663 1475 3732 plus
1535 3662 1837 3732 quidpiam
1948 3669 2143 3740 ipsum
2177 3668 2442 3722 insidiari
2476 3669 2694 3737 generi,
2722 3672 2778 3722 et
2800 3668 3041 3738 prodere
3066 3681 3129 3719 ac
3153 3669 3421 3720 eventere
3441 3661 3586 3716 velle

197 3754 420 3825 privato
453 3751 684 3824 fastigio
717 3757 981 3823 spectare
1011 3769 1044 3806 a
1078 3751 1331 3822 penitius
1357 3750 1722 3805 intuentibus
1746 3768 1839 3806 es-
1949 3758 2245 3812 hominem
2280 3759 2448 3826 cujus
2479 3757 2719 3811 haberet
2744 3756 2798 3809 in
2845 3753 3223 3808 matrimonio
3281 3766 3536 3806 sororem
3558 3750 3585 3803 ?

202 3847 287 3896 set
318 3842 800 3898 amimadversus.
826 3841 1106 3896 Caeterum
1135 3840 1270 3894 huic
1307 3839 1678 3910 imperatoris
1719 3843 1843 3894 stu-
1950 3845 2212 3899 Tandem
2244 3848 2438 3898 tamen
2473 3844 2660 3914 erupit
2694 3860 2784 3897 res
2817 3842 2876 3895 in
2911 3841 3180 3895 notitiam
3204 3839 3446 3894 minime
3469 3839 3594 3906 jam

211 3930 300 3985 dio
324 3929 692 3986 incommode
724 3929 995 3984 obstabat
1051 3945 1196 3983 uxor
1227 3944 1405 3998 quam
1439 3932 1564 3980 tum
1595 3926 1846 3981 habebat
1953 3932 2190 3987 dubiam
2210 3932 2438 3986 Asanis.
2469 3932 2656 3995 Quare
2689 3931 2783 3984 ille
2812 3930 3035 3984 veritus
3069 3945 3138 3982 ne
3170 3927 3600 3998 opprimeretur

205 4017 503 4085 Τετιετθε;
535 4018 626 4074 ουί
666 4017 714 4072 εί
760 4018 818 4072 in
879 4033 944 4071 θο
1000 4016 1189 4088 Primo
1241 4015 1513 4086 σου]υὲίο
1565 4015 1846 4085 Ροτεῒὲιῠὶί
1954 4021 2546 4093 improvisoquodam
2582 4021 2809 4075 assultu
2845 4035 2948 4073 nec
3011 4017 3208 4072 salvus
3268 4013 3596 4087 periculum

210 4105 452 4162 honores
482 4113 538 4163 et
571 4105 855 4162 beneficia
917 4107 1237 4177 imperator
1284 4108 1646 4176 congereret,
1703 4103 1848 4158 nihil
1959 4111 2244 4177 evaderet,
2289 4126 2690 4182 praeoccupare
2755 4109 2952 4178 fugam
2997 4105 3226 4171 statuit,
3285 4104 3600 4158 honestum

210 4196 732 4266 Asanemjuvaret,
765 4195 862 4250 sed
898 4194 1088 4264 potius
1111 4194 1239 4263 ejus
1259 4191 1584 4265 periculum
1613 4197 1855 4263 augeret
1959 4205 2298 4272 praetextum
2342 4200 2666 4254 obtendens
2715 4195 2978 4262 consilio,
3014 4199 3075 4250 ut
3102 4195 3360 4259 rebatur,
3409 4206 3609 4246 neces-

207 4287 463 4354 potentia
493 4285 830 4357 ejusaemuli
863 4285 1027 4340 novis
1058 4301 1236 4355 opum
1265 4283 1700 4339 accessionibus
1735 4299 1856 4337 cor-
1965 4291 2153 4356 sario;
2215 4289 2365 4361 quod
2429 4288 2606 4343 etiam
2666 4291 3070 4359 quaestuosum
3127 4285 3313 4338 facere
3374 4279 3606 4336 studuit

208 4374 561 4441 Γοδοτδοτῖειν
615 4383 667 4429 et
723 4374 892 4446 quasi
951 4372 1376 4428 δεουωυῖεηάο
1434 4390 1580 4427 novo
1631 4372 1854 4441 fomite,
1967 4382 2156 4451 praedo
2189 4379 2435 4447 adjecta.
2471 4377 2851 4432 Occasionem
2894 4375 3048 4429 enim
3085 4373 3211 4444 ejus
3241 4371 3326 4426 rei
3358 4386 3612 4426 commo-

217 4478 338 4532 quo
365 4464 588 4520 facilius
619 4464 1024 4518 exardesceret
1080 4461 1406 4517 incensium
1456 4461 1762 4517 formidato

2074 4486 2100 4522 n
2136 4467 2246 4521 sibi
2286 4471 2491 4521 nactus
2521 4466 2831 4521 videbatur
2852 4463 3075 4519 habens
3097 4463 3154 4515 in
3181 4464 3463 4532 potestate
3485 4459 3619 4514 the-

220 4551 414 4622 Igitur
443 4553 887 4625 proponendum
921 4551 1143 4606 Terteri
1190 4552 1417 4606 curavit
1442 4551 1761 4622 imperator
1805 4567 1865 4605 se
1897 4533 1941 4597 D
1975 4573 2207 4612 saurum
2243 4557 2463 4628 regium
2499 4555 2803 4626 Bulgaria,
2837 4553 2892 4607 in
2929 4569 3044 4623 quo
3078 4549 3340 4622 sapelleu
3393 4548 3622 4620 specio-

207 4640 516 4712 despotam
551 4659 684 4698 eum
712 4647 1078 4705 erecturum,
1112 4640 1157 4695 si
1193 4641 1523 4712 repudiata,
1548 4657 1725 4712 quam

2076 4647 2214 4701 sima
2245 4651 2300 4699 et
2351 4643 2773 4713 pretiosissima
2831 4641 3175 4696 servabatur
3215 4656 3282 4693 ex
3339 4637 3621 4693 Romanis

205 4728 408 4798 heret,
438 4733 685 4803 conjuge
707 4731 880 4786 vellet
910 4731 964 4784 in
1004 4747 1208 4784 novam
1270 4746 1546 4800 sponsam
1609 4729 1750 4800 accij

2081 4752 2120 4789 n
2151 4740 2333 4805 parta,
2368 4734 2605 4804 quando
2636 4733 2886 4787 ducente
2910 4729 3130 4784 Iseacio
3165 4732 3426 4799 Augusto
3475 4726 3626 4781 male

207 4834 475 4875 sororem
504 4820 738 4876 Asanis.
771 4823 945 4874 Facta
975 4818 1095 4873 hzec
1129 4823 1290 4887 sunt,
1339 4819 1453 4873 cito
1514 4819 1871 4874 assentiente
1983 4825 2022 4879 ii
2054 4841 2184 4878 cum
2221 4821 2490 4892 Buigaris
2521 4823 2951 4893 pugnaverunt,
2977 4816 3626 4886 amissisimpedimen-

207 4905 479 4976 Tertere,
513 4910 683 4978 cujus
717 4908 930 4977 conjux
953 4907 1108 4978 prior
1149 4923 1276 4961 cum
1331 4906 1471 4972 filio,
1530 4906 1873 4977 Ospbentis-
1984 4914 2082 4976 tis.
2117 4913 2175 4966 in
2209 4912 2425 4982 quibus
2458 4911 2694 4965 fuerunt
2723 4910 2852 4981 ipsa
2878 4907 3135 4980 insignia
3167 4905 3395 4974 imperii
3425 4921 3438 4958 :
3499 4919 3627 4974 quae

207 4992 447 5066 thlabo,
487 4998 664 5061 dicto,
691 4997 761 5051 ad
795 4996 1208 5066 imperatorem
1255 4995 1408 5049 448
1478 4995 1652 5048 ducta
1695 4996 1876 5065 hujus
1986 5021 2052 5059 ex
2079 5003 2178 5057 illo
2211 5007 2474 5072 tempore
2505 4999 2734 5054 condita
2764 4997 3011 5053 Ternobi
3037 4995 3522 5050 custodiebantur
3551 4991 3622 5045 ad

203 5081 398 5149 jussu
433 5086 708 5142 custodiae
738 5085 1018 5139 mandata
1051 5084 1203 5154 apud
1238 5084 1488 5138 Nicaeam
1525 5088 1632 5140 est.
1669 5089 1745 5138 As

2086 5091 2431 5147 entationem
2467 5088 2663 5160 potius
2695 5104 2872 5158 quam
2907 5086 2978 5140 ad
3014 5101 3189 5140 usum
3239 5084 3442 5138 alium.
3503 5079 3631 5133 Haec

208 5187 356 5228 vero
392 5191 665 5246 germena
695 5173 941 5239 Terteri,
976 5175 1197 5244 nupsit,
1224 5178 1280 5228 et
1303 5173 1435 5228 novi
1467 5173 1668 5245 sponsi
1713 5175 1751 5226 ti

2085 5180 2190 5236 alia
2211 5195 2577 5250 quaecunque
2607 5177 2759 5231 elatu
2797 5174 2992 5230 facilia
3011 5176 3243 5244 reperta
3269 5177 3391 5226 tum
3409 5173 3550 5224 sunt
3573 5167 3630 5220 in

219 5258 617 5332 despotarum
650 5260 1016 5316 cobonestati
1049 5266 1210 5314 sunt.

2092 5269 2172 5330 :iis
2204 5267 2504 5339 apothecis
2534 5265 2950 5336 Bulgarorum,
2981 5263 3129 5317 clam
3157 5259 3468 5331 compilata
3511 5269 3637 5309 sac-

1997 5358 2198 5428 cisque
2228 5357 2379 5411 449
2411 5356 2598 5410 indita
2629 5353 2918 5426 exportari
2944 5356 3121 5406 noctu
3163 5356 3319 5404 Asan
3374 5363 3442 5401 ex
3498 5342 3643 5396 urbe

2002 5447 2269 5501 Ternobo
2300 5445 2523 5500 curavit
2551 5461 2562 5498 :
2596 5443 2842 5514 ipseque
2888 5457 3023 5493 mox
3048 5455 3179 5492 cum
3214 5451 3388 5489 uxere
3442 5445 3509 5484 ac
3541 5443 3640 5480 co-

307 5527 447 5584 Haec
475 5529 730 5585 Terteris
761 5527 1020 5583 afﬁnitas
1056 5545 1330 5600 magnam
1356 5529 1532 5584 Asani
1557 5530 1889 5586 facultatem
2005 5536 2214 5589 mitatu
2250 5534 2414 5603 quasi
2448 5533 2629 5587 animi
2663 5530 2848 5602 gratia
2884 5527 3038 5582 ruris
3065 5524 3405 5580 amoenitate
3434 5516 3645 5572 fruitu-

231 5615 549 5675 obtinendi
582 5633 788 5675 secure
820 5617 973 5688 quod
999 5633 1302 5688 capessere
1332 5624 1583 5690 coeperat
1614 5621 1774 5692 regni
1809 5627 1894 5676 at-
2007 5641 2131 5689 rus,
2165 5639 2439 5693 egressus
2472 5620 2731 5675 indidem
2758 5631 2994 5670 summa
3025 5611 3319 5667 celeritate
3367 5609 3651 5660 Constan-

565 5740 826 5798 PATHOL.
877 5738 982 5797 Ge.
1032 5737 1200 5795 CXL)
1218 5741 1226 5793 ι
1244 5739 1284 5794 l.
3255 5732 3330 5788 29

591 5406 646 5458 9.
685 5406 747 5461 Ut
777 5406 924 5458 Asan
955 5405 1190 5458 Temobo
1223 5407 1530 5460 recesserit.
