4002 6198
214 264 323 319 909

1276 269 1375 323 DE
1411 268 1784 324 MICHAELE
1821 265 2268 321 PALEOLOGO
2300 267 2436 320 LIB.
2477 268 2575 320 Vl.

3525 275 3632 331 910

215 385 442 445 ϐάλλων
501 389 601 446 οὐκ
653 388 817 460 ἥνυτε
869 391 931 445 τὸ
987 391 1264 464 παράπαν.
1325 394 1507 465 Τριῶν
1565 391 1654 446 οὗν
1707 391 1734 444 6
1769 390 1863 462 μὲν
1895 389 2105 458 Ατοὺς
2148 387 2479 452 ἐπισκόπους
2521 387 2786 463 γίνεσθαι,
2841 393 2914 445 ὧν
2949 390 3127 462 δήπου
3184 395 3273 448 καὶ
3321 397 3377 450 αἱ
3427 397 3629 474 ἐνορίαι

212 481 302 552 [Ρ.
352 481 478 553 308]
525 474 706 534 ἐδέετο
756 480 1166 556 συνεχέστερον,
1210 482 1238 535 6
1271 478 1329 535 δὲ
1360 478 1676 556 προσέκειτο
1735 499 1866 553 καρ·

211 569 538 643 τερώτερον,
576 568 829 643 βασιλεὺς
872 566 929 623 δὲ
955 570 1140 644 τρίτος
1175 569 1510 643 ὑπερετίθετό
1540 589 1598 624 τε
1626 569 1715 624 καὶ
1749 571 1867 622 ἆνε-

217 652 478 713 6ἁλλετο.
540 659 642 713 Καὶ
681 659 708 712 6
744 659 837 731 μὲν
900 657 1076 713 ἐδέετο
1133 661 1556 737 προσαναφέρειν
1607 660 1696 713 καί
1753 659 1866 712 πά-

217 745 330 818 λιν,
385 749 412 802 6
461 745 517 802 δὲ
573 749 736 822 πείρᾳ
797 748 962 822 γνοὺς
1021 750 1121 803 οὑκ
1167 749 1376 803 ἀνόσων
1426 746 1569 820 (ἤδει
1626 749 1730 824 γὰρ
1779 747 1867 802 καὶ

442 836 453 856 Ι
679 836 699 856 ’γ
797 837 817 854 Ρ
1009 836 1020 856 1
1444 839 1456 856 θ
1640 839 1652 852 ‘
1781 839 1801 857 7

213 856 590 912 παροργισων,
650 858 694 890 ει
757 838 908 898 αυΟις
963 835 1161 912 λεγοι),
1221 839 1284 892 τὸ
1337 839 1437 892 καθ
1506 838 1693 892 ὲαυτον
1751 858 1864 891 οιον

211 927 356 998 πρὸς
415 928 502 980 τὸν
558 927 746 996 ἱκέτην
806 925 1259 1002 ἀπολογούμενος
1319 928 1395 989 ὡς
1439 926 1500 981 οὐ
1531 926 1867 1003 καταῤῥᾳθυ-

219 1017 402 1087 μήσας
447 1020 526 1087 τῷ
561 1013 781 1090 βασιλεῖ
828 1015 1128 1091 προτείνειν
1157 1015 1224 1071 τὰ
1253 1017 1450 1070 τούτου
1500 1014 1705 1085 δίκαια,
1738 1017 1864 1071 Θεὸν

214 1112 521 1180 παρεισῆγε
540 1112 642 1174 τῆς
697 1103 940 1175 σπουδῆς
1001 1107 1249 1181 μάρτυρα
1276 1107 1390 1174 καὶ,
1424 1129 1453 1157 ‹‹
1487 1107 1618 1167 Θεὸς
1677 1107 1775 1181 ὁρᾷ
1803 1105 1868 1159 τὰ

209 1196 342 1268 περὶ
370 1197 442 1249 ὧν
475 1193 793 1270 προϐάλλῃ,
832 1220 852 1245 ι
890 1191 1095 1269 ἔλεγεν.
1128 1197 1188 1251 Ὁ
1233 1192 1280 1249 δ’
1309 1193 1480 1250 ἐκεῖσε
1531 1195 1718 1270 παρὼν
1775 1216 1870 1248 συ-

210 1285 562 1359 κοιραντήσας
615 1283 708 1337 τὸν
764 1283 926 1360 λόγον
988 1282 1327 1356 συμπλάττει
1385 1285 1445 1339 τὸ
1504 1282 1732 1358 ψεῦδος,
1793 1285 1864 1346 ὡς

212 1375 352 1428 Θεὸν
386 1373 542 1442 δῆθεν
582 1373 719 1427 κατᾶ
767 1371 1036 1448 βασιλέως
1087 1372 1495 1446 ἐκλαλουμένου
1537 1377 1634 1428 106
1682 1375 1870 1447 ἱερέως

211 1463 295 1525 εἷς
321 1464 422 1530 τήν
454 1467 560 1517 τῶν
607 1461 980 1536 ἀδικουμένων
1032 1461 1330 1534 ἐκδίκησιν.
1379 1463 1602 1524 Τούτοις
1658 1463 1870 1537 ὡσπερ-

211 1552 262 1606 εἰ
292 1574 432 1607 τισιν
494 1553 749 1626 ἷσχυροὶς
808 1553 1182 1615 κατασείσταις
1243 1551 1528 1627 ὑποχαλᾷν
1581 1553 1672 1607 τὸν
1731 1553 1866 1626 πύρ-

206 1664 314 1718 γον
345 1649 446 1712 τῆς
499 1640 708 1696 ἐκείνου
774 1645 960 1716 ψυχῆς
1019 1641 1214 1714 ᾣοντο.
1273 1644 1375 1698 Ἦν
1427 1639 1473 1695 δ’
1514 1641 1659 1704 ὂτᾶς
1695 1642 1870 1717 ὁρμὰς

1979 477 2102 532 εἶσί.
2136 478 2293 531 Ταῦτ’
2324 474 2546 532 ἔσπευδε
2601 478 2691 532 καὶ
2748 485 3033 555 κατώρθου
3074 482 3176 537 οὐκ
3219 479 3376 556 ἄλλῳ
3407 490 3485 557 τῷ
3511 509 3628 559 μη-

1977 569 2259 641 χανήματι
2304 565 2339 634 ἢ
2398 571 2477 637 τῷ
2537 564 2740 637 διιστᾷν
2807 569 3076 643 βασιλέως
3116 572 3204 625 τὸν
3261 573 3428 646 ἱερέα.
3488 575 3515 629 ὃ
3561 573 3625 645 δὴ

1976 656 2065 710 καὶ
2115 654 2284 709 ἐποίει
2341 654 2471 716 τοὺς
2538 661 2982 731 κατηγοροῦντας
3039 657 3342 733 δεχόμενος
3421 663 3512 717 καί
3569 685 3630 740 γε

1976 746 2110 799 κατά
2136 745 2200 799 16
2231 741 2455 799 δυνατὸν
2487 745 2842 808 ὑποθάλπων.

1981 907 2066 964 ια’.
2150 907 2338 968 Ὃπως
2427 905 2684 980 βασιλικὴ
2761 905 2923 984 νεαρᾷ
3010 905 3287 984 προϐαίνει
3342 911 3429 966 ἐπὶ
3514 918 3630 976 τοῖς

2580 981 3029 1053 σταυροπηγίοις.

2047 1106 2130 1176 [Ρ.
2165 1105 2291 1174 309]
2327 1098 2608 1176 Προϐαίνει
2651 1103 2753 1179 γὰρ
2803 1105 2968 1176 νεαρὰ
3018 1105 3294 1181 βασίλειος
3343 1107 3470 1165 ἄλλ’
3500 1111 3630 1167 ἄττα

1975 1190 2206 1246 πλεῖστα
2237 1189 2590 1267 διοριζομένη
2649 1194 2738 1247 καὶ
2789 1194 3079 1262 τάττουσα,
3121 1196 3213 1250 καὶ
3273 1198 3334 1251 τὸ
3365 1201 3430 1252 τὰ
3461 1201 3628 1254 ὁπου-

1977 1277 2250 1349 δηποτοῦν
2311 1282 2708 1356 πατριαρχικὰ,
2771 1282 2869 1337 ὅσα
2917 1281 2970 1337 ἐν
3020 1285 3233 1359 χώραις
3288 1285 3376 1340 καὶ
3415 1295 3628 1359 μοναῖς,

1981 1371 2083 1424 ὑπὸ
2106 1369 2236 1431 τοὺς
2266 1368 2600 1432 ἐπισκόπους
2633 1372 2706 1424 ὧν
2736 1373 2790 1425 αἱ
2840 1370 3044 1448 ἐνορίαι
3071 1370 3270 1429 τελεῖν.
3325 1373 3542 1448 Ἐγκλη
3556 1398 3629 1448 μα

1975 1460 2078 1534 γὰρ
2103 1457 2346 1536 ἐφαίνετο
2378 1459 2467 1513 καὶ
2517 1460 2662 1531 παρὰ
2717 1462 2946 1520 κανόνας
3003 1462 3065 1516 τὸ
3095 1460 3154 1516 ἐκ
3185 1460 3425 1516 παλαιοῦ
3481 1467 3628 1538 γινόο

1981 1569 2140 1621 μενον
2176 1591 2189 1615 ,
2253 1549 2536 1624 ὑπερόριον
2595 1551 2886 1618 κεκτῆσθαι
2959 1551 3050 1603 τὸν
3127 1556 3633 1608 Κπνσταντινουπό-

1977 1637 2118 1700 λεως
2169 1637 2394 1707 δίκαιον,
2431 1637 2572 1711 μηδὲ
2627 1642 2773 1694 1061’
2828 1637 3037 1701 εἰδότος
3085 1645 3181 1695 106
3244 1642 3520 1718 λέγοντος,
3555 1646 3632 1706 ὡς

210 1731 400 1808 σφίσιν
463 1733 787 1786 ὑπανάπτων
843 1733 870 1784 6
928 1738 1026 1800 τῆς
1084 1728 1300 1808 Τφέσον
1361 1732 1580 1802 Ἰσαάκ,
1644 1731 1718 1794 εἷς
1765 1753 1866 1785 πα-
1899 1769 1944 1832 Β
1975 1731 2196 1784 κολούει
2226 1732 2304 1802 τῷ
2352 1731 2673 1805 πατριάρχῃ
2715 1731 2777 1785 τὸ
2829 1731 3231 1804 οἷκουμενικὸν,
3276 1734 3425 1798 ἐντὸς
3470 1736 3628 1789 αὐτὸν

252 1821 264 1832 .
596 1819 607 1832 ,
776 1817 1311 1832 -η,-....
1431 1815 1539 1832 ...υ
1728 1819 1801 1832 ..
2181 1819 2226 1832 ._
2374 1822 2509 1832 ..η
2759 1820 2768 1832 ,
3036 1818 3144 1832 κ..
3263 1821 3273 1832 .
3395 1825 3419 1832 ..
3613 1825 3624 1832 .

208 1821 347 1895 τέρα
377 1819 706 1894 τεταγμένος
739 1825 816 1891 τῷ
852 1819 1086 1895 βασιλεῖ,
1120 1817 1377 1892 οὐδεμίαν
1429 1817 1471 1874 δ’
1515 1815 1658 1894 ἔχων
1692 1819 1863 1874 αἰτίαν

209 1910 516 1984 ἀπεχθείας
574 1913 654 1980 τῷ
711 1910 1027 1982 πατριάρχς,
1080 1908 1320 1982 παρόσον
1372 1909 1529 1963 τὸτᾶ
1579 1906 1870 1963 δοκοῦντα-

212 1997 586 2073 ξυμπράττειν
620 1999 885 2074 αἱρεῖτθαι
937 2003 1016 2070 τῷ
1068 1995 1304 2073 βασιλεῖ,
1338 2000 1371 2069 ἢ
1405 2003 1532 2073 γοῦν
1565 2003 1724 2053 τοῦτο
1761 1998 1870 2070 μό-

208 2110 308 2143 νον
415 2087 506 2142 καὶ
549 2085 794 2163 δεύτερον
827 2088 888 2142 τὸ
919 2089 985 2141 τὰ
1015 2089 1131 2141 κατ’
1180 2086 1452 2156 ἀνατολήν
1498 2087 1873 2163 πατριαρχικᾶ

210 2179 307 2255 ὑφ’
343 2177 492 2249 αὖτῷ
530 2177 704 2232 Θέλειν
754 2182 1051 2248 ποιεῖσθαι,
1088 2174 1256 2250 μηδὲν
1313 2178 1472 2250 ἀξιῶν
1523 2175 1691 2231 πλέον
1723 2174 1870 2251 ἔχειν

1976 1819 2305 1894 περιορίζων
2335 1822 2432 1891 τῆς
2465 1820 2894 1893 Κωνσταντίνου,
2951 1818 3079 1893 μηδ’
3128 1821 3338 1896 ένορίαν
3390 1825 3490 1877 ὅσα
3539 1825 3629 1878 καὶ

1979 1913 2077 1961 106
2135 1908 2402 1984 τυχόντος
2462 1908 2759 1964 ἐπισκόπου
2809 1910 3156 1986 προσνέμων.
3201 1910 3356 1967 Ἀλλ’
3389 1914 3417 1966 6
3449 1913 3631 1968 Ἰσαὰκ

1977 1999 2101 2051 τότε
2131 1999 2222 2052 τὸν
2252 2000 2438 2072 καιρὸν
2497 2005 2595 2061 τῆς
2645 1999 2938 2072 ἀπεχθείας
2994 1999 3236 2064 ἀρπάσας
3270 2001 3344 2063 ὡς
3372 1999 3626 2076 ἕρμαιον,

1977 2087 2277 2160 κεριεποίει
2334 2093 2451 2150 τοῖς
2506 2087 2824 2148 ἐπισκόποις
2881 2089 3049 2142 αὐτοῦ
3085 2133 3102 2156 ,
3157 2091 3350 2144 ταυτὸν
3427 2089 3483 2146 δὲ
3539 2092 3628 2146 καὶ

1979 2177 2152 2248 ἑαυτῷ
2211 2177 2406 2253 λέγειν,
2455 2180 2520 2231 τὰ
2566 2182 2668 2243 τῆς
2731 2180 3354 2244 Κωνσταντινουπόλεως
3426 2180 3631 2253 δίκαια,

204 2268 309 2323 τὸν
345 2267 696 2342 πατριάρχην
747 2266 821 2328 εἷς
853 2265 1064 2341 ἐνορίαν
1094 2268 1128 2337 ἢ
1162 2269 1298 2322 κατά
1359 2266 1530 2339 μόνην
1587 2273 1866 2320 Κωνσταν-

202 2356 538 2416 τινοόπολιν
598 2355 1020 2431 περιοριζόμενα
1053 2399 1070 2428 ,
1128 2356 1194 2410 τὰ
1243 2353 1290 2410 δ’
1347 2354 1447 2428 ἔξω
1493 2355 1696 2426 ταύτης
1768 2355 1869 2410 ὑπὸ

1977 2267 2074 2320 Τὸν
2113 2269 2292 2340 μέντοι
2323 2289 2382 2342 γε
2417 2269 2762 2344 πατριάρχην
2812 2270 2915 2323 οὐκ
2966 2268 3098 2323 ἀνίει
3158 2272 3284 2347 παρ’
3336 2270 3502 2334 ὅλους
3535 2269 3630 2327 δίο

1982 2359 2208 2429 μῆναςὸ
2243 2355 2500 2433 βασιλεὺς
2547 2378 2680 2412 ποτε
2739 2358 2834 2431 μὲν
2893 2357 2970 2423 εἷς
3025 2358 3227 2436 κρίσεις
3283 2361 3634 2436 ἑγκαθιστῶν,

197 2576 329 2631 tiae.
383 2574 646 2639 Quadam
720 2573 844 2629 vice
906 2571 1168 2628 instabat
1248 2571 1656 2626 vehementius
1714 2573 1869 2643 apud

201 2657 465 2712 Veccum
519 2653 720 2723 cliens,
791 2660 855 2708 ut
914 2669 1017 2725 pro
1081 2669 1143 2708 se
1199 2653 1412 2707 iterum
1457 2652 1871 2724 imperatorem

197 2747 360 2802 451
420 2749 670 2814 rogaret.
717 2742 816 2797 ille
862 2746 1060 2797 autem
1117 2740 1474 2812 experientia
1496 2741 1621 2811 jam
1653 2757 1873 2812 gnarus

209 2831 890 2905 negationidilationem
942 2830 1204 2895 obtendi,
1239 2846 1464 2885 necnon
1517 2829 1872 2902 intelligens,

207 2926 258 2979 si
305 2925 502 2978 denuo
534 2922 604 2976 de
637 2919 1137 2990 hoccompellaret
1168 2919 1602 2990 imperatorem,
1635 2920 1692 2974 in
1725 2919 1866 2974 iram

1988 2931 2207 2986 ditatus
2235 2937 2376 2987 tunc
2407 2934 2670 3004 perfecit,
2704 2951 2817 2989 non
2851 2934 2965 2989 alia
3014 2935 3324 2992 efficaciori
3372 2937 3636 2994 adhibita

205 3030 280 3069 se
315 3011 489 3067 illum
523 3011 978 3076 οοηοίῐθῒυΐυῐην
1002 3014 1067 3063 Ut
1093 3007 1303 3064 saltem
1335 3009 1529 3063 Clienti
1563 3025 1624 3063 39
1660 3024 1873 3080 ρυνεει-
1985 3020 2256 3076 machina
2289 3038 2463 3092 quam
2496 3022 2868 3094 imperatoris
2892 3041 2923 3077 a
2956 3025 3287 3096 patriarcha
3315 3027 3401 3081 vel
3421 3044 3634 3098 procu-

203 3107 308 3159 ret
341 3102 489 3155 forte
519 3103 926 3171 suspectaturo
957 3116 1024 3154 ex
1069 3103 1276 3152 eventu
1326 3097 1634 3154 remissius
1681 3099 1870 3169 egisse
1900 3110 1944 3178 α
1981 3110 2163 3165 rando
2193 3110 2279 3165 vel
2312 3112 2606 3182 ρι-ονεηάο
2646 3111 2910 3168 ἀίεείάῑο,
2955 3113 3116 3176 Quod
3166 3114 3304 3170 fecit
3331 3097 3510 3186 hujus
3541 3135 3639 3173 oo-

206 3197 564 3265 ρεὶτοτιυτη,
597 3189 780 3244 Deum
813 3194 1019 3244 testem
1052 3187 1318 3242 adhibu“
1348 3187 1556 3242 είῐιοονί
1590 3187 1680 3242 ευί
1712 3205 1778 3243 ea
1809 3189 1868 3243 in
1985 3201 2770 3268 cusatoresadjuvans,452
2789 3207 2845 3256 et
2867 3206 2985 3256 tota
3005 3219 3113 3257 sua
3134 3204 3336 3259 fovens
3358 3206 3635 3276 potentia,

210 3297 406 3338 causa
437 3279 642 3381 studii,
691 3279 995 3381 altanvoce
1043 3282 1377 3381 contestans
1427 3279 1877 3381 Deummutique.
1988 3308 2072 3361 11.
2109 3307 2172 3362 Ut
2203 3308 2422 3381 perlata
2497 3308 2960 3378 promulgataque
3031 3310 3203 3378 fuerit
3278 3312 3641 3381 imperatoria

207 3387 400 3444 quem
431 3370 516 3425 nil
550 3368 744 3438 lateat,
772 3369 967 3424 videre
1012 3386 1130 3440 qua
1164 3368 1296 3437 fide,
1322 3385 1558 3440 quoque
1578 3369 1783 3424 effectu
1810 3385 1876 3424 eo
2057 3368 2272 3456 ηουθζιίι
2323 3378 2393 3456 de
2444 3368 2810 3456 ειᾲιινοῃεᾷἱίδ
2859 3368 2972 3435 sive
3030 3368 3162 3437 locis
3213 3368 3386 3438 sacri}
3415 3387 3642 3456 proprie

204 3458 551 3533 patrocinio
583 3459 942 3529 fungeretur.
979 3458 1056 3512 Ex
1083 3458 1191 3511 hac
1214 3456 1312 3511 Dei
1343 3459 1638 3512 mentione
1661 3458 1878 3512 calum-
2059 3449 2401 3520 patriarchae
2430 3451 2713 3520 subjectis.

204 3551 330 3606 nise
358 3565 564 3604 ansam
601 3547 698 3618 qui
734 3564 990 3616 praesens
1042 3548 1188 3603 forte
1227 3551 1368 3601 tunc
1419 3547 1607 3601 adfuit
1655 3548 1881 3602 delator

204 3658 280 3695 su
300 3655 492 3703 mens,
517 3636 695 3690 multo
726 3636 938 3691 deinde
964 3636 1254 3705 posterius
1285 3635 1344 3689 in
1365 3637 1683 3705 malignam
1710 3637 1881 3690 istam

202 3726 661 3785 accusationem
699 3725 1001 3796 processit,
1034 3725 1362 3779 criminans
1385 3725 1607 3779 scilicet
1636 3725 1882 3796 patriar-

204 3820 423 3886 cham,
475 3816 616 3869 dum
650 3813 937 3885 supplicis
964 3829 1203 3868 causam
1230 3817 1445 3884 ageret,
1472 3813 1630 3868 diras
1651 3817 1882 3885 Augus~

203 3913 270 3963 to
307 3908 697 3977 imprecatum
739 3905 795 3958 in
823 3904 1103 3958 ultionem
1137 3908 1359 3974 negata:
1384 3903 1631 3975 supplici
1665 3904 1880 3975 gratiae.

203 3999 326 4054 His
378 3994 549 4067 quasi
601 3993 955 4065 quibusdam
1004 3993 1295 4048 machinis
1353 3998 1455 4046 aut
1501 3992 1886 4048 validissimis

206 4085 516 4143 arietibus
547 4100 937 4139 concussuros
967 4087 1024 4137 et
1055 4084 1386 4153 dejecturos
1419 4098 1547 4137 sese
1579 4083 1790 4137 turrim
1815 4083 1886 4137 il-

203 4177 342 4232 lam
380 4172 579 4227 invicti
611 4171 789 4227 animi
823 4171 1276 4226 calumniatores
1328 4172 1673 4242 nequissimi
1717 4176 1886 4243 puta-

207 4262 697 4320 bant.lncitabat
726 4264 921 4315 autem
954 4277 1050 4315 eos
1086 4261 1368 4316 accedens
1396 4261 1466 4316 ad
1501 4277 1620 4316 rem
1671 4278 1886 4333 urgen-
2004 4272 2290 4327 hactenus
2355 4276 2615 4341 tempore
2668 4271 3001 4328 factitatum
3072 4274 3281 4339 fuerat,
3339 4279 3401 4330 nt
3449 4291 3660 4346 nomne

205 4356 362 4410 dam
401 4351 614 4422 Ephesi
638 4350 886 4405 antistes
920 4354 1102 4419 Isaac,
1132 4366 1247 4419 quo
1281 4349 1575 4422 spirituali
1608 4355 1774 4406 Patre
1800 4355 1888 4406 at-
2005 4361 2351 4434 patriarchze
2372 4361 3018 4433 Constantinopolitano
3045 4363 3196 4418 ultra
3217 4364 3361 4420 fines
3392 4365 3660 4420 dimcesis

208 4459 342 4516 que
377 4439 1031 4540 arbitronconseientize
1059 4443 1217 4540 .tunc
1247 4441 1551 4540 Augustus
1574 4441 1887 4540 utebatur,
1927 4477 1970 4540 Β
2007 4451 2366 4524 proprizejus
2397 4455 2777 4522 competeret.
2823 4452 2985 4516 Quod
3024 4453 3122 4524 qui
3155 4453 3407 4519 dicebat,
3432 4454 3657 4508 nonin-

204 4550 342 4589 non
368 4530 530 4602 quod
566 4527 744 4584 ullam
776 4529 904 4600 ipse
935 4527 1172 4599 quidem
1208 4529 1438 4598 proprie
1495 4528 1734 4584 haberet
1771 4530 1865 4584 odi

2002 4540 2304 4611 telligebat
2324 4539 2544 4609 eripere
2576 4556 2636 4594 se
2659 4541 3009 4611 patriarcha:
3030 4541 3267 4598 titulum
3290 4543 3662 4606 mcumenici,

206 4636 476 4680 causam
508 4619 788 4674 adversus
821 4617 1346 4688 patriarcham,sed
1373 4622 1436 4671 ut
1465 4619 1894 4689 gratificaretur
2002 4630 2219 4702 quippe
2242 4646 2414 4700 quem
2440 4630 2931 4686 oircnmolndorot
2964 4632 3106 4687 urbe
3129 4632 3662 4706 Constantinopoli,

201 4707 576 4783 ἱωρετειιοπί
609 4707 666 4762 in
709 4723 834 4763 eam
869 4723 1046 4778 quam
1080 4705 1180 4760 me
1212 4707 1317 4761 hac
1351 4716 1471 4762 δι’ίθ
1512 4714 1890 4779 PFOcuratum
2002 4737 2110 4777 nec
2131 4720 2339 4774 saltem
2373 4719 2422 4774 ei
2458 4720 3116 4776 concederetdimcesim
3132 4725 3352 4793 quanta
3383 4727 3438 4778 et
3469 4705 3663 4794 qualis

205 4804 354 4858 ibat
407 4799 770 4854 retusionem
821 4796 1186 4853 confidentiae
1233 4795 1426 4865 Veeci,
1480 4813 1550 4851 ne
1615 4797 1858 4872 deincep

2002 4810 2187 4866 cuivis
2209 4809 2386 4864 etiam
2415 4809 2642 4880 vulgari
2675 4811 2956 4866 tribuitur
2993 4813 3294 4884 episeopo.
3339 4813 3554 4869 Verum
3596 4813 3663 4869 id

206 4899 355 4948 tam
392 4889 574 4944 libere
597 4903 766 4960 agere
797 4902 995 4942 secum
1029 4886 1595 4953 auderet,efﬁcacem
1621 4904 1721 4957 pro
1741 4889 1891 4945 virili
2005 4906 2129 4956 tum
2155 4897 2392 4970 quidem
2427 4899 2574 4954 nihil
2609 4901 2774 4970 pensi
2806 4901 3034 4958 habens
3066 4902 3246 4968 Isaac,
3289 4907 3345 4958 et
3396 4903 3453 4958 in
3515 4901 3666 4958 lucri

202 4980 530 5037 conferret
585 4994 844 5046 operam.
895 4976 1241 5046 Quanquam
1291 4992 1404 5029 n0n
1463 4974 1653 5030 aliena
1703 4977 1891 5034 Solum
2006 4993 2168 5060 parte
2201 5003 2520 5042 numerans
2572 4988 2828 5044 oblatam
2875 4990 3241 5048 occasionem
3292 4991 3668 5064 gratificandi

204 5085 442 5132 causa,
477 5067 576 5121 86d
609 5067 824 5138 proprii
859 5065 1034 5120 etiam
1070 5069 1334 5134 τθερεοω
1375 5070 1631 5135 quaestus
1681 5066 1738 5120 in
1793 5069 1896 5124 hoc
2008 5077 2302 5149 quomodo
2319 5093 2549 5147 cunque
2577 5078 2924 5134 amicissuis
2948 5079 3421 5152 episcopis,quos
3446 5081 3670 5136 multos

209 5164 471 5218 motum
506 5157 962 5227 suspicabantur
1017 5153 1280 5225 quidam,
1326 5154 1547 5225 opinati
1598 5155 1898 5214 studUiSSe
2009 5168 2606 5224 oﬂ'ondebantistmin
2643 5171 2892 5240 propriis
2919 5171 3271 5226 dimcesibus
3295 5171 3670 5242 exceptiones

209 5267 344 5323 per
376 5247 489 5301 hoc
516 5245 712 5317 ipsum
747 5249 913 5316 rapta
961 5248 1290 5314 Opportune
1339 5243 1642 5332 οεειὲδίοηθ
1693 5261 1760 5300 ex
1802 5266 1895 5318 ΡΘ·
2009 5258 2270 5313 locorum
2298 5259 2734 5314 subtractorum
2769 5261 3361 5330 ordinarizeipsorum
3388 5259 3667 5332 potestati

210 5335 434 5396 Γὶϐυἶο
488 5335 674 5399 νθοοῖι
722 5351 830 5390 SUO
868 5333 988 5402 .lm‘i
1046 5333 1402 5403 SUbjungere
1460 5331 1586 5386 Ῑοοδι
1627 5334 1900 5401 jurisrlic-
2017 5365 2084 5402 ac
2117 5347 2464 5419 patriarcha:
2498 5350 2832 5404 auctoritati
2884 5350 3316 5420 subiectorum;
3351 5331 3408 5404 et
3453 5347 3673 5418 passim

213 5425 395 5486 tioni
433 5423 778 5496 patriarcha!
811 5426 1105 5476 reservata
1136 5421 1194 5475 in
1229 5421 1456 5476 cunctis
1481 5437 1581 5486 De?
1609 5422 1900 5484 Orientem
2013 5437 2449 5493 contendebant
2478 5455 2594 5493 non
2628 5438 2930 5510 plusjuris
2953 5435 3588 5506 Constantinopolitani
3611 5437 3671 5490 in

216 5513 633 5579 ὀίωθθείδυε»
667 5513 749 5567 ita
782 5515 847 5565 ιη
873 5527 939 5565 ea
961 5514 1190 5565 tantum
1223 5527 1388 5566 530m
1426 5509 1552 5565 1003
1583 5527 1711 5583 Quae
1753 5516 1902 5574 intra
2015 5526 2236 5581 alienas
2269 5527 2532 5582 dioceses
2555 5509 2732 5598 quam
2759 5525 3676 5598 cuiqueipsoruminConstanti-

215 5619 436 5662 unam
469 5603 676 5658 urbem
710 5599 1278 5671 Constantinopolim
1311 5601 1424 5655 sita
1474 5607 1690 5670 essent,
1744 5607 1866 5660 ordi

2016 5617 2417 5687 nopolitanam
2453 5635 2602 5672 esse.
2633 5622 2913 5671 Caeterum
2938 5615 3331 5686 patriarcham
3363 5615 3678 5688 imperator

1981 2574 2156 2629 nariaa
2208 2575 2480 2645 potestati
2534 2575 2879 2646 patriarcha:
2927 2577 3187 2648 subjecta
3227 2587 3635 2640 remanerent:

1983 2680 2108 2734 quae
2135 2669 2296 2719 extra
2327 2665 2532 2720 urbem
2563 2670 2784 2729 essent,
2817 2682 3021 2722 eorum
3055 2669 3403 2725 auctoritate
3433 2673 3634 2740 subjo-

1983 2758 2180 2808 cerent
2210 2753 2525 2825 praasulum
2561 2756 2661 2826 qui
2697 2756 2979 2812 dios-ceses
3009 2757 3108 2812 ubi
3127 2764 3295 2814 erant
3317 2759 3416 2815 illa
3447 2761 3636 2830 posita

1982 2843 2297 2914 episcopali
2325 2844 2671 2899 auctoritate
2696 2846 3112 2915 gubernarent.
3140 2847 3197 2901 1d
3222 2846 3319 2902 ille
3345 2849 3482 2903 olim
3509 2867 3632 2904 me-

2062 3557 2284 3610 Prodiit
2314 3557 2466 3611 enim
2503 3557 2883 3627 imperatoria
2915 3558 3174 3625 Novella,
3208 3577 3323 3631 qua
3364 3579 3498 3617 cum
3532 3562 3646 3618 alia

1994 3647 2462 3701 decernebantur
2510 3648 2803 3716 quaedam,
2834 3653 2960 3702 tum
3023 3648 3165 3702 illud
3220 3649 3276 3704 in
3312 3652 3540 3721 primis,
3585 3658 3647 3705 ut

1996 3752 2126 3807 quae
2157 3736 2495 3807 ubicunque
2525 3735 2612 3790 vel
2644 3738 3094 3806 cujusquemodi
3129 3736 3255 3792 loca
3284 3739 3393 3807 vel,
3441 3757 3649 3794 mona-

1997 3826 2174 3880 steria
2205 3825 2548 3894 patriarcha:
2573 3825 2673 3880 uni
2696 3827 2961 3894 subjecta
2979 3834 3216 3882 eatenus
3230 3829 3646 3895 censebantur,

1997 3932 2063 3970 ea
2089 3914 2365 3984 deinceps
2398 3915 2714 3985 episcopis,
2755 3930 3004 3984 quorum
3059 3914 3168 3968 illae
3211 3917 3457 3989 propriaa
3505 3917 3646 3971 dioe-

2000 4020 2160 4058 cescs
2183 4008 2404 4070 essent,
2425 4005 2558 4072 jure
2578 4003 2873 4058 ordinario
2896 4004 3286 4074 subjacerent.
3315 4006 3653 4060 Addebatur

2001 4093 2214 4148 decreti
2250 4093 2416 4161 ratio,
2453 4110 2553 4161 per
2591 4094 2842 4148 abusum
2859 4093 3033 4147 viden
3067 4098 3334 4149 etcontra
3353 4112 3652 4150 sacrorum

2004 4197 2292 4238 canonum
2326 4181 2732 4237 auctoritatem
2766 4187 3052 4238 attentum
3088 4184 3143 4238 id
3177 4186 3332 4254 quod
3383 4201 3450 4240 ex
3482 4185 3657 4256 longo
