4002 6198
463 264 525 321 91
539 265 566 320 1
1763 258 2063 318 GEORGII

2194 258 2562 316 CHYMM
3659 267 3740 325 912

464 389 598 444 ποτὲ
628 385 683 440 δὲ
711 384 799 440 καὶ
833 384 964 460 ὑπὲρ
1014 381 1224 438 ἐκείνου
1282 383 1571 456 ἱστάμενος
1620 384 1710 438 καὶ
1752 383 1860 438 τῶν
1910 379 2114 458 έγκλη·
2146 388 2194 451 Α
2223 401 2329 437 των
2361 380 2440 454 τῷ
2474 380 2693 457 βασιλεῖ
2719 380 3026 456 προσήγετο
3075 378 3389 458 ἐπιδορπιος.
3435 385 3559 441 Ἐπεὶ
3582 384 3618 442 δ’
3642 390 3747 454 εἰκὸς

469 478 650 548 μάτων
686 471 945 527 ἀπολύων
979 473 1053 534 ὡς
1086 472 1567 549 συκοφαντούντων
1626 476 1733 526 τῶν
1792 471 2111 547 κατηγόρων
2220 469 2315 532 τὰς
2346 469 2564 545 χαλκᾶς
2612 468 2815 532 ἐκείνας
2865 469 3125 532 πλατείας
3158 468 3407 533 ὑποδοχὰς
3460 471 3661 539 πλείστας
3684 478 3750 534 οὗ.

470 557 743 634 ἄντικρυς.
778 561 877 629 ΪΉν
942 556 997 613 δὲ
1031 557 1183 614 διττᾶ
1239 557 1479 635 στρέφων
1517 603 1530 628 ,
1561 564 1678 620 τοῖς
1729 558 1821 631 μὲν
1881 555 2113 632 κατηγό·
2233 581 2328 623 σας
2379 554 2569 631 ἔξωθεν
2623 558 2983 633 ἐρανίζεσθαι,
3045 557 3137 613 σὺν
3191 565 3301 622 ταῖς
3376 560 3544 625 ἄλλαις
3588 565 3639 632 ἦν
3686 568 3751 638 μία

466 668 581 725 ροις
611 648 745 703 κατά
777 648 1034 725 πρόωπον
1093 645 1342 723 ἐγκαλεῖν
1401 645 1567 725 ἐφιεὶς
1621 645 1708 702 καί
1741 644 1898 715 δῆθεν
1961 644 2113 720 ἐλέγ-
2224 644 2459 703 δοκοῦσα
2491 647 2580 703 καὶ
2610 647 2906 723 πρωτεύειν
2937 652 3016 717 τῷ
3045 645 3233 703 κάλλει
3269 649 3352 703 καὶ
3373 649 3474 721 ἀξία
3510 652 3578 723 τῷ
3597 654 3755 726 βασιλεῖ

468 757 609 813 χειν,
641 735 844 792 ἐκεῖνον
883 734 930 792 δ’
978 735 1130 801 αὖθις
1159 737 1223 791 τὸ
1279 733 1443 813 μέρος
1498 739 1750 810 καταψῶν
1780 756 1840 790 τε
1894 735 1983 789 καὶ
2014 755 2112 789 πε·
2221 737 2626 813 προσάγεσθαι,
2684 735 2720 805 ἢ
2780 733 2847 805 δὴ
2906 737 2994 791 καὶ
3044 736 3343 812 γράμμασιν
3395 738 3658 812 Αἰγυπτίοις
3700 743 3751 805 ὡς

464 826 855 903 ριποιούμενος
882 830 963 899 τῷ
1000 828 1049 902 γ’
1098 824 1398 900 ἐπικπίνειν
1449 829 1523 889 ὡς
1576 829 1788 900 πικρῶς
1846 845 2115 901 συκοφαν-
2223 824 2554 900 ποικίλμασί
2610 846 2749 880 τισιν
2832 823 3196 883 ἐνεσκεύαστο.
3276 823 3476 881 εἶθιστᾶι
3547 829 3647 904 γὰρ,
3702 832 3753 895 ὡς

458 921 606 971 τοῖεν
649 916 699 970 οἱ
733 914 1009 991 λέγοντες,
1067 915 1156 969 καὶ
1202 914 1249 969 εί
1305 912 1499 983 ἤθελεν
1562 914 1717 976 οὗτος
1764 911 1959 990 λέγειν,
2015 913 2113 968 οὐκ
2221 914 2465 991 ἐλέγετο,
2510 913 2831 990 Αἷ’γυπτίοις
2885 914 2995 970 ἀντ’
3035 912 3217 970 ἄλλων
3269 920 3415 970 τινῶν
3458 915 3751 990 ποικιλμάτων

466 1007 525 1060 ἄν
562 1006 923 1082 συκοφαντίας
953 1004 1245 1079 ἠνοίγοντο
1307 1002 1567 1077 στόματα.
1601 1004 1701 1057 ’Ἡν
1762 1000 1808 1056 δ’
1867 1001 2112 1079 ἐμφανὴς
2221 1003 2274 1059 ἕν
2306 1025 2365 1059 τε
2384 1001 2621 1065 πέπλοις
2652 1003 2743 1058 καὶ
2784 1008 3143 1081 φωταγωγοῖς
3186 1003 3271 1059 καὶ
3320 1004 3504 1059 σκεύεσι
3553 1007 3753 1070 παντοίοις

461 1094 702 1158 ἐντεῦθεν
745 1091 1162 1169 προσονειδίζων
1217 1097 1298 1166 τῷ
1327 1091 1639 1168 πατριάρχῃ
1665 1091 1728 1146 τὸ
1779 1092 1913 1167 πρὸς
1972 1089 2112 1145 ἐκεῖ-
2218 1098 2337 1155 τοῖς
2390 1094 2677 1168 γράμμασι
2736 1099 2997 1167 χρῆσθαι.
3055 1093 3288 1168 Ἔτυχον
3342 1091 3395 1149 δὲ
3438 1094 3497 1149 τὰ
3536 1097 3757 1171 γράμματα

459 1205 548 1239 νον
576 1183 778 1262 φίλερι·
840 1178 952 1257 ἔριν
1010 1184 1113 1258 γὰρ
1169 1181 1261 1237 τὸν
1326 1181 1515 1252 ζῆλον,
1545 1181 1635 1235 καὶ
1691 1181 1752 1235 τὸ
1813 1181 1946 1256 ὑπὲρ
2003 1184 2109 1235 τῶν
2216 1186 2315 1237 τοῦ
2346 1182 2651 1257 καταράτου
2683 1180 3021 1255 Μαχούμετ,
3045 1183 3236 1237 ταυτὸν
3280 1181 3324 1236 δ’
3351 1181 3501 1237 εἰπεῖν
3523 1184 3596 1237 καὶ
3637 1185 3755 1240 Maxi-

459 1271 830 1346 ἀδικουμένων
862 1268 1040 1347 λέγειν
1073 1269 1325 1345 ἐνοχλεῖν
1357 1267 1584 1344 ἔκρινεν.

459 1437 550 1513 ιβ’,
603 1436 687 1492 Τὰ
743 1429 1028 1524 συμϐάντα
1059 1438 1155 1524 ’Ξῷ
1202 1429 1517 1524 πατριᾶρκχκη
1574 1429 1661 1487 διὰ
1715 1431 1814 1501 τὴν
1862 1434 1971 1486 τῶν
2001 1437 2105 1485 Κο-

1008 1501 1192 1560 Nam
1221 1501 1551 1574 ἀποστσλῆν.

531 1637 612 1708 [Ρ.
640 1634 765 1707 310]
798 1631 875 1691 Ού
908 1637 1098 1708 χεῖρον
1150 1629 1207 1686 δὲ
1260 1632 1351 1686 καὶ
1391 1632 1454 1686 τὸ
1511 1628 1562 1684 ἐν
1598 1630 1745 1705 ἀρχῇ
1776 1633 1884 1683 τῶν
1934 1650 2100 1699 κατη-

451 1721 783 1801 γορημάτων
817 1717 1052 1794 συμϐάν,
1109 1721 1184 1782 ὡς
1215 1721 1429 1794 χάριεν,
1480 1717 1790 1794 ἱστορῆσαι,
1844 1717 1933 1772 καὶ
1986 1715 2099 1772 δεῖ·
2129 1764 2174 1829 Β

456 1816 474 1829 ι
573 1814 585 1829 ι
654 1811 667 1829 1
965 1811 976 1829 1
1216 1808 1236 1829 Χ
1290 1804 1320 1829 ρ
1359 1813 1384 1823 -ν
1650 1809 1661 1823 1
1765 1809 1785 1829 1
1834 1806 1847 1826 Ι
1962 1807 2031 1829 “I

453 1816 538 1886 ξαι
566 1811 741 1867 ὁπόσα
776 1811 1019 1886 πονηρία
1070 1804 1460 1884 προσλαϐοὖσα
1514 1809 1701 1883 καιρὸν
1755 1806 1924 1862 ἀνύει.
1960 1807 2099 1861 Σύν-

455 1913 587 1972 ηθες
619 1902 712 1974 μὲν
747 1901 838 1955 οὖν
897 1903 962 1969 ἦν
1023 1903 1327 1977 περιφανῶς
1377 1895 1649 1961 τελεῖσθαι
1693 1900 1762 1971 τῇ
1803 1894 2101 1967 Ἐκκλησία

455 1991 556 2060 τὴν
614 1996 715 2060 τῆς
768 1990 1113 2057 Ὑπαπαντῆς
1170 1987 1386 2062 ἑορτὴν,
1447 1986 1539 2041 ἅτε
1594 1987 1711 2039 κατ’
1759 1983 1964 2056 ἐκείνην
2008 2006 2100 2039 τυ-

457 2078 657 2154 χόντος
685 2077 812 2151 παρ’
863 2078 1069 2153 Ἰωσὴφ
1126 2075 1223 2129 τοῦ
1275 2078 1601 2148 κρατοῦντος
1653 2078 1753 2141 τῆς
1809 2074 2100 2148 συγχωρή-

446 2187 613 2228 σεως.
661 2166 727 2235 ἦν
763 2162 820 2220 δὲ
838 2165 927 2220 καὶ
961 2165 1109 2241 ὲφθῷ
1138 2185 1272 2236 σιτῳ
1313 2163 1523 2236 σύναμα
1577 2167 1808 2236 καρποῖς
1868 2161 2102 2235 ὀπωρῶν

455 2252 895 2328 ποικιλλομένας
977 2253 1073 2316 τὰς
1139 2256 1247 2306 τῶν
1307 2250 1647 2324 ἐκπωμάτων
1707 2247 1967 2311 πλατείας
2023 2247 2099 2311 εἷς

451 2344 703 2421 εὐλογίαν
736 2343 1112 2420 προτίθεσθαι,
1162 2342 1237 2395 ὧν
1297 2341 1371 2403 ὡς
1428 2340 1653 2415 ἀπαρχή
1712 2341 1857 2408 τιςή
1919 2339 2100 2414 κρείτ-

439 2579 514 2622 ex
562 2579 665 2619 suo
714 2564 846 2618 voto
893 2560 989 2615 his
1033 2556 1346 2615 calumniis
1386 2556 1615 2629 egregie
1645 2555 1964 2612 exercitum
1994 2571 2098 2626 per

437 2656 587 2709 duos
641 2654 795 2707 totos
840 2664 1073 2705 menses
1132 2645 1361 2712 habuit,
1388 2660 1545 2700 nunc
1606 2643 1914 2699 sententiis
1957 2659 2091 2698 eum

428 2741 701 2814 judicum
736 2738 1267 2811 permittens,nunc
1299 2734 1349 2790 ei
1374 2735 1535 2790 visus
1558 2732 1867 2804 suffragari
1888 2732 2091 2788 crimi-

441 2832 735 2900 nibusque
756 2827 953 2899 ipsum
978 2824 1465 2892 solvere,mentiri
1483 2826 1853 2878 accusatores
1873 2821 2089 2876 etnihil

440 2921 554 2976 nisi
588 2933 780 2973 meras
812 2915 1016 2971 atferre
1047 2913 1378 2971 calumnias
1414 2927 1703 2968 asserens.
1753 2909 2092 2965 Sustinebat

440 3012 635 3064 autem
667 3006 727 3061 in
758 3005 868 3060 hac
899 3004 1070 3076 quasi
1100 3019 1275 3058 scena
1299 3018 1606 3073 personam
1630 2999 2089 3072 duplicem,hinc

432 3096 669 3168 quidem
705 3093 898 3165 palam
929 3090 1372 3148 accusatoribus
1403 3089 1749 3161 permittens
1783 3088 2083 3143 criminari

437 3182 832 3258 patriarcham
854 3182 1179 3236 eteidicam
1208 3180 1267 3234 in
1281 3196 1346 3235 os
1375 3195 1572 3234 coram
1592 3178 2081 3248 impingere,inde

434 3294 643 3333 rursus
656 3274 931 3330 eumdem
951 3288 1219 3328 seorsum
1240 3275 1588 3325 conventum
1620 3269 1927 3335 deliniens,
1954 3285 2089 3325 con-

440 3360 736 3420 dolereilli
764 3360 1057 3416 simulans
1088 3359 1259 3431 quasi
1293 3374 1395 3429 per
1425 3357 1781 3412 calumniam
1815 3357 2085 3425 injustiso

436 3455 586 3510 sime
613 3454 838 3507 vexato.
873 3450 935 3503 In
970 3464 1084 3518 quo
1116 3462 1293 3517 quam
1330 3444 1478 3500 male
1508 3444 1866 3500 cohaererent
1912 3445 2087 3501 dictis

432 3543 587 3598 facta
622 3538 815 3611 palam
855 3542 1000 3591 erat.
1030 3536 1090 3591 Si
1123 3534 1280 3591 enim
1313 3539 1433 3589 tam
1485 3537 1611 3589 erat
1641 3533 1724 3587 illi
1767 3539 2084 3604 perspecta,

434 3644 612 3700 quam
637 3624 818 3682 videri
850 3622 1101 3691 volebat,
1124 3618 1458 3677 innocentia
1480 3618 2085 3686 delati,curdelatores

436 3725 559 3775 tam
592 3716 834 3785 licenter
855 3712 1194 3782 obstrepere
1210 3713 1375 3765 tanto
1399 3713 1659 3780 tempore
1681 3708 2086 3781 sinebat,quos

438 3807 661 3863 latebat
692 3802 985 3858 neminem
1021 3815 1093 3855 ne
1124 3798 1350 3853 hiscere
1374 3797 1612 3868 quidem
1640 3813 1909 3865 ausuros,
1935 3800 1983 3853 si
2002 3799 2085 3854 eis

438 3895 528 3951 vel
551 3890 732 3950 semel
756 3889 1110 3946 declarasset
1132 3885 1450 3957 imperator
1469 3885 1579 3940 sibi
1604 3884 1912 3957 displicere
1929 3890 2084 3958 quod

439 3985 524 4041 illi
558 3978 841 4055 agerent?
869 3978 977 4033 Sed
1010 3977 1120 4032 hoc
1149 3976 1304 4033 453
1330 3991 1535 4031 omnes
1573 3974 1849 4030 videbant
1874 3977 1947 4031 ab
1978 3993 2084 4031 au-

438 4076 597 4127 stuto
621 4066 887 4140 principe
912 4066 991 4120 ita
1020 4063 1167 4132 fieri,
1201 4068 1264 4117 ut
1295 4078 1398 4133 per
1427 4078 1489 4116 se
1528 4061 1882 4133 patriarcha,
1916 4062 2083 4118 intel.

436 4160 640 4231 Iigeret
673 4156 831 4210 luere
862 4170 923 4209 se
952 4168 1186 4223 poenam
1217 4150 1593 4206 contentiosa:
1614 4150 1945 4221 pertinaciae
1968 4168 2086 4224 qua

429 4242 659 4318 jurgari
690 4258 825 4296 cum
856 4239 1119 4311 principe
1165 4253 1278 4293 non
1312 4240 1466 4293 esset
1520 4237 1759 4292 veritus.
1809 4238 2081 4309 Jurgium

436 4335 594 4391 enim
623 4330 720 4387 ille
745 4346 810 4386 ac
841 4327 1263 4384 contentiosam
1299 4326 1726 4397 pugnacitatem
1752 4324 2084 4396 appellabat

432 4422 772 4495 religiosum
794 4417 983 4473 zelum
1004 4413 1410 4487 patrocinandi
1429 4414 1844 4469 circumventis
1857 4413 2081 4471 calum-

429 4512 529 4567 nia
557 4508 646 4565 vel
676 4506 793 4562 alia
823 4503 1028 4577 quavis
1057 4502 1276 4574 injuria
1305 4501 1624 4573 oppressis.

495 4674 580 4731 12.
618 4670 760 4742 Quid
788 4667 1080 4740 contigerit
1104 4665 1447 4794 ἶὲιέἔξὲνεὼῖ
1475 4680 1546 4719 ex
1574 4664 1834 4720 missione
1873 4665 2034 4740 Coty-

488 4874 614 4930 Non
653 4872 756 4927 abs
802 4883 864 4924 re
891 4865 1063 4923 fuerit
1104 4869 1162 4921 et
1199 4864 1352 4937 quod
1404 4861 1576 4918 initia
1604 4862 1782 4933 hujus
1832 4882 2066 4923 accusa-

416 4964 594 5021 tionis
628 4959 840 5019 accidit
865 4953 1130 5028 joculare
1162 4971 1228 5010 ac
1260 4953 1415 5009 dictu
1449 4951 1709 5025 lepidum
1738 4955 1971 5026 referre,
2006 4963 2069 5012 ut

414 5073 483 5113 ex
514 5054 622 5110 hoc
644 5048 968 5123 specimine
989 5047 1171 5103 lector
1190 5044 1735 5113 zestimetquantum
1759 5044 1871 5099 sibi
1893 5046 2066 5103 licere

409 5143 746 5217 malignitas
775 5138 910 5197 velit
940 5143 998 5193 et
1028 5134 1168 5207 quid
1202 5151 1317 5189 non
1346 5131 1649 5187 occasione
1681 5140 1911 5203 arrepta
1935 5152 2063 5205 per-

403 5234 581 5290 fieiat.
612 5232 695 5287 Ad
729 5231 1075 5285 consuetum
1129 5223 1348 5292 ubique
1380 5236 1445 5273 ac
1494 5234 1728 5287 semper
1775 5220 2058 5278 celebrem

2222 1283 2345 1344 μεθ,
2408 1268 2584 1343 ὄνομα
2640 1272 2820 1347 φέρειν
2880 1269 2959 1332 εἲς
3020 1265 3263 1340 ἔπαινον,
3314 1274 3478 1328 Τοῦτο
3525 1272 3674 1345 κύκλῳ

2214 1359 2445 1431 πλατείᾳ
2525 1358 2962 1436 ἐγγεγραμμένον
3045 1359 3176 1421 τοὺς
3244 1360 3629 1436 κατήγοροῦντας
3692 1361 3760 1416 οὐκ

2213 1446 2392 1514 ἔλαθε,
2426 1448 2529 1507 Καὶ
2562 1446 2630 1517 δὴ
2679 1445 2780 1520 ἔξω
2826 1449 3083 1521 κειμένης
3139 1446 3215 1504 ἔτι
3270 1450 3389 1525 πρὶν
3445 1449 3497 1504 ἂν
3548 1449 3758 1525 εἲσαχθείη

2210 1543 2292 1610 τῷ
2322 1536 2558 1613 βασιλεῖ,
2607 1538 2756 1593 οὗτοι
2805 1539 3114 1613 πέμψαντες
3172 1535 3564 1614 ἀναγγέλλουσιν
3613 1539 3670 1600 ὡς
3693 1538 3761 1594 οὐκ

2212 1626 2382 1682 είσιτά
2409 1647 2470 1703 γε
2516 1626 2583 1681 τὰ
2629 1633 2727 1697 τῆς
2783 1623 3047 1688 πλατείας
3093 1628 3174 1689 εἷς
3225 1625 3438 1701 βασιλέα
3481 1627 3697 1705 φερούσης
3718 1628 3761 1682 τὸ

2210 1714 2484 1791 ἐξάγιστον
2520 1711 2715 1788 ὄνομα,
2754 1716 2844 1770 καὶ
2892 1715 2965 1777 ὡς
3014 1717 3043 1771 ὁ
3074 1712 3410 1793 πατριάρχης
3462 1713 3761 1785 ἐὼίτηδεςέν-

2211 1806 2524 1859 σκενάσαιτο
2557 1803 2764 1873 ἐκείνην
2815 1806 3127 1882 πεμφθῆναι
3182 1810 3262 1878 τῷ
3318 1803 3533 1882 βασιλεῖ,
3575 1807 3685 1880 ᾗπερ
3710 1805 3762 1877 μὴ

2213 1894 2378 1968 μόνον
2412 1892 2511 1948 οὐκ
2542 1892 2795 1969 εὒλογίας
2843 1895 3003 1967 μετὸν
3062 1891 3151 1949 διὰ
3201 1899 3263 1951 τὸ
3308 1901 3402 1965 τῆς
3430 1901 3616 1969 γραφῆς
3640 1915 3763 1966 poca-

2211 1985 2324 2059 ρὸν,
2384 1983 2530 2038 ἀλλᾶ
2579 1984 2669 2038 καὶ
2731 1984 2935 2057 μύσους
2990 1985 3058 2039 τὰ
3119 1982 3345 2060 μέγιστα
3409 1978 3763 2060 προεστρίῦετο.

2207 2076 2382 2127 Ταῦτα
2410 2072 2719 2145 πυθόμενος
2752 2074 2780 2128 ὁ
2812 2070 3092 2147 βασιλεὺς,
3150 2075 3312 2149 πείρᾳ
3367 2070 3524 2128 θέλων
3567 2070 3765 2147 γνωρίσαι

2206 2162 2273 2217 τά
2316 2158 2662 2237 ἀγγελθέντα,
2703 2160 2753 2234 ἐξ
2800 2162 2975 2231 αὐτῆς
3031 2162 3240 2234 πέμπει
3300 2162 3388 2217 τὸν
3435 2165 3522 2216 τοῦ
3572 2164 3770 2220 κοιτῶνος

2210 2250 2709 2324 παρακοιμώμενον
2796 2249 2886 2304 τὸν
2964 2248 3253 2326 βασιλικὸν
3305 2250 3565 2307 Βασίλειον
3617 2248 3773 2319 ξυνετὸν

2212 2338 2341 2395 ὄντα
2386 2336 2724 2414 γραμμάτων
2779 2339 3124 2415 Ἀγαρηνῶν,
3185 2339 3274 2395 καὶ
3329 2339 3387 2404 ’ὀς
3434 2336 3772 2415 ἀνεγίνωσκέτι

2204 2556 2280 2624 is,
2313 2560 2374 2610 ut
2421 2555 2641 2611 dictum
2674 2558 2784 2625 est,
2836 2554 2938 2611 tali
2995 2555 3089 2611 die
3136 2555 3527 2613 communioni
3562 2552 3771 2611 Ecclesia

2202 2644 2509 2699 restitutus
2522 2644 2963 2700 etanathemate
2982 2644 3514 2717 solutusaJosepho
3534 2642 3771 2699 fuissetJn

2200 2731 2294 2788 bis
2316 2738 2513 2788 autem
2541 2750 2668 2804 quae
2695 2750 2761 2788 ex
2786 2734 3110 2790 abundanti
3145 2735 3505 2791 addebantur
3519 2734 3583 2790 ad
3603 2732 3772 2806 passim

2201 2821 2449 2877 usitatos
2478 2822 2607 2891 ejus
2638 2822 2941 2895 religionis
2971 2824 3143 2894 ritus,
3178 2824 3323 2881 illud
3354 2828 3552 2880 eratut
3577 2819 3775 2877 inlanci-

2198 2911 2311 2966 bus
2341 2912 2678 2967 encaustico
2728 2928 2902 2982 opere
2944 2913 3284 2985 variegatis,
3338 2913 3553 2986 pictura
3601 2911 3774 2965 fructus

2198 3000 2317 3056 fere
2356 3001 2730 3056 autumnales
2772 3001 3156 3073 exprimente,
3212 3003 3559 3058 frumentum
3609 3002 3774 3055 testam

2197 3088 2539 3161 patriarchae
2570 3091 2642 3146 ad
2666 3108 2828 3147 aram
2860 3091 3132 3148 facientis
3147 3092 3546 3149 benedictione
3572 3086 3777 3146 sanctiﬁ-

2195 3179 2448 3232 candum
2472 3179 2927 3245 offerretur,tum
2946 3179 3160 3236 harum
3186 3180 3444 3237 lancium
3474 3180 3660 3237 eximia
3677 3192 3779 3240 una,

2192 3268 2588 3339 primitiarum
2611 3267 2727 3324 ritu
2744 3270 3023 3340 quodam,
3040 3270 3307 3341 epulanti
3331 3275 3580 3343 Augusto
3611 3264 3779 3324 mensis

2193 3356 2469 3410 secundis
2500 3355 2831 3411 inferretur.
2858 3357 3148 3423 Quoniam
3184 3376 3318 3415 vero
3338 3354 3778 3415 aanearumistius-

2193 3444 2351 3498 modi
2383 3445 2641 3500 lancium
2671 3446 2751 3500 ad-
2775 3444 2883 3501 hos
2914 3463 3062 3502 usus
3124 3447 3423 3521 corrogari
3471 3448 3541 3502 ab
3581 3440 3777 3501 externis

2192 3531 2483 3604 plurimos
2534 3551 2773 3590 necesse
2809 3540 2953 3601 erat,
2988 3536 3140 3592 inter
3189 3537 3327 3594 illas
3358 3554 3483 3609 quae
3528 3536 3625 3591 hoc
3663 3545 3775 3587 anno

2191 3624 2576 3679 commodata
2605 3640 2639 3678 a
2670 3623 2844 3679 variis
2878 3624 3131 3694 fuerant,
3168 3644 3290 3683 una
3334 3629 3476 3682 forte
3520 3619 3775 3696 speciosior

2190 3712 2317 3767 visa
2338 3712 2583 3777 caeteris,
2615 3718 2668 3769 et
2695 3730 2760 3769 eo
2792 3713 2969 3785 digna
3000 3732 3116 3786 prae
3150 3718 3382 3773 cunctis
3410 3733 3531 3788 quae
3577 3714 3778 3783 impera-

2190 3801 2303 3855 tori
2335 3802 2661 3870 sisteretur,
2697 3802 2954 3874 seposita
3002 3805 3072 3859 ad
3122 3805 3234 3862 hoc
3285 3807 3480 3879 ipsum
3528 3806 3625 3860 est.
3667 3796 3775 3854 Huic

2191 3905 2384 3961 porro,
2430 3898 2639 3961 praeter
2673 3896 2943 3947 caeterum
2999 3893 3225 3951 inducti
3275 3895 3566 3969 eleganter
3607 3881 3783 3947 tectorii

2191 3979 2468 4050 speciem,
2499 3981 2750 4052 Egyptii
2786 3998 3019 4053 quoque
3043 3983 3319 4056 inscripti
3339 3976 3780 4040 characteresine-

2192 4073 2345 4124 rant.
2378 4072 2734 4126 Consuetum
2770 4071 3008 4143 quippe,
3042 4079 3108 4127 ut
3136 4074 3332 4142 aiunt,
3364 4070 3614 4146 Egyptis
3645 4063 3782 4123 estin

2187 4157 2334 4212 velis
2391 4157 2759 4215 candelabris
2818 4160 3089 4232 vasisque
3158 4162 3406 4235 reliquis
3451 4154 3782 4231 insigniendis

2189 4245 2365 4301 istam
2395 4250 2452 4301 et
2478 4245 2692 4302 litteris
2724 4247 2988 4319 ipsorum
3011 4252 3283 4320 speciose
3306 4251 3473 4306 illitis
3503 4239 3779 4304 ornamenti

2187 4334 2474 4390 rationem
2502 4335 2789 4392 affectare.
2819 4342 2984 4393 Forte
3004 4344 3202 4395 autem
3224 4340 3442 4405 evenit,
3462 4345 3521 4395 ut
3541 4353 3651 4410 qua
3670 4334 3785 4388 hanc

2190 4423 2516 4494 imperatori
2573 4426 2928 4482 destinatam
2979 4426 3208 4483 lancem
3241 4429 3532 4484 elementa
3572 4418 3788 4496 Egyptia

2107 4502 2155 4566 D
2186 4512 2526 4586 pingebant,
2547 4516 2925 4573 exsecrabilis
2937 4518 3093 4574 454
3113 4517 3648 4584 Machumetis,seu,
3667 4506 3786 4582 Quod

2184 4602 2339 4656 idem
2380 4606 2488 4669 est,
2533 4601 2904 4670 Mahomctis,
2944 4604 3269 4661 honorifice
3303 4621 3513 4661 nomen
3546 4598 3786 4673 exprime-

2183 4695 2330 4745 rent.
2386 4689 2511 4744 Non
2564 4690 2738 4746 latuit
2765 4697 3140 4749 accusatores
3171 4693 3404 4751 circum
3427 4693 3618 4750 orbem
3646 4686 3790 4757 huius

2180 4780 2393 4849 patinae
2438 4780 2902 4836 abominandum
2946 4781 3002 4837 id
3059 4783 3420 4839 vocabulum
3471 4777 3788 4848 inscriptum.

2182 4867 2336 4923 Cum
2380 4885 2448 4923 ea
2494 4868 2668 4938 igitur
2699 4869 2889 4925 adhuc
2923 4871 2982 4926 in
3006 4871 3231 4943 templo
3260 4861 3789 4944 seposita,quemad-

2181 4958 2422 5013 modum
2454 4962 2541 5013 est
2572 4958 2814 5027 dictum,
2846 4966 2909 5015 ut
2939 4961 3007 5016 ad
3038 4962 3459 5033 imperatorem
3492 4958 3789 5015 deferretur,

2179 5051 2385 5110 staret,
2422 5045 2606 5102 misso
2630 5046 2692 5102 hi
2723 5054 2876 5105 certo
2908 5049 3148 5105 homine
3182 5050 3237 5105 ei
3280 5050 3559 5107 nuntiant
3603 5046 3791 5101 lancem

2176 5137 2289 5209 ipsi
2343 5136 2697 5193 offerendam
2747 5139 3011 5194 studiose
3057 5138 3349 5195 delectam
3408 5157 3441 5194 a
3482 5130 3791 5211 patriarcha.

2175 5243 2305 5299 quae
2334 5225 2696 5282 detestabilis
2727 5234 2883 5284 esset
2926 5228 3181 5284 nominis
3233 5228 3591 5300 ascriptione
3637 5217 3793 5292 profa-

406 5325 754 5396 apparatum
780 5318 1078 5383 ritumque
1109 5314 1429 5380 augustum
1466 5304 1862 5361 anniversario
1896 5311 2057 5367 cultu

405 5392 760 5469 honorandae
814 5397 1205 5459 solemnitatis
1256 5396 1631 5466 Hypapantes
1681 5392 1900 5465 aliquid
1953 5400 2061 5457 hoc

404 5508 668 5571 tempore
686 5488 1043 5551 czsremoniaa
1065 5482 1467 5556 exquisitioris
1491 5481 1751 5537 adhiberi
1776 5493 1899 5541 erat
1915 5490 2056 5545 soli-

403 5596 533 5646 tum
566 5587 625 5641 in
656 5581 906 5656 gratiam
936 5582 1114 5649 atque
1161 5575 1440 5633 honorem
1469 5573 1857 5645 imperatoris,
1898 5582 2054 5653 quod

2172 5322 2331 5381 nata,
2385 5320 2448 5371 ut
2492 5315 2757 5373 videlicet
2807 5334 2913 5388 pro
2962 5323 3233 5389 separata
3279 5322 3552 5391 Augusta
3588 5330 3651 5369 ex
3684 5310 3787 5379 ejus

2170 5404 2321 5460 sacri
2357 5404 2699 5476 apophoreti
2736 5405 3181 5478 participatione
3218 5408 3423 5479 gratia
3453 5401 3671 5462 macula
3701 5392 3790 5468 ipsi

2168 5492 2390 5547 infandi
2426 5493 2643 5564 piaculi
2672 5496 3014 5566 contagione
3047 5496 3200 5552 velut
3233 5500 3497 5569 quadam
3519 5491 3792 5550 exsecratw

2166 5581 2611 5653 superstitionis
2642 5584 3007 5644 allineretur.
3040 5586 3167 5643 Haec
3198 5588 3460 5645 audiens
3489 5582 3794 5656 imperator,

3902 214 3908 309 J
