4002 6198
264 318 377 374 913

1332 323 1426 374 DE
1471 319 1840 374 MICHAELE
1876 316 2320 372 PALEOLOGO
2357 318 2490 370 LIB.
2534 318 2629 371 VI.

3573 315 3683 371 914

268 444 361 498 καὶ
430 445 492 498 τὸ
566 440 769 514 ἀληθὲς
825 445 1258 520 προσεμαρτύρει
1337 449 1453 506 τοῖς
1505 443 1914 519 ἀπαγγείλασιν.
1949 437 2232 511 Ακλησία
2301 441 2562 512 ποιμένος
2593 440 2990 516 κεχηρωμένη,
3045 441 3171 512 μήτ’
3217 438 3426 494 ἐκείνου
3475 442 3676 516 παρόν.

267 534 335 589 ἸΙ
374 534 468 606 μὲν
503 531 594 587 οὖν
656 532 892 588 πλατεῖα
951 533 1051 588 οὐκ
1109 533 1352 608 εἰσήγετο
1406 531 1493 587 διὰ
1540 535 1639 601 τήν
1675 529 1922 602 συνείδη-

270 644 379 691 σιν,
412 624 511 689 την
560 621 938 691 ἀποστολικὴν
997 621 1312 694 παραίνεσιν
1363 627 1459 677 τοῦ
1522 621 1791 698 βασιλέως
1820 643 1922 691 τη-

269 713 578 788 ρήσαντος·
639 711 702 767 τὸ
758 708 814 765 δὶ
865 715 932 786 τῇ
993 711 1113 782 ἑξῆς
1171 713 1246 776 ὡς
1303 709 1560 786 ἔγκλημα
1617 712 1702 766 καὶ
1762 715 1921 765 τοῦτο

268 799 596 874 προύτίθετο
623 799 898 874 μέγιστον.

271 962 356 1036 ιγ’.
425 963 615 1024 ⁰Οπως
683 963 1036 1037 παρῃτήσατο
1076 1034 1084 1037 _
1131 962 1222 1037 τον
1309 960 1500 1032 θρόνον
1565 962 1592 1014 6
1654 980 1919 1035 πατριαρ-

844 1033 1022 1108 χεύων
1075 1033 1350 1101 Ἰωαννής.

341 1160 428 1231 [Ρ.
460 1161 584 1230 311]
633 1159 722 1220 Ὡς
778 1157 954 1212 τοίνυν
1007 1158 1073 1212 τὰ
1130 1157 1265 1212 κατὰ
1310 1159 1400 1212 τὸν
1451 1157 1794 1233 πατριάρχην
1831 1156 1917 1211 ἐπὶ

268 1247 412 1318 μησὶ
442 1245 586 1301 δυοῖν
619 1243 861 1322 ἐτρίϐετο
891 1249 980 1302 καὶ
1025 1244 1179 1303 οὐδὲν
1225 1248 1441 1318 ἠνύετο,
1480 1247 1643 1319 μονον
1678 1244 1723 1300 δ’
1754 1246 1917 1308 ὖθλος

263 1336 359 1390 καὶ
393 1335 638 1411 λοιδορία
689 1337 778 1391 καὶ
831 1341 931 1392 πᾶν
966 1339 995 1392 6'
1024 1359 1074 1392 τι
1105 1337 1356 1392 κάκιστον
1408 1337 1494 1405 ἦν,
1550 1337 1657 1408 (καὶ
1698 1337 1748 1390 τί
1789 1338 1914 1412 γὰρ,

265 1423 412 1478 ὅπου
467 1427 555 1479 καὶ
607 1423 853 1498 κλίμακα
900 1427 1034 1480 κατᾶ
1091 1425 1292 1505 φιάλης
1351 1425 1781 1488 ἐνσκευασθεῖσαν
1840 1430 1917 1496 τῷ

263 1515 586 1589 πατριάρχῃ
645 1515 781 1570 κατᾶ
826 1537 946 1570 τινα
1002 1513 1176 1570 ἄνεσιν
1238 1513 1470 1590 δένδρων
1533 1514 1702 1570 ἐκεῖσε
1750 1537 1914 1569 κατα-

266 1603 642 1679 φυτευθέντων
703 1604 996 1678 παντοίων,
1049 1604 1185 1675 ὕλην
1240 1606 1388 1680 εἶχον
1445 1604 1534 1658 καὶ
1585 1604 1785 1674 ταύτην
1815 1611 1914 1672 τῆς

261 1695 381 1747 κατ’
418 1692 623 1748 ἐκείνου
656 1695 1038 1772 συκοφαντίας,
1097 1696 1224 1769 παρ’
1281 1693 1348 1763 ἦν
1410 1694 1585 1748 αἷ“τίαν
1627 1695 1715 1748 καὶ
1751 1693 1914 1766 μόνον

2031 551 2146 596 τος,
2180 529 2268 583 καὶ
2302 527 2472 583 ἄλλον
2505 530 2906 604 ἁντεισάγεσθαι
2960 529 3058 583 οὐκ
3105 530 3171 598 ἦν
3217 524 3362 590 ὅλως
3415 535 3494 601 τῷ
3530 532 3681 592 Βασι-

2484 620 2535 674 ἐν
2587 624 2666 692 τῷ
2728 619 2920 692 μεταξὺ
2974 622 3074 695 γὰρ
3137 622 3366 692 πέμπων
3396 621 3486 674 καὶ
3519 620 3676 674 αὐτὸν

2727 709 2948 782 βασιλέα
3015 706 3356 784 Ἀνδρόνικον
3424 708 3676 782 ἐπειρᾶτο

2032 617 2121 674 λεῖ
2149 618 2378 690 θελητόν
2412 639 2423 650 '

2030 706 2096 778 δὴ
2163 710 2254 762 τὸν
2318 707 2480 763 αὐτοῦ
2547 709 2638 763 τὸν

2032 796 2344 871 μαλάττειν·

2033 955 2111 1015 ιδ’.
2171 959 2252 1014 Τὰ
2315 959 2452 1012 κατᾶ
2511 959 2639 1020 τοὺς
2707 954 2961 1030 πρέσϐεις
3016 962 3113 1013 τοῦ
3171 959 3366 1014 πάππα
3425 959 3514 1015 καὶ
3580 961 3672 1014 τὸν

2513 1032 2858 1106 πατριάρχην
2907 1031 3180 1101 Ἰωάννην.

2095 1157 2182 1211 Ἐν
2214 1155 2460 1228 τοσούτῳ
2493 1154 2549 1210 δὲ
2597 1158 2684 1211 καὶ
2737 1152 2988 1231 πρέσϐεις
3032 1157 3094 1211 ὲκ
3146 1158 3369 1229 Ῥώμης
3401 1159 3547 1228 παρά
3574 1161 3671 1211 τοῦ

2022 1246 2218 1300 πάππα
2270 1246 2574 1324 ἐφίστανται
2636 1245 2735 1316 ἔξω
2792 1269 2898 1302 που
2955 1246 3172 1309 πόλεως
3228 1250 3323 1314 τῆς
3383 1244 3673 1321 Ἀδριανοῦ

2023 1335 2344 1405 ἐπανήκοντι
2410 1334 2642 1411 βασιλεῖ.
2706 1339 2805 1392 Καὶ
2867 1336 2926 1399 ὅς
2981 1335 3151 1400 θέλων
3190 1337 3488 1402 συσκιάζειν
3523 1335 3671 1411 σφίσι

2019 1425 2088 1480 τά
2116 1428 2252 1480 κατὰ
2298 1428 2388 1481 τὸν
2440 1427 2810 1502 πατριάρχην,
2870 1426 3095 1490 ἐκείνοις
3143 1427 3236 1496 μὲν
3287 1425 3461 1486 αἰτίας
3495 1423 3673 1478 πλατ-

2017 1515 2248 1588 τόμενος
2303 1517 2376 1577 ὡς
2428 1516 2740 1590 ἀπειρηκὼς
2795 1510 2947 1591 ἔλεγε
3014 1516 3150 1592 πρὸς
3207 1515 3331 1578 τοὸς
3382 1513 3587 1576 πόνους
3643 1514 3669 1566 ὁ

2020 1604 2391 1680 πατριάρχης,
2423 1607 2509 1660 καὶ
2564 1606 2815 1674 ἀνεθῆναι
2877 1604 3046 1668 θέλων
3099 1605 3182 1659 ἐπὶ
3236 1603 3400 1675 πολὺ,
3434 1602 3672 1677 ἐκχωρεῖ

2019 1697 2156 1769 πρὸς
2184 1697 2368 1771 καιρὸν
2402 1700 2498 1750 τοῦ
2530 1695 2941 1771 πατριαρχείου.
2970 1697 3051 1767 [Ρ.
3077 1697 3201 1766 312]
3229 1695 3317 1748 καὶ
3347 1715 3408 1768 γε
3443 1691 3670 1764 μέλλειν

260 1781 501 1846 ἀκούσας
530 1785 665 1838 κατᾶ
707 1789 807 1838 πᾶν
860 1783 1075 1839 ἐκέλευε
1120 1785 1209 1838 καὶ
1257 1785 1306 1859 γ’
1357 1784 1628 1858 ἀφανίζειν
1658 1782 1845 1838 τέλεον
1875 1785 1911 1856 ς)
1944 1811 1990 1875 Β
2019 1783 2264 1858 ἐντυχεῖν
2298 1789 2430 1862 σφᾶς
2478 1784 2663 1857 ἐκείνῳ
2709 1783 2854 1858 παρά
2906 1805 3015 1838 τισι
3068 1788 3174 1837 τῶν
3207 1783 3342 1836 κατὰ
3371 1783 3468 1850 την
3503 1780 3668 1835 πόλιν

257 1873 336 1934 ὡς
373 1877 505 1948 γοῦν
535 1871 685 1928 οὐδὲν
721 1871 860 1929 ἄλλο
899 1873 934 1943 ἢ
985 1873 1237 1947 λοιδορία
1283 1874 1498 1943 ἠνύετο,
1527 1873 1727 1934 σκοπὸς
1768 1871 1813 1927 δ’
1844 1872 1909 1941 ἦν

256 1960 470 2018 ἐκεῖνον
520 1963 854 2036 ἀπειρηκότα
909 1965 1044 2039 πρὸς
1101 1964 1194 2025 τὰς
1251 1962 1514 2040 ἐπιφορὰς
1564 1969 1672 2018 τῶν
1705 1958 1908 2038 ὕϐρεων

254 2051 637 2126 παραιτεῖσθαι
696 2055 785 2107 τὸν
846 2053 1062 2128 θρόνον,
1124 2054 1292 2127 μηνὸς
1345 2054 1588 2126 Κρονίου,
1640 2053 1911 2126 μεσούσης

254 2143 534 2212 νηστείας,
567 2137 828 2198 λίϐελλον
876 2144 1096 2221 γράφειν
1157 2148 1235 2215 τῷ
1295 2149 1597 2221 συγγραφεῖ
1638 2144 1909 2218 παραιτή-

256 2251 401 2290 σεως
436 2228 725 2300 ἐπιτάττει,
774 2231 864 2285 καὶ
921 2232 973 2305 γ’
1032 2229 1252 2293 ἐπιδοὺς
1314 2231 1526 2306 βαςιλεῖ
1575 2252 1910 2305 προσποιου-

265 2320 419 2390 μένῳ
470 2321 545 2391 μὴ
600 2317 846 2395 δέχεσθαι
907 2318 1309 2392 ἀπηλλάττετο,
1369 2320 1457 2374 καί
1507 2322 1682 2398 φέρων
1711 2325 1778 2394 τῇ
1809 2328 1909 2390 τῆς

256 2407 660 2482 Ηαναχράντου
711 2413 848 2484 μονῇ
898 2407 1084 2464 ἐαυτὸν
1138 2407 1380 2467 δίδωσιν.
1434 2411 1532 2464 Ἦν
1584 2411 1674 2464 οὖν
1716 2412 1750 2480 ἡ
1785 2411 1911 2466 Ἐκ-

257 2646 383 2701 quo
415 2628 489 2682 ab
518 2627 812 2699 liquidum
848 2627 1170 2700 exploraret
1201 2646 1273 2684 an
1320 2628 1401 2683 ita
1447 2628 1750 2695 haberent,
1785 2644 1917 2683 cur-

249 2717 451 2774 riculo
485 2717 666 2772 mittit
692 2718 940 2790 Augusti
973 2718 1220 2774 cubiculi
1257 2719 1593 2789 praefectum
1611 2717 1913 2783 Basilium,

251 2807 516 2880 peritum
541 2807 1047 2863 Sarracenicarum
1081 2807 1431 2874 litterarum,
1462 2807 1561 2878 qui
1595 2808 1692 2861 ubi
1734 2805 1912 2877 legis-

251 2901 369 2962 set,
407 2913 528 2952 rem
560 2912 691 2951 vere
723 2895 904 2951 fuisse
952 2895 1280 2952 nuntiatam
1313 2895 1650 2967 imperatori
1684 2894 1904 2950 retulit.

246 2985 574 3041 Prandenti
607 3001 744 3058 ergo
786 3003 919 3040 mox
947 2987 1206 3052 Augusto
1247 3000 1378 3039 cum
1431 2987 1585 3040 esset
1633 2985 1702 3038 de
1748 3001 1908 3039 more

243 3075 388 3131 lanx
422 3074 620 3145 allata,
649 3091 764 3130 non
794 3075 1056 3129 admissa
1086 3075 1157 3129 ab
1188 3092 1253 3130 eo
1286 3078 1393 3142 est,
1428 3073 1594 3145 quasi
1627 3072 1900 3144 religioso

249 3168 419 3219 metu
481 3163 908 3220 consc’scendee
977 3180 1158 3232 noxas,
1221 3167 1276 3217 et
1341 3178 1480 3217 cura
1536 3159 1897 3233 obsequendi

247 3251 592 3325 Apostolico
619 3253 899 3307 mandato
935 3252 1168 3322 jubenti
1219 3268 1353 3307 eum
1405 3251 1505 3323 qui
1565 3251 1903 3322 cognoverit

252 3343 462 3398 cibum
498 3341 609 3413 ipsi
645 3341 974 3412 appositum
1010 3340 1269 3396 oblatum
1305 3341 1468 3411 prius
1518 3339 1676 3394 idolo
1711 3339 1909 3406 fuisse,

250 3433 557 3488 abstinere
588 3431 748 3488 illius
780 3449 882 3487 esu
925 3436 1162 3504 propter
1204 3430 1646 3488 conscientiam.
1697 3429 1909 3484 Postri-

252 3522 354 3577 die
401 3538 572 3593 porro
621 3521 692 3576 ad
752 3521 1000 3577 crimina
1059 3521 1398 3594 patriarchae
1450 3521 1644 3576 afﬁcta
1694 3534 1907 3573 novum

245 3612 416 3668 istud
447 3616 730 3682 tanquam
765 3611 1031 3667 omnium
1079 3611 1400 3668 maximum
1452 3608 1908 3666 invidiosissime

246 3702 608 3773 adjunctum
643 3705 751 3756 est.

361 3843 449 3897 13.
462 3844 528 3900 Ut
554 3844 882 3916 patriarcha
901 3847 1144 3902 Joannes
1165 3846 1358 3902 throno
1374 3844 1792 3901 renuntiaverit.

321 3967 468 4024 Cum
500 3969 678 4042 igitur
708 3972 1030 4042 duobus,ut
1063 3965 1519 4040 dixi,mensibus
1544 3970 1760 4042 agitata
1782 3969 1902 4024 haec

241 4058 597 4128 patriarcha:
630 4061 928 4116 accusatio
961 4061 1192 4128 fuisset,
1225 4078 1330 4117 nec
1362 4059 1684 4134 quidquam
1715 4058 1897 4129 profi-

237 4153 504 4220 ceretur,
535 4151 634 4206 sed
669 4150 1014 4222 ludibrium,
1058 4150 1434 4217 contumelia,
1496 4155 1554 4205 et
1611 4147 1896 4220 quidquid

233 4236 357 4292 dici
386 4239 709 4309 pessimum
743 4245 952 4310 potest,
987 4242 1044 4296 in
1078 4259 1137 4297 re
1189 4245 1309 4296 tota
1349 4247 1700 4304 versaretur,
1734 4235 1894 4308 (quid

234 4328 402 4386 enim
432 4347 536 4402 pro
563 4330 715 4386 bono
747 4336 803 4386 et
833 4349 996 4403 aequo
1029 4332 1283 4387 facturos
1308 4347 1528 4403 speres,
1566 4329 1664 4400 qui
1717 4328 1894 4382 etiam

235 4417 420 4474 scala:
477 4419 726 4475 formam
780 4421 1104 4492 peregrinis
1173 4420 1408 4488 litteris,
1453 4420 1593 4474 ludo
1642 4418 1893 4488 quodam

229 4507 482 4581 pictoris
551 4508 702 4565 inter
752 4509 1078 4582 anaglypha
1144 4510 1535 4582 implexarum
1619 4508 1892 4563 arborum

2025 1879 2242 1947 μονῶν·
2276 1872 2480 1928 ἐκεῖνον
2541 1872 2598 1929 δέ
2645 1873 2864 1947 πέμψας
2919 1872 3074 1944 ἠξίου
3128 1872 3419 1936 ἀποθέσθαι
3473 1869 3665 1943 μέντά

2018 1972 2118 2034 τῆς
2155 1964 2524 2041 μικροψυχίας
2573 1965 2647 2025 ὡς
2703 1961 2858 2027 ὄντος
2904 1967 3095 2039 καιροῦ
3131 1961 3341 2036 μᾶλλον
3375 1960 3409 2029 ἢ
3449 1957 3660 2034 βουλή-

2021 2075 2177 2122 σεως,
2223 2053 2475 2108 ἀπελθεῖν
2529 2051 2586 2107 δὲ
2623 2055 2758 2130 πρὸς
2806 2054 2904 2120 τὴν
2960 2053 3128 2125 μονὴν
3177 2055 3284 2104 τῶν
3339 2050 3664 2124 Μαγγάνων,

2018 2143 2174 2198 κάκεῖ
2223 2150 2342 2204 τοῖς
2400 2137 2683 2218 πρέσϐεσιν
2745 2142 2989 2216 ἐντυχεῖν
3043 2139 3458 2216 παραγεγονόσι,
3497 2135 3664 2210 μηδὲν

2017 2237 2124 2287 τῶν
2194 2231 2473 2306 προτέρων
2534 2234 2873 2305 σημήναντα.
2954 2230 3141 2293 Οὕτως
3199 2227 3377 2304 ἔλεγε,
3433 2227 3523 2282 καὶ
3579 2223 3661 2298 ἅμ

2020 2322 2247 2384 ἐκείνοις
2273 2324 2370 2392 τὴν
2404 2321 2563 2376 πόλιν
2608 2321 2920 2397 εἰσήρχετο.
2977 2321 3104 2396 Πρὶν
3159 2318 3206 2374 δ’
3255 2318 3499 2393 ἐντυχεῖν
3531 2315 3670 2370 ἐκεί-

2018 2433 2145 2475 νους
2204 2408 2415 2485 συνόδῳ
2469 2410 2560 2466 καὶ
2613 2412 2954 2487 πατριάρχῃ,
3011 2411 3038 2465 6
3104 2409 3358 2485 βκσιλεὺς
3410 2406 3573 2484 γνοὺς
3608 2405 3671 2460 τὸ

2026 2629 2596 2700 genariijejnnii,me
2625 2629 2803 2700 hujus
2833 2627 3088 2684 historiae
3111 2627 3456 2699 scriptorem
3485 2624 3672 2694 jussit

2025 2716 2287 2773 libellum
2314 2719 2698 2774 abdicationis
2730 2736 2849 2774 sua;
2883 2717 3284 2784 conscribere;
3321 2731 3494 2786 quem
3531 2730 3664 2769 cum

2023 2807 2363 2878 imperatori
2418 2808 2750 2871 obtulisset,
2776 2807 2875 2862 illo
2907 2807 3226 2861 simulante
3276 2822 3338 2859 se
3367 2821 3480 2858 non
3514 2803 3670 2858 acci-

2021 2913 2175 2968 pere,
2209 2898 2486 2952 continuo
2519 2898 2794 2952 recedens
2827 2897 2883 2950 in
2921 2896 3335 2950 Panachrantze
3369 2897 3664 2947 monaste-

2017 2986 2170 3040 rium
2205 3003 2265 3041 se
2285 2985 2532 3040 abdidit.
2562 2987 2703 3041 Erat
2725 3001 2860 3057 ergo
2894 2984 3113 3039 Eclesia
3147 2987 3379 3054 pastore
3409 2982 3665 3048 viduata,

2012 3073 2122 3128 hoc
2187 3074 2420 3145 quidem
2482 3092 2596 3130 non
2648 3081 3038 3145 comparente,
3081 3077 3138 3128 et
3186 3071 3370 3126 alium
3417 3071 3475 3124 in
3534 3070 3664 3138 ejus

2010 3162 2201 3217 locum
2237 3165 2556 3234 subrogare
2588 3163 2818 3219 nolente
2848 3161 3087 3217 omnino
3112 3161 3482 3232 imperatore.
3515 3158 3662 3212 Nam

2017 3251 2172 3306 inter
2197 3252 2341 3308 alios
2377 3270 2523 3324 quos
2573 3253 2642 3308 ad
2704 3252 3096 3323 patriarcham
3153 3266 3221 3304 ex
3268 3251 3378 3304 isto
3429 3264 3662 3302 recessu

2018 3343 2406 3397 revocandum
2450 3347 2506 3397 et
2537 3347 2600 3397 ut
2624 3341 2855 3413 publico
2887 3357 2951 3395 ac
2980 3356 3086 3395 suo
3120 3338 3347 3394 muneri
3369 3353 3428 3393 se
3459 3337 3662 3392 redde-

2017 3435 2104 3484 ret
2130 3432 2414 3485 orandum
2447 3447 2550 3502 per
2580 3431 2634 3486 id
2670 3435 2901 3502 tempus
2933 3428 3226 3501 allegavit,
3258 3428 3452 3498 ipsum
3484 3426 3658 3480 etiam

2016 3518 2201 3574 ﬁlium
2237 3519 2540 3591 proprium
2564 3526 2620 3575 et
2649 3519 2879 3591 imperii
2925 3517 3209 3588 collegam
3267 3513 3657 3570 Andronicum

2014 3610 2278 3665 conferre
2307 3627 2369 3666 se
2402 3612 2472 3666 ad
2505 3610 2668 3665 illum
2703 3615 2760 3666 et
2789 3609 2985 3666 conari
3019 3605 3476 3677 exorarejussit.

2180 3754 2267 3809 14.
2302 3757 2376 3811 De
2406 3755 2604 3823 legatis
2624 3769 2788 3826 papae
2818 3757 2868 3809 et
2893 3751 3218 3824 patriarcha
3244 3752 3475 3806 Joanne.

2079 3886 2230 3941 Dum
2265 3887 2383 3941 haec
2418 3890 2723 3958 geruntur,
2781 3885 2955 3956 legati
3008 3887 3192 3939 Roma
3236 3900 3269 3937 a
3298 3887 3457 3954 Papa
3488 3881 3653 3938 missi

2009 3979 2322 4029 occurrunt
2354 3974 2691 4046 imperatori
2740 3973 3052 4029 revertenti
3103 3970 3548 4042 Adrianopolim
3599 3974 3656 4025 et

2004 4063 2166 4119 illam
2197 4063 2493 4119 civitatem
2526 4064 2786 4118 nondum
2820 4061 3214 4134 ingresso.His
3244 4059 3416 4114 illein
3447 4057 3654 4130 primis

2006 4152 2236 4211 studuit
2265 4169 2391 4224 quae
2420 4152 2574 4208 circa
2607 4151 2999 4223 patriarcham
3027 4167 3215 4221 nuper
3244 4151 3560 4204 evenerunt
3591 4146 3651 4200 in

2003 4242 2256 4316 speciem
2309 4259 2487 4313 quam
2540 4241 2850 4296 minimum
2904 4239 3251 4294 invidiosam
3307 4237 3522 4305 fucare,
3585 4253 3650 4290 ac

2003 4332 2154 4404 quod
2193 4331 2556 4387 dissimulari
2582 4330 2865 4401 nequibat
2896 4330 3134 4393 factum,
3160 4327 3468 4382 inumbare
3489 4341 3648 4380 com-

2002 4419 2385 4474 miniscendis
2416 4419 2630 4488 causis,
2669 4434 2802 4474 cum
2835 4417 3054 4472 diceret
3085 4418 3507 4487 praegravatum
3544 4431 3643 4484 pa-

2000 4510 2307 4566 triarcham
2340 4510 2640 4566 laboribus
2671 4508 2991 4564 functionis
3022 4507 3214 4573 istius,
3275 4522 3390 4576 quo
3451 4504 3521 4558 ab
3570 4503 3642 4557 iis

228 4577 484 4654 amoena
517 4597 814 4654 varietatis
1012 4617 1112 4672 per
1136 4577 1389 4672 phialam
1415 4597 1888 4659 conscribillataz,
1921 4577 1972 4640 Ῑ)
2000 4599 2313 4670 respiraret
2343 4599 2590 4656 otiosius
2648 4616 2826 4668 seque
2876 4597 3158 4663 reﬁceret,
3205 4612 3234 4650 e
3266 4591 3641 4666 patriarchali

225 4687 293 4742 in
328 4692 586 4743 atrocem
616 4689 973 4745 calumniam
1008 4691 1286 4746 traxerint
1313 4690 1482 4763 quasi
1534 4687 1745 4762 piaculi
1790 4702 1886 4741 ne-

231 4776 428 4846 fandi,
461 4778 630 4847 cujus
662 4779 734 4835 ad
766 4779 948 4836 solam
999 4781 1360 4837 mentionem
1393 4778 1886 4836 conclamandum

228 4866 660 4923 exterminium
687 4873 842 4924 esset
873 4869 1145 4925 ultimum
1178 4869 1230 4926 ei
1260 4871 1597 4942 quicunque
1637 4867 1883 4922 insimu-

227 4951 466 5008 laretur
503 4957 625 5009 tam
678 4955 953 5011 horrendi
998 4956 1267 5012 videlicet
1312 4954 1672 5027 sacrilegii?)
1733 4968 1885 5019 cum,

223 5041 509 5114 inquam,
533 5043 831 5113 judicium
856 5046 911 5100 id
939 5045 1083 5100 nihil
1107 5046 1220 5101 nisi
1251 5045 1517 5118 petulans
1560 5043 1885 5099 convicium

223 5135 285 5186 et.
325 5132 726 5202 ignominiosa
774 5135 1064 5191 traductio
1118 5136 1469 5206 patriarchae
1516 5134 1774 5190 nominis
1832 5137 1890 5187 et

224 5219 691 5278 existimationis
751 5229 926 5292 esset,
985 5225 1272 5298 facileque
1338 5235 1641 5298 appareret
1701 5239 1885 5278 vnum

219 5307 377 5364 illud
445 5315 715 5381 spectare
776 5317 1045 5369 auctores
1113 5315 1439 5371 fautoresve
1509 5313 1886 5369 tumultuosa:

216 5397 411 5469 hujus
444 5400 976 5472 criminationis,ut
994 5402 1094 5475 qui
1130 5421 1195 5459 ea
1226 5403 1612 5459 licentissime
1643 5402 1886 5458 incomi-

213 5486 522 5557 tiabatur,
549 5490 799 5548 ferendae
826 5493 1019 5563 impar
1047 5493 1378 5550 istiusmodi
1410 5493 1695 5549 vexationi
1717 5496 1891 5564 atque

214 5577 486 5633 infamia:
513 5580 711 5636 sedem
745 5582 1146 5655 honoremque
1173 5581 1608 5652 detrectaret,id
1632 5582 1885 5638 Joannes

198 5663 586 5742 intelligens,
610 5683 815 5728 mense
868 5669 1079 5729 Martio
1125 5671 1280 5729 circa
1330 5670 1594 5730 medium
1627 5670 1885 5745 quadra-

1999 4689 2069 4742 ad
2100 4693 2336 4760 tempus
2375 4689 2691 4744 excessisse
2723 4686 3230 4759 palatio,futurum
3265 4690 3457 4738 tamen
3492 4679 3639 4752 ipsis

1997 4782 2207 4848 praesto
2238 4782 2382 4833 cum
2404 4795 2469 4834 eo
2501 4776 2904 4849 congressuris
2935 4775 3087 4846 apud
3147 4773 3414 4845 quaedam
3475 4769 3640 4826 urbis

1998 4867 2373 4922 monasteria.
2400 4868 2595 4938 Ipsum
2627 4871 2824 4922 autem
2854 4865 3077 4919 Vecum
3112 4880 3210 4934 per
3233 4866 3420 4917 certos
3489 4877 3522 4914 a
3579 4876 3642 4914 se

1998 4955 2212 5010 missos
2226 4957 2793 5027 rogavit,deponeret
2806 4953 3355 5026 pusillanimitatem
3380 4964 3640 5009 omnem:

1998 5045 2151 5101 456
2175 5061 2301 5116 quas
2330 5050 2458 5101 acta
2506 5049 2707 5101 essent
2764 5044 3075 5116 imputaret
3134 5039 3385 5112 tempori
3445 5039 3642 5110 potius

1999 5151 2175 5206 quam
2212 5134 2494 5190 voluntati
2530 5152 2670 5200 sua;
2696 5135 2960 5190 conferre
2992 5150 3052 5188 se
3086 5148 3155 5187 ne
3187 5137 3525 5201 gravaretur
3580 5126 3641 5181 in

1998 5226 2420 5281 monasterium
2456 5226 2873 5296 Manganorum
2906 5239 3215 5294 congressu
3228 5237 3326 5276 rus
3339 5235 3470 5275 cum
3493 5218 3643 5289 lega-

1996 5315 2074 5371 tis
2114 5315 2253 5371 illuc
2287 5314 2642 5382 occursuris,
2676 5314 2893 5385 quibus
2939 5311 3141 5369 orabat
3167 5327 3237 5365 ne
3286 5308 3642 5379 significaret

1998 5405 2322 5476 quidquam
2355 5421 2555 5461 eorum
2584 5421 2710 5476 quas
2745 5420 2933 5475 nuper
2955 5396 3462 5472 contigissent.Sic
3493 5411 3638 5464 prae-

1997 5494 2226 5550 munito
2260 5494 2590 5567 patriarcha
2620 5493 2926 5566 ingressus
2948 5493 3147 5547 urbem
3168 5492 3398 5544 estcum
3429 5483 3636 5552 legatis

1996 5582 2396 5655 imperator;et
2429 5599 2706 5654 quorsum
2741 5599 2808 5638 ea
2858 5579 3068 5653 legatio
3128 5577 3415 5649 spectaret
3466 5569 3635 5625 intel-

1991 5667 2650 5744 ligens,deditoperam
2682 5685 2755 5727 ne
2785 5666 2871 5725 illi
2920 5683 3054 5726 cum
3106 5664 3326 5739 synodo
3381 5675 3634 5729 cumque
