3912 6192
395 344 502 400 915

1690 331 1994 386 GEORGII
2031 328 2262 384 PACHY
2274 329 2490 382 MERE

3605 321 3688 375 9l6

389 473 491 535 τῆς
524 453 806 536 πρεσϐείας
835 450 1158 522 κεφάλαιον,
1211 449 1274 506 τὸ
1326 449 1372 506 δ’
1423 450 1490 520 ἦν
1554 452 1629 524 μὴ
1682 449 1874 526 λόγοις
1907 451 2041 505 εἶναι
2074 453 2124 518 Α
2155 448 2510 521 κατεπράχθη
2542 445 2628 499 καὶ
2685 441 2814 536 ’μεᾷ
3052 443 3148 536 τῆς
3175 436 3488 536 δυσχερείας
3513 438 3692 536 ἠνῦιξθη,

389 555 490 620 τὴν
518 553 623 603 τῶν
657 544 1000 614 Ἐκκλησιῶν
1051 542 1274 614 εἰρήνην
1333 541 1423 596 καὶ
1482 539 1689 615 μόνοις,
1740 539 1868 596 ἀλλ’
1899 536 2043 615 ἔργῳ

393 636 714 694 δεικνύντων
763 638 842 706 τῷ
900 632 990 687 καὶ
1050 637 1186 710 σφᾶς
1243 631 1356 685 κατ’
1416 629 1653 692 ἐκείνους
1708 631 1808 698 τὴν
1866 628 2044 682 πίστιν

391 725 710 799 ὁμολογεῖν,
741 722 831 778 καὶ
864 720 1006 777 οὓτω
1038 719 1426 798 πληροφορεῖν
1469 721 1566 789 τὴν
1597 715 1808 774 ἕνωσιν.
1845 725 2044 794 Ηιιιρω⁸

389 815 650 890 τρύνοντο
699 812 800 889 γάρ
861 813 957 866 κάν
1016 815 1178 864 τοῦτο
1236 811 1325 863 καὶ
1386 809 1530 885 παρά
1585 813 1692 863 τῶν
1738 808 2045 883 ἡμετέρων,

389 887 463 967 ὥς
496 887 723 979 ἔλεγον,
773 899 1137 976 σχιζομένων,
1191 897 1243 953 ο⁹ί
1301 897 1367 966 δὴ
1426 899 1517 952 καὶ
1578 887 1818 952 πολλοῖς
1859 902 1967 951 τῶν
1997 897 2047 950 ἐν

390 995 618 1055 ἐκείνοις
669 991 902 1069 φρερίων
967 990 1222 1063 μιγνύτες
1280 985 1492 1061 χλεύην
1554 985 1739 1061 ἔλεγον
1770 987 1868 1054 τήν
1905 985 2049 1060 εἰρή-

389 1107 486 1156 νην
523 1085 674 1150 εἶναι,
707 1081 790 1135 καὶ
832 1077 940 1134 δεῖν
977 1077 1288 1150 δοκιμάζειν
1324 1077 1373 1130 εἷ’
1401 1076 1492 1130 καὶ
1539 1076 1691 1130 αὐτοὶ
1732 1077 1791 1130 τὸ
1823 1070 2050 1146 Τύμϐο-

392 1173 490 1230 λον
553 1170 694 1226 οὕτω
753 1168 985 1242 λέγοιεν,
1047 1167 1311 1238 οἰομένων
1374 1165 1612 1220 ἐντεῦθεν
1667 1163 1743 1226 εἷς
1788 1163 2053 1237 μερίμνας

394 1264 539 1337 ἀγειν
598 1261 689 1315 τὸν
751 1256 999 1332 βασιλέα,
1062 1255 1137 1317 ὡς
1194 1252 1338 1309 δυοῖν
1397 1253 1447 1326 ἐξ
1510 1255 1746 1328 ἀνάγκης
1805 1253 2050 1327 γενέσθαι

397 1349 642 1424 θάτερον,
674 1350 708 1418 ἢ
747 1349 820 1418 μή
853 1343 1356 1410 καθυποκλιθέντος
1403 1345 1501 1412 τὴν
1560 1344 1778 1418 εἷρήνην
1832 1342 2052 1417 συγχέε-

400 1451 543 1509 σθαι,
577 1436 612 1506 ἢ
665 1437 753 1491 καὶ
814 1457 866 1489 τι
923 1440 1030 1488 τῶν
1091 1435 1355 1506 κειμένων
1411 1428 1728 1501 παραϐάντα
1788 1432 2053 1505 μειζόνως

400 1529 684 1603 ἁμαρτεῖν,
746 1524 835 1580 καὶ
896 1530 1029 1602 σφᾶς
1108 1521 1479 1598 ἰσχυρίζεσθαι
1556 1521 1765 1600 φεύγειν
1827 1517 1902 1576 ἔτι
1970 1519 2054 1575 δι-

400 1616 570 1678 καίως
601 1617 699 1683 τὴν
760 1612 949 1669 ἕνωσιν
1009 1613 1084 1674 ὡς
1143 1611 1428 1687 ἃντικρους
1484 1607 1861 1686 παραϐάντων.
1895 1610 2058 1674 Γνοὺς

401 1711 570 1761 ταῦτα
596 1705 779 1759 τοίνυν
814 1704 841 1757 ὁ
873 1699 1151 1777 βασιλεὺς,
1201 1703 1291 1755 καὶ
1333 1699 1492 1762 εἰδὼς
1533 1700 1851 1771 ἐξαπιναίως
1893 1698 2057 1754 ἀκού-

408 1815 598 1856 σαντος
675 1788 1226 1864 Οορυϐηθησομένους
1297 1793 1386 1845 καὶ
1459 1789 1590 1852 τοὺς
1648 1789 1781 1851 τέως
1835 1790 2056 1863 εἰρήνην

410 1881 664 1959 ἄγοντας,
718 1882 934 1954 πέμψας
990 1880 1374 1936 πετακαλεῖται
1459 1881 1548 1934 καὶ
1634 1879 1911 1955 ἀρχιερεῖς
1969 1879 2058 1932 καὶ

409 1972 620 2047 κλῆρον
663 1968 892 2042 ἅπαντα,
941 1969 1031 2024 καὶ
1092 1976 1226 2046 σφᾶς
1281 1971 1401 2024 κατ’
1432 1967 1571 2024 ίδίάν
1627 1964 1812 2024 λαϐὼν
1845 1972 2057 2042 (κοσμι-

410 2067 530 2123 κοῖς
563 2060 666 2135 γὰρ
698 2058 965 2134 ἀπείρητο
1001 2059 1076 2131 μή
1109 2061 1400 2132 παρεῖναι).

415 2170 492 2224 ιε’.
554 2165 747 2242 ΙΙληρο
795 2165 916 2242 ορία
977 2164 1248 2241 βασιλέως
1304 2165 1442 2240 πρὸς
1491 2164 1622 2226 τοὺς
1678 2171 1778 2232 τῆς
1827 2160 2061 2232 Ἐκκλη-

477 2240 594 2295 σίας
700 2187 788 2295 Si:
886 2239 982 2295 τὰς
1085 2236 1440 2295 παραλόγους
1533 2236 1853 2295 ἀπαιτήσεις
1951 2239 2060 2291 τῶν

477 2240 594 2314 σίας
627 2236 788 2314 Δ-’διά
830 2236 839 2242 ’
886 2236 986 2300 τάξ
1085 2236 1440 2314 παραλόγους
1533 2236 1853 2308 ἀπαιτήσεις
1951 2239 2060 2291 τῶν

479 2306 784 2386 πρέσϐεων.

476 2417 562 2491 [Ρ.
595 2420 720 2489 313]
754 2439 783 2469 ‹‹
814 2417 897 2473 Τὰ
932 2416 1025 2489 μὲν
1052 2420 1158 2470 τῶν
1206 2414 1513 2491 παρόντων,
1573 2416 1743 2484 εἶπεν,
1776 2416 1927 2476 ὅπως
1971 2410 2061 2468 καὶ

411 2629 749 2704 patriarcha
780 2628 944 2701 prius
975 2634 1235 2700 agerent,
1279 2645 1457 2700 qnam
1491 2629 1617 2701 ipse
1649 2645 1776 2699 quae
1811 2630 1881 2684 ad
1940 2643 2061 2682 rem

415 2719 672 2794 putabat
701 2722 1032 2790 opportuna
1081 2718 1488 2788 praevertisset.
1515 2719 1673 2783 Quod
1705 2717 2063 2789 praecipuum

417 2811 476 2864 in
511 2807 805 2864 mandatis
836 2807 1010 2878 legati
1047 2808 1340 2862 habebant
1369 2807 1480 2863 hoc
1509 2807 1813 2878 erat,serio
1836 2807 2060 2861 denun-

412 2899 559 2954 tiare
582 2897 796 2953 Graecis
827 2913 1030 2968 pacem
1062 2897 1462 2953 Ecclesiarum
1497 2914 1613 2952 non
1663 2896 1842 2951 meris
1873 2895 2064 2950 verbis

414 2987 724 3054 contineri,
781 2987 882 3043 sed
943 2988 1133 3042 factis.
1184 2987 1435 3042 Probare
1481 2986 1643 3058 ipsos
1685 2991 1743 3041 et
1790 2990 2066 3058 praestare

416 3078 591 3134 rebus
624 3076 770 3148 ipsis
817 3081 1085 3148 oportere
1145 3093 1272 3148 quae
1323 3076 1499 3131 dictis
1539 3079 1954 3136 ostentassent.
2004 3091 2066 3130 se

413 3166 694 3223 nimirum
726 3165 785 3220 in
829 3165 1006 3220 unius
1063 3165 1450 3237 ejusdemque
1509 3165 1877 3221 confessione
1928 3163 2059 3218 ﬁdei
2093 3162 2136 3230 C

414 3255 722 3313 convenire
753 3271 887 3310 cum
925 3254 1261 3310 Latinis.Sie
1293 3271 1390 3310 eos
1416 3255 1653 3309 demum
1679 3269 2064 3326 persuasuros

415 3362 616 3418 pacem
650 3344 802 3398 inter
831 3343 1119 3399 Ecclesias
1153 3343 1642 3414 concordiamque
1703 3359 1834 3398 vere
1887 3342 2068 3398 coali—

419 3439 565 3488 tam.
605 3437 789 3502 Atque
819 3431 879 3485 in
912 3431 1042 3499 hoc,
1079 3437 1144 3486 ut
1192 3433 1431 3486 contine
1480 3432 1646 3486 ﬁeret
1689 3432 2068 3487 vehementer

417 3519 859 3588 insisterejussi
905 3525 1070 3574 erant
1100 3525 1447 3592 argumento
1472 3521 1841 3576 necessitatis
1890 3521 2066 3577 ducto

417 3628 449 3664 a
479 3609 796 3664 schismate
819 3609 972 3678 quod
1007 3609 1240 3664 aiebant
1273 3609 1425 3664 inter
1456 3614 1688 3665 nostros
1738 3627 1887 3675 esse,
1937 3609 2068 3666 aliis

421 3697 566 3754 alios
613 3697 1046 3757 aversantibus.
1089 3703 1262 3769 prout
1293 3697 1512 3754 scilicet
1544 3699 1920 3754 admitterent
1969 3704 2070 3754 aut

421 3787 730 3858 rejicerent
773 3801 976 3857 pacem
1010 3787 1081 3842 de
1114 3804 1229 3858 qua
1260 3793 1609 3843 conventum
1641 3789 1966 3843 videbatur.
2003 3791 2071 3843 Et

424 3893 624 3932 revera
655 3875 896 3948 quidam
929 3877 1107 3932 etiam
1141 3878 1720 3948 nostrorum,Freriis
1753 3894 1882 3934 sese
1913 3877 2069 3932 mul-

421 3965 498 4021 tis
529 3965 602 4022 iis
633 3966 1096 4021 admiscentibus
1128 3965 1548 4039 assensi,paria
1579 3984 1710 4022 cum
1745 3967 1839 4022 bis
1871 3971 1926 4023 et
1955 3967 2068 4038 ipsi

422 4055 833 4126 loquebantur,
866 4055 1231 4111 afﬁrmantes
1263 4072 1463 4128 pacem
1494 4073 1620 4126 quae
1651 4057 1809 4112 velut
1839 4057 2073 4112 ﬁrmata

413 4145 764 4216 jactaretur,
801 4143 948 4200 nihil
1001 4143 1290 4201 hactenus
1346 4144 1460 4200 nisi
1501 4145 1826 4201 ludibrium
1867 4145 2068 4200 videri.

421 4233 583 4287 Unde
611 4236 774 4287 tanto
799 4233 926 4301 jam
957 4233 1281 4304 speciosius
1320 4234 1497 4304 legati
1535 4235 1956 4290 contenderent
1978 4250 2074 4289 ve-

423 4319 704 4374 niendum
739 4319 808 4374 ad
842 4319 1322 4391 explorationem,
1355 4331 1412 4378 et
1441 4327 1664 4379 certum
1716 4323 2074 4395 experimen-

429 4413 557 4460 tum
627 4406 978 4476 eapiendum
1044 4410 1180 4466 ﬁdei
1230 4427 1296 4466 ac
1357 4412 1656 4467 sententias
1714 4412 2070 4468 Grmcorum.

429 4495 570 4602 .Ejus
604 4511 792 4602 porro'
812 4496 1028 4602 pignus
1060 4497 1336 4600 idoneum
1368 4502 1564 4568 fore,si
1685 4501 1792 4572 ipsi
1828 4502 2071 4602 Spmbo-
2103 4537 2154 4602 Β

426 4583 550 4638 lum
587 4583 740 4639 sicut
771 4584 961 4641 Latini
985 4588 1562 4658 pronuntiarent.His
1595 4590 1677 4645 illi
1702 4590 2073 4662 postulandis

425 4673 487 4727 in
520 4679 744 4729 arctum
777 4691 838 4730 se
861 4678 1590 4751 coacturosimperatorem
1610 4680 2068 4735 arbitrabantur.

429 4761 633 4832 utique
665 4764 991 4820 necessario
1024 4780 1091 4818 ex
1124 4766 1212 4822 his
1243 4772 1516 4824 secuturo
1568 4769 1814 4824 duorum
1865 4768 2067 4837 altero,

426 4855 614 4906 autut
644 4867 710 4906 eo
765 4869 879 4908 non
935 4859 1230 4910 annuente
1282 4858 1434 4926 quod
1494 4859 1770 4930 petebant
1830 4876 1935 4928 pax
1983 4876 2070 4914 re-

427 4940 812 5011 scinderetur,
845 4945 947 4997 aut
978 4946 1042 4996 ut
1071 4944 1272 4998 eodem
1303 4946 1788 5018 transgressionis
1820 4963 2070 5003 conven-

428 5034 617 5084 torum
650 5029 842 5100 palam
879 5032 1167 5100 convicto,
1193 5049 1257 5088 ac
1285 5051 1387 5105 per
1411 5036 1515 5091 hoc
1537 5036 1801 5092 criminis
1834 5037 2070 5107 majoris

424 5118 732 5174 manifeste
752 5136 869 5186 reo,
904 5119 1423 5194 plausibiliorjam
1474 5125 1583 5196 ipsi
1625 5141 1803 5180 causa
1864 5142 2072 5198 suppe-

420 5211 566 5263 teret
597 5212 931 5264 constanter
961 5209 1255 5266 abnuendi
1301 5216 1778 5269 communionem
1825 5230 1953 5268 cum
2005 5231 2071 5269 eo

419 5296 579 5353 velut
608 5298 944 5355 adbarente
977 5302 1482 5370 trangressoribus
1542 5306 1847 5374 pactorum
1883 5302 2069 5357 mani-

421 5386 774 5442 festis.Talia
797 5404 1025 5443 versare
1046 5388 1241 5445 animo
1258 5390 1481 5462 legatos
1513 5407 1645 5445 cum
1671 5390 2073 5462 praesensisset

423 5477 763 5548 imperator,
783 5481 841 5533 et
867 5477 1004 5532 inde
1039 5477 1392 5551 intelligeret
1414 5480 1661 5547 Grazcos,
1697 5479 1796 5552 qui
1830 5486 2071 5537 eatenus

427 5567 579 5623 451
608 5567 757 5625 actis
789 5571 1084 5638 utcunque
1119 5569 1244 5639 jam
1277 5570 1751 5642 acquiescebant,
1779 5570 2070 5640 ejusmodi

427 5656 628 5715 audita
658 5657 920 5716 oratione
954 5654 1280 5730 legatorum
1332 5659 1535 5718 statim
1585 5658 2068 5731 tumultuaturos,

2150 535 2332 592 οἷ’δατε
2383 536 2623 596 πάντως.
2683 530 2797 586 ἐπεὶ
2877 525 2990 583 οὐδ’
3071 525 3192 596 ἐμοὶ
3259 525 3402 581 τόσον
3449 524 3702 603 ἀναλγήτως

2151 623 2336 702 ἔχοντι
2379 622 2494 680 τάδ’
2547 623 2807 700 ἐφῆπται.
2857 616 2992 675 Οἶδα
3042 615 3142 690 γὰρ
3190 615 3272 669 καὶ
3319 615 3701 690 πατριάρχηνὲν·

2147 701 2328 780 τεῦοεν
2361 710 2630 787 παριδὼν,
2682 710 2778 764 τὸν
2838 708 3061 780 Ἰωσὴφ,
3113 704 3271 780 λέγω,
3323 702 3374 758 ὅν
3429 701 3486 773 δὴ
3537 704 3608 760 ἴσα
3636 708 3704 760 καὶ

2149 807 2239 860 τὸν
2274 802 2670 880 γεννησάμενον
2704 794 2977 872 ἔστεργον,
3015 793 3218 867 μᾶλλον
3269 791 3322 847 δὲ
3364 794 3443 848 καὶ
3467 788 3534 848 ἔτι
3559 791 3704 865 πλέον,

2155 894 2268 948 ἐπεὶ
2295 893 2499 953 ἐκεῖνος
2537 891 2631 963 μὲν
2664 895 2764 957 τῆς
2817 886 2894 948 εἰς
2945 888 3080 962 σφᾶς
3133 879 3380 956 προόδου,
3409 882 3542 945 οὗτος
3569 879 3614 937 δέ
3634 891 3706 951 τῆς

2156 983 2231 1042 εἷς
2282 983 2344 1037 τὸ
2402 985 2646 1055 κρεῖττον
2708 973 3111 1034 έπανελεύσεως
3163 970 3324 1032 αἴτιος
3373 969 3572 1046 γέγονεν.
3610 968 3709 1028 Οἶδα

2154 1071 2244 1126 καὶ
2276 1069 2526 1131 πολλοὺς
2563 1065 2886 1141 βιασάμενος
2943 1062 3031 1119 καὶ
3089 1060 3211 1122 τοὺς
3267 1059 3441 1137 φίλους
3489 1057 3708 1114 σκανδαλί-

2158 1181 2271 1230 σας,
2331 1161 2491 1233 πρὸς,
2550 1155 2609 1212 δὲ
2663 1156 2752 1212 καί
2807 1152 2938 1218 τοὺς
3012 1151 3304 1226 ἡμετέρους
3364 1148 3595 1219 λυπησας.
3640 1150 3710 1202 Καὶ

2162 1249 2595 1324 μαρτυρήσουσιν
2653 1245 2709 1298 οἱ
2771 1243 2823 1298 ἐν
2888 1239 3175 1319 φυλακαῖς,
3205 1239 3596 1312 προσγενεῖς,οἴς
3617 1249 3712 1311 ira?“

2159 1336 2310 1394 οὐδὲν
2372 1335 2513 1392 ἄλλο
2570 1333 2605 1404 ἢ
2665 1334 2726 1388 τὸ
2779 1336 2916 1403 πρὸς
2975 1327 3212 1390 Ἰταλοὺς
3267 1327 3628 1401 πραγματευθέν
3651 1324 3714 1379 καὶ

2165 1427 2324 1501 μόνον
2380 1425 2415 1495 ἢ
2473 1445 2531 1479 τε
2589 1423 2728 1497 πρὸς
2786 1424 2936 1494 ἡμᾶς
2991 1417 3260 1493 ὀλιγωρία
3305 1410 3477 1486 ξυνέϐη
3506 1413 3716 1501 καὶνὴἀᾷ

2159 1500 2321 1589 ἡμῶν
2372 1514 2523 1578 αὖθις
2575 1513 2712 1589 ὀργὴ
2767 1511 2967 1588 σφίσιν.
3019 1510 3186 1584 Εἶχον
3239 1507 3328 1580 μὲν
3360 1503 3440 1559 οὖν
3480 1500 3720 1577 ἐπὶλογιτ-

2169 1610 2282 1680 μῶν
2309 1603 2492 1658 ἀνύσαι
2523 1604 2584 1657 τὸ
2633 1608 2734 1656 πᾶν
2785 1599 3046 1668 ἐντεῦθεν,
3109 1599 3182 1659 ὡς
3241 1593 3398 1670 μηδὲν
3434 1592 3575 1648 πλέον
3601 1597 3722 1660 ζητη·

2167 1693 2366 1749 σόντων
2418 1698 2525 1748 τῶν
2587 1689 2853 1747 Ἰταλῶν·
2932 1687 3075 1744 οὕτω
3143 1687 3243 1763 γὰρ
3313 1684 3397 1738 καὶ
3465 1681 3581 1754 πρὸς
3627 1681 3726 1752 ὑμᾶς

2166 1783 2468 1856 ἐποιούμην
2522 1783 2616 1844 τὰς
2692 1781 2996 1845 συνθεσίας,
3059 1776 3152 1831 καὶ
3201 1776 3227 1829 ὁ
3282 1772 3331 1828 έν
3377 1775 3440 1846 τῇ
3492 1768 3726 1838 Ἐκκλησίᾳ

2171 1869 2640 1949 χρυσοϐούλλειος
2666 1869 2828 1944 λόγος
2873 1874 2989 1932 τοῖς
3055 1864 3245 1941 λόγοις
3303 1883 3400 1918 που
3449 1861 3726 1949 μαρτυρήσει,

2171 1962 2318 2018 Ἐπεὶ
2378 1960 2434 2016 δὲ
2482 1966 2588 2016 τῶν
2657 1961 2939 2035 ἡμετέρων
3010 1957 3176 2024 τινες,
3236 1953 3308 2016 ὡς
3359 1952 3620 2021 πέπυσμαι,
3666 1944 3729 1998 καὶ

2177 2050 2388 2125 μᾶλλον
2428 2053 2509 2112 οἷς
2541 2047 2750 2104 ἁνδάνει
2780 2046 2841 2102 τὸ
2875 2045 3175 2122 σχίζεσθαι,
3209 2043 3308 2096 οὐκ
3335 2037 3432 2096 οἶδ’
3461 2039 3486 2093 ὅ
3511 2059 3555 2092 τι
3575 2034 3729 2090 παθόν-

2169 2162 2280 2208 τες,
2313 2140 2360 2195 εἲ
2394 2142 2468 2212 μή
2518 2159 2601 2201 τις
2647 2137 2836 2212 πεῖράν
2885 2137 2930 2200 0'
2978 2137 3142 2206 ἡμῶν
3193 2131 3336 2186 ταῦτ’
3367 2125 3594 2185 εἴποικαὶ
3621 2143 3733 2198 μερι-

2176 2235 2317 2304 μνῶν
2377 2227 2754 2299 ἐπανάστασιν,
2832 2224 3076 2303 ιρρερίοις
3149 2219 3450 2296 ἐντυχόντες
3499 2214 3613 2271 κατὰ
3659 2231 3734 2265 που

2170 2321 2268 2389 τὴν
2301 2319 2526 2395 περαίαν
2555 2315 2767 2392 χλεύην
2821 2316 2918 2384 τὴν
2976 2313 3201 2390 εἰρήνην
3257 2309 3400 2366 εἶπον
3451 2306 3531 2362 καὶ
3574 2303 3736 2369 ἀπάτην

2173 2409 2329 2480 εἶναι,
2377 2407 2466 2463 καὶ
2514 2401 2892 2482 προύϐίϐασαν
2941 2408 3126 2475 ζητεῖν
3176 2405 3306 2478 σφᾶς
3353 2397 3412 2453 τὸ
3455 2394 3598 2450 πλέον
3635 2388 3736 2445 κατᾶ

2175 2623 2378 2680 missis
2449 2635 2924 2694 quoquoversum
3003 2617 3184 2674 ccrtis
3235 2604 3652 2694 hominibusad
3694 2614 3738 2655 se

2175 2692 2516 2768 convocavit
2545 2692 2853 2782 episcopos
2873 2710 2931 2762 et
2953 2705 3180 2761 clerum
3213 2692 3738 2782 universumdllisqee

2173 2819 2436 2858 seorsum
2467 2776 2767 2858 adh-ibitis
2810 2799 2969 2869 (nam
3014 2795 3328 2853 saeculares
3380 2789 3564 2845 adesse
3594 2776 3746 2845 vetuit)

2172 2892 2232 2947 in
2268 2893 2385 2948 haec
2416 2891 2590 2948 verba
2612 2889 2841 2946 locutus
2872 2891 2999 2942 est:

2177 3010 2262 3064 15.
2298 3008 2507 3066 Oratio
2556 3023 2664 3079 qua
2712 3005 3024 3079 imperator
3070 3006 3517 3079 cerlo_persuasa
3541 2982 3745 3079 eqcffsif:

2244 3082 2400 3136 sticis
2427 3097 2528 3136 sua
2564 3069 2626 3134 in
2648 3069 2924 3150 preposilo
2967 3069 3305 3150 constantia,
3337 3069 3750 3150 ρνᾷῖηξυηξΡῙξ-ξξδ

2244 3131 2700 3207 ἆτ’ἐὶἱινᾎᾱὶνεὲέιάιέ
2721 3131 2817 3205 ﬁed
2867 3131 3321 3203 inconvenientes
3337 3131 3611 3214 petitiones
3636 3131 3746 3196 lega-

2247 3234 2427 3280 torum
2437 3265 2448 3278 .

2245 3370 2273 3398 (ί
2305 3351 2442 3414 Quae
2494 3348 2554 3402 in
2613 3349 2771 3402 statu
2830 3341 3108 3417 presenti
3171 3337 3441 3397 Ecclesiae
3477 3326 3747 3417 cernuntur.

2175 3438 2675 3510 quemadmodum
2705 3413 2851 3491 acta—
2867 3434 2986 3490 sint
3009 3435 3066 3488 et
3083 3434 3453 3503 quantacum
3482 3413 3752 3510 difﬁcultate

2175 3496 2624 3599 perfecta,scitis
2656 3524 2930 3592 omnino;
2964 3496 3161 3592 neqde
3195 3517 3341 3575 mihi
3377 3515 3509 3570 adeo
3536 3496 3750 3599 hebesed

2176 3588 2423 3671 molesta
2480 3631 2692 3671 sensus
2738 3617 2848 3682 est,
2898 3615 2962 3667 ut
3003 3615 3131 3666 tam
3183 3608 3300 3665 cito
3334 3598 3596 3660 memoria
3615 3588 3755 3650 evola-

2174 3706 2364 3761 verint
2393 3723 2461 3761 ea
2490 3721 2740 3776 quorum
2765 3707 3010 3758 eventus
3029 3701 3154 3755 acri
3183 3714 3316 3754 meo
3339 3694 3527 3780 dolore
3553 3685 3756 3780 redeIPPf

2176 3797 2272 3849 tus
2303 3797 2406 3848 est.
2443 3793 2651 3849 Recolo
2710 3792 2865 3848 enim
2926 3805 3020 3844 me
3077 3805 3157 3844 ne
3210 3779 3536 3842 tenerrimis
3577 3769 3756 3846 quidem

2177 3882 2505 3948 affectibus,
2556 3886 2621 3936 ut
2677 3897 2745 3936 ea
2794 3878 3168 3946 conﬁcerem,
3220 3870 3559 3947 pepercisse.
3598 3861 3757 3952 Unufny

2177 3975 2244 4026 ut
2275 3969 2648 4034 scitis,habui
2675 3969 2768 4026 cui
2804 3966 2951 4023 nihil
2984 3965 3190 4022 minus
3221 3959 3458 4036 pietatis
3498 3960 3550 4010 et
3575 3957 3756 4036 amotis:

2180 4076 2358 4131 quam
2415 4031 2664 4132 genitori
2725 4059 3042 4113 tribuerem
3097 4070 3110 4109 :
3170 4031 3292 4108 imo
3342 4046 3621 4132 aliquanto
3653 4031 3764 4132 Ῥιυθ

2179 4148 2230 4203 ei
2265 4164 2356 4202 me
2382 4147 2592 4203 debere
2623 4147 2812 4215 rebar,
2846 4145 3129 4217 quoniam
3170 4157 3318 4208 cum
3361 4141 3518 4211 pater
3564 4130 3613 4184 in
3653 4123 3763 4178 hanc

2181 4253 2272 4292 me
2300 4236 2489 4291 lucem
2515 4235 2800 4303 eduxerit,
2824 4233 2916 4289 hic
2944 4231 3088 4288 mibi
3108 4232 3314 4287 exorto
3337 4221 3765 4305 sacramenttu'ltIn

2180 4324 2480 4394 religionis
2554 4341 2798 4380 usuram
2873 4327 2932 4378 et
3003 4317 3485 4377 communionem
3559 4302 3767 4394 Ecclesm

2181 4389 2622 4484 restituit,quod
2649 4411 2995 4468 deneﬁcium
3015 4389 3771 4489 arbitrormajus..leseplm“l

2182 4507 2380 4557 tamen
2413 4502 2831 4559 charissimam
2859 4499 3004 4556 mihi
3021 4504 3206 4572 caput
3224 4498 3332 4552 hac
3347 4507 3517 4550 causa
3536 4485 3771 4572 despicgt'e

2184 4592 2660 4649 sustinui.Multis
2692 4595 2972 4664 praeterea
3001 4589 3118 4645 vim
3154 4587 3537 4654 feci,securus
3556 4569 3773 4630 otl‘ensio-

2181 4682 2273 4736 nis
2296 4682 2715 4737 amicorum.Et
2728 4684 2923 4736 vestro
2945 4694 3182 4750 quoque
3216 4687 3456 4746 corpore
3481 4681 3586 4722 non
3608 4665 3774 4750 pauFOf’

2181 4771 2335 4826 haud
2403 4770 2606 4826 leviter
2660 4768 2880 4826 vexavi.
2941 4769 3144 4823 Testes
3207 4765 3333 4822 sint
3404 4756 3502 4830 qui
3539 4769 3566 4808 θ
3612 4745 3777 4841 ηοξξῃδ

2182 4875 2415 4930 quoque
2446 4858 2794 4931 propinquis
2833 4858 2891 4912 in
2925 4854 3218 4912 custodiis
3264 4832 3778 4931 squallent;quibt15

2180 4917 2296 5004 ista
2493 4917 2654 5004 Italis
2678 4917 2987 5002 conventio
3019 4961 3204 5000 causa
3264 4941 3378 4996 fuit
3431 4932 3593 4990 unica
3632 4926 3681 4978 et
3702 4917 3778 4972 Ob'

2183 5037 2427 5093 sistendi
2463 5041 2672 5092 nostrae
2704 5034 2990 5089 voluntati
3043 5038 3101 5088 et
3160 5032 3261 5086 irae
3324 5022 3578 5082 vicissim
3617 5013 3781 5069 1101-3me

2183 5128 2516 5183 subeundae.
2551 5127 2642 5181 Sic
2668 5131 2862 5180 autem
2897 5140 3031 5178 cum
3066 5121 3169 5176 illa
3217 5130 3479 5192 gererem
3538 5101 3780 5192 putabam,

2183 5218 2574 5272 constiturum
2607 5215 2763 5270 intra
2794 5214 2901 5269 hos
2933 5212 3222 5268 terminos
3243 5205 3658 5280 negotium,nec
3685 5186 3783 5283 Plus

2182 5307 2252 5360 ad
2278 5306 2406 5377 ejus
2439 5305 2845 5378 perfectionem
2883 5302 3056 5358 Italos
3109 5299 3488 5372 quaesituros.
3546 5291 3618 5342 Ita
3665 5285 3782 5378 ett-Illi

2181 5396 2427 5466 promisi
2454 5395 2678 5452 dudum
2709 5391 2971 5456 vobis,et
3002 5393 3195 5446 exstat
3217 5387 3278 5443 in
3314 5378 3564 5441 Ecclesia
3593 5371 3784 5469 110.583;

2182 5455 2362 5554 Βιζὶιω
2395 5480 2794 5556 persuasionis
2830 5455 3057 5535 illustre
3099 5477 3551 5556 documentum,
3576 5455 3787 5556 ἀὶιξιοξιξξ

2260 5536 2428 5629 Ibam;
2440 5536 2790 5630 sapientiam
2807 5569 3095 5626 disertum
3114 5583 3257 5623 cum
3285 5555 3640 5636 appositione
3653 5536 3788 5641 bfll‘f

2182 5664 2689 5730 aureaeQuoniam
2721 5675 2852 5717 vero
2893 5662 3232 5716 nostrorum
3299 5650 3556 5726 quidam,
3614 5630 3786 5708 (ιυιδυε
