4002 6198
238 266 344 320 917

1304 272 1394 323 DE
1433 271 1803 325 MICHAELE
1843 267 2292 324 PALEOLOGO
2329 270 2464 323 LIB.
2505 272 2600 322 VI.

3557 269 3663 325 918

233 411 358 446 τινα
389 388 649 462 δοκιμὴν,
705 389 794 445 καὶ
853 390 1013 447 τοῦτό
1070 390 1275 448 ἔστιτὸ
1302 401 1402 464 τῆς
1433 391 1730 463 ἐπιστάσης
1759 411 1888 467 πρε-
1921 401 1976 470 Α
2006 389 2148 446 οὕτω
2205 392 2274 446 τὰ
2320 393 2438 446 καθ’
2493 392 2652 448 αὐτὸν
2701 392 3102 464 διασκευάζεται
3164 395 3236 455 ὡς
3272 392 3414 466 μηδὲ
3441 398 3547 450 τῶν
3582 393 3659 458 εἷς

231 475 416 541 σϐείας
463 477 790 555 κεφάλαιον,
843 479 1116 556 βούλομαι
1175 478 1471 556 προλαϐὼν
1538 481 1708 559 μικρᾶ
1762 479 1898 555 πρὸς

234 570 380 641 ὑμᾶς
427 568 594 624 εἴπεῖν
649 569 739 623 καὶ
772 567 1223 648 πληροφορῆσαι,
1257 574 1329 635 ὡς
1362 569 1421 626 ἃν
1458 573 1534 646 μή
1568 572 1894 643 ἐξαπιναίως

234 658 564 722 ἀκούσαντες
621 660 1010 734 ταραχθείητε,
1074 660 1216 734 μηδέ
1278 683 1330 716 τι
1388 663 1553 716 πάλιν
1616 664 1777 735 ἡμῶν
1832 661 1894 714 τὸ

230 747 371 821 πρὸς
431 753 566 825 σφᾶς
628 743 1016 822 κυϐερνητικὸν
1079 745 1282 812 ἰδόντες
1341 751 1597 823 ὑποψίαις
1653 754 1772 810 ταῖς
1828 747 1892 802 οὐ

226 833 430 899 καλαῖς
489 836 612 911 περὶ
670 838 831 909 ἡμῶν
897 837 1210 914 βληθείητε.
1274 839 1414 914 Ἐγὼ
1458 836 1710 914 γὰρ,κᾶν
1745 837 1893 891 συνί-

227 948 376 1002 στωρ
435 927 522 998 εἴη
581 927 733 997 Θεὸς,
798 927 928 1003 ὑπὲρ
986 931 1080 982 τοῦ
1143 929 1217 1001 μή
1271 948 1323 980 τι
1355 933 1736 1002 παραοκυθῆναι
1781 931 1888 980 τῶν

225 1017 516 1091 ἡμετέρων
572 1017 738 1092 μέχρι
770 1015 859 1070 καὶ
891 1015 1062 1086 αὐτῆς
1088 1016 1306 1090 κεραίας
1334 1019 1368 1087 ἢ
1407 1019 1516 1090 μὴν
1576 1015 1730 1088 ἰῶτα,
1792 1015 1890 1069 αὐ-

222 1107 318 1168 τὸς
351 1105 464 1180 ἐγὼ
500 1110 980 1180 καθυπισχνοῦμαι
1012 1105 1143 1160 αὐτὸ
1181 1106 1244 1160 τὸ
1279 1111 1421 1170 θεῖον
1454 1101 1750 1179 Σύμϐολον
1784 1109 1890 1159 τῶν

223 1193 488 1271 Ηατέρων
543 1194 770 1259 ἐνθεῖναι
803 1195 1029 1268 σημαία,
1083 1194 1173 1250 καὶ
1204 1193 1524 1268 πολεμῆσαι
1579 1195 1654 1267 μή
1707 1193 1788 1248 ὅτι
1832 1215 1891 1268 γε

220 1284 490 1353 Ἰταλοῖς,
537 1281 682 1339 ἀλλὰ
726 1284 816 1338 καὶ
869 1285 1026 1339 παντὶ
1077 1279 1217 1348 ἔθνει
1279 1285 1412 1358 ὑπὲρ
1461 1283 1667 1338 τούτων
1719 1283 1889 1357 ἀμφι-

221 1370 543 1445 σϐητοῦντι.
603 1373 706 1430 Καὶ
767 1373 902 1446 αὕτη
967 1374 1061 1447 μέν
1122 1372 1262 1428 ἐστιν
1325 1375 1360 1442 ἡ
1418 1371 1886 1450 πληροφορία,ἧν

220 1461 430 1536 δίδωμι
487 1463 622 1535 πρὸς
685 1464 848 1535 ὑμᾶς·
911 1461 1098 1524 ἄλλως
1157 1460 1213 1517 δὲ
1273 1457 1598 1538 κυϐερνῆσαι
1647 1461 1736 1516 καὶ
1773 1462 1888 1534 μετ’

219 1553 454 1628 εἲρήνης
489 1553 814 1626 ἀποπέμψαι
845 1555 925 1625 [Ρ.
959 1555 1085 1626 314]
1139 1552 1268 1614 τοὺς
1317 1546 1569 1626 πρέσϐεις
1620 1548 1730 1605 οὔτ’
1763 1549 1885 1624 ἐμοὶ

217 1643 447 1715 νέμεσις
477 1643 694 1704 πάντως
728 1638 840 1706 οὔθ’
875 1641 1002 1714 ὑμῖν
1059 1638 1244 1696 ἀδικία
1298 1642 1360 1696 τὸ
1415 1639 1666 1696 σύνολον.
1726 1641 1886 1711 Ἀξιῶ

215 1731 320 1786 οὖν
380 1731 470 1786 καὶ
520 1730 990 1806 προσπτύσσεσθαι
1049 1737 1184 1808 σφᾶς
1235 1730 1467 1806 φιλικῶς
1515 1729 1605 1784 καὶ
1655 1729 1887 1798 ἀσπάζε-

2001 480 2158 535 αὖτὸν
2215 483 2567 556 πραχθέντων
2622 482 2816 559 γνῶσίν
2882 505 3005 538 τινα
3078 488 3378 558 παρασχεῖν
3459 484 3652 562 σφίσι·

1999 575 2108 624 τῶν
2166 567 2212 625 δ’
2271 571 2572 646 ἀρχιερέων
2626 595 2684 627 τε
2725 573 2815 628 καὶ
2865 578 2973 628 τῶν
3021 572 3285 649 ἐκκρίτων
3315 577 3411 628 τοῦ
3442 571 3655 649 κλήρου

2000 659 2136 736 ἀμφ’
2193 659 2350 715 αὑτὸν
2415 663 2790 737 συναχθέντων
2835 661 3219 739 ποραγίνονται
3285 663 3374 716 καὶ
3424 663 3475 716 oi
3521 665 3659 736 πρέ-

2001 744 2172 811 σϐεις.
2217 749 2321 804 Καὶ
2370 751 2436 804 τὰ
2479 755 2577 816 τῆς
2623 747 2914 824 πρεσϐείας
2961 755 3254 820 κινοῦντες,
3307 748 3476 820 δῆλον
3512 752 3651 820 ἦσαν

1999 838 2178 893 ἐκεῖνα
2220 841 2594 914 προτείνοντες
2643 838 2674 895 ἃ
2727 838 2793 909 δὴ
2845 840 3048 913 φθάσας
3108 845 3135 896 ὁ
3191 839 3444 913 βασιλεὺς
3489 861 3657 916 προε-

2001 923 2196 998 δήλου·
2257 930 2386 1004 παρ’
2447 932 2508 999 ἣν
2558 929 2734 985 αἰτίαν
2789 929 2877 984 καὶ
2909 930 3379 1005 προενηχηθέντες
3413 931 3656 1003 εὐμενῶς

1995 1013 2223 1089 ἤκουον,
2283 1016 2315 1072 ἃ
2373 1016 2438 1088 δὴ
2476 1020 2553 1093 μή
2603 1021 2976 1096 προμαθόντες
2999 1023 3086 1076 καὶ
3121 1020 3241 1076 λίαν
3283 1017 3563 1096 δυσχερῶς
3589 1020 3648 1075 ἂν

1997 1107 2354 1176 ἡνωτίζοντο.

2069 1270 2155 1332 ις’.
2210 1271 2400 1332 ’Ὁπως
2448 1269 2826 1343 ἀπεστάλησαν
2879 1272 2930 1324 οἱ
2979 1265 3232 1343 πρέσϐεις
3285 1267 3418 1325 ἰδεῖν
3449 1269 3577 1333 τοὺς

2449 1342 2844 1406 ἀποκλείστους
2868 1343 2919 1397 ἐν
2951 1342 3192 1421 φυλακῇ.

2064 1467 2229 1522 Ταῦτ’
2289 1463 2388 1541 ἄρα
2444 1466 2532 1522 καὶ
2597 1466 2853 1543 βασιλεὺς
2906 1467 2980 1530 ὡς
3039 1467 3099 1522 οὗ
3132 1465 3340 1542 χλεύην
3375 1466 3636 1534 εἶναιτὴν

1993 1555 2215 1629 εἰρήνην
2275 1555 2676 1634 πληροφορῶν,
2735 1559 2825 1613 τὸν
2886 1559 3111 1632 Ἐφέσου
3145 1559 3327 1614 Ἰσαὰκ
3377 1554 3467 1610 σὺν
3519 1557 3650 1630 πρέ-

1991 1639 2168 1699 σϐεσιν
2230 1646 2554 1708 ἀποστείλας
2619 1649 3051 1724 καθειργμένους
3130 1646 3334 1702 ἐδείκνυ
3414 1667 3650 1721 προσγε-

1989 1738 2098 1797 νεῖς
2155 1733 2206 1788 ἐν
2266 1740 2384 1799 ταῖς
2411 1735 2700 1810 φυλακαῖς.
2733 1739 2800 1794 0".
2861 1735 2906 1792 δ’
2957 1738 3090 1806 ἦσαν
3125 1737 3152 1790 ὁ
3205 1735 3642 1810 πρωτοστράτωρ

216 1823 344 1876 σθαι
407 1820 675 1893 εὐμενῶς,
742 1823 941 1894 μήπως
986 1820 1077 1876 καὶ
1134 1822 1235 1890 τήν
1292 1821 1486 1893 Θήραν,
1547 1819 1574 1873 ὃ
1608 1815 1673 1888 δή
1704 1840 1881 1896 φασιν,
1914 1795 1962 1860 Β
1993 1823 2375 1901 Παλαιολόγος
2397 1825 2762 1902 Ἀνδρόνικος,
2791 1824 3351 1904 ὁπιγκέρνηςῬαοὺλ
3375 1827 3642 1896 Μανουὴλ

213 1905 680 1982 ἆνασοϐήσωμεν,
738 1908 828 1964 καὶ
889 1907 1102 1982 μᾶλλον
1163 1908 1357 1964 πάππα
1403 1906 1692 1983 γεγονότος
1737 1908 1881 1979 νέου,

210 1999 308 2054 καὶ
343 2000 410 2055 οὐ
441 2000 580 2054 κατὰ
624 2000 716 2054 τὸν
750 2000 1050 2075 Γρηγόριον
1093 1994 1249 2063 ὄντος
1305 1998 1562 2071 εὐμενοῦς
1594 1995 1736 2050 οὕτω
1765 2001 1882 2057 τοῖς

211 2087 520 2163 ἡμετέροις
552 2087 853 2164 πράγμασι.
915 2089 989 2146 Τὸ
1049 2086 1093 2142 δ’
1148 2088 1386 2144 ἐντεῦθεν
1449 2086 1571 2160 ἐμοὶ
1631 2083 1884 2158 μελήσει,

215 2177 371 2252 μηδὲ
399 2178 624 2255 διωρίαν
657 2175 882 2235 λαϐόντι
917 2177 1149 2254 βουλῆς,
1189 2186 1288 2249 τῆς
1338 2178 1474 2252 πρὸς
1506 2175 1702 2237 αὐτοὺς
1750 2175 1884 2230 ἀπο-

207 2271 480 2343 κρίσεως.
515 2294 543 2322 »
602 2272 787 2326 Ταῦτα
816 2273 913 2324 τοῦ
962 2267 1231 2345 βασιλέως
1279 2266 1526 2330 εἴπόντος
1554 2267 1582 2320 6
1639 2266 1734 2338 μὲν
1781 2287 1887 2320 πα-

210 2358 502 2435 τριάρχης
562 2357 838 2438 ἐφίσταται
896 2362 964 2432 τῇ
1023 2363 1131 2413 τῶν
1184 2358 1500 2433 Μαγγάνων
1563 2359 1740 2429 μονῇ,
1792 2355 1884 2410 καὶ

210 2579 514 2636 nimirum
569 2574 888 2632 discidium
947 2575 1109 2630 cordi
1157 2580 1266 2646 est,
1312 2575 1509 2631 nescio
1567 2591 1684 2647 qua
1737 2573 1881 2630 moti

209 2684 408 2724 causa
431 2665 566 2738 (nisi
583 2665 717 2736 quis
745 2664 952 2720 dixerit
970 2665 1039 2720 ad
1059 2665 1462 2736 probationem
1479 2664 1598 2719 haec
1615 2667 1879 2720 nostram

206 2761 276 2813 et
338 2771 631 2827 angorum
709 2752 1013 2810 cumulum
1089 2754 1241 2811 458
1322 2753 1682 2825 contingere)
1744 2769 1877 2807 cum

203 2844 441 2900 Freriis
471 2843 627 2916 apud
663 2846 918 2898 Peraeam
952 2843 1251 2914 congressi
1285 2841 1559 2896 dixerunt
1588 2839 1732 2894 nihil
1765 2839 1879 2895 nisi

205 2932 549 2990 ludibrium
603 2937 659 2988 et
703 2932 972 2988 fraudem
1026 2931 1179 2988 hanc
1239 2947 1437 3003 pacem
1496 2946 1648 2998 esse,
1682 2929 1878 2986 ethoc

203 3023 583 3095 imprudenti
631 3022 788 3078 dicto
843 3021 1063 3077 Latinis
1093 3023 1458 3078 occasionem
1494 3021 1868 3093 praebuerunt

201 3111 564 3184 exquirendi
598 3111 732 3182 plus
764 3111 1007 3181 aliquid,
1034 3116 1099 3166 ut
1129 3111 1524 3183 experimento
1547 3111 1692 3166 satis
1714 3113 1873 3166 certo

2454 1921 2477 1932 ν

1995 1915 2021 1968 6
2053 1911 2288 1990 ἀδελφὸς
2318 1915 2482 1971 αὐτοῦ
2515 1917 2802 1986 Ἰσαάκιος,
2831 1917 2921 1972 καὶ
2952 1916 3205 1991 τέταρτος
3237 1917 3263 1970 6
3298 1920 3394 1970 τοῦ
3426 1935 3641 1989 πρωτο-

1993 2002 2289 2080 στράτορος
2336 2006 2653 2080 αὐτανέψιος
2706 2005 3085 2082 ΙΙαλαιολόγος
3135 2007 3412 2076 Ἰωαὶννης⁶
3465 2002 3516 2058 o'i
3574 2001 3640 2073 δὴ

1990 2093 2078 2147 καὶ
2132 2092 2370 2169 τέτραχα
2399 2095 2789 2169 κοσμηθέντες,
2823 2094 2967 2151 εἴποι
2996 2117 3077 2158 τις
3107 2095 3368 2166 ποιητὴς,
3404 2092 3640 2168 βαρείαις

1992 2179 2214 2236 ἁλύσεσι
2275 2183 2523 2257 φυλακῆς
2580 2187 2920 2262 τετραγώνου
2981 2184 3176 2260 γωνίαν
3238 2183 3454 2258 ἐπεῖχεν
3511 2178 3642 2237 ἵκα-

1992 2290 2136 2334 στος.
2193 2272 2333 2328 Τότε
2388 2274 2478 2327 καὶ
2536 2273 3116 2350 ὁπιγκέρνῃςῬαοὺλ
3148 2271 3279 2327 ἰδὼν
3335 2272 3430 2327 τὸν
3489 2268 3640 2347 Ἐφέ-

1995 2379 2111 2432 σου,
2158 2361 2248 2414 καὶ
2307 2363 2423 2417 οἷον
2483 2362 2865 2438 ὑπερπαθήσας
2923 2363 2967 2418 εἰ
3026 2362 3187 2425 αὐτὸς
3243 2362 3335 2435 μὶν
3364 2361 3416 2416 ἐν
3471 2359 3644 2417 ἀνέσει

1992 2575 2186 2632 favore
2234 2577 2294 2632 in
2344 2595 2436 2635 res
2481 2583 2714 2636 nostras
2771 2579 3109 2636 instinctus.
3166 2579 3302 2634 Meae
3334 2582 3405 2634 de
3437 2581 3640 2634 cmtero

1991 2681 2142 2720 curae
2175 2668 2350 2723 fuerit
2388 2669 2469 2724 ita
2514 2669 2630 2725 illis
2685 2671 3092 2743 respondendo
3126 2668 3484 2733 satisfacere,
3519 2672 3642 2723 uta

1991 2755 2102 2810 fixa
2152 2757 2210 2812 in
2262 2762 2482 2814 statuto
2533 2759 2658 2828 jam
2713 2759 2960 2816 consilio
3002 2760 3154 2817 459
3188 2757 3518 2813 constantia
3567 2773 3640 2812 ne

1990 2845 2302 2904 minimum
2336 2849 2572 2920 quidem
2607 2849 3010 2906 deflectemus.
3038 2869 3064 2900 ι)
3101 2848 3267 2904 Talia
3299 2849 3490 2904 locuto
3525 2847 3638 2900 im-

1988 2940 2276 3005 peratore,
2311 2937 2638 3007 patriarcha
2696 2938 2933 3009 quidem
2966 2939 3024 2992 in
3054 2938 3477 3009 Manganorum
3510 2952 3639 2990 mo—

1988 3025 2311 3080 nasterium
2370 3043 2432 3081 se
2489 3025 2757 3096 contulit,
2792 3031 2850 3082 et
2893 3027 2975 3081 ita
3021 3042 3083 3081 se
3132 3025 3316 3098 gessit
3363 3029 3428 3080 ut
3475 3023 3638 3079 nulla

1985 3128 2185 3168 eorum
2220 3131 2350 3186 quae
2381 3115 2439 3170 in
2473 3131 2606 3170 eum
2655 3119 2789 3170 acta
2838 3116 3069 3171 fuerant
3115 3115 3323 3171 notitia
3365 3130 3464 3185 per
3501 3129 3635 3168 eum

201 3204 452 3258 constet
508 3200 660 3257 serio
710 3217 777 3256 ac
824 3217 955 3255 vere
1007 3217 1129 3257 rem
1191 3205 1506 3272 peractam,
1542 3201 1697 3255 unde
1729 3199 1870 3267 haec,
1905 3214 1947 3281 ρ
1986 3202 2057 3257 ad
2093 3202 2317 3274 legatos
2348 3207 2669 3260 emanaret.
2695 3204 3074 3276 Congregatis
3103 3221 3275 3276 porro
3302 3203 3381 3258 ibi
3404 3203 3475 3258 ad
3498 3219 3635 3258 eum

195 3308 389 3364 quam
438 3290 699 3346 audituri
736 3307 867 3346 mox
898 3307 1130 3356 sumus,
1155 3288 1367 3362 legatio
1402 3295 1535 3345 nata
1560 3294 1670 3359 est,
1705 3290 1874 3359 cujus

198 3396 464 3452 scopum
498 3379 858 3452 praecipuum
889 3395 1017 3434 esse
1051 3380 1306 3451 comperi
1342 3379 1450 3434 hoc
1501 3379 1656 3451 quod
1708 3378 1880 3432 modo

198 3469 337 3526 dixi
369 3487 406 3524 a
436 3468 606 3525 nobis
658 3468 906 3541 exigere,
938 3468 1069 3524 volo
1119 3469 1320 3540 paucis
1371 3483 1776 3541 praeoccupare
1815 3483 1880 3521 ac

205 3559 581 3633 praemunire
611 3575 733 3626 vos,
757 3573 831 3613 ne
863 3557 961 3612 ubi
995 3575 1122 3628 qua:
1152 3557 1232 3612 illi
1261 3557 1574 3629 loquentur
1605 3556 1875 3623 audietis,

201 3649 419 3707 subito
451 3647 909 3716 conturbemini,
943 3664 1083 3703 neve
1132 3647 1190 3700 in
1239 3655 1458 3702 vestros
1501 3646 1730 3702 animos
1774 3663 1877 3700 su-

204 3738 477 3812 spicioni
509 3739 581 3794 de
605 3738 774 3793 nobis
797 3738 1051 3794 sinistra:
1079 3736 1184 3792 ulli
1218 3741 1410 3810 pateat
1432 3738 1651 3803 aditus,
1675 3737 1880 3808 utique

201 3835 536 3903 postquam
573 3827 727 3884 clare
759 3827 1171 3900 perspexeritis
1199 3844 1376 3899 quam
1410 3826 1637 3883 sincera
1668 3841 1875 3897 quam-

206 3935 335 3992 que
382 3917 678 3972 constanti
720 3917 944 3972 ratione
973 3917 1030 3972 in
1065 3920 1185 3972 tota
1233 3917 1413 3986 hujus
1462 3932 1595 3971 cum
1652 3913 1876 3969 Latinis

203 4006 647 4081 gubernatione
698 4005 912 4077 negotii
951 4021 1275 4061 versemur.
1309 4006 1424 4074 Ego
1468 4004 1624 4060 enim
1676 4007 1877 4060 sancte

203 4096 522 4170 polliceor,
553 4100 610 4151 et
642 4099 705 4150 ut
736 4095 1037 4151 conscium
1084 4094 1271 4150 habeo
1323 4099 1527 4158 Deum,
1556 4093 1637 4148 ita
1667 4098 1875 4148 testem

200 4187 425 4242 invoco
459 4186 730 4242 eumdem
763 4184 1160 4240 irrevocabilis
1213 4183 1496 4256 propositi
1531 4198 1544 4238 :
1581 4182 1874 4254 proﬁteor,

202 4279 488 4348 inquam,
507 4279 563 4329 et
583 4273 886 4329 verissime
915 4274 1194 4345 promitto
1213 4273 1461 4346 rigorem
1496 4271 1873 4328 inﬂexibilem

201 4364 508 4437 usquead
540 4363 936 4418 exclusionem
987 4362 1078 4417 vel
1130 4363 1256 4419 iota:
1301 4363 1387 4418 vel
1438 4363 1622 4434 apicis
1674 4360 1872 4416 unius.

203 4455 634 4524 Conﬁrmoque
663 4467 759 4508 me
791 4451 1136 4523 neutiquam
1199 4468 1510 4524 passurum
1544 4451 1679 4507 addi
1710 4453 1874 4522 Sym-

204 4544 351 4600 bolo
387 4547 626 4598 Patrum
670 4541 756 4598 vel
807 4541 1114 4599 minimam
1163 4541 1466 4603 notulam;
1515 4546 1572 4597 et
1621 4541 1669 4596 si
1722 4556 1869 4612 opus
1904 4571 1952 4636 υ

199 4633 312 4699 ait,
339 4647 410 4687 ea
441 4648 620 4687 causa
651 4630 869 4686 bellum
901 4634 1338 4702 suscepturum,
1362 4647 1476 4686 non
1508 4629 1700 4685 solum
1735 4645 1866 4683 cum

197 4721 407 4789 Italis,
425 4720 527 4776 sed
543 4736 675 4774 cum
693 4719 900 4791 quavis
913 4717 1337 4790 omninogente
1358 4719 1427 4772 ad
1447 4719 1500 4772 id
1519 4734 1623 4772 nos
1638 4717 1870 4787 adigere

194 4811 465 4867 volente.
517 4815 599 4864 De
644 4808 754 4865 hoc
812 4808 952 4863 certi
1007 4811 1215 4873 estote,
1267 4807 1324 4862 in
1374 4807 1529 4878 quod
1582 4807 1655 4861 do
1704 4805 1868 4861 vobis

195 4901 395 4956 ﬁdem
444 4898 877 4970 plenissimam.
923 4898 1068 4954 Cum
1119 4913 1185 4952 eo
1230 4900 1428 4952 tamen
1473 4895 1752 4966 deprecor
1798 4910 1871 4948 ne

199 4988 442 5062 placide
475 5004 596 5043 rem
631 4985 1045 5053 administrare
1074 5003 1139 5042 ac
1167 4987 1408 5058 pacifice
1457 4985 1754 5040 dimittere
1786 4983 1869 5037 le-

194 5082 386 5150 gatos
415 5076 504 5132 vel
537 5076 683 5132 mihi
717 5079 790 5132 ad
823 5075 1338 5148 reprehensionem
1391 5074 1736 5146 imputetur,
1769 5082 1871 5129 aut

189 5169 280 5224 ad
314 5167 606 5223 damnum
655 5165 841 5221 ullum
874 5169 1135 5220 vestrum
1181 5163 1533 5235 injuriamve
1582 5163 1868 5234 pertinere

193 5255 455 5315 omnino
508 5259 838 5312 censeatur.
888 5254 1037 5310 Volo
1096 5253 1278 5326 igitur
1325 5259 1382 5309 et
1439 5252 1714 5325 amplecti
1772 5268 1870 5307 eos

195 5345 402 5402 amice
431 5349 489 5402 et
519 5344 778 5402 salutare
805 5343 1108 5408 benevole,
1142 5358 1214 5398 ne
1245 5343 1410 5411 forte,
1445 5343 1602 5414 quod
1635 5340 1868 5409 dicitur,

193 5434 354 5492 feris
409 5435 822 5504 intempestive
879 5433 1164 5490 terrendis
1220 5431 1546 5490 venationis
1614 5433 1868 5488 fructum

197 5523 562 5599 perdamus.
595 5526 731 5593 Qum
763 5522 955 5596 magis
985 5538 1143 5579 nunc
1173 5520 1507 5579 necessaria
1538 5524 1627 5576 est
1655 5520 1871 5588 cautio,

196 5631 357 5673 cum
389 5631 543 5689 papa
573 5629 759 5672 novus
790 5610 889 5683 sit,
923 5611 1088 5686 isque
1120 5609 1278 5670 haud
1305 5608 1432 5684 pari
1464 5626 1531 5668 ac
1560 5609 1873 5685 Gregorius

1985 3291 2274 3363 episc0pis
2305 3310 2370 3348 ac
2405 3293 2762 3364 primoribus
2793 3293 2931 3349 cleri
2964 3293 3279 3349 adfuerunt
3330 3298 3387 3347 et
3435 3290 3636 3363 legati,

1985 3387 2042 3436 et
2070 3381 2335 3437 videlicet
2379 3381 2572 3454 palam
2605 3386 2661 3438 et
2693 3383 2870 3438 libere
2928 3382 3022 3437 illa
3076 3381 3206 3454 ipsa
3265 3380 3640 3452 protulerunt

1985 3468 2524 3540 quaapostulaturos
2541 3470 2833 3541 ipsosjam
2857 3469 3173 3539 imperator
3189 3473 3631 3538 pramonuerat.

1986 3558 2050 3612 In
2076 3575 2189 3629 quo
2214 3559 2340 3629 ejus
2364 3559 2737 3629 providentia:
2763 3560 2986 3613 fructus
3011 3558 3060 3614 is
3084 3558 3367 3627 constitit,
3385 3561 3632 3611 uttantae

1983 3647 2322 3702 offensionis
2345 3648 2515 3702 verba
2545 3647 2768 3719 placide
2793 3663 2858 3703 ac
2880 3647 3007 3702 sine
3028 3645 3283 3702 tumultu
3316 3645 3630 3713 audierint,

1982 3733 2297 3790 irritabiles
2356 3734 2572 3808 alioqui
2631 3735 2923 3805 homines,
2965 3753 3136 3806 quos,
3180 3735 3294 3790 nisi
3352 3734 3631 3805 prudenti

1983 3823 2236 3879 fuissent
2285 3824 2686 3879 admonitione
2735 3825 3064 3895 praeparati,
3097 3833 3250 3879 certo
3293 3825 3511 3878 certius
3542 3829 3632 3878 est

1983 3913 2042 3968 in
2077 3929 2208 3968 acre
2229 3912 2493 3984 jurgium
2522 3912 2711 3983 prima
2739 3912 2840 3968 illa
2869 3913 3169 3967 mentione
3216 3915 3626 3984 prorupturos.

1985 4074 2069 4128 16.
2107 4053 2434 4143 υἷάεάααὶ
2490 4073 2601 4126 sint
2641 4070 2835 4143 legati
2887 4071 2959 4126 ad
3012 4070 3294 4127 custodias
3349 4071 3624 4143 publicas,

2228 4142 2409 4199 visuri
2433 4159 2520 4200 eos
2553 4142 2649 4215 qui
2677 4143 2798 4198 illic
2824 4143 3004 4202 clausi
3029 4142 3375 4200 tenebantur.

2052 4269 2412 4342 Excogitavit
2437 4271 2493 4325 et
2515 4268 2671 4324 aliud
2692 4268 3011 4340 imperator
3028 4269 3334 4340 perefﬁcax
3358 4269 3624 4324 futurum

1981 4359 2050 4414 ad
2111 4359 2586 4431 persuadendum
2662 4357 2867 4430 legatis
2948 4375 3063 4415 non
3114 4375 3242 4414 esse
3298 4357 3624 4415 ludibrium

1980 4449 2311 4519 pacemjam
2341 4447 3026 4504 factam.Misitvidelicet
3050 4447 3622 4520 Ephesiepiscopum

1981 4541 2246 4592 Isaacum
2280 4553 2412 4592 cum
2444 4535 2654 4609 legatis
2686 4537 2745 4592 in
2779 4538 3078 4594 custodias
3105 4537 3623 4610 publicas,jubens

1981 4626 2127 4698 ipsis
2173 4625 2294 4680 illic
2346 4626 2573 4680 ostendi
2634 4631 2913 4697 cognatos
2972 4627 3132 4697 ipsos
3165 4644 3229 4682 ae
3263 4627 3624 4684 necessarios

1979 4733 2120 4771 suos
2169 4715 2248 4769 ibi
2297 4716 2585 4785 detentos,
2620 4717 2770 4786 quod
2821 4715 2949 4787 paci
2998 4732 3110 4772 non
3161 4717 3621 4773 consensissent.

1980 4803 2044 4860 Ili
2077 4810 2243 4859 erant
2275 4807 2660 4875 protostrator
2686 4803 3040 4876 Palaeologus
3071 4805 3455 4876 Andronicus,
3490 4808 3623 4879 pin-

1982 4910 2156 4949 cerna
2176 4893 2319 4948 Raul
2343 4892 2595 4962 Manuel,
2620 4893 2797 4948 frater
2819 4893 2997 4963 hujus
3015 4895 3357 4966 Isaacius,et
3377 4901 3626 4967 quartus

1983 4983 2424 5056 protostratoris
2445 5001 2514 5038 ex
2531 4984 2705 5038 fratre
2737 5000 2917 5054 nepos
2950 4983 3308 5058 Palreologus
3337 4987 3626 5055 Joannes;

1985 5073 2084 5146 qui
2112 5090 2252 5129 sane
2275 5073 2332 5127 in
2356 5089 2562 5144 aspero
2594 5076 2827 5142 ornatu,
2851 5076 2915 5128 ut
2945 5078 3114 5144 poeta
3143 5074 3437 5147 quispiam
3472 5077 3628 5131 dice-

1982 5167 2090 5229 ret,
2106 5163 2378 5234 quadrati
2394 5161 2568 5218 unius
2583 5161 2832 5218 carceris
2857 5163 3125 5235 singulos
3151 5164 3365 5234 singuli
3383 5165 3629 5235 angulos

1985 5254 2281 5320 tenebant,
2316 5251 2592 5324 gravibus
2640 5251 2820 5307 vincti
2868 5251 3110 5308 catenis.
3142 5253 3304 5308 Tunc
3354 5256 3630 5325 pincerna

1986 5339 2135 5396 Raul
2165 5341 2523 5413 Ephesinum
2556 5341 2783 5408 videns,
2816 5346 2873 5397 et
2897 5340 3120 5398 scilicet
3149 5341 3460 5414 indignans
3492 5358 3626 5397 eum

1984 5429 2218 5502 quidem
2272 5429 2450 5486 libere
2497 5431 2557 5485 in
2602 5430 2949 5486 remissione
2981 5447 3045 5486 ac
3078 5429 3298 5485 deliciis
3327 5429 3534 5498 vivere,
3569 5447 3628 5486 se

1981 5524 2176 5577 autem
2209 5535 2344 5576 cum
2375 5519 2550 5576 sociis
2579 5519 2906 5576 conﬂictari
2923 5517 3059 5575 tetri
3077 5516 3326 5574 carceris
3345 5519 3626 5576 aerumnis

1981 5606 2440 5668 ecclesiasticam
2461 5605 2533 5665 ob
2550 5623 2810 5680 causam,
2833 5625 2935 5680 pro
2959 5623 3076 5678 qua
3094 5603 3291 5678 ipsum
3316 5603 3596 5664 nimirum
3617 5649 3632 5679 ,
