3912 6192
399 304 506 359 919

1693 300 1997 356 GEORGII
2035 295 2499 359 PACHYMERE
3610 317 3690 370 920

403 432 490 500 ζῇ,
523 426 717 480 ἐκεῖνοι
749 421 805 475 δὲ
836 420 1456 498 προσταλαιπωροῦνται
1502 424 1572 496 τῇ
1620 420 1860 500 φυλακῇ,
1913 421 2044 496 ὕπερ
2076 430 2127 496 Α
2157 423 2247 478 καὶ
2283 423 2496 496 μᾶλλον
2523 424 2756 502 ἐλέγχου
2811 432 2930 488 τοῖς
2983 427 3081 495 τήν
3141 428 3316 482 κακίαν
3366 428 3483 493 οἵοις
3522 436 3560 488 τ’
3603 438 3693 491 οὖσί

401 513 472 567 ὧν
506 512 707 566 ἐκεῖνον
741 507 1018 582 μᾶλλον-ἣ
1066 509 1262 572 αὐτοὺς
1322 506 1428 564 ἔδει
1488 511 1778 585 μάχεσθαι,
1836 509 2047 584 συνάγει

397 621 454 655 τε
507 596 825 668 Λεληθότως
870 601 972 669 τὴν
1022 595 1213 654 ἅλυσιν
1265 601 1324 668 ἣν
1377 599 1581 676 ἐφόρει,
1635 599 1892 674 προάγων
1925 601 2048 653 ὅσον

397 688 464 757 ἦν
522 687 814 763 ἐγγυτέρω,
892 689 982 742 καί
1041 686 1349 763 σφακελλον
1422 691 1657 759 ποιήσας
1721 690 1783 742 τὸ
1833 689 2054 762 πτύγμα

396 778 514 833 κατ’
547 776 754 832 ἐκείνου
789 776 965 853 ῥίπτει
998 778 1070 839 ὡς
1112 778 1358 850 πλήξων,
1410 779 1507 832 κάν
1555 776 1924 852 ἀπετύγχανεν
1975 776 2054 838 εἷς

397 865 587 922 ἑαυτὸν
619 870 714 922 τοῦ
741 866 1031 942 τραχήλου
1061 868 1161 936 τὴν
1195 865 1383 922 ἅλυσιν
1415 864 1697 928 ἕλκοντος.

403 1028 487 1097 ιζ’.
518 1030 706 1090 ’Ὁπως
732 1026 947 1101 ἀνήχθη
986 1027 1014 1080 ὁ
1076 1027 1327 1102 ’ξωᾴννης
1381 1027 1433 1087 ἐς
1462 1028 1524 1081 τὸ
1566 1029 1959 1102 πατριαρχεῖον
1992 1026 2053 1080 τὸ

1090 1095 1361 1173 δεύτερον.

472 1227 558 1297 [Ρ.
592 1226 716 1296 315]
748 1221 902 1280 Ἀλλ’
963 1224 990 1276 ὁ
1052 1221 1304 1298 βασιλεὺς
1355 1223 1408 1285 ἐς
1457 1223 1635 1278 πίστιν
1663 1223 1900 1287 ἐντεῦθεν
1957 1226 2054 1278 τοῦ

403 1311 588 1382 ἀληθῆ
669 1313 920 1387 πράττειν

405 1400 682 1478 προῦργου
736 1403 937 1464 παντὸς
993 1401 1195 1465 τίθεται
1253 1403 1315 1456 τὸ
1374 1402 1460 1456 καὶ
1494 1402 1649 1464 αὗθις
1673 1404 1766 1457 τὸν
1801 1403 2054 1478 πατριάρ-

1011 1318 1126 1374 τοῖς
1212 1309 1496 1389 πρέσϐεσιν
1582 1314 2054 1390 ἀφοσιωσάμενος,

408 1513 515 1568 χην
566 1493 874 1568 ἀναγαγεῖν.
933 1489 1070 1549 Ούτε
1123 1493 1221 1567 γὰρ
1255 1493 1305 1547 ἐν
1343 1492 1731 1569 παραδοχῇτὰ
1771 1501 1870 1564 τῆς
1917 1514 2055 1567 παρ-

405 1586 671 1653 αιτήσεως
706 1589 821 1645 τοῖς
879 1583 1216 1658 ἀρχιερεῦσι,
1269 1583 1363 1638 κᾶν
1427 1586 1454 1637 ὁ
1518 1584 1772 1658 βασιλεὺς
1835 1582 2054 1660 ἐδέχετο

402 1674 626 1744 ταύτην·
660 1672 789 1728 ἀλλ’
818 1671 908 1727 οὖν
964 1675 1026 1728 οὐ
1059 1674 1358 1749 προίσχετο
1392 1673 1538 1738 ὅλως
1567 1675 1700 1746 αὕτη
1733 1680 1840 1730 τῶν
1893 1677 2052 1752 ἱερῶν

2159 511 2413 572 κωλύειν.
2474 516 2628 579 ’Ὀθεν
2685 515 2775 570 καὶ
2831 519 2991 589 κοινῇ
3049 517 3224 589 σκέψει
3272 518 3478 588 ἀξιοῦσιν
3518 522 3701 599 ἀρχῆθεν

2158 602 2248 656 τὸν
2311 601 2476 676 ἄνδρα
2529 606 2627 673 τὴν
2690 604 3016 680 προστασίαν
3048 603 3306 680 δέχεσθαι.
3335 609 3388 665 Ὁ
3425 607 3464 662 δ’
3489 611 3575 688 οὐχ
3596 614 3698 686 ὑπή·

2161 713 2307 760 κουε,
2363 698 2537 762 ζητῶν
2568 695 2668 763 τήν
2702 693 2786 748 ἐπὶ
2819 700 2937 757 τοῖς
2990 694 3330 769 συκοφάνταις
3363 695 3611 768 ἐκδίκησιν,
3654 705 3703 758 Τὸ

2164 778 2211 834 δ’
2264 782 2329 850 ἦν
2380 784 2468 836 καὶ
2499 781 2552 837 ἓν
2585 787 2691 838 τῶν
2725 781 2998 838 ἀδυνάτων
3031 789 3108 855 τῷ
3142 781 3359 859 βασιλεῖ,
3395 790 3702 864 προϊσχομένῳ

2165 872 2444 941 συνήθειαν
2496 873 2694 948 ἄλογον
2744 875 2850 928 τῶν
2901 873 3264 949 κρατούντων,
3309 877 3412 930 καθ’
3440 877 3492 944 ἣν
3517 878 3599 945 τὴν
3639 879 3704 950 μὶν

2164 959 2517 1036 συκοφαντίαν
2553 959 2730 1015 ῗᾶσθαι
2764 959 2851 1015 καὶ
2881 960 2972 1015 τὸν
3031 960 3494 1039 συκοφαντούμενον
3546 961 3707 1037 ῥύεσθαι

2161 1052 2256 1102 τοῦ
2313 1047 2586 1119 κινδύνου,
2619 1048 2955 1126 συκοφάντην
3000 1048 3058 1104 δὲ
3093 1049 3218 1124 μηδ’
3261 1052 3484 1106 ὁπωσοῦν
3507 1057 3709 1126 τιμωρεῖ.

2165 1148 2308 1207 σθαι,
2357 1135 2450 1192 κᾶν
2505 1139 2863 1216 συκοφαντοίη
2925 1140 2993 1194 τὰ
3047 1138 3262 1214 ἔσχατα,
3319 1141 3560 1194 τὲτακται⁶
3613 1138 3712 1212 μηδὲ

2163 1227 2266 1300 γὰρ
2301 1228 2430 1281 εἶναι
2460 1229 2522 1282 τὸ
2555 1220 2761 1299 ἀληθὲς
2801 1233 2878 1300 τῷ
2909 1227 3130 1304 βασιλεῖ
3176 1230 3458 1301 μανθάνειν,
3508 1227 3619 1282 ὅπου
3655 1232 3708 1298 τῷ

2169 1316 2243 1388 μὴ
2304 1314 2637 1388 ἀποδείξοντι
2685 1315 2932 1373 κίνδυνον
2979 1317 3210 1395 ἐφῆιρθαι
3261 1314 3536 1390 ξυμϐαίνοι.
3592 1317 3712 1372 Ταῦτ’

2165 1402 2266 1478 ἄρα
2313 1405 2402 1460 καὶ
2457 1408 2532 1480 μὴ
2580 1407 2776 1479 ἀνύων,
2827 1407 2917 1462 καὶ
2966 1407 3179 1481 μᾶλλον
3237 1407 3429 1484 ἀφιέναι
3456 1407 3510 1460 τὸ
3535 1410 3715 1476 πταῖσμα

2164 1495 2673 1569 παρακαλούμενος,
2727 1497 2958 1570 μίμησιν
2996 1499 3226 1575 φέροντα
3247 1500 3339 1551 τοῦ
3385 1497 3607 1569 Χριστοῦ,
3649 1495 3718 1560 τὴν

2165 1582 2468 1656 πρόκλησιν
2559 1583 2805 1660 δέχεται,
2896 1586 2985 1640 καὶ
3057 1583 3186 1659 ἕκτῃ
3261 1581 3588 1645 Ποσειδεῶνος
3650 1581 3721 1635 ὖπό

2167 1671 2396 1748 λαμπρᾷ
2449 1679 2518 1748 τῇ
2579 1672 2876 1753 δορυφορίᾳ
2928 1673 3309 1751 συγκλητικῶν
3353 1695 3405 1728 τε
3457 1673 3553 1746 ἅμα
3576 1670 3726 1726 καὶέχ-

405 1764 742 1838 πραγμάτων
794 1762 1007 1833 ἀνάξιον
1042 1808 1055 1833 ,
1119 1763 1282 1836 μόνον
1346 1762 1403 1819 δὲ
1459 1760 1692 1838 θόρυϐον
1748 1765 1892 1840 παρά
1944 1770 2051 1819 τῶν
2087 1789 2133 1854 Β
2167 1761 2594 1836 κλησιαστικῶν,
2677 1768 2813 1833 τῆς,
2856 1765 3026 1834 αὐτῆς
3114 1762 3457 1831 ἶνὸικτιῶνος,
3520 1762 3725 1834 ἀνάγεται.

404 1854 494 1908 καὶ
550 1856 797 1929 ταραχὴν
842 1851 1068 1930 ἄλογον,
1127 1856 1216 1909 καὶ
1275 1857 1356 1910 ὅτι
1405 1855 1767 1931 πληχοὲντων
1814 1856 1899 1910 ἐπὶ
1929 1858 2058 1911 τού-

398 1962 517 2003 τοις
566 1942 660 2002 τὰς
712 1938 1042 2012 συνειδήσεις
1085 1946 1247 1997 τινῶν
1299 1943 1397 1996 οὐκ
1445 1940 1620 2019 ἔκρινε
1650 1941 1758 1997 δεῖν
1813 1943 2052 2018 προσμέ-

397 2051 532 2100 νειν,
590 2031 664 2103 μή
697 2051 833 2098 πως,
863 2030 1017 2107 φησὶ,
1048 2031 1153 2085 τισὶ
1188 2032 1336 2107 παρά
1388 2029 1694 2102 συνείδησιν
1791 2032 1854 2086 τὸ
1883 2053 2054 2108 προσ-

399 2117 674 2195 έρχεσθαι.
732 2123 902 2175 Τοῦτο
963 2117 1019 2174 δὲ
1074 2119 1125 2174 τί
1157 2121 1216 2175 ἂν
1275 2123 1654 2196 παραιτήσεως
1695 2119 1856 2196 ἔχοι;
1891 2122 1939 2176 εἴ
1973 2123 2049 2195 μὴ

403 2341 603 2409 utpote
643 2337 989 2404 antistitem,
1021 2342 1245 2394 certare
1295 2356 1360 2395 ac
1411 2340 1558 2396 dura
1605 2341 1808 2396 subire
1860 2340 2052 2397 fuerat

404 2427 652 2498 aequius,
684 2426 916 2499 collegit
975 2427 1123 2483 clam
1174 2429 1231 2482 in
1294 2444 1536 2484 manum
1572 2447 1603 2484 e
1646 2431 2048 2500 pendentium,

405 2515 624 2586 quibus
653 2515 964 2586 ligabatur,
999 2520 1190 2571 tractu
1223 2518 1377 2572 460
1409 2521 1746 2573 catenarum
1777 2519 2050 2574 volumen

405 2619 598 2674 grave,
627 2609 682 2659 et
734 2603 1041 2660 observato
1092 2609 1355 2677 tempore
1411 2624 1526 2678 quo
1578 2607 1888 2678 cpiscopus
1932 2614 2050 2662 tam

403 2709 584 2764 prope
617 2694 686 2748 ad
723 2693 915 2765 ipsum
948 2700 1271 2751 accesserat
1321 2700 1385 2751 ut
1432 2696 1746 2768 contiguus
1788 2697 1940 2751 intra
1961 2698 2052 2768 ja-

404 2786 566 2838 ctum
600 2783 913 2852 videretur,
949 2783 1198 2840 ferream
1252 2785 1308 2840 in
1364 2802 1499 2841 eum
1551 2786 1784 2842 intorsit
1815 2787 2051 2854 fascem,

405 2872 579 2928 ferire
625 2874 906 2941 studens;
934 2875 1042 2930 etsi
1075 2875 1365 2931 aberravit
1395 2875 1490 2931 ille
1522 2876 1781 2948 quidem,
1809 2875 2053 2942 catenis,

398 2961 526 3033 ipso
553 2961 769 3018 collum
802 2965 1135 3021 retrahente
1170 2966 1324 3022 unde
1355 2966 1714 3038 pendebant,
1751 2967 1821 3022 ad
1857 2967 2053 3038 ipsum

402 3049 622 3108 intacto
656 3053 917 3110 antistite
949 3055 1355 3111 redeuntibus.

403 3212 488 3266 17.
521 3212 581 3268 Ut
607 3217 850 3270 Joannes
880 3212 942 3269 in
967 3215 1374 3286 patriarchales
1402 3215 1547 3272 aedes
1578 3215 1842 3272 inductus
1875 3216 2055 3271 denuo
2083 3183 2126 3250 (ἶ

1183 3289 1269 3342 sit.

478 3409 763 3464 Caeterum
816 3410 1143 3481 imperator
1173 3410 1283 3465 hoc
1316 3410 1483 3482 quasi
1516 3411 1703 3482 primo
1735 3411 1926 3466 ofﬁcio
1959 3413 2060 3468 de-

408 3497 648 3552 functus
687 3499 1128 3553 demonstrandi
1153 3499 1356 3568 legatis
1380 3499 1529 3554 serio
1555 3516 1673 3554 rem
1699 3516 1731 3554 a
1749 3517 1811 3554 se
1842 3505 2056 3569 actam,

413 3585 516 3658 qui
555 3602 669 3641 non
719 3587 1048 3642 dubitasset
1098 3593 1268 3642 tanta;
1318 3588 1622 3661 dignitatis
1671 3589 1824 3644 viros
1875 3606 1943 3645 ea
1990 3592 2060 3646 de

413 3691 591 3731 causa
613 3679 761 3732 tetro
779 3675 996 3731 carceri
1020 3676 1307 3746 addicere,
1329 3694 1514 3748 opera:
1537 3677 1789 3748 pretium
1823 3696 1886 3735 se
1918 3697 2058 3750 prae-

412 3767 570 3821 terea
618 3766 912 3821 facturum
957 3765 1332 3834 existimavit,
1367 3767 1414 3822 si
1447 3766 1835 3839 patriarcbam
1866 3769 2058 3824 liberae

409 3872 527 3910 suae
578 3857 886 3927 potestatis
919 3856 1207 3912 functioni
1242 3857 1596 3913 restitueret.
1633 3858 1774 3912 Rem
1807 3875 1934 3914 eam
1969 3857 2061 3914 sui

410 3945 638 4000 arbitrii
665 3945 910 4017 putabat
941 3962 1088 4012 esse,
1116 3945 1331 4017 quippe
1364 3963 1477 4000 non
1511 3945 1623 4002 alia
1657 3947 2062 4020 corrogatione

407 4035 826 4106 suffragiorum
878 4039 980 4090 aut
1024 4035 1369 4106 repetitione
1419 4034 1721 4091 electionis
1770 4041 2056 4108 egentem.

408 4123 575 4178 Haud
608 4123 763 4179 enim
797 4141 929 4180 vere
958 4141 1200 4180 vacasse
1233 4141 1497 4195 unquam
1527 4125 2063 4197 Constantinopoli-

405 4213 605 4266 tenam
655 4213 854 4267 sedem
900 4214 1061 4269 Vecci
1111 4214 1501 4284 abdicatione,
1536 4231 1711 4285 quam
1761 4219 2060 4284 utcunque

407 4297 747 4368 imperatori
806 4300 1197 4372 signiﬁcatam
1245 4307 1300 4358 et
1343 4301 1601 4358 oblatam
1648 4303 1904 4375 episcopi
1955 4321 2060 4358 nec

408 4387 790 4443 admisissent
849 4406 952 4444 nec
1013 4391 1378 4462 probassent.
1431 4393 1540 4448 Sed
1603 4409 1785 4462 neque
1835 4393 1884 4448 is
1933 4392 2059 4464 ipse

407 4473 1035 4547 libellusrecusationis
1051 4480 1226 4547 sedis,
1245 4496 1418 4552 quem
1438 4481 1823 4552 imperatoria
1836 4480 2059 4537 Joanne

405 4564 607 4619 datum
641 4564 924 4636 diximus,
950 4568 1021 4623 iis
1045 4573 1167 4624 erat
1192 4572 1475 4626 formatus
1495 4569 1706 4639 verbis,
1732 4589 1857 4642 qua:
1889 4587 2054 4626 veras

404 4653 833 4724 canonicasque
880 4656 1154 4726 legitimae
1183 4659 1573 4730 dopositionis
1621 4675 1829 4715 causas
1863 4660 2052 4732 expri-

405 4748 648 4797 merent.
682 4744 908 4799 Etenim
943 4745 1096 4800 baud
1129 4745 1184 4800 in
1217 4764 1282 4803 eo
1315 4749 1636 4820 quidquam
1693 4748 2056 4822 allegabatur

405 4848 520 4903 quo
542 4837 846 4904 appareret
875 4833 1160 4889 Joannem
1195 4842 1256 4891 ut
1290 4837 1600 4910 indignum
1622 4855 1686 4893 eo
1711 4837 1835 4893 loco
1868 4843 1923 4894 et
1949 4839 2054 4893 ad-

406 4923 825 4980 ministrationi
879 4923 1150 4980 Ecclesiae
1179 4925 1442 4998 ineptum
1477 4934 1578 4984 aut
1609 4930 1886 5000 imparem
1921 4927 2054 4983 inde

404 5012 759 5071 submoveri.
822 5011 1184 5070 Causabatur
1241 5015 1321 5070 ibi
1377 5023 1605 5072 tantum
1665 5018 1790 5088 ipse
1839 5019 2052 5075 Veccus

402 5100 752 5160 tumultuari
787 5105 991 5157 contra
1024 5118 1084 5157 se
1117 5105 1428 5175 quosdam,
1454 5123 1486 5162 a
1509 5106 1723 5177 quibus
1751 5107 1856 5162 etsi
1891 5111 2050 5177 pate-

402 5198 563 5250 retur
607 5191 892 5262 injustam
928 5191 1292 5248 vexationem
1350 5194 1474 5264 ipse
1525 5195 1819 5260 innoxius,
1853 5199 2050 5250 tamen

397 5283 580 5341 vereri
641 5297 769 5336 sese
825 5279 1210 5336 offensionem
1293 5283 1683 5352 inﬁrmorum,
1744 5283 1844 5354 qui
1905 5285 2051 5340 forte

398 5373 651 5448 vulgatis
684 5372 740 5426 in
775 5388 837 5426 se
869 5371 1186 5427 calumniis
1221 5373 1363 5429 moti
1411 5375 1480 5428 ad
1533 5373 1924 5429 dubitandum
1957 5391 2047 5429 ec-

397 5465 538 5538 quid
594 5463 737 5518 citra
785 5471 996 5516 noxam
1030 5464 1088 5516 et
1121 5461 1334 5532 piaculi
1370 5463 1776 5534 contagionem
1810 5468 2048 5534 possent

396 5558 519 5609 tam
569 5549 845 5608 diti'amati
906 5549 1164 5607 hominis
1215 5550 1301 5608 uti
1355 5552 1800 5622 consuetudine,
1835 5551 2045 5610 oblatis

397 5643 606 5699 deinde
680 5639 1090 5699 occasionibus
1147 5657 1282 5700 cum
1338 5660 1404 5702 co
1463 5642 1672 5717 agendi
1732 5647 2045 5701 ccstuarcnt

2164 1852 2301 1906 Τότε
2332 1851 2785 1926 συμπλασάμενοι
2845 1857 3076 1929 γράμμα
3130 1861 3228 1923 τῆς
3283 1852 3411 1924 πρὸς
3440 1851 3519 1905 τὸν
3562 1851 3726 1904 πάππαν

2163 1940 2467 2016 ἀπολογίας
2501 1937 2795 2018 (Οὐρϐανὸς
2825 1940 2883 1997 δὲ
2907 1943 3029 1997 τότε
3229 1940 3455 2002 πολλαῖς
3512 1939 3590 2012 μὲν
3634 1937 3728 1991 67:0-

2163 2037 2395 2109 γραφαῖς
2433 2033 2560 2105 μήτ’
2592 2028 2760 2086 ὄντων
2811 2031 3122 2087 ἐπισκόπων
3181 2033 3303 2106 μήτ’
3354 2030 3623 2086 ἐπισκοπῶν
3663 2026 3729 2080 οὗ·

2165 2123 2296 2190 σῶν,
2361 2125 2459 2194 μιᾷ
2513 2120 2603 2174 καὶ
2631 2124 2702 2195 τῇ
2736 2119 2871 2194 αὐτῇ
2899 2120 3045 2196 χειρὶ
3071 2118 3171 2175 τοῦ
3215 2120 3475 2196 γραφέως,
3515 2119 3579 2178 ὡς
3619 2111 3733 2183 δῆθεν

2149 2340 2368 2407 animo,
2393 2346 2449 2395 et
2477 2340 2622 2395 forte
2644 2343 2846 2396 contra
2868 2339 3041 2396 ofﬁcii
3071 2339 3468 2410 praescriptum
3490 2351 3550 2390 ex
3597 2346 3740 2390 errore

2161 2433 2364 2483 natum
2395 2433 2798 2500 operarentur.
2821 2434 2898 2484 Ea
2923 2429 2994 2484 de
3027 2445 3214 2485 causa
3241 2428 3443 2483 ducere
3485 2424 3639 2478 satius
3676 2435 3739 2473 re-

2165 2517 2440 2573 nuntiare
2471 2517 2768 2590 dignitati,
2792 2522 2849 2572 et
2869 2533 2934 2572 eo
2968 2516 3094 2573 loco
3131 2517 3335 2573 cedere
3365 2515 3456 2570 ubi
3487 2528 3542 2568 se
3567 2506 3742 2565 nonnisi

2165 2622 2300 2660 cum
2352 2605 2549 2677 aliquo
2581 2605 2860 2661 scandalo
2889 2610 2989 2661 aut
3019 2605 3232 2662 saltem
3286 2600 3525 2676 periculo
3566 2603 3741 2654 teneras

2163 2694 2516 2768 pusillorum
2549 2695 2938 2751 conscientias
2971 2695 3224 2751 laedendi
3257 2694 3466 2749 haerere
3491 2706 3589 2745 non
3616 2699 3744 2758 posse

2153 2785 2472 2855 judicaret.
2503 2784 2564 2840 In
2615 2784 2708 2840 bis
2764 2789 2959 2841 autem
3012 2801 3141 2856 quae
3174 2783 3304 2841 vola
3335 2780 3585 2855 quodque
3611 2773 3741 2831 vesti-

2162 2873 2325 2945 gium
2381 2873 2770 2929 abdicationis
2828 2874 3186 2946 appareret?
3217 2872 3326 2929 Ubi
3383 2869 3561 2942 potius
3610 2862 3744 2919 tacita

2163 2961 2402 3033 querela
2455 2961 2875 3033 sugillarentur
2943 2962 3028 3017 illi
3106 2963 3208 3034 qui
3284 2977 3415 3017 cum
3482 2952 3746 3029 potuissent

2164 3051 2566 3121 improborum
2621 3051 2856 3106 malitiae
2907 3051 3224 3121 obsistere,
3254 3048 3509 3105 auxiliari
3555 3045 3747 3099 circum-

2162 3145 2342 3195 venta
2373 3140 2719 3197 innocentiae
2752 3139 3115 3196 omisissent.
3146 3141 3254 3197 His
3285 3156 3418 3195 cum
3457 3137 3522 3191 ab
3551 3134 3745 3202 impera-

2165 3233 2292 3285 tore
2322 3235 2446 3285 tum
2469 3247 2500 3285 a
2520 3231 2742 3302 synodo
2768 3229 3183 3297 consideratis,
3219 3225 3512 3285 communi
3541 3219 3752 3280 omnibus

2164 3335 2454 3374 consensu
2487 3319 2678 3375 visum
2710 3323 2801 3375 est
2832 3319 3270 3375 restituendum
3316 3319 3584 3374 Joannem
3611 3312 3658 3364 in
3682 3307 3748 3358 in-

2161 3408 2869 3482 termissumjexercitium
2889 3425 3198 3480 nunquam
3231 3409 3513 3479 abrogatis
3541 3399 3751 3459 ablateve

2166 3497 2489 3568 potestatis.
2520 3499 2665 3553 461
2702 3499 2783 3552 Ad
2819 3500 2970 3570 quod
3005 3515 3140 3554 cum
3193 3497 3355 3553 idem
3401 3488 3754 3579 consequentef

2163 3592 2485 3656 vocaretur,
2508 3587 2794 3642 renuebat
2825 3587 3096 3659 obsequi,
3133 3586 3444 3660 postulans
3473 3581 3616 3656 prius
3641 3572 3753 3632 afﬁci

2165 3675 2353 3747 poenis
2383 3675 2634 3745 meritis,
2668 3676 2768 3747 qui
2801 3693 2862 3731 se
2904 3675 3278 3732 calumniose
3313 3669 3649 3731 criminando
3673 3668 3754 3717 tra-

2163 3764 2487 3820 duxissent.
2507 3765 2720 3820 Verum
2755 3765 2810 3820 id
2846 3782 3018 3838 posse
3047 3765 3360 3838 impetrari
3383 3763 3453 3819 ab
3475 3760 3758 3850 imperatore

2165 3855 2524 3926 sperandum
2576 3871 2692 3910 non
2735 3859 2860 3910 erat
2893 3871 2905 3910 :
2943 3858 3311 3912 causabatur
3359 3853 3510 3911 enim
3541 3848 3624 3903 ille
3648 3859 3696 3900 se
3718 3839 3758 3892 id

2167 3945 2356 3999 facere
2397 3943 2653 4013 nequire.
2689 3944 2948 4000 Tenebat
2977 3944 3258 4000 videlicet
3285 3942 3572 3999 mordicus
3598 3934 3762 4026 invete:

2170 4038 2364 4088 ratum
2413 4033 2471 4087 in
2523 4033 2676 4088 aulis
2728 4049 2948 4088 morem
3001 4033 3338 4090 delationes
3386 4017 3764 4103 cuiusquemodi

2163 4122 2316 4177 inter
2348 4122 2711 4194 principatus
2741 4123 3141 4179 instrumenta
3175 4121 3480 4188 censendi,
3526 4122 3577 4174 et
3603 4114 3668 4170 sic
3690 4123 3762 4162 ca-

2164 4211 2400 4266 lumniae
2458 4210 2750 4279 medendi,
2801 4227 2935 4266 cum
2991 4211 3390 4284 regnantibus
3444 4203 3649 4280 expedit
3694 4198 3768 4252 aut

2165 4300 2326 4365 libet,
2361 4303 2426 4354 ut
2476 4300 2769 4356 eximatur
2799 4300 3038 4371 quidem
3072 4301 3348 4373 periculo
3381 4296 3527 4355 male
3555 4290 3768 4362 culpatus

2164 4388 2390 4456 insons,
2416 4388 2655 4460 impune
2682 4391 2876 4443 autem
2913 4388 3152 4444 omnino
3189 4389 3344 4444 ferat
3385 4385 3615 4458 iniquus
3641 4391 3771 4434 accu-

2164 4481 2324 4532 sator
2352 4477 2732 4548 quantumvis
2765 4476 2921 4532 falsa:
2953 4481 3125 4548 atque
3158 4465 3771 4549 impudentichrimina-

2089 4554 2129 4618 D
2163 4565 2339 4620 tionis
2396 4564 2610 4620 scelus.
2652 4565 2754 4620 Cui
2804 4565 3094 4638 ﬂagitiose
3161 4565 3388 4623 abusui
3437 4564 3581 4620 hanc
3630 4553 3774 4614 solent
3860 4559 3861 4568 ‘

2163 4671 2402 4710 causam
2456 4655 2790 4722 obtendere,
2825 4655 2978 4726 quod
3029 4657 3230 4712 omnis
3283 4673 3424 4728 spes
3469 4669 3533 4709 ac
3579 4643 3772 4704 facultas

2165 4744 2414 4816 principi
2447 4742 2768 4815 eriperetur
2798 4746 3194 4816 cognoscendi
3230 4745 3564 4818 quidquam
3594 4738 3655 4794 de
3681 4747 3775 4789 ma-

2164 4832 2602 4888 chinationibus
2623 4832 2888 4903 occultis,
2914 4850 3041 4905 quae
3070 4839 3285 4889 contra
3320 4835 3520 4906 ipsum
3551 4833 3644 4886 aut
3668 4835 3777 4878 rem-

2167 4919 2462 4992 publicam
2492 4919 2625 4974 iniri
2659 4922 3117 4992 contingeret,si
3155 4923 3331 4995 gravi
3366 4919 3613 4994 periculo
3632 4913 3779 4969 deter—

2165 5018 2434 5068 rerentur
2463 5012 2532 5068 ab
2566 5013 2838 5067 audenda
2879 5013 3340 5071 denuntiatione
3399 5011 3780 5085 qualescunque

2165 5103 2474 5158 delatores.
2527 5103 2674 5174 Ergo
2722 5102 3046 5174 imperator
3093 5107 3305 5160 certus
3362 5101 3643 5158 convictos
3682 5090 3782 5147 Ιίεθὶ

2163 5192 2616 5248 calumniatores
2676 5208 2790 5246 non
2849 5190 3074 5262 ulcisci,
3109 5193 3236 5265 egit
3289 5195 3422 5266 ipse
3473 5205 3596 5246 cum
3626 5185 3783 5244 Vecco,

2162 5298 2374 5353 rogans
2421 5281 2592 5337 etiam
2647 5285 2822 5352 atque
2875 5281 3074 5352 etiam,
3108 5284 3493 5338 condonaret
3521 5279 3586 5333 iis
3614 5281 3777 5329 noxam

2161 5372 2426 5444 exemplo
2457 5371 2692 5427 Christi.
2718 5371 2832 5426 Nec
2865 5370 2962 5426 ille
2995 5373 3065 5427 ad
3091 5377 3444 5428 extremum
3487 5364 3705 5428 abnuit;
3742 5357 3784 5410 el

2159 5478 2440 5518 assensus
2476 5462 2598 5532 jam
2649 5460 2865 5516 studiis
2896 5465 3254 5517 cunctorum
3290 5462 3388 5517 die
3414 5464 3571 5516 sexta
3602 5446 3778 5508 n'ensis

2157 5549 2410 5622 Augusti
2457 5550 2724 5621 ejusdem
2773 5549 3131 5620 indictionis,
3173 5549 3495 5622 splendido
3537 5542 3780 5602 deductus

2158 5641 2437 5699 comitatu
2457 5645 2796 5698 senatorum
2826 5651 2878 5699 et
2901 5641 3171 5699 Ecclesia:
3212 5657 3546 5714 procerum,
3567 5637 3620 5691 in
3651 5628 3777 5704 ΡιΙα·
