4002 6198
297 337 404 394 921

1363 341 1456 392 DE
1495 341 1867 394 MICHAELE
1907 340 2348 396 PALEOLOGO
2385 343 2516 396 LIB.
2557 343 2650 395 Vl.

3605 338 3712 392 922

302 461 536 519 πολλῶν
567 462 733 535 ἱερῶν
761 458 972 532 ἀνδρῶν
1032 462 1118 514 καὶ
1174 460 1427 538 μεγάλων
1467 462 1956 539 κατησφαλίζοντο,
1988 471 2040 533 Α
2071 462 2508 538 ἐξεκηρύχθησαν
2570 467 2621 518 οἱ
2674 463 2973 536 ὀρθὸδοξοι,
3035 464 3124 518 καὶ
3171 464 3221 517 αἰ
3254 465 3388 536 πρὸς
3415 464 3507 517 τὸν
3564 463 3713 518 πάπ-

300 551 346 607 εἷ
385 553 480 624 μὶν
529 552 620 605 καὶ
677 549 994 625 πατριάρχῃ
1050 547 1262 618 δοκοῦν,
1297 551 1395 604 οὐκ
1442 549 1586 620 οἶδα,
1635 555 1770 612 τέως
1813 549 1870 605 δέ
1896 572 1960 626 γε

303 643 394 697 καὶ
455 639 582 695 λίαν
640 643 720 711 τῷ
783 638 1044 713 βασιλεῖ,
1105 639 1284 714 φέρειν
1343 641 1548 702 πίστεις
1603 643 1959 714 προνουμένῳ

304 730 393 785 ἐπὶ
427 734 498 803 τῇ
560 735 668 784 τῶν
731 727 1073 798 Ἐκκλησιῶν
1130 724 1392 802 συμϐάσει
1450 730 1596 805 παρὰ
1654 728 1957 784 δοκούντων

300 819 534 876 πολλῶν
596 820 687 874 καὶ
746 820 863 873 κατ’
923 818 1158 882 ἐκείνους
1213 818 1543 876 ἐπισκόπων.
1579 821 1673 875 Καὶ
1704 823 1805 895 γὰρ
1838 821 1958 899 σφί-

302 932 384 965 σιν
421 908 567 964 οῧτω
600 908 666 962 τὰ
695 912 802 962 τῶν
855 907 1165 962 ἐπισκόπων
1218 908 1566 963 ἐπεπύκνωτο
1618 913 1702 982 [Ρ.
1727 912 1852 982 316]
1885 911 1959 971 ὡς

300 999 395 1054 καὶ
455 997 534 1060 εἰς
593 995 934 1058 ἑκατοστύας,
975 996 1318 1070 ἀριθμεῖσθαι
1369 996 1628 1060 πλείστας
1675 1000 1773 1066 τὴν
1836 1000 1961 1072 παρ’

303 1089 535 1149 ἐκείνοις
597 1083 840 1142 σύνοδον.
895 1090 1035 1140 Ταῦτ
1085 1084 1184 1160 ἄρα
1235 1087 1323 1140 καὶ
1377 1089 1445 1141 τα
1500 1089 1742 1161 ἡμέτερα
1791 1089 1962 1158 agna-

301 1183 417 1248 ζειν
456 1174 631 1240 θέλων
691 1174 915 1236 ἐκείνοις
947 1178 1093 1248 ’τσιῦτι
1127 1170 1373 1248 ἔπραττε.
1412 1175 1655 1240 Πολλαῖς
1682 1175 1726 1230 δ’
1758 1177 1962 1250 ἑτέραις

303 1270 545 1343 γραφαῖς
584 1269 690 1318 τῶν
742 1263 1027 1338 ἡμετέρων
1089 1265 1366 1340 Πατέρων,
1399 1271 1520 1326 ταῖς
1577 1265 1636 1320 ἐκ
1690 1270 1784 1319 τοῦ
1839 1267 1964 1319 Υἳοῦ

310 1353 528 1426 δηλαδή
588 1355 938 1429 προχεῖσθαι,
987 1359 1368 1428 χορηγεῖσθαι⁹
1419 1351 1702 1420 δίδοσθαι,
1756 1353 1963 1425 ἐκλάμ-

306 1464 454 1508 πειν,
513 1440 998 1519 ἐκφαίνεσθαι,καὶ
1055 1447 1175 1502 ταῖς
1234 1443 1475 1514 ὁμοίαις,
1507 1444 1602 1510 τὴν
1654 1447 1750 1496 τοῦ
1809 1447 1966 1496 ἐκπο-

308 1532 557 1608 ρεύεσθαι
615 1530 759 1602 λέξιν
823 1529 1096 1600 ἐπείλυον,
1156 1528 1452 1600 δηλοῦντες
1509 1532 1596 1585 καὶ
1655 1537 1836 1598 τούτο,
1891 1533 1966 1591 ὡς

308 1647 337 1673 ‹‹
391 1622 498 1676 Καὶ
547 1620 676 1683 τοὺς
739 1623 814 1693 μή
874 1621 1231 1694 πειθομένους
1293 1620 1588 1695 εἶ’ρηνεύειν
1619 1628 1737 1684 ταῖς
1795 1623 1964 1692 ἀξίαις

312 1709 495 1772 δίκαις
555 1705 1080 1783 καθυποϐάλλομεν,
1115 1734 1142 1761 ››
1201 1709 1279 1766 Τὸ
1307 1708 1352 1763 δ’
1385 1711 1448 1784 ἄρ
1506 1711 1571 1780 ἧν
1607 1707 1836 1785 ὄνειρος,
1877 1711 1966 1766 καὶ

2063 573 2163 605 παν
2197 554 2419 630 γραφαὶ,
2481 554 2607 623 φασῖ
2620 599 2631 620 ,

3414 553 3490 607 Τὸ
3539 550 3606 619 δ’,
3639 555 3712 614 ὡς

2064 640 2160 713 ἐμὲ
2191 647 2319 714 γοῦν
2349 640 2569 710 εἰδέναι,
2602 641 2787 704 ἄλλως
2839 644 3005 716 εἶχεν,
3041 641 3090 695 εἶ’
3135 643 3223 695 καὶ
3274 641 3408 715 πρὸς
3454 638 3544 693 τὸν
3569 643 3716 694 πάπ-

2699 556 2962 628 μάρτυροι
3026 555 3351 630 σοφώτατοι.

2062 751 2163 784 παν
2195 732 2330 784 κατά
2359 752 2478 786 τινα
2508 731 2952 804 θωπείακθξοῦτως
2985 732 3265 808 ἐγράφετο.

2125 893 2137 912 ρ
2193 896 2210 916 r
2253 893 2266 909 \
2427 892 2438 908 ι
2536 893 2548 910 \
2645 893 2658 913 ο
2777 892 2786 910 ι
3037 891 3052 912 \
3245 892 3254 910 ι
3459 891 3466 907 ι
3671 889 3684 910 a

2067 913 2157 962 ιη.
2204 896 2276 949 Γα
2313 913 2448 947 κατα
2497 914 2588 965 τον
2665 901 2910 965 Ιγνατιον
2964 915 3054 946 και
3093 893 3402 965 ᾲΜελετιον,
3438 892 3584 951 ὁπως
3643 912 3719 953 εις

2493 964 2584 1019 τὸν
2635 963 2853 1020 κάππαν
2886 963 3264 1034 ἀπεστάλησαν
3275 1007 3286 1018 .

2137 1091 2256 1145 Ὀτι
2292 1087 2348 1144 δὲ
2400 1088 2673 1152 κάκείνοις
2739 1089 2939 1163 μάταια
2993 1092 3128 1158 ἦσαν
3180 1090 3246 1143 τὰ
3295 1095 3396 1157 τῆς
3455 1086 3716 1156 θωπείας,

2068 1176 2329 1240 Μελέτιὸς
2357 1201 2413 1233 τε
2444 1181 2530 1232 καὶ
2567 1179 2826 1252 Ἰγνάτιος
2872 1177 3093 1251 ἔδειξαν,
3147 1185 3226 1253 [Ρ·
3288 1180 3414 1248 317]
3447 1172 3715 1250 σχιζόμε-

2066 1288 2148 1320 νοι
2209 1267 2300 1338 μέν
2362 1271 2458 1334 τῆς
2513 1267 2843 1337 Ἐκκλησίας
2900 1273 3226 1345 περιφανῶς.
3267 1264 3418 1335 δίκην
3472 1263 3528 1318 δέ
3579 1265 3714 1339 πρὸς

2073 1355 2340 1430 βασιλέως
2403 1358 2738 1431 ὑποσχόντες
2797 1357 3111 1430 ἀπαχθῆναι
3168 1356 3300 1428 πρὸς
3361 1356 3582 1408 πάππαν
3643 1354 3717 1414 ὡς

2067 1445 2133 1499 τὰ
2161 1445 2246 1498 καὶ
2281 1447 2345 1498 τὰ
2386 1447 2720 1517 πεισόμενοι.
2777 1447 2876 1502 Καὶ
2927 1443 3285 1518 παρεδίδοντο
3338 1438 3593 1518 πρέσϐεσι
3625 1441 3713 1493 καὶ

2069 1534 2365 1607 ἀπήγοντο.
2401 1539 2493 1605 Τῷ
2553 1533 2608 1589 δὲ
2663 1540 2920 1589 τοσοῦτον
2951 1535 3202 1602 κολάζειν
3257 1532 3546 1604 ἐμέλησεν,
3581 1529 3717 1584 ὥστε

2672 1625 2715 1678 εἰ
2776 1623 3113 1690 Ἐκκλησιῶν
3195 1619 3448 1696 μεγάλων
3527 1619 3716 1694 εἰρήνῃ

2070 1710 2324 1784 ἐμποδων
2379 1711 2647 1768 ἵστανται.
2712 1713 2809 1766 Καὶ
2869 1713 2983 1784 μεθ’
3038 1711 3370 1785 ἱλαρότητος
3426 1710 3605 1778 πάσης
3640 1711 3716 1776 τῷ

2067 1625 2155 1678 καὶ
2217 1623 2612 1692 ἐποικτίζεσθαι

307 1799 398 1855 ἐπὶ
431 1797 680 1872 ψεύδεσιν
713 1797 1063 1874 ἐγκληθέντες
1119 1797 1558 1873 ἀπολογούμενοι
1607 1798 1668 1852 οὐ
1702 1797 1964 1871 διαλύειν,
1997 1826 2043 1889 Β
2078 1801 2294 1876 βασιλεῖ
2341 1801 2768 1875 ἀντεπέμποντο,
2802 1802 3076 1871 ἀξιοῦντος
3134 1805 3230 1853 τοῦ
3274 1799 3466 1852 πάππα
3496 1800 3582 1851 καὶ
3622 1797 3720 1870 βα-

308 1886 459 1943 ἆλλά
490 1893 737 1958 συνιστᾷν
769 1888 830 1942 τὸ
863 1885 1116 1962 ἔγκλημα
1158 1893 1276 1948 τοῖς
1332 1885 1499 1941 εἰδόσι
1533 1884 1962 1963 διεγινώσκοντο.

308 1976 563 2052 ’Έμελλε
596 1975 653 2032 δὲ
680 1978 770 2032 καὶ
801 1981 964 2032 τοῦτο
993 1983 1110 2040 τοῖς
1153 1977 1528 2051 ταλαιπώροις
1560 1980 1678 2046 τῆς.
1725 1977 1966 2048 Ἐκκλη-

307 2067 428 2130 σίας
475 2066 756 2142 ἐσύστερον
817 2066 1134 2143 πρύσκομμ’
1192 2068 1348 2135 εἶναι,
1412 2065 1842 2142 ἐγκαλουμένοις
1889 2067 1963 2129 ὡς

299 2289 462 2344 tium
495 2288 841 2361 patriarchas
870 2286 1084 2342 iterum
1113 2286 1360 2342 solemni
1412 2287 1524 2341 ritu
1560 2287 1823 2342 invectus
1855 2291 1965 2356 est,

301 2377 458 2433 Hinc
483 2379 606 2448 jam
639 2379 778 2433 data
806 2383 892 2433 est
924 2393 1096 2448 opera
1133 2376 1542 2431 concinnando
1593 2376 1809 2446 scripto
1849 2392 1964 2448 quo

303 2484 477 2538 papas
507 2467 581 2538 (is
614 2471 754 2522 tunc
786 2473 911 2522 erat
954 2465 1246 2534 Urbanus)
1298 2481 1476 2535 super
1526 2466 1816 2520 mandatis
1870 2482 1971 2536 per

300 2555 536 2627 legatos
588 2555 940 2611 renuntiatis
985 2554 1320 2610 satisfieret.
1355 2553 1518 2608 Hunc
1549 2553 1814 2608 libellum
1845 2560 1970 2608 stu-

303 2645 570 2699 duerunt
585 2644 899 2700 ambitiosa
914 2642 1416 2712 subscriptionum
1437 2659 1651 2714 pompa
1677 2659 1969 2698 commen-

309 2735 492 2804 dare;
544 2734 599 2788 in
637 2750 753 2804 quo
783 2731 1002 2787 multos
1035 2749 1136 2803 pro
1170 2731 1460 2803 episcopis
1515 2732 1819 2786 obtrusere
1871 2732 1969 2804 qui

312 2837 429 2877 nec
479 2821 731 2877 ordinati
781 2838 1040 2892 unquam
1102 2821 1334 2875 fuerant
1365 2820 1423 2875 in
1459 2821 1640 2875 istum
1695 2822 1968 2892 gradum,

313 2927 426 2966 nec
479 2929 512 2965 a
565 2911 782 2982 quibus
836 2910 1367 2965 denominabantur
1425 2911 1567 2976 loca,
1600 2911 1970 2981 episcopatus

313 2998 560 3054 titulum
619 2999 856 3054 aliunde
915 2998 1242 3053 habuerant
1295 3015 1472 3068 quam
1515 3015 1547 3052 a
1590 2997 1834 3066 librarii,
1871 2998 1970 3069 qui

311 3089 606 3158 scriptum
654 3088 763 3144 hoc
814 3087 1106 3155 formavit,
1138 3103 1350 3154 unanu;
1410 3103 1537 3157 quae
1587 3087 1759 3140 etiam
1814 3085 1972 3141 varia

307 3178 525 3250 peritia
557 3176 989 3276 chirographo-9‘
1032 3176 1343 3239 elfingendi
1375 3176 1446 3228 de
1476 3192 1582 3230 suo
1616 3175 1838 3229 addidit
1869 3192 1969 3229 no-
1999 3209 2041 3276 Ο

303 3267 472 3322 mina
497 3265 911 3337 plerorumque
933 3263 1050 3319 illic
1082 3265 1555 3335 subscripterum
1581 3269 1860 3334 tanquam
1893 3263 1966 3317 ab

301 3356 459 3428 ipsis
503 3354 773 3410 videlicet
831 3355 1041 3425 posita,
1077 3370 1209 3408 eum
1268 3370 1500 3424 quoque
1545 3353 1603 3408 in
1651 3370 1963 3408 numerum

303 3461 634 3517 congerens
658 3443 872 3498 multos
888 3461 916 3498 e
933 3443 1117 3498 sacris
1142 3441 1482 3496 hominibus
1507 3442 1660 3496 fama
1681 3441 1964 3510 illustres,

308 3539 379 3589 ut
403 3538 567 3588 tanto
594 3532 810 3588 certius
843 3531 1296 3603 persuaderetur
1327 3531 1480 3601 quod
1515 3531 1814 3601 Optabant.
1837 3535 1967 3584 Haec

310 3641 388 3679 an
421 3622 655 3678 conscio
684 3623 1008 3693 patriarcha
1040 3621 1123 3676 sic
1157 3625 1286 3675 acta
1330 3621 1466 3688 sint,
1492 3620 1646 3675 haud
1694 3620 1965 3692 equidem

311 3713 505 3768 habeo
529 3709 1307 3782 compertumeperatol-is
1329 3709 1761 3764 aemulationem
1789 3709 1845 3764 in
1865 3710 1969 3764 hoc

311 3801 642 3874 quamdam
676 3800 862 3870 video,
897 3799 1212 3855 ambitiose
1244 3799 1435 3854 conati
1483 3815 1784 3869 exaequare
1835 3815 1968 3853 cum

314 3890 543 3946 Latinis
587 3907 677 3946 res
725 3889 989 3945 Ecclesia:
1022 3889 1373 3944 Graecorum.
1424 3886 1568 3941 Cum
1602 3887 1755 3942 enim
1789 3887 1845 3941 in
1881 3887 1971 3941 in-

309 3979 669 4036 strumentis
699 3979 853 4034 462
901 3977 1097 4033 allatis
1147 3981 1329 4032 Roma
1379 3976 1615 4031 sancitae
1665 3975 1785 4031 illic
1834 3992 1968 4030 cum

306 4068 532 4124 Graecis
589 4068 913 4123 concordiae
973 4066 1331 4122 densissima
1363 4065 1865 4120 subscribentium
1898 4065 1970 4120 iis

307 4157 731 4229 episcoporum
763 4157 1004 4213 nomina
1034 4157 1276 4211 vidisset
1309 4154 1516 4226 (crebri
1551 4153 1702 4210 enim
1737 4155 1879 4210 adeo
1912 4155 1970 4208 in

307 4245 440 4303 illis
484 4247 747 4318 partibus
805 4246 1180 4318 episcopatus
1231 4248 1390 4310 sunt,
1427 4251 1483 4298 ut
1515 4259 1716 4298 eorum
1743 4243 1972 4316 [synodi

305 4335 595 4409 plurimis
647 4353 799 4407 saepe
859 4335 1144 4390 centuriis
1198 4333 1606 4404 episcoporum
1659 4334 1969 4404 constent),

307 4427 644 4499 imperator
665 4424 752 4480 vel
777 4425 846 4481 ad
872 4426 1046 4479 ﬁdem
1071 4428 1234 4478 tanto
1259 4423 1580 4494 pleniorem
1617 4421 1969 4493 faciendam,

306 4516 431 4582 vel,
468 4521 530 4571 ut
561 4515 697 4582 dixi,
727 4516 796 4570 ad
840 4512 1289 4570 ostentationem
1335 4512 1501 4582 quasi
1551 4511 1860 4580 cujusdam
1912 4512 1972 4565 in

2077 1889 2231 1944 σιλέα
2280 1892 2586 1964 ἀνθρώποις
2643 1888 2864 1944 δοκοῦσι
2919 1894 3016 1943 τοῦ
3065 1888 3342 1947 ἀσφαλοῦς
3402 1887 3720 1959 ἀντέχεσθαι

2179 1980 2191 2002 ι
2258 1979 2270 1997 ν
2360 1976 2390 2004 ρ
2535 1981 2547 1998 ο
2675 1986 2699 1994 ο
2864 1979 2877 1994 \
2979 1978 2990 1995 9
3040 1979 3054 1996 \
3342 1977 3360 2008 ι
3618 1976 3638 1994 τ

2074 2001 2175 2033 κατ
2225 1979 2506 2034 ευλαοειαν
2540 1979 2740 2052 ιλαρως
2791 2000 2880 2032 και
2935 1999 3093 2032 αυτον
3152 1977 3571 2053 προσφέρεσθαι.
3648 1974 3720 2026 Ην

2077 2068 2166 2122 οὖν
2197 2067 2406 2140 ὁμοίως
2444 2069 2532 2123 καὶ
2581 2070 2647 2122 τὰ
2701 2073 2808 2122 τῶν
2869 2067 3208 2144 γραμμάτων
3263 2063 3474 2120 ἐκείνων
3511 2075 3726 2127 θωπευ-

2079 2288 2300 2343 aversis
2321 2306 2354 2344 a
2375 2289 3071 2365 requirendoquidquam
3095 2292 3339 2349 ulterius
3361 2308 3392 2346 a
3415 2287 3724 2345 nobis.Ad-

2079 2377 2328 2432 debatur
2350 2379 2404 2432 in
2431 2381 2648 2450 scripto
2672 2383 2740 2436 ad
2760 2386 3113 2438 extremum:
3138 2402 3158 2430 α
3176 2383 3232 2437 Si
3254 2382 3384 2452 quis
3408 2379 3540 2434 huic
3563 2377 3722 2449 pacis

2079 2467 2443 2522 conventioni
2478 2485 2592 2522 non
2627 2470 3137 2542 olltemperabunt,
3168 2487 3266 2525 eos
3295 2469 3487 2540 dignis
3537 2465 3724 2538 pmnis

2081 2556 2420 2611 afﬁciendos
2451 2557 2841 2615 decernimus.
2881 2582 2908 2610 »
2943 2563 3079 2626 Quae
3109 2576 3256 2614 vana
3286 2562 3450 2612 erant
3493 2559 3724 2623 cuncta,

2080 2659 2185 2697 nec
2215 2643 2368 2698 ultra
2401 2644 2634 2700 inanem
2666 2647 2832 2715 quasi
2867 2648 3078 2703 somnii
3112 2646 3363 2719 speciem
3420 2644 3628 2711 solida,
3662 2659 3728 2698 eo

2079 2731 2313 2802 quidem
2349 2733 2640 2804 affectata,
2674 2739 2737 2790 ut
2767 2737 3064 2807 abjectum
3112 2735 3399 2791 mendacii
3434 2751 3497 2788 ac
3535 2738 3726 2787 trans-

2083 2821 2193 2874 acti
2227 2837 2338 2874 non
2378 2823 2530 2877 bona
2562 2824 2676 2878 ﬁde
2708 2824 2887 2895 hujus
2919 2825 3134 2897 negotii
3166 2825 3380 2879 crimen
3416 2823 3725 2881 diluerent.

2082 2910 2181 2964 sed
2217 2926 2435 2976 revera,
2463 2913 2508 2966 si
2543 2913 2675 2983 quis
2709 2912 3118 2984 introspiceret
3148 2913 3382 2984 penitus
3415 2917 3471 2967 et
3503 2927 3621 2965 rem
3655 2910 3725 2962 ad

2081 2997 2372 3068 liquidum
2434 3007 2823 3069 pernosceret,
2867 3002 3006 3057 talia
3056 3020 3178 3072 quae
3231 3002 3404 3056 istius
3461 2999 3726 3070 ejusdem

2082 3088 2347 3142 criminis
2397 3104 2526 3144 reos
2572 3095 2915 3162 peragerent
2944 3108 3041 3146 eos
3066 3092 3222 3160 ipsos
3257 3090 3357 3161 qui
3388 3088 3534 3143 illud
3564 3093 3730 3143 tanta

2081 3192 2218 3230 cura
2251 3176 2635 3247 depellebant.
2667 3183 2955 3233 Caeterum
2988 3180 3105 3235 hmo
3139 3179 3196 3233 in
3229 3179 3490 3232 futurum
3542 3193 3728 3248 quon-

2084 3265 2216 3318 dam
2241 3265 2717 3321 criminationum
2735 3274 3081 3339 argumentu
3094 3286 3146 3322 m
3161 3267 3548 3323 etvexationis
3561 3281 3728 3320 occa-

2083 3353 2307 3408 sionem
2349 3355 2577 3410 miseris
2625 3356 3037 3412 ecclesiasticis
3086 3374 3323 3412 ccssura
3370 3360 3556 3418 erant,
3585 3353 3723 3408 olim

2083 3444 2432 3498 accusandis
2474 3446 2641 3515 quasi
2689 3447 3026 3501 orthodoxis
3058 3446 3369 3500 anathema
3403 3444 3722 3509 dixissent;

2083 3533 2252 3602 cujus
2277 3533 2357 3588 rei
2380 3533 2536 3588 velut
2567 3539 2746 3590 testes
2777 3535 3089 3590 certissimi
3123 3537 3208 3588 ha:
3239 3539 3379 3589 tunc
3412 3535 3481 3587 ad
3515 3548 3725 3603 papam

2083 3622 2308 3692 scripta:
2368 3623 2567 3678 litterae
2621 3623 2937 3695 allegandaa
2987 3629 3170 3678 erant.
3222 3626 3565 3694 Quanquam
3622 3619 3730 3674 illae

2084 3725 2213 3764 meo
2245 3711 2476 3780 quidem
2503 3712 2728 3782 judicio
2756 3731 2870 3768 non
2912 3731 2977 3769 eo
3023 3730 3219 3768 revera
3265 3712 3498 3782 scriptae
3549 3726 3727 3766 sensu

2083 3803 2244 3864 sunt,
2269 3815 2443 3869 quem
2470 3799 2555 3855 vel
2591 3801 2646 3854 in
2684 3801 2936 3872 speciem
2972 3799 3459 3872 prmferebantvel
3489 3816 3732 3869 persua-

2084 3903 2216 3941 sum
2255 3892 2395 3940 tunc
2441 3888 2631 3941 Latini
2683 3888 3038 3954 habuerunt,
3072 3891 3276 3943 fucata:
3309 3887 3601 3958 siquidem
3635 3903 3732 3954 per

2083 3977 2537 4031 assentationem
2586 3979 2656 4032 ad
2709 3995 2914 4049 papam
2950 3979 3179 4032 fuerant
3208 3976 3268 4031 in
3302 3977 3551 4048 speciem
3612 3973 3731 4028 illic

2084 4065 2458 4135 placituram.

2087 4227 2170 4282 18.
2225 4229 2298 4282 De
2338 4229 2558 4297 Ignalio
2605 4235 2654 4284 et
2705 4229 2944 4370 Μεξίειίο2
2989 4231 3052 4354 ἕλε
3099 4228 3149 4283 ii
3195 4227 3272 4283 ad
3319 4243 3522 4299 papam
3574 4225 3731 4281 missi

2816 4317 2982 4355 uerm
3016 4344 3027 4356 .

2816 4317 3027 4356 ueram.

2155 4424 2269 4479 Nec
2299 4425 2556 4480 vicissim
2590 4442 2704 4480 non
2757 4425 2868 4496 ipsi
2920 4425 3109 4480 Latini
3155 4424 3436 4480 assentati
3471 4423 3638 4478 nobis
3669 4421 3726 4475 in

2086 4512 2194 4567 hoc
2251 4513 2484 4584 negotio
2541 4515 2806 4584 quaedam
2868 4519 3028 4578 sunt,
3077 4520 3250 4585 prout
3303 4514 3358 4567 in
3405 4511 3615 4569 Meletii
3675 4516 3732 4566 ct

310 4573 434 4662 hoc
467 4573 698 4676 quoque
747 4602 1103 4674 aequalitatis
1155 4573 1464 4656 Orientalis
1522 4573 1793 4655 Ecclesiae
1841 4616 1974 4654 cum
2008 4573 2056 4635 θ
2088 4602 2294 4673 Ignatii
2327 4573 2505 4658 causa
2537 4573 2824 4674 apparuit.
2851 4603 2916 4657 Hi
2955 4573 3108 4674 quod
3142 4605 3294 4658 463
3331 4602 3499 4674 plane
3529 4619 3593 4656 ac
3627 4618 3730 4672 pa—

315 4694 604 4764 Occidua,
628 4694 800 4748 istam
822 4697 948 4747 turn
974 4690 1242 4746 adhibuit
1272 4688 1823 4760 multiplicationem
1847 4706 1978 4758 spe-

316 4787 546 4841 ciosam
572 4782 919 4838 nostratium
942 4779 1284 4852 prwsulum.
1312 4779 1457 4832 Illud
1491 4777 1748 4833 etiamin
1777 4779 1976 4834 eodem

314 4875 543 4944 scripto
574 4877 842 4928 curatum
875 4877 984 4936 est,
1011 4876 1076 4925 ut
1097 4869 1155 4924 in
1180 4867 1556 4941 expressione
1583 4868 1874 4938 dogmatis
1907 4868 1978 4922 de

314 4963 580 5033 Spiritus
611 4960 798 5017 sancti
829 4958 1200 5032 processione
1235 4973 1480 5012 numero
1513 4955 1733 5023 ingenti
1766 4971 1974 5027 conge-

312 5057 590 5108 rerentur
627 5049 796 5105 varice
853 5050 1241 5117 undecunque
1285 5062 1530 5100 corrasae
1581 5044 1817 5099 Patrum
1870 5061 1978 5099 no-

311 5148 580 5199 strorum
613 5141 958 5204 locutiones,
985 5137 1269 5192 aientium
1303 5139 1574 5190 sanctum
1600 5133 1883 5204 Spiritum
1909 5151 1976 5188 ex

313 5231 465 5288 Filio
491 5227 784 5302 profundi,
811 5225 1077 5298 praeberi,
1101 5227 1249 5292 dari,
1273 5225 1741 5295 explendescere,
1760 5223 1976 5278 micare

309 5315 1274 5388 aulostendi,similesque,quibus
1290 5313 1734 5369 accumulandis
1748 5312 1802 5366 id
1820 5312 1971 5367 clam

313 5407 845 5481 agebant,utquasi
864 5407 1178 5460 obruerent
1197 5401 1550 5474 procedendi
1570 5402 1851 5456 usitatum
1870 5401 1971 5456 La-

315 5498 740 5563 tinisverbum,
766 5500 966 5549 etcum
987 5493 1042 5548 id
1058 5492 1308 5548 aliorum
1337 5491 1585 5547 istorum
1610 5491 1851 5545 obtentu
1886 5495 1968 5545 te-

318 5585 756 5661 geretur,tacite
774 5585 1144 5653 abrogarent,
1160 5583 1289 5654 ejus
1303 5579 1692 5637 assertoribus
1707 5578 1822 5635 ista
1835 5595 1966 5651 pro-

317 5682 575 5734 latorum
597 5691 630 5731 a
654 5673 868 5730 nostris
884 5672 942 5727 in
965 5669 1214 5744 speciem
1249 5669 1749 5743 aequipollentium
1772 5669 1966 5741 specie

2084 4691 2201 4745 lam
2228 4707 2288 4745 se
2320 4691 2612 4746 abscissos
2653 4691 2724 4745 ab
2766 4691 3020 4747 Ecclesia
3053 4693 3333 4761 ferebant,
3364 4689 3624 4746 damnati
3657 4690 3730 4744 ab

2084 4779 2437 4850 imperatore
2483 4796 2547 4834 ac
2595 4780 2776 4834 dediti
2831 4785 2997 4851 Papa
3057 4786 3217 4846 sunt,
3257 4780 3533 4852 gravibus
3567 4780 3636 4834 ab
3664 4795 3730 4832 eo

2083 4867 2352 4923 videlicet
2384 4870 2668 4924 multandi
2704 4870 2925 4940 pmnis;
2978 4872 3049 4926 ad
3092 4873 3267 4943 idque
3301 4869 3728 4925 revertentibus

2087 4959 2329 5012 Romam
2364 4957 2563 5012 traditi
2597 4958 2794 5029 legati,
2828 4975 2891 5014 eo
2926 4961 3162 5015 demum
3195 4959 3477 5033 perducti.
3513 4963 3726 5014 Verum

2085 5050 2318 5100 tantum
2347 5047 2534 5102 abfuit
2557 5053 2620 5102 ut
2641 5049 2723 5102 eis
2749 5049 2999 5119 pontifex
3026 5048 3213 5104 ullum
3248 5047 3601 5120 supplicium
3622 5047 3726 5100 de-

2084 5143 2363 5205 cerneret,
2396 5142 2460 5192 ut
2493 5138 2644 5194 ultro
2690 5139 3003 5195 miseratus
3053 5141 3213 5212 ipsos
3264 5142 3358 5210 sit,
3390 5139 3543 5211 quod
3575 5134 3726 5190 invi-

2085 5227 2249 5282 diosa
2280 5227 2612 5297 suspicione
2638 5234 3036 5299 gravarentur,
3062 5229 3228 5298 quasi
3261 5230 3493 5284 obstare
3517 5225 3729 5281 vellent

2084 5333 2153 5370 ne
2180 5317 2334 5371 inter
2364 5334 2609 5388 magnas
2658 5317 2942 5372 Ecclesiae
2977 5335 3085 5390 pax
3118 5318 3488 5372 stabiliretur.
3526 5318 3726 5383 Itaque

2081 5423 2212 5460 cum
2247 5407 2405 5461 omni
2440 5407 2870 5478 significatione
2920 5407 3336 5463 benevolentiae
3366 5403 3596 5460 remissi
3630 5401 3722 5456 adi

2078 5496 2514 5566 imperatorem,
2583 5498 2757 5551 etiam
2836 5496 3346 5552 commendatitias
3407 5511 3438 5548 ει
3491 5508 3642 5564 papa
3697 5507 3728 5545 e

2077 5583 2479 5654 reddiderunt,
2505 5583 2722 5655 quibus
2755 5582 2852 5639 ille
2886 5585 3200 5656 rogabatur
3225 5587 3285 5636 ut
3308 5581 3574 5636 homines
3599 5581 3724 5636 sine

2075 5689 2253 5729 causa
2279 5677 2607 5746 suspectos,
2635 5674 2688 5728 et
2722 5671 2824 5743 qui
2855 5673 3195 5729 viderentur
3224 5686 3440 5739 rectam
3469 5686 3527 5739 et
3557 5685 3733 5735 secu'
