4002 6198
353 227 460 284 923

1656 231 1958 288 GEORGII
1997 232 2459 286 PACHYMERJE

3584 235 3667 290 924

353 355 497 422 τικά,
531 351 715 413 ἄλλως
744 347 1031 423 προϐάσης
1067 351 1142 414 ὡς
1170 350 1418 414 πολλοὺς
1449 351 1645 407 εἰδέναι
1677 361 1777 423 τῆς
1823 353 1994 424 ἐκκη-
2027 361 2076 424 Α
2111 353 2373 427 ζομένων,
2416 353 2562 422 πλὴν
2620 352 2702 408 ἐπ’
2759 351 3025 429 ἀσφαλείᾳ
3080 357 3392 428 περιφανεῖς,
3425 355 3489 406 ὧν
3532 355 3593 417 εἷς
3617 358 3670 424 ἦν

359 442 574 513 ρύξεως.
637 437 860 506 Ἐπειδή
911 439 1014 514 γὰρ
1063 460 1206 502 τινες
1254 444 1362 495 τῶν
1411 447 1676 516 περιττῶν
1729 442 1817 497 καὶ
1851 441 2006 497 εὐκό-

357 530 487 595 λων,
521 530 603 590 οἷς
634 524 749 582 οὐδ’
779 527 844 595 ἧν
875 528 938 581 τὸ
990 529 1239 602 παράπαν
1300 527 1490 585 εἷδέναι
1539 533 1604 585 τὰ
1633 539 1733 601 τῆς
1771 529 2006 601 Ἐκκλη-

355 618 471 678 σίας
529 620 631 669 τῶν
693 615 941 684 Ἰταλῶν,
985 614 1110 672 οὕτε
1172 620 1277 691 μὴν
1337 621 1428 674 καὶ
1489 620 1695 693 ἀξιοῦσι
1756 621 2003 690 ξυνιέναι,

354 705 428 765 ὡς
458 701 628 759 πάλαι
659 705 790 759 ποτε
819 706 954 774 ἦσαν
988 705 1040 760 ἐν
1077 708 1318 781 πρώτοις
1350 708 1626 781 ὴνωμένοι
1672 714 1779 764 τῶν
1814 707 2000 764 ἄλλων

351 791 542 861 πλέον,
575 793 669 848 κάν
702 816 754 848 τι
787 796 1059 869 συμπεσὸν
1110 797 1380 871 παρέλυσε
1425 799 1518 854 τὸν
1573 797 1795 872 δεσμὸν,
1849 797 2004 870 ὅμως

356 879 414 937 δὲ
463 882 629 938 πάλιν
682 884 1095 958 ἀπαράϐραυστα
1141 889 1392 959 μένουσιν
1439 891 1575 960 ἡμῖν
1625 910 1683 943 τε
1731 888 2004 950 κάκείνοις

355 971 420 1025 τὰ
448 976 545 1026 τοῦ
576 978 1009 1047 Χριστιανισμοῦ
1043 979 1314 1051 μυστήρια
1335 1021 1348 1043 ,
1381 977 1454 1038 ὡς
1506 975 1675 1050 μηδὲν
1706 998 2006 1054 παρεγχει-

361 1065 471 1133 ρεῖν
503 1059 720 1134 τολμᾷν
753 1084 902 1124 τινας
956 1063 1039 1118 ἐοὶ
1095 1086 1152 1119 τε
1203 1065 1455 1138 τελεσμῷ
1514 1067 1886 1142 βαπτίσματος
1917 1067 2005 1122 καὶ

360 1149 627 1226 ἷερωσύνῃ
686 1153 772 1206 καὶ
833 1152 995 1226 γάμῳ
1046 1155 1136 1208 καὶ
1196 1160 1470 1230 μοναχικῆ
1539 1157 1856 1212 καταστάσει
1915 1158 2003 1211 καὶ

354 1245 471 1302 τοῖς
496 1239 715 1302 λοιποῖς
746 1244 828 1302 οἷς
861 1240 962 1317 ἄρα
999 1245 1088 1297 καὶ
1121 1246 1154 1312 ἡ
1188 1243 1453 1314 καθολική
1497 1246 1585 1300 καὶ
1643 1245 1740 1319 μία
1772 1245 2010 1316 Ἐκκλη-

359 1327 447 1382 σία
475 1328 603 1391 τοὺς
651 1329 820 1399 αὐτῆς
871 1332 1111 1387 ἐπιτελεῖ
1165 1334 1496 1412 τροφίμους,
1551 1335 1677 1390 ἀλλ’
1710 1334 1888 1404 ὥσπερ
1947 1334 1978 1389 ἂ

357 1417 415 1472 ἐκ
469 1415 628 1489 δρυὸς
660 1418 694 1488 ἢ
728 1419 834 1474 ἀπὸ
892 1420 1097 1497 πέτρης
1156 1424 1395 1498 ἀρχῆθεν
1448 1425 1606 1493 ἦσαν,
1671 1422 1839 1498 μηδὲν
1899 1429 2007 1480 τῶν

356 1510 475 1566 τοῖς
525 1508 871 1582 Χριστιανοῖς
926 1510 1237 1580 ἀνηκόντων
1302 1510 1502 1574 εἷ’δότες
1551 1513 1640 1572 καὶ
1701 1511 1790 1567 διὰ
1844 1518 2010 1568 ταῦτα

359 1593 598 1657 ἐκείνους
678 1597 922 1659 ἐκτόπως
1001 1599 1513 1674 ἀποστρεφόμενοι,
1581 1603 1669 1657 καὶ
1731 1603 1797 1656 τά
1867 1604 2011 1676 παρᾶ

357 1690 476 1747 τοῖς
518 1687 811 1758 ἡμετέροις
852 1684 1255 1745 ἐϐδελύσσοντο
1311 1691 1439 1767 ἅγια
1481 1690 1571 1746 καί
1619 1697 1890 1764 κρημνοῖς
1920 1691 2009 1745 καὶ

360 1779 632 1845 ποταμοῖς
660 1775 750 1828 καὶ
801 1772 978 1849 ὄρεσιν
1036 1776 1249 1832 ἐδίδουν
1286 1781 1360 1842 ὡς
1423 1777 1590 1853 μηδὲν
1651 1775 1778 1834 ὄντα
1833 1779 2011 1852 τίμια,

359 1861 638 1916 κάντεῦθεν
699 1861 941 1920 ἐκώλυον
1001 1867 1067 1920 τά
1122 1874 1223 1937 τῆς
1277 1868 1510 1933 πίστεως
1543 1912 1557 1937 ,
1641 1864 2011 1942 ἀναλαμϐάνει

365 1949 533 2018 ζῆλον
581 1952 609 2006 ὁ
655 1951 930 2027 βασιλεὺς,
989 1955 1079 2010 καὶ
1137 1956 1340 2020 πάντας
1391 1957 1718 2021 ἐπισκόπους
1775 1979 2012 2033 προσκα-

363 2035 539 2094 λεῖται
585 2041 675 2096 καὶ
735 2043 1015 2120 μοναχοὺς
1038 2089 1052 2115 ,
1102 2041 1212 2101 ἔστι
1247 2045 1293 2101 δ’
1325 2048 1386 2102 οὗ
1416 2047 1506 2104 καὶ
1535 2069 1687 2110 τινας
1716 2053 1822 2103 τῶν
1884 2067 2013 2122 σχι-

369 2279 493 2319 ram
545 2262 845 2336 religionis
892 2265 1045 2322 viam
1095 2266 1390 2336 insistere,
1436 2267 1648 2323 blande
1695 2268 1820 2340 ipse
1870 2285 2015 2339 quo-

369 2368 481 2422 que
512 2368 577 2407 ac
606 2351 946 2410 humaniter
997 2355 1288 2428 exciperet
1319 2357 1474 2429 apud
1530 2374 1708 2427 seque
1756 2357 2015 2414 haberet.

371 2439 444 2495 Ut
465 2440 586 2496 haac
617 2458 788 2513 porro
820 2445 1204 2500 assentatorie
1235 2446 1565 2518 agebantur
1593 2451 1650 2502 et
1679 2446 2016 2503 scribeban-

369 2532 470 2584 tur
497 2545 565 2584 ex
595 2535 758 2601 parte
779 2531 1140 2603 Latinorum,
1167 2535 1250 2591 sic
1273 2541 1443 2592 erant
1462 2541 1520 2592 et
1543 2535 1676 2605 illm,
1698 2553 1846 2609 quas
1876 2535 2015 2605 dixi,

371 2634 405 2672 a
426 2617 640 2674 nostris
662 2621 732 2675 ad
757 2637 967 2694 papam
1001 2623 1149 2679 datae
1183 2624 1389 2680 littera:
1422 2642 1539 2681 non
1571 2629 1837 2698 expertes
1867 2627 2017 2682 adu-

368 2705 560 2762 latorii
621 2707 756 2777 fuci,
790 2712 1132 2783 profitentes
1183 2714 1452 2770 videlicet
1499 2732 1604 2771 nec
1653 2715 1840 2770 ullum
1892 2717 2018 2786 jam

371 2796 609 2868 agnosci
640 2799 739 2870 qui
773 2799 1006 2858 Latinos
1034 2807 1136 2858 aut
1165 2803 1239 2860 iis
1271 2804 1636 2860 adhaerentes
1661 2822 1763 2876 pro
1785 2822 2020 2861 excom-

372 2886 690 2943 municatis
768 2888 1029 2961 haberet,
1091 2898 1148 2948 et
1195 2893 1243 2948 si
1300 2897 1434 2966 quis
1491 2893 1548 2949 in
1605 2899 1904 2966 posterum
1960 2895 2019 2950 id

369 2975 585 3032 audere
634 2977 1022 3051 detegeretur,
1057 2980 1214 3037 haud
1274 2981 1514 3055 impune
1569 2983 1854 3054 laturum,
1886 3000 2021 3040 cum

367 3071 568 3122 tamen
618 3067 822 3124 multis
853 3075 1052 3126 notum
1087 3076 1243 3128 esset
1273 3091 1387 3128 non
1421 3075 1623 3130 deesse
1653 3073 1749 3146 qui
1780 3073 1860 3130 ita
1890 3092 2021 3131 sen—

365 3154 543 3211 tirent
573 3160 630 3212 et
661 3157 855 3229 palam
885 3161 1199 3218 anathema
1229 3163 1488 3219 dicerent
1533 3163 2022 3236 amplectentibus

369 3260 596 3316 pacem.
631 3245 808 3302 Erant
858 3248 916 3302 hi
969 3267 1402 3321 supervacanee
1433 3253 1653 3309 morosi
1683 3253 1925 3324 quidam
1971 3257 2026 3307 et

373 3333 639 3389 delicatis
671 3337 1068 3407 superstitiosi
1101 3339 1371 3406 fastidiis,
1395 3341 1495 3412 qui
1519 3358 1653 3396 cum
1677 3347 1734 3398 et
1757 3341 2025 3397 funditus

372 3420 713 3493 ignorarent
749 3429 806 3479 et
853 3425 1077 3481 discere
1127 3443 1243 3482 non
1294 3434 1567 3485 curarent
1617 3447 1708 3486 res
1758 3429 2025 3486 Ecclesia:

379 3509 740 3579 Latinorum,
768 3516 832 3567 ut
850 3513 1123 3570 videlicet
1152 3533 1286 3572 cum
1311 3517 1383 3574 iis
1406 3517 1547 3574 olim
1571 3518 1628 3574 in
1652 3519 2028 3591 dogmatibus

376 3599 791 3672 mysteriisque
809 3603 1121 3676 praecipuis
1144 3606 1231 3661 vel
1254 3607 1517 3663 omnium
1553 3609 1758 3664 intime
1784 3610 2028 3680 conjun-

375 3690 451 3744 cti
483 3691 696 3746 Graecis
725 3692 998 3766 fuissent,
1032 3695 1142 3752 etsi
1188 3699 1384 3754 nescio
1434 3698 1576 3771 quid
1623 3700 1834 3756 deinde
1884 3699 2029 3756 inci-

377 3779 522 3834 dens
553 3778 697 3836 illud
731 3783 986 3855 antiqua:
1033 3788 1354 3843 concordiae
1385 3789 1688 3845 vinculum
1735 3788 2032 3862 paulisper

375 3868 668 3926 relaxasse
687 3872 880 3928 visum
904 3879 1079 3942 esset,
1102 3880 1300 3933 tamen
1325 3879 1502 3934 etiam
1530 3885 1736 3950 postea
1754 3879 2032 3935 inviolata

377 3961 770 4032 permanserit
829 3965 1108 4037 utrinque
1167 3967 1474 4024 consensio
1527 3968 1586 4023 in
1642 3969 1756 4024 fide
1805 3985 1870 4024 ac
1921 3985 2030 4023 usu

378 4049 716 4120 capitalium
776 4052 1217 4110 Christianismi
1276 4061 1808 4126 sacramentorum,
1840 4059 1921 4113 ita
1966 4062 2032 4112 ut

379 4139 650 4194 nentrubi
672 4141 995 4213 quidquam
1024 4147 1240 4200 temere
1261 4150 1614 4203 attentatum
1639 4146 1873 4219 publico
1890 4163 2030 4203 con-

379 4226 512 4283 silio
562 4228 738 4284 fuerit
785 4232 942 4287 circa
973 4232 1155 4289 ritum
1189 4234 1584 4306 baptismatis,
1614 4237 2031 4302 sacerdotium,

382 4316 850 4387 matrimonium,
880 4323 1275 4379 monasticum
1300 4329 1544 4392 statum,
1569 4330 1624 4380 et
1646 4324 1872 4396 reliqua
1904 4343 2033 4396 my-

381 4404 562 4460 steria
591 4406 807 4476 quibus
839 4426 957 4464 una
987 4415 1043 4466 et
1071 4411 1361 4468 catholica
1392 4413 1650 4470 Ecclesia
1707 4431 1848 4470 suos
1903 4413 2031 4470 alu-

382 4510 553 4549 mnos
613 4495 845 4553 initiare
892 4502 1212 4556 consuevit.
1266 4503 1433 4569 Cum,
1487 4503 1751 4574 inquam,
1802 4504 1862 4558 hi
1914 4521 2031 4559 non

383 4582 569 4654 magis
595 4584 801 4642 horum
835 4589 1156 4660 quidquam
1181 4608 1307 4663 quae
1328 4591 1387 4646 in
1412 4591 1879 4647 Christianorum
1907 4594 2028 4662 jam

382 4671 522 4727 olim
556 4676 711 4732 464
741 4680 1040 4750 republica
1071 4684 1453 4738 versabantur
1501 4687 1700 4738 notum
1757 4683 2036 4739 baberent

385 4778 562 4833 quam
599 4765 646 4820 si
683 4769 882 4838 querei
936 4769 1168 4839 stipites
1200 4776 1300 4826 aut
1330 4770 1572 4842 lapideas
1604 4772 1785 4828 moles
1815 4778 2036 4839 essent,

383 4867 450 4908 ea
480 4851 609 4924 ipsa
638 4854 970 4928 ignorantia
1001 4859 1058 4914 in
1093 4860 1544 4931 superciliosum
1593 4860 1729 4917 elati
1776 4868 2034 4919 contem-

384 4947 549 5013 ptum
581 4961 715 5001 cum
765 4950 1004 5004 Latinos
1053 4949 1208 5018 ipsos
1255 4949 1746 5022 impotentissime
1806 4969 2034 5008 aversa-

385 5031 626 5102 bantur,
658 5040 785 5092 tum
817 5043 1017 5093 nostra
1043 5038 1311 5110 ipsorum
1365 5055 1532 5096 sacra
1575 5045 1707 5112 post
1746 5043 2036 5098 sancitam

386 5137 610 5192 pacem,
645 5126 812 5196 quasi
844 5127 1207 5183 admissione
1240 5128 1651 5201 consortioque
1698 5130 2035 5185 Latinorum

387 5211 693 5282 profanata
749 5215 1110 5289 pollutaque,
1162 5233 1277 5272 non
1329 5219 1681 5274 verebantur
1731 5218 2036 5284 exsecrari,

387 5302 667 5360 devovere
697 5305 864 5376 diris,
893 5314 950 5365 et
980 5310 1130 5382 (qua:
1161 5312 1330 5366 erant
1357 5307 1714 5379 blasphemas
1771 5309 2036 5382 ipsorum

387 5395 580 5466 voces)
599 5396 934 5469 praecipitiis
955 5416 1020 5456 ac
1041 5399 1238 5456 ﬂuviis
1251 5403 1800 5472 praeruptorumque
1813 5399 2040 5471 tesquis

389 5480 562 5538 inviis
597 5486 891 5542 montium
923 5488 1256 5560 abjicienda
1293 5486 1726 5560 abolendaque,
1759 5491 2038 5558 tanquam

391 5568 622 5627 nullum
648 5572 774 5644 jam
807 5575 1010 5645 priscae
1043 5573 1338 5647 religionis
1377 5574 1556 5633 decus
1600 5575 1917 5643 servantia,
1950 5576 2040 5633 di-

2112 443 2202 498 καὶ
2247 445 2275 498 ὁ
2325 443 2375 496 ἐν
2423 447 2726 519 Φρυγανοῖς
2788 440 3038 503 Ἀκάκιος
3095 439 3180 494 καὶ
3219 441 3246 494 ὁ
3280 443 3500 513 μαθητὴς
3549 444 3674 499 αὖτοῦ

2115 533 2385 608 Γερμανὸς
2444 533 2533 587 καὶ
2592 530 2780 588 λοιποὶ
2836 529 3128 599 πλεῖστοι,
3198 530 3285 584 καὶ
3353 531 3495 602 μέσον
3536 533 3674 587 αὐτῶν

2107 618 2348 692 ἵσταται,
2379 620 2470 675 καὶ
2519 617 2870 684 ’καθικετεόει
2923 617 2983 672 ἐκ
3030 622 3136 672 τῶν
3187 617 3484 693 Ἰχνηλάτου
3533 625 3677 694 Παρα-

2114 704 2502 782 ϐολικῶν,τοΰ
2555 711 2629 782 μή
2691 703 2992 781 προλαϐεῖν
3049 705 3173 768 τοὺς
3227 704 3583 780 ἐπιτιθεμένους
3607 712 3680 783 ἀρ-

2113 799 2379 876 γοόντων,
2447 799 2520 860 ὡς
2575 797 2666 853 καὶ
2725 796 2976 858 πολλοὺς
3039 795 3382 870 μνημονεύειν
3419 838 3433 863 ,
3483 799 3595 851 κατά
3631 800 3678 854 τὸ

2113 889 2426 963 πρόσφορον
2471 889 3025 962 προοιμιασάμενος,
3088 889 3162 959 μὴ
3236 882 3463 957 παριδεῖν
3535 885 3682 941 κινδυ-

2112 989 2368 1034 νεύουσαν
2424 980 2521 1046 τὴν
2577 978 2869 1053 Θρησκείαν
2905 1022 2921 1046 ,
2991 973 3132 1049 μηδὲ
3188 977 3424 1050 σχήματι
3467 970 3685 1039 εὐσεϐείας

2112 1065 2485 1141 προδιδόμενο.
2515 1067 2582 1121 τά
2608 1066 2766 1140 τίμια
2794 1065 2923 1140 παρ’
2970 1061 3122 1118 οὐδὲν
3166 1062 3414 1134 τίθεσθαι,
3444 1060 3554 1116 ἀλλ’
3578 1063 3686 1134 ἀμῦο

2112 1178 2220 1211 νειν
2281 1156 2440 1210 παντί
2491 1156 2682 1230 τρόπῳ
2737 1159 2860 1216 τοῖς
2915 1160 3015 1221 τῆς
3071 1149 3392 1220 Ἐκκλησίας
3448 1151 3541 1224 [Ρ.
3589 1153 3686 1226 318]

2115 1248 2362 1319 θεσμοῖς.
2397 1246 2548 1300 Εἶναι
2598 1245 2699 1320 γάρ
2751 1242 2999 1319 μεγάλην
3051 1242 3226 1312 ἀνίαν,
3275 1242 3338 1310 ἢν
3389 1237 3468 1293 διά
3515 1260 3559 1293 τι
3581 1261 3687 1315 παρ-

2115 1342 2409 1413 εισφρῆσαν
2443 1336 2560 1390 κατ’
2593 1334 2916 1408 οἰκονομίαν
2968 1336 3077 1387 τῶν
3133 1331 3207 1404 μή
3267 1331 3514 1400 συνήθων,
3558 1329 3689 1404 ἀνάτ-

2113 1446 2216 1495 κης
2275 1423 2720 1501 παραπεσούσης,
2777 1422 2932 1478 αὐτοὶ
2987 1429 3088 1491 τῆς
3141 1417 3458 1489 Ἐκκλησίας
3508 1419 3694 1473 ἀποστα-

2113 1519 2327 1576 τοῦντες
2363 1513 2472 1588 οὐχ
2503 1513 2652 1578 ὅπως
2681 1516 2741 1568 τὸ
2807 1513 2882 1586 μὴ
2945 1508 3140 1566 δοκοῦν
3202 1507 3536 1586 φυλάττοιντο
3587 1507 3698 1583 σφίσι

2114 1605 2229 1658 καθ’
2286 1603 2526 1675 αὑτοὺς,
2588 1601 2733 1658 ἀλλά
2800 1602 2888 1657 καὶ
2946 1599 3152 1673 νόμους
3206 1596 3514 1668 Έκκλησίας
3562 1617 3699 1669 παρα-

2043 1729 2090 1794 B
2122 1695 2267 1748 λύειν
2299 1690 2578 1766 τολμῷεν,
2629 1693 2702 1746 ὧν
2729 1697 2848 1754 τοῖς
2905 1689 3262 1763 τολμήμασιν
3291 1688 3343 1742 ’ὲν
3380 1687 3528 1760 μόνον
3576 1688 3700 1739 κακὸν

2124 1781 2141 1794 ι
2198 1783 2208 1794 ι
2395 1783 2407 1794 ι
2505 1783 2518 1794 ι
2828 1780 2874 1794 1.,
3019 1781 3032 1794 ν
3144 1788 3150 1794 .
3263 1783 3284 1794 υ
3364 1778 3421 1794 «Α
3650 1775 3661 1794 Ι

2124 1781 2324 1852 λείπει,
2356 1783 2418 1837 τὸ
2453 1783 2527 1855 μὴ
2564 1780 2952 1858 χριστιανίζειν
3012 1781 3332 1853 ὁμολογεῖν.
3364 1778 3508 1832 Ὢστε
3549 1775 3705 1850 παρόνο

2123 1891 2213 1932 τος
2240 1870 2440 1926 τούτου
2473 1871 2630 1947 ἰσχὺν
2685 1871 2816 1933 τοὺς
2872 1869 3323 1945 ἀναχαιτίσοντας
3375 1862 3511 1942 ἔχειν
3534 1865 3601 1936 τῷ
3626 1865 3705 1919 ἀπὸ

2120 1966 2221 2029 τῆς
2255 1959 2583 2031 Έκκλησίας
2615 1957 2819 2032 δεσμῷ,
2852 1960 2933 2035 ἐφ’
2963 1961 3007 2032 ᾦ
3038 1960 3073 2029 ἢ
3101 1957 3193 2013 καὶ
3222 1953 3370 2012 αὖτοί
3400 1953 3496 2010 δέει
3521 1951 3707 2032 ληφθέν·

2121 2069 2210 2112 τες
2240 2048 2582 2126 ἀπόσχοιντο
2619 2055 2721 2106 τοῦ
2777 2049 2917 2105 κατὰ
2967 2053 3076 2104 τῶν
3141 2045 3291 2102 ῗδίων
3345 2044 3632 2118 σπλάγχνων
3661 2042 3706 2096 τὸ

2127 2285 2275 2326 cere.
2323 2274 2455 2325 Haec
2512 2285 2648 2326 cum
2696 2269 2754 2323 in
2802 2283 3038 2339 gravem
3071 2283 3140 2322 ac
3171 2263 3538 2338 perniciosam
3581 2260 3712 2316 Chri-

2128 2359 2330 2414 stianae
2391 2359 2522 2414 fidei
2583 2357 2835 2429 grassari
2893 2354 3394 2429 perturbationem
3452 2353 3713 2424 imperator

2127 2453 2409 2514 cerneret,
2432 2448 2551 2504 zelo
2584 2465 2684 2520 pro
2715 2446 3064 2520 indignitate
3096 2445 3181 2501 rei
3213 2446 3522 2516 assumpto,
3549 2456 3710 2498 omnes

2129 2540 2200 2594 ad
2233 2555 2294 2594 se
2324 2555 2458 2594 cum
2486 2538 2790 2611 episc0pos
2837 2541 2965 2592 tum
3012 2534 3334 2592 monachos
3389 2535 3647 2597 convocat,
3672 2533 3714 2585 et

2127 2627 2186 2683 in
2219 2627 2313 2683 his
2346 2628 2631 2700 quosdam
2665 2627 2725 2682 in
2757 2631 2920 2700 parte
2950 2623 3456 2681 schismaticorum
3485 2621 3715 2685 illustres,

2129 2717 2268 2772 data
2313 2716 2460 2788 ipsis
2507 2717 2578 2772 ad
2627 2715 2737 2771 hoc
2796 2713 3130 2772 securitate.
3166 2713 3383 2770 Horum
3438 2727 3574 2767 unus
3626 2711 3720 2763 erat

2129 2807 2376 2861 Acacius
2406 2805 2869 2877 Phryganorum,
2901 2803 3049 2860 alter
3092 2803 3225 2874 ejus
3273 2799 3578 2872 discipulus
3615 2797 3720 2852 Ger-

2133 2912 2366 2960 manus,
2401 2911 2654 2966 cumque
2683 2894 2776 2949 his
2809 2892 2909 2949 alii
2940 2908 3181 2964 quoque
3234 2888 3488 2963 plurimi.
3519 2887 3723 2943 Istorum

2132 2985 2192 3040 in
2215 3001 2492 3041 consessu
2526 2988 2871 3040 cunctorum
2905 2982 3140 3039 medius
3167 2980 3478 3052 imperator
3495 2976 3653 3032 oravit
3675 2990 3724 3028 ex

2136 3072 2443 3129 Ichnelataa
2503 3072 2877 3139 Parabolicis,
2918 3071 3091 3141 cujus
3147 3069 3281 3126 libri
3312 3073 3367 3125 et
3396 3065 3500 3124 loci
3543 3065 3607 3122 ad
3645 3062 3725 3118 hoc

2055 3124 2099 3192 c
2134 3124 3325 3236 tempus-opportuni.plerosqu'e'ipsorum
3349 3155 3611 3213 recordari
3629 3170 3728 3208 con-

2128 3252 2365 3316 ﬁdebat,
2398 3269 2471 3307 ne
2513 3251 2708 3324 potius
2743 3249 2987 3305 mallent
3013 3266 3186 3306 ruere
3218 3247 3531 3304 imitatione
3559 3242 3723 3317 praefe-

2129 3339 2479 3396 stinantium
2512 3339 2891 3412 impatienter
2911 3339 2970 3394 in
2993 3338 3274 3410 negotiis,
3299 3353 3470 3410 quam
3501 3333 3726 3389 adhibere

2130 3429 2542 3486 cunctatricem
2577 3430 2964 3486 cessationem
2997 3428 3270 3483 dantium
3303 3425 3547 3498 spatium
3578 3435 3727 3494 perco-

2131 3521 2374 3591 quendse
2397 3519 2723 3576 maturitati
2745 3524 3067 3591 coeptorum
3091 3517 3254 3574 lente
3271 3512 3669 3589 proficientium
3685 3511 3725 3563 in

2132 3626 2444 3666 successus
2467 3625 2648 3666 seros.
2671 3608 2761 3663 Sic
2791 3624 3124 3664 sermonem
3156 3606 3483 3678 ingressus,
3507 3603 3727 3658 obsecra-

2131 3697 2213 3755 vit
2237 3703 2480 3754 cunctos
2510 3697 2610 3770 qui
2639 3697 2900 3765 aderant,
2927 3713 2998 3751 ne
3031 3694 3378 3767 religionem
3425 3688 3732 3763 despicerent

2133 3788 2581 3862 periclitantem,
2615 3805 2756 3844 neve
2785 3785 2956 3843 otiosi
3006 3787 3234 3856 absque
3288 3779 3592 3840 auxiliandi
3620 3789 3728 3831 cura

2132 3880 2325 3936 videre
2345 3877 2722 3945 sustinerent,
2746 3878 2887 3932 dum
2911 3875 3106 3948 specie
3140 3875 3384 3949 pietatis
3412 3867 3735 3929 sanctissima

2133 3986 2380 4042 quaeque
2410 3968 2814 4041 proderentur.
2845 3967 2947 4023 Cui
2994 3966 3155 4023 enim
3211 3969 3369 4022 recte
3415 3979 3545 4034 erga
3582 3955 3736 4014 Eccle-

2133 4059 2281 4117 siam
2317 4059 2519 4114 allecto
2550 4074 2662 4113 non
2696 4072 2928 4129 gravem
2973 4071 3288 4111 mcerorem
3357 4053 3552 4109 all‘erat
3592 4049 3736 4103 certo-

2134 4165 2264 4205 rum
2296 4148 2603 4204 hominum
2635 4144 2943 4202 temeraria
2973 4145 3292 4217 protervis,
3324 4141 3422 4215 qui
3460 4157 3565 4197 non
3596 4137 3739 4192 feren-

2133 4242 2222 4294 tes
2279 4236 2479 4293 induci
2537 4235 2842 4308 quidpiam
2900 4235 2960 4290 in
3018 4250 3193 4290 usum
3256 4236 3463 4306 preter
3516 4225 3735 4289 solitum,

2135 4343 2472 4400 quanquam
2503 4342 2571 4382 ea
2600 4331 2656 4382 et
2685 4341 2929 4381 summa:
2960 4323 3042 4379 rei
3075 4323 3227 4378 nihil
3258 4337 3494 4388 nocens,
3520 4327 3738 4372 necessa-

2138 4416 2242 4472 riis
2273 4416 2671 4472 incidentibus
2700 4415 2896 4470 causis
2919 4430 3020 4486 per
3047 4414 3401 4485 prudentem
3450 4416 3737 4466 accommo-

2062 4485 2108 4549 D
2140 4505 2436 4562 dationem
2470 4505 2619 4560 facta
2650 4485 2946 4560 innovatio
2977 4502 3174 4568 fuerit,
3211 4497 3596 4572 erumpuntin
3625 4493 3742 4546 feros

2144 4598 2362 4664 motus,
2395 4594 2745 4650 rebellantes
2775 4593 2833 4648 in
2867 4591 3226 4658 Ecclesiam;
3275 4593 3333 4645 et
3380 4602 3558 4658 neque
3601 4582 3742 4638 istum

2145 4685 2398 4739 furorem
2433 4683 2582 4739 ferre
2613 4683 2822 4738 saltem
2852 4681 3097 4737 tacitum
3133 4695 3201 4735 ac
3223 4683 3562 4749 conceptum
3587 4671 3745 4727 animo

2145 4774 2291 4829 citra
2329 4773 2635 4828 hominum
2685 4770 3105 4827 conscientiam
3154 4773 3353 4840 tegere
3383 4764 3640 4829 volentes,
3669 4772 3747 4829 pa-

2145 4863 2260 4918 lam
2285 4861 2552 4917 Ecclesias
2574 4861 2732 4932 leges
2755 4860 3061 4932 effringere
3079 4875 3194 4914 non
3219 4857 3512 4919 dubitant,
3540 4859 3747 4943 quorm}!

2147 4951 2403 5008 audacia:
2439 4967 2622 5006 unum
2655 4951 2807 5007 465
2845 4949 3017 5005 modo
3049 4946 3198 5002 illud
3235 4947 3421 5009 deest,
3447 4948 3506 4998 ut
3534 4956 3590 4996 se
3615 4935 3752 4993 Chri-

2148 5041 2370 5097 stianos
2403 5057 2516 5096 non
2548 5055 2678 5096 esse
2709 5040 3020 5095 fateantur.
3070 5037 3235 5102 Quod
3283 5051 3420 5092 cum
3455 5043 3646 5120 negare
3662 5036 3752 5120 nec

2149 5128 2404 5185 audeant
2427 5146 2530 5185 nec
2565 5128 2814 5201 possint,
2836 5127 2950 5183 isto
2980 5125 3110 5198 ipso
3126 5123 3366 5180 vinculo
3398 5117 3753 5212 ecclesiastica

2149 5218 2604 5289 conjunctionis,
2635 5235 2752 5290 quo
2781 5234 2844 5274 se
2873 5215 3059 5272 teneri
3107 5213 3303 5269 adhuc
3335 5208 3657 5283 agnoscunt,
3685 5208 3756 5256 in-

2149 5305 2411 5378 telligere
2459 5307 2743 5364 debemus
2771 5306 2893 5362 vim
2941 5303 3113 5361 nobis
3161 5306 3344 5374 atque
3394 5295 3751 5394 auctoritatem

2149 5397 2400 5454 conferri
2446 5397 2683 5471 plenam
2732 5414 2832 5456 eos
2880 5413 2984 5470 pro
3031 5396 3328 5469 potestate
3385 5379 3755 5479 coercendum

2149 5485 2240 5542 vel
2270 5486 2383 5558 ipsi
2415 5492 2570 5545 metu
2600 5486 2853 5560 repressi
2883 5484 3154 5543 desinant
3200 5481 3266 5538 in
3316 5477 3560 5571 Ριξορῖίεῖ

2153 5572 2416 5632 Ecclesia
2466 5575 2691 5634 viscera
2735 5590 2935 5633 ensem
2969 5571 3128 5630 velut
3171 5568 3489 5644 quemdam
3536 5563 3752 5621 factioso

3885 2667 3890 3006 ί
