4002 6198
292 225 402 279 925

1352 233 1451 285 DE
1486 231 1860 285 MICHAELE
1898 230 2342 288 PALEOLOGO
2377 233 2510 286 LIB.
2552 234 2662 285 VI.‘

3613 236 3721 290 926

296 350 452 428 ξίφος
477 351 657 421 ὠθεῖν,
691 352 728 421 ἢ
763 354 869 425 μὴν
901 351 1208 426 ἂποναρκᾷν
1259 351 1344 422 είή
1397 351 1488 414 οὕς
1541 353 1808 426 μέλλουσι
1837 352 1951 407 πεί·
1982 359 2032 424 Α
2069 358 2239 428 χανᾶν
2270 355 2496 426 ἡρεμεῖς
2552 355 2904 431 ἀφαιρεθέντα
2958 357 3045 410 καὶ
3101 351 3370 432 Τερνόϐου
3417 357 3506 411 καὶ
3534 380 3718 415 συνοι-

301 449 410 501 θειν
443 439 698 512 πράττειν
729 440 942 496 ἀνόσια.
1001 441 1163 498 Ταῦτ’
1216 441 1284 510 ἦν
1337 442 1461 495 τότε
1514 441 1581 495 τὰ
1631 446 1708 514 τῷ
1745 441 1958 516 βασιλεῖ

296 523 756 603 προϐαλλόμενα,
811 531 885 602 μή
947 530 1266 604 ἀνθρώπους
1319 529 1662 602 ἐκκηρύττειν
1720 528 1956 608 ἀσφαλι-

303 615 588 688 ζομὲνους,
630 615 928 691 οὕμενουν,
987 617 1133 674 ἀλλά
1188 619 1378 674 κακίαν
1432 617 1780 674 ἀναστέλλειν
1814 618 1959 693 παρὰ

293 707 361 760 τὸ
393 705 539 768 εἰκὸς
599 702 1022 780 προϐαίνουσαν,
1073 706 1187 762 ἐπεὶ
1247 706 1458 762 πολλοί
1505 730 1565 783 γε
1613 713 1717 762 τῶν
1749 709 1846 776 τὴν
1881 707 1957 762 εἷ-

297 798 475 870 ρήνην
551 795 759 868 ἐκείνην
837 794 1299 872 δυσχεραινόντων
1377 805 1625 873 παρῆσαν
1704 797 1815 853 ἐκεῖ
1865 798 1952 852 καὶ

295 886 841 964 συγκατεψηφίζοντο
879 889 977 956 τὴν
1024 888 1258 963 κατάραν
1307 894 1426 950 τοῖς
1471 889 1539 943 τὰ
1585 887 1741 954 τίμια
1792 899 1955 952 καθυ-

294 972 568 1050 ϐρίζουσι.
612 977 929 1052 Μαρτύριον
978 982 1086 1033 τῶν
1135 977 1444 1052 λεγομένων
1494 978 1555 1032 τὸ
1605 976 1834 1033 πολλῶν
1865 978 1953 1033 καὶ

294 1065 552 1139 μεγάλων
603 1062 774 1121 ὄντων
829 1067 918 1121 καὶ
979 1066 1453 1143 συμπληρούντων
1514 1065 1627 1122 ἐκεῖ
1682 1065 1950 1141 σύλλογον

295 1152 510 1228 μηδένα
565 1152 834 1225 διστάσαι,
901 1158 977 1230 μὴ
1036 1157 1330 1229 ἀντειπεῖν,
1395 1159 1470 1230 μὴ
1531 1158 1952 1232 ἀποσκιρτῆσαι,

303 1247 450 1316 μήτε
518 1246 621 1318 μὴν
695 1244 1025 1317 ἐνδείξασθαί
1098 1269 1220 1302 τινα
1297 1247 1470 1322 ῥοπὴν
1547 1243 1950 1321 ὑπολογισμοῦ.

313 1336 502 1408 Εχρῆν
551 1332 608 1388 δὲ
653 1337 897 1407 πάντως,
951 1335 997 1390 εἰ
1057 1335 1230 1399 οὕτως
1279 1334 1472 1407 ἀνέδην
1534 1337 1842 1411 Λρκστιανοὶ
1872 1334 1954 1390 ἐκ·

288 1424 676 1497 κηρύττοιντο.
723 1423 880 1480 Ἀλλ’
921 1426 988 1494 ἦν
1040 1430 1162 1487 ταῖς
1212 1424 1496 1494 ἀληθείαις
1535 1421 1841 1501 πρόϐλημα
1872 1424 1953 1479 εὖ-

291 1505 521 1574 λαϐείας
551 1513 614 1567 τὸ
642 1514 888 1590 πραχθὲν
943 1513 1116 1568 ἐκεῖνο
1161 1518 1258 1568 τοῦ
1311 1514 1386 1586 μὴ
1435 1514 1605 1568 πάντα
1634 1511 1948 1586 τολμᾶσθαι

291 1600 354 1654 ἐκ
405 1605 509 1655 τοῦ
564 1603 800 1677 πρώτως
857 1603 1230 1678 παραστάντος
1285 1603 1446 1671 τισὶν,
1501 1602 1646 1658 ἀλλὰ
1704 1601 1794 1656 καί
1848 1604 1947 1669 τὴν

2065 441 2294 513 κούσης,
2330 441 2461 498 λαὸν
2505 445 2858 520 συναθροίσας
2906 446 2996 499 τὸν
3052 446 3236 500 ἱκανὸν
3286 451 3406 507 τοῖς
3454 444 3715 520 Τερνοϐία

2064 553 2181 593 ταις
2212 533 2593 606 περιεκάθητο.
2631 533 2732 588 Καὶ
2791 532 2870 588 ἔτι
2927 534 3021 606 μὲν
3078 538 3174 588 τοῦ
3234 535 3392 590 Ἀσαν
3442 534 3592 598 ἐντὸς
3624 534 3712 592 ὅν-

2063 642 2177 685 τος,
2211 619 2352 695 ἔχων
2406 623 2520 693 μεθ’
2573 620 2762 676 ἐαυτοῦ
2809 622 3179 694 Τζασίμπαξιν
3229 623 3709 699 πρωτοστράτορα,

2066 707 2122 762 ὃν
2169 709 2254 762 καὶ
2317 707 2573 784 βασιλεὺς
2632 709 2791 782 ἐτίμα
2845 715 2923 782 τῷ
2980 710 3126 783 αὐτῷ
3173 711 3398 789 ὀφφικίφ
3432 712 3592 767 Ἀσὰν
3627 713 3712 766 εὖ-

2064 803 2294 853 νοοῦντα
2349 799 2410 852 τὸ
2461 799 2749 874 πρότερον,
2792 801 2888 861 τὰς
2944 804 3051 854 τῶν
3113 799 3395 873 Ῥωμαίων
3456 799 3710 873 δυνάμεις

2063 884 2192 961 ἕδρα
2244 890 2311 942 τά
2363 888 2632 962 χείριστα.
2688 888 2792 943 Καὶ
2851 889 2954 963 γὰρ
3013 893 3228 964 πρῶτον
3291 890 3385 961 μὲν
3428 891 3548 965 περὶ
3585 887 3712 944 δέκα

2063 974 2320 1050 χιλιάδας
2356 974 2516 1039 οὔσας
2562 977 2650 1031 καὶ
2702 977 3103 1052 συμμαχούσας
3155 976 3343 1048 ἔξωθεν
3390 984 3507 1040 τοῖς
3539 977 3710 1052 ἐντὸς,

2063 1066 2124 1126 ἅς
2181 1066 2208 1119 ὁ
2260 1061 2798 1141 πρωτοϐεστιαρίτης
2857 1069 3131 1141 Μουρῖνος
3181 1068 3306 1142 ἦγεν
3355 1066 3441 1121 ἐπὶ
3470 1072 3551 1139 τῷ
3583 1075 3707 1122 Δια-

2061 1149 2220 1224 ϐαινᾷ
2294 1151 2910 1228 στρατοπεδευσάμενος,
2983 1161 3236 1231 Λαχανᾶς
3309 1154 3545 1218 πολλοῖς
3609 1157 3703 1229 μὲν

2061 1244 2177 1316 μετ’
2232 1241 2431 1316 ὀλίγων
2494 1239 2857 1318 προσϐάλλει,
2917 1244 3009 1298 καὶ
3063 1241 3487 1318 ἑπτακαιδεκάτῃ
3534 1246 3703 1316 μηνὸς

2058 1333 2524 1406 Ἀνθεστηριῶνος
2583 1332 2844 1409 συρῥάξας
2900 1331 3149 1406 πόλεμον
3201 1332 3348 1410 σφίσι
3410 1333 3546 1387 κατὰ
3575 1337 3711 1407 κράο

2057 1442 2154 1482 τος
2183 1426 2324 1491 νικᾷ,
2358 1421 2447 1475 καὶ
2502 1421 2673 1477 πολὺν
2734 1423 2896 1500 φόνον
2959 1421 3262 1497 ἐργάζεται,
3313 1421 3405 1484 οὕς
3452 1424 3544 1494 μὲν
3577 1421 3714 1476 κατᾶ

2057 1508 2330 1582 πόλεμον,
2363 1509 2455 1573 οὕς
2486 1507 2542 1564 δὲ
2589 1510 2678 1564 καὶ
2736 1512 2895 1572 αὐτὸς
2951 1511 3267 1585 κατασχὼν,
3299 1510 3525 1580 ἀπηνῶς
3557 1509 3710 1565 ὕστε-

2061 1621 2150 1674 ρον
2194 1601 2554 1676 κατασφάξας.
2595 1598 2760 1663 Αὖθις
2813 1598 2870 1654 δὲ
2927 1602 3041 1673 μετ’
3103 1600 3291 1675 ὀλίγον
3336 1597 3707 1662 Ηοσειδεῶνος

286 1691 531 1764 κατάραν
566 1690 643 1747 εἲς
677 1691 1052 1768 ὑπολογισμὸν
1099 1693 1232 1747 εἶναι
1263 1693 1493 1753 ’πάντως
1547 1697 1665 1754 τοῖς
1703 1686 1948 1752 εὐλαϐῶς
1978 1723 2024 1788 Β
2058 1684 2506 1760 πεντεκαιδεκάτῃ
2561 1692 2680 1748 τοῖς
2737 1686 2878 1762 ἀμφὶ
2937 1688 3029 1741 τὸν
3089 1689 3366 1760 ’Λπρηνὸν
3425 1683 3706 1760 πρωτοϐε-

290 1784 541 1852 μετιοῦσι
562 1780 629 1836 τὰ
658 1780 836 1854 τίμια.
871 1780 1049 1837 Ἀλλά
1076 1786 1245 1836 ταῦτα
1281 1782 1375 1855 μὲν
1409 1781 1460 1843 ἐς
1491 1784 1772 1836 τοσοῦτον.

287 1948 377 2007 ιθ’.
439 1942 609 2000 Ηάλιν
667 1945 735 1999 τά
790 1943 925 2000 κατά
980 1945 1072 1999 τὸν
1127 1949 1400 2019 Λαχανᾶν,
1455 1943 1546 1999 καὶ
1608 1941 1757 2004 ὅπως
1803 1941 1949 2019 παρὰ

778 2021 876 2071 τοῦ
926 2022 1072 2091 Νογᾶ
1103 2009 1450 2093 πεφδνευται.

356 2142 444 2214 [Ρ.
471 2141 598 2213 319]
629 2142 743 2198 Τοῖ’)
791 2139 840 2196 δ’
887 2141 1052 2197 αὐτοῦ
1101 2138 1274 2212 ἔτους,
1321 2140 1435 2196 ἐπεὶ
1489 2139 1590 2195 οὐκ
1617 2139 1684 2208 ἦν
1714 2140 1804 2194 τὸν
1839 2144 1946 2194 Λα-

281 2358 597 2416 scissionis
627 2360 896 2433 adigere;
947 2363 1051 2415 aut
1081 2359 1131 2416 si
1166 2359 1342 2415 fuerit
1371 2359 1634 2431 ipsorum
1668 2357 1940 2414 immedi-

283 2447 498 2504 cabilis
531 2449 714 2519 furor,
744 2448 952 2505 saltem
983 2449 1082 2505 alli
1143 2450 1514 2505 retardentur
1547 2466 1580 2504 a
1611 2447 1805 2520 pravis
1836 2446 1941 2501 ho-

284 2556 426 2594 rum
459 2539 838 2596 suasionibus
870 2540 1186 2611 sequendis
1213 2543 1271 2595 et
1301 2539 1590 2594 imitanda
1615 2536 1942 2593 temeritate

281 2645 576 2684 ausorum
609 2629 949 2700 impiorum.
970 2629 1132 2685 Talis
1161 2630 1426 2699 quaedam
1452 2631 1593 2683 tunc
1625 2626 1733 2682 fuit
1762 2627 1945 2697 impe-

277 2718 504 2774 ratoris
553 2718 760 2786 oratio,
815 2719 1020 2775 fucans
1100 2719 1568 2790 inumbransque
1625 2715 1941 2772 artiﬁcioso

279 2808 532 2864 obtentu
566 2824 770 2863 verum
803 2812 1024 2864 statum
1055 2808 1483 2873 controversiae,
1540 2822 1646 2862 nec
1694 2807 1764 2861 de
1813 2805 1940 2876 ipso

276 2895 562 2968 dogmate
595 2897 982 2966 prascribens
1012 2897 1362 2969 quidquam,
1386 2897 1484 2952 sed
1520 2896 1577 2951 in
1609 2911 1819 2968 genere
1841 2895 1942 2950 da-

277 2986 481 3041 mnari
513 2985 782 3042 homines
805 2990 908 3042 aut
960 3003 1065 3059 pro
1116 2985 1644 3042 excommunicatis
1693 3002 1726 3040 a
1786 2999 1940 3055 quo-

276 3091 466 3146 quam
499 3075 771 3146 privatim
805 3075 1006 3130 haberi
1037 3079 1274 3145 vetans;
1296 3092 1412 3145 quo
1443 3090 1560 3130 non
1597 3073 1941 3130 excludeba-

275 3168 387 3219 tur
435 3164 613 3219 tacita
656 3165 916 3236 exceptio
975 3163 1400 3220 subintellectaa
1449 3163 1829 3229 conditionis,
1890 3162 1939 3217 si

277 3268 500 3325 nempe
530 3252 612 3307 illi
644 3253 964 3309 orthodoxe
986 3253 1297 3322 sentirent;
1326 3254 1480 3310 unde
1511 3253 1627 3309 ista
1654 3251 1942 3324 generalis

282 3340 655 3412 praescriptio
678 3341 1066 3412 reprimendae
1100 3341 1159 3395 in
1191 3359 1336 3397 ausa
1396 3342 1615 3397 nefaria
1671 3358 1941 3413 prorum-

283 3431 488 3502 pentis
517 3429 767 3486 licentia!
785 3436 960 3502 caput
979 3431 1178 3504 ipsum
1202 3432 1340 3487 mali
1363 3447 1674 3504 veramque
1703 3448 1940 3487 causam

284 3519 662 3576 tumultuum
695 3537 810 3576 non
837 3521 1136 3592 tangebat.
1185 3525 1615 3594 Argumentum
1649 3521 1829 3591 hujus
1860 3521 1943 3577 rei

285 3609 675 3666 manifestum
700 3612 809 3679 est,
829 3610 985 3681 quod
1009 3625 1141 3665 cum
1179 3608 1237 3664 in
1268 3625 1333 3664 eo
1365 3613 1514 3665 coetu
1545 3608 1715 3664 multi
1746 3613 1944 3665 essent

284 3701 388 3769 qui
424 3713 575 3766 aegre
599 3699 814 3754 ferrent
860 3699 1143 3755 sancitum
1190 3716 1391 3769 pacem
1441 3715 1688 3770 eamque
1719 3699 1942 3770 impro-

283 3789 521 3857 harent,
581 3804 754 3845 nemo
803 3792 1000 3844 tamen
1049 3805 1255 3844 eorum
1317 3792 1608 3844 recusavit
1663 3788 1941 3860 sulfragio

281 3875 675 3946 comprobare
702 3875 934 3948 proprio
978 3876 1152 3932 istam
1211 3875 1604 3932 universalem
1649 3876 1940 3932 definitio-

280 3981 446 4035 nem,
481 3981 600 4036 qua
624 3966 768 4022 diris
799 3965 858 4021 in
891 3981 1102 4038 genere
1133 3967 1555 4022 devoverentur
1583 3966 1681 4037 qui
1741 3970 1942 4022 sancta

279 4053 509 4110 violare
538 4054 961 4112 contumeliose
1002 4059 1336 4126 attentaret,
1392 4072 1508 4111 non
1561 4055 1939 4127 exprimendo

280 4143 630 4199 distinctius
661 4143 902 4214 quinam
934 4143 1018 4199 illi
1049 4145 1289 4200 tandem
1340 4145 1546 4200 forent.
1590 4143 1821 4214 Nullus,
1851 4145 1940 4198 in-

281 4248 495 4304 quam,
521 4231 715 4303 palam
751 4233 1114 4289 infensorum
1149 4233 1299 4305 paci,
1346 4233 1550 4304 quales
1599 4238 1657 4289 et
1702 4233 1939 4305 plurimi

279 4323 340 4375 et
365 4335 594 4392 magnas
625 4319 985 4377 auctoritatis
1017 4337 1083 4376 ac
1125 4321 1396 4392 potentiae
1452 4322 1563 4376 viri
1626 4325 1939 4392 praesentes

278 4407 400 4464 isto
431 4407 493 4462 in
523 4413 810 4465 conventu
842 4409 1252 4478 cernebantur,
1274 4411 1343 4465 ad
1378 4411 1508 4479 ejus
1540 4409 1940 4466 damnationis

2057 1775 2336 1850 στιαρίτην
2398 1775 2730 1830 ἐπεισπεσὼν
2804 1776 2939 1830 κατά
3007 1776 3095 1829 τὸν
3175 1774 3274 1848 ἔξω
3344 1777 3524 1850 ζυγὸν,
3576 1777 3702 1830 ὡσεὶ

2057 1866 2214 1920 πέντε
2245 1863 2504 1940 χιλιάδας
2556 1865 2817 1939 μαχίμων
2872 1863 3090 1941 ἃγοντα,
3143 1865 3269 1929 τοὺς
3319 1865 3412 1937 μὲν
3444 1864 3520 1928 εἷς
3547 1863 3706 1926 τέΛος

2057 1954 2494 2028 κατηγωνίσατο,
2544 1957 2635 2009 τὸν
2689 1952 2733 2008 δ’
2781 1951 2938 2030 ἔργον
2990 1952 3218 2009 δεικνύει
3274 1952 3570 2029 μαχαίρας.
3607 1952 3703 2008 Καὶ

2052 2044 2246 2100 πολλὰ
2298 2045 2420 2100 τὸτε
2477 2043 2846 2120 λυσσομαχῶν
2904 2045 3303 2120 κατειργάζετο.
3361 2046 3612 2118 Ὕστερον
3649 2040 3706 2094 δὲ

2056 2131 2526 2210 ἀποχωρήσαντος
2572 2138 2668 2188 τοῦ
2721 2133 2902 2207 Ἀσάν,
2951 2138 3046 2189 τοῦ
3095 2136 3331 2210 Τερτερῆ
3381 2129 3438 2187 δὲ
3466 2133 3566 2200 τὴν
3605 2132 3705 2206 βα-

2054 2358 2110 2410 et
2132 2355 2334 2427 jurgia
2364 2356 2832 2412 miscerent.Hos
2863 2359 3061 2412 autem
3093 2357 3152 2411 in
3211 2355 3444 2413 silentio
3492 2373 3559 2412 ac
3602 2373 3702 2428 pa-

2057 2443 2264 2500 tientia
2293 2445 2585 2500 continuit
2614 2444 2713 2500 illa
2737 2445 3006 2501 videlicet
3036 2449 3258 2502 secreta
3315 2446 3551 2514 ﬁducia,
3585 2462 3702 2516 qua

2053 2538 2142 2590 est
2170 2550 2369 2590 eorum
2404 2535 2516 2591 sibi
2549 2535 2800 2607 quisque
2831 2537 3003 2593 tacite
3055 2537 3378 2606 blanditus,
3413 2536 3557 2592 diris
3587 2536 3701 2592 ista

2053 2624 2350 2680 sanctione
2380 2625 2703 2697 generatim
2732 2625 2967 2682 intortis
3000 2625 3228 2681 nullum
3256 2625 3520 2682 devoveri
3544 2626 3699 2681 466

2052 2713 2153 2784 qui
2195 2719 2348 2770 recte
2408 2714 2654 2770 sentiret
2709 2720 2764 2771 et
2822 2720 3026 2771 sancta
3084 2715 3355 2789 religiose
3401 2719 3698 2782 tractaret,

2053 2803 2256 2874 quales
2287 2820 2418 2859 cum
2472 2820 2534 2860 se
2592 2809 2867 2875 putarent
2907 2821 3056 2873 esse,
3109 2805 3256 2860 nihil
3313 2805 3408 2860 hic
3466 2804 3700 2859 decerni

2053 2893 2208 2966 quod
2239 2893 2384 2965 ipsis
2412 2894 2686 2964 privatim
2720 2894 2953 2950 obesset
2984 2911 3086 2966 pro
3136 2899 3290 2950 certo
3349 2898 3699 2957 statuentes,

2053 2999 2256 3038 secure
2285 2982 2759 3054 acquiescebant.
2793 2983 2904 3038 Sed
2937 2985 3004 3038 de
3036 2983 3128 3038 his
3160 2982 3467 3038 hactenus.

1972 3107 2015 3174 α
2053 3142 2138 3196 49.
2174 3147 2381 3199 Rursus
2408 3144 2472 3200 de
2495 3143 2772 3211 Lachana,
2810 3153 2865 3198 et
2891 3147 2951 3198 ut
3002 3145 3050 3200 is
3101 3161 3134 3199 ιι
3183 3145 3331 3213 Nega
3383 3142 3700 3214 interfectus

2777 3215 2974 3285 fuerit.

2125 3340 2338 3396 Eodem
2371 3357 2544 3412 porro
2577 3357 2731 3396 anno
2764 3340 3082 3411 Lachanas,
3113 3356 3286 3411 quem
3336 3341 3695 3411 sperandum

2051 3449 2166 3488 non
2200 3436 2324 3488 erat
2352 3437 2547 3504 erepta
2565 3431 2679 3504 ipsi
2714 3433 2855 3488 urbe
2901 3431 3059 3502 regia
3106 3433 3370 3487 Ternobo
3410 3435 3469 3487 et
3521 3447 3698 3486 uxore

2051 3523 2254 3592 regina
2283 3520 2640 3591 quieturum,
2673 3525 2969 3577 contracto
2997 3521 3144 3577 satis
3176 3536 3390 3592 magno
3441 3520 3695 3575 exercitu

2049 3610 2391 3666 Ternobitas
2422 3610 2821 3680 circumsedit,
2868 3627 3001 3666 cum
3036 3611 3106 3666 iis
3140 3611 3330 3665 adhuc
3363 3610 3516 3664 intra
3564 3623 3693 3664 eam

2054 3699 2256 3754 urbem
2300 3699 2551 3755 haerente
2581 3701 2790 3766 Asane,
2842 3699 2969 3770 ipse
3021 3700 3245 3755 habens
3294 3715 3493 3755 secum
3551 3698 3696 3752 Tza-

2051 3787 2362 3858 simpaxim
2396 3789 2839 3859 protostratoris
2876 3789 3068 3845 officio
3136 3788 3250 3842 sibi
3319 3787 3689 3854 servientem,

2051 3892 2226 3947 quem
2277 3876 2442 3947 prius
2501 3877 2840 3948 imperator,
2884 3882 3025 3933 tunc
3081 3877 3260 3932 Asani
3320 3874 3690 3940 benevolum,

2051 3964 2223 4021 titulo
2279 3965 2460 4022 simili
2518 3966 2924 4022 honoraverat.
2984 3973 3091 4021 Per
3139 3981 3264 4021 eam
3324 3964 3689 4020 obsidionem

2051 4055 2241 4126 magis
2272 4073 2304 4110 a
2336 4054 2602 4111 Lachana
2651 4055 2920 4111 cladibus
2979 4055 3162 4110 attriti
3222 4053 3466 4110 Romani
3527 4057 3688 4109 sunt.

2050 4145 2314 4199 Primum
2346 4144 2504 4200 enim
2535 4143 2764 4200 circiter
2787 4145 2987 4200 decem
3021 4143 3185 4200 milia
3208 4149 3544 4199 nostrorum
3588 4141 3693 4196 mi-

2050 4232 2220 4288 litum
2252 4233 2310 4288 in
2335 4233 2713 4289 obsessorum
2738 4232 3020 4290 auxilium
3053 4233 3342 4290 venientia
3380 4232 3528 4287 duce
3559 4247 3693 4301 pro-

2048 4322 2407 4378 tovestiarite
2445 4322 2696 4391 Murino,
2730 4340 2864 4378 cum
2914 4322 3039 4378 loco
3097 4321 3369 4377 Diabaena
3419 4320 3572 4376 dicto
3631 4335 3693 4374 se

2049 4409 2466 4479 admovissent,
2510 4411 2608 4466 ubi
2667 4415 2862 4468 castra
2917 4411 3216 4467 Lachanas
3274 4409 3527 4464 habebat
3582 4408 3691 4464 hoc

278 4497 744 4569 propositionem
775 4497 1008 4554 resiluit
1036 4477 1360 4567 restititve;
1396 4477 1468 4555 ne
1497 4499 1786 4556 dubitavit
1807 4500 1936 4570 qui-
1967 4477 2014 4541 Ῑ)
2046 4516 2178 4555 cum
2210 4500 2413 4571 paucis
2444 4477 2787 4572 erumpente
2818 4501 2910 4556 die
2943 4501 3193 4572 septima
3213 4499 3440 4556 decima
3470 4498 3692 4554 mensis

277 4587 420 4642 dem
486 4586 575 4643 vel
630 4587 961 4654 minimum,
1045 4593 1145 4643 aut
1198 4587 1382 4643 ullum
1435 4588 1791 4645 reclamandi
1848 4588 1937 4644 vel

278 4676 592 4748 quidpiam
618 4676 674 4731 in
729 4678 1088 4734 contrarium
1141 4677 1467 4750 excipiendi
1526 4679 1614 4733 vel
1675 4679 1934 4750 primum

277 4767 572 4836 impetum
593 4766 1355 4838 signiﬁcavitﬂbstitissent
1385 4772 1579 4823 autem
1602 4768 1728 4822 sine
1758 4769 1935 4822 dubio

276 4855 496 4911 acriter
522 4855 1016 4928 vehementerque
1047 4858 1488 4923 reclamassent,
1521 4857 1572 4913 si
1603 4857 1775 4912 istam
1811 4857 1936 4912 uni-

273 4943 498 4999 versim
531 4944 748 4999 editam
786 4945 1151 5002 Christianos
1187 4962 1568 5018 quoscunque
1613 4947 1935 5002 damnandi

273 5038 337 5089 et
369 5037 651 5102 tanquam
679 5035 841 5105 pravi
871 5051 1000 5090 reos
1033 5035 1325 5107 dogmatis
1376 5036 1679 5091 aversandi
1740 5035 1934 5108 prohi-

272 5119 567 5176 bitionem
600 5122 658 5176 in
691 5138 753 5178 se
783 5123 1036 5194 quisque
1067 5123 1231 5195 ipsos
1279 5123 1678 5196 intelligerent
1725 5123 1928 5180 latam.

272 5209 432 5280 Ergo
463 5225 661 5266 revera
699 5212 974 5267 obtenlus
1002 5211 1096 5267 hic
1130 5229 1325 5267 merus
1365 5213 1475 5268 fuit
1501 5220 1558 5269 et
1590 5214 1933 5284 superficia-

275 5299 371 5355 ria
399 5298 676 5370 provisio,
711 5317 812 5371 pro
841 5305 1125 5374 tempore,
1167 5307 1454 5372 quantum
1515 5319 1664 5374 opus
1706 5306 1830 5358 erat
1859 5304 1931 5358 ad

270 5388 559 5459 speciem,
593 5390 958 5447 retardatura
989 5391 1327 5448 lervidiores
1357 5408 1722 5463 quosque,ne
1754 5391 1930 5463 quid-

268 5477 364 5533 vis
395 5475 673 5535 licentius
717 5480 1002 5536 auderent
1025 5485 1083 5536 et
1113 5481 1184 5537 ad
1217 5481 1475 5551 primum
1507 5481 1788 5553 prolatam
1819 5480 1929 5536 im-

267 5567 536 5639 probata
568 5566 714 5638 ipsis
744 5569 828 5627 rei
851 5568 1205 5626 mentionem
1218 5567 1438 5627 eﬂ‘erati
1473 5569 1932 5629 vociferarentur

2046 4588 2184 4644 Julii
2216 4589 2328 4644 fusi
2361 4589 2611 4660 victique
2640 4594 2944 4656 sunt,cum
2978 4595 3171 4662 strage
3220 4589 3440 4661 ingenti
3475 4588 3689 4660 partim

2048 4679 2244 4750 praelia
2276 4695 2579 4746 caesorum,
2615 4680 2828 4751 partim
2859 4684 3161 4752 captorum
3221 4696 3253 4733 a
3315 4679 3578 4734 Lachana
3636 4682 3692 4734 et

2047 4769 2118 4822 ab
2150 4769 2354 4823 eodem
2385 4768 2698 4823 crudeliter
2741 4773 2940 4840 postea
2973 4769 3431 4824 interfectorum.
3469 4767 3693 4823 Rursus

2047 4856 2220 4927 paulo
2240 4862 2391 4927 post,
2426 4859 2518 4912 die
2549 4857 2984 4928 quintadecima
3016 4859 3237 4914 mensis
3257 4858 3690 4928 Augusti,idem

2046 4945 2350 5001 Lachanas
2381 4945 2534 5001 circa
2557 4947 2771 5018 jugum
2805 4947 3059 5003 exterius
3092 4948 3150 5002 in
3210 4948 3504 5018 Aprenum
3557 4962 3690 5017 pro-

2043 5035 2440 5091 tovestiariten
2473 5035 2720 5106 irruens,
2755 5038 3016 5110 quinque
3065 5036 3294 5092 circiter
3342 5035 3688 5091 bellatorum

2045 5125 2284 5180 fortium
2317 5124 2506 5181 millia
2535 5127 2898 5195 ductantem,
2935 5127 3042 5182 hos
3081 5125 3320 5198 quidem
3381 5125 3551 5197 plane
3591 5124 3691 5178 de-

2042 5213 2474 5280 bellavit,illum
2504 5215 2698 5286 gladio
2723 5217 2994 5272 confecit.
3017 5215 3248 5271 Similia
3281 5215 3435 5270 idem
3493 5227 3687 5269 exem-

2043 5303 2140 5376 pla
2172 5306 2359 5359 multa
2387 5308 2527 5360 tunc
2558 5305 2742 5360 edidit
2770 5305 2986 5362 rabiosi
3011 5304 3237 5360 ardoris
3261 5303 3318 5358 in
3351 5301 3685 5374 pugnando.

2039 5393 2353 5464 Aliquanto
2384 5398 2516 5464 post
2547 5393 2688 5465 haac,
2722 5411 2956 5467 egresso
2979 5394 3106 5465 jam
3130 5397 3322 5447 Asane
3343 5388 3605 5446 Ternobo
3631 5392 3691 5442 et

2041 5481 2425 5539 Tertereillic
2472 5487 2768 5555 regnante,
2829 5485 3083 5540 decrevit
3137 5479 3436 5536 Lachanas
3475 5478 3679 5533 confu-

2039 5587 2173 5646 gere
2193 5571 2267 5628 ad
2298 5570 2520 5643 Nogam
2553 5578 2612 5630 et
2659 5572 2790 5644 eius
2835 5588 3003 5644 opem
3049 5568 3383 5640 implorare.
3435 5565 3684 5634 Aliunde
