4002 6198
450 254 552 344 927

1753 279 2056 338 GEORGII
2093 283 2557 337 PACHYMERJE
3664 290 3747 346 923

452 412 656 467 σιλείαν
714 403 1000 471 Λαϐόντος,
1056 401 1194 478 ἔγνω
1250 409 1405 479 Νογᾷ
1461 411 1829 480 προσχωρεῖν,
1886 407 1974 459 καὶ
2013 407 2090 458 ὀἱ
2121 411 2173 475 Α
2206 403 2374 477 μηδὲν
2403 407 2654 480 πράττειν
2701 401 2944 478 μέλλων,
2995 407 3278 479 κατασχεῖν
3327 406 3410 459 τὸν
3460 413 3668 483 Λαχανᾰν
3692 416 3748 477 ὡς

1440 491 1481 510 λὶ

453 500 673 572 ἀμύνειν
723 493 1073 550 καθικετεόει.
1133 492 1209 550 Οὖ
1273 496 1381 564 μὴν
1436 492 1492 547 δὲ
1547 495 1636 546 καὶ
1695 492 1949 568 βασιλεύς
1987 493 2099 549 ἐτε-

452 599 621 660 ρωθεν
662 581 984 655 κατημέλει,
1047 581 1193 636 ἀλλά
1248 584 1335 637 καὶ
1395 582 1552 644 αὐτὸς
1604 585 1738 657 πρὸς
1797 585 1974 658 Νογᾶν
2004 585 2096 638 τὸν

450 675 606 730 Ἀσάν
665 672 868 745 πέμπει
931 672 1143 744 σόναμα
1195 673 1284 727 καὶ
1345 670 1544 747 δώροις
1600 670 1901 740 πλείστοις,
1935 674 2094 744 ἀξιῶν

453 764 527 834 μή
563 759 808 834 παριδεῖν
840 762 932 816 τὸν
967 761 1025 816 ἐκ
1052 760 1235 835 γὲνους
1265 760 1592 836 Βουλγάρων
1640 762 1900 834 ἄρχοντα,
1953 759 2099 816 ἀλλά

449 849 889 924 προσεπαμόνειν
941 847 1162 926 ἀδελφῷ
1222 845 1332 904 ὄντι
1394 849 1484 904 καὶ
1538 853 1644 903 τῶν
1674 850 1793 912 καθ’
1823 849 1982 902 αὑτὸν
2017 846 2096 901 δι-

449 939 616 992 καίων
675 940 963 1012 χρῄζοντι.
1022 940 1083 995 Ὀ
1143 940 1325 1010 μεντοι
1385 959 1447 1012 γε
1494 941 1671 1014 Νογᾶς
1732 936 1950 1012 δέχεται
2003 938 2095 1009 μὲν

447 1027 534 1082 καὶ
572 1034 822 1102 Λαχανᾶν
871 1027 1099 1090 ἐλθόντα
1138 1027 1425 1101 πρότερον,
1479 1025 1694 1103 δέχεται
1729 1025 1784 1081 δὲ
1815 1027 1903 1081 καὶ
1939 1027 2095 1083 Ἀσαν

449 1119 711 1189 εὐμενῶς.
747 1117 898 1186 Πλὴν
933 1115 1082 1192 δῶρα
1125 1119 1216 1189 μὲν
1271 1115 1423 1171 δέκτο
1476 1119 1563 1172 καὶ
1620 1117 1966 1195 ἀμφοτέρων,
1997 1117 2098 1170 πό-

449 1228 535 1259 νον
581 1205 625 1259 δ’
667 1205 972 1280 ἀμέγαρτον
1028 1203 1250 1279 ὄφελλε.
1300 1205 1558 1280 Κατέχων
1602 1207 1704 1280 γὰρ
1746 1206 1978 1266 ἐκείνους
2011 1205 2097 1258 ἐπὶ

448 1294 616 1360 πολὺ,
648 1295 736 1348 καὶ
769 1316 831 1368 γε
858 1296 1166 1371 περιφέρων
1217 1296 1331 1366 μεθ’
1380 1293 1570 1348 ἑαυτοῦ
1619 1297 1671 1363 (ἡ
1711 1295 1810 1370 γὰρ
1842 1290 2100 1368 πρεσϐεία

455 1382 548 1455 μία
604 1384 670 1451 ἦν
732 1383 1062 1459 ἀμφοτέροις
1118 1384 1252 1437 κατὰ
1309 1389 1404 1436 τοῦ
1463 1387 1727 1458 Τερτερῆ,
1763 1383 1807 1437 εί
1859 1385 1945 1437 καὶ
1981 1384 2099 1445 καθ’

450 1471 673 1532 ἑαυτοὺς
731 1468 1118 1548 ἡμφισϐήτουν
1166 1473 1306 1543 πρὸσ
1372 1469 1656 1540 ἀλλήλους
1707 1474 1790 1542 [Ρ.
1826 1475 1949 1541 32οξ
1998 1479 2097 1540 τῆς

454 1559 733 1635 βασιλείας
792 1562 879 1614 καὶ
945 1559 1201 1615 πλεῖστον
1277 1559 1400 1614 ὅσον
1479 1559 1880 1634 διενηνεγμὲνοι
1939 1561 2098 1630 ἦσαν)

448 1647 601 1704 οὐδὲν
663 1649 861 1711 ἐκεῖνος
923 1649 1112 1716 ἐποίει,
1174 1649 1298 1704 ἀλλ’
1359 1646 1536 1715 ἔτριϐε
1581 1653 1804 1726 χρόνον,
1839 1652 1970 1704 ποτε
2003 1650 2098 1722 μὶν

445 1739 646 1809 τούτῳ,
701 1740 834 1793 ποτε
893 1736 948 1793 δὲ
1004 1739 1212 1813 θατέρῳ
1268 1739 1873 1815 προσυπισχνοόμενος,
1908 1737 2095 1793 Ἐδοό-
2131 1725 2270 1845 Bx,-

448 1827 468 1845 ‘
645 1826 688 1845 ᾗ,
738 1827 751 1844 Ἰ
823 1833 845 1843 ν
1053 1829 1067 1845 \
1130 1826 1153 1844 ’θ
1455 1835 1476 1844 ε-
1565 1829 1576 1844 σ
1695 1835 1718 1844 ἰι
1802 1828 1895 1845 νιὶνῖ

448 1827 604 1882 λευον
642 1826 688 1881 δ’
735 1827 928 1882 ἐκεῖνοι
979 1829 1068 1882 καὶ
1120 1826 1338 1890 ἄκοντες
1386 1835 1504 1892 ταῖς
1553 1829 1768 1904 ῥοπαῖς.
1802 1828 1970 1890 Τέλος
2005 1851 2098 1883 κα-

448 1916 578 1984 θίζει
612 1916 938 1988 συμπόσιον,
985 1917 1074 1971 καὶ
1126 1919 1152 1971 ὁ
1203 1919 1370 1979 πότος
1417 1917 1469 1979 ἐς
1516 1916 1659 1972 πολὺ
1690 1914 1979 1993 προέϐαινε
2009 1918 2100 1971 πί-

446 2027 651 2061 νουσιν.
706 2006 794 2067 Ὠς
845 2003 903 2060 δὲ
956 2007 1150 2078 μὲθυος
1210 2007 1345 2075 ἦσαν
1391 2006 1623 2080 πλήρεις
1653 2008 1798 2061 καὶὸ
1831 2006 2098 2082 λογισμὸς

449 2093 668 2156 ἐκείνοις
708 2097 1008 2169 παρήγετο,
1061 2094 1214 2158 εὐτὺς
1272 2098 1299 2150 6
1357 2099 1539 2170 Νογᾶς
1587 2099 1699 2151 οἷον
1735 2097 1786 2166 ἐξ
1813 2097 1982 2150 ὕπνου
2015 2108 2102 2159 θο-

451 2183 556 2257 ρὼν
615 2183 703 2237 καὶ
759 2189 867 2239 τῶν
922 2180 1381 2262 ἀμφισϐητήσεων
1451 2185 1665 2240 ἐκείνων
1727 2187 1799 2247 ὡς
1853 2186 1918 2253 ἦν
1979 2185 2103 2240 τότε

455 2273 804 2345 μνησάμενος
839 2274 948 2346 (καὶ
980 2276 1082 2350 γαρ
1113 2276 1204 2330 τὸν
1262 2276 1355 2348 μὲν
1383 2275 1548 2331 Ἀσάν
1611 2278 1738 2349 παρ’
1792 2275 1962 2346 ἐαυτῷ
1989 2276 2103 2349 εἶχε

455 2363 786 2434 καθήμενον,
837 2370 1090 2438 Λαχανᾶν
1153 2363 1211 2418 δὲ
1267 2364 1354 2418 καὶ
1411 2365 1503 2419 τὸν
1545 2365 1707 2419 αὐτοῦ
1757 2363 2103 2440 πρωτοστρά-

449 2470 586 2524 τορα
610 2451 980 2524 Τζασίμπαξιν
1008 2455 1316 2528 κατωτέρω,
1341 2456 1488 2524 πλὴν
1535 2453 1614 2530 ἐφ’
1659 2453 1903 2529 ἑκάτερα)
1935 2474 2102 2526 προσ-

447 2539 633 2594 τάσσει
709 2547 828 2604 τοῖς
905 2542 1069 2597 αὐτοῦ
1150 2544 1594 2622 ἀπεριμερίμνως
1673 2545 1868 2613 οὕτως,
1923 2540 2103 2620 ὥσπερ

465 2760 786 2836 imperator
814 2763 970 2820 haud
996 2764 1298 2836 negligens
1324 2782 1416 2821 res
1465 2764 1823 2838 Bulgaricas.
1857 2767 2105 2819 Asanem

465 2855 536 2908 ad
620 2853 841 2924 Nogam
918 2856 1192 2909 eumdem
1262 2855 1442 2910 mittit
1502 2872 1634 2910 cum
1711 2855 1858 2910 467
1938 2853 2108 2908 donis

463 2942 737 3012 plurimis
769 2945 1051 3013 majorem
1102 2945 1161 2999 in
1210 2947 1451 3000 modum
1505 2961 1714 3014 rogans
1763 2961 1833 2999 ne
1891 2941 2106 2997 auxilio

459 3031 804 3086 destitutum
829 3033 1049 3088 sineret
1079 3033 1400 3104 legitimum
1435 3034 1639 3104 etjure
1660 3033 1891 3105 generis
1924 3031 2107 3086 haere-

459 3120 669 3175 ditario
718 3121 998 3178 nitentem
1052 3123 1432 3194 Bulgarorum
1490 3139 1706 3194 regem,
1761 3121 1873 3193 ipsi
1934 3122 2104 3190 Nogm

459 3210 628 3280 quasi
664 3210 919 3266 fraterna
947 3213 1380 3267 necessitudine
1411 3212 1766 3280 devinctum,
1790 3211 1944 3281 quod
1970 3226 2104 3265 uxo-

458 3315 550 3352 res
583 3299 798 3354 Asanis
830 3305 886 3354 et
919 3300 1090 3371 Nogze
1120 3317 1349 3355 sorores
1370 3306 1772 3370 essent;quare
1807 3299 2104 3354 hominem

460 3391 578 3440 tam
611 3386 822 3442 intima
844 3387 954 3441 sibi
987 3388 1564 3457 afﬁnitatejunctum
1589 3405 1695 3460 Ope
1721 3387 2105 3458 ipsiusegen-

460 3479 574 3527 tem
601 3476 810 3542 juvare
841 3492 913 3530 ne
943 3481 1279 3545 graveretur
1327 3478 1385 3532 in
1436 3478 1832 3548 recuperando
1888 3477 2106 3546 injuste

463 3561 657 3616 ablato
692 3563 1044 3634 principatu.
1078 3567 1412 3636 Nogasjam
1461 3571 1633 3620 antea
1663 3565 2104 3621 venientemLa-

461 3650 710 3707 chanam
745 3651 1082 3709 humaniter
1111 3657 1695 3727 exceperat;Asanem
1729 3671 1962 3726 quoque
1998 3672 2105 3726 po-

467 3739 681 3794 sterius
729 3741 1047 3812 appulsam
1097 3743 1348 3815 benigne
1405 3744 1664 3800 admisit.
1697 3744 1974 3800 (laterum
2008 3743 2106 3798 ille

459 3830 684 3900 accepit
715 3831 953 3903 quidem
987 3835 1296 3905 utriusque
1341 3850 1606 3904 munera,
1657 3850 1919 3889 (erumna
1971 3849 2104 3888 vero

463 3935 625 3989 seque
656 3921 862 3976 ambos
893 3921 1186 3978 immensa
1216 3923 1558 3992 cumulavit,
1591 3924 1869 3978 detinens
1927 3922 2101 3978 simul

461 4012 779 4079 utrumque
810 4011 1011 4080 perdiu
1047 4017 1102 4066 et
1135 4029 1334 4067 secum
1368 4029 1722 4084 quocunque
1771 4013 2103 4067 circumdu-

428 4096 790 4152 °oens.Unus
821 4097 1129 4171 utriusque
1179 4099 1487 4172 legationis
1518 4118 1732 4172 scopus
1764 4105 1889 4156 erat
1920 4100 2102 4171 impe-

457 4188 614 4239 trare
647 4185 865 4240 auxilia
895 4193 1097 4243 contra
1122 4189 1416 4244 Terterem
1469 4207 1842 4245 communem
1875 4190 2102 4244 hostem

461 4273 792 4340 amborum,
827 4292 859 4329 a
888 4293 950 4331 se
973 4277 1218 4333 invicem
1253 4296 1367 4334 non
1403 4279 1584 4334 levius
1634 4296 1808 4350 quam
1840 4279 1928 4348 §ab
1961 4279 2105 4349 ipso

458 4361 693 4416 Tertere
725 4363 1162 4422 dissidentium.
1196 4369 1340 4423 Cum
1374 4368 1608 4440 ergoilli
1637 4386 1739 4439 pro
1770 4385 1831 4422 se
1855 4368 2106 4439 quisque

457 4449 692 4505 assidue
723 4457 1308 4525 contendentesjuris
1341 4458 1412 4511 ad
1449 4474 1693 4527 regnum
1727 4456 2099 4528 Bulgaricum

455 4539 543 4592 sui
567 4541 932 4598 firmamenta
957 4546 1700 4614 proferrent,disceptantes
1723 4551 1778 4601 et
1799 4545 1968 4617 quasi
1991 4547 2101 4602 sub
2133 4528 2178 4590 Π

445 4629 646 4697 judice
677 4648 914 4687 causam
936 4640 1270 4702 perorantes
1290 4635 1712 4706 propriam,ille
1729 4635 1813 4691 sic
1826 4636 2101 4691 audiebat

455 4722 518 4770 ut
549 4719 901 4776 sententiam
927 4723 1797 4795 expediretnunquam,inﬁnita
1819 4743 1916 4781 eos
1935 4742 2099 4780 mora

455 4809 1108 4882 euspenderet,utrique
1140 4830 1203 4868 se
1232 4819 1428 4868 tamen
1467 4831 1566 4885 per
1585 4815 1738 4871 vices
1767 4816 2095 4884 venditans,

451 4901 508 4949 et
539 4898 710 4952 modo
745 4899 879 4954 huic
904 4902 1075 4956 modo
1099 4902 1263 4958 alteri
1284 4904 2094 4977 promittens,miserisquan-

451 4985 724 5040 tumlibet
754 4988 952 5044 invitis
984 4991 1578 5064 adulantibus,eoque
1611 4994 1800 5064 magis
1830 5011 1891 5050 se
1923 4994 2097 5050 obno'

451 5071 576 5127 xios
609 5075 1005 5144 prabentibus
1064 5080 1134 5134 ad
1194 5084 1374 5136 nutus
1405 5081 1533 5150 ejus
1591 5097 1819 5149 omnes,
1851 5099 1966 5153 quo
1997 5081 2096 5138 ille

451 5160 677 5218 alterna
707 5167 1092 5223 ostentatione
1125 5168 1338 5224 favoris
1367 5173 1469 5224 aut
1497 5170 1654 5224 taadii
1699 5171 1974 5243 sperandi
2023 5171 2095 5226 ti-

451 5251 764 5324 mendique
795 5255 1083 5312 miscebat
1112 5274 1320 5313 causas
1377 5258 1690 5314 artiﬁcioso
1741 5260 1987 5327 intexlu,
2038 5265 2096 5315 et

449 5342 856 5398 communium
889 5350 1157 5402 votorum
1191 5347 1544 5402 accendebat
1567 5348 1794 5419 cupidis
1818 5349 2089 5419 pretium.

450 5427 616 5484 Hunc
645 5433 883 5487 tandem
907 5434 1126 5489 exitum
1152 5451 1240 5490 res
1262 5435 1469 5490 habuit
1491 5440 1623 5507 post
1644 5436 2090 5506 suspensionem

450 5517 809 5576 diuturnam.
845 5522 1096 5578 Sedebat
1137 5527 1204 5578 ad
1266 5540 1532 5579 mensam
1582 5524 1900 5594 aliquando
1957 5543 2089 5580 cum

455 5603 683 5676 hospite
714 5616 963 5685 utroque
998 5614 1207 5684 Negas.
1241 5612 1899 5671 Celebraturhitaritate
1921 5631 2094 5688 maga

2203 496 2345 569 εἶχεν
2380 495 2584 556 ἐκεῖνος
2623 496 2951 565 καθήμενος.
3012 493 3111 547 Καὶ
3168 493 3255 546 τὸν
3310 495 3394 565 μὶν
3429 495 3592 567 εἷπεῖν,
3620 526 3642 552 «
3668 504 3750 558 Οὔ-

2200 604 2292 645 τος
2321 583 2521 658 ἐχθρός
2551 583 2664 638 ἐστι
2713 586 2810 637 τοῦ
2867 582 3072 656 πατρός
3137 603 3237 654 μου
3296 582 3556 657 βασιλέως,
3579 589 3652 642 καὶ
3676 596 3746 663 ζῇν

2201 671 2349 733 ’ὀλως
2381 672 2479 728 οὐκ
2531 675 2700 745 ἄξιος,
2761 672 2908 728 ἀλλὰ
2963 672 3268 744 τέμνεσθαι,
3297 696 3321 722 ››
3377 673 3583 738 ἐκείνους
3609 675 3751 749 δ’ὲξα-

2201 761 2432 823 πιναίως
2479 761 2852 837 κατασχόντας
2899 761 2996 823 τὰς
3045 767 3232 835 χεῖρας
3277 759 3566 837 ἑκατέρωθεν
3597 767 3751 835 μάχαι-

2205 870 2298 924 ραν
2359 845 2619 924 ἐμϐαλεῖν
2676 855 2756 922 τῷ
2813 850 3050 928 φάρυγγι
3107 849 3194 903 καὶ
3253 849 3473 926 φονεύειν
3523 853 3663 908 ἐκεῖσε
3683 876 3755 910 πε-

2204 939 2382 995 σόντα.
2434 940 2544 994 Εἶτ’
2603 939 2754 1004 αὖθις
2810 939 2900 994 καὶ
2958 940 3051 993 τὸν
3109 939 3453 1010 Τζασίμπαξιν
3497 942 3752 1014 θεασάμενον

2201 1028 2494 1099 προστάξαι
2548 1030 2639 1101 μὲν
2689 1031 2802 1082 κατ’
2854 1027 3064 1082 ἐκείνου
3103 1032 3170 1081 τά
3217 1027 3466 1101 χείριστα,
3507 1030 3583 1084 καὶ
3609 1027 3661 1099 δὴ
3683 1035 3756 1086 xi-

2201 1123 2376 1171 κεῖνον
2423 1117 2579 1180 εὐθὺς
2636 1116 2862 1172 κτείνειν
2921 1116 3014 1171 τὸν
3079 1117 3369 1190 ὑπηρέτην,
3421 1113 3679 1189 ἐμϐαλόντα
3700 1126 3758 1191 τῷ

2201 1207 2395 1280 αὐχένι
2443 1203 2665 1262 κοπίδα.
2714 1205 2846 1260 Τότε
2892 1205 2982 1259 καὶ
3033 1205 3060 1258 6
3111 1205 3264 1260 ’Λσάν
3316 1205 3512 1278 βλέπων
3552 1207 3659 1280 πρὸς
3688 1209 3757 1276 τήν

2203 1295 2326 1358 θέαν
2378 1294 2523 1357 ὅλως
2572 1296 2953 1361 ἀποπὲπηκτο,
3002 1295 3088 1348 καὶ
3141 1292 3263 1367 περὶ
3303 1292 3462 1366 ἐαυτῷ
3507 1290 3649 1368 φόϐον
3678 1298 3758 1370 εἶχε

2200 1385 2292 1439 τὸν
2331 1387 2608 1458 μέγιστον,
2653 1383 2747 1438 κᾶν
2795 1384 2863 1437 τὰ
2911 1385 3084 1456 ’ὀμοια
3129 1383 3371 1444 κακεῖνος
3406 1385 3515 1437 τότε
3540 1381 3756 1452 πεπόνθειι

2203 1473 2248 1527 εί
2311 1476 2384 1545 μή
2446 1495 2507 1548 γε
2581 1476 2615 1542 ἡ
2685 1473 2972 1550 Εόφροσνη
3031 1474 3485 1547 περιποιησαμὲνη
3537 1473 3759 1545 ἀπέπεμπε

2207 1564 2322 1634 μετ’
2365 1561 2577 1636 ὀλίγον.
2611 1559 2789 1617 Ἀλλά
2817 1565 2987 1616 ταῦτα
3023 1561 3117 1634 μὲν
3148 1561 3201 1624 ἐς
3228 1560 3486 1618 τοσοῦτον.

2346 1725 2534 1784 Ὃπως
2619 1721 2956 1797 ἐκστρατεόει
3043 1724 3070 1776 ὁ
3119 1721 3405 1797 Δβασιλεὺς
3483 1720 3762 1794 Ἀνδρόνικος

2815 1794 2897 1848 sic
2919 1791 3245 1864 Ἀνατολήν.

2279 1921 2340 1976 Ὁ
2371 1917 2427 1974 δὲ
2471 1919 2728 1994 βασιλεὺς
2778 1923 2866 1975 καὶ
2923 1922 3090 1975 πάλιν
3135 1921 3203 1975 τὰ
3258 1921 3388 1975 κατά
3429 1923 3518 1988 τὴν
3560 1919 3766 1987 ἀνατολὴν

2208 2013 2469 2063 νοσοῦντα
2504 2011 2710 2081 μαθὼν,
2756 2009 2806 2082 ἐξ
2867 2007 2994 2064 ὅτου
3051 2030 3154 2081 περ
3209 2010 3236 2063 6
3297 2006 3543 2079 δεσπότης
3581 2011 3770 2077 Ἰωάννης

2210 2095 2261 2166 ἐξ
2312 2097 2612 2167 ἀνθρώπων
2656 2098 2896 2173 γεγονὼς
2946 2096 3248 2173 ἐκεχειρίαν
3293 2104 3537 2173 παρεῖχεν
3565 2097 3610 2160 ἐς
3635 2103 3772 2152 τοαοῦ-

2209 2206 2301 2240 τον
2362 2187 2594 2261 Πέρσαις
2654 2185 2795 2242 ὥστε
2863 2185 2952 2242 καὶ
3014 2185 3224 2261 ἰσχύειν
3283 2186 3557 2259 Ῥωμαίοις
3605 2185 3773 2251 ἐπιτίθει

2213 2276 2332 2328 σθαι
2358 2276 2444 2328 καὶ
2505 2279 2701 2330 κακοῦν
2765 2277 2848 2347 (τὰ
2902 2277 3007 2350 γὰρ
3064 2276 3202 2330 κατᾶ
3259 2273 3544 2351 Μαίανδρον
3597 2275 3772 2330 milia-

2214 2363 2328 2437 ρίαν
2383 2363 2470 2418 καὶ
2531 2365 2865 2440 Ἀντιόχειαν
2921 2362 3030 2434 ἤδη
3091 2364 3189 2419 καί
3243 2365 3605 2435 τετελευτήκει,
3648 2365 3699 2417 τὰ
3735 2359 3773 2416 εὶ

2211 2453 2416 2507 τούτων
2449 2454 2537 2507 καὶ
2600 2457 2681 2524 [Ρ.
2733 2457 2859 2528 321]
2921 2450 2998 2507 ἔτι
3050 2451 3318 2528 ἐνδοτέρω
3372 2452 3544 2516 δεινῶς
3573 2453 3772 2524 ἐξῃσθένει

2214 2543 2430 2597 καὶτοῦ
2462 2541 2836 2620 ίατρεόσοντος
2882 2540 3143 2620 ἔχρῃζον,
3191 2543 3282 2599 καὶ
3327 2543 3593 2614 ἡλίσκοντο
3636 2542 3708 2615 μὶν
3729 2540 3774 2594 τὰ

2219 2761 2801 2818 convivium.Pocula
2830 2777 3090 2833 eousque
3141 2763 3530 2833 frequentatur
3577 2763 3631 2814 ut
3674 2754 3775 2812 ebrii

2210 2853 2336 2922 jam
2369 2850 2563 2906 cuncti
2593 2851 2688 2905 vix
2721 2855 2912 2906 mente
2935 2851 3460 2906 constarent.Tunc
3478 2843 3774 2916 subitoquasi

2217 2956 2247 2994 e
2279 2957 2485 2996 somno
2519 2940 2929 3010 expergiscens
2958 2938 3176 3011 Negas,
3202 2944 3260 2994 et
3289 2934 3672 3009 ancipitesillas
3691 2933 3773 2988 fru-

2217 3031 2554 3096 strationes,
2595 3030 2811 3100 quibus
2843 3046 2905 3085 se
2939 3046 3109 3086 usum
3155 3029 3435 3084 hactenns
3491 3027 3773 3082 meminerat,

2219 3120 2484 3176 decidere
2515 3118 2828 3190 aliquando
2858 3118 3058 3175 volens
3080 3119 3140 3173 in
3177 3120 3424 3174 favorem
3452 3114 3636 3171 Asanis
3673 3111 3774 3166 forte

2219 3215 2358 3265 tunc
2391 3209 2502 3264 sibi
2535 3209 2607 3264 ad
2640 3209 2796 3264 latus
2827 3208 3148 3264 assidentis
3179 3207 3442 3277 (inferius
3491 3209 3677 3268 autem,
3704 3198 3774 3254 sed

2208 3299 2459 3354 invicem
2497 3297 2721 3352 adversi
2753 3296 2890 3352 hinc
2923 3297 3253 3364 Lachanas,
3287 3296 3418 3351 inde
3467 3292 3770 3365 protostrator

2209 3387 2388 3456 hujus
2419 3387 2816 3458 Tzasimpaxis
2847 3386 3262 3455 consederant)
3288 3385 3522 3456 imperat
3543 3379 3666 3437 408
3685 3376 3770 3432 suis

2207 3475 2522 3547 tranquille
2555 3491 2621 3530 ac
2652 3476 2820 3546 quasi
2853 3475 3000 3529 nihil
3031 3481 3294 3541 acturus,
3319 3472 3767 3543 corripiantsecure

2209 3565 2668 3630 recumbentem,
2704 3569 2767 3619 ut
2791 3569 2937 3630 erat,
2982 3564 3312 3619 Lachanam
3340 3582 3354 3631 ;
3386 3562 3546 3631 idque
3579 3559 3688 3613 dum
3713 3552 3767 3606 illi

2209 3652 2728 3725 agunt,dicit:«Hic
2761 3652 2946 3708 hostis
2977 3658 3068 3708 est
3095 3650 3464 3723 imperatoris
3500 3646 3650 3720 patris
3673 3641 3765 3703 mei,

2208 3747 2266 3798 et
2293 3741 2465 3813 plane
2495 3741 2774 3814 indignus
2805 3741 2904 3812 qni
2931 3742 3124 3797 vivere
3157 3741 3441 3808 sinatur;n
3471 3754 3582 3809 quae
3610 3733 3676 3788 illi
3698 3745 3768 3785 au-

2209 3831 2436 3886 dientes
2456 3829 3002 3902 correptisinfelicis
3018 3830 3300 3901 utrinque
3316 3827 3567 3883 manibus
3578 3820 3766 3878 cultrum

2209 3919 2566 3991 injugulum
2599 3919 2940 3987 demittunt,
2985 3925 3042 3975 et
3099 3936 3236 3975 mox
3286 3917 3493 3974 ibidem
3537 3911 3768 3969 cadentem

2209 4013 2471 4063 enecant.
2497 4008 2746 4064 Iteratur
2777 4025 2912 4063 mox
2938 4008 3127 4064 ferum
3161 4007 3468 4079 imperium
3497 4004 3549 4058 in
3576 3997 3769 4056 Tzasimo

2213 4099 2401 4168 paxim
2425 4104 2482 4154 et
2509 4100 2750 4155 adverso
2783 4098 3278 4170 spectantem,qui
3328 4098 3564 4168 impacta
3590 4091 3635 4145 in
3680 4087 3768 4156 ejus

2210 4189 2492 4243 cervicem
2523 4205 2700 4243 manu
2733 4188 3005 4243 satellitis
3030 4188 3223 4244 securi
3258 4174 3768 4246 trucidatur.TragicO

2209 4276 2541 4345 spectaculo
2576 4278 2882 4347 perculsus
2915 4279 3065 4332 Asan
3090 4276 3205 4332 sibi
3236 4267 3700 4331 vehementissime
3722 4260 3769 4314 ti-

2211 4365 2377 4432 muit,
2413 4381 2528 4419 non
2560 4365 2688 4420 sine
2719 4382 2898 4420 causa
2932 4382 2944 4420 2
2977 4381 3112 4420 nam
3147 4364 3315 4436 paria
3356 4368 3410 4418 et
3459 4363 3570 4433 ipse
3617 4363 3771 4446 passus

2210 4458 2385 4519 esset,
2423 4454 2480 4508 ni
2513 4458 2653 4509 tunc
2702 4455 3113 4526 Euphrosynes
3162 4455 3485 4509 interventu
3537 4463 3594 4502 ao
3629 4438 3770 4498 studio

2211 4549 2497 4611 servatus,
2531 4542 2706 4614 paulo
2734 4549 2865 4615 post
2894 4543 3208 4599 incolumis
3240 4541 3512 4597 dimissus
3539 4535 3680 4591 esset.
3698 4531 3772 4581 Al-

2209 4649 2321 4704 que
2349 4633 2467 4689 haec
2501 4634 2739 4704 quidem
2771 4650 2833 4690 se
2864 4634 2924 4688 in
2957 4633 3114 4688 hunc
3147 4633 3388 4688 modum
3418 4629 3662 4685 habuere.

2277 4775 2347 4828 20
2378 4775 2674 4848 Expeditio
2705 4775 3057 4848 imperatoris
3079 4775 3379 4832 Andronici
3398 4775 3454 4828 in
3476 4769 3718 4827 Orientem.

2279 4904 2353 4954 At
2382 4901 2717 4972 imperator,
2749 4905 3048 4973 comperto
3083 4899 3348 4955 laborare
3377 4912 3464 4951 res
3494 4881 3770 4948 Orientales.

2205 5005 2276 5045 ex
2307 5008 2421 5062 quo
2453 4991 2684 5047 sublato
2715 5009 2784 5048 ex
2817 4990 3097 5047 humanis
3126 4993 3352 5046 Joanne
3397 4987 3614 5056 despota
3659 4973 3768 5029 ﬁdu-

2206 5079 2352 5135 ciam
2387 5087 2602 5136 lantam
2655 5083 2841 5139 Persas
2873 5083 3276 5152 sumpserant,
3301 5084 3490 5133 utnon
3521 5068 3664 5126 modo
3689 5075 3769 5158 non

2205 5169 2545 5225 dubitarent
2593 5170 2746 5226 ultro
2797 5175 3096 5226 Romanos
3137 5168 3428 5231 invadere,
3471 5160 3560 5216 sed
3603 5163 3768 5249 ριβξιω

2204 5260 2352 5314 fines
2382 5276 2584 5315 eorum
2612 5259 2972 5317 incursando
3004 5262 3323 5313 vastarent.
3359 5253 3621 5323 Regiones
3659 5251 3771 5297 clm

2202 5350 2418 5403 Maaand
2429 5365 2557 5404 rum
2571 5354 2627 5405 et
2645 5350 2876 5406 Cariam
2891 5353 2948 5406 et
2971 5344 3336 5404 Antiochiam
3352 5343 3471 5414 jam
3507 5339 3649 5427 Plan?

2203 5436 2392 5492 ierant
2423 5453 2436 5493 :
2470 5439 2571 5495 sed
2603 5445 2660 5496 et
2690 5439 2782 5496 his
2807 5439 3000 5495 adhuc
3032 5434 3311 5492 interiora
3341 5413 3574 5505 graviter
3614 5413 3767 5477 debili-

2201 5531 2322 5578 Μία
2347 5527 2622 5593 iacebant
2653 5528 2864 5584 medici
2908 5522 3281 5597 sospitatoris
3311 5537 3416 5592 cpe
3463 5511 3766 5597 vehementer

2201 5616 2451 5685 θεθηιίιι.
2484 5616 2924 5690 Diripiebantur
2941 5593 3134 5672 vicina
3151 5613 3385 5684 Caystro
3404 5614 3460 5665 et
3472 5606 3655 5664 Priene
3672 5593 3763 5650 loca
