4002 6198
265 296 374 352 929

1326 303 1425 357 DE
1461 302 1832 357 MICHAELE
1869 303 2315 362 PALEOLOGO
2352 309 2486 364 LIB.
2526 311 2622 364 VI.

3577 317 3685 373 930

257 423 400 478 κατὰ
448 423 734 496 Κάϋστρον
763 421 855 477 καὶ
888 424 1156 497 Πριήνην,
1189 422 1489 494 ἡλίσκοντο
1523 422 1570 479 δ’
1595 423 1700 495 ἤδη
1737 426 1826 480 καὶ
1855 425 1919 480 τὸ
1948 430 2002 496 Α
2032 427 2270 497 ἥπτοντο
2301 433 2390 486 καὶ
2422 431 2766 509 προῦκοπτον
2828 435 3341 511 ἀνοικοδομοῦντες,
3387 443 3487 508 τήν
3521 442 3594 505 εἰς
3626 444 3686 497 τὸ

259 513 401 568 κατὰ
462 511 741 582 Μίλητον,
803 513 889 566 καὶ
931 510 1200 588 Μαγεδὼν
1234 515 1323 568 καὶ
1354 514 1423 568 τὰ
1466 514 1770 589 πρόσχωρα
1794 515 1930 569 κατὰ

256 602 607 672 πολλὴντοῦ
657 600 1007 665 κωλύσοντος
1060 603 1291 678 ἐρημίαν
1344 605 1773 680 ἐξηφανίζοντο),
1821 604 1928 660 δεῖν

255 688 401 767 ἔγνω
432 694 525 747 τὸν
564 693 679 746 υἱὸν
714 690 880 746 αὐτοῦ
922 693 1012 747 καὶ
1049 693 1275 767 βασιλέα
1325 691 1670 768 Ἀνδρόνικον
1718 695 1929 767 σύναμα

257 783 350 836 καὶ
381 788 504 844 ταῖς
543 783 660 836 κατ’
723 781 992 850 ἀνατολὴν
1059 780 1314 855 δυνάμεσι
1376 785 1633 856 πέμπειν.
1698 786 1798 840 Καὶ
1857 781 1922 853 δὴ

259 872 653 945 παραγεγονὼς
732 871 843 942 ἅμα
922 868 1175 945 δεσποίνῃ
1249 873 1406 927 τάκεῖ
1464 872 1711 944 καθίστα,
1780 869 1922 947 ἔχων

261 960 399 1037 ἄμφ’
457 961 621 1014 αὐτὸν
674 958 764 1012 σὺν
800 957 1041 1023 πολλοῖς
1086 959 1281 1024 ἄλλοις
1314 968 1594 1036 μεγιστᾶσι
1621 962 1710 1016 τόν
1739 983 1797 1016 τε
1830 963 1928 1034 μέ-

260 1069 363 1122 γαν
395 1047 718 1121 δομέστικον
754 1051 988 1123 Μιχαὴλ
1019 1048 1114 1103 τόν
1158 1050 1611 1125 Ταρχανειώτην,
1645 1052 1701 1105 ὃν
1737 1048 1802 1119 δὴ
1835 1052 1920 1105 καὶ

261 1136 648 1211 Παλαιολόγον
681 1135 916 1215 ἔγραφον
973 1145 1418 1211 μητρωνυμικῶς
1467 1142 1554 1194 καὶ
1608 1141 1659 1202 ἐς
1709 1161 1923 1214 πρωτο-

263 1221 579 1303 ϐεστιαρίου
610 1227 816 1301 ἀνῆγον
874 1229 1042 1299 τιμὴν
1105 1228 1410 1303 ἐσύστερον,
1469 1229 1557 1284 καὶ
1615 1231 1702 1282 τὸν
1746 1250 1924 1304 παρα-

263 1317 620 1389 κοιμώμενον
647 1323 748 1385 τῆς
803 1315 1050 1390 μεγάλης
1099 1315 1393 1394 σφενδόνης
1440 1317 1774 1392 Νοστόγγον,
1832 1321 1918 1372 καὶ

265 1405 364 1459 σὺν
421 1405 602 1466 αὐτοῖς
632 1403 715 1460 ὅτι
762 1405 1054 1469 πλείστους
1082 1407 1148 1460 τὰ
1176 1411 1284 1460 τῶν
1319 1405 1580 1461 δουλειῶν
1615 1405 1922 1471 διευθόνον-

262 1515 385 1556 τας.
438 1496 501 1551 Ὀ
560 1491 616 1548 δέ
653 1493 909 1570 βασιλεὺς
939 1492 1290 1570 Ἀνδρόνικος
1321 1497 1382 1550 τὸ
1430 1497 1576 1570 παρὰ
1614 1495 1919 1572 Μαίανδρον

260 1582 626 1659 διερχόμενος
657 1580 764 1638 εἶδε
793 1583 883 1637 καὶ
939 1583 1104 1638 πόλιν
1160 1586 1420 1659 μεγίστην
1477 1586 1572 1647 τὰς
1625 1586 1919 1660 Τράλλεις,

257 1674 354 1728 καὶ
417 1671 483 1740 δὴ
543 1673 690 1728 ἑάλω
741 1694 798 1727 τε
828 1677 948 1734 ταῖς
979 1677 1076 1726 τοῦ
1106 1672 1279 1728 τόπου
1313 1675 1524 1749 χάρισι,
1557 1675 1646 1728 καὶ
1679 1676 1730 1728 οἱ
1762 1673 1919 1751 λογι-

2033 525 2215 573 πονεῖν
2251 522 2557 594 προθυμίαν
2606 525 2695 578 καὶ
2727 523 2938 596 μᾶλλον
2981 525 3197 599 ἐπηύξει
3234 530 3489 601 χρησμὸς
3539 531 3682 606 εὐρε-

2035 608 2145 671 θεὶς
2191 607 2356 664 ἐκεῖσε
2401 611 2838 687 ἐγγεγραμμένος
2893 618 3168 690 μαρμάρῳ
3215 618 3288 678 ὡς
3352 615 3510 686 δῆθεν
3561 619 3682 674 ἀνα-

2033 698 2327 766 στήσοντός
2413 720 2560 762 τινος
2644 704 2845 773 ταύτην
2918 710 3182 759 πεσοῦσαν
3257 705 3345 759 καὶ
3418 708 3555 780 πρὸς
3622 712 3684 762 τὸ

2030 791 2274 859 κρεῖττον
2321 787 2354 856 ἢ
2401 789 2661 865 πρότερον
2713 791 3091 862 ἐπανάξοντος.
3142 796 3240 856 εὈς
3292 793 3356 864 δὴ
3410 798 3495 849 καὶ
3545 817 3682 870 παρ-

2032 877 2273 950 εμφερής
2324 876 2478 948 ἐῴκει
2534 880 2669 950 πρός
2739 900 2796 933 τε
2869 881 2935 934 τὰ
3008 883 3351 956 πραττόμενα
3427 886 3516 938 καὶ
3590 887 3678 939 τὸν

2030 961 2400 1033 ἀναστήσοντα
2475 967 2608 1020 κατά
2660 969 2880 1037 πάντα,
2941 969 3069 1024 ὥστ’
3139 972 3298 1026 αὐτὸν
3369 971 3679 1047 λογίζεσθαι

2035 1050 2259 1125 βασιλέα
2310 1057 2425 1107 καθ’
2473 1056 2529 1109 ὃν
2564 1054 2620 1109 εὖ
2653 1059 2869 1131 πράξειν
2922 1058 3405 1135 ἐχοησμολογεῖτο
3446 1064 3544 1130 τὴν
3579 1065 3683 1116 πό-

2031 1139 2139 1197 λιν.
2190 1142 2294 1196 Καῖ
2348 1141 2436 1197 διὰ
2480 1149 2647 1199 ταῦτα
2687 1144 2862 1210 πολὺς
2909 1148 2974 1216 ἦν
3029 1148 3374 1222 Ἀνδρόνικος
3427 1150 3680 1226 βασιλεὺς

2029 1229 2367 1286 ἐπισπεύδων
2404 1235 2504 1302 τὴν
2556 1239 2656 1299 τῆς
2716 1235 2932 1298 πόλεως
2993 1236 3354 1308 ἐξανάστασιν·
3418 1241 3683 1314 εἱμαρμέ-

2027 1340 2152 1374 νους
2201 1320 2412 1396 καὶγὰρ
2445 1323 2680 1398 χρόνους
2731 1322 2912 1378 ἐδίδου
2966 1330 3044 1397 τῷ
3096 1327 3446 1396 ἅναστήσοντι
3482 1331 3508 1381 ὁ
3537 1350 3683 1404 γρη-

2028 1409 2184 1480 σμός.
2216 1409 2317 1464 Καὶ
2350 1410 2738 1485 ἀνῳκοδόμουν
2804 1411 2973 1485 μηδὲν
3026 1413 3352 1487 μέλλοντες.
3405 1415 3587 1486 Χλεύη
3637 1417 3682 1471 δ’

2028 1497 2109 1569 ἄρ’
2169 1499 2303 1566 ἦσαν
2362 1501 2452 1554 καὶ
2511 1498 2717 1577 ὄνειρος
2767 1504 2834 1557 τει
2890 1504 3238 1581 γραφόμεναο
3302 1503 3527 1580 ε’ίμαρτο
3583 1507 3683 1581 γὰρ

2023 1587 2301 1641 κάντεῦθεν
2333 1590 2424 1643 καὶ
2462 1591 2794 1664 μυριοστῦας
2847 1592 2979 1655 ὅλας
3023 1593 3240 1648 ὀλέσθαι
3271 1599 3378 1648 τῶν
3411 1595 3524 1649 ἐκεῖ
3553 1617 3683 1650 κατ-

2028 1677 2387 1748 οικησόντων,
2418 1679 2491 1741 ὡς
2539 1680 2565 1732 ὁ
2617 1679 2783 1754 λόγος
2832 1678 2940 1750 ἤδη
2979 1679 3240 1751 δηλώσει.
3294 1684 3383 1744 Ὣς
3431 1683 3530 1758 γὰρ
3565 1684 3684 1738 ἀνί-

264 1765 407 1835 σμὸς
439 1761 594 1835 ἐπῄει
629 1762 916 1837 ἀνεγείρειν
950 1767 1213 1816 πεσοῦσαν
1266 1764 1356 1817 καὶ
1406 1763 1533 1825 τοὺς
1585 1763 1923 1836 ἐξῳκηκότας
1961 1805 2008 1870 Β
2041 1785 2230 1818 σταντο
2293 1766 2386 1836 μέν
2435 1769 2502 1820 τα
2549 1768 2708 1842 τείχη
2760 1771 2849 1822 καὶ
2907 1769 3069 1830 πόλις
3124 1775 3229 1824 τῶν
3294 1775 3564 1846 μεγίστων
3622 1776 3683 1827 τὸ

266 1850 283 1870 Ἰ
358 1858 408 1870 εν-
536 1852 549 1869 \
631 1850 722 1870 "\\
912 1849 930 1870 Ἴ
984 1851 995 1870 Ι
1216 1851 1228 1870 9
1279 1853 1327 1870 νυ
1554 1854 1566 1870 \
1840 1855 1848 1868 Ι
2045 1851 2057 1870 ⁷
2137 1852 2147 1870 1
2308 1854 2336 1870 Ὗ
2536 1857 2547 1870 \
2783 1857 2794 1870 ι
2869 1857 2905 1870 ll
3094 1861 3145 1870 ιι
3197 1859 3207 1870 ο
3283 1857 3306 1870 κ
3490 1859 3541 1870 εις
3631 1859 3669 1870 Α.

262 1850 470 1914 ἐκεῖθεν
502 1852 594 1905 σὺν
627 1850 820 1913 ἄλλοις
867 1849 1147 1914 πλείστοις
1181 1851 1429 1922 οἰκίζειν,
1479 1854 1569 1906 καὶ
1620 1855 1924 1928 καταστάσῃ

261 1943 529 2016 παρέχειν
583 1941 646 1996 τὸ
696 1939 745 2012 ἐξ
799 1942 967 1995 αὑτοῦ
1000 1936 1196 2012 ὄνομα,
1229 1942 1305 2004 ὡς
1337 1943 1409 2014 μή
1444 1941 1714 2014 Τράλλεις
1747 1943 1927 1997 ἐντεῦ-

191 2046 223 2063 ⁹
263 2042 375 2098 θεν,
407 2028 535 2084 ἀλλ’
597 2029 1080 2101 Ἀνδρονικὸπολιν
1115 2029 1209 2084 εἶτ’
1269 2029 1360 2084 οὖν
1407 2029 1923 2106 Παλαιολογόπολιν

258 2115 653 2187 ὀνομάζεσθαι.
697 2113 955 2184 Σπουδὴν
1001 2120 1130 2190 γοῦν
1172 2117 1270 2184 τήν
1305 2117 1565 2191 μεγίστην
1616 2120 1740 2194 περὶ
1789 2119 1925 2173 ἐκεί-

249 2225 359 2273 νην
426 2205 656 2279 εἰσῆγε,
711 2204 803 2259 καὶ
861 2206 950 2259 τὸν
1018 2205 1180 2281 μέγαν
1244 2203 1567 2278 δομέστικον
1628 2206 1924 2278 ἐπιστήσας

255 2291 648 2368 ἀνοικοδομεῖν
696 2293 912 2349 ἐκέλευε
956 2295 1057 2364 τήν
1104 2294 1396 2370 ταχίστην.
1442 2303 1526 2359 Ὡς
1583 2302 1712 2372 γοῦν
1765 2297 1924 2373 ἔργου

263 2514 616 2569 ferebantur
643 2513 819 2570 etiam
850 2518 906 2568 et
937 2515 1262 2587 agebantur
1318 2515 1676 2586 quotidiauis
1735 2515 1928 2571 incur-

268 2604 538 2658 santium
573 2603 783 2675 praedis
807 2603 1073 2660 Milesius
1105 2621 1242 2676 ager
1272 2611 1328 2660 et
1360 2606 1664 2677 Magedon,
1686 2623 1930 2678 qumque

268 2692 372 2748 bis
406 2693 624 2763 afﬁnia,
658 2693 717 2747 in
749 2710 984 2749 summa
1013 2695 1392 2750 destitutione
1442 2695 1697 2766 praesidii
1736 2697 1929 2752 omnis

269 2782 517 2854 injuriis
542 2783 800 2838 hostium
829 2783 1261 2853 exposita.Cum
1293 2785 1434 2852 haec,
1493 2785 1758 2855 inquam,
1809 2792 1930 2842 Au-

270 2877 489 2942 gustus
521 2877 838 2943 reputaret,
870 2874 1200 2928 faciendum
1235 2873 1348 2928 sibi
1388 2876 1595 2928 statuit
1625 2881 1690 2929 ut
1741 2876 1927 2930 ﬁlium

271 2978 456 3016 suum
489 2967 545 3015 et
576 2961 633 3014 in
656 2961 898 3032 imperio
922 2962 1201 3032 collegam
1226 2963 1624 3018 Andronicum
1644 2981 1710 3018 eo
1736 2965 1930 3018 mitte-

269 3055 365 3105 ret
398 3067 531 3104 cum
575 3051 758 3120 copiis
808 3056 1038 3121 quantas
1091 3068 1193 3122 per
1247 3050 1568 3106 Orientales
1624 3053 1775 3107 469
1810 3069 1932 3123 pro-

268 3138 505 3193 vineias
534 3145 718 3193 erant.
750 3140 804 3194 Is
837 3140 1018 3209 igitur
1047 3157 1114 3195 eo
1147 3157 1280 3195 eum
1315 3143 1578 3210 Augusta
1637 3143 1926 3212 profectus

266 3228 474 3297 lapsas
496 3227 571 3281 ibi
598 3244 690 3283 res
713 3229 1034 3293 constituit,
1063 3229 1283 3284 habens
1308 3229 1461 3284 circa
1482 3245 1543 3284 se
1564 3247 1695 3285 cum
1725 3230 1930 3285 multis

269 3317 411 3371 aliis
449 3332 748 3386 procerem
799 3333 1082 3388 magnum
1143 3319 1527 3374 domesticum
1591 3319 1933 3374 Michaelem

268 3405 756 3475 Tarehaniotam,
789 3423 960 3475 quem
994 3408 1053 3461 in
1082 3407 1465 3478 Palmologam
1512 3409 1931 3480 transcriptum

274 3500 517 3566 gentem
551 3511 584 3548 a
616 3499 801 3550 matre
823 3496 1280 3551 denominabant
1309 3503 1366 3551 et
1397 3498 1454 3552 in
1507 3499 1935 3568 protovestiarii

279 3583 638 3654 dignitatem
673 3590 877 3655 postea
905 3592 1242 3640 evexerunt.
1302 3587 1514 3641 Aderat
1547 3593 1816 3658 praeterea
1841 3605 1934 3642 cu-

277 3679 411 3728 stos
445 3672 638 3744 magni
662 3673 838 3743 sigilli
864 3674 1219 3744 Nostongus,
1253 3681 1310 3730 et
1341 3691 1474 3729 cum
1527 3676 1670 3746 ipsis
1727 3693 1935 3745 quam-

271 3761 680 3834 plurimiaulaa
704 3763 1050 3818 ministeriis
1069 3763 1397 3835 fungentes.
1424 3765 1598 3818 Porro
1623 3767 1938 3834 imperator

269 3850 654 3906 Andronicus
686 3853 954 3922 regiones
987 3853 1058 3907 ad
1092 3853 1448 3907 Maeandrum
1483 3853 1744 3908 lustrans
1795 3855 1938 3908 vidit

274 3940 579 3996 civitatem
613 3940 752 3994 olim
787 3940 1126 4007 maximam,
1161 3947 1301 3996 tunc
1332 3959 1593 3996 eversam
1630 3942 1939 4010 Tralles,et

269 4027 391 4084 loci
415 4030 849 4098 opportunitate
880 4035 1162 4100 grataque
1195 4031 1530 4085 amoenitate
1561 4037 1766 4101 captus
1787 4033 1940 4102 cogi-

271 4115 564 4172 tationem
599 4119 857 4188 suscepit
887 4119 1016 4188 ejus
1050 4120 1446 4174 restaurandze
1472 4121 1936 4190 frequentanda:-

272 4222 397 4277 q'ue
421 4205 772 4260 redueendis
789 4206 1148 4276 postliminio
1173 4209 1271 4278 qui
1292 4208 1530 4278 reperiri
1551 4208 1776 4279 uspiam
1805 4227 1936 4280 pes-

274 4300 416 4348 sent
438 4293 664 4349 dudum
690 4295 1091 4352 exterminatis
1125 4296 1299 4366 hujus
1317 4297 1562 4363 civibus,
1596 4304 1652 4352 et
1673 4297 1802 4352 aliis
1828 4316 1936 4352 un-

273 4384 591 4454 deeunque
623 4385 694 4439 ad
731 4385 958 4455 justum
1017 4385 1180 4439 urbis
1240 4401 1465 4456 magnae
1527 4387 1938 4458 complendum

276 4488 602 4526 numerum
635 4473 940 4529 addendis.
993 4473 1254 4528 Decrevit
1286 4481 1478 4529 autem
1543 4474 1624 4529 sic
1659 4477 1940 4530 restitutae

275 4560 506 4615 civitati
539 4577 750 4616 nomen
780 4579 812 4616 a
844 4579 907 4618 se
937 4580 1148 4618 novum
1186 4564 1404 4632 indere,
1458 4568 1520 4617 ut
1553 4581 1663 4618 non
1719 4562 1940 4620 Tralle's

275 4650 587 4720 dienceps,
618 4651 719 4704 sed
769 4651 1258 4722 Andronieopolis
1309 4657 1410 4706 aut
1467 4653 1939 4722 Palaeologopolis

272 4745 612 4793 vocaretur.
649 4740 854 4794 Studio
885 4741 1066 4810 igitur
1096 4757 1272 4811 quam
1308 4741 1562 4795 maximo
1596 4743 1652 4796 in
1693 4743 1744 4794 id
1783 4743 1939 4798 ineu-

274 4827 436 4893 buit,
473 4830 784 4899 praeposito
816 4829 914 4884 isti
955 4830 1114 4898 operi
1175 4846 1387 4897 magno
1443 4831 1787 4893 domestico,
1839 4832 1939 4900 qui

275 4917 537 4986 impigre
566 4917 846 4972 fabricam
879 4919 1130 4973 adorsus
1163 4917 1351 4973 moliri
1408 4924 1559 4972 tecta
1617 4935 1682 4973 ac
1740 4937 1941 4975 muros

276 5005 483 5076 empit.
517 5008 899 5062 Commodum
927 5012 1146 5074 autem,
1179 5005 1330 5062 mole
1372 5008 1498 5076 jam
1531 5007 1757 5061 aedilicii
1818 5025 1938 5063 ere-

277 5094 878 5161 scente,alacritatem
903 5096 1256 5166 perducendi
1275 5096 1344 5150 ad
1362 5095 1744 5166 colophonem
1769 5099 1942 5168 empti

276 5183 501 5238 miram
535 5183 738 5254 injecit
773 5185 918 5239 forte
973 5185 1271 5239 inventum
1316 5185 1466 5238 inter
1496 5186 1707 5239 rudera
1737 5202 1941 5240 oracu-

279 5274 436 5341 lum,
468 5272 831 5343 insculptum
856 5273 1155 5342 marmori,
1181 5273 1388 5329 litteris
1410 5275 1626 5344 quibus
1649 5275 1941 5344 signiﬁca-

280 5363 464 5417 batur
494 5362 843 5417 exstiturum
878 5363 1188 5433 quemdam
1226 5365 1327 5432 qui
1388 5364 1590 5417 urbem
1651 5379 1778 5417 eam
1812 5381 1942 5434 pro-

276 5455 533 5506 stratam
569 5451 778 5506 iterum
801 5453 1236 5508 attolleretetin
1255 5451 1551 5507 meliorem
1580 5470 1755 5523 quam
1782 5454 1942 5524 prius

276 5541 533 5596 fortuna
567 5557 632 5594 ae
662 5541 956 5596 felicitatis
1015 5546 1230 5596 statum
1286 5543 1579 5597 excitaret.
1639 5541 1717 5596 Iis
1748 5547 1942 5597 autem

279 5630 478 5701 signis
508 5631 972 5687 adumbrabatur
1002 5631 1115 5686 iste
1147 5647 1330 5686 novus
1362 5631 1727 5686 instaurator
1778 5631 1940 5685 Tral-

1962 3181 2002 3228 Li

1973 3163 2002 3187 Ἷ

1970 4517 2018 4579 D

2041 1851 2273 1925 ἐρείπιον
2303 1854 2367 1922 ἦν
2415 1857 2558 1929 παρὰ
2589 1857 2805 1931 γαληνᾶ
2857 1857 3043 1932 ῥέοντα
3093 1857 3430 1932 Μαίανδρον,
3488 1859 3591 1914 ἔδει
3627 1859 3685 1915 δὲ

2035 1941 2124 1995 καὶ
2195 1941 2321 2005 τοὺς
2397 1948 2826 2016 κατοικησνιντας
2903 1949 3248 2022 πανταχόθεν
3307 1948 3680 2024 συλλέγεσθαι,

2036 2031 2110 2091 ὡς
2142 2028 2199 2084 ἂν
2237 2033 2311 2104 μὴ
2351 2035 2511 2104 μόνον
2539 2035 2796 2109 τείχεσιν,
2830 2034 2977 2089 ἀλλὰ
3004 2037 3092 2090 καὶ
3123 2035 3377 2110 ἀνδράσιν
3429 2038 3478 2092 ἐν
3530 2059 3685 2111 περι-

2036 2120 2222 2196 φανέσι
2267 2126 2375 2175 τῶν
2424 2121 2639 2177 πόλεων
2709 2126 3014 2200 ἀριθμῷτο,
3073 2126 3149 2187 ὡς
3211 2127 3342 2201 ὑπὲρ
3400 2127 3688 2202 τριάκοντα

2039 2209 2132 2282 μὲν
2189 2209 2276 2262 καὶ
2333 2207 2385 2280 ἕξ
2443 2211 2701 2286 χιλιάδας
2752 2213 2842 2266 τὸν
2893 2218 2998 2268 τῶν
3054 2213 3288 2269 ἐποίκων
3345 2217 3688 2291 ἀριθμεῖσθαι

2033 2299 2188 2365 Λαὸν,
2246 2299 2456 2373 μεγαλα
2488 2300 2532 2355 δ’
2564 2301 2806 2372 ἐΛπίζειν
2841 2309 2972 2380 σφᾶς
3023 2307 3249 2379 σχήσειν
3294 2311 3373 2382 τῷ
3424 2305 3665 2379 οἷ’κισμῷ

2040 2517 2183 2573 lium
2216 2534 2568 2586 eversarum,
2631 2537 2756 2590 quae
2817 2523 3122 2577 commode
3183 2523 3239 2576 in
3297 2523 3690 2580 Andronicum

2039 2608 2244 2662 cadere
2274 2609 2636 2669 viderentur.
2673 2615 2733 2662 ut
2761 2628 2872 2664 non
2910 2615 3216 2681 putaretur
3245 2613 3492 2666 dubium
3550 2615 3691 2683 quin

2039 2695 2161 2750 haec
2184 2695 2310 2766 ipsa
2343 2714 2470 2767 quas
2494 2704 2626 2752 tunc
2653 2699 3192 2766 g-‘rebantnrverus
3224 2704 3471 2755 eventus
3521 2701 3691 2756 istius

2041 2791 2236 2840 essent
2265 2786 2548 2853 vaticinii,
2578 2787 2838 2857 adeoque
2872 2789 2969 2856 qui
3021 2790 3216 2843 aderat
3276 2789 3564 2860 princeps,
3595 2790 3693 2844 ille

2041 2873 2212 2945 plane
2242 2874 2366 2944 ipse
2415 2876 2560 2930 foret
2617 2877 2784 2944 cujus
2814 2878 2968 2930 470
3019 2877 3359 2932 melioribus
3413 2879 3692 2949 auspiciis

2043 2965 2438 3032 reponendam
2473 2965 2532 3016 in
2566 2964 2962 3019 florentiorem
2999 2983 3175 3035 quam
3213 2983 3473 3036 unquam
3523 2973 3695 3021 antea

2042 3055 2338 3106 fortunam
2374 3052 2725 3123 prophetica
2756 3053 2880 3107 istas
2903 3053 3106 3108 litteras
3139 3055 3527 3125 spondebant.
3553 3055 3696 3110 Hinc

2044 3140 2269 3194 scilicet
2301 3141 2596 3195 animatus
2621 3143 2989 3197 Andronicus
3023 3147 3244 3197 multus
3276 3149 3401 3197 erat
3433 3143 3488 3197 in
3524 3161 3695 3213 opere

2043 3230 2324 3299 urgendo,
2361 3229 2590 3284 illectus
2623 3231 2869 3285 m.:xime
2916 3248 3018 3302 spe
3080 3231 3410 3302 longissimi
3470 3233 3600 3286 vitta
3631 3250 3696 3286 ac

2043 3319 2205 3388 regni
2236 3319 2436 3388 spatii,
2472 3319 2626 3388 quod
2659 3319 2943 3373 ’i‘rallium
2975 3320 3348 3375 iustauratori
3409 3326 3543 3391 post
3602 3338 3696 3376 eas

2042 3407 2344 3462 restitutas
2368 3408 2648 3462 divinitus
2686 3408 2759 3462 ibi
2797 3409 3054 3478 promitti
3088 3409 3410 3464 videbatur.
3456 3411 3696 3464 Summa

2042 3513 2178 3566 ergo
2203 3496 2576 3551 festinatione
2608 3503 2945 3551 accuratum
2973 3515 3119 3568 opus
3135 3503 3318 3566 est,et
3339 3504 3512 3552 tantae
3537 3499 3698 3552 urbis

2043 3586 2348 3640 aadilieatio
2375 3586 2529 3640 brevi
2567 3589 2842 3656 perlecta.
2878 3594 2951 3641 At
2979 3586 3302 3641 ludibrium
3324 3587 3693 3642 etsomnium

2043 3691 2109 3728 ea
2130 3673 2236 3728 fuit
2259 3673 2584 3744 inscriptio:
2616 3674 2668 3727 id
2705 3676 2862 3729 enim
2888 3692 3020 3730 vere
3048 3676 3281 3730 demum
3315 3678 3367 3730 in
3397 3677 3529 3730 fatis
3553 3681 3694 3744 erat,

2045 3769 2217 3832 prout
2273 3768 2479 3817 eventa
2535 3767 3054 3828 demonstrarunt,
3119 3764 3300 3817 multa
3363 3765 3694 3819 mortalium

2046 3851 2254 3914 millia,
2289 3852 2385 3920 qui
2421 3869 2621 3905 recens
2659 3851 2830 3905 isthic
2863 3852 3160 3906 domicilia
3202 3852 3488 3917 ﬁxissent,
3549 3853 3701 3907 male

2046 3939 2325 4009 peritura,
2364 3945 2535 4008 prout
2559 3940 2876 4008 contigisse
2898 3956 3030 3993 mox
3053 3941 3412 3994 docebimus.
3441 3940 3510 3994 Ut
3543 3942 3696 3994 enim

2045 4032 2237 4082 erecta
2263 4044 2362 4097 per
2397 4027 2706 4080 circuitum
2741 4028 2957 4080 uicinia
3017 4029 3276 4093 fuerunt,
3310 4045 3341 4082 e
3401 4028 3700 4098 parietinis

2047 4116 2302 4170 rediviva
2333 4117 2472 4169 urbs
2505 4115 2728 4169 exstitit
2763 4116 3036 4182 maxima,
3073 4117 3211 4186 ripa:
3243 4116 3524 4170 insistens
3556 4135 3698 4186 prae—

2047 4204 2374 4260 terﬂuentis
2400 4204 2623 4274 placide
2645 4205 3076 4260 iiaeandridiam
3097 4222 3265 4269 porro
3291 4223 3360 4259 ne
3384 4207 3700 4261 structuris

2049 4293 2547 4364 conspicuasolis
2591 4294 2645 4347 in
2676 4293 3000 4349 claritatem
3029 4312 3176 4348 novo
3200 4296 3489 4348 conditori
3522 4295 3700 4349 desti-

2050 4387 2245 4436 natam
2274 4399 2388 4435 non
2413 4381 3189 4452 eilioreseeret,frequentari
3223 4383 3502 4438 nimirum
3527 4400 3695 4453 Opor-

2049 4472 2162 4525 tuit
2186 4471 2514 4526 convocatis
2537 4489 2748 4542 magno
2780 4489 3024 4526 numero
3071 4474 3313 4528 colonis.
3366 4477 3608 4527 Summo
3640 4473 3696 4527 id

2051 4561 2572 4626 studioeuratum,
2605 4577 2668 4615 eo
2702 4576 2978 4614 successu
3015 4567 3077 4615 ut
3105 4562 3266 4615 brevi
3300 4565 3697 4616 recensindu-

2048 4654 2273 4703 etorum
2302 4649 2439 4704 illuc
2461 4649 2675 4703 civium
2696 4665 2796 4703 sex
2818 4657 2872 4704 et
2895 4651 3138 4721 triginta
3158 4650 3423 4706 millibus
3437 4652 3692 4720 capitum

2048 4740 2373 4794 multitudo
2405 4744 2763 4793 censeretur.
2835 4740 2900 4794 Hi
2941 4757 3145 4795 omnes
3179 4742 3420 4812 optimis
3467 4741 3693 4796 alacres

2050 4828 2289 4897 spebus,
2315 4827 2531 4898 quippe
2556 4829 2834 4899 auspiciis
2860 4829 3224 4884 faustissinia
3247 4831 3697 4902 spondentibus,

2052 4916 2605 4972 novaebabitationis
2637 4919 2894 4972 enceenia
2923 4918 3511 4991 celebrabant,ignari
3547 4939 3608 4976 se
3641 4938 3698 4975 re

2052 5006 2302 5059 maxime
2325 5006 2655 5060 necessaria
2687 5024 2900 5062 carere.
2932 5009 3057 5063 Non
3090 5009 3247 5063 enim
3281 5009 3562 5064 cisternas
3600 5027 3695 5081 pa-

2052 5099 2338 5162 raverant,
2371 5101 2470 5148 aut
2503 5113 2677 5149 manu
2731 5097 2938 5152 effossa
2991 5099 3333 5168 circumque
3390 5103 3610 5153 structo
3643 5104 3699 5152 et

2053 5184 2235 5240 solide
2265 5184 2507 5239 inducto
2539 5185 2780 5239 tectorio
2815 5187 3039 5240 munita
3070 5189 3483 5258 conceptacula
3516 5205 3695 5257 aqua-

2054 5292 2182 5328 rum
2216 5275 2301 5328 vel
2333 5273 2811 5344 excipiendarum
2845 5293 2874 5330 e
2905 5277 3068 5341 coelo,
3103 5293 3232 5330 cum
3268 5277 3513 5347 plueret,
3546 5275 3634 5330 vel
3667 5290 3698 5327 e

2053 5363 2228 5417 ﬂuvio
2257 5366 2811 5433 comportandarum
2838 5365 2895 5419 in
2918 5383 3058 5420 usus
3089 5366 3441 5420 domesticos
3463 5369 3519 5416 et
3547 5369 3697 5417 tem-

2053 5469 2261 5523 porum
2296 5469 2584 5508 annonam
2613 5455 2951 5510 dubiorum.
2973 5456 3158 5522 Hujus
3186 5455 3265 5508 rei
3292 5452 3695 5523 praevertenda;

2054 5557 2229 5597 causa
2259 5546 2403 5610 erat,
2436 5542 2481 5595 si
2509 5544 2917 5610 advertissent,
2956 5542 3303 5605 necessaria,
3349 5543 3556 5592 natura
3587 5539 3696 5596 soli

2053 5630 2212 5686 illius
2244 5647 2520 5686 venarum
2545 5648 2749 5704 expers
2771 5633 2979 5686 subtus
3013 5630 3304 5686 manantis
3335 5627 3608 5698 aquas,ita
3631 5634 3697 5683 ut
