4002 6198
406 310 508 368 931

1713 286 2012 342 GEORGII
2049 287 2511 342 mommsen
3619 300 3698 357 ωε

409 433 662 512 Ἠγνόουν
698 429 778 501 [Ρ.
812 423 937 495 322]
983 419 1040 474 δὲ
1089 415 1190 492 ἄρα
1243 417 1318 488 μὴ
1365 411 1588 519 ἔχοντες
1640 411 1702 518 τὸ
1751 408 2044 519 ἀναγκαιόῖ
2078 413 2130 476 Α
2161 407 2490 519 λειπούσηςζ
2543 407 2704 518 τοὺς,
2734 409 2827 517 μὲν
2881 409 3444 519 καρπῖἰίςωτρέφεσθῗιο
3484 414 3703 488 ξυμϐαίνοι

406 499 584 579 τατον.
620 499 757 575 Οὔτε
799 512 901 588 γὰρ
955 507 1159 564 ὑδάτων
1207 507 1360 579 εἶχον
1423 499 1726 574 ὑποδοχὰς.
1787 499 1860 559 ὡς
1918 499 2056 552 χατὰ

406 611 590 684 καιρὸν
667 597 1054 680 ὕδρευσὸμενοι
1111 587 1565 668 καταφερομένων
1637 584 1884 664 ὄμϐρων,
1947 584 2054 641 εἶίτε

404 677 508 755 καὶ*
550 701 646 753 τοῦ
700 677 956 764 ποταμοῦ
1014 682 1379 760 ἀνιμωμὲνου·
1429 681 1490 736 τό
1545 700 1604 734 τε
1658 677 2053 750 κατορύξαντας

404 788 577 860 εὖρεῖν
631 782 777 858 ὕδωρ
819 763 1073 855 ὑπόγαιον
1131 780 1238 829 τῶν
1298 770 1570 826 ἀδυνάτων
1629 766 1896 844 ἐφαίνετο.
1950 763 2052 821 Αἴ-

397 854 514 933 τιον
548 873 594 930 δ’
627 854 780 946 οἶμαι
808 871 871 925 τὸ
1033 864 1286 939 στεγανὸν
1317 865 1413 915 τοῦ
1464 856 1658 914 πεδίου
1692 854 1780 910 διὰ
1807 857 1905 924 τήν
1937 876 2054 929 γει-

395 970 655 1024 τονοῦσαν
692 958 893 1036 ἰκμάδα
921 961 1017 1012 τοῦ
1075 955 1349 1025 ποταμοῦ,
1375 950 1435 1017 ἣν
1471 945 1584 1002 οἵαν
1643 967 1700 1000 τε
1762 947 1834 1017 μὴ
1888 945 2047 997 οὖσαν

398 1057 650 1131 ἐμμένειν
703 1033 1152 1125 ὁίπροσϐάλλων
1201 1040 1362 1110 ἥλιος
1414 1037 1612 1109 θερμὸς
1655 1033 1726 1088 ὢν
1754 1034 2047 1106 ἀνιμᾶσθαι

397 1126 627 1223 acip-5m:
658 1141 794 1216 πρὸς
841 1139 902 1192 τὸ
942 1131 1278 1200 ἐπιπολάζον
1315 1126 1723 1201 ἀνασυρομὲνην
1770 1130 1868 1192 τῆς
1918 1129 2046 1196 γῆς,

396 1213 490 1292 καί
514 1237 577 1290 τὸ
611 1213 773 1306 ξηρὰν
804 1226 913 1298 ἤδη
963 1223 1202 1294 καθάπαξ
1255 1217 1495 1295 γίνεσθαι
1538 1220 1617 1287 τῷ
1668 1217 1883 1288 συχνῶς
1932 1213 2050 1266 ἀνι-

401 1302 706 1398 μᾶσθαιγτῷ
752 1317 900 1389 ἡλίῳ
928 1315 1025 1382 τὴν
1061 1307 1266 1384 ἰκμάδα
1323 1305 1411 1361 διὰ
1465 1305 1526 1360 τὸ
1586 1311 1686 1372 τῆς
1744 1302 2048 1398 θγροτητος

400 1390 704 1488 μᾶσθαι
753 1405 902 1478 ἡλίῳ
930 1405 1030 1473 τήν
1082 1396 1287 1473 ἰκμάδα
1345 1393 1435 1450 διὰ
1489 1395 1551 1448 τὸ
1609 1390 2046 1488 τ·ἧς“ὐγρὸ;;ητοῗ

392 1478 622 1558 ἔκλυτον
653 1505 753 1568 τῆς
780 1500 988 1569 συγνῆς
1019 1492 1077 1545 ἐκ
1104 1493 1202 1544 τοῦ
1234 1488 1485 1556 ποταμοῦ
1515 1483 1605 1536 καὶ
1663 1481 1815 1540 αὖθις
1847 1479 1922 1540 εἰς
1979 1478 2046 1533 τὰ

393 1592 521 1648 κενὰ
548 1586 899 1666 προσρῦσεως
937 1583 1010 1655 μὴ
1044 1579 1246 1646 ἒώσης,
1277 1575 1340 1629 τὸ
1373 1571 1418 1627 δ’
1451 1573 1524 1635 εἷς
1559 1569 1723 1646 βάθος
1775 1563 2043 1642 προσϐαί-

391 1705 496 1738 νειν
526 1658 619 1741 τάξ
650 1658 900 1744 λιϐάδας,
952 1672 1025 1731 ὡς
1069 1667 1160 1723 διαὶ
1213 1665 1288 1726 εἷς
1340 1661 1617 1735 διώρυχας
1671 1658 1909 1719 εὐπετεῖς
1969 1658 2040 1711 εἷ-

391 1794 476 1829 ναι
535 1770 624 1825 καὶ
659 1765 885 1839 ἀνοίξεις
918 1760 1186 1838 φρεάτων,
1244 1758 1340 1808 τοῦ
1398 1748 1724 1806 ἐπιπολαίου
1781 1755 1880 1817 τῆς
1934 1754 2040 1822 γῆς
2072 1771 2119 1834 Β

389 1859 726 1928 κωλύοντος,
782 1836 957 1925 οἶμαι,
1018 1849 1130 1920 ἅμα
1161 1841 1463 1919 δεχομένου
1509 1841 1608 1908 τήν
1662 1836 2034 1911 ἐπεισρέουσαν

387 1947 577 2006 νοτίδα
624 1947 714 2001 καὶ
775 1945 866 2016 ἅμ’
919 1939 1259 2011 ἒξεμοῦντος.
1321 1931 1530 2007 Πὲφυκε
1586 1928 1690 2004 γὰρ
1741 1925 1831 1981 καὶ
1891 1924 2037 1999 ὕδωρ

385 2043 476 2097 καὶ
533 2041 746 2108 πνεῦμα
912 2030 1060 2105 ἀρχῇ
1122 2026 1487 2099 συγκινεῖσθαι
1548 2019 1609 2072 τὸ
1667 2022 1769 2071 πᾶν
1829 2015 2036 2093 ἐφεξῆς,

388 2132 464 2193 ὡς
495 2129 602 2197 ὅπη
635 2124 768 2180 ποτὶ
799 2121 901 2198 ῥυῇ
932 2139 983 2172 τι
1013 2115 1219 2171 τούτων
1271 2105 1438 2167 λαϐὸν
1490 2108 1694 2183 ἀρχὴν,
1753 2105 1923 2160 ἐκεῖσε
1948 2105 2037 2158 καὶ

386 2220 447 2274 τὸ
478 2193 674 2273 λοιπὸν
705 2213 756 2284 ἐξ
793 2193 1032 2284 ἆνᾶγκης
1064 2206 1303 2278 συνεχῶς
1354 2200 1626 2277 φέρεσθαι.
1679 2196 1810 2270 Παρ⁹
1855 2195 1915 2262 ἣν
1949 2193 2038 2248 αἶ’..

383 2307 502 2362 τίαν
534 2304 624 2360 καὶ
653 2307 732 2374 τῷ
763 2301 1002 2373 συνεχῶς
1041 2294 1135 2367 μὲν
1163 2292 1226 2347 τὸ
1258 2292 1316 2344 ὅν
1349 2287 1761 2374 ἀπογίγνεσθαι,
1794 2288 2036 2374 συνεχῶς

390 2393 560 2450 δὲκαὶ
595 2394 657 2447 τὸ
802 2387 858 2442 ὅν
891 2371 1313 2461 νπροσγίνεσθαι,
1356 2384 1454 2446 τῆς
1513 2371 1745 2448 ῗκμάδος
1791 2376 1865 2447 μή
1919 2371 2035 2427 ἐπι⁸

389 2527 602 2596 puteus
631 2515 927 2574 Trallibus
957 2511 1086 2566 viva
1117 2504 1474 2577 scaturigine
1516 2499 1786 2574 perennis
1845 2511 1912 2554 ex
1962 2498 2036 2596 iis

384 2589 540 2668 esset
572 2609 746 2664 rebus
779 2620 904 2676 quas
937 2597 1159 2673 sperari
1192 2612 1306 2651 non
1334 2595 1592 2665 possent,
1627 2605 1892 2662 quasque
1933 2589 2033 2659 qui

382 2702 694 2757 conaretur
709 2708 944 2766 operam
965 2689 1248 2760 perderet.
1266 2683 1476 2748 Causa,
1502 2680 1726 2751 opinor,
1747 2683 1836 2733 est
1858 2677 2032 2749 paulo

383 2785 734 2863 profundius
766 2775 1130 2837 subsidentis
1163 2771 1270 2830 soli
1306 2771 1545 2826 aridilas
1595 2783 2029 2863 exsuccaL-nec

379 2855 485 2952 par
516 2875 780 2934 soliditas
825 2867 1041 2941 liquori
1099 2861 1449 2922 continendo
1487 2876 1616 2952 prae
1676 2855 2032 2952 solubilitate

380 2946 622 3026 cinerem
652 2961 853 3029 simili,
881 2974 1015 3014 cum
1047 2961 1245 3012 tamen
1296 2949 1663 3021 superficiem
1723 2962 1928 3001 versus
1961 2946 2031 3000 ad

379 3058 640 3130 aliquam
669 3050 1042 3108 altitudinem
1075 3046 1283 3100 exudet
1308 3039 1529 3112 passim
1556 3037 1776 3091 humus
1797 3036 2031 3130 madpre

373 3123 591 3204 lutoso.
629 3144 687 3198 ld
721 3141 906 3196 oritur
934 3155 1002 3191 ex
1033 3149 1211 3206 prope
1253 3127 1586 3201 stagnantis
1619 3126 1862 3180 humore
1919 3123 2030 3177 ﬂu-

377 3237 579 3300 minis,
611 3247 782 3302 quem
824 3228 911 3282 vis
944 3227 1091 3280 471
1131 3220 1271 3276 solis
1302 3219 1380 3272 ibi
1430 3214 1719 3287 potentior
1777 3211 2030 3267 sustinet

367 3325 497 3397 jugi
525 3323 799 3381 attractu,
825 3332 930 3369 nec
949 3310 1181 3368 sublabi
1199 3303 1759 3397 sinit,extenuansin
1783 3318 2028 3397 vapores

373 3390 569 3470 tenrrze
603 3421 858 3479 superne
879 3419 1020 3458 rarae
1045 3397 1351 3454 meabilem
1376 3393 1671 3448 levitatem
1699 3390 2028 3445 imbuentes

379 3503 632 3570 indeque
659 3509 897 3551 sursum
930 3489 1292 3550 exhalantes,
1332 3482 1502 3537 sicin
1563 3481 1656 3534 his
1713 3481 2028 3549 absumpta

381 3568 729 3645 bumiditate
760 3588 879 3638 tota
912 3577 1121 3636 suffusi
1152 3572 1364 3636 laticis,
1402 3575 1465 3624 ut
1497 3586 1566 3624 ne
1598 3569 1755 3623 stilla
1789 3568 2024 3639 quidem

373 3675 794 3734 reconditiores
810 3670 1019 3725 inﬂuat
1041 3663 1266 3721 telluris
1283 3660 1384 3716 inti
1397 3677 1486 3713 me
1501 3657 2027 3729 squallentissinus

374 3772 587 3823 natura
601 3763 893 3835 siquidem
919 3759 1040 3813 haec
1063 3755 1326 3826 quaedam
1343 3755 1398 3805 et
1418 3748 1672 3804 conditio
1696 3747 2027 3802 communis

375 3875 538 3931 aquae
569 3860 627 3910 et
658 3869 816 3909 aurae
846 3856 954 3915 est,
989 3852 1053 3901 ut
1081 3846 1135 3899 in
1166 3839 1456 3914 principia
1488 3838 1876 3893 refundantur
1896 3854 2024 3902 sua,

374 3928 699 4016 eodemque
730 3938 1099 3996 resolvantur
1129 3931 1460 3988 desinentes
1519 3928 1672 3982 unde
1721 3931 2026 3981 nascentes

373 4036 659 4110 prodiere,
689 4033 940 4088 decursu
975 4024 1186 4081 nativis
1219 4037 1405 4091 usque
1437 4017 1749 4073 etﬂuxibus
1781 4033 2024 4071 consen-

373 4105 568 4190 taneo,
601 4138 704 4177 nec
736 4117 1098 4174 exorbitante
1155 4111 1272 4166 fere
1303 4127 1335 4164 a
1358 4108 1545 4162 limite
1578 4123 1751 4178 quem
1785 4105 2027 4176 originis

374 4217 635 4286 impetus
659 4207 928 4281 signavit.
960 4204 1074 4259 Nec
1106 4200 1342 4255 aliunde
1376 4197 1750 4268 repetendam
1785 4212 2021 4249 causam

372 4284 640 4360 duierim
672 4297 971 4354 celebratae
1026 4289 1318 4347 felicitatis
1352 4287 1458 4342 soli
1505 4284 1903 4340 Trallensisin
1937 4285 2021 4355 gi-

369 4391 622 4466 gnendis
681 4383 1164 4453 maturandisque
1233 4392 1406 4433 omne
1481 4392 1666 4446 genus
1717 4374 2020 4429 fructibus.

371 4464 588 4540 praesto
616 4477 898 4533 nimirum
957 4476 1046 4528 est
1103 4468 1414 4524 abundans
1471 4465 1544 4519 iis
1605 4464 1833 4519 alendis
1885 4465 2026 4518 uber

373 4570 671 4646 quoddam
705 4565 813 4622 soli
847 4559 1106 4632 contigui
1126 4557 1436 4646 stirpibus,
1461 4554 1859 4646 superﬁciario
1892 4571 2029 4646 exu-
2062 4548 2107 4610 D

371 4643 570 4718 dantis
601 4672 798 4720 succo,
823 4668 928 4708 nec
960 4649 1286 4722 quidquam
1321 4643 1637 4699 derivantis
1695 4661 1813 4698 sua:
1849 4644 2026 4714 cepiae

371 4753 431 4807 in
464 4747 840 4806 demissiores
871 4745 1067 4813 partes
1099 4736 1373 4792 ariditate
1417 4738 1740 4788 maceratae
1797 4735 2026 4802 intima,

374 4841 475 4898 sed
498 4837 730 4894 vitalem
759 4834 928 4888 illum
962 4834 1148 4885 totum
1211 4824 1569 4881 eﬁ'undentis
1631 4824 1934 4879 humorem
1969 4824 2026 4878 in

374 4926 792 5004 pinguedinem
854 4934 1162 4993 pomorum
1213 4921 1271 4970 et
1339 4915 1652 4968 baccarum
1715 4913 2029 4968 mitissima

373 5003 557 5076 saliva
588 5014 929 5072 celebrium.
958 5009 1097 5064 Inde
1122 5010 1206 5075 (ut
1235 5005 1307 5060 ad
1341 5019 1463 5057 rem
1496 5019 1585 5056 me
1630 5004 1900 5071 referam)
1933 5003 2027 5057 ir.—

367 5109 598 5180 tclliges
631 5099 993 5162 excavaturis
1027 5096 1199 5151 isthic
1231 5098 1435 5166 puteos
1469 5093 1582 5147 duo
1615 5093 1862 5146 invicem
1891 5111 2027 5148 con-

372 5199 551 5256 traria
580 5195 897 5253 obstitisse.
934 5188 1101 5244 Prius
1133 5189 1258 5240 erat
1291 5183 1577 5256 paludosa
1635 5182 1913 5237 mollities
1944 5183 2024 5236 vi-

373 5289 516 5345 cina=
549 5282 876 5359 superﬁcial
911 5285 1099 5346 teme,
1124 5275 1182 5329 in
1208 5289 1381 5345 grave
1405 5272 1753 5326 fodientium
1779 5272 2026 5342 impedi-

378 5384 640 5435 mentum
677 5371 1039 5432 redundans;
1096 5381 1272 5436 quam
1329 5362 1377 5417 si
1427 5362 1561 5433 quis
1622 5360 2024 5416 difficultatem

371 5469 660 5542 patienter
692 5459 979 5535 egerendo
995 5449 2028 5542 vinceretlulomccurrcbatalterum

371 5539 889 5628 impedimentum,
915 5545 1021 5602 soli
1053 5540 1439 5614 depressioris
1472 5540 1714 5611 strigosa
1770 5539 2025 5612 siccitas,

374 5649 582 5726 praeter
605 5641 770 5706 sitim
803 5635 1020 5694 arentis
1048 5632 1229 5704 gleba
1258 5629 1434 5687 etiam
1493 5629 1564 5686 ob
1625 5628 2025 5688 friabilitatem

2162 497 2216 558 ἐς
2274 497 2354 552 ὅτι
2393 497 2647 571 μάλιστα,
2683 497 3000 575 ὑφίστασθαι
3040 496 3088 553 δ’
3121 495 3261 574 ὕδωρ
3289 500 3358 564 εἷς
3388 502 3526 576 βάθος
3553 510 3611 578 μὴ
3636 531 3706 565 πε-

2162 586 2402 662 φυκὲναι.
2487 593 2653 642 Τοῦτο
2715 589 2782 642 τὰ
2866 587 3098 643 πλεῖστα
3182 587 3302 651 τοὺς
3363 597 3704 664 κατοικήσαντας

2160 673 2382 753 ἔσφηλε.
2412 675 2554 737 Τέως
2583 677 2688 752 γὰρ
2717 681 2814 730 τοῦ
2843 674 3095 750 ποταμοῧ
3127 676 3358 740 πίνοντες
3401 681 3480 734 καὶ
3519 684 3570 737 τὸ
3607 685 3706 756 μέλ.

2160 762 2256 818 λον
2319 766 2393 837 μὴ
2426 765 2810 840 προορώμενοι
2846 765 3214 842 ἀφροντίστως
3244 768 3399 841 εἶχον.
3431 771 3642 844 Ἠγιόουν
3667 772 3706 829 δὲ

2158 851 2258 928 ἄρα
2289 853 2372 908 ὅτι
2403 855 2729 928 Προμηθεὺς
2776 854 2973 927 πολλῴ
3010 860 3251 930 κρεῖττον
3282 858 3603 929 Ἐπιμηθέως,
3643 865 3708 917 καὶ

2155 944 2216 997 τὸ
2273 945 2390 997 κατ’
2447 945 2680 1020 ἀνάγκην
2741 939 3032 1016 ξυμϐαῖνον
3094 942 3308 1018 διωρίαν
3353 946 3440 1000 οὐκ
3479 946 3576 1022 ἔχει
3617 951 3708 1024 βου-

2156 1031 2282 1102 λῆς.

2151 1239 2252 1296 καί.
2310 1240 2500 1302 Ὃπως
2570 1240 2623 1292 αἱ
2698 1237 2968 1309 Τράλλεις
3046 1239 3426 1304 ἆνακτισθεῖσαι
3493 1241 3583 1297 ὐπὸ
3632 1249 3708 1299 τῶν

2720 1316 2939 1385 Περσῶν
2965 1311 3231 1368 ἑάλωσαν.

2225 1482 2303 1552 [Ρ.
2337 1481 2462 1552 3'23]
2493 1480 2650 1536 Οὕτω
2707 1481 2888 1534 τοίνυν
2947 1479 3159 1556 ἔχουσι,
3215 1482 3302 1535 καὶ
3352 1480 3482 1537 οὕτω
3509 1490 3716 1557 χρησταῖς

2149 1567 2549 1642 ἀπῃωρημένος
2605 1574 2725 1630 ταῖς
2784 1568 2996 1623 ἐλπίσιν
3040 1571 3131 1646 ’ὡς
3200 1569 3440 1632 πολίταις
3492 1569 3717 1648 διαφερόν-

2147 1680 2256 1720 τως
2285 1663 2380 1712 τοῦ
2417 1656 2684 1733 βασιλέως
2735 1656 3028 1731 διάξουσιν,
3063 1657 3337 1736 ἐφίσταταί
3377 1682 3510 1738 σφισι
3551 1660 3718 1730 πλῆθος

2153 1747 2391 1818 Ιιερσῶνο
2425 1747 2561 1822 πρὸς
2607 1749 2704 1822 γὰρ
2753 1751 2815 1801 τὸ
2867 1745 3230 1820 ἐλπιζόμενον
3280 1749 3612 1823 ἀντιπράττειν
3654 1751 3716 1803 καὶ

2149 1835 2280 1910 ὑπὲρ
2311 1841 2417 1890 τῶν
2447 1835 2656 1890 λοιπῶν
2702 1835 2947 1891 ἵστασθαι
2977 1839 3010 1906 ἡ
3063 1835 3274 1907 σπουδή
3303 1844 3406 1892 τῶν
3460 1839 3718 1911 ἀνθισταμέ-

2147 1948 2254 1980 νων
2307 1923 2478 1996 ἕρπει.
2550 1928 2644 1980 Καὶ
2703 1925 2986 1988 Σάλπακις
3037 1928 3155 2000 μὲν,
3225 1929 3281 1982 ’ὀν
3357 1927 3412 1981 ἃν
3551 1928 3719 1983 ἐκείνων

2145 2015 2365 2090 γλῶσσα
2394 2013 2637 2092 ἀνδρεῖον
2685 2015 2854 2083 εἷ’ποι,
2911 2017 3232 2091 Μανταχίας
3281 2015 3522 2090 τοῦνομα,
3573 2019 3758 2092 nulla

2144 2126 2250 2159 τινι
2302 2110 2538 2180 γαυριῶν
2585 2111 2664 2178 τῷ
2717 2105 2919 2176 πλήθει
2974 2111 3043 2180 τῇ
3097 2106 3260 2162 πόλει
3309 2104 3613 2182 προσϐάλλει
3657 2112 3722 2163 καὶ

2144 2195 2522 2270 περικάθηται,
2575 2197 2602 2250 ὁ
2659 2193 2715 2249 δὲ
2747 2196 3053 2271 στρατηγὸς
3099 2198 3126 2250 ὁ
3187 2197 3349 2271 μέγας
3394 2196 3728 2273 χαρτουλάριος

2147 2279 2476 2358 Λιϐαδάριος
2508 2283 2559 2338 ἐν
2594 2284 2930 2359 ἀμηχανίαις
2990 2287 3280 2348 παντοίαίς
3324 2287 3410 2358 ἦν,
3451 2288 3497 2340 οἱ
3542 2285 3581 2341 δ’
3620 2288 3727 2347 ἐντὸς

2147 2372 2448 2446 ἐλίμωττον
2509 2373 2598 2427 καὶ
2647 2372 2815 2428 πλὲοι
2875 2372 3433 2450 προσεταλαιπώρουν
3478 2379 3539 2449 τῇ
3588 2374 3727 2448 lautiu-

2145 2500 2282 2555 ﬂuxi
2315 2499 2569 2572 pulveris
2603 2501 2849 2555 fundum
2907 2517 3130 2573 negans
3193 2518 3456 2574 capacem
3509 2504 3726 2559 laticite-

2145 2590 2361 2655 nendo,
2396 2589 2507 2645 nisi
2543 2595 2598 2644 et
2630 2591 3030 2660 pavimentum
3063 2590 3465 2648 substerneres
3516 2599 3565 2649 et
3590 2593 3729 2649 latera

2145 2680 2684 2735 circumacdificares
2743 2697 2914 2750 opere
2970 2680 3159 2736 solido
3218 2683 3642 2754 perduceresque
3675 2683 3726 2738 ad

2144 2786 2472 2837 summum,
2507 2771 2661 2825 unde
2686 2786 2858 2824 manu
2885 2771 3210 2841 repositam
3233 2772 3319 2826 vel
3353 2771 3488 2827 ccelo
3515 2771 3727 2844 illapsam

2143 2858 2354 2913 deinde
2383 2875 2598 2929 aquam
2631 2858 2702 2913 ad
2737 2874 2909 2912 usum
2951 2875 3276 2929 promeres.
3339 2860 3397 2914 Id
3429 2864 3542 2914 tum
3587 2861 3729 2914 facere

2143 2947 2274 3002 novi
2307 2947 2640 3002 Trallenses
2668 2946 3073 3018 neglexerunt,
3098 2948 3267 3018 gravi
3289 2953 3347 3003 et
3373 2950 3600 3020 graviter
3621 2949 3728 3019 ipsis

2143 3037 2355 3092 luendo
2416 3038 2786 3108 postmodum
2847 3053 3062 3092 errore.
3099 3039 3166 3092 In
3229 3055 3479 3110 praesens
3525 3038 3731 3094 videlicet

2145 3127 2373 3181 abundat
2406 3126 2552 3196 ipsis
2583 3127 2653 3180 ad
2690 3132 2892 3200 potum
2925 3130 3282 3198 suppetebat
3311 3127 3461 3184 latex
3503 3127 3728 3201 limpidus

2144 3233 2208 3271 ex
2223 3233 2395 3270 amne
2415 3217 2762 3287 profluente,
2787 3233 2902 3287 quo
2925 3233 2987 3271 se
3012 3217 3402 3273 interclusum
3427 3218 3488 3272 iri
3513 3218 3562 3271 vi
3579 3215 3730 3271 hostili

2140 3306 2293 3360 haud
2320 3311 2445 3360 tum
2472 3322 2613 3360 sane
2636 3306 3037 3376 providebant,
3060 3306 3328 3362 infelices
3353 3307 3449 3379 qui
3475 3308 3730 3371 nescirent,

2142 3401 2358 3466 quanto
2417 3395 2796 3450 Prometheus
2850 3397 3227 3465 praestantior
3301 3397 3378 3451 sit
3435 3395 3728 3467 Epimetheo,

2141 3490 2380 3554 quanto,
2458 3485 2724 3554 inquam,
2781 3485 2934 3539 472
3012 3483 3317 3540 salubrius
3375 3486 3730 3555 praevertentur

2138 3573 2215 3626 im
2229 3573 2540 3643 pendentia
2562 3572 2717 3627 mala
2731 3573 2958 3643 sagacis
2973 3576 3372 3644 praecentione
3393 3571 3726 3646 providentia),

2140 3679 2317 3734 quam
2352 3661 2431 3716 nil
2467 3662 2790 3733 profuturis
2820 3663 2890 3716 ad
2924 3667 3258 3717 extremum
3319 3662 3579 3718 lamentis
3626 3675 3726 3714 sera

2141 3752 2489 3824 poenitentiae
2513 3750 2925 3822 deplorentur:
2960 3768 3165 3807 verum
3201 3754 3363 3825 quod
3404 3751 3552 3807 fatali
3576 3765 3728 3805 neces-

2141 3841 2314 3895 sitate
2337 3839 2579 3911 ingruit,
2607 3857 2710 3895 nec
2733 3843 2911 3896 averti
2933 3857 3038 3896 nec
3064 3842 3292 3898 differri
3314 3841 3548 3898 consilio
3577 3843 3734 3912 potest.

2263 3986 2351 4038 21.
2390 3986 2451 4040 Ut
2477 3985 2527 4038 T-
2545 3985 2678 4039 alie:
2703 3989 3030 4042 restaurata
3062 4004 3092 4040 ιι
3126 3987 3312 4042 Persis
3342 3989 3507 4058 capta
3533 3986 3646 4040 sint.

2217 4109 2388 4165 Novis
2421 4109 2577 4163 enim
2611 4109 3020 4165 Trallensibus
3048 4111 3106 4164 in
3138 4111 3245 4168 illa
3288 4112 3538 4167 felicium
3589 4106 3742 4176 auspi-

2143 4201 2363 4256 ciorum
2389 4201 2778 4272 gratulatione
2802 4203 3012 4256 saacula
3034 4203 3146 4257 sibi
3173 4220 3357 4259 aurea
3381 4199 3741 4274 spondentibus

2141 4291 2302 4361 (nam
2337 4289 2474 4362 quid
2510 4308 2623 4344 non
2649 4307 2752 4360 spe
2785 4299 3216 4362 praesumerent
3235 4292 3497 4348 Junioris
3529 4284 3744 4359 Augusti.

2143 4379 2405 4450 longum,
2444 4379 2664 4452 utierat
2693 4380 3031 4448 verisimile,
3092 4397 3159 4436 ac
3216 4382 3434 4437 ﬂorens
3489 4376 3743 4448 imperium

2145 4470 2500 4536 inchoantis,
2535 4469 2858 4540 peculiares
2879 4470 3121 4525 clientes
3143 4488 3211 4526 ac
3235 4472 3416 4537 cives,
3447 4470 3572 4525 inde
3591 4461 3744 4539 praci-

2140 4578 2255 4633 puo
2289 4575 2521 4630 semper
2552 4560 2706 4629 apud
2739 4575 2873 4613 eum
2911 4559 2970 4613 in
3019 4560 3144 4615 loco
3179 4562 3386 4631 gratiae
3418 4557 3627 4625 futuri?)
3672 4567 3745 4606 su-

2138 4649 2400 4722 pervenit
2421 4665 2552 4704 ecce
2583 4648 3098 4719 inopinatissimus
3121 4652 3424 4707 exercitus
3471 4654 3746 4706 Persarum,

2139 4757 2288 4812 quos
2321 4741 2536 4794 eaedem
2569 4739 2840 4794 videlicet
2869 4738 2941 4792 ad
2975 4739 3342 4796 obstandum
3387 4739 3562 4795 initiis
3608 4734 3747 4801 hujus

2140 4829 2378 4885 coloniae
2412 4827 2794 4899 impellebant
2824 4844 3020 4896 causa,
3075 4847 3208 4899 quae
3271 4829 3650 4886 Andronicum
3697 4817 3747 4874 ad

2142 4919 2510 4973 condendam
2542 4933 2666 4971 eam
2703 4922 3025 4972 moverant:
3087 4923 3152 4972 ut
3202 4921 3364 4974 enim
3419 4918 3510 4972 hic
3569 4917 3747 4968 frenum

2139 5008 2388 5062 licentiae
2440 5007 2738 5077 prmdandi
2789 5023 2854 5060 ac
2902 5008 3352 5078 receptaculum
3417 5005 3684 5079 copiarum
3707 4996 3748 5050 in

2140 5098 2333 5152 clades
2367 5096 2621 5150 Persidis
2655 5095 3092 5151 imminentium
3144 5100 3536 5154 constitutum
3591 5093 3639 5147 in
3669 5092 3750 5143 ista

2137 5188 2352 5242 vicinia
2382 5185 2661 5246 voluerat,
2715 5185 2797 5239 ita
2844 5184 2926 5239 illi
2959 5202 3026 5240 ea
3084 5187 3218 5256 ipsa
3253 5189 3573 5242 metuentes
3625 5171 3748 5232 omni

2141 5280 2366 5331 mature
2398 5274 2857 5329 incumbendum
2892 5281 3102 5330 conatu
3135 5279 3468 5332 censebant
3511 5274 3575 5328 ad
3619 5281 3747 5325 excu-

2138 5366 2400 5420 tiendum
2437 5365 2543 5418 hoc
2567 5365 2776 5434 jugum
2803 5364 2959 5421 velut
2995 5365 3348 5437 impositum
3380 5361 3692 5422 cervicibus,
3710 5357 3749 5406 el

2139 5459 2356 5509 certam
2390 5453 2706 5524 perniciem
2741 5470 2773 5507 a
2804 5470 2908 5508 suo
2945 5453 3126 5508 limite
3163 5455 3595 5510 removendam.
3639 5447 3750 5513 Ergo

2137 5541 2501 5598 Mantachias
2532 5542 2772 5615 quidam
2805 5545 3197 5614 cognomento
3223 5543 3511 5615 Salpacis,
3546 5552 3652 5610 qua:
3670 5545 3748 5585 v01

2137 5632 2300 5704 linga
2331 5632 2565 5688 Persica
2587 5633 2795 5688 fortem
2829 5637 3020 5702 sonat,
3055 5631 3398 5690 innumeris
3425 5647 3564 5703 quas
3591 5627 3748 5681 ducta-
