4002 6198
243 306 352 362 933

1295 306 1391 358 DE
1427 301 1799 359 MICHAELE
1837 298 2282 355 PALBOLOGO
2317 303 2451 355 LIB.
2492 302 2590 355 VI.

3554 316 3661 374 934

249 427 392 504 δρίᾳ,
427 426 732 494 ὡς,ἐκεῖθεν
770 427 866 500 μὲν
904 427 995 480 καὶ
1051 429 1158 480 τῶν
1213 423 1678 499 ἀπηγορευμένων
1736 419 1897 474 ἅπτε·
1929 427 1980 493 Α
2012 418 2259 493 θεμέλια,
2290 420 2353 476 τὸ
2385 418 2441 476 δέ
2496 423 2545 496 γ’
2601 421 2944 497 ἐπικείμενον
2989 433 3098 485 τῶν
3131 433 3441 506 κτισμδίτων
3475 437 3664 508 ξύλοις

249 530 396 585 σθαι,
431 516 668 571 ἐντεῦθεν
717 513 774 570 δὲ
821 512 974 570 ὕδατι
1032 519 1330 576 πονοῦντας
1386 513 1551 586 ὑγροῦ
1597 531 1745 572 τινος
1802 531 1908 582 μη-

248 608 433 684 χανήν
496 604 785 675 ἐκζητεῖν,
845 604 934 658 καὶ
1006 607 1244 677 σννεχῶς
1301 596 1505 677 φλέϐας
1563 605 1669 654 τῶν
1718 597 1906 652 ’ίππων

245 699 553 768 τέμνοντας
584 694 680 747 τοῦ
742 691 973 765 α’ίματος
1035 690 1290 768 ἐκροφᾷν.
1351 688 1512 746 Ἀλλ’
1574 688 1672 744 οὐκ
1727 685 1908 756 ἦνέν-

247 788 435 842 τεῦθεν
464 784 525 837 τὸ
571 788 674 836 πᾶν
708 789 810 851 τῆς
858 779 1021 855 δίψης
1072 780 1270 835 ἰᾶσθαι.
1318 779 1408 834 καὶ
1459 776 1716 849 ἔθνησκον
1749 775 1909 830 ἐπασ-

253 875 490 948 σύτεροι.
526 872 668 946 Πρὸς
698 871 802 946 γὰρ
832 871 923 925 τὸν
981 869 1147 942 λιμὸν
1204 869 1294 924 καὶ
1360 867 1571 942 μᾶλλον
1620 867 1902 940 ἀντεῖχον*

255 965 532 1036 ἐπήρκουν
566 959 666 1036 δάρ
727 961 877 1034 σφίσι
909 961 999 1014 καὶ
1029 959 1093 1014 τά
1123 963 1232 1013 τῶν
1293 957 1640 1027 θνησκνΆρτων
1695 955 1908 1029 ἀλόγων

255 1055 508 1126 σώματα.
565 1051 657 1104 καὶ
691 1071 753 1124 γε
802 1049 977 1104 αὐτῶν
1013 1049 1357 1119 θνησκόντων
1417 1045 1712 1116 πολλάκις,
1745 1044 1916 1106 οὕτως

255 1141 457 1202 ἐνδεῶς
491 1140 642 1216 εἶχον
670 1144 779 1194 τῶν
813 1138 1118 1213 ἀναγκαίων
1150 1139 1226 1200 ὡς
1269 1137 1358 1192 καὶ
1412 1136 1587 1190 αὐτῶν
1637 1136 1913 1190 ἅπτεσθαι.

261 1235 354 1306 Τῇ
389 1229 447 1286 δέ
478 1251 538 1304 γε
569 1227 703 1302 δίψη
761 1229 851 1282 καὶ
910 1226 1122 1302 μᾶλλον
1183 1223 1316 1300 οὔσῃ
1383 1223 1661 1302 βιαιοτέρᾳ
1720 1223 1818 1277 οὐκ
1846 1221 1914 1290 ἦν

256 1321 546 1390 ἐπινοῆσαι
601 1316 910 1394 Θεραπείαν,
940 1317 1031 1370 καὶ
1077 1319 1250 1370 ταῦτα
1300 1315 1362 1370 τὸ
1400 1308 1776 1387 μεσημϐρινὸν
1815 1316 1914 1366 τοῦ

255 1413 429 1480 ἡλιου
487 1409 800 1486 φλέγοντος.
857 1407 1015 1463 ’Ὁθεν
1089 1406 1178 1460 καὶ
1235 1403 1626 1480 προσεχώρουν
1702 1403 1915 1464 ἑκόντες

248 1504 376 1562 τοῖς
404 1495 716 1569 πολεμίοις.
752 1494 1132 1570 ἀνκεκτότερον
1181 1493 1485 1569 ἡγούμενοι
1528 1491 1757 1556 θανάτου
1787 1489 1916 1566 τρό-

251 1609 361 1643 πον
397 1590 606 1642 ἅπαντα
643 1589 740 1640 τοῦ
785 1583 874 1640 διὰ
932 1582 1104 1657 λιμοῦ
1158 1605 1216 1639 τε
1262 1584 1350 1638 καὶ
1411 1581 1599 1656 δίψης,
1631 1583 1722 1636 καὶ
1778 1601 1914 1656 καγ-

260 1679 455 1738 κανοις
508 1672 1015 1751 προσλιπαροῦντες
1072 1678 1188 1735 τοῖς
1250 1672 1516 1748 χείλεσιν,
1550 1673 1623 1734 ὡς
1676 1670 1914 1733 ἐντεῦθεν

2015 510 2261 580 ἒτοιμοις
2318 509 2397 571 εἲς
2468 509 2653 584 ἄναψιν

2015 601 2120 672 πῦρ
2178 594 2440 687 έμϐαλεῖν
2512 601 2586 662 ὡς
2669 599 2808 674 μηδὲ
2888 606 3023 681 πρὸς
3102 608 3286 687 ὀλίγον
3351 594 3664 686 Ῠάνθέξουσ-ι.

2016 687 2122 743 Καὶ
2171 685 2237 756 δὴ
2296 686 2572 753 πολλάκις
2629 689 2950 766 ὁμολογίαις
2999 698 3096 766 τήν
3167 685 3328 755 πᾶλιν
3386 685 3664 779 παραστή-

1972 793 1977 798 ‘
2021 781 2206 833 σασθαι
2271 780 2669 855 βουληθέντες,
2733 785 2838 855 [Ρ.
2891 789 3038 861 324]

2016 890 2104 931 τες
2181 869 2366 939 ἠξίουν
2407 917 2419 938 ,
2472 871 2562 924 καὶ

2743 513 3114 592 ὑπηρείδετο,
3198 523 3287 576 καὶ
3350 525 3510 595 μόνον
3594 530 3661 598 ἦν

3121 791 3196 853 ὡς
3268 794 3355 846 καὶ
3417 795 3664 866 πέμπον-

2635 873 2826 940 σώζειν
2911 876 3038 938 τοὺς
3113 880 3396 955 περιόντας
3432 928 3445 954 ,
3507 887 3558 939 οἱ
3620 884 3666 941 δ’

2020 958 2472 1033 ἀποκρουσθέντες
2528 964 2636 1014 τῶν
2693 963 2847 1039 σφίσε
2923 961 3369 1041 βεϐουλευμένων
3465 977 3668 1050 μάχαις

2020 1047 2232 1121 αἱροῦσι
2289 1048 2376 1101 καὶ
2433 1051 2895 1122 κατασκάπτούσι,
2956 1055 3047 1109 καί
3102 1057 3200 1125 τήν
3252 1060 3377 1133 πρὶν
3441 1060 3492 1116 ἐν
3525 1047 3668 1139 χρη-

2022 1142 2182 1228 σμοῖς
2231 1135 2486 1209 κειμένην
2538 1141 2852 1228 περιφανέσι
2911 1143 3001 1197 καί
3050 1143 3096 1199 δ’
3127 1146 3342 1202 ἐλπίσιν
3398 1135 3670 1228 ἀπῃωρη-

2027 1225 2188 1298 μένην
2224 1233 2491 1301 χρησταῖς
2520 1227 2596 1290 εἲς
2640 1233 2775 1304 χοῦν
2829 1230 3258 1304 καταϐάλλουσι,
3314 1239 3403 1292 καὶ
3453 1225 3668 1310 τέλῆθος

2023 1314 2198 1369 ἐκεῖνο
2257 1318 2360 1369 πὰν
2417 1316 2478 1371 οὐ
2535 1316 2738 1394 ῥᾳδίως
2797 1320 3099 1396 ἀριθμητὸν
3161 1321 3320 1399 ἔργον
3392 1329 3668 1403 μαχαίρας

2023 1408 2326 1460 ποιοῦνται.
2377 1407 2555 1462 Τοῦτο
2613 1403 2818 1478 ξυμϐἁν
2867 1411 3200 1486 κατόρθωμα
3252 1411 3500 1486 δεύτερον
3534 1416 3668 1493 Πέρ-

2025 1515 2141 1555 σαις
2178 1496 2311 1566 μετᾶ
2344 1495 2406 1548 τὸ
2435 1501 2649 1569 πρῶτον
2705 1499 2764 1552 τὸ
2823 1501 2959 1554 κατά
3015 1501 3246 1575 Νύσσαν,
3304 1505 3350 1576 ᾧ
3382 1503 3448 1576 δή
3509 1508 3536 1562 ὁ
3567 1529 3668 1562 πα-

2027 1583 2447 1659 ρακοιμώμενος
2528 1585 2841 1661 Νοστόγγος
2904 1587 3335 1663 ἐλλελειμμένος
3397 1595 3669 1670 μεγίστοις

2026 1673 2270 1748 ἀνιαροῖς
2313 1673 2440 1735 τοὺς
2500 1675 2632 1752 ἀμφ’
2694 1675 2852 1731 αὐτὸν
2910 1675 3276 1753 περιέϐαλεν,
3332 1682 3470 1738 ὥστε
3538 1687 3671 1758 μετᾶ

259 1766 455 1829 ἐλέους
527 1765 748 1840 τύχοιεν
785 1808 798 1832 ,
861 1761 1174 1818 ἐκεντοῦντο
1232 1763 1322 1816 καὶ
1368 1756 1592 1816 ἔπιπτον
1672 1757 1914 1830 ἀκηδεὶς,
1949 1763 2122 1864 Βτὴν
2152 1767 2296 1839 σφῶν
2329 1763 2402 1816 ὧν
2440 1763 2534 1834 μὲν
2593 1765 2826 1840 σφαγὴν,
2887 1765 2960 1819 ὧν
3022 1765 3068 1821 δ’
3101 1768 3307 1823 ἅλωσιν
3361 1775 3450 1826 καὶ
3507 1756 3665 1829 αὖτὸν

357 1853 396 1864 -.
557 1861 581 1864 _
667 1853 712 1864 η
791 1851 802 1864 ,
1041 1851 1108 1864 _..
1278 1849 1320 1864 κ.
1433 1845 1518 1864 ,ν
1669 1854 1692 1864 -
1773 1847 1788 1864 ς
1866 1848 1878 1864 ι
2037 1849 2132 1864 η..
2439 1853 2477 1864 ..
2704 1855 2714 1864 .
3070 1856 3083 1864 .
3139 1861 3165 1864 μ
3378 1861 3387 1864 -

1866 1848 1878 1865 \

262 1853 411 1930 μηδὲ
441 1861 617 1932 ταφῆς
656 1851 990 1926 ἀξιούμενοι.
1041 1851 1242 1926 Πέρσαι
1275 1849 1449 1906 δὲκαὶ
1493 1845 1570 1904 ἔτι
1604 1854 1719 1910 τοῖς
1771 1847 1920 1912 ἐντὸς

261 1943 618 2019 ἀντίσχουσιν
676 1941 935 2016 (ἤλπιζον
991 1942 1091 2016 γὰρ
1151 1940 1428 2015 ἀφίξεσθαί
1485 1941 1646 1994 ποθεν
1697 1959 1917 2011 συμμα-

259 2033 459 2111 χίσινῆ
497 2034 612 2106 μήη
675 2030 985 2105 ἐπικουρίαν
1040 2037 1138 2099 τῆς
1199 2033 1507 2105 συμφορᾶς)
1567 2026 1821 2082 ἔπενόουν
1853 2027 1920 2081 τὰ

258 2122 656 2200 χαλεπώτατα,
716 2121 803 2175 καὶ
864 2117 1093 2181 πέλσαις
1152 2118 1346 2194 συχνοὶ
1403 2122 1510 2172 τῶν
1571 2115 1914 2194 θυρεαφόρων

256 2212 604 2290 ἐφιζάνοντες
681 2207 995 2264 ἓκολλῶντο
1053 2213 1170 2269 τοῖς
1215 2208 1452 2282 τείχεσιν
1489 2250 1501 2263 .
1573 2205 1641 2263 Οθί
1700 2205 1766 2274 δὴ
1826 2205 1916 2261 καὶ

260 2303 465 2376 ὑψόθεν
523 2301 745 2374 πέτραις
808 2298 1148 2375 βαλλόμενοι
1218 2302 1325 2352 τῶν
1410 2295 1590 2371 βολῶν
1647 2295 1914 2370 ἠλόγουν’

257 2391 490 2466 πατάγῳ
543 2389 643 2465 γὰρ
699 2387 788 2442 καὶ
852 2387 1005 2460 μόνῳ
1053 2394 1251 2462 περιῆν
1311 2384 1536 2449 ἐκείνοις
1571 2386 1634 2440 τὸ
1666 2379 1917 2460 φοϐερὸν,

258 2480 505 2544 κάτωθεν
543 2476 906 2552 ὑπορύσσουσι
965 2474 1206 2551 μοχλοῖς
1260 2496 1317 2529 τε
1372 2474 1463 2528 καὶ
1520 2472 1914 2536 κατασείσταις.

258 2573 446 2627 Τοῦτο
476 2567 772 2642 πολλαχοῦ
817 2566 1039 2643 γεγονὸς
1069 2569 1167 2620 τοῦ
1214 2563 1437 2638 τείχους
1468 2563 1788 2618 ὑπεσπῶντο
1822 2562 1916 2636 μὶν

260 2794 373 2849 bat
405 2789 744 2847 succinctus
775 2786 960 2861 cOpiis
1023 2785 1152 2842 urbi
1185 2784 1470 2842 Trallium
1515 2801 1575 2840 se
1624 2783 1917 2850 admovet,

265 2896 523 2952 eamque
555 2878 816 2950 undique
849 2876 1156 2932 obsidione
1197 2873 1588 2946 amplectitur.
1622 2872 1924 2940 Statim,ut

266 2971 330 3026 in
371 2967 687 3040 improvisa
717 2985 801 3034 re,
834 2965 1065 3036 magnis
1098 2963 1468 3020 conﬂictatus
1517 2960 1806 3033 angustiis
1837 2964 1927 3015 est

272 3074 554 3116 summus
586 3073 744 3112 novae
777 3055 1028 3111 civitatis
1063 3053 1727 3124 magistratus,magnus
1752 3048 1925 3104 char-

2026 1849 2256 1918 ἁλῶναι,
2320 1853 2571 1926 μεγάλως
2620 1855 2756 1924 πρὸς
2815 1853 3010 1930 θάρρος
3067 1856 3254 1932 ἐπῇρε,
3303 1861 3392 1913 καὶ
3448 1866 3514 1915 τᾶ
3570 1869 3668 1932 τῆς

2025 1939 2294 2009 ἀνατολῆς
2341 1941 2587 1996 κατέθεον
2633 1943 3042 2018 κραταιὸτερον.
3091 1943 3355 2010 Βασιλεὺς
3408 1946 3463 2002 δὲ
3496 1951 3523 2002 ὁ
3551 1949 3671 2013 νέος

2027 2027 2283 2097 πύλίζετο
2322 2027 2456 2091 τέως
2502 2030 2638 2085 κατὰ
2680 2032 2740 2086 τὸ
2790 2031 3102 2110 Νύμφαιον,
3157 2034 3537 2112 ἐμπρόθεσμος
3595 2035 3667 2092 ὢν

2029 2119 2263 2189 ἀπαντᾳν
2297 2119 2433 2193 πρὸς
2463 2119 2554 2174 τὸν
2587 2119 2790 2195 παῖέρα
2826 2123 2962 2176 κατά
2993 2124 3206 2197 μικρὸν,

2133 2279 2240 2352 κβ’.
2299 2280 2550 2359 ’Ὅπως-ὁ
2591 2284 3568 2359 πορφυρογέννητος,Δῌωνσταντῖνος

2347 2351 2422 2413 sic
2445 2352 2511 2406 τὰ
2536 2351 2677 2407 πατᾶ
2715 2351 2886 2408 ’Δῦσιν
2929 2351 3350 2416 ἀποστέλλεται.

2102 2473 2366 2537 Βασιλεὺς
2399 2474 2456 2530 δὲ
2493 2478 2582 2531 καὶ
2641 2480 2732 2532 τὸν
2787 2480 2920 2553 μετὰ
2947 2481 3038 2535 τὸν
3103 2480 3332 2557 βασιλέα
3389 2503 3677 2561 πορφυρο-

2027 2566 2284 2639 γέννητον
2343 2572 2742 2622 Κωνσταντῖνον
2799 2571 3090 2645 γυμνάζειν
3169 2575 3249 2626 οἷν
3320 2571 3493 2636 θέλων
3549 2575 3682 2648 πρὸς

2032 2785 2179 2841 Tum
2216 2787 2406 2842 securi
2422 2794 2656 2861 experta
2685 2789 2980 2846 soliditate
3003 2793 3300 2863 tegminis,
3320 2810 3492 2848 omne
3520 2793 3679 2850 aliud

2036 2883 2420 2946 prazlerquam
2473 2878 2755 2949 strepitus
2793 2883 2850 2933 et
2897 2879 3090 2935 inanis
3141 2881 3267 2936 soni
3319 2883 3676 2952 dejectorum

2036 2982 2285 3034 superne
2319 2983 2383 3021 ac
2409 2967 2554 3021 citra
2585 2967 2866 3023 damnum
2892 2969 3278 3024 resilientium
3312 2971 3557 3026 telorum
3589 2971 3679 3026 in-

2038 3057 2410 3109 commodum
2444 3057 2718 3124 arcentis,
2760 3058 3098 3113 ευποεεὶοηί
3135 3059 3284 3113 muri
3345 3076 3442 3130 per
3491 3060 3677 3115 otium

269 3145 533 3204 tularius
566 3142 1086 3201 Libadarius.Nam
1121 3142 1274 3196 cives
1299 3139 1470 3195 famis
1492 3139 1687 3194 subito
1710 3155 1774 3193 ac
1797 3137 1926 3192 sitis
1959 3173 2001 3240 Β
2038 3144 2598 3211 vacabant,terebris
2619 3146 3169 3218 ferramentisqueid
3197 3164 3382 3219 genus
3401 3149 3678 3204 emolien-

269 3236 655 3293 incommoda
696 3243 811 3289 tam
843 3232 1042 3304 gravia
1083 3233 1415 3297 senserunt,
1456 3233 1521 3283 ut
1549 3233 1606 3283 et
1635 3228 1783 3282 cibis
1815 3227 1924 3282 im-

273 3325 524 3383 mundis
553 3323 930 3392 infandisque
961 3337 1063 3376 ora
1115 3319 1398 3391 polluere,
1449 3322 1506 3373 et
1535 3333 1667 3372 cum
1699 3321 1930 3371 arentes

267 3420 479 3475 fauces
510 3418 722 3473 humor
746 3417 936 3471 omnis
956 3411 1434 3476 deficeret,sectis
1457 3426 1739 3481 equorum
1765 3408 1930 3464 venis

269 3509 558 3565 eductum
593 3503 943 3576 sanguinem
977 3501 1146 3557 avide
1176 3499 1414 3556 haurire
1453 3504 1821 3570 cogerentur.
1853 3500 1931 3552 Ac

271 3597 397 3654 cibi
429 3595 665 3668 quidem
691 3592 1050 3649 desiderium
1075 3589 1439 3646 tolerabilius
1462 3588 1630 3643 initio
1655 3587 1933 3642 fallebant

268 3684 692 3744 substitutisin
710 3683 904 3739 locum
931 3679 1237 3737 meliorum
1266 3678 1544 3734 carnibus
1559 3675 1930 3731 morientium

271 3779 489 3846 sponte
514 3774 924 3845 jumentorum
959 3774 1016 3825 et
1048 3768 1241 3824 omnis
1273 3767 1504 3838 generis
1537 3766 1929 3820 animantium

267 3868 589 3923 brutorum
621 3883 636 3931 ;
662 3877 910 3934 quarum
938 3876 1052 3914 non
1081 3857 1472 3914 sufficientem
1507 3855 1734 3926 copiam
1759 3854 1932 3908 multi

273 3972 398 4011 non
426 3970 557 4008 raro
588 3950 944 4024 supplebant
973 3945 1245 4003 vorandis
1264 3946 1416 4000 413
1452 3943 1756 3999 hominum
1790 3960 1932 4012 quo-

260 4059 384 4114 que
418 4042 535 4096 fato
578 4043 1031 4110 absumptorum
1065 4034 1472 4091 cadaveribus.
1508 4032 1646 4086 Sitis
1676 4030 1932 4086 levandas

269 4129 579 4188 difﬁcilior
608 4133 732 4185 erat
762 4127 932 4195 ratio,
978 4125 1131 4198 quod
1179 4123 1280 4178 illa
1312 4139 1491 4195 quam
1523 4121 1664 4188 dixi,
1701 4121 1927 4176 cruoris

272 4219 482 4293 equini
515 4219 675 4290 potio
707 4234 810 4273 nec
844 4217 986 4273 satis
1018 4215 1286 4270 ardorem
1324 4212 1732 4284 restingueret,
1766 4214 1824 4265 et
1853 4215 1933 4265 ta-

267 4311 416 4367 bem
449 4309 798 4376 ingenerans
813 4310 1027 4362 mortes
1041 4305 1456 4375 frequentaret.
1470 4303 1670 4372 Itaque
1688 4300 1932 4355 destitu-

277 4401 322 4456 ti
354 4400 585 4470 liquore
614 4395 796 4463 omni,
831 4395 1074 4450 meridie
1106 4391 1430 4465 praesertim
1477 4389 1597 4446 sole
1628 4391 1932 4460 ﬂagrante,

2040 3236 2130 3287 tes
2162 3231 2304 3287 locis
2337 3235 2586 3289 subinde
2617 3235 2780 3301 varii,
2813 3240 2870 3290 et
2916 3241 3215 3306 egerentes
3267 3255 3428 3308 saxa,
3485 3240 3676 3310 quoad

2037 3322 2550 3394 fondamentaipsa
2566 3340 2630 3378 su
2643 3324 3304 3398 bvellerentmolemque
3319 3328 3675 3398 superiorem

2035 3410 2376 3466 tibicinibus
2405 3427 2434 3466 e
2455 3412 2612 3484 ligno
2641 3413 2896 3469 subditis
2911 3416 3524 3486 suspenderent.certa
3547 3433 3678 3472 mox

2037 3506 2311 3557 secutura
2343 3519 2645 3558 murorum
2683 3504 3002 3574 strage,ubi
3034 3506 3419 3574 subjicendus
3449 3506 3506 3560 in
3542 3513 3681 3561 tem-

2037 3607 2175 3662 pore
2203 3592 2356 3663 ignis
2387 3593 2551 3664 tigna
2580 3593 3030 3665 consumpserit.
3083 3595 3240 3649 lnter
3289 3594 3415 3650 haec
3463 3595 3686 3650 crebris

2035 3681 2404 3736 lacessebant
2435 3681 2880 3738 invitationibus
2901 3685 3177 3738 obsessos
3209 3685 3276 3738 ad
3315 3684 3566 3739 salutem
3588 3685 3684 3740 de-

2038 3771 2257 3824 ditione
2282 3771 2725 3841 paciscendam;
2751 3771 3142 3842 quascumilli
3169 3771 3688 3843 repellerent,sub-

2041 3861 2157 3915 ruti
2194 3861 2454 3932 undique
2487 3861 2640 3916 muri
2694 3861 2926 3916 ruinam
2976 3863 3260 3931 fecerunt,
3310 3863 3508 3916 aditus
3552 3879 3686 3934 ape-

2039 3951 2258 4005 rientes
2289 3954 2481 4004 vastos
2515 3950 2876 4005 irruentibus
2900 3951 3207 4006 Persis.Sic
3233 3951 3532 4004 destructa
3556 3967 3688 4005 mox

2041 4041 2111 4094 ab
2135 4043 2266 4094 ortu
2296 4055 2401 4093 suo
2420 4044 2508 4093 est
2531 4039 2729 4094 infelix
2755 4039 3689 4105 civitas,meudacibusominibus

2039 4128 2448 4183 vaticiniorum
2484 4129 2637 4182 474
2670 4127 2988 4182 illustrium
3043 4128 3103 4182 in
3152 4145 3285 4199 spes
3330 4127 3688 4183 vanissimas

2039 4217 2278 4283 inﬂata;
2312 4225 2362 4270 el
2395 4216 2491 4270 ille
2526 4234 2639 4271 non
2675 4217 2840 4271 facile
2869 4215 3253 4272 numerabilis
3289 4217 3538 4288 populus
3566 4216 3684 4288 gla-

2042 4306 2120 4361 dii
2155 4305 2440 4361 barbarici
2475 4305 2830 4361 miserabilis
2863 4306 3098 4360 victima
3129 4305 3580 4362 concidit.Alter
3600 4305 3695 4360 hic

2043 4413 2349 4452 successus
2390 4395 2500 4450 fuit
2546 4412 2845 4451 armorum
2894 4395 3264 4450 Persicorum
3308 4413 3339 4450 a
3393 4395 3569 4467 priori
3624 4396 3695 4449 ad

271 4490 440 4544 ultro
472 4487 542 4542 ad
575 4487 773 4541 hostes
803 4484 1177 4547 accedebant,
1226 4479 1495 4553 quamvis
1527 4479 1711 4534 diram
1731 4495 1932 4534 necem
1970 4551 2003 4558 _
2040 4487 2290 4558 Nyssam
2325 4486 2506 4540 relata
2534 4484 2795 4550 victoria,
2846 4501 2964 4556 qua
3013 4485 3319 4556 praefectus
3370 4484 3547 4556 είείιιί
3578 4484 3688 4539 Νο-

273 4577 484 4634 minus
517 4573 859 4630 horribilem
894 4572 1002 4627 rati
1031 4571 1188 4626 lento
1223 4571 1351 4626 sitis
1411 4586 1477 4625 ac
1510 4569 1683 4624 famis
1715 4572 1937 4623 viscera
1969 4551 2013 4615 D
2048 4581 2295 4646 stongus
2327 4591 2461 4630 cum
2494 4574 2620 4629 suis
2653 4574 3085 4628 circumventus
3106 4573 3238 4628 etin
3273 4575 3546 4628 maximis
3570 4573 3696 4628 sine

276 4665 732 4738 depascentium
754 4660 1202 4717 vivicomburio.
1234 4662 1305 4714 At
1336 4659 1536 4714 miseri
1561 4657 1736 4714 siccis
1761 4657 1942 4712 labris

269 4772 500 4829 aquam
534 4752 884 4825 suppliciter
909 4754 1173 4820 petentes
1206 4749 1349 4804 adeo
1381 4764 1496 4802 non
1530 4747 1842 4802 ﬂecti-bant
1873 4747 1942 4800 ad

272 4844 761 4903 misericordiam
794 4839 1102 4906 barbaros,
1127 4842 1193 4892 ut
1223 4835 1524 4891 hastilium
1559 4835 1946 4890 mucronibus

272 4932 537 4992 confossi
579 4929 1048 5003 repellerentur;
1081 4931 1138 4982 et
1161 4925 1262 4996 qui
1288 4925 1548 4997 plerique
1578 4923 1711 4979 istis
1744 4925 1944 4980 vulne-

271 5025 451 5081 ribus
483 5019 934 5087 occumbebant,
969 5016 1115 5071 fcede
1164 5014 1455 5069 inhumati
1505 5015 1794 5083 jacerent,
1844 5030 1947 5068 nec

280 5111 552 5186 pulveris
581 5109 896 5179 injectione
927 5103 1173 5176 dignati.
1209 5106 1271 5160 In
1305 5103 1398 5157 his
1430 5107 1626 5156 tamen
1663 5119 1768 5174 spe
1790 5103 1947 5157 auxi-

269 5203 342 5258 lii
377 5219 412 5256 a
435 5201 666 5255 Caesare
695 5193 924 5251 venturi
947 5191 1337 5248 constantiam
1373 5193 1946 5247 circumscssiobsti-

273 5291 536 5356 nabant,
580 5304 698 5360 qua
726 5287 917 5341 Persae
953 5281 1241 5354 indignati
1288 5297 1631 5353 oppugnare
1661 5281 1948 5336 hactenus

275 5385 518 5438 tantum
556 5379 833 5432 obsessos
870 5373 1029 5429 omni
1067 5388 1175 5444 Ope
1225 5372 1623 5425 decreverunt.
1658 5370 1948 5427 Moenibus

290 5471 485 5544 igitur
518 5485 579 5523 se
612 5466 776 5522 densi
812 5465 1144 5532 admovent,
1177 5460 1417 5532 illicque
1451 5464 1712 5532 perstant
1765 5461 1950 5516 scutis

279 5559 486 5632 capita
519 5555 785 5630 protecti,
819 5560 875 5610 et
905 5551 1015 5608 sub
1057 5555 1182 5606 tuta
1206 5549 1500 5606 testudine
1531 5565 1704 5604 casus
1745 5567 1949 5606 omnes

288 5648 712 5708 devolutarum
748 5660 815 5700 ex
847 5642 962 5700 alto
1005 5641 1250 5697 molium
1305 5638 1664 5711 excipientes
1696 5638 1944 5695 innoxie.

2050 4663 2265 4721 auxilio
2297 4661 2612 4718 derelictus
2643 4662 2958 4734 angustiis,
3000 4662 3226 4717 cunctis
3257 4679 3406 4733 quos
3446 4663 3698 4718 habebat

2053 4770 2249 4809 secum
2279 4762 2376 4808 aut
2409 4757 2594 4808 morte
2619 4751 2843 4807 atl‘ectis
2866 4756 2968 4806 aut
2998 4751 3265 4806 servituti
3294 4751 3698 4823 addictis,ipse

2055 4859 2286 4915 quoque
2320 4847 2528 4914 captus
2561 4840 2814 4896 multum
2847 4846 2903 4896 et
2934 4841 3153 4896 ﬁducia;
3185 4847 3242 4896 et
3290 4841 3586 4896 facultatis
3613 4841 3697 4894 vi-

2055 4933 2317 4989 ctoribus
2357 4931 2584 4986 addidit
2634 4931 2971 4985 universum
3017 4930 3291 5001 deinceps
3340 4930 3697 4986 Orientalem

2057 5023 2306 5078 limitem
2340 5021 2581 5092 impune
2612 5019 3052 5076 incursionibus
3081 5021 3366 5075 vastandi.
3403 5025 3547 5073 Dum
3581 5019 3701 5071 haec

2056 5112 2398 5184 agcbantur,
2420 5109 2624 5178 junior
2654 5112 2957 5180 Augustus
2987 5108 3058 5162 ad
3091 5107 3475 5180 Nymphaeum
3509 5105 3697 5158 diver-

2059 5202 2320 5267 sabatur,
2356 5198 2737 5254 constitutam
2775 5198 3102 5270 propinquo
3141 5199 3209 5252 ad
3241 5203 3460 5268 patrem
3496 5209 3699 5249 occur-

2058 5291 2149 5346 sui
2181 5289 2514 5361 opperiens.

2055 5383 2146 5436 22.
2210 5383 2273 5437 Ut
2329 5378 2841 5452 Porphyrogenitus
2919 5377 3308 5452 Constantinus
3383 5378 3441 5430 in
3499 5371 3703 5426 tractus

2570 5453 2836 5508 Occiduos
2865 5452 3064 5504 missus
3101 5449 3184 5502 uit.

2132 5545 2462 5615 Imperator
2492 5546 2684 5596 autem
2711 5540 2968 5612 junioris
3003 5537 3250 5609 Augusti
3293 5535 3527 5589 fratrem
3560 5534 3702 5585 natu

2060 5633 2347 5688 minorem
2380 5629 2947 5703 Porphyrogenitum
2972 5627 3417 5683 Constantinum
3441 5621 3708 5678 imbuere
