3912 6192
403 244 512 304 935

1705 236 2007 294 GEORGII
2043 236 2504 296 PACHYMEBE
2892 240 2897 243 ’
3586 249 3662 306 936

405 372 603 445 Μάχας
659 364 896 441 ἀρεϊκᾶς,
955 360 1140 421 ἄλλως
1176 380 1235 414 τε
1293 358 1351 413 δὲ
1406 360 1495 414 καὶ
1550 362 1661 413 τῶν
1719 354 2045 434 Τριϐαλλῶν
2079 362 2281 434 Ακίαν
2309 364 2410 432 τήν
2440 367 2539 417 τοῦ
2571 361 2877 437 Κοσμιδίου
2934 365 3128 436 μονήν.
3174 366 3265 422 Καὶ
3303 364 3379 421 διὰ
3414 372 3544 423 ταῦτα
3562 372 3669 427 καὶὸ

396 456 790 527 κεκινημένων,
823 452 895 511 ὡς
942 449 1033 504 καὶ
1089 471 1196 504 τινι
1257 450 1555 524 Κοτανίτζῃ
1611 449 2044 519 ἆποστατήσαντι

399 543 666 621 βασιλέως
752 541 817 593 τὰ
899 536 1117 592 ἐκείνων
1194 537 1568 612 στρατεύματα
1645 536 2044 611 ἐγχειρίζεσθαι

396 629 685 706 καὶμέχρι
738 627 955 705 sepem
1016 626 1086 682 δι’
1140 627 1312 682 αὐτῶν
1373 628 1667 682 κακοῦσθαι
1697 628 1797 695 τὴν
1832 628 2045 703 χώραν,

395 719 645 781 πολλοὺς
675 720 766 774 καὶ
812 716 1084 792 μεγάλους
1134 716 1404 792 ἄρχοντας
1452 714 1726 790 παραδοὺς
1787 716 1925 790 πρὸς
1952 713 2045 770 δύο

398 833 479 866 σιν
529 811 812 883 ἐκπέμπεν
861 807 1023 869 αὑτὸς
1078 805 1135 861 δὲ
1190 810 1299 861 τῶν
1357 808 1473 869 καθ’
1530 802 1603 859 ἕω
1664 809 1842 866 κακῶς
1896 802 2042 881 ἔχειν

398 900 847 977 ἀγγελλομένων,
883 898 1005 951 ὅσον
1063 895 1185 970 περὶ
1249 896 1516 971 Σάγγαριν
1568 895 1634 962 ἦν
1697 890 1757 948 ἔκ
1812 914 1876 968 γε
1922 914 2041 947 στο-

400 991 527 1063 μίου
557 987 645 1043 καὶ
683 988 853 1062 μέχρῖ
886 984 1159 1060 Προόσης,
1194 983 1243 1053 ἐξ
1276 984 1466 1053 αὐτῆς,
1500 985 1576 1046 ὡς
1623 984 1768 1058 εἶχεν
1799 982 2043 1037 ἐνσκευα-

397 1079 539 1143 σθεῖς
571 1076 797 1150 διαπερᾷ
826 1075 917 1128 τὸν
972 1075 1276 1147 Βόσπορον,
1308 1072 1395 1126 καὶ
1446 1072 1581 1143 πρὸς
1634 1078 1752 1135 τοῖς
1806 1072 2042 1146 πρόποσι

389 1175 488 1227 τοῦ
521 1169 675 1243 ἁγίου
706 1166 997 1238 Αῦξεντίου
1049 1165 1248 1238 βουνοῦ
1302 1162 1471 1217 ὲκεῖσέ
1528 1184 1631 1216 που
1688 1167 2042 1231 κατασκηνοῖ,

394 1260 675 1332 ἀναμένων
731 1257 1037 1330 στράτευμα
1109 1250 1320 1306 δυτικὸν
1390 1251 1475 1305 ἐπὶ
1532 1251 1717 1327 ῥητοῖς
1776 1250 2042 1325 συλλεγό-

400 1369 559 1421 μενον
623 1346 761 1399 ὥστε
816 1345 944 1418 παρ’
998 1342 1200 1397 ἐκεῖνον
1277 1340 1408 1395 ἰέναι
1471 1342 2039 1412 συνεκστρατεύσοντα.

400 1436 505 1492 Καὶ
539 1433 605 1504 δὴ
639 1434 751 1489 ἐπεὶ
783 1433 871 1488 καὶ
924 1432 1067 1502 παρᾶ
1108 1435 1205 1485 τοῦ
1264 1432 1485 1507 Ὶωσηφ,
1515 1430 1571 1489 ’ὸς
1604 1427 1669 1498 δὴ
1724 1429 1800 1492 εἷς
1851 1429 2042 1501 Χηλὴν

398 1524 674 1600 ἐξώριστο,
708 1525 929 1594 ἠξιοῦτο
958 1520 1036 1597 ἐφ’
1062 1521 1135 1591 ᾦν
1173 1519 1571 1591 μετοικίζεσθαι
1608 1519 1764 1592 (εἶναι
1806 1518 1906 1592 γὰρ
1950 1521 2038 1573 τὸν

393 1615 564 1669 τόπον
605 1610 841 1685 δυσχερῆ
898 1612 1298 1684 χειμεριοῦσιν,
1334 1610 1412 1679 [Ρ.
1461 1610 1586 1680 3'25]
1636 1608 1710 1669 ὡς
1763 1608 1853 1660 καὶ
1884 1606 2043 1682 πείρᾳ

2149 451 2320 525 γέρων
2377 451 2558 521 ἠπίως
2613 453 2701 507 καὶ
2757 456 3050 526 προσηνῶς
3104 456 3422 531 προσεφέρετό
3466 459 3525 525 oi,
3569 460 3672 515 ὥστε

2149 539 2359 594 καὶτὸν
2389 542 2482 614 μὲν
2547 540 2777 616 βασιλέα
2831 541 3291 619 χαριεντιζόμενον
3342 544 3507 599 ἐκεῖνον
3551 548 3674 609 sine

2147 636 2540 705 πατριαρχεῖον
2588 630 2800 700 καλεῖν,
2845 632 3086 686 κάκεῖνον
3129 628 3291 706 λέγειν
3338 630 3519 706 ἕτοιμον
3562 638 3676 707 εἶναι,

2150 717 2195 771 εἰ
2259 717 2424 791 μόνον
2485 719 2778 791 ἆναλυθείη
2835 721 2904 774 τὰ
2957 721 3230 794 γεγονότα.
3285 722 3385 778 Οὐκ
3432 722 3485 791 ἦν
3532 720 3577 778 δὲ
3599 722 3671 799 ἄρα

2146 806 2267 861 τότε
2299 807 2521 862 λύεσθαι
2576 812 2765 877 ταῦτα,
2806 806 2952 864 ἀλλά
3008 810 3097 863 καὶ
3152 811 3288 873 αὖθις
3316 809 3420 866 νέου
3465 812 3678 887 γεγονότος

2147 896 2340 950 πάππα
2379 901 2476 951 τοῦ
2535 898 2812 954 ΝικοΛάου
2845 899 2872 952 6
2908 898 3004 971 μὲν
3061 903 3261 973 κρατῶν
3307 901 3387 953 καὶ
3431 899 3563 954 πάλιν
3587 900 3679 963 τοὺς

2144 986 2271 1057 παρ’
2332 985 2535 1039 ἐκεῖνον
2596 984 2990 1058 ἐλευσομένους
3049 982 3293 1060 ἔπεμπεν.
3340 986 3605 1044 ’Λπέστελλε
3636 986 3676 1042 δὲ

2149 1073 2283 1147 μετὰ
2336 1078 2502 1129 ταῦτα
2556 1076 2645 1129 καὶ
2720 1076 2811 1130 τὸν
2895 1083 2995 1146 τῆς
3066 1074 3371 1145 Ἐκκλησῖας
3433 1074 3682 1148 Septimum

2147 1161 2364 1221 Μανδᾶν
2421 1166 2456 1235 ἢ
2500 1166 2590 1219 καὶ
2646 1164 2989 1241 Μερκοὺριον
3048 1166 3124 1228 εἷς
3169 1166 3232 1222 τὰ
3275 1167 3384 1241 περὶ
3436 1164 3684 1236 Ἀπουλίαν,

2145 1250 2346 1307 ἔννοιαν
2399 1251 2588 1307 δώσων
2639 1252 2859 1317 ἐκείνοις
2908 1256 3003 1311 τὸν
3045 1254 3282 1328 πάππαν,
3328 1254 3371 1308 εἴ
3418 1254 3482 1327 μή
3527 1259 3685 1308 ποιοῖεν

2142 1341 2210 1395 τὰ
2242 1340 2633 1415 ἐπεσταλμένα·
2686 1343 2763 1405 εἷς
2821 1348 2982 1399 τοῦτο
3038 1344 3129 1398 καὶ
3178 1344 3273 1419 γὰρ
3323 1348 3428 1404 τοῖς
3476 1341 3693 1411 ἐκκλησια-

2146 1436 2353 1493 στικοῖς
2383 1435 2624 1506 χρῆσθαι
2655 1427 2962 1506 πρέσϐεσιν.
3019 1435 3121 1495 Ὅς
3174 1432 3259 1487 καὶ
3311 1432 3570 1504 περιπεσὼν
3608 1435 3692 1491 τοῖς

2140 1524 2242 1574 τοῦ
2276 1519 2446 1595 ῥηγὸς
2491 1519 2782 1592 Καρούλου
2832 1520 3132 1577 ἁλίσκεται·
3181 1521 3268 1576 καὶ
3316 1519 3451 1583 αὖθις
3498 1516 3692 1593 ἀγγελθὲν

2144 1610 2218 1670 ὡς
2275 1610 2633 1685 πρωτοκῆρυξ
2687 1617 2787 1680 τῆς
2853 1609 3179 1681 Ἐκκλησίας
3220 1612 3246 1664 6
3301 1608 3547 1684 συσχεθεὶς
3578 1649 3590 1672 ι
3629 1608 3693 1658 καί

393 1701 553 1777 γνοὺς
626 1700 913 1772 ἐμάνθανεν
981 1696 1151 1750 ἐκεῖσε
1223 1696 1316 1750 τὸν
1374 1695 1625 1770 χειμῶνα
1710 1692 2034 1769 διενεγκὼν,
2072 1727 2116 1791 Β
2146 1699 2483 1773 προσταχθὲν
2543 1698 2732 1753 αὐτίκα
2782 1702 2928 1776 παρᾶ
2972 1704 3069 1755 τοῦ
3118 1699 3321 1770 πάππα,
3351 1698 3565 1775 φυλακῆς
3604 1695 3699 1749 ἀπο-

391 1790 487 1845 κᾶν
543 1789 587 1843 εἷ
644 1788 734 1842 τὸν
795 1785 1021 1840 έπιόντα
1080 1782 1360 1859 διαγαγεῖν
1416 1784 1793 1856 ἀναγκάζοιτο,
1855 1784 1929 1857 μὴ
1976 1780 2034 1837 ἂν

391 1877 720 1953 ἀντισχόντα
772 1878 1111 1950 περιεῖναι),
1179 1873 1399 1946 πέμψας
1458 1870 1887 1945 μετακαλεῖται,
1947 1873 2035 1928 καὶ

392 1990 453 2046 γε
482 1968 610 2042 παρ’
641 1966 814 2036 ἑαυτῷ
855 1969 1106 2040 κατεῖχεν
1162 1962 1213 2017 ἐν
1265 1968 1383 2025 ταῖς
1431 1967 1670 2029 σκηναῖς.
1714 1961 1819 2017 Καὶ
1874 1967 2041 2016 ταῦτα

402 2060 495 2131 μὲν
554 2056 843 2132 ἐπράττετο
924 2054 1092 2127 μηνὸς
1161 2053 1663 2126 Μαιμακτηριῶνος
1695 2094 1708 2119 ,
1791 2052 2037 2106 κάκεῖνον

396 2146 541 2223 ἔχων
569 2146 695 2221 παρ’
739 2145 913 2214 ἑαυτῷ
963 2142 1053 2196 καὶ
1084 2140 1355 2202 πολλάκις
1410 2148 1508 2209 τῆς
1552 2140 1761 2214 ἡμέρας
1824 2139 2042 2216 βλέπων

398 2232 836 2307 ὑποποιούμενος
921 2229 1311 2304 περιέθαλπεν,
1398 2227 1575 2299 ἡδέως
1661 2228 1873 2284 ἀκούων
1951 2229 2040 2284 καὶ

392 2322 629 2384 πολλοῖς
688 2319 867 2375 ἆνύωο
923 2317 993 2374 δι’
1050 2317 1259 2373 ἐκείνου
1332 2317 1709 2390 μεσιτενόοντος
1762 2317 1829 2372 τὰ
1883 2317 2041 2389 αἰτη-

397 2434 558 2486 ματα.
617 2409 872 2480 Ἀπένεμε
929 2405 985 2462 δέ
1043 2408 1095 2463 o't
1138 2407 1392 2483 καὶπρὸς
1444 2407 1543 2476 τὴν
1599 2406 1812 2469 ἐσαῦθις
1854 2427 2046 2463 κατοι-

387 2536 740 2596 rudimentie
773 2533 1044 2589 militaris
1076 2534 1222 2588 artis
1253 2538 1313 2588 et
1341 2532 1700 2605 experientia
1741 2535 1871 2614 .jam
1905 2538 2033 2589 tum

394 2632 647 2684 formare
678 2626 747 2679 ad
784 2624 1186 2679 fortitudinem
1222 2621 1488 2677 bellicam
1522 2621 1787 2690 cupiens,
1820 2625 1952 2691 ejuo
1975 2624 2032 2678 in

399 2714 827 2789 expeditionem
902 2711 1170 2765 mittendi
1235 2711 1600 2765 occasionem
1661 2711 1915 2782 sumpsit
1971 2728 2038 2765 ex

395 2806 650 2879 quodam
686 2808 847 2858 motu
880 2800 1296 2867 Triballorum,
1325 2816 1584 2871 eousque
1633 2816 1941 2872 progresso
1974 2804 2039 2855 ut

394 2897 434 2951 ii
468 2895 690 2951 adscito
720 2896 774 2947 in
828 2892 1041 2946 ducem
1090 2890 1450 2946 exercituum
1503 2905 1745 2944 suorum
1780 2889 2033 2961 quodam

393 2984 713 3050 Cotanitza,
760 2982 858 3049 qui
910 2982 982 3034 ab
1027 2979 1371 3051 imperatore
1417 2978 1724 3038 defecerat.
1773 2979 2038 3050 regiones

394 3075 640 3148 imperio
718 3073 1014 3144 subjectae
1079 3071 1380 3125 incursare
1457 3086 1642 3140 usque
1716 3071 1785 3123 ad
1842 3070 2039 3125 Serras

2149 1787 2357 1843 λύεται.
2419 1788 2515 1841 Καί
2565 1792 2734 1843 ταῦτα
2794 1790 2886 1862 μὲν
2931 1791 2958 1845 6
2988 1794 3199 1863 κρατῶν
3257 1788 3432 1851 ἐποίει,
3482 1782 3625 1845 πολὺς
3645 1780 3696 1835 ὢν

2145 1884 2247 1946 τῆς
2306 1878 2639 1954 φαινομένης
2695 1877 2902 1949 ἐκείνης
2961 1878 3186 1955 εἰρήνης
3246 1876 3529 1946 διανιστᾷν.
3586 1874 3701 1935 *Οθεν

2147 1965 2237 2020 καὶ
2281 1967 2470 2041 χώραν
2532 1968 2633 2021 οὐκ
2690 1968 2838 2043 εἶχον
2902 1970 2953 2023 οἱ
3009 1973 3108 2023 τοῦ
3164 1968 3353 2044 Ἰωσὴφ
3396 1965 3517 2041 πρὸς
3556 1961 3704 2016 ἐκεῖνον

2147 2053 2325 2128 λόγοι,
2360 2053 2506 2123 πλὴν
2535 2060 2631 2110 τοῦ
2664 2054 2895 2133 φιλικῶς
2929 2053 3076 2132 ἔχειν
3124 2056 3213 2112 καὶ
3257 2057 3322 2111 τὰ
3362 2054 3433 2116 εἷς
3473 2049 3705 2107 ἀνάπαυσιν

2150 2142 2338 2215 ἐκείνῳ
2368 2145 2717 2218 προσνέμειν.

2148 2256 2247 2327 κγ’.
2314 2251 2504 2313 Ὅπως
2564 2252 2593 2305 6
2649 2250 3141 2328 Béxxoq‘ypa'tpwv
3211 2249 3297 2328 6d
3340 2251 3397 2314 ἢν
3451 2245 3599 2303 αἲτὶαν
3648 2240 3712 2298 καὶ

2541 2323 2665 2397 περὶ
2711 2329 2820 2379 τῶν
2877 2321 3170 2400 δόγμᾶτων
3220 2323 3394 2379 ἐκίνει.

2220 2415 2309 2482 Τῷ
2341 2408 2398 2465 δὲ
2427 2412 2886 2488 πατριαρχεόοντι
2946 2413 3169 2488 Ἰωάννῃ
3215 2413 3316 2467 οὐκ
3359 2410 3417 2478 ἦν
3444 2409 3527 2469 τὰς
3553 2400 3713 2479 ὁμολο-

2220 2538 2552 2609 Assignavit
2584 2546 2779 2595 autem
2812 2541 2863 2595 ei
2885 2539 2943 2596 in
2973 2540 3394 2597 habitationem
3423 2530 3710 2592 commodio-

2146 2642 2415 2698 rem,qua
2445 2628 2718 2700 deinceps
2742 2628 3450 2695 uteretur,monaslerium
3477 2617 3715 2679 Cosmidii.

2147 2716 2250 2770 His
2281 2717 2563 2773 delinitus
2594 2718 2791 2774 senior
2817 2718 3050 2790 placide
3082 2720 3407 2789 amiceque,
3435 2707 3717 2769 oblitteratis

2147 2804 2730 2874 otl‘ensionibus,cum
2757 2810 3013 2880 Augusto
3037 2809 3248 2880 agebat
3261 2806 3380 2878 pari
3397 2796 3719 2860 familiaritate

2148 2895 2708 2965 respondente,adeo
2741 2900 2801 2950 ut
2826 2897 3078 2968 quodam
3112 2897 3267 2952 inier
3296 2912 3392 2951 eos
3412 2893 3526 2963 ejus
3545 2883 3721 2961 generis

2148 2983 2436 3055 colloquio
2469 2985 2637 3055 quasi
2660 2986 2868 3054 jocans
2898 2986 3224 3055 imperator
3261 2984 3382 3039 seni
3407 2981 3598 3036 diceret
3614 2971 3721 3028 velle

2150 3090 2211 3127 se
2244 3072 2407 3127 illum
2443 3074 2816 3144 patriarchali
2847 3075 2968 3129 sedi
3025 3077 3379 3141 restituere;
3427 3068 3513 3126 cui
3557 3064 3725 3139 pariter

389 3166 651 3222 vexando
708 3164 1110 3230 vastandoque
1184 3160 1616 3215 nuntiarentur.
1665 3160 1843 3215 Movit
1898 3177 2034 3231 ergo
2067 3175 2111 3241 ρ
2151 3162 2425 3217 renidens
2458 3163 2719 3233 reposuit
2746 3163 3035 3235 Josepbus
3064 3169 3337 3234 paratum
3370 3162 3434 3216 ad
3463 3158 3514 3212 id
3544 3170 3594 3209 se
3616 3165 3724 3213 esse,

390 3255 811 3312 Constantinus
840 3252 899 3306 in
932 3251 1303 3306 Occidentem
1333 3252 1500 3321 jussu
1537 3251 1847 3321 patris,qui
1880 3252 2038 3306 viros

395 3346 445 3400 ei
478 3342 767 3416 primariae
810 3339 1117 3409 dignitatis
1150 3337 1364 3392 multos
1415 3343 1472 3392 et
1518 3356 1760 3410 magnos
1811 3340 2035 3394 militiae

392 3433 633 3489 comites
672 3430 848 3485 istius
877 3435 934 3483 et
964 3427 1265 3482 ministros
1316 3430 1615 3498 potestatis
1666 3429 1987 3500 assignavit
2018 3446 2032 3485 :

392 3522 521 3593 Ipse
555 3526 749 3575 autem
785 3523 1087 3590 Augustus
1120 3518 1310 3572 denuo
1340 3523 1630 3588 comperto
1666 3520 1846 3574 certis
1883 3538 2037 3576 nun-

389 3608 857 3679 tiis‘periclitari
918 3607 1228 3679 vexarique
1293 3606 1645 3662 Orientalem
1695 3624 1871 3677 quam
1919 3608 2034 3665 late

387 3705 547 3771 patet
592 3697 746 3752 circa
798 3695 1126 3765 Sangarim—
1170 3700 1445 3763 tractum,
1523 3696 1593 3749 ab
1647 3696 1828 3763 huius
1885 3697 2032 3752 ostio

382 3793 533 3844 retro
566 3803 754 3857 usque
785 3786 853 3840 ad
887 3785 1466 3851 Prusam,confestim
1501 3784 1826 3839 instructus
1852 3803 2028 3857 quam

381 3878 602 3949 Optime
634 3876 799 3932 licuit
830 3892 898 3930 ex
929 3874 1098 3944 copia
1135 3873 1778 3942 praesenti,trausfretat
1812 3876 2028 3947 Bospo-

378 3986 533 4035 rum,
568 3973 626 4023 et
654 3967 724 4020 ad
759 3965 984 4020 radices
1016 3962 1183 4019 collis
1225 3963 1422 4018 Sancti
1472 3964 1742 4019 Auxentii
1778 3966 1907 4018 fixis
1940 3970 2032 4019 ta-

388 4055 717 4112 bernaculis
771 4057 1036 4109 moratur
1096 4057 1442 4123 exspectans
1520 4052 1757 4106 Occidui
1823 4053 2026 4107 limitis

384 4146 725 4210 exercitum,
759 4145 854 4213 qui
910 4142 1052 4198 locis
1094 4141 1326 4196 interim
1379 4141 1665 4195 condictis
1714 4158 2029 4213 congrega-

360 4233 582 4298 'batur,
621 4247 737 4302 quo
794 4231 1003 4285 deinde
1068 4231 1247 4285 simul
1288 4231 1533 4297 junctus
1576 4229 1914 4299 imperatori
1968 4247 2029 4286 se

385 4322 535 4377 475
563 4320 908 4390 adjungeret
955 4336 1205 4390 eumque
1240 4320 1296 4373 in
1346 4319 1710 4390 expeditione
1755 4335 2027 4389 sequere-

383 4416 502 4465 tur.
528 4408 652 4463 lllic
681 4407 999 4463 diversanti
1029 4408 1259 4477 perlatae
1290 4424 1490 4479 preces
1521 4425 1553 4461 a
1579 4408 1833 4477 Josepho
1866 4414 2026 4477 sunt,

381 4498 705 4567 exsulante,
742 4504 802 4551 ut
834 4499 1052 4552 dictum
1096 4502 1203 4555 est.
1238 4499 1390 4569 apud
1443 4498 1696 4551 insulam
1750 4496 2023 4563 Chelem;

386 4589 544 4642 unde
593 4586 896 4641 transferri
950 4587 1202 4658 petebat,
1264 4591 1542 4642 causatus
1591 4586 2028 4642 inclementiam

390 4676 552 4733 illius
602 4675 724 4731 coeli
777 4693 875 4747 per
924 4675 1200 4741 hiemem,
1245 4677 1413 4745 cujus
1466 4676 1716 4746 rigorem
1770 4676 2036 4731 hibernis

383 4765 510 4835 jam
544 4765 679 4819 unis
712 4768 984 4836 expertus
1034 4764 1369 4818 affirmabat
1417 4770 1687 4818 constare
1739 4763 1847 4819 sibi
1881 4770 2036 4821 certo

393 4854 550 4909 haud
582 4869 643 4909 se
679 4869 849 4923 posse
889 4852 1063 4907 aliam
1112 4852 1232 4906 illic
1281 4852 1511 4906 hiemen
1566 4854 1685 4908 vita
1732 4853 1892 4908 salva
1924 4860 2037 4908 tra-

397 4944 646 5012 ducere;
682 4958 864 5013 quare
894 4942 1019 5012 cogi
1051 4957 1283 4996 manere
1314 4941 1434 4995 illic
1484 4941 1627 4996 nihil
1679 4942 1883 4998 mitius
1912 4960 2041 4998 esse

398 5049 571 5105 quam
604 5030 810 5087 occidi.
849 5032 946 5085 His
978 5044 1246 5084 annuens
1277 5033 1579 5101 Augustus
1619 5031 1815 5085 statim
1848 5048 2038 5086 accer-

398 5123 579 5179 situm
608 5136 805 5176 senem
842 5121 992 5191 apud
1030 5134 1090 5173 se
1122 5118 1182 5172 in
1207 5118 1600 5173 tabernaculis
1633 5119 2039 5182 habuit,Junio

400 5213 501 5285 qui
547 5217 688 5267 tunc
740 5209 1011 5265 currebat
1058 5225 1279 5275 mense,
1334 5211 1687 5279 gratumque
1747 5207 2038 5277 hospitem

397 5318 604 5359 rursus
636 5298 812 5355 veteri
849 5296 1249 5353 benevolentia
1293 5298 1573 5368 dignatus
1612 5296 2042 5351 humanissime

398 5392 650 5455 fovebat,
684 5389 899 5457 saepius
931 5387 988 5441 in
1018 5386 1110 5442 die
1142 5387 1358 5449 visens,
1386 5384 1752 5454 libenterque
1785 5399 1913 5454 quae
1943 5403 2038 5440 ro-

392 5483 573 5553 gabat
627 5479 914 5546 audiens;
966 5477 1119 5531 unde
1170 5474 1374 5530 multis
1421 5478 1564 5529 tunc
1619 5471 1864 5542 contigit
1912 5476 2040 5544 ejus

387 5568 727 5627 interventu
759 5570 1077 5641 impetrare
1097 5565 1168 5621 ab
1183 5565 1538 5638 imperatore
1561 5562 1717 5635 quod
1737 5562 2037 5631 optabant.

2152 3253 2323 3305 modo
2347 3268 2470 3322 jam
2504 3257 2635 3306 acta
2665 3258 3100 3307 revocarentur.
3162 3258 3237 3307 At
3270 3251 3368 3306 illa
3412 3250 3466 3303 in
3495 3260 3602 3301 eam
3634 3242 3724 3310 jam

2146 3341 2481 3395 firmitatem
2530 3341 2889 3405 coaluerant,
2938 3346 3004 3396 ut
3055 3341 3317 3397 rescindi
3368 3345 3499 3393 tunc
3540 3329 3721 3403 quidem

2146 3429 2626 3499 nequirent.Quin
2655 3428 2843 3500 potius
2870 3435 3179 3485 novatunc
3211 3428 3476 3486 nuntiata
3504 3419 3730 3480 creatione

2142 3535 2302 3589 papa:
2334 3517 2576 3583 Nicolai,
2611 3517 3008 3587 astringendis
3052 3519 3267 3574 fortius
3301 3516 3481 3590 pactis
3532 3512 3725 3578 impera-

2141 3611 2230 3661 tor
2259 3606 2517 3660 intentus
2552 3606 2770 3677 legatos
2803 3607 2872 3660 ad
2909 3622 3041 3661 eum
3078 3607 3232 3662 alios
3264 3601 3584 3661 destinavit.
3610 3591 3729 3652 Misit

2139 3700 2195 3750 et
2223 3696 2434 3751 deinde
2464 3696 2852 3750 domesticum
2884 3695 3157 3751 Ecclesiae
3183 3695 3456 3751 Mandam
3489 3690 3593 3746 sive
3616 3688 3729 3739 Mer-

2139 3785 2367 3840 curium
2399 3784 2455 3838 in
2493 3790 2685 3853 partes
2715 3784 2956 3854 Apulite,
2986 3786 3256 3840 confisus
3289 3781 3613 3839 inviolatum
3641 3773 3727 3825 fore

2138 3874 2209 3929 ob
2239 3878 2602 3944 perspectam
2633 3871 3005 3944 imperatoris
3065 3875 3232 3947 apud
3291 3870 3604 3945 pontiﬁcem
3632 3875 3732 3932 gra-

2138 3962 2296 4017 tiam.
2330 3963 2395 4016 Et
2428 3962 2565 4034 quia
2596 3961 2961 4033 intelligebat
2992 3963 3305 4034 pontificio
3361 3961 3541 4015 favore
3583 3954 3734 4027 prote-

2137 4053 2395 4123 gendum
2429 4050 2732 4105 efﬁcacius
2763 4051 3379 4119 ecclesiasticum,tali
3402 4049 3581 4122 potius
3601 4041 3656 4098 ad
3675 4051 3742 4092 τοῦ

2135 4141 2307 4194 etiam
2337 4140 2667 4212 reipublicae
2716 4142 3055 4196 tractandas
3109 4160 3297 4215 quam
3352 4134 3599 4195 saeculari
3640 4132 3737 4184 ute-

2135 4230 2325 4284 batur.
2360 4228 2473 4282 Nec
2504 4245 2639 4299 spes
2682 4229 2740 4283 in
2775 4229 2883 4283 hoc
2939 4246 3073 4285 eum
3143 4230 3326 4302 plane
3385 4245 3488 4283 sua
3538 4217 3741 4279 fefellit:

2136 4335 2268 4373 nam
2305 4334 2437 4372 cum
2472 4317 2744 4372 Mandam
2780 4335 2879 4372 rex
2908 4321 3063 4375 476
3113 4318 3370 4375 Carolus
3423 4308 3745 4383 comprehcn‘

2135 4424 2265 4463 sum
2299 4406 2582 4462 custodiae
2614 4407 2893 4473 dedisset,
2947 4425 3100 4479 papa
3134 4408 3364 4464 cortior
3421 4408 3597 4461 factus
3643 4408 3748 4451 eum

2138 4496 2238 4567 qui
2272 4495 2640 4565 mancipatus
2673 4496 2888 4550 carceri
2922 4497 3116 4552 fuerat
3150 4497 3431 4553 Ecclesiae
3484 4489 3750 4564 precentu—

2146 4602 2263 4640 rem
2298 4600 2446 4649 esse,
2481 4583 2626 4638 solvi
2657 4598 2789 4638 eum
2829 4585 3145 4641 confestim
3183 4590 3246 4641 et
3288 4583 3505 4641 dimitti
3548 4579 3757 4635 liberum

2143 4674 2387 4729 curavit.
2420 4673 2480 4727 1n
2514 4672 2672 4727 hunc
2697 4674 2935 4728 modum
2972 4674 3208 4729 multus
3243 4680 3375 4729 erat
3404 4670 3694 4741 imperator
3713 4660 3758 4710 in

2150 4766 2283 4828 ista,
2318 4763 2511 4816 fucata
2544 4760 2679 4816 licet
2708 4778 2813 4816 nec
2857 4779 2925 4817 ex
2970 4779 3111 4817 vero
3158 4763 3406 4829 coalita,
3457 4773 3590 4832 pace
3624 4763 3761 4820 coag-

2150 4851 2680 4914 mentanda.Quare
2712 4851 2902 4906 locum
2936 4853 3092 4922 apud
3129 4868 3274 4908 eum
3311 4869 3428 4907 non
3460 4841 3763 4904 invenerunt

2151 4943 2294 4999 illati
2326 4947 2529 4996 contra
2559 4956 2686 4994 eam
2721 4957 3024 4996 sermones
3055 4958 3089 4997 a
3120 4939 3529 5015 Josepho,qui
3556 4932 3762 5009 gratiam

2149 5032 2301 5104 apud
2360 5029 2684 5101 principem
2745 5028 3048 5100 antiquam
3111 5047 3274 5085 nova
3338 5022 3765 5085 reconciliatione

2153 5120 2490 5175 resarcitam
2524 5120 2768 5171 eatenus
2809 5117 3017 5187 tenuit,
3055 5121 3123 5172 ut
3174 5118 3300 5190 ipsi
3349 5123 3493 5173 tunc
3537 5109 3769 5170 restituto

2149 5208 2208 5262 in
2244 5204 2698 5261 familiaritatem
2732 5204 3043 5274 pristinam
3073 5205 3268 5261 etiam
3329 5207 3402 5261 de
3432 5191 3771 5261 commodiori

2152 5295 2473 5353 diversorio
2498 5296 2566 5349 ad
2597 5299 2793 5348 votum
2830 5294 3272 5366 provideretur.

2148 5404 2241 5458 23.
2278 5402 2340 5459 Ut
2389 5401 2578 5455 Veccus
2635 5398 2871 5454 scribere
2922 5414 3241 5470 aggressus,
3304 5416 3372 5456 ea
3419 5399 3679 5456 occasione
3725 5394 3777 5444 (τε

2478 5472 2738 5541 dogmate
2765 5472 3211 5527 conn'uvcrsz'am
3236 5474 3491 5528 moverit.

2223 5560 2509 5615 Caeterum
2542 5558 2876 5631 patriarcha
2907 5559 3131 5615 Veccus
3180 5565 3393 5617 tenere
3451 5577 3514 5616 se
3560 5573 3665 5613 non
3694 5568 3783 5625 po—
