4002 6198
178 415 293 469 937

1266 409 1361 461 DE
1401 407 1771 461 MICHAELE
1810 407 2235 463 PALEOLOGO
2272 411 2403 463 LIB.
2453 413 2542 464 VI.

3496 414 3605 471 938

179 539 310 615 γίας
362 536 674 614 φυλάττειν,
723 535 780 592 ἃς
831 531 968 603 πρὸς
1013 530 1105 584 τὸν
1149 529 1375 604 γεραρὸν
1426 528 1626 582 ἐκεῖνον
1678 525 1843 599 ἄνδρα
1873 532 1925 597 Α
1959 528 2181 603 Μεγάλη
2215 528 2500 599 ἐκκλησία,
2546 532 2598 586 ἐν
2626 532 2834 605 τιμίοις
2882 535 2970 588 xui
3021 535 3139 610 εἶχε
3189 537 3606 613 χαρτοφύλακα,

178 630 277 683 τὸν
319 628 487 700 μέγαν
539 622 829 695 οἷκονόμον
885 625 969 693 [Ρ.
1029 622 1157 689 326]
1215 621 1315 686 της
1374 615 1699 687 Ἐκκλησίας
1759 618 1848 671 τὸν

184 717 486 793 Ξιφιλῖνον
520 712 691 768 ἐποίει
749 708 1054 785 Θεόδωρον,
1104 709 1179 769 ὡς
1233 708 1297 761 οὐ
1343 706 1567 782 γράψοι,
1620 707 1695 767 ὡς
1754 707 1854 760 οὐκ

186 805 437 862 ἀντείποι
493 804 619 876 περὶ
678 799 971 875 δογμάτων
1025 796 1121 853 κᾶν
1182 795 1211 851 ὅ
1265 818 1318 851 τι
1380 795 1588 872 λέγοιεν
1636 793 1848 850 ἄλλοι·

190 896 325 952 ἀλλ’
356 894 625 968 ὁσημέραι
660 889 960 966 δεχόμενον
1000 888 1069 942 τὰ
1092 891 1201 941 τῶν
1253 884 1461 954 ἄλλων,
1495 883 1547 939 οῖ
1578 882 1645 954 δὴ
1675 885 1766 939 xui
1800 883 1851 946 ἐς

195 985 339 1061 μέγα
388 981 620 1054 ηὔξανον
677 982 775 1048 τὴν
834 972 1170 1053 παραὸασίαν
1227 974 1276 1048 ἐξ
1336 976 1408 1028 ὧν
1465 974 1569 1029 ἀπὸ
1626 978 1851 1049 Γραφῶν

194 1073 460 1130 δεικνύειν
508 1070 683 1145 ᾤοντο
735 1071 817 1130 οἷς
860 1068 997 1143 πρὸς
1045 1065 1173 1127 τοὺς
1221 1062 1465 1126 Ἰταλοὺς
1517 1063 1851 1138 εἷρήνευσαν,

191 1164 287 1219 καὶ
342 1169 421 1235 τῷ
477 1161 613 1217 κατὰ
666 1164 801 1235 σφᾶς
851 1154 1086 1233 ἀσφαλεῖ
1130 1155 1228 1223 τήν
1285 1158 1393 1209 τῶν
1446 1150 1633 1208 ἄλλων
1685 1152 1851 1225 ὀργὴν

191 1255 473 1325 ἐξέκαιον,
533 1250 578 1305 εἶ
632 1247 909 1309 τοιούτοις
958 1245 1354 1319 συνισχημένοι
1411 1248 1526 1303 τοῖς
1582 1241 1852 1317 χαλεποῖς

193 1345 476 1420 ἀγνοοῦσι.
522 1339 618 1395 Διὰ
668 1342 835 1393 ταῦτα
867 1342 1113 1411 παρῆγον
1170 1332 1414 1388 κάκεῖνον
1459 1333 1703 1408 γράφειν,
1763 1331 1849 1385 xui

194 1418 313 1488 ἀπὸ
384 1434 600 1508 Γραφῶν
678 1431 926 1496 συνιστᾷν
987 1423 1245 1484 ὡσαύτως
1305 1423 1378 1483 ὡς
1436 1420 1534 1475 οὐκ
1592 1418 1853 1494 ἔσφαλται

191 1522 380 1599 σφίσιν
432 1519 515 1574 ἐπὶ
567 1521 826 1572 τοσοῦτον
874 1516 975 1582 τήν
1019 1517 1127 1568 τῶν
1179 1509 1523 1581 Ἐκκλησιῶν
1578 1530 1856 1583 καταπρα-

187 1613 449 1684 ξαμένοις
482 1610 727 1683 εἰρήνην,
761 1604 907 1659 ἀλλὰ
936 1603 1025 1658 καὶ
1068 1603 1248 1678 χωρὶς
1296 1605 1393 1654 τοῦ
1449 1600 1523 1661 εἷς
1578 1600 1852 1675 συμφέρον

186 1697 494 1774 προϐῆναι,
548 1698 718 1765 αὐτὴν
765 1696 882 1749 καθ’
923 1693 1089 1762 αὐτὴν
1140 1690 1399 1767 ἀσφαλῶς
1431 1687 1575 1765 ἔχειν
1630 1689 1854 1751 ἐκείνοις

191 1791 455 1864 πράξασι,
487 1783 963 1863 συγκροτουμὲνην
1013 1782 1106 1837 καὶ
1163 1782 1268 1835 ἀπὸ
1318 1784 1544 1856 Γραφῶν
1600 1777 1853 1836 ἄλλοθεν.

1956 616 2174 691 ὕστερον
2233 616 2290 672 δὲ
2359 620 2393 688 ἠ
2475 620 2848 696 μεγαλόπολις
2906 622 3273 695 Θεσσαλονίκη
3352 626 3610 702 ἀρχιερέα

1956 705 2288 777 έπλούτησεν
2348 710 2401 763 έν
2458 708 2613 772 ὅλοις
2691 709 2847 765 πέντε
2906 709 3102 787 λόγοις
3158 714 3226 768 τὰ
3286 720 3394 769 τῶν
3455 716 3612 782 θείων

1956 801 2180 873 Γραφῶν
2236 797 2369 872 ὑπὲρ
2417 804 2516 868 τῆς
2561 798 2786 873 εἰρήνης
2829 805 2938 855 τῶν
2991 803 3336 874 Ἐκκλησιῶν
3395 805 3609 861 ἀνελίτ-

1955 906 2171 943 τουσα.
2232 886 2333 943 Καὶ
2392 888 2616 950 ταύταις
2668 889 2836 943 οἱονεὶ
2909 889 3188 962 θεμελίοις
3260 893 3611 968 χρησάμενος

1958 981 2163 1051 συνεῖρε
2218 978 2284 1031 τὰ
2342 976 2595 1047 πλεῖστα,
2646 980 2781 1032 κατὰ
2827 981 3027 1034 σκοπὸν
3079 982 3171 1053 μὲν
3221 987 3331 1036 τῶν
3388 982 3611 1046 ἐκείνοις

1956 1062 2347 1139 γεγραμμένων
2402 1063 2626 1139 βάλλειν
2679 1064 2907 1135 ἐθέλων,
2968 1066 3121 1140 ὅμως
3168 1066 3224 1123 δὲ
3271 1070 3358 1124 καὶ
3392 1069 3612 1145 λίχναις

1956 1159 2075 1214 ταῖς
2142 1159 2375 1227 γραφαῖς
2436 1154 2625 1227 ὁρμῶν
2699 1153 3118 1229 ἐπιμελέστερον
3171 1158 3463 1231 ἀνηρεύνα,
3521 1162 3612 1215 xui

1958 1242 2111 1296 πάντ’
2144 1241 2288 1296 ἴθυνε
2316 1243 2451 1317 πρὸς
2482 1244 2575 1297 τὸν
2616 1248 2831 1317 πρῶτον
2884 1246 3084 1299 σκοπὸν
3131 1245 3352 1313 ἐκεῖνον,
3414 1248 3489 1309 ὡς
3530 1249 3612 1303 ἔπ’

1959 1330 2191 1406 ἀσφαλεῖ
2236 1334 2737 1407 πεπραγμάτευται.
2786 1332 2942 1402 ΙῙλήν
2987 1334 3085 1388 οὐκ
3115 1332 3199 1388 ἐπ’
3231 1333 3442 1408 ὀλίγοις
3498 1334 3617 1391 ἵστα

1957 1426 2072 1481 τοῖς
2104 1418 2392 1495 ἀριδήλοις
2450 1421 2579 1483 τοὺς
2634 1422 2861 1498 λόγους,
2919 1422 3067 1478 ἀλλὰ
3114 1423 3204 1478 καὶ
3262 1423 3353 1478 ἐπὶ
3383 1430 3500 1486 τοῖς
3536 1427 3611 1497 μὴ

1961 1508 2291 1584 ἁρμόττουσι
2326 1507 2745 1585 λιχνευόμενος,
2796 1514 2877 1573 οἷς
2923 1513 3013 1566 καὶ
3062 1512 3343 1589 ἀντιλογία
3394 1511 3619 1589 εὔλογος

1963 1599 2197 1667 έφῆπτο,
2246 1599 2438 1653 ταυτόν
2490 1601 2537 1653 τ’
2570 1599 2775 1674 ἔπασχε
2817 1606 2934 1662 τοῖς
2964 1602 3296 1669 κακοσίτοις,
3330 1600 3381 1656 ο⁸ί
3413 1603 3616 1678 χρησί-

1964 1710 2071 1760 μην
2102 1689 2310 1764 τροφήν
2336 1687 2426 1741 xui
2468 1692 2547 1759 τῷ
2578 1688 2790 1761 στομάκ
2834 1687 3076 1764 ῳρᾳδίαν
3109 1696 3403 1765 κατασχεῖν
3433 1712 3608 1765 προσ-

1961 1776 2281 1854 φερόμενοε,
2342 1776 2561 1851 ὕστερον
2618 1776 2708 1831 καὶ
2762 1783 2883 1839 τοῖς
2948 1779 3023 1849 μή
3079 1779 3381 1853 χρησίμοις
3415 1780 3614 1855 ἑπιχή-

194 1881 398 1935 Πίπτει
454 1878 582 1954 γοῦν
643 1875 720 1937 εἷς
797 1878 989 1948 χεῖρας
1047 1870 1229 1943 ἐκείνῳ
1283 1870 1482 1939 camp
1557 1871 2167 1951 σοφωτάτῳΒναντες,
2214 1868 2464 1940 ἑξέμεσαν
2513 1866 2706 1939 σύναμ³
2752 1867 2975 1931 έκείνοις
3027 1870 3117 1923 καὶ
3175 1869 3276 1937 τήν
3337 1868 3618 1923 συνοίσου-

189 1953 499 2039 Βλεμμίδη
544 1962 812 2039 γραφέντα
868 1958 1003 2035 πρός
1032 1979 1088 2012 τε
1145 1958 1234 2011 τὸν
1295 1955 1521 2030 βασιλέα
1550 1953 1851 2029 Θεόδωρον,

191 2058 385 2131 ἀρχὴν
432 2052 632 2128 ἔχοντα
660 2052 741 2120 τὸ,
778 2076 803 2101 ‹‹
837 2052 893 2102 Ὀ
948 2052 1126 2118 ζητῶν
1158 2046 1210 2101 ἐν
1242 2047 1309 2099 ού
1359 2049 1533 2118 καιρῷ
1574 2046 1662 2098 καὶ
1714 2043 1855 2117 λαμ-

192 2143 385 2201 ϐάνων
440 2146 493 2199 ἐν
522 2148 719 2218 καιρῷ,
755 2164 779 2194 υ
812 2143 898 2195 καὶ
932 2140 998 2193 τὰ
1027 2140 1164 2214 πρὸς
1213 2138 1304 2191 τὸν
1356 2134 1694 2210 Βουλγαρίας
1751 2134 1853 2191 Ἰά-

190 2232 409 2308 κωϐον,
440 2236 525 2303 τὸ,
560 2236 769 2289 «Ἔστι
825 2251 920 2303 μοι
966 2230 1133 2288 πάθος
1182 2225 1315 2300 ὅπερ
1365 2222 1659 2300 ἐξαγγελῶ’
1720 2226 1855 2299 πρὸς

188 2326 467 2397 ἆκέστορα
512 2324 613 2399 γὰρ
664 2321 807 2397 ἱερὸν
839 2346 865 2371 ››
916 2318 1212 2394 προοίμιον
1261 2314 1509 2393 φέροντα.
1560 2314 1852 2387 Ἐμπίπτει

186 2417 289 2472 καὶ
340 2409 534 2490 βίϐλος
584 2409 731 2481 ἄλλη
778 2413 873 2463 τοῦ
918 2405 1232 2480 Μαρωνείας
1280 2404 1513 2476 Νικήτα,
1565 2405 1623 2458 ὃν
1672 2406 1708 2473 ἡ
1757 2404 1851 2476 μὲν

190 2636 319 2692 tuit
350 2634 506 2688 intra
534 2630 681 2684 fines
715 2630 1020 2700 pactorum
1053 2622 1270 2696 quibus
1301 2621 1453 2676 ultro
1502 2638 1563 2677 se
1594 2621 1855 2675 obstrin-

186 2722 504 2780 xeratviro
536 2718 617 2773 illi
671 2714 980 2789 praestanti
1032 2728 1246 2783 magno
1296 2725 1596 2765 aconomo
1654 2707 1855 2764 Eccle-

188 2814 299 2870 sia
353 2808 658 2867 Theodoro
708 2803 1034 2876 Xiphilino,
1087 2800 1368 2873 pollicens
1427 2814 1489 2854 se
1549 2814 1664 2853 non
1711 2796 1851 2852 scri-

186 2907 444 2975 pturum
528 2901 629 2952 aut
694 2891 1218 2949 ‘contradicturum
1322 2888 1477 2943 circa
1555 2888 1851 2957 dogmata,

189 2988 488 3062 quidquid
521 2985 619 3041 alii
653 2984 933 3039 dicerent.
987 2983 1127 3035 Cum
1180 2978 1337 3034 enim
1383 2976 1645 3049 quotidie
1694 2975 1850 3030 acci-

189 3084 365 3154 peret
402 3093 551 3132 nova
582 3070 1019 3130 adversantium
1053 3068 1292 3136 scripta,
1325 3066 1542 3139 quibus
1567 3064 1853 3120 invidiose

190 3166 635 3241 exaggerabant
649 3162 869 3219 crimen
891 3161 960 3215 ad
971 3158 1284 3214 missorum
1300 3156 1358 3211 in
1374 3154 1850 3211 communionem

189 3253 735 3326 Latinorum,quod
772 3249 915 3305 nihil
950 3249 1148 3304 minus
1178 3263 1357 3337 quam
1389 3244 1671 3300 nefariam
1706 3260 1851 3315 apo-
1881 3270 1923 3337 Ο

195 3347 452 3404 stasiam
511 3359 641 3399 esse
694 3337 1144 3405 contendebant,
1219 3336 1274 3390 id
1329 3336 1734 3391 demonstrare
1787 3348 1849 3388 se

190 3440 483 3511 putantes
552 3430 725 3489 certis
796 3445 927 3501 qua
1008 3426 1341 3498 allegabant
1417 3423 1853 3495 Scripturarum

189 3522 589 3591 testimoniis,
648 3518 1173 3591 adjungebantque
1219 3515 1377 3585 ipsos
1430 3512 1577 3569 falsa
1629 3514 1743 3568 ista
1800 3514 1857 3566 et

187 3631 473 3691 perversa
499 3608 832 3677 securitate,
865 3623 984 3677 qua
1014 3604 1197 3677 impio
1246 3603 1405 3691 facto,
1426 3600 1585 3691 velut
1615 3604 1857 3691 rectoet

190 3688 489 3760 laudabili
525 3716 626 3771 per
658 3710 915 3752 errorem
950 3690 1166 3747 delusa
1214 3688 1582 3745 conscientia
1620 3689 1854 3758 acquie-

189 3795 470 3858 scebant,
522 3786 837 3843 accendere
893 3784 951 3837 in
1012 3799 1073 3837 se
1131 3782 1248 3835 iras
1299 3779 1547 3850 odiaque
1606 3778 1855 3831 aliorum

190 3887 445 3957 propter
475 3879 791 3933 cacitatem
824 3872 1028 3939 animi,
1062 3888 1179 3943 qua
1209 3886 1323 3924 non
1355 3868 1607 3939 cognitis
1638 3867 1857 3937 quibus

185 3972 477 4045 impliciti
536 3969 824 4023 harerent
876 3962 1048 4019 malis
1096 3961 1155 4016 in
1198 3961 1271 4015 iis
1294 3960 1404 4015 sibi
1439 3958 1755 4030 placerent,
1790 3987 1858 3997 --

194 4044 338 4119 cum
405 4058 609 4126 hujus,
662 4055 927 4125 inquam,
988 4049 1290 4105 sententia
1342 4046 1569 4102 libeilos
1630 4044 1859 4117 prodire

192 4149 529 4225 spargique
561 4146 620 4201 in
650 4144 863 4215 vulgus
889 4141 1176 4213 plurimos
1213 4143 1495 4201 cerneret,
1530 4141 1859 4209 pertractus

194 4240 446 4296 tandem
508 4235 579 4289 ad
637 4232 1012 4288 scribendum
1073 4233 1183 4299 est,
1244 4233 1565 4298 contraque
1615 4226 1861 4281 demon—

197 4327 527 4386 strandum
564 4320 921 4378 testimoniis
976 4318 1191 4391 pariter
1221 4317 1577 4388 scriptorum
1610 4316 1861 4370 authen-

196 4419 487 4482 ticorum,
515 4411 660 4467 nihil
693 4428 726 4466 a
757 4428 819 4466 se
852 4414 953 4463 aut
983 4426 1015 4463 a
1047 4424 1185 4462 suas
1234 4411 1427 4477 partes
1476 4404 1859 4475 sequentibus

198 4510 477 4564 erratum
512 4502 570 4555 in
604 4500 879 4555 omnibus
931 4514 1057 4568 qua
1110 4496 1394 4551 hactenus
1446 4494 1701 4564 egissent
1759 4510 1861 4564 pro

196 4611 353 4669 pace
415 4590 783 4647 concilianda
837 4585 1249 4649 Ecclesiarum,
1316 4584 1411 4638 sed
1463 4582 1549 4637 vel
1600 4582 1647 4637 si
1703 4580 1864 4636 nulla

1964 1978 2076 2011 σαν.
2124 1956 2183 2009 Τί
2230 1957 2291 2010 τὸ
2324 1956 2602 2026 έντεῦθένς
2636 1955 2803 2031 Μάχη
2846 1978 2929 2019 τις
2980 1958 3064 2011 ἐπ’
3123 1958 3189 2011 οὐ
3246 1957 3481 2033 καιρίοις
3527 1958 3617 2013 καὶ

1968 2044 2273 2124 φιλονεικία
2302 2045 2629 2103 συνίσταται.
2686 2046 2764 2101 Τὸ
2805 2043 2862 2099 δὲ
2918 2052 3019 2115 τῆς
3078 2046 3264 2122 μάχῐις
3320 2046 3615 2125 κεφάλαιον

1969 2135 2051 2189 ὅτι
2098 2137 2370 2190 κινοῦνται
2416 2134 2686 2211 δόγματα.
2719 2136 2941 2207 Μέλεοι,
2995 2138 3105 2192 εἶτα
3134 2137 3264 2209 ύμῖν
3296 2138 3387 2210 μὲν
3440 2136 3615 2216 ἐφεῖτο

1966 2225 2017 2286 ές
2048 2225 2131 2279 ὅτι
2158 2228 2436 2301 χρήσασθε
2462 2223 2722 2300 δόγμασι,
2753 2224 2842 2279 xui
2884 2226 3056 2281 εἰσιτὰ
3086 2227 3140 2291 ές
3190 2228 3337 2281 οἶκον
3390 2228 3615 2297 Κυρίου,

1963 2314 2154 2369 ταυτὸν
2207 2313 2252 2368 δ’
2310 2315 2477 2370 εἰπεῖν
2539 2313 2629 2368 καὶ
2689 2311 3000 2390 δογμάτων,
3058 2314 3153 2371 κᾶν
3205 2317 3234 2370 ’ὸ
3278 2336 3331 2370 τι
3384 2316 3614 2391 λέγοιτε·

1964 2401 2159 2466 ἄλλοις
2209 2401 2254 2458 δ’
2304 2404 2402 2459 οὐκ
2448 2404 2513 2474 ἦν
2566 2406 2867 2477 μεμνῆσθαι
2918 2402 3209 2482 δογμάτων
3239 2403 3612 2480 ἀπολογουμέο

1964 2621 2073 2675 viri
2130 2622 2438 2693 scriptum,
2499 2626 2665 2695 cujus
2714 2630 2804 2681 est
2854 2624 2961 2679 hoc
3010 2625 3317 2681 exordium
3373 2641 3387 2680 :
3441 2648 3468 2674 «
3506 2629 3612 2680 La-

1965 2711 2104 2767 boro
2153 2712 2354 2767 morbo
2396 2730 2573 2785 quem
2633 2714 2892 2786 aperiam
2963 2731 2975 2769 :
3038 2731 3174 2770 cum
3239 2731 3405 2770 sacro
3456 2714 3613 2770 enim

1962 2801 2190 2856 medico
2222 2818 2415 2856 sermo
2474 2802 2618 2857 mihi
2680 2809 2789 2858 est.
2824 2826 2851 2853 ››
2902 2809 3187 2859 Praeterea
3245 2820 3395 2875 opus
3453 2803 3611 2858 aliud

1964 2890 2327 2946 Maronensis
2361 2891 2570 2946 Niceta
2619 2893 2722 2946 viri
2784 2893 3151 2961 venerabilis,
3210 2894 3309 2963 qui
3370 2909 3437 2946 ex
3488 2909 3616 2946 ma-

1961 2995 2090 3051 gna
2155 2980 2411 3035 ecclesia
2470 2981 2924 3053 cbartophylace
3004 3000 3225 3053 magna
3298 2981 3608 3037 Thessalo-

1962 3068 2219 3124 nicensis
2293 3069 2561 3125 Ecclesia
2646 3070 3125 3143 archiepiscopus
3206 3072 3417 3140 fuerat,
3498 3087 3613 3143 quo

1960 3174 2133 3229 opere
2208 3158 2375 3213 libris
2445 3158 2704 3230 quinque
2776 3160 3221 3230 explicabuntur
3297 3176 3327 3214 θ
3395 3159 3611 3215 divinis

1960 3247 2277 3320 Bcripturis
2309 3264 2437 3319 qua
2461 3250 2531 3304 ad
2563 3265 2763 3320 pacem
2814 3249 3194 3305 ecclesiarum
3245 3248 3610 3309 constituen-

1961 3336 2095 3392 dam
2128 3337 2503 3409 pertinerent.
2541 3342 2673 3393 Hac
2722 3337 2906 3410 igitur
2941 3337 3166 3393 Veccus
3197 3342 3466 3394 accurate
3497 3337 3610 3394 sibi

1961 3425 2110 3481 lecta
2168 3425 2507 3497 scriptionis
2538 3443 2712 3496 quam
2774 3426 3170 3483 meditabatur
3199 3426 3369 3499 quasi
3401 3428 3611 3483 funda-

1964 3519 2160 3570 menta
2199 3513 2444 3583 habuit;
2479 3514 2695 3587 quibus
2738 3515 2975 3572 aliunde
3024 3516 3305 3588 colligens
3362 3516 3613 3573 astruxit

1963 3604 2241 3676 plurima,
2304 3622 2404 3676 pro
2461 3622 2635 3677 scopo
2698 3604 2937 3661 intuens
2992 3606 3140 3661 illud
3199 3606 3395 3678 ipsum
3458 3607 3615 3679 quod

1962 3694 2209 3748 istorum
2243 3695 2805 3749 commentariorum
2839 3700 3105 3750 auctores
3137 3695 3249 3750 sibi
3296 3712 3615 3767 proposue-

1964 3790 2117 3837 rant.
2170 3783 2539 3838 Contendens
2586 3788 2780 3837 autem
2844 3785 2913 3839 ad
2962 3784 3139 3838 istum
3191 3784 3367 3838 finem
3403 3785 3618 3855 cupido

1964 3873 2219 3943 quodam
2274 3872 2497 3941 impetu
2558 3872 2875 3937 scribendi,
2934 3873 3186 3942 indeque
3220 3878 3620 3943 perscrutatus

1966 3960 2201 4030 singula
2276 3960 2639 4030 diligentius,
2690 3966 2901 4015 cuncta
2960 3961 3176 4015 direxit
3225 3962 3297 4015 ad
3360 3960 3615 4031 primum

1966 4048 2133 4103 illum
2170 4064 2415 4119 sc0pum
2476 4048 2918 4103 demonstrandi
2978 4054 3130 4103 recte
3184 4066 3250 4103 ac
3292 4064 3498 4104 secure
3558 4049 3615 4102 in

1966 4136 2075 4191 hac
2124 4137 2443 4192 concordia
2495 4137 2840 4192 tractatione
2889 4141 3019 4192 acta
3066 4153 3194 4193 esse
3244 4137 3463 4193 omnia.
3508 4138 3613 4193 Ve-

1968 4242 2099 4280 rum
2131 4231 2299 4297 capto
2326 4225 2507 4281 semel
2537 4227 2758 4298 impetu
2793 4225 3086 4281 scribendi
3126 4242 3239 4281 non
3299 4226 3357 4281 in
3410 4227 3611 4298 paucis

1967 4315 2085 4369 illis
2144 4315 2405 4370 constitit
2462 4333 2589 4386 qua
2654 4316 3134 4370 demonstrantur
3183 4315 3521 4371 evidenter:
3555 4320 3614 4370 at

1968 4404 2280 4476 prolapsus
2302 4405 2576 4459 aviditate
2608 4406 2862 4472 quadam
2897 4405 3011 4459 alia
3064 4405 3153 4460 his
3205 4408 3448 4461 attexuit
3497 4424 3611 4459 non

1969 4494 2394 4559 convenientia,
2425 4495 2761 4566 quibusque
2812 4511 2927 4549 non
2958 4493 3085 4550 sine
3118 4495 3340 4549 ratione
3385 4504 3615 4551 contra-

1972 4583 2189 4638 dictum
2223 4589 2331 4650 est,
2367 4582 2559 4638 simile
2590 4584 2733 4654 quid
2789 4600 2997 4655 passus
3049 4582 3121 4638 iis
3177 4584 3277 4655 qui
3326 4584 3514 4649 crudi,
3565 4590 3621 4639 et

200 4644 364 4741 ξεῖ-ἀί)
398 4644 712 4736 haberetur
743 4676 1067 4733 utilitatum
1100 4644 1429 4745 ingentium
1462 4689 1587 4743 qua
1638 4687 1706 4725 ex
1757 4670 1860 4723 hac
1892 4644 1938 4706 D
1971 4672 2275 4729 stomacho
2310 4644 2673 4738 intirmo,u.bi
2705 4644 2901 4727 cibum
2936 4671 3138 4726 utilem
3173 4644 3230 4728 et
3262 4673 3452 4729 facilis
3480 4644 3619 4728 con-

200 4770 694 4830 reconciiiatione
726 4767 785 4821 in
818 4762 1243 4836 rentpublicam
1272 4761 1608 4816 universam
1644 4760 1861 4815 redun-

200 4865 451 4927 darent,
485 4860 673 4928 ipsam
719 4874 819 4928 per
862 4872 923 4910 se
960 4851 1331 4909 concordiam
1388 4849 1864 4904 honestissimam

202 4952 402 5008 fuisse
435 4952 839 5016 remotamque
872 4944 943 4998 ab
976 4941 1133 4998 omni
1178 4938 1437 5012 periculo
1496 4938 1863 4994 conscientia

202 5039 522 5104 ladenda,
596 5035 816 5108 quippe
892 5034 1061 5102 cujus
1141 5030 1387 5101 aquitas
1463 5032 1521 5083 et
1583 5027 1867 5083 sanctitas

204 5126 669 5188 auctoritatibus
734 5127 998 5178 veterum
1071 5120 1307 5175 Patrum
1381 5115 1867 5189 gravissimisque

201 5220 364 5277 477
434 5215 628 5272 omnis
667 5212 898 5285 generis
928 5226 1106 5265 sacra
1149 5206 1517 5279 antiquitatis
1568 5205 1865 5277 suffragiis

202 5306 449 5383 egregie
481 5303 894 5361 commendata
924 5300 1291 5371 probaretur.
1336 5295 1645 5383 Procincto
1673 5304 1866 5349 autem

202 5382 404 5451 Viecco
439 5392 510 5447 ad
544 5392 655 5446 hoc
686 5388 1061 5443 tractandum
1091 5389 1507 5458 argumentum
1538 5382 1870 5438 inciderunt

207 5488 365 5541 forte
398 5482 457 5535 in
489 5495 699 5535 manus
733 5494 859 5548 qua
892 5474 1367 5545 sapientissimus
1412 5471 1764 5527 Blemmidas
1796 5472 1868 5527 ad

204 5575 635 5646 imperatorem
680 5566 1049 5622 Theodorum
1109 5563 1419 5635 scripserat
1477 5561 1585 5617 hoc
1642 5561 1866 5617 initio:

207 5690 234 5714 ι(
273 5662 389 5729 Qui
426 5660 633 5731 quarit
667 5672 782 5712 non
836 5654 895 5709 in
945 5660 1205 5724 tempore
1253 5656 1312 5707 et
1359 5652 1569 5723 accipit
1612 5652 1669 5706 in
1720 5656 1871 5706 tem-

213 5770 361 5825 pore
390 5768 404 5818 ;
435 5771 463 5799 »
507 5751 565 5805 et
611 5744 771 5803 aliud
822 5744 894 5800 ad
942 5742 1228 5798 Jacobum
1271 5739 1551 5811 Bulgaria
1608 5741 1869 5812 ejusdem

508 5866 779 5925 Persen.
829 5863 938 5923 Gn.
979 5860 1240 5922 CXLIII.

1977 4760 2261 4815 coctionis
2284 4764 2691 4832 perceperunt,
2724 4760 2837 4815 alia
2860 4778 3036 4831 super
3060 4762 3335 4833 ingerunt
3386 4780 3501 4817 non
3536 4781 3626 4818 sa-

1978 4849 2186 4916 lubria,
2222 4848 2369 4922 gula
2422 4849 2703 4905 inhiantis
2749 4850 3026 4905 aviditate
3074 4851 3261 4915 tracti,
3296 4853 3450 4907 Unde
3492 4869 3625 4907 con-

1976 4943 2159 4994 tracta
2190 4954 2409 4993 nausea
2444 4939 2839 5010 profuturum,
2891 4938 2940 4994 si
2992 4940 3186 4995 solum
3237 4941 3466 5007 fuisset,
3512 4941 3622 4996 uli-

1978 5035 2263 5097 mentum,
2294 5048 2412 5086 una
2458 5048 2592 5086 cum
2647 5032 2816 5087 noxio
2867 5032 3083 5104 pariter
3121 5039 3417 5091 evomunt.
3474 5033 3619 5097 Quid

1976 5127 2173 5176 autem
2229 5120 2381 5175 478
2444 5120 2580 5177 inde
2635 5126 3017 5176 consecutum
3076 5120 3226 5177 est?
3292 5123 3621 5177 Conflatum

1978 5225 2188 5280 nempe
2236 5215 2529 5264 certamen
2588 5209 3065 5281 intempestivum
3122 5211 3623 5281 commissumque

1972 5297 2256 5369 jurgium,
2300 5298 2513 5353 acriter
2563 5299 3027 5369 repugnantibus
3077 5298 3261 5355 Vecco
3313 5298 3623 5372 plurimis;

1977 5404 2229 5458 quorum
2256 5387 2312 5441 in
2340 5387 2533 5457 ipsum
2567 5387 2936 5457 querelarum
2977 5389 3085 5443 hoc
3119 5393 3293 5458 caput
3322 5392 3444 5442 erat
3472 5385 3622 5456 quod

1980 5493 2082 5548 per
2146 5492 2278 5531 eum
2346 5482 2716 5531 moverentur
2766 5478 3059 5547 dogmata,
3114 5478 3269 5547 quod
3336 5480 3453 5529 tam
3506 5473 3631 5543 ipse

1981 5582 2157 5637 quam
2193 5565 2239 5621 ei
2276 5566 2641 5620 adharentes
2675 5565 2825 5619 rixas
2864 5568 3065 5620 inanes
3098 5569 3373 5619 sererent.
3440 5562 3625 5615 Adde-

1980 5657 2123 5710 bant
2156 5671 2220 5709 :u
2254 5655 2448 5709 Liceat
2487 5671 2628 5709 sane
2674 5656 2942 5723 privatim
3007 5656 3148 5708 istas
3203 5655 3352 5708 inter
3401 5669 3500 5707 vos
3562 5652 3632 5705 de

1982 5744 2254 5814 dogmate
2303 5744 2525 5815 agitare
2582 5743 3029 5809 controversias,
3067 5743 3167 5797 sed
3216 5742 3511 5799 abstinete
3560 5740 3632 5795 ab

3277 5862 3358 5925 30
