4002 6198
438 343 550 397 939

1743 334 2042 392 GEORGII
2083 335 2547 396 PACHYMERB

3643 339 3725 394 940

436 483 546 524 νοις
573 459 695 533 περί
739 453 1052 531 δογμάτων,
1111 452 1208 510 κᾶν
1273 459 1587 529 μεμνῶνται
1639 454 2084 530 ἀναγκαζόμενοι,
2117 451 2396 530 Αδεινὸν.
2470 452 2661 520 Διδοὺς
2736 451 2782 519 δ’
2858 452 2970 512 αἰὲν
3054 450 3412 526 ὑπεκκαύματα
3473 458 3621 532 μάχης
3658 460 3736 516 οὖν,

436 549 675 610 ἀδικοῖεν
711 546 772 600 ἄν
809 566 822 615 ;
857 547 1001 620 Ἐγὼ
1059 546 1153 617 μεν
1189 544 1288 600 οὐκ
1339 546 1510 618 οἶμαι.
1571 546 1725 614 Πλὴν
1776 545 1942 618 μέχρι
2002 545 2089 606 καὶ

437 637 613 696 αὐτῶν
669 634 968 707 βασιλικῶν
1028 634 1204 689 ἀκοῶν
1264 655 1406 697 τιτες
1459 634 1658 708 ἀνῆγον
1701 634 1763 688 τὸ
1814 630 2092 708 ἔγκλημα,

435 724 526 779 καὶ
573 725 622 798 γ’
681 723 973 799 εἰρηνεύειν
1021 727 1100 797 [Ρ.
1134 726 1260 796 327]
1317 724 1701 799 ὑπισχνοῦντο,
1735 721 1784 780 εἴ
1839 720 2094 797 βασιλεὺς

443 813 626 890 ῥητῶς
654 814 985 889 προστάσσοι
1033 814 1110 885 μὴ
1161 810 1351 872 λαλεῖν
1399 812 1522 876 τινᾲ
1552 809 1820 887 δόγματα,
1855 813 1950 868 κᾶν
2007 811 2096 876 οἷα

442 902 532 958 καὶ
593 904 742 970 ὅπως
791 901 971 976 λέγοι.
1025 903 1082 956 Ὠ
1136 899 1320 976 μὲντοι
1373 923 1433 976 γε
1486 901 1744 976 βασιλεὺς
1793 899 1968 966 θέλων
1997 901 2092 974 μὲν

445 992 536 1048 καὶ
585 994 683 1062 τήν
740 991 963 1066 εἰρήνην
1024 990 1266 1064 ἐκείνων,
1329 988 1695 1066 δυσχεραίνων
1757 987 1814 1048 δὲ
1861 990 1951 1054 καὶ
1994 991 2092 1059 τὴν

444 1080 683 1151 αἶ’τησιν,
745 1080 1007 1148 ἐκτίθεται
1067 1077 1315 1154 δόγματα
1370 1079 1692 1154 γράμμασι,
1743 1076 1935 1143 δοκοῦν
1999 1078 2092 1151 μὲν

442 1169 680 1247 ἀσφαλὲς
711 1170 889 1246 σφίσιν
943 1169 1020 1246 ἐφ’
1047 1169 1194 1244 ᾧπερ
1247 1174 1483 1240 ζητοῖεν,
1533 1167 1720 1236 ἄλλως
1768 1165 1813 1224 δ’
1863 1162 2092 1242 ἔλεγχον

441 1258 872 1336 προϊσχόμενον.
923 1262 1056 1320 Θεοῦ
1105 1258 1231 1332 γὰρ,
1281 1253 1454 1332 ἔλεγε,
1504 1259 1904 1330 μνημονευτέον
1961 1255 2098 1328 μᾶλ-

445 1346 542 1404 λον
585 1348 620 1418 ἢ
675 1346 1086 1412 ἀναπνευστέον,
1144 1345 1333 1421 Δόγμα
1390 1343 1493 1421 ἄρα
1551 1348 1746 1422 μνήμη
1806 1350 1958 1412 θεοῦ.
2021 1346 2094 1412 Τὸ

450 1436 635 1512 μεντοι
687 1457 746 1510 γε
775 1441 880 1492 τῶν
916 1440 1139 1511 Γραφὼν
1189 1433 1570 1509 παρεκκλίνειν
1627 1434 1902 1494 κωλυτέον
1961 1435 2095 1492 εἶναι

444 1526 690 1598 καθάπαξ
747 1523 1129 1603 προσετασσεν·
1181 1523 1260 1580 Οὐ
1304 1525 1410 1596 μὴν
1465 1521 1522 1578 δὲ
1567 1525 1654 1590 καὶ
1701 1523 1876 1594 αἰτίας
1922 1525 1949 1578 ὁ
1993 1544 2096 1578 πα-

441 1618 721 1689 τριαρχῶν
755 1612 1087 1683 ἀπολελυτο,
1125 1619 1352 1687 πρᾶγμα
1382 1611 1677 1687 σκιρῥωθὶν
1727 1609 1836 1683 ἤδη
1871 1611 2096 1690 χρόνοις

445 1703 724 1766 πλείστοις
793 1702 1110 1772 ἐξαπιναίως
1165 1702 1456 1774 μαλάττειν
1517 1699 1745 1769 ἐθέλων,
1794 1701 1884 1768 καὶ
1933 1705 2098 1756 ταῦτα

443 1792 737 1868 τιμωρίαις
790 1791 1067 1866 μεγίσταις
1095 1795 1190 1852 τοῦ
1225 1792 1494 1865 βασιλέως
1547 1791 1673 1857 τοὺς
1727 1791 2096 1852 ἀποστατοῦνε

445 1903 539 1942 τας
569 1880 905 1948 εὐθύνοντος.
959 1886 1186 1955 Σῶφρον
1247 1881 1337 1936 οὖν
1397 1881 1482 1952 ἦν,
1543 1880 1593 1936 εἴ
1647 1885 1814 1954 σιγῶν
1867 1877 2092 1935 διετέλει

446 1970 536 2030 καὶ
586 1972 686 2042 τήν
715 1971 1043 2046 κατηγορίαν
1075 1967 1287 2046 διέφερε
1313 1970 1523 2045 πράως·
1582 1969 1745 2038 ἦττον
1801 1970 1902 2045 γὰρ
1933 1969 1998 2037 ἦν
2031 1968 2094 2024 τὸ

447 2186 542 2242 his
574 2186 717 2241 rixis
742 2182 1189 2240 introducendis
1219 2182 1277 2238 in
1311 2184 1547 2238 domum
1583 2183 1835 2252 Domini,
1871 2205 1897 2236 η
1927 2180 2093 2262 quasi

450 2273 1004 2331 dicerenthentire
1037 2291 1137 2328 vos
1169 2277 1227 2328 et
1256 2272 1419 2344 loqui
1444 2272 1714 2343 privatim
1745 2273 1818 2327 de
1847 2273 2094 2343 dogma-

448 2364 608 2418 tibus
641 2368 705 2418 ut
734 2361 1461 2431 vultis,fuerittolerabile.
1500 2361 1646 2416 Illud
1681 2363 2093 2433 deprecamur:

448 2457 768 2522 temperate
802 2452 874 2505 ab
934 2451 1023 2505 his
1083 2451 1609 2521 disceptationibus
1671 2449 1984 2522 vulgandis
2043 2454 2098 2503 et

448 2540 740 2594 turbanda
769 2538 1144 2608 simplicitate
1177 2540 1341 2604 rudis
1373 2538 1572 2612 pepuli
1609 2540 1758 2594 bona
1816 2539 1926 2596 {ide
1977 2543 2095 2594 tra-

450 2628 588 2684 ditis
618 2629 1068 2700 asquiescentis.
1106 2649 1132 2674 ››
1163 2627 1257 2682 Hae
1311 2627 1629 2683 multorum
1681 2643 1849 2683 voces
1897 2628 2096 2686 audies

455 2718 670 2772 bantur
699 2715 1002 2772 occasione
1035 2715 1390 2786 scriptorum
1427 2715 1611 2780 Vacci,
1647 2716 1703 2774 in
1765 2715 1982 2787 quibus
2042 2720 2099 2772 et

453 2804 596 2862 illud
631 2805 872 2878 quidam
907 2803 1434 2876 reprehendebant,
1485 2805 1640 2878 quod
1702 2805 1758 2860 in
1792 2805 1863 2862 iis
1895 2803 2098 2876 iniqua

453 2893 786 2952 conditione
817 2898 1111 2950 certamen
1145 2909 1278 2954 cum
1337 2892 1687 2960 adversariis
1744 2898 2094 2965 capesseret,

452 2982 789 3052 disceptans
820 2980 945 3056 ipse
1006 2981 1076 3035 de
1127 2981 1422 3054 dogmate,
1455 2997 1572 3051 qua
1629 2981 1700 3036 de
1759 2997 1819 3035 re
1877 2978 2099 3036 sciebat

450 3067 583 3124 aliis
613 3068 916 3126 silentium
977 3067 1286 3124 indictum.
1338 3069 1398 3124 In
1432 3085 1546 3140 quo
1576 3068 1625 3126 si
1670 3085 1769 3126 eos
1813 3067 2098 3132 lacessere

453 3162 741 3234 pergeret,
768 3162 825 3211 et
855 3157 894 3212 ii
945 3174 1048 3230 pro
1100 3157 1428 3216 necessaria
1486 3159 1952 3230 propugnatione
2009 3174 2096 3212 re-

451 3252 632 3317 ceptae
665 3245 940 3314 doctrina:
975 3246 1334 3312 mentionem
1369 3245 1426 3302 in
1469 3246 1878 3315 respondendo
1911 3247 2097 3302 facere

455 3339 806 3404 cogerentur
861 3335 1231 3406 dogmatum,
1289 3350 1362 3387 an
1453 3338 1662 3390 contra
1727 3334 2105 3391 interdictum

456 3425 702 3492 agerent
728 3426 784 3476 et
815 3422 943 3492 jure
967 3420 1441 3484 mulctarentur?
1479 3421 1751 3492 equidem
1797 3422 1954 3480 haud
1985 3439 2106 3482 ,cre-

455 3510 726 3570 diderim.
763 3509 911 3564 Illud
943 3510 1085 3577 scio,
1147 3508 1399 3581 perlatas
1432 3527 1616 3581 usque
1640 3511 1707 3569 ad
1736 3529 1909 3574 aures
1943 3511 2108 3588 prin-

457 3599 604 3674 cipis
636 3598 1039 3654 accusationes
1071 3615 1136 3654 eo
1169 3599 1409 3664 nomine
1441 3600 1722 3658 adversus
1763 3600 2018 3660 Veccum
2076 3618 2110 3657 a

457 3687 778 3758 nonnullis,
838 3686 1254 3768 pollicentibus
1327 3688 1701 3760 acquieturos
1759 3704 1888 3746 sese
1937 3706 2108 3761 porro

447 3777 572 3850 jam
621 3777 860 3842 statutis
911 3782 969 3832 et
1028 3777 1087 3834 in
1149 3793 1288 3847 pace
1338 3776 1660 3848 tranquille
1736 3777 2107 3850 perstituros,

463 3867 636 3922 modo
667 3866 883 3924 diserte
931 3872 1153 3921 vetaret
1201 3865 1521 3940 imperator
1561 3882 1632 3922 ne
1681 3866 1998 3938 quisquam
2049 3867 2109 3924 in

466 3955 540 4010 iis
570 3972 697 4028 quae
730 3955 1005 4028 deinceps
1055 3955 1369 4010 ederentur
1401 3953 1637 4028 scriptis
1666 3956 1881 4028 dogma
1911 3957 2106 4028 ipsum

465 4044 798 4122 attingeret,
833 4061 1034 4116 pacem
1081 4044 1229 4100 tueri
1263 4061 1330 4100 ac
1389 4049 1540 4100 recte
1574 4045 1852 4118 justeque
1903 4046 2108 4102 initam

461 4135 915 4208 quibuscunque
977 4133 1110 4198 aliis
1159 4132 1333 4189 vellet
1382 4150 1447 4188 ac
1497 4141 1694 4205 posset
1744 4135 2111 4207 argumentis

460 4220 769 4278 defendere
799 4227 1135 4277 contentus.
1171 4221 1268 4279 His
1325 4221 1540 4278 auditis
1599 4223 1936 4294 imperator,
2007 4225 2110 4296 qui

458 4319 510 4364 el
541 4308 688 4370 istos
745 4327 806 4366 se
861 4312 1390 4382 quomodocunque
1441 4312 1736 4367 continere
1787 4313 1843 4368 in
1892 4330 2002 4368 usu
2055 4318 2112 4369 et

460 4399 730 4470 amplexu
804 4400 961 4471 pacis
1012 4416 1362 4472 magnopere
1414 4405 1662 4474 aptaret,
1751 4418 1855 4457 nec
1915 4407 2108 4457 tamen

459 4490 732 4558 probaret
761 4490 914 4559 quod
950 4489 1544 4562 petebant,ingratam
1575 4490 1910 4561 petitionem
1937 4491 2113 4546 elusit

459 4575 755 4648 vulgando
814 4577 1090 4650 ambiguo
1148 4579 1358 4646 edicto,
1435 4595 1550 4651 quo
1620 4596 1750 4634 cum
1814 4581 2108 4636 videretur

459 4682 698 4720 securos
729 4683 828 4722 eos
866 4671 1150 4738 quantum
1187 4683 1334 4740 opus
1365 4672 1492 4722 erat
1524 4669 1766 4724 reddere
1813 4683 1993 4741 super
2042 4686 2108 4725 eo

463 4755 616 4826 quod
651 4760 1100 4828 preposuerant,
1132 4755 1342 4811 callide
1385 4773 1447 4812 se
1492 4761 1690 4812 tamen
1746 4758 2111 4815 subducebat

458 4846 690 4901 invidiae
763 4845 1140 4918 querelisque
1212 4847 1394 4917 partis
1462 4848 1808 4917 contrarim;
1888 4850 1989 4922 qui
2055 4849 2105 4906 ei

457 4934 633 4989 etiam
667 4951 728 4990 se
773 4935 1224 4990 commendabat
1254 4952 1467 4991 arcana
1497 4937 1790 4994 submista
1836 4938 2110 5012 suggilla-

458 5023 615 5078 tione
676 5025 885 5080 borum
944 5023 1208 5096 ipsorum
1269 5042 1416 5097 quos
1476 5025 1707 5098 placare
1765 5032 1905 5084 tunc
1965 5027 2109 5084 velle

457 5112 783 5168 videbatur.
819 5113 950 5168 Hzec
1009 5114 1165 5168 enim
1225 5119 1352 5169 erat
1409 5114 1584 5170 edicti
1641 5117 1970 5173 sententia:
2005 5119 2106 5174 Dei

460 5201 663 5274 utique
697 5203 1057 5258 mentionem
1092 5203 1215 5275 pari
1247 5221 1378 5258 cum
1415 5203 1800 5274 respiratione
1833 5206 2108 5276 frequen-

455 5289 536 5345 tia
578 5291 772 5346 iterari
799 5292 901 5364 jus
936 5294 1140 5364 lasque
1173 5308 1321 5346 esse.
1355 5292 1541 5355 Quare
1591 5291 1906 5362 dogmatis,
1953 5297 2107 5366 quod

455 5379 556 5434 Dei
593 5381 875 5436 memoria
901 5381 1751 5451 contineretur,professionem
1776 5381 1920 5436 adeo
1940 5400 2053 5437 non
2078 5402 2111 5439 a

453 5487 515 5524 se
569 5471 720 5526 479
773 5470 976 5539 vetari,
1033 5469 1185 5524 ultro
1239 5469 1416 5524 etiam
1452 5470 1982 5524 commendaretur.
2040 5474 2113 5527 At

455 5563 782 5626 pervertere
809 5559 1140 5628 Scripturas
1172 5561 1274 5613 aut
1311 5557 1606 5612 declinare
1657 5573 1689 5611 a
1741 5573 1876 5613 vero
1907 5575 2109 5616 eorum

457 5662 634 5698 sensu
679 5646 954 5728 ’pcrmitti
990 5644 1149 5700 nulla
1183 5647 1405 5702 ratione
1447 5664 1638 5719 posse.
1695 5648 1898 5719 Itaque
1942 5666 2003 5706 se
2051 5651 2108 5710 id

2200 542 2461 621 ἂσφαλέσι
2512 546 2739 616 πάμπαν
2801 541 3143 616 ἀντιλογίαις
3197 540 3401 606 ἐκείνοις
3445 545 3524 616 μὶν
3564 554 3736 622 παρεῖχε

2201 628 2397 698 λαϐὰς,
2452 634 2626 705 ἑαυτῷ
2679 630 2736 688 δὲ
2792 631 2882 688 καὶ
2936 635 3054 696 τοῖς
3111 635 3408 692 κοινωνοῦσι
3448 633 3531 700 τὴν
3579 633 3738 700 ἐσαῦθις

2205 717 2417 796 βλάϐην
2479 723 2779 798 προύξένει.
2843 721 2982 786 Τότε
3039 718 3096 776 δὲ
3149 723 3242 791 τήν
3299 723 3478 797 Ἰωσὴφ
3505 728 3738 798 πυθόμενος

2202 808 2400 887 ἄφιξιν,
2434 808 2510 870 ἔτι
2545 809 2601 867 δὲ
2648 811 2736 874 καί
2781 813 2880 880 τὴν
2929 815 3028 877 τοῦ
3051 810 3273 887 Ἐφέσου
3299 811 3370 882 τῷ
3414 811 3596 886 βασιλεῖ
3618 835 3738 887 προσ-

2201 898 2382 972 εδριᾳν
2441 898 2496 958 ἐν
2544 899 2606 954 οὐ
2656 899 2850 960 καλαῖς
2896 900 3154 972 ὑποψίαις
3195 898 3512 970 ποιούμενος,
3555 899 3743 962 ἔπιε-τίλ-

2202 987 2284 1050 λει
2342 993 2422 1060 τῷ
2477 987 2724 1065 Ἐφέσου,
2779 987 3091 1064 προστιθεὶς
3145 987 3205 1042 τὸ
3270 993 3362 1042 πᾶν
3414 992 3484 1059 τῷ
3530 988 3740 1064 ἱερωτάτῳ

2200 1077 2337 1138 κατᾶ
2395 1076 2657 1144 θωπείαν,
2718 1081 2795 1147 τῷ
2849 1077 3074 1153 γράφειν
3133 1077 3528 1151 πανιερώτατον,
3581 1083 3744 1132 Βασιλεῖ

2201 1164 2546 1240 ἐντυγχάνειν
2599 1164 2778 1237 ἠξίου,
2835 1167 2934 1234 τήν
2989 1165 3063 1228 εἷς
3121 1165 3310 1220 ἐκεῖνον
3363 1170 3450 1220 τοῦ
3483 1166 3745 1242 πατριάρχου

2201 1252 2376 1331 ἄφιξιν
2411 1251 2647 1327 εὓμενῶς
2684 1253 3016 1325 κατανεύειν,
3050 1253 3096 1312 εἰ
3128 1251 3184 1309 δὲ
3229 1255 3314 1310 καὶ
3342 1254 3501 1329 ῥητῶς
3546 1257 3745 1329 προστάς·

2201 1363 2309 1414 σοι,
2342 1342 2477 1418 πρὸς
2504 1342 2663 1402 τοῦτο
2715 1342 2948 1408 εἴσεσθαι
3000 1342 3159 1417 χάριν
3209 1343 3268 1397 οὐ
3321 1361 3514 1418 μετριαν
3560 1346 3624 1411 τῷ
3661 1363 3746 1394 συν-

2203 1433 2516 1507 ερῖήσαντιο
2573 1434 2814 1498 Ἐκεῖνος
2891 1433 2985 1505 μὶν
3055 1431 3148 1492 οὖν
3224 1432 3289 1494 τὰ
3348 1436 3436 1487 τοῦ
3486 1432 3748 1506 πατριάρχου

2203 1518 2486 1593 δεξάμενος
2535 1523 2852 1597 γράμματα,
2927 1521 3100 1577 θέλων
3164 1521 3518 1594 ὑποκρίνεσθαι
3571 1521 3640 1574 τὸν
3684 1542 3747 1594 οι.

2202 1608 2402 1668 λοῦντα
2437 1610 2520 1678 (ἦν
2555 1611 2657 1685 γὰρ
2691 1612 2742 1670 οἱ
2783 1611 2872 1670 καὶ
2904 1605 2980 1666 ἔτι
3011 1615 3118 1665 τῶν
3177 1611 3336 1686 χθιζὰ
3379 1611 3657 1682 κινηθέντων
3680 1610 3754 1682 χά-

2205 1719 2287 1773 ριν
2347 1699 2796 1774 παρασπαίρουσα
2852 1701 2887 1772 ἡ
2949 1699 3257 1774 ἀπέχθεια),
3327 1696 3523 1773 βασιλεῖ
3579 1717 3756 1771 προσαγ-

2127 1832 2173 1896 B
2200 1785 2385 1864 γέλλει
2416 1787 2506 1842 καί
2536 1789 2592 1842 οἱ
2641 1787 2786 1843 ἀνύει
2843 1788 2944 1857 τὴν
3001 1789 3140 1862 πρὸς
3175 1787 3365 1846 ἰκεῖνον
3412 1785 3585 1863 ἄφιξιν.
3624 1785 3687 1842 Ti
3722 1780 3759 1837 δὲ

2242 1886 2268 1896 ..
2344 1878 2356 1894 ς
2488 1891 2503 1896 -
2550 1879 2560 1896 Ι
2691 1879 2716 1896 ν
2837 1879 2879 1896 ι,
3063 1884 3086 1895 ..
3249 1877 3262 1896 ς
3401 1879 3414 1896 ς
3557 1876 3568 1893 .
3672 1875 3680 1890 ι

2203 1886 2302 1948 τῆς
2333 1878 2624 1953 ἀπεχθείας
2653 1879 2800 1946 αἴτια
2831 1879 3148 1954 (ἀναγκαῖον
3206 1877 3303 1953 γὰρ
3331 1879 3416 1932 καὶ
3463 1876 3570 1950 περὶ
3610 1875 3758 1930 τούτων

2205 1966 2399 2041 εἷπεῖν)
2428 1970 2562 2038 ἦσαν
2599 1970 2696 2043 μέν
2743 1989 2868 2034 τινα
2915 1968 3006 2032 καὶ
3054 1965 3223 2040 ἄλλα,
3267 1969 3337 2022 ὧν
3367 1967 3423 2022 οὐ
3454 1961 3760 2038 πολὺςλόγος,

2204 2182 2443 2252 quidem
2475 2182 2717 2237 omnino
2762 2181 3093 2254 prohibere.
3149 2182 3242 2238 Sic
3289 2180 3399 2236 ille.
3443 2180 3547 2236 Nec
3574 2196 3656 2250 per
3690 2177 3764 2233 hoc

2201 2275 2398 2325 tamen
2432 2269 2601 2341 plane
2632 2271 2805 2344 culpa
2835 2269 3177 2327 solvebatur
3207 2269 3539 2342 patriarcha,
3567 2268 3647 2339 qui
3674 2282 3758 2322 rem

2206 2360 2544 2414 induratum
2582 2345 2904 2415 inveterata
2937 2360 3311 2431 possessione
3339 2356 3633 2430 longissimi
3657 2359 3761 2410 tem-

2205 2449 2366 2521 poris
2411 2453 2647 2518 repente
2679 2448 2908 2504 mollire
2939 2451 3394 2521 aggrederetur;
3425 2447 3763 2517 aggravabant-

2206 2553 2319 2610 que
2349 2538 2626 2602 invidiam
2661 2555 2841 2610 preme
2876 2544 3104 2596 atroces
3157 2539 3230 2596 ab
3285 2538 3603 2609 imperatore
3643 2548 3769 2606 repu-

2205 2629 2527 2698 gnantibus
2550 2627 2802 2686 inﬂictae.
2837 2628 3181 2708 Sapientius
3225 2628 3398 2698 igitur
3426 2627 3649 2682 facturus
3669 2625 3768 2684 erat,

2207 2717 2258 2772 si
2290 2721 2506 2776 taceret
2555 2717 2940 2790 accusarique
2972 2734 3102 2773 sese
3133 2717 3432 2773 moderate
3461 2731 3521 2770 ac
3541 2714 3769 2792 mansuete

2206 2807 2559 2863 sustineret:
2595 2807 2794 2870 minus
2846 2805 3004 2872 enim
3065 2807 3122 2862 id
3166 2805 3388 2862 malum
3420 2809 3548 2860 erat.
3575 2801 3704 2856 Nunc
3725 2797 3771 2852 ad

2206 2911 2410 2956 omnes
2483 2895 2978 2956 contradictiones
3032 2897 3442 2955 exardescens.
3488 2897 3537 2948 et
3587 2891 3773 2944 fomenta

2206 2998 2435 3056 semper
2491 3000 2641 3040 nova
2684 2983 2956 3056 ﬂagranti
2984 2983 3114 3056 plus
3154 2986 3303 3042 satis
3340 3001 3438 3055 per
3463 2999 3519 3037 se
3547 2979 3653 3035 rixae
3676 2975 3773 3032 sub-

2199 3072 2437 3145 ﬁciens.
2495 3073 2899 3136 contentiones
2930 3074 3211 3130 accendit
3240 3074 3299 3130 in
3352 3070 3558 3142 aliquid
3603 3065 3690 3138 ipsi
3725 3061 3771 3118 ad

2130 3199 2173 3270 α
2211 3166 2539 3218 extremum
2573 3162 2969 3235 perniciosum
3009 3168 3333 3233 erupturas
3365 3179 3377 3217 :
3413 3177 3518 3218 non
3549 3157 3673 3214 enim
3695 3158 3775 3206 tam

2416 3249 2593 3270 w--.._
3295 3251 3419 3270 ψεῇ
3482 3249 3614 3270 ,ωι
3655 3256 3774 3270 --...

2214 3255 2384 3308 caute
2415 3249 2604 3316 multa
2635 3251 2939 3322 disputare
2995 3256 3255 3324 poterat,
3287 3251 3426 3322 quin
3476 3249 3619 3303 daret
3655 3256 3774 3297 ansas

2215 3339 2591 3405 adversariis,
2623 3357 2772 3412 quas
2811 3339 2897 3396 illi
2949 3341 3315 3412 Quandoque
3367 3336 3674 3412 arripientes
3705 3326 3777 3402 ipsi

2212 3429 2416 3498 eteius
2444 3428 2797 3500 sequacibus
2845 3428 3001 3494 haud
3062 3427 3224 3488 levia
3281 3428 3484 3484 deinde
3537 3421 3776 3480 intulerunt

2214 3517 2450 3578 damna.
2487 3517 2650 3572 Tunc
2682 3535 2853 3592 porro
2914 3518 3113 3576 audito
3165 3517 3410 3590 Josephi
3452 3515 3521 3572 ad
3547 3512 3778 3585 imperato-

2215 3624 2340 3664 rem
2375 3625 2640 3676 acccssu,
2699 3615 2828 3665 tum
2890 3614 3180 3680 praeterea
3226 3609 3458 3682 cognito
3503 3603 3776 3677 Ephesinum

2215 3711 2350 3760 cum
2408 3698 2612 3756 eodem
2662 3697 3016 3771 imperatore
3073 3698 3321 3755 assidue
3375 3693 3602 3759 versari,
3649 3683 3782 3759 suSPl'

2215 3786 2442 3850 sionem
2475 3786 2780 3860 ingressus
2812 3804 2928 3844 non
2959 3788 3224 3856 inanem,
3258 3787 3428 3844 facile
3455 3784 3569 3841 ﬁeri
3599 3794 3726 3868 posse
3742 3777 3782 3868 Ui

2215 3876 2273 3932 bi
2308 3874 2610 3948 quidpiam
2643 3877 2952 3942 adversum
2987 3893 3049 3933 se
3081 3881 3410 3944 moverent;
3460 3875 3577 3945 ejus
3615 3860 3786 3942 periculi

2214 3965 2598 4038 praevertendi
2630 3964 2782 4022 hanc
2815 3966 3102 4024 rationem
3149 3968 3308 4022 iniit.
3340 3964 3545 4021 Scribit
3573 3961 3633 4015 ad
3659 3953 3786 4026 Ephe-

2209 4055 2408 4112 sinum
2435 4072 2451 4123 ;
2474 4071 2724 4127 eumque
2769 4059 2834 4112 ut
2863 4055 2992 4128 ipsa
3022 4055 3417 4129 inscriptione
3449 4051 3783 4108 demereretur.

2215 4159 2329 4204 non
2361 4141 2711 4213 simpliciter
2740 4142 3032 4220 ἱερώτατον
3077 4144 3551 4210 sanctissimum,
3579 4137 3661 4208 qui
3683 4130 3786 4188 solet
3876 4161 3877 4220 γ

2213 4230 2425 4288 titulus
2474 4231 2766 4304 episcopis
2823 4231 3028 4301 tribui,
3089 4234 3196 4288 sed
3250 4227 3628 4306 πανιερώτατον
3671 4222 3792 4295 plane

2215 4319 2661 4382 sanctissimum
2699 4321 2754 4375 in
2795 4321 2984 4376 fronte
3031 4320 3375 4378 litterarum
3437 4315 3714 4386 nuncupat.
3755 4307 3795 4360 ln

2216 4408 2343 4481 ipsa
2382 4409 2593 4465 deinde
2651 4409 2898 4483 epistola
2929 4409 3104 4466 etiam
3139 4415 3322 4484 atque
3390 4410 3557 4466 etiam
3605 4404 3708 4459 orat
3751 4407 3797 4447 ne

2217 4502 2492 4569 gravetur
2512 4497 2821 4568 impetrare
2852 4497 2963 4554 sibi
2997 4499 3069 4554 ab
3099 4501 3377 4571 Augusto
3402 4496 3698 4554 facultatem
3712 4486 3799 4556 ejus

2136 4565 2184 4628 D
2217 4585 2619 4655 conveniendi,
2671 4586 3082 4646 cumulaturus
3153 4589 3533 4655 beneﬁcium,
3587 4581 3629 4636 si
3685 4573 3800 4630 daret

2219 4691 2457 4747 operam
2491 4681 2557 4730 ut
2581 4676 2653 4731 ad
2704 4675 2812 4732 hoc
2866 4676 3021 4732 ultro
3063 4677 3135 4732 ab
3192 4678 3330 4749 ipso
3374 4674 3622 4749 principe
3654 4664 3804 4722 invita-

2219 4769 2396 4819 retur.
2466 4766 2628 4820 Certe
2687 4770 2883 4836 ageret
2949 4765 3278 4823 efﬁcaciter
3332 4773 3398 4822 ut
3452 4781 3512 4820 se
3557 4760 3619 4814 ad
3663 4757 3800 4824 ipsum
3874 4781 3875 4826 ι

2219 4851 2508 4926 proﬁcisci
2568 4853 2776 4910 saltem
2836 4853 3069 4926 placide
3127 4859 3447 4912 annueret.
3504 4843 3725 4921 Ingentis
3767 4848 3805 4890 se

2219 4943 2419 5014 gratiae
2451 4943 2511 4997 in
2557 4959 2732 4998 omne
2779 4948 3018 5013 tempus
3048 4945 3100 5000 ei
3146 4945 3479 4999 debitorem
3512 4941 3634 5001 fore,
3670 4933 3707 4987 si
3735 4929 3804 4980 hoc

2219 5031 2332 5086 sibi
2351 5035 2553 5086 votum
2585 5048 2656 5088 ex
2703 5031 2994 5090 sententia
3057 5032 3367 5092 conﬁciat.
3412 5029 3510 5087 llis
3550 5019 3807 5110 Ephesinil‘.1

2218 5119 2429 5176 litteris
2463 5121 2718 5193 acceptis
2761 5121 3027 5194 gnaviter
3077 5122 3521 5194 persistendum
3572 5110 3742 5171 statuit
3769 5117 3806 5156 ιη

2221 5207 2595 5264 simulatione
2619 5209 3052 5265 amicitiae.Etsi
3084 5226 3228 5282 ergo
3254 5211 3534 5274 multum,
3565 5217 3658 5260 nec
3690 5207 3806 5270 Pw"

2221 5314 2320 5354 sus
2354 5297 2740 5354 familiaribus
2771 5300 3113 5364 obscurum,
3141 5299 3205 5354 in
3240 5301 3375 5370 ejus
3407 5295 3628 5370 penitus
3667 5285 3806 5343 anim0

2221 5386 2507 5458 ﬂagrabat
2536 5403 2760 5442 arcana:
2782 5387 2842 5442 in
2874 5387 3125 5442 Veccum
3172 5385 3525 5444 offensionis
3571 5380 3636 5436 ob
3677 5379 3808 5440 ῠυρετ

2221 5480 2404 5544 gesta,
2471 5475 2882 5548 imperatorem
2914 5483 3107 5534 tamen
3140 5477 3323 5546 adiit,
3370 5481 3426 5531 et
3473 5468 3705 5544 exposito
3742 5474 3807 5548 Ρθῗ

2219 5562 2484 5618 triarchae
2516 5547 2826 5635 desiderio,
2864 5571 2925 5624 ut
2951 5566 3002 5622 ei
3031 5565 3188 5636 quod
3240 5565 3520 5637 cupiebat
3548 5547 3810 5622 indulgeret

2221 5653 2533 5724 persuasit.
2565 5656 2905 5718 Aversionis
2937 5673 3107 5728 porro
3128 5655 3430 5728 Ephesini
3461 5673 3495 5709 a
3520 5650 3658 5710 480
3679 5644 3811 5696 V6060
