4002 6198
251 381 357 438 941

1322 392 1408 445 DE
1447 393 1817 456 MICUAELE
1853 396 2296 456 PALIEOLOGO
2332 399 2466 458 LIB.
2511 401 2606 454 VI.

3560 416 3668 470 942

253 504 318 558 τὸ
351 501 408 558 δὲ
437 503 711 579 χείριστον
755 508 836 562 ὅτι
888 509 940 562 οἱ
987 511 1109 586 περὶ
1158 511 1248 568 τὸν
1297 509 1521 588 Ἐφέσου
1568 510 1658 567 καὶ
1697 511 1901 569 πολλοί
1933 519 1988 586 Α
2018 511 2065 568 δ’
2123 516 2220 570 οὐκ
2271 516 2336 585 ἧν
2393 519 2612 591 ἀρεστὸν
2669 519 2834 590 νῦτω,
2894 521 3022 578 ἀλλ’
3084 525 3128 579 εἷ
3183 528 3250 596 of]
3313 527 3662 591 δεικνύοικαὶ

252 613 397 654 τινες
423 598 528 647 τῶν
563 594 890 670 ἀρχιερέων,
939 597 1128 652 πολλᾶ
1171 598 1432 663 παθόντες
1479 603 1616 678 πρὸς
1658 603 1720 656 τὸ
1749 623 1907 656 κατα-

255 681 633 754 δέξασθαιτήν
694 686 942 761 εἰρήνην,
1003 687 1145 743 οὕτω
1207 687 1371 762 μόλις
1428 689 1904 763 καθυπεκλίοησαν

254 773 344 828 καὶ
396 777 476 844 τῷ
525 771 703 829 δοκεῖν
751 774 1053 850 εἷρήνευον,
1107 779 1491 855 Θεραπεύοντες
1519 781 1617 849 τήν
1654 778 1904 851 συνείδη-

255 883 338 916 σιν
373 861 473 916 οὐκ
499 863 604 917 ἀπὸ
630 869 854 939 γραφῶν
896 865 1108 938 μᾶλλον
1171 867 1255 941 (οὐ
1315 869 1418 946 γὰρ
1476 869 1542 938 ἦν
1599 868 1657 923 ἐκ
1697 869 1903 924 τούτων

254 952 489 1026 καιρὸς),
523 950 652 1006 ἀλλ’
681 951 742 1008 ἐκ
766 958 864 1008 τοῦ
904 954 1090 1010 πολλὰ
1135 960 1358 1012 τοιαῦτα
1387 956 1659 1020 πολλάκις
1693 957 1906 1022 οἰκονο-

257 1050 505 1114 μηθῆναι
549 1048 618 1117 τῇ
653 1044 952 1118 Ἐκκλησία
1008 1046 1170 1121 χάριν
1227 1049 1487 1120 μειζόνων
1521 1047 1725 1116 καλῶν,
1759 1048 1904 1102 ἀντι-

255 1137 524 1194 στατικῶς
575 1131 718 1188 εἴποι
779 1135 837 1188 ἄν
897 1155 979 1197 τις
1035 1140 1142 1191 τῶν
1203 1135 1802 1212 ῥητορευὸντων,ὅταν,
1852 1159 1905 1190 τι

253 1225 366 1275 τῶν
417 1222 479 1276 οὐ
527 1221 709 1276 καλῶν
760 1223 975 1298 γίνηται
1024 1225 1112 1279 καὶ
1165 1222 1232 1279 δι’
1273 1225 1436 1280 αὐτοῦ
1465 1230 1560 1280 τοῦ
1591 1223 1906 1302 πεπραγμὲ-

253 1331 356 1366 νου
411 1316 590 1382 μεῖζον
640 1311 926 1387 ἀπαντήσῃ
976 1315 1167 1368 καλόν.
1218 1313 1377 1370 Οὕτω
1433 1314 1536 1390 γὰρ
1568 1315 1656 1368 καὶ
1689 1313 1903 1369 Παῦλον

255 1400 584 1474 ξυρήσασθαι
633 1401 722 1455 καὶ
775 1403 1024 1475 ἁγνεῦσαι
1081 1402 1169 1457 καὶ
1227 1409 1538 1478 περιτεμεῖν
1592 1405 1900 1476 Τιμόθεον·

256 1487 404 1542 οὕτω
446 1488 538 1543 τὸν
599 1490 980 1563 Μοψουεστίας
1041 1492 1116 1564 μὴ
1176 1491 1584 1568 ἐκκηρυχθῆναι
1631 1493 1776 1567 παρὰ
1804 1499 1901 1564 τῆς

250 1575 448 1650 τρίτης
477 1575 704 1641 συνόδου
735 1577 1014 1652 Θεόδωρον
1043 1598 1056 1610 ·
1107 1579 1249 1640 οὕτω
1301 1581 1406 1654 πρὸ
1447 1579 1643 1634 τούτου
1671 1582 1761 1634 τὸν
1798 1578 1900 1656 μὲ-

249 1686 352 1740 γαν
410 1665 697 1722 Βασίλειον
754 1669 840 1742 [Ρ.
872 1671 997 1742 328]
1056 1668 1119 1722 τὰ
1174 1672 1270 1724 τοῦ
1321 1668 1626 1735 Οὐάλεντος
1657 1665 1804 1746 δῶρα
1832 1673 1900 1744 τῇ

251 1752 525 1828 ἐκκλησίᾳ
579 1756 970 1831 προσαγόμενοι
1028 1755 1322 1830 δέχεσθαιο
1383 1756 1526 1811 οὕτω
1583 1759 1650 1811 τὰ
1676 1757 1766 1811 καὶ
1812 1759 1900 1832 τὰ,

2014 602 2357 695 σφάλλοντας
2412 606 2538 668 τοὺς
2588 610 2887 683 προτέρους
2938 611 3097 682 δῆθεν
3158 617 3216 670 ἐκ
3270 622 3379 671 τῶν
3413 628 3663 695 γραφῶν,

2015 693 2070 747 οἷ’
2098 691 2163 764 δὴ
2196 693 2290 748 καὶ
2319 696 2417 764 τὴν
2449 698 2584 772 πρὸς
2630 696 2864 761 ἐκείνους
2895 699 3120 774 εἰρήνην
3165 706 3228 758 οὐ
3277 706 3658 784 κατεδέχοντο,

2015 777 2139 835 οὐδὲ
2175 781 2371 854 βιωτὸν
2407 782 2520 858 εἶχε
2550 786 2638 837 τὸν
2677 785 2807 858 βίον.
2840 788 2997 851 ⁴¹Οοεν
3044 792 3131 844 καί
3165 795 3367 867 συχνὰς
3399 777 3660 860 συνδδους

2012 868 2258 956 καθίστα,
2289 873 2378 925 καὶ
2407 873 2797 946 προσεκαλεῖτο
2847 875 3095 940 πολλοὺς
3135 881 3225 935 καὶ
3272 889 3379 938 τῶν
3415 884 3536 956 ἔξω,
3567 889 3658 943 καὶ

2019 953 2247 1046 βίϐλους
2306 958 2622 1030 ἀνείλιττεν,
2682 965 2770 1016 καὶ
2825 962 2996 1029 ἂλλας
3056 967 3316 1037 ἐξετίθετο
3373 953 3662 1046 πλείστας,

2015 1043 2296 1118 δεικνύων,
2341 1049 2414 1111 ὡς
2465 1050 2601 1125 εἶχε,
2650 1053 2747 1120 τήν
2799 1052 3019 1127 εἷ’ρηνην
3050 1058 3112 1111 τὸ
3143 1059 3376 1136 ἀσφαλὲς
3407 1043 3658 1138 ἔχουσαν,

2011 1136 2100 1188 καί
2131 1136 2197 1190 τά
2240 1133 2467 1192 πλεῖστα
2510 1137 2987 1215 προσελιχνεύετο.
3037 1142 3164 1200 Δέον
3210 1133 3308 1223 γάρ
3360 1157 3660 1224 Δαμασκη-

2011 1223 2102 1278 νόν
2129 1245 2188 1278 τε
2234 1225 2322 1279 καὶ
2376 1228 2464 1280 τὸν
2525 1229 2666 1282 θεῖον
2728 1228 2980 1303 Μάξιμον
3038 1235 3126 1288 καὶ
3183 1235 3268 1289 ἐπὶ
3327 1239 3540 1302 τούτοις
3571 1223 3661 1295 τὸν

2013 1313 2154 1366 θεῖον
2215 1312 2503 1387 Ταράσιον,
2551 1317 2744 1370 ταυτὸν
2805 1314 2850 1370 δ’
2907 1319 3075 1373 εἰπεῖν
3130 1323 3218 1375 καὶ
3267 1325 3365 1392 τήν
3417 1322 3660 1399 ἑϐδόμην

2012 1399 2235 1455 σύνοδον
2285 1407 2478 1472 πᾶσαν,
2532 1403 2614 1457 ὃτι
2669 1405 2758 1459 καὶ
2807 1405 3000 1469 πάντες
3058 1411 3154 1478 τήν
3213 1412 3417 1467 ἐκείνου
3450 1415 3663 1487 ὁμολο-

2008 1488 2127 1566 γίαν
2156 1492 2253 1559 τὴν
2287 1492 2420 1570 πρὸς
2475 1493 2602 1556 τοὺς
2655 1494 3016 1559 ἀνατολικοὺς
3073 1502 3407 1577 πεμφθεῖσαν
3460 1504 3660 1573 ὑπεσηο

2015 1580 2252 1652 μήναντο
2283 1581 2370 1632 καὶ
2405 1577 2492 1634 διὰ
2533 1587 2631 1649 τῆς
2682 1581 2852 1638 ἐκεῖσε
2898 1589 3218 1658 προσθήκης
3258 1587 3342 1644 ἐπὶ
3373 1596 3442 1665 τῇ
3473 1591 3658 1646 τοιαύ-

2008 1687 2072 1742 τῃ
2099 1666 2393 1742 ὁμολογίᾳ,
2432 1667 2490 1722 ἐκ
2546 1671 2756 1744 Πατρὸς
2806 1676 2907 1747 γὰρ
2969 1672 3056 1729 διά
3084 1681 3182 1730 τοῦ
3212 1679 3338 1732 Υὶοῦ
3370 1678 3658 1754 ἐκπορεύε-

2008 1757 2127 1810 σθαι
2161 1754 2522 1830 διδασκόμεθα
2565 1762 2693 1833 παρ’
2744 1759 2960 1815 ἐκείνων
3010 1762 3208 1840 λέγειν,
3245 1764 3362 1822 δεον
3397 1767 3491 1822 οὖν
3522 1770 3658 1824 ταῦ-

243 1840 346 1897 ’ίνα
390 1844 466 1917 μὴ
517 1845 637 1908 καθ’
693 1841 914 1900 ἕκαστον
975 1843 1128 1921 λέγοι
1186 1867 1292 1920 τις,
1352 1843 1758 1918 δοκιμασάντων
1790 1850 1898 1900 τῶν
1935 1867 2099 1951 Bm:
2132 1848 2538 1921 προϊσχόμενον
2599 1849 2687 1902 καὶ
2741 1849 2897 1904 αὐτὸν
2959 1851 3082 1907 ὅσον
3139 1853 3227 1909 ἐπὶ
3270 1861 3338 1930 τῇ
3371 1861 3656 1930 προσθήκη

251 1930 265 1951 1
325 1931 339 1950 ι
411 1936 438 1946 -ν
750 1932 760 1950 ο
981 1934 994 1951 1
1258 1940 1284 1950 ι..
1339 1936 1364 1951 Λ
1510 1933 1583 1951 Λευ
1795 1934 1805 1951 ι
2085 1934 2098 1951 ι
2137 1945 2153 1951 -
2345 1925 2386 1951 ι’
2429 1937 2452 1951 Α
2643 1937 2656 1951 ι
2717 1939 2739 1951 ι.
2929 1939 2940 1951 ι
3185 1944 3195 1951 .
3342 1943 3380 1951 --
3633 1917 3640 1933 ⁸

246 1930 341 1986 ἐπὶ
372 1936 479 1988 τῶν
539 1932 874 2009 πραγμάτων
933 1934 1056 1989 τότε
1112 1936 1446 2014 πεπρᾶχθαι.
1506 1933 1664 1992 Οὕτω
1721 1934 1897 1990 τοίνυν

245 2019 340 2075 καὶ
375 2021 522 2077 οὗτοι
569 2022 668 2090 τήν
720 2022 944 2098 εἰρήνην
996 2020 1273 2099 ἐδέχοντο,
1303 2019 1461 2078 ¹ὥστε
1497 2023 1585 2079 καὶ
1618 2044 1902 2098 προσομο-

248 2107 437 2184 λογεῖν
489 2113 840 2186 ἡμαρτῆσθαι
913 2113 1116 2189 σφίσιν,
1188 2109 1253 2182 ἤν
1316 2135 1399 2178 τις
1476 2115 1708 2183 σκοποίη
1768 2113 1902 2188 πρὸς

244 2198 544 2276 τάσφαλὲς,
601 2202 689 2254 καὶ
747 2205 864 2264 τοῖς
930 2202 1327 2266 ἀποστατοῦσιν
1378 2201 1541 2266 ὁσίως
1598 2198 1900 2282 προσφέρε-

243 2299 375 2356 σθαι
434 2289 508 2350 ὡς
564 2284 1046 2364 ἀπηκριϐωμένως
1109 2287 1257 2363 μάλα
1314 2290 1452 2366 πρὸς
1480 2289 1542 2348 τὸ
1574 2289 1756 2366 ὀρθόν,
1809 2294 1902 2364 Τῷ

237 2614 456 2653 causas
486 2613 770 2668 exponere
801 2597 894 2652 hic
925 2596 1262 2652 distinctius
1292 2613 1477 2668 operae
1523 2595 1773 2668 pretium
1796 2597 1893 2666 ju-

236 2686 398 2750 dico.
433 2687 613 2750 Erant
671 2687 907 2755 quidem
941 2691 998 2748 et
1041 2686 1155 2749 alia
1210 2687 1502 2756 incentiva
1556 2686 1736 2758 hujus
1778 2687 1891 2741 odii

233 2794 362 2837 non
397 2777 598 2838 multis
629 2781 764 2834 nota
797 2794 809 2836 :
845 2781 1114 2843 caeterum
1150 2777 1394 2852 capitale
1427 2777 1483 2830 in
1516 2777 1588 2831 iis
1611 2782 1666 2830 et
1694 2777 1896 2831 imme-

233 2866 495 2924 dicabile
527 2867 780 2934 maxime
811 2885 995 2926 unum
1029 2868 1342 2937 eminebat,
1379 2868 1535 2939 quod
1569 2872 1686 2936 tam
1713 2867 1893 2938 Ephe-

228 2957 412 3024 sinus
445 2957 569 3030 ipse
599 2973 778 3030 quam
811 2956 909 3023 alii
944 2957 1176 3028 plurimi
1203 2956 1363 3029 paria
1406 2956 1726 3013 sentientes
1769 2956 1894 3030 epi-

230 3046 428 3119 scopi,
463 3047 692 3118 magnis
745 3047 933 3104 adacti
966 3047 1137 3106 malis
1187 3047 1259 3102 ad
1305 3045 1752 3118 amplexandam
1787 3039 1886 3116 pa-

233 3151 394 3201 cem,
426 3151 495 3190 ea
524 3140 754 3200 tantum
787 3140 960 3192 tenus
989 3136 1048 3192 in
1082 3152 1208 3192 eam
1243 3139 1679 3204 consenserant,
1715 3139 1777 3189 ut
1800 3151 1890 3189 se-

229 3225 434 3297 posita
461 3225 686 3284 ratione
725 3224 1019 3296 dogmatis
1067 3229 1124 3282 et
1168 3223 1330 3284 nulla
1360 3240 1420 3280 re
1451 3224 1508 3286 in
1561 3223 1794 3296 scriptis
1826 3241 1890 3280 ac
1923 3242 1965 3309 ρ

235 3315 493 3371 decretis
516 3315 1104 3385 immutata,quorum
1137 3313 1193 3368 in
1219 3313 1465 3368 dubium
1497 3313 1887 3368 vocandorum

233 3409 346 3461 aut
401 3403 472 3459 de
531 3420 676 3459 novo
734 3403 1242 3468 discutiendorum
1302 3407 1538 3476 tempus
1599 3404 1892 3474 negabant

229 3509 373 3550 esse
403 3492 661 3552 exterius
692 3493 978 3548 duntaxat
998 3489 1371 3546 concordiam
1405 3507 1536 3545 cum
1569 3489 1791 3545 Latinis
1813 3495 1892 3546 te-

231 3585 470 3652 nerent,
503 3580 662 3645 salvo
695 3596 758 3636 se
789 3580 920 3636 fidei
954 3595 1018 3634 ac
1051 3579 1352 3652 religionis
1400 3579 1593 3635 officio
1643 3596 1889 3634 consen-

234 3671 356 3726 tire
393 3669 452 3726 in
512 3669 571 3734 id
629 3685 804 3742 posse
861 3668 968 3724 rati
1029 3669 1526 3731 accomodationis
1558 3669 1891 3724 necessaria

231 3758 608 3832 temporibus
641 3758 883 3826 ratione,
917 3758 1087 3828 cujus
1109 3757 1374 3829 exempla
1398 3757 1574 3812 multa
1604 3756 1662 3810 in
1696 3756 1889 3812 Eccle-

229 3848 341 3904 sia
371 3847 582 3904 veteris
613 3846 874 3904 historiis
905 3845 1221 3908 habebant.
1246 3845 1597 3916 Censebant,
1621 3844 1888 3918 inquam,

229 3937 626 3994 sicduntaxat
644 3940 772 3991 tuta
793 3933 1152 3991 conscientia
1167 3934 1504 3988 Latinorum
1529 3933 1890 3988 communio-

235 4040 383 4082 nem
433 4024 686 4094 admitti,
739 4029 804 4080 ut
848 4041 969 4080 rem
1021 4040 1135 4078 non
1170 4039 1272 4095 per
1302 4039 1364 4078 se
1398 4021 1754 4094 probabilem
1791 4026 1891 4076 aut

234 4129 666 4185 usquequaque
697 4113 767 4168 ad
809 4112 944 4167 fidei
979 4111 1213 4185 regulas
1242 4115 1530 4178 exactam,
1574 4128 1773 4166 verum
1825 4115 1890 4166 ut

232 4220 374 4276 qua
404 4200 637 4258 tolerari
666 4201 984 4273 prudenter
1037 4205 1236 4274 posset
1287 4204 1440 4256 metu
1489 4201 1886 4258 incommodo-

235 4307 381 4348 rum
413 4291 785 4363 graviorum;
819 4290 1093 4362 quodque
1125 4306 1238 4345 non
1273 4288 1560 4356 absolute,
1593 4290 1691 4344 sed
1727 4306 1889 4344 com-

227 4378 522 4454 parative,
555 4383 617 4433 ut
651 4378 913 4451 magistri
961 4378 1104 4433 artis
1163 4377 1476 4433 rhetorices
1536 4377 1885 4449 loquuntur,

228 4468 756 4526 commendaretur
785 4472 842 4523 et
877 4468 1091 4523 bonum
1126 4472 1450 4538 putaretur,
1484 4483 1598 4520 non
1635 4467 1886 4536 proutin

230 4577 302 4615 se
334 4557 733 4630 spectabatur,
794 4557 894 4612 sed
957 4562 1247 4627 quatenus
1307 4556 1714 4610 conferebatur
1753 4572 1885 4610 cum

235 4646 596 4717 majoribus,
647 4663 773 4718 quae
831 4662 898 4700 ex
957 4645 1065 4698 hcc
1122 4645 1515 4700 nascebantur
1575 4645 1761 4698 bonis.
1801 4646 1895 4700 Sic

229 4753 454 4807 nempe
483 4736 731 4791 Paulum
755 4739 930 4806 caput
955 4733 1066 4788 sibi
1089 4733 1415 4788 totondisse
1438 4733 1700 4804 aliosque
1725 4752 1894 4788 usur-

237 4842 423 4899 passe
451 4823 929 4896 purificationum
960 4821 1339 4878 Judaicarum
1375 4822 1555 4888 ritus;
1591 4823 1674 4877 sic
1696 4824 1769 4877 ab
1801 4839 1895 4877 eo-

235 4916 380 4969 dem
411 4912 786 4968 Timotheum
812 4909 1230 4966 circumcisum
1252 4909 1356 4975 ;sic
1389 4910 1744 4964 abstinuisse
1778 4917 1895 4964 ter-

233 5005 393 5058 tiam
427 5001 716 5073 synodum
749 4999 820 5054 ab
852 4998 1412 5055 excommunicando
1441 4999 1744 5053 Theodoro
1776 4999 1892 5054 Mo-

238 5090 646 5164 psuestiae;sic
666 5094 838 5145 antea
860 5105 1138 5161 magnum
1162 5087 1444 5144 Basilium
1462 5088 1722 5143 "Valentis
1747 5090 1899 5144 dona

237 5180 524 5238 Ecclesiae
556 5179 720 5235 illata
750 5178 1118 5250 suscepisse;
1151 5178 1237 5233 sic
1285 5177 1397 5234 alia
1429 5183 1485 5233 et
1533 5177 1647 5232 alia
1678 5179 1737 5233 in
1789 5180 1898 5250 pri-

232 5269 367 5327 scis
398 5285 593 5324 rerum
627 5271 920 5339 gestarum
955 5267 1352 5323 monumentis
1374 5268 1502 5338 ejus
1533 5269 1764 5337 generis
1796 5284 1896 5324 no-

233 5363 372 5415 tata
402 5356 751 5429 reperimus,
776 5372 848 5410 ne
866 5354 1167 5429 sigillatim
1195 5372 1622 5428 persequamur
1641 5356 1894 5426 singula.

232 5455 368 5505 Hoc
401 5446 580 5518 igitur
627 5445 688 5501 hi
744 5445 918 5500 modo
953 5459 1154 5516 pacem
1208 5459 1396 5516 nuper
1426 5445 1711 5501 sancitam
1747 5445 1897 5501 acci-

241 5535 513 5610 piebant,
548 5540 611 5591 ut
641 5536 965 5590 faterentur
994 5533 1052 5587 in
1084 5549 1149 5588 eo
1183 5538 1481 5608 peccatum
1525 5553 1556 5589 a
1605 5552 1668 5590 se
1713 5534 1898 5590 videri

236 5641 427 5701 posse
459 5625 508 5680 ei
541 5624 641 5696 qui
675 5625 747 5678 de
778 5639 840 5677 re
896 5622 1025 5693 ipsa
1084 5639 1184 5692 per
1215 5638 1276 5676 se
1303 5629 1587 5689 censeret,
1622 5628 1678 5677 et
1709 5623 1776 5678 de
1808 5623 1898 5678 οἴ⁴

241 5715 386 5773 ficio
420 5713 744 5786 religionis,
788 5728 904 5783 quo
957 5710 1234 5782 jubemur
1283 5711 1690 5767 abberantium
1722 5729 1754 5766 a
1787 5712 1899 5766 ﬁde

2011 1934 2100 1988 καὶ
2132 1936 2515 2006 θεραπεύεσθαι
2569 1937 2659 1990 καὶ
2715 1939 3049 2012 Θεραπεύειν,
3108 1944 3199 1996 καὶ
3261 1943 3423 2017 μηδὲν
3453 1968 3655 2024 παρεγ-

2013 2027 2215 2098 χειρεῖν
2251 2022 2592 2098 ἐξηγήσεσιν,
2653 2027 2680 2080 ὁ
2740 2023 2796 2080 δὲ
2847 2026 3061 2092 πολλάς
3120 2037 3223 2086 τῶν
3279 2022 3658 2112 Γραφῶνσυν-

2014 2113 2216 2191 εφόρει.
2279 2114 2377 2168 Καὶ
2433 2115 2524 2168 τὸν
2588 2115 2756 2190 μεγαν
2832 2117 3120 2186 Βασίλειον
3184 2121 3355 2197 εὑρὼν
3411 2127 3509 2192 τὴν
3570 2125 3658 2181 ἐπὶ

2011 2205 2107 2254 τοῦ
2166 2202 2294 2254 rio?)
2351 2201 2409 2256 ἐκ
2463 2203 2562 2271 τήν
2625 2201 2713 2258 διά
2773 2207 3191 2279 μεθαρμόζοντα
3245 2211 3320 2274 ὡς
3373 2212 3654 2269 ὑπαλλατ-

2011 2289 2255 2364 τομὲνων
2295 2295 2399 2344 τῶν
2460 2291 2788 2368 προθέσεων,
2851 2295 2924 2356 ὡς
2977 2296 3058 2366 τὸ,
3124 2301 3532 2374 «Έκτησάμην
3563 2302 3656 2356 ἀν-

2004 2599 2476 2654 communionem
2529 2601 2788 2670 rejicore,
2819 2619 3013 2658 severe
3058 2609 3115 2660 et
3164 2621 3284 2660 rem
3337 2606 3404 2661 ad
3456 2607 3648 2663 vivum

2004 2691 2318 2744 resecando
2378 2695 2678 2756 statueret.
2741 2696 2923 2747 Vecco
2965 2699 3161 2748 autem
3217 2695 3329 2750 ista
3385 2697 3648 2768 exceptio

2003 2794 2116 2831 non
2152 2779 2297 2834 481
2356 2779 2636 2852 placebat,
2679 2781 2777 2835 sed
2829 2781 2941 2836 nisi
2990 2784 3390 2839 demonstrare
3421 2786 3652 2840 evince-

2003 2871 2204 2938 retquo
2236 2884 2301 2920 ex
2331 2868 2524 2934 certis,
2561 2874 2622 2922 ut
2657 2869 2912 2936 putabat,
2963 2871 3313 2941 scriptorum
3364 2873 3654 2927 authenti-

2004 2943 2204 3010 corum
2265 2956 2621 3011 testimoniis
2671 2975 2898 3012 errasse
2947 2959 3167 3029 priores
3200 2960 3257 3013 in
3293 2962 3653 3029 repudianda

2005 3043 2418 3099 communione
2450 3044 2815 3100 Latinorum.
2848 3045 3040 3100 Vitam
3103 3047 3214 3101 sibi
3265 3048 3500 3103 vitalem
3534 3065 3650 3104 non

2003 3133 2264 3214 putabat.
2304 3133 2460 3188 Unde
2487 3138 2544 3186 et
2573 3135 2806 3188 crebras
2838 3134 3021 3206 coegit
3055 3136 3330 3206 synodos,
3365 3142 3419 3191 et
3453 3153 3659 3193 convo-

2005 3221 2154 3286 cavit
2187 3219 2400 3288 multos
2433 3227 2803 3277 externorum
2857 3239 3110 3293 quoque,
3144 3229 3202 3278 et
3232 3224 3414 3281 libros
3443 3226 3655 3281 evolvit

2003 3313 2244 3378 veteres,
2297 3310 2598 3382 ediditque
2653 3311 2870 3366 multos
2902 3328 3101 3377 novos,
3131 3329 3362 3368 omnem
3394 3313 3652 3385 lapidem

1999 3415 2236 3453 movens
2267 3400 2336 3453 ad
2371 3401 2760 3454 astruendum
2795 3417 2966 3471 posse
3020 3418 3085 3456 ac
3136 3402 3348 3457 debere
3377 3409 3647 3475 cunctos,

1997 3503 2130 3542 cum
2190 3488 2346 3542 omni
2407 3489 2722 3544 securitate
2780 3491 3170 3561 conscientia),
3227 3490 3364 3546 huic
3420 3492 3547 3564 paci
3581 3498 3646 3549 ut

1997 3593 2098 3649 per
2128 3593 2189 3631 se
2222 3577 2413 3649 proba:
2437 3579 2732 3650 justaeque
2764 3579 3097 3648 adhaerere;
3159 3596 3264 3634 nec
3313 3581 3639 3652 quidquam

1995 3665 2052 3719 in
2088 3666 2195 3721 hoc
2235 3666 2348 3720 sibi
2407 3669 2474 3720 ad
2536 3684 2830 3722 summam
2892 3669 3328 3725 contentionem
3391 3671 3642 3727 faciebat

1996 3754 2228 3826 reliqui,
2307 3756 2499 3810 studio
2564 3756 3021 3828 intemperanter
3098 3758 3435 3831 indulgens.
3494 3761 3641 3817 Cum

1995 3844 2151 3898 enim
2201 3841 2366 3897 illum
2421 3845 2780 3914 oportuisset
2828 3862 2894 3900 eo
2938 3862 3067 3900 esse
3116 3852 3458 3904 contentum
3487 3851 3643 3920 quod

1998 3933 2315 3986 tradiderat
2364 3938 2760 3987 Damascenus
2804 3938 2858 3987 et
2907 3935 3077 3989 divus
3124 3935 3414 3990 Maximus
3448 3954 3512 3991 ac
3543 3955 3644 3991 su-

1997 4039 2098 4094 per
2132 4022 2233 4078 hos
2265 4023 2432 4076 divus
2465 4039 2696 4093 quoque
2724 4023 2994 4078 Tarasius
3026 4027 3148 4091 aut,
3184 4024 3338 4094 quod
3371 4025 3524 4078 idem
3558 4029 3647 4080 est

1996 4111 2209 4180 dicere,
2243 4112 2496 4181 septima
2552 4113 2812 4184 synodus
2869 4112 3163 4180 universa,
3223 4113 3392 4181 cujus
3452 4118 3645 4170 Patres

1995 4218 2199 4257 omnes
2232 4201 2672 4272 prterogativam
2706 4203 2968 4271 ejusdem
3017 4200 3244 4256 Tarasii
3277 4202 3463 4256 secuti
3501 4219 3645 4258 con-

1996 4289 2237 4344 fessioni
2292 4289 2361 4343 de
2421 4289 2527 4344 hoc
2580 4289 2849 4359 articulo,
2884 4307 3011 4362 qua:
3069 4289 3395 4346 Orientales
3461 4291 3646 4347 missa

1998 4380 2207 4444 fuerat,
2289 4379 2786 4448 subscripserunt,
2846 4379 3140 4451 siquidem
3203 4379 3274 4434 ab
3332 4380 3445 4444 his,
3502 4381 3643 4437 dum

1999 4468 2303 4522 occasione
2335 4467 2654 4522 additionis
2704 4468 2804 4521 tali
2865 4469 3213 4539 professioni
3259 4468 3497 4524 insertze
3542 4470 3644 4525 do-

2001 4555 2361 4626 gmaipsum
2422 4555 2736 4624 explicant,
2793 4557 2984 4611 dicere
3041 4557 3323 4610 docemur
3361 4559 3646 4627 Spiritum

2008 4649 2276 4698 sanctum
2329 4659 2396 4697 ex
2453 4636 2628 4698 Patre
2655 4661 2756 4714 per
2786 4645 2994 4699 Filium
3030 4646 3362 4716 procedere,
3391 4677 3459 4685 —
3489 4663 3646 4715 cum,

2007 4733 2272 4802 inquam,
2323 4733 2678 4803 Oportuisset
2738 4734 2982 4788 Veccum
3039 4751 3136 4789 eas
3194 4734 3252 4788 in
3311 4734 3421 4789 hoc
3471 4737 3651 4808 expli-

2007 4823 2192 4876 cando
2251 4821 2530 4893 mysterio
2591 4822 2965 4878 adhibentem
3023 4840 3192 4878 voces
3263 4841 3410 4893 quas
3464 4830 3650 4884 nostri

2009 4911 2208 4965 Patres
2268 4916 2648 4982 usurparunt,
2711 4913 3112 4967 additamenta
3177 4913 3515 4971 Latinorum
3579 4919 3648 4973 ad

2007 5016 2106 5054 eas
2162 5001 2349 5070 quoad
2412 5005 2627 5070 posset,
2679 5002 3196 5068 accommodanda,
3231 5003 3360 5071 ejus
3391 5011 3448 5058 et
3480 5024 3650 5062 suam

2007 5086 2193 5154 ipsius
2222 5087 2498 5141 invidiam
2535 5105 2783 5159 purgare
2834 5094 2935 5144 aut
2980 5090 3244 5145 minuere
3295 5096 3648 5162 excusando,

2007 5180 2212 5230 contra
2241 5175 2337 5230 ille
2385 5181 2546 5232 extra
2597 5180 2878 5232 terminos
2943 5185 3233 5250 susceptae
3286 5183 3652 5239 tractationis

2007 5263 2469 5320 declarationum
2519 5267 2767 5338 argutiis
2824 5283 3076 5338 evagans
3129 5268 3316 5323 multa
3357 5273 3655 5341 congessit
3709 5319 3712 5322 .

2009 5353 2359 5426 scriptorum
2418 5359 2674 5410 veterum
2732 5356 2886 5424 loca;
2950 5356 3102 5411 inter
3160 5375 3284 5427 quas
3325 5375 3454 5412 cum
3490 5377 3654 5429 repe-

2008 5443 2183 5497 risset
2244 5460 2522 5512 magnum
2557 5445 2838 5500 Basilium
2895 5445 3040 5500 illud
3099 5460 3188 5513 ex,
3221 5447 3374 5516 quod
3408 5447 3479 5500 de
3512 5448 3654 5503 Filio

2009 5532 2245 5597 dicitur,
2274 5533 2331 5586 in
2361 5549 2459 5604 per
2487 5538 2974 5598 commutantem,
3009 5539 3284 5604 tanquam
3333 5539 3533 5589 essent
3569 5536 3654 5590 has

2009 5621 2447 5692 prchosition'es
2519 5622 2762 5678 invicem
2838 5623 3250 5693 aequivalenter
3317 5624 3654 5699 mutabiles,

2008 5718 2179 5781 prout
2238 5711 2520 5780 probatur
2601 5710 2695 5764 his
2780 5711 3095 5780 Scriptura:
3180 5712 3654 5785 auctoritatibus,
