3912 6192
421 365 526 420 943

1714 359 2011 415 GEORGII
2050 360 2512 414 PACHYMERE
3613 365 3691 420 944

416 491 629 560 θρωπον
687 480 775 535 διὰ
836 485 932 536 τοῦ
1016 484 1171 549 Θεοῦ,
1203 501 1228 533 ιι
1289 479 1586 550 τουτέστιν,
1642 481 1700 534 ἐκ
1753 485 1848 535 τοῦ
1904 485 2061 546 Θεοῦ,
2093 485 2144 550 Α
2178 478 2234 534 δὲ
2266 481 2314 553 ἐξ
2342 480 2514 543 αἰτίας
2547 476 2701 541 ὄντος
2750 479 2913 535 πάλιν
2965 477 3140 548 ἄλλην
3187 477 3412 555 διαφορὰν
3452 483 3694 556 ἐννοοῦμεν·

417 575 531 645 καὶ,
591 597 619 624 ι(
654 572 997 644 Γεννώμενον
1059 570 1118 624 ἐκ
1173 571 1452 646 γυναικὸς,
1485 592 1510 624 ι
1571 569 1811 625 τουτέστι
1854 567 1942 624 διὰ
1970 591 2068 644 γυ-

409 662 613 729 ναικὸς,
660 659 752 715 ’ἱνα
805 662 882 734 μή
931 661 1032 729 τὴν
1084 660 1156 722 ὡς
1208 658 1298 714 διὰ
1348 659 1599 729 σωλῆνος
1645 660 1874 731 αἳρεσιν,
1908 659 2063 737 φησὶ,

410 752 740 828 παρεμφήνῃ
773 751 801 804 6
833 754 978 814 θεῖος
1018 748 1382 820 Ἀπόστολος,
1432 753 1600 804 ταῦτα
1630 750 1718 804 καὶ
1749 750 1815 803 τὰ
1842 753 2064 803 τοιαῦτα

413 841 680 914 ὁσημέραι
743 838 1223 914 συνερανιζόμενος
1277 835 1464 893 πολλὰ
1519 838 1608 892 καὶ
1638 839 1736 907 τὴν
1769 838 1828 892 ἐκ
1859 837 1933 899 εἷς
1960 837 2059 906 τὴν

414 928 504 985 διὰ
557 932 843 1005 παρεξῆγε,
911 929 1190 992 κάντεῦθεν
1268 926 1425 996 δῆθεν
1477 928 1574 996 τήν
1639 930 1697 982 ἐκ
1753 926 2058 1002 ἐθεράπευε.

410 1023 518 1088 Τὴν
561 1018 616 1074 δὲ
673 1024 768 1073 τοῦ
829 1020 975 1082 θείου
1030 1021 1391 1090 Δαμασκηνοῦ
1437 1017 1591 1092 ῥῆσιν
1625 1016 1793 1091 εύρὼν
1839 1019 1937 1086 τήν
1973 1013 2061 1070 διὰ

415 1110 588 1184 λόγου
638 1103 946 1183 προϐολεὺς
1001 1107 1390 1183 ἐκφαντορικοῦ
1438 1105 1748 1177 Πνεύματος
1776 1104 2058 1180 λέγουσαν,

413 1199 589 1254 καὶτὸ
631 1192 946 1257 πποϐολεὺς
1005 1196 1079 1256 εἷς
1137 1197 1199 1249 τὸ
1258 1194 1429 1258 αἴτιος
1478 1190 1934 1268 μεταλαμϐάνων,
1977 1193 2057 1248 αἶ’-

408 1309 521 1340 τιον
559 1289 650 1358 μὲν
687 1286 784 1339 οὐκ
816 1282 971 1358 ἔλεγε
999 1285 1088 1339 τὸν
1137 1286 1258 1337 Υἱὸν
1313 1283 1644 1356 Ηνεύματος,
1679 1283 1852 1338 αἶ’τιον
1883 1282 1939 1338 δὲ
1971 1281 2060 1338 διὰ

405 1379 501 1428 τοῦ
532 1376 659 1428 Υὶοῦ
707 1375 796 1428 τὸν
853 1373 1061 1448 Πατέρα
1111 1378 1204 1428 τοῦ
1259 1375 1573 1445 Ηνεύματοσ
1604 1371 1910 1448 ὡμολόγει,
1943 1371 2057 1426 ἐπεὶ

407 1464 496 1517 καὶ
531 1461 618 1517 διὰ
651 1463 830 1538 Λόγου
864 1460 1173 1534 προϐολεῦς
1224 1461 1318 1517 εἴτ’
1368 1461 1458 1517 οὖν
1513 1461 1688 1524 αἴτιος
1721 1461 1932 1538 λέγεται
1963 1465 2058 1515 τοῦ

409 1552 721 1625 Ηνεύματος
755 1554 782 1606 ὁ
819 1555 1025 1627 Πατήρ.
1075 1552 1284 1622 Ταύτην
1329 1552 1427 1620 τὴν
1479 1551 1634 1627 ῥῆσιν
1673 1554 1816 1614 τινες
1853 1553 1949 1624 μὲν
1982 1552 2056 1613 ὡς

407 1641 562 1706 νόθον
592 1643 833 1717 γέννημα
862 1646 959 1696 τοῦ
996 1642 1202 1715 Ηατρὸς
1255 1645 1613 1713 Δαμασκηνοῦ
1647 1641 1745 1695 οὐκ
1776 1638 2053 1716 ἐδέχοντο”

406 1733 547 1792 τινες
597 1729 652 1786 δὲ
711 1731 798 1785 καὶ
861 1728 1157 1806 δεχόμενοι
1219 1726 1553 1803 μετήμειϐον
1629 1730 1691 1785 τὸ
1749 1725 2055 1802 προϐολεύς

2169 571 2232 624 τὸ
2270 571 2364 643 μὲν
2394 571 2497 646 γὰρ
2529 575 2819 646 προσεχῶς
2872 568 2931 625 ἐκ
2975 573 3072 624 τοῦ
3121 571 3342 645 πρώτου,
3369 573 3423 626 τὸ
3465 570 3510 626 δέ
3545 572 3612 628 διὰ
3632 582 3697 630 τοῦ

2171 665 2463 735 προσεχῶς
2520 660 2579 715 ἐκ
2641 664 2740 714 τοῦ
2789 660 3036 734 πρώτου,
3092 666 3186 728 τῆς
3239 664 3323 714 τοῦ
3364 661 3474 715 Υίοῦ
3502 665 3700 733 μεσιτείας

2170 749 2260 802 καὶ
2293 749 2466 821 έαυτῷ
2517 748 2580 803 τὸ
2643 749 2929 823 μονογενὲς
2985 747 3343 823 φυλαττούσης
3367 751 3442 803 καὶ
3469 751 3519 804 τὸ
3544 755 3701 824 Πνεῦμα

2167 841 2264 906 τῆς
2323 842 2418 892 τοῦ
2476 839 2687 914 Πατρὸς
2740 839 2980 914 σχέσεως
3040 839 3115 910 μὴ
3180 837 3522 913 ἀπειργοὺσης.
3570 843 3702 896 Ταῖιτιι

2171 927 2264 999 μὲν
2320 927 2348 980 6
2404 927 2822 1002 πατριαρχεύων
2882 928 3090 1001 εἷ“σῆγε,
3147 924 3340 988 δεικνὺς
3368 929 3454 995 τήν
3503 931 3702 1000 μεσιτείαν

2163 1014 2259 1070 τοῦ
2319 1017 2445 1071 Υἱοῦ
2504 1015 2552 1089 ἐξ
2607 1016 2844 1091 ἆτάγκης
2903 1016 3214 1091 εἰσάγουσαν
3267 1019 3356 1085 τὴν
3410 1015 3502 1086 διὰ,
3547 1016 3702 1072 mtas

2163 1104 2364 1175 ταύτης
2409 1106 2507 1173 τὴν
2555 1105 2616 1160 ἐκ
2661 1111 2770 1160 τῶν
2816 1105 3039 1163 Ἰταλῶν
3089 1106 3422 1180 προσιέμενος
3452 1107 3515 1168 ὡς
3540 1107 3706 1160 ἀντιπα-

2166 1199 2535 1270 ραχωρουσῶν
2567 1201 2672 1249 τῶν
2723 1196 3053 1270 προθέσεων.
3110 1195 3170 1248 O't
3215 1192 3268 1248 δὲ
3296 1194 3407 1270 περὶ
3434 1194 3510 1248 τὸν
3539 1195 3702 1271 Ἐφέσου

2163 1283 2253 1336 καὶ
2282 1285 2374 1338 τὸν
2406 1285 2646 1353 Ἀθηνῶν
2682 1281 2951 1340 Μελέτιον
2997 1284 3084 1338 καὶ
3135 1282 3292 1339 ἆΛλοι
3337 1283 3551 1339 πλεῖστοι
3576 1283 3708 1339 ἐσκαν-

2166 1370 2472 1442 δαλίζοντο,
2545 1374 2793 1447 μείζονος
2872 1379 3041 1429 κακοῦ
3110 1378 3204 1428 τοῦ
3260 1371 3422 1428 δοκεῖν
3468 1379 3707 1449 παρακινεῖν

2166 1460 2410 1539 δόγματα
2462 1458 2688 1519 ἔλαττον
2745 1464 2911 1519 κακὸν
2954 1465 3016 1518 τὸ
3068 1463 3402 1538 ἡμαρτῆσθαι
3455 1463 3578 1537 σφίσι
3599 1484 3715 1532 ποιη-

2165 1553 2417 1624 σαμένοις
2445 1551 2491 1607 εἰ
2523 1554 2692 1626 ρήνην
2749 1553 2882 1625 μετᾶ
2930 1553 3278 1631 σφαλλὸντων
3312 1551 3363 1606 ἐν
3388 1551 3533 1613 θείοις
3569 1549 3716 1624 δόγμα-

2165 1662 2244 1696 σιν
2279 1641 2714 1716 ἆνθαιρούμενοι.
2761 1639 2922 1698 Ἀλλ’
2997 1643 3023 1697 ὁ
3073 1643 3169 1715 μὶν
3226 1641 3474 1704 Μελέτιος
3532 1640 3604 1695 καὶ
3631 1638 3714 1692 λίαν

2163 1731 2619 1807 ἐπαῤῥησιάζετο,
2643 1733 2730 1786 καὶ
2759 1733 2833 1794 ὡς
2862 1737 2989 1805 μιᾶς
3007 1730 3196 1787 πολλὰ
3223 1731 3271 1785 ἐν
3301 1727 3492 1802 συνόδῳ
3521 1727 3718 1797 λαλῆσαι,

409 1823 484 1884 εἷς
541 1823 602 1876 τὸ
661 1820 961 1895 παροχεὺς,
1025 1820 1114 1875 καὶ
1169 1822 1268 1889 τὴν
1330 1819 1681 1898 ἐκφαντορίαν
1736 1819 1834 1874 οὐκ
1864 1819 1939 1883 εἷς
1970 1822 2051 1892 [Ρ.
2092 1857 2134 1921 Β
2163 1823 2250 1876 καὶ
2283 1822 2442 1897 τέγος
2472 1822 2561 1875 τὸν
2591 1819 2883 1892 ἐπενδύτην
2917 1820 3167 1876 κελεῦσαι
3196 1825 3271 1892 τῷ
3317 1818 3489 1890 ὀπαδῷ
3517 1819 3718 1893 ἀράμενον

409 1914 530 1921 ,μη
637 1912 648 1921 .
747 1910 773 1921 .,
896 1911 914 1921 .
1019 1908 1124 1921 η.
1230 1905 1288 1921 ο,
1547 1907 1664 1921 α..
1750 1908 1764 1921 .
1897 1910 1910 1921 .
2005 1908 2019 1921 .
2164 1908 2188 1921 ..
2431 1913 2444 1921 .
2612 1911 2624 1921 .
2718 1911 2730 1921 .
2827 1910 2966 1921 .-.
3089 1909 3114 1921 ..
3374 1911 3385 1921 .
3464 1908 3533 1921 ..
3696 1906 3704 1921 .

407 1914 532 1984 3'29]
591 1912 688 1978 τήν
745 1910 968 1985 ὕπαρξιν
1019 1905 1477 1982 εξελαμϐάνοντο,
1537 1907 1664 1964 ἀλλ’
1722 1908 1796 1970 εἷς
1851 1910 1949 1978 τήν
2002 1908 2055 1971 ἐς

408 1997 581 2054 ἀΐδιον
619 2000 891 2077 ἔκφανσιν.
945 1998 1142 2055 Μέντοι
1192 2020 1255 2074 γε
1310 2001 1397 2052 καὶ
1451 1996 1766 2053 σκανδάλων
1801 1996 2050 2073 μεγάλων

409 2091 663 2167 ἀφορμὰς
691 2089 758 2144 τὰ
788 2093 1013 2143 τοιαῦτα
1071 2088 1342 2163 παρέςχον
1391 2094 1510 2150 τοῖς
1563 2088 1806 2164 ὕστερον,
1851 2091 2052 2162 Ὥσπερ

405 2176 543 2248 δῆτα
571 2180 660 2233 καὶ
689 2178 753 2234 τὸ
783 2183 880 2234 τοῦ
933 2178 1146 2250 Νύσσης
1202 2178 1505 2253 Γρηγορίου
1556 2179 1766 2251 Ηατρὸς
1797 2177 1959 2254 ῥητὸν
1989 2177 2052 2232 τὸ

400 2267 535 2322 κατᾶ
595 2265 854 2344 διαίρεσιν
913 2267 1286 2343 προαγόμενον
1341 2267 1431 2322 καὶ
1489 2265 1631 2322 οὕτω
1695 2288 1812 2329 πως
1872 2265 2052 2344 λέγον,

405 2357 481 2419 ὡς
516 2357 580 2412 τὸ
616 2358 708 2430 μὲν
761 2354 933 2412 αἴτιον
981 2356 1249 2412 πιστεύειν
1299 2356 1361 2410 τὸ
1411 2353 1469 2410 δὲ
1506 2354 1566 2411 ἐκ
1592 2363 1693 2426 τῆς
1724 2355 1920 2427 αἰτίας,
1953 2360 2050 2410 τοῦ

400 2687 429 2715 ‹‹
464 2663 704 2720 Possedi
758 2662 1057 2720 hominem
1091 2678 1192 2733 per
1220 2667 1404 2718 Deum
1425 2663 1466 2726 ί,
1504 2683 1533 2712 »
1565 2661 1622 2717 id
1655 2664 1764 2730 est,
1809 2678 1876 2718 ex
1911 2666 2048 2729 Deo,

399 2759 475 2823 et,
509 2777 538 2805 «
574 2755 817 2810 Factum
844 2770 912 2809 ex
943 2751 1243 2820 muliere’,
1279 2773 1305 2800 »
1338 2751 1447 2807 hoc
1475 2757 1564 2807 est
1596 2768 1697 2824 per
1715 2749 2046 2822 mulierem,

396 2861 470 2900 ne
500 2845 652 2901 482
685 2843 848 2899 illam
897 2842 1166 2898 haeresim
1224 2841 1561 2898 insinuasse
1618 2841 1848 2897 divinus
1896 2845 2049 2912 Apo-

399 2935 590 2990 stolus
642 2939 882 3006 putetur
931 2949 1048 3004 qua
1104 2931 1372 2988 Christus
1429 2932 1599 3004 quasi
1651 2948 1754 3003 per
1785 2929 2047 2986 canalem

394 3027 682 3083 transisse
714 3043 816 3098 per
838 3024 1126 3097 virginem
1161 3023 1404 3096 ﬁngitur
1437 3040 1450 3080 :
1483 3023 1626 3091 haec,
1673 3022 1933 3094 inquam,
1968 3021 2046 3077 si-

395 3116 678 3186 miliaque
710 3115 971 3187 undique
1002 3113 1307 3170 conferens
1362 3113 1624 3186 quotidie
1673 3111 1946 3184 plurima,
1979 3126 2050 3167 ea:

2164 1908 2382 1975 ἕπεσθαι
2415 1913 2488 1974 ὡς
2539 1911 2626 1965 καὶ
2687 1911 2765 1973 εἷς
2823 1910 3029 1985 ἐξορίαν
3089 1909 3330 1983 ἕτοιμον,
3359 1911 3427 1970 ὡς
3459 1908 3570 1981 ὑπὲρ
3593 1906 3723 1960 τοιοῦ-

2162 2022 2269 2054 των
2297 2001 2723 2076 ἀγωνιζόμενος.
2775 2002 2842 2058 Οἱ
2893 1999 2950 2056 δὲ
3007 2001 3132 2077 περί
3181 2001 3266 2054 τὸν
3316 1997 3519 2076 Ἑφέσου
3544 2015 3724 2070 προνοη-

2159 2093 2327 2152 τικῶς
2361 2089 2456 2162 μὶν
2481 2090 2626 2164 εἶχον
2659 2087 2749 2143 διὰ
2799 2088 3049 2164 βασιλέα,
3095 2091 3172 2161 μὴ
3225 2085 3460 2147 θέλοντες
3487 2083 3634 2140 δοκεῖν
3653 2083 3728 2137 εἰσ.

2164 2176 2312 2251 ἀγειν
2359 2177 2412 2231 ἐν
2464 2180 2759 2233 καθεστῶσι
2811 2175 3128 2234 σκάνδαλα·
3179 2179 3328 2251 ὅμως
3374 2175 3426 2230 δὲ
3466 2176 3542 2232 καὶ
3572 2173 3725 2247 βαρέως

2161 2264 2350 2343 ἔφερον
2435 2268 2524 2321 καὶ
2603 2265 2846 2322 ἐκποδὼν
2941 2273 3122 2324 ποιεῖν
3206 2266 3339 2323 κατὰ
3423 2266 3477 2320 τὸ
3545 2260 3725 2332 λεληθὸς

2161 2354 2387 2430 ἐκεῖνον,
2420 2357 2494 2419 ὡς
2526 2351 2843 2413 ἐϐούλοντο.

2157 2661 2404 2718 rentiam
2460 2661 2851 2734 intelligimus
2910 2679 2924 2719 :
2985 2662 3113 2720 haec
3173 2661 3340 2735 fenim
3410 2658 3646 2716 continue
3691 2670 3739 2710 ex

2160 2752 2372 2823 prima,
2423 2751 2538 2808 ista
2591 2769 2693 2824 per
2754 2751 3176 2810 mediationem
3238 2750 3366 2807 Filii
3404 2751 3496 2821 qui
3525 2745 3737 2803 continue

2157 2857 2226 2896 ex
2279 2841 2475 2913 prima
2531 2851 2636 2910 est,
2707 2857 2822 2914 qua
2884 2843 3245 2898 mediatione
3308 2839 3478 2896 Filius
3528 2837 3658 2892 idem
3701 2836 3740 2887 et

2159 2929 2270 2986 sibi
2349 2929 2642 3004 Unigeniti
2704 2931 3124 3003 proprietatem
3176 2935 3372 2988 servat
3421 2934 3473 2985 et
3515 2923 3736 2998 Spiritum

2160 3037 2194 3074 a
2278 3019 2553 3076 relatione
2635 3021 2823 3076 Patris
2883 3038 2998 3076 non
3075 3027 3261 3077 arcet.
3326 3043 3348 3069 ι
3416 3018 3527 3075 Hac
3578 3013 3738 3083 allega-

2161 3109 2260 3164 bat
2347 3109 2700 3182 patriarcha,
2769 3111 3089 3167 ostendens
3168 3110 3324 3167 488
3397 3104 3737 3165 mediationem

397 3203 457 3257 in
505 3218 613 3273 per
671 3201 1049 3269 immittebat,
1110 3217 1210 3256 eas
1266 3200 1583 3272 particulas
1641 3200 1946 3255 conﬂando
1982 3199 2039 3253 in
2071 3207 2113 3274 (ζ’,
2156 3197 2281 3252 Filii
2316 3200 2642 3255 necessario
2724 3199 2937 3256 inferre
3008 3199 3494 3274 praepositionem
3543 3209 3661 3268 per,
3707 3191 3746 3243 ei

392 3289 689 3346 notionem
715 3307 928 3360 unam;
959 3289 1160 3360 sicque
1219 3289 1486 3344 videlicet
1528 3288 1788 3344 diluebat
1819 3289 2038 3343 crimen

394 3377 780 3433 additamenti
837 3377 897 3432 in
954 3377 1297 3446 Symbolum
1358 3377 1590 3443 intrusi,
1627 3394 1740 3448 quo
1799 3382 2039 3432 sanctus

392 3465 656 3536 spiritus,
692 3469 755 3519 ut
810 3482 878 3520 ex
935 3466 1120 3533 Patre,
1174 3465 1254 3519 ita
1283 3479 1352 3519 ex
1384 3464 1504 3520 filio
1537 3466 1850 3537 procedere
1881 3465 2037 3520 allir-

394 3558 611 3610 matur.
681 3554 958 3610 Praeterea
1015 3553 1165 3608 idem
1229 3553 1463 3608 inventa
1523 3554 1635 3608 divi
1701 3554 2038 3610 Damasceni

395 3642 688 3699 sententia
721 3660 836 3715 qua
867 3643 1037 3698 Pater
1071 3659 1170 3714 per
1198 3641 1454 3698 Verbum
1511 3636 1820 3716 προϐολεὺς
1861 3644 2038 3700 emis-

395 3750 493 3789 sor
531 3731 914 3788 enuntiatorii
961 3732 1211 3804 Spiritus
1245 3731 1482 3800 dicitur,
1517 3738 1574 3787 et
1603 3749 1799 3788 vocem
1833 3725 2038 3806 προϐο-

390 3819 520 3883 λεὺς
553 3823 806 3878 emissor
837 3823 958 3878 sive
1004 3822 1260 3892 prolator
1298 3827 1575 3892 tanquam
1629 3822 1780 3877 idem
1815 3822 2037 3894 signiﬁ-

391 3918 622 3970 cantem
676 3913 832 3985 quod
881 3908 1054 3971 αἶ’τιος
1103 3928 1281 3967 causa
1328 3911 1446 3967 sive
1491 3911 1840 3983 principium
1875 3929 2041 3968 usur-

394 4021 563 4075 pans,
599 4003 696 4058 ubi
730 4003 1099 4058 observasset
1149 4018 1259 4056 non
1307 4000 1497 4056 dicere
1528 4001 1764 4070 quidem
1797 4001 2040 4057 Damas-

394 4109 602 4148 cenum
654 4091 1000 4162 simpliciter
1048 4089 1259 4146 Filium
1307 4105 1434 4145 esse
1464 4106 1701 4146 causam
1736 4090 1855 4145 sive
1886 4090 2041 4162 prin-

395 4181 618 4251 cipium
650 4180 904 4250 Spiritus
953 4181 1158 4248 sancti,
1213 4180 1381 4234 fateri
1425 4185 1617 4234 tamen
1651 4180 1875 4236 Patrem
1910 4197 2038 4235 esse

389 4285 632 4325 causam
664 4269 918 4340 Spiritus
949 4269 1135 4324 sancti
1165 4286 1265 4341 per
1295 4268 1528 4339 Filium,
1563 4269 2035 4340 quandoquidem

391 4359 462 4412 ab
493 4374 557 4412 eo
590 4360 761 4412 Pater
792 4374 894 4428 per
923 4357 1176 4413 Verbum
1208 4358 1459 4429 Spiritus
1490 4358 1678 4412 sancti
1704 4350 2034 4430 προϐολεὺς,

389 4445 543 4516 quod
578 4444 730 4500 idem
763 4449 934 4500 sonat
962 4461 1027 4500 ac
1057 4440 1254 4515 αἴτιος,
1305 4461 1436 4500 esse
1486 4446 1830 4500 afﬁrmatur.
1886 4446 2038 4501 llano

387 4533 742 4590 sententiam
765 4533 947 4606 aliqui
972 4539 1035 4590 ut
1055 4534 1426 4590 subdititiam
1449 4539 1505 4590 et
1528 4534 1669 4591 falso
1689 4535 2032 4590 attributam
2067 4573 2114 4637 Β

387 4626 551 4682 Patri
608 4628 964 4684 Damasceno
1010 4627 1306 4699 rejiciunt.
1359 4627 1605 4690 Quidam
1653 4633 1848 4683 autem
1905 4644 2033 4684 eam

388 4715 795 4786 admittentes,
827 4716 954 4772 loco
1011 4715 1278 4772 vocabuli
1324 4708 1631 4790 προϐολεὺς
1671 4716 2039 4773 substituunt

384 4809 446 4863 in
479 4808 576 4864 illa
623 4806 902 4881 παροχεὺς
951 4808 1244 4879 presbiter,
1279 4815 1333 4862 et
1365 4825 1489 4880 quae
1534 4808 1652 4863 illis
1686 4809 1899 4864 mentio
1931 4809 2032 4864 ad-

375 4898 654 4969 jungitur
678 4894 1033 4972 ἐκφαντορίας
1073 4897 1476 4952 enuntiatoriae
1519 4896 1882 4968 prolationis,
1918 4915 2031 4953 non

380 4987 452 5043 ad
514 4984 734 5061 ὕπαρξιν
807 4986 1151 5042 exstantiam
1215 4987 1491 5056 referunt,
1570 4985 1667 5042 sed
1730 4988 1796 5042 ad
1857 4981 2030 5039 ἀίδιον

380 5071 634 5153 ἔκφανσιν
669 5080 946 5131 aeternam
979 5074 1421 5132 exhibitionem.
1448 5073 1753 5130 Enimvero
1784 5076 2030 5130 scanda-

378 5164 573 5222 lorum
623 5181 972 5238 magnorum
1032 5162 1372 5220 occasiones
1457 5162 1598 5218 talia
1657 5163 2032 5233 prmbuerunt

379 5253 655 5328 posteris,
689 5257 753 5308 ut
783 5252 1055 5308 videlicet
1084 5256 1142 5308 et
1173 5251 1282 5306 hoc
1313 5250 1559 5323 Nysseni
1611 5250 1871 5322 Gregorii
1924 5251 2025 5305 Pa-

382 5345 492 5401 tris
542 5343 788 5408 dictum,
834 5341 892 5397 in
925 5358 1038 5413 quo
1070 5340 1303 5397 divisim
1358 5341 1430 5395 de
1487 5339 1754 5412 personis
1813 5339 2027 5396 divinis

379 5435 577 5507 agitur
605 5434 699 5490 his
726 5431 918 5489 verbis
947 5449 961 5487 :
991 5454 1017 5481 «
1053 5431 1124 5487 Ut
1153 5430 1316 5485 illam
1367 5428 1605 5501 quidem
1633 5445 1870 5485 causam
1897 5447 2025 5486 cre-

377 5524 611 5595 damus,
661 5524 811 5580 hanc
861 5525 1057 5578 autem
1107 5536 1176 5576 ex
1206 5536 1386 5576 causa
1412 5535 1620 5575 rursus
1651 5517 1825 5575 aliam
1860 5520 2023 5575 diti'e-

448 5699 464 5737 ¹
498 5703 638 5759 Gen.
676 5721 750 5768 ιν,
785 5705 832 5759 1.
912 5704 933 5737 ²
963 5701 1148 5757 Gal-at.
1184 5720 1257 5770 ιν,
1291 5703 1342 5757 4.

2151 3294 2392 3360 propter
2448 3289 2598 3345 hanc
2658 3289 3135 3362 praepositionem
3199 3305 3307 3358 ex,
3371 3303 3540 3362 quam
3607 3277 3745 3338 Latini

2151 3382 2524 3450 usurparent,
2586 3378 3010 3436 admittendam
3061 3379 3454 3445 contendens,
3526 3369 3742 3446 quoniam

2151 3467 2485 3538 promiscue
2533 3467 2956 3540 permutabiles
2986 3469 3152 3525 inter
3184 3485 3317 3525 sese
3347 3467 3454 3522 bas
3484 3459 3740 3538 particulas

2149 3571 2280 3612 esse
2328 3562 2650 3630 appareret.
2702 3556 2917 3613 Verum
2968 3559 3314 3629 presinus
3353 3570 3574 3627 unaque
3616 3546 3744 3604 Athe-

2150 3645 2374 3702 niensis
2406 3646 2681 3703 Melesius
2713 3657 2768 3703 et
2797 3646 2895 3702 alii
2938 3648 3191 3720 plurimi
3242 3644 3747 3705 scandalizabantur,

2149 3734 2553 3791 existimantes
2585 3753 2812 3793 movere
2844 3754 2910 3792 ac
2941 3737 3010 3792 de
3046 3755 3202 3794 novo
3236 3738 3296 3792 in
3329 3731 3745 3807 disceptationem

2150 3841 2356 3880 vocare
2385 3824 2522 3880 olim
2558 3827 2875 3882 constituta
2923 3827 3217 3899 dogmata
3266 3827 3460 3898 majus
3505 3838 3617 3880 esse
3658 3832 3748 3871 ma-

2147 3913 2270 3969 lum
2303 3931 2479 3986 quam
2513 3919 2574 3970 ut
2605 3917 2966 3972 consciscere
3001 3917 3060 3972 id
3098 3917 3220 3990 ipsi
3255 3921 3514 3988 possent,
3537 3903 3748 3982 quamvis

2149 4003 2416 4076 gravium
2466 4003 2756 4061 malorum
2808 4007 3365 4078 praevertendorum
3417 4020 3584 4060 causa
3623 4010 3751 4053 cous-

2149 4095 2370 4150 centias
2415 4113 2554 4152 suas
2584 4098 3072 4154 accomodassent
3107 4098 3184 4154 ad
3218 4097 3409 4154 levius
3441 4093 3574 4151 illud
3603 4101 3754 4163 pecca-

2148 4188 2271 4239 tum
2306 4185 2761 4256 admittendum,
2796 4203 2910 4260 quo
2943 4203 3004 4242 se
3056 4187 3440 4260 obligassent
3494 4197 3618 4256 pace
3659 4189 3757 4233 cum

2149 4272 2266 4328 illis
2301 4274 2564 4330 facienda
2590 4275 2688 4346 qui
2711 4275 2768 4330 in
2792 4275 3002 4330 divinis
3026 4276 3428 4349 dogmatibus
3451 4268 3757 4329 errarentAc

2149 4361 2417 4418 Meletius
2450 4364 2773 4435 praesertim
2811 4381 3022 4437 magna
3055 4366 3135 4421 de
3169 4366 3270 4422 bis
3323 4365 3586 4421 libertate
3611 4357 3761 4414 disse-

2147 4452 2330 4519 rebat,
2363 4453 2504 4508 adeo
2537 4460 2602 4508 ut
2631 4454 2723 4509 die
2755 4455 3032 4525 quadam,
3059 4460 3398 4527 postquam
3431 4452 3605 4508 multa
3626 4457 3764 4516 super

2146 4540 2255 4597 hoc
2289 4547 2636 4614 argumento
2695 4543 2750 4598 in
2809 4544 3028 4616 synodo
3093 4535 3765 4623 declamasset,pedisse-

2146 4631 2602 4702 quumjusserit
2632 4631 2864 4688 sublato
2906 4632 3085 4705 pallio
3141 4635 3526 4706 procinctum
3578 4628 3638 4682 ad
3683 4625 3767 4679 iter

2146 4719 2258 4774 sibi
2317 4721 2524 4776 adesse
2573 4725 2853 4792 tanquam
2913 4721 2973 4777 in
3030 4723 3332 4779 exsilium
3386 4721 3488 4779 tali
3536 4719 3602 4775 de
3627 4726 3769 4771 causa

2144 4825 2278 4864 mox
2363 4816 2564 4882 parato
2642 4811 2950 4882 proficisci.
3013 4811 3400 4869 Moderatius
3461 4828 3522 4867 se
3575 4804 3770 4880 gerebat

2141 4897 2469 4968 Ephesinus
2526 4899 2900 4971 imperatoris
2958 4907 3273 4972 respectu,
3337 4900 3494 4974 apud
3543 4909 3695 4970 quem
3722 4904 3766 4944 δῦ

2142 4987 2481 5058 providebat
2512 4987 2898 5059 offensurum,
2941 4989 2988 5044 si
3019 4987 3348 5047 videretur
3379 4983 3709 5046 offendicula
3732 4981 3773 5032 et

2140 5075 2446 5132 turbarum
2502 5091 2713 5132 causas
2763 5076 2835 5133 iis
2867 5077 3129 5148 objicere
3184 5080 3292 5151 qui
3346 5080 3500 5136 bona
3531 5075 3634 5131 {ide
3661 5083 3768 5125 con-

2137 5167 2327 5222 ventis
2385 5166 2857 5237 acquiescebant.
2916 5166 3308 5240 Ringebatur
3358 5175 3552 5226 tamen
3602 5168 3653 5220 et
3678 5161 3776 5232 ipse

2139 5255 2392 5325 penitus,
2433 5253 2734 5327 aegerrime
2781 5272 2915 5311 cum
2963 5257 3098 5313 suis
3159 5258 3366 5315 feren
3417 5273 3543 5329 quas
3573 5251 3772 5310 aVecco

2138 5344 2501 5416 agebantur;
2556 5345 2993 5417 apparebatque
3036 5362 3172 5404 non
3223 5348 3605 5405 dubitaturos
3649 5341 3776 5413 ipsos

2137 5433 2359 5502 conari,
2391 5433 2440 5488 si
2474 5437 2732 5506 possent,
2766 5432 3164 5491 clandestinis
3200 5437 3440 5493 artibus
3471 5435 3628 5490 illum
3653 5446 3681 5485 a
3703 5440 3775 5480 se-

2136 5521 2207 5578 de
2237 5522 2608 5592 patriarcbali
2643 5538 2930 5580 amovere.
