4002 6198
265 286 380 339 945

1342 294 1436 345 DE
1476 293 1847 346 MICHAELE
1886 295 2330 353 PALEOLOGO
2369 300 2501 353 LIB.
2545 302 2637 353 VI.

3587 304 3697 357 946

263 408 591 502 κδ’ίΌπως
655 410 730 473 είς
785 412 851 499 τό
904 407 1039 487 ὅρος
1096 417 1205 502 τοῦὶ
1251 414 1404 502 ἁγίου
1462 414 1921 502 Αὺξεντίουήἁπο
1956 421 2006 485 Α
2039 424 2280 491 πρῶτον,
2332 420 2415 475 ἐπ’
2464 422 2652 496 ἐκείνῳ
2704 422 2760 477 δὲ
2805 426 2891 478 καὶ
2937 425 3027 478 τὸν
3080 424 3343 479 Ἱσαάκιον
3376 432 3551 502 στερεῖ
3578 433 3689 483 τῶν

343 481 528 558 ἦλθενΔ
569 483 622 558 ὁρ
657 481 1029 558 πατριάρχης.

1113 485 1206 541 Καὶ
1279 485 1403 561 περὶ
1451 491 1557 540 τῶν
1617 491 1715 541 τοῦ
1771 487 1922 562 βασι-

340 552 482 617 λεως
510 551 642 611 ἐκεῖ.

340 682 424 752 [Ρ⁸
458 682 584 751 330]
643 680 781 736 Τότε
850 680 1032 736 τοίνυν
1110 680 1389 757 δωδεκάτῃ
1462 684 1925 760 Ἀνθεστηριῶνος

262 769 441 841 μηνὸς
498 769 591 823 τὸν
657 769 938 843 Βόσπορον
1000 768 1531 846 διαπεραιωσάμενοι
1591 772 1715 836 εὐθὺ
1779 774 1927 848 βασι-

256 858 404 919 λέως
453 857 792 931 ἠλαύνομεν,
843 859 933 914 καὶ
980 864 1049 933 τῇ
1103 868 1204 931 τῆς
1252 858 1453 936 λυχίας
1511 865 1652 936 μονῇ
1705 862 1924 939 ξεναγη-

259 946 445 1011 θέντες
487 947 687 1002 ἐκεῖθεν
743 949 863 1001 καθ’
920 948 1130 1021 ἡμέραν
1184 954 1262 1021 τῷ
1324 949 1541 1025 βασιλεῖ
1595 951 1923 1025 συνεμίσγο-

259 1057 383 1109 μεν.
419 1036 499 1092 Τὰ
530 1034 576 1091 δ’
607 1035 797 1109 ἐκείνῳ
853 1038 977 1091 τότε
1032 1038 1379 1111 πραττόμενα
1412 1038 1665 1113 δακρύοις
1699 1040 1917 1113 μᾶλλον

253 1124 289 1193 ἢ
328 1123 525 1197 μέλανι
581 1124 803 1200 γράφειν
860 1126 925 1194 ἦν
986 1124 1151 1196 ἄξιον,
1213 1134 1514 1202 Λογισμοῖς
1571 1130 1671 1205 γὰρ
1703 1129 1915 1204 ἀγρίοις

254 1210 704 1288 διεκϐακχευθεὶς
765 1215 792 1269 ὁ
841 1220 1051 1289 κρατῶν
1101 1216 1191 1270 καὶ
1241 1223 1402 1272 πᾶσιν
1452 1219 1711 1281 ὑπόπτως
1739 1216 1907 1294 ἔχων,

253 1304 362 1357 οὐκ
421 1301 539 1357 οἶδα
593 1304 712 1357 καθ’
768 1304 797 1357 ’ὀ
849 1325 927 1375 τι,
981 1306 1119 1369 τέως
1178 1302 1234 1360 δέ
1287 1328 1348 1381 γε
1404 1313 1519 1361 τοῖς
1563 1309 1912 1383 φαινομένοις

255 1394 356 1446 καὶ
413 1397 492 1464 τῷ
548 1389 728 1446 δοκεῖν
792 1393 922 1466 ὑπὲρ
1008 1394 1199 1449 ἑαυτοῦ
1257 1395 1349 1449 καὶ
1427 1403 1529 1466 τῆς
1587 1396 1751 1451 αὐτοῦ
1813 1396 1909 1467 δῆ-

254 1483 343 1535 θεν
420 1482 708 1557 θρησκείας
788 1488 995 1554 πονῶν,
1076 1484 1120 1539 εἰ
1203 1483 1508 1561 ὀρθοδοξῶν
1564 1486 1618 1551 ἒς
1678 1489 1746 1543 τὰ
1804 1490 1909 1561 μά-

250 1568 416 1624 λιστα
472 1573 541 1625 τά
606 1572 743 1645 πρὸς
819 1574 1177 1647 παρατροπήν
1230 1573 1462 1637 πίστεως
1520 1571 1902 1647 διαϐάλλοιτο,

248 1656 402 1713 δεινὰ
450 1658 644 1718 ἐποίει.
693 1661 851 1725 Ὅθεν
897 1661 987 1716 καὶ
1034 1662 1252 1735 πέμψας
1304 1663 1476 1741 ἐξάγει
1525 1669 1623 1735 τῆς
1654 1665 1904 1740 φυλακῆς

2036 506 2299 580 ὀμμάτων
2360 509 2616 575 κελεύσας
2673 510 2837 589 ἄμφω
2893 514 2984 567 καὶ
3047 514 3288 586 μόνους·
3340 516 3366 568 ὁ
3415 516 3516 592 γὰρ
3552 525 3689 573 Καν-

2031 600 2373 667 τακουζηνὸς
2432 600 2772 677 ἀπαγόμενος
2847 600 3122 664 δειλιάσας
3198 600 3509 660 ὑπὲκλινεν.
3574 608 3692 662 Ἐπ’

2032 683 2255 749 ἐκείνοις
2303 688 2405 763 γὰρ
2459 689 2649 762 μόνοις
2694 692 2756 745 τὸ
2805 697 2993 754 παθεῖν
3044 693 3133 746 καὶ
3188 694 3263 764 μὴ
3311 693 3404 764 ἦν,
3457 693 3547 748 καὶ
3599 693 3689 751 διὰ

2028 782 2189 832 τοῦτο
2249 777 2438 852 ἐκείνῳ
2495 780 2589 853 μὲν
2650 781 2715 849 ἦν
2782 781 3129 845 ὑποκλιθέντι
3192 785 3484 853 σώζεσθαι,
3535 787 3586 839 οἱ
3629 785 3687 842 δὲ

2029 868 2129 936 τήν
2178 871 2274 921 τοῦ
2323 865 2710 945 διαπράξασθαι
2758 869 2791 923 ἅ
2832 867 3025 942 μηδεὶς
3072 868 3244 933 ἄλλος
3278 871 3489 946 ἐτόλμα
3523 872 3680 945 δόξαν

2033 956 2163 1031 ὑπὲρ
2220 962 2465 1032 πατρίων
2524 958 2657 1011 ἐθῶν
2713 958 3105 1033 ἀπηνέγκαντο,
3159 960 3344 1016 πολλᾶ
3418 962 3681 1038 πρότερον

2026 1045 2115 1099 καὶ
2147 1044 2302 1100 αὐτὸν
2353 1048 2701 1123 πατριάρχην
2757 1047 2845 1102 ἐπὶ
2908 1048 3176 1123 βασιλέως
3236 1050 3577 1126 έλέγξαντες,
3611 1054 3686 1115 ὡς

2026 1132 2201 1189 ἐκεῖνα
2249 1137 2527 1190 πείθονται
2579 1136 2758 1209 τούτῳ
2791 1139 2824 1191 ὁὶ
2850 1134 2915 1206 δὴ
2950 1137 3030 1215 ἐφ’
3063 1137 3253 1193 ἑαυτοῦ
3286 1135 3359 1193 ὥν
3395 1140 3684 1218 ὡμολόγει

2023 1224 2111 1278 καὶ
2170 1223 2473 1297 ἐπιτιμίοις
2542 1222 2903 1298 πεδούμενος,
2959 1228 3050 1281 καὶ
3111 1227 3221 1303 οὐχ
3279 1227 3312 1282 ἃ
3366 1232 3502 1292 τέως
3567 1234 3684 1304 μετ’

2019 1312 2347 1385 ἀξιώματος.
2383 1314 2483 1369 Καὶ
2538 1312 2643 1369 εἶδε
2695 1314 2792 1386 μία
2839 1314 3021 1390 ἡμέρα
3069 1316 3467 1390 ἐστερημένους
3496 1319 3685 1392 ὀμμά-

2017 1423 2126 1457 των
2160 1401 2252 1463 οὕς
2286 1402 2385 1473 μία
2411 1404 2617 1478 γαστὴρ
2650 1400 2830 1473 ὣδινε,
2864 1404 2955 1458 καὶ
2986 1403 3078 1466 οὕς
3112 1407 3145 1474 ἣ
3175 1427 3232 1459 τε
3262 1405 3449 1480 σχέσις
3478 1415 3680 1483 συνῆγε

2018 1490 2108 1544 καὶ
2138 1490 2200 1544 τὸ
2236 1490 2368 1566 ὑπὲρ
2401 1492 2519 1553 ἑνὸς
2552 1498 2761 1560 παθεῖν,
2792 1493 3016 1555 τούτους
3050 1493 3142 1547 ἀπ’
3172 1492 3443 1564 ἀλλήλων
3473 1493 3669 1571 διῃρη-

2018 1581 2235 1651 μένους,
2268 1580 2342 1641 ὡς
2373 1580 2463 1634 τὸν
2500 1580 2594 1652 μὲν
2628 1579 2883 1655 ἀλλαχοῦ
2929 1584 3057 1650 που,
3104 1582 3193 1635 τὸν
3230 1579 3287 1636 δὲ
3316 1582 3577 1653 Μανουὴλ
3611 1583 3663 1639 έν

2015 1674 2134 1731 ταῖς
2191 1669 2329 1723 κατά
2386 1666 2741 1744 Σκάμανδρον
2802 1672 3106 1745 Κεγχρεαῖς
3167 1672 3518 1747 ἀπανθρώπῳ
3558 1673 3665 1728 τινῖ¹

243 1748 378 1810 τοὺς
413 1748 646 1840 εὐγενεῖς
696 1746 890 1840 ᾂνδρας
950 1748 1185 1812 ἐκείνους
1241 1752 1315 1805 ὧν
1372 1754 1459 1808 καὶ
1507 1755 1698 1829 πρώην
1731 1753 1899 1828 έμνή-
1934 1776 1981 1840 Β
2014 1758 2255 1835 φρουρίῳ
2320 1759 2833 1835 έγκατακλεισθῆναι
2892 1761 3319 1837 φρουρούμενον.
3366 1766 3482 1820 Ἐπ’
3513 1764 3660 1820 ἐκεί-

244 1841 475 1912 σθημεν,
529 1838 657 1904 τοὺς
698 1839 757 1895 ἐκ
810 1840 1013 1897 Ῥαοὺλ
1072 1840 1464 1921 αὐταδέλφους,
1513 1847 1604 1901 τὸν
1638 1845 1903 1917 Μανουήλ

253 1950 316 1983 τε
347 1930 563 1983 καὶτὸν
596 1932 883 2001 Ἰσαάκιον,
933 1934 1019 1987 καὶ
1068 1932 1250 2006 τρίτον
1293 1936 1384 1990 τὸν
1428 1935 1487 1990 ἐκ
1524 1937 1906 2006 Καντακουζη-

250 2020 364 2073 νῶν
427 2020 682 2091 Ἰωάννην
764 2022 815 2095 (ὁ
883 2023 987 2098 γὰρ
1054 2024 1493 2099 πρωτοστράτωρ
1564 2021 1905 2097 Ἀνδρόνικος

249 2111 459 2186 φθάσας
529 2110 581 2165 ἐν
630 2115 697 2185 τῇ
764 2109 981 2186 φυλακῇ
1053 2111 1582 2187 προτετελευτήκει),
1627 2113 1717 2169 κτὶ
1768 2121 1902 2193 σφᾶς

244 2199 389 2272 πρὸς
440 2198 625 2254 ἐαυτὸν
677 2202 1036 2277 κατακρίτους
1086 2201 1258 2278 φέρει.
1290 2200 1399 2264 Οὕς
1439 2199 1505 2272 δὴ
1536 2201 1625 2257 καὶ
1659 2201 1740 2280 ἐφ’
1770 2205 1904 2277 ἡμέ-

246 2309 373 2362 ραις
435 2289 638 2361 ἐτάζων
705 2290 894 2366 λόγοις
941 2295 1030 2348 καὶ
1098 2289 1283 2369 ὕϐρεσι
1343 2292 1623 2358 πλείσταις
1683 2316 1742 2349 τε
1808 2294 1899 2349 καὶ

250 2376 481 2453 δειναῖς,
503 2380 661 2443 τέλος
692 2381 805 2437 ἐπεὶ
840 2382 940 2438 οὐκ
979 2383 1045 2452 ἦν
1099 2388 1232 2460 σφᾶς
1279 2382 1666 2448 ὑποκλίνεσθαι
1696 2389 1775 2456 τῷ
1801 2388 1899 2439 τοῦ

239 2474 577 2539 κρατοῦντος
636 2470 930 2544 θελήματι,
992 2474 1076 2545 [Ρ.
1136 2476 1262 2546 331]
1317 2474 1409 2528 τὸν
1472 2474 1567 2546 μὲν
1630 2472 1897 2543 Μανουήλ

236 2691 335 2746 25.
370 2690 434 2746 Ut
462 2689 540 2744 ad
565 2693 803 2764 montem
832 2690 1024 2764 Sancti
1052 2692 1314 2747 Auxentii
1344 2692 1507 2748 iverit
1535 2691 1905 2764 patriarcha;

647 2766 697 2817 et
727 2762 793 2818 de
821 2765 955 2818 aclis
988 2763 1339 2835 imperatoris
1368 2764 1512 2820 illic.

322 2868 489 2922 Tunc
518 2867 695 2939 igitur
726 2868 1070 2925 duodecima
1114 2870 1251 2925 Julii
1301 2870 1523 2927 mensis
1579 2871 1903 2943 Bosporum

240 2957 601 3025 transgressi
635 2957 706 3012 ad
740 2957 1151 3028 imperatorem
1184 2963 1340 3015 recta
1385 2961 1819 3029 contendimus;
1850 2966 1909 3017 et

237 3046 437 3101 obiter
479 3046 731 3118 hospitio
758 3049 977 3119 excepti
1028 3049 1183 3120 apud
1233 3050 1657 3105 monasterium
1716 3050 1902 3122 Lych-

2022 1870 2136 1910 νοις
2167 1849 2252 1903 καὶ
2313 1849 2402 1903 τὸν
2456 1852 2553 1903 τοῦ
2614 1845 2876 1903 δεσπότου
2938 1848 3167 1924 Μιχαὴλ
3226 1852 3340 1906 υἱὸν
3387 1852 3667 1924 Ἰωάννην,

2022 1939 2079 1992 ὅν
2113 1938 2185 1999 ὡς
2217 1939 2431 2013 ’ὀμηρον
2490 1940 2524 2008 ἠ
2588 1939 2772 2011 μήτηρ
2827 1942 2933 1992 τῶν
2994 1940 3274 2009 συνθηκῶν
3328 1940 3669 2016 ἀναγαγοῦσα

2020 2027 2081 2081 ἐκ
2139 2024 2341 2090 δόσεως
2396 2032 2477 2100 τῷ
2556 2026 2774 2103 βασιλεῖ
2847 2027 3143 2103 ἐνεχείριζε
3198 2029 3287 2083 καὶ
3342 2026 3588 2106 γαμϐρὸν
3640 2033 3666 2086 ὁ

2018 2120 2229 2191 κρατῶν
2289 2115 2451 2179 ἐτίθει
2505 2121 2601 2170 τοῦ
2657 2117 2940 2190 Τορνικίου
3001 2112 3519 2194 σεϐαστοκράτορος,
3569 2117 3664 2176 κᾶν

2015 2204 2216 2267 ἐκεῖνος
2273 2206 2371 2274 τήν
2433 2204 2657 2281 σύζυγον
2716 2204 3061 2281 ἀποστέργων
3119 2208 3241 2271 καθ’
3292 2208 3480 2263 ἑαυτὸν
3532 2207 3663 2282 ἐμο-

2015 2299 2196 2367 νοῦτο,
2254 2294 2474 2369 πέμψας
2530 2292 2643 2371 ἄγει
2705 2294 2925 2368 δέσμιον
2960 2295 3019 2351 ἐκ
3047 2296 3305 2361 Νικαίας·
3363 2296 3531 2354 ἐκεῖσε
3559 2299 3660 2375 γὰρ

2014 2382 2329 2459 στρατηγῶν
2382 2386 2667 2459 κατώρθου
2724 2384 3007 2459 τροπαίοις
3066 2392 3286 2462 Περσῶν
3338 2386 3661 2461 ἐναγΑαῖζό-

2016 2494 2197 2546 μενος,
2233 2473 2315 2551 ἐφ’
2372 2476 2418 2541 ᾧ
2476 2475 2564 2529 καὶ
2624 2474 2857 2548 ὑποψίαν
2926 2474 3049 2549 ἔσγε
3105 2474 3516 2551 βασιλειῶντος,
3559 2478 3659 2532 οὐκ

2017 2692 2261 2765 gloriam
2294 2692 2558 2748 tulerunt
2582 2694 2921 2749 constantiae
2951 2695 3182 2751 invicta:
3212 2696 3270 2751 in
3301 2697 3523 2767 agendo
3554 2714 3661 2769 pa-

2016 2781 2335 2851 tiendoque
2366 2799 2469 2853 pro
2501 2782 2706 2854 patriis
2738 2784 3001 2840 moribus
3031 2801 3159 2856 qua:
3180 2802 3351 2840 nemo
3375 2785 3526 2842 alius
3558 2804 3662 2842 au-

2015 2887 2117 2924 sus
2152 2874 2308 2925 esset
2362 2870 2551 2926 facere
2608 2886 2675 2925 ac
2729 2872 2948 2927 subire.
3010 2872 3178 2929 Prius
3231 2878 3428 2930 autem
3482 2891 3662 2945 quam

2014 2966 2456 3028 excaecarentur,
2488 2976 2626 3015 voce
2655 2959 2952 3016 liberrima
2978 2978 3172 3017 coram
3221 2962 3349 3033 ipso
3409 2963 3662 3033 impera-

2014 3052 2137 3103 tore
2195 3047 2537 3118 patriarchae
2592 3050 3019 3120 exprobrarunt
3075 3052 3310 3106 credere
3366 3067 3428 3105 se
3484 3057 3542 3105 et
3588 3052 3662 3106 ad

237 3135 377 3201 nire,
408 3151 526 3206 qua
554 3135 690 3190 inde
722 3135 1107 3191 discessimus
1167 3137 1260 3192 die
1315 3137 1655 3209 imperatori
1704 3138 1890 3193 astiti~
1923 3124 1965 3190 C
2003 3140 2327 3191 extremum
2353 3136 2675 3192 credituros
2708 3154 2834 3208 qua:
2867 3138 2937 3192 ab
2969 3138 3097 3210 ipso
3121 3138 3484 3209 didicissent,
3517 3143 3660 3195 tunc

234 3240 403 3279 mus.
438 3224 513 3278 Eo
544 3228 804 3295 tempore
836 3241 959 3295 quae
992 3226 1063 3279 ab
1095 3225 1196 3280 illo
1229 3231 1396 3297 gesta
1425 3232 1564 3281 sunt
1619 3226 1893 3298 lacrymis

228 3313 443 3386 potius
478 3330 653 3384 quam
687 3318 1007 3369 atramento
1039 3313 1284 3385 dignum
1316 3320 1440 3370 erat
1470 3316 1744 3370 scribere.
1788 3316 1890 3371 Fe-

230 3404 320 3459 ris
342 3402 499 3457 enim
537 3403 890 3473 quibusdam
926 3403 1202 3458 sensibus
1232 3419 1335 3474 per
1384 3404 1624 3459 acerbas
1680 3405 1891 3461 intem-

232 3492 433 3566 peries
464 3492 601 3565 :egri
627 3494 809 3548 animi
839 3494 1234 3549 debacchatus
1258 3495 1525 3566 princeps
1558 3500 1665 3563 est,
1690 3513 1893 3551 omnes

231 3586 552 3652 suspectos
598 3580 843 3648 habens,
899 3582 1095 3637 nescio
1142 3584 1549 3652 quamobrem,
1595 3583 1747 3637 484
1780 3583 1893 3638 nisi

233 3671 427 3741 quod,
450 3674 514 3723 ut
543 3671 864 3740 apparebat
891 3674 992 3725 aut
1019 3670 1203 3726 videri
1261 3671 1512 3736 volebat,
1548 3673 1617 3726 de
1665 3688 1726 3726 se
1757 3689 1891 3727 sua-

233 3776 360 3830 que
403 3759 673 3813 videlicet
722 3758 998 3830 religione
1041 3759 1330 3815 sollicitus
1378 3760 1747 3830 iniquissime
1803 3778 1891 3816 se-

233 3864 380 3904 cum
415 3848 505 3918 agi
540 3849 912 3919 querebatur,
948 3849 1048 3920 qui
1080 3850 1186 3904 etsi
1222 3850 1365 3905 nihil
1415 3850 1595 3905 studii
1629 3867 1694 3904 ac
1752 3867 1893 3904 con-

230 3937 523 3992 tentionis
551 3938 846 3992 omitteret
878 3939 935 3993 in
970 3940 1281 4010 quaerenda
1325 3940 1694 4010 tenendaque
1739 3944 1895 3994 recta

232 4026 422 4080 divini
457 4026 648 4081 cultus
681 4043 747 4081 ac
778 4044 933 4082 sanae
995 4028 1269 4083 doctrinae
1300 4028 1412 4093 via,
1475 4029 1642 4082 ﬁdem
1698 4032 1891 4083 tamen

230 4119 567 4187 pervertere
599 4132 700 4186 per
729 4131 1027 4171 summam
1079 4116 1434 4171 calumniam
1497 4123 1891 4172 accusaretur.

231 4206 385 4260 Inde
418 4204 619 4260 missis
649 4204 1001 4259 satellitibus
1033 4205 1231 4260 educit
1261 4222 1291 4260 e
1338 4206 1607 4261 custodia
1667 4206 1894 4260 nobiles

227 4294 372 4349 illos
395 4294 623 4364 patricii
657 4294 888 4363 generis
917 4294 1097 4364 viros,
1132 4311 1383 4349 uuorum
1444 4310 1631 4365 nuper
1689 4295 1893 4348 memi-

228 4384 463 4450 nimus,
497 4380 703 4437 fratres
736 4381 957 4437 scilicet
988 4383 1137 4437 duos
1172 4382 1367 4438 Baulis
1426 4382 1598 4451 filios,
1656 4384 1893 4438 Manue-

231 4472 356 4527 lem
382 4476 438 4525 et
472 4470 784 4537 Isaacium,
815 4471 1174 4543 tertiumque
1203 4473 1489 4527 Joannem
1522 4490 1590 4528 ex
1610 4473 1892 4527 Cantacu-

224 4577 383 4615 zena
416 4559 638 4615 familia
666 4561 825 4631 (nam
861 4565 1250 4632 protostrator
1299 4562 1670 4617 Andronicus
1730 4562 1891 4632 prius

227 4651 291 4703 in
329 4664 561 4703 carcere
591 4649 858 4721 obierat),
891 4650 1138 4721 sistique
1168 4667 1266 4705 eos
1298 4652 1407 4706 sibi
1444 4668 1558 4705 non
1617 4655 1681 4705 ut
1727 4650 1888 4719 judi-

224 4739 457 4795 candos
492 4739 593 4793 sed
628 4740 838 4810 utjam
876 4742 1185 4796 damnatos
1218 4741 1397 4810 jubet.
1437 4742 1581 4795 Hinc
1613 4757 1746 4794 cum
1789 4756 1889 4794 eos

223 4844 339 4900 per
372 4828 493 4883 dies
524 4827 749 4899 aliquot
776 4830 970 4885 verbis
1003 4831 1343 4901 asperrimis
1400 4830 1887 4900 contumeliisque

224 4916 510 4987 plurimis
542 4934 609 4972 ac
660 4919 1028 4988 gravissimis
1083 4925 1372 4984 vexasset,
1431 4920 1501 4973 ad
1561 4923 1885 4973 extremum

217 5005 638 5062 inﬂexibiliter
703 5014 1046 5063 recusantes
1121 5009 1530 5079 obtemperare
1599 5007 1886 5062 voluntati

214 5094 557 5167 principis,
639 5096 966 5152 Manuelem
1045 5098 1285 5169 quidem
1360 5096 1618 5168 pridem,
1677 5096 1887 5151 deinde

216 5201 367 5239 vero
392 5184 683 5240 Isaacium
725 5202 958 5256 quoque
1006 5186 1190 5242 oculis
1248 5184 1461 5257 privari
1520 5186 1785 5240 mandat.
1822 5185 1883 5240 In

215 5272 389 5329 solos
423 5273 530 5328 hos
573 5274 723 5327 duos
769 5275 948 5329 atroci
1002 5274 1110 5329 hac
1167 5276 1433 5329 saevitum
1497 5291 1688 5345 poena,
1738 5292 1882 5344 quo-

215 5363 386 5417 niam
416 5362 856 5417 Cantacuzenus
899 5380 1165 5419 seorsum
1220 5366 1291 5418 ab
1324 5363 1418 5417 his
1477 5367 1796 5417 conventus
1828 5369 1884 5419 et

215 5450 409 5506 minis
468 5452 709 5506 territus
759 5469 972 5507 manus
1020 5452 1227 5523 dedit,
1276 5452 1429 5507 idem
1496 5452 1646 5506 haud
1706 5453 1882 5507 dubie

215 5540 385 5612 quod
418 5540 535 5595 duo
566 5540 651 5595 illi
684 5559 989 5612 passurus,
1025 5542 1134 5596 nisi
1169 5542 1415 5597 salutem
1446 5545 1503 5595 et
1559 5542 1707 5596 lucis
1740 5560 1882 5597 usu—

216 5647 359 5688 ram
391 5630 727 5687 obedientia
786 5632 1153 5687 redemisset.
1214 5631 1302 5687 llli
1360 5647 1495 5703 ergo
1555 5631 1727 5686 ambo
1769 5632 1877 5686 soli

2000 3225 2235 3295 quando
2268 3241 2335 3279 ex
2368 3241 2547 3280 sensu
2580 3226 2929 3295 loquebatur
2959 3227 3216 3299 preprio,
3247 3229 3484 3299 quando
3511 3245 3656 3299 sup-

2003 3312 2175 3384 plicia
2203 3317 2259 3367 et
2285 3313 2518 3369 vincula
2548 3331 2651 3387 pro
2682 3314 2782 3369 illa
2840 3315 2951 3370 fide
2996 3315 3301 3372 tolerabat:
3360 3316 3513 3373 nolle
3544 3333 3653 3371 au-

2001 3408 2113 3458 tem
2144 3403 2377 3457 credere
2400 3420 2525 3474 quae
2551 3405 2675 3474 jam
2698 3405 2929 3460 doceret
2963 3410 3274 3477 corruptus
3305 3406 3648 3472 ambitione,

2001 3491 2251 3562 pretium
2287 3498 2521 3547 mutata:
2547 3493 2849 3549 sententim
2906 3494 3364 3564 patriarchatum
3417 3498 3646 3550 nactus.

2000 3581 2119 3635 Sub
2143 3580 2264 3634 haec
2294 3598 2412 3636 una
2455 3581 2578 3637 dies
2609 3582 2756 3637 vidit
2811 3581 3137 3638 luminibus
3196 3585 3432 3639 orbatos
3491 3584 3639 3641 485

2001 3686 2146 3740 ques
2180 3687 2333 3725 unus
2362 3675 2562 3725 venter
2593 3677 2909 3742 pepererat;
2962 3674 3317 3744 eosdemque
3364 3690 3513 3745 quos
3546 3689 3646 3728 ne-
3688 3704 3689 3713 ι

2000 3758 2296 3814 cessitudo
2327 3760 2735 3828 germanitatis
2774 3766 2831 3815 et
2888 3762 3145 3832 patiendi
3203 3779 3381 3818 causa
3433 3764 3646 3833 junge-

1999 3848 2162 3913 bant,
2190 3847 2359 3919 longe
2398 3847 2643 3902 invicem
2695 3850 3001 3914 abductos,
3052 3850 3321 3905 Manuele
3376 3852 3650 3907 videlicet

2002 3936 2258 4007 relegato
2308 3936 2633 3992 Cenchreas
2691 3938 2761 3991 ad
2821 3938 3271 4006 Scamandrum,
3335 3940 3534 4010 ibique
3586 3940 3647 3994 in

2002 4022 2134 4079 tetri
2166 4023 2476 4092 cujusdam
2505 4029 2561 4078 et
2590 4024 2849 4079 humano
2879 4024 3143 4079 destituti
3201 4024 3362 4080 cultu
3424 4024 3649 4080 castelli
3740 4048 3743 4049 ν

2003 4113 2331 4167 custodiam
2367 4112 2615 4180 incluso,
2676 4113 2855 4168 altero
2915 4114 3028 4168 alio
3085 4113 3315 4184 uspiam
3377 4114 3649 4170 abducto.

2003 4201 2171 4256 Aliud
2209 4205 2338 4270 post
2369 4201 2496 4267 hoc,
2519 4206 2575 4256 et
2606 4202 2799 4272 ipsum
2834 4203 3108 4258 acerbum
3139 4203 3289 4268 visu,
3349 4207 3655 4274 spectacu-

2002 4290 2122 4345 lum
2147 4290 2352 4344 datum
2375 4295 2481 4345 est.
2513 4291 2797 4345 Joannem
2830 4291 3132 4346 Michaelis
3150 4292 3408 4364 despotae
3437 4292 3653 4362 ﬁlium,

2004 4396 2174 4450 quem
2208 4396 2317 4435 sua
2343 4381 2641 4450 quondam
2693 4386 2879 4435 mater
2914 4381 2984 4435 ab
3010 4380 3281 4436 Occiduis
3312 4381 3651 4438 Constanti-

2008 4468 2264 4540 nopolim
2299 4470 2559 4540 profecta
2590 4469 2855 4541 partibus
2878 4471 3147 4525 obsidem
3178 4471 3275 4525 icti
3304 4476 3445 4526 tunc
3474 4472 3650 4526 fcede-

2007 4560 2085 4613 ris
2118 4559 2452 4629 imperatori
2485 4559 2784 4614 adducens
2816 4560 3080 4625 dederat,
3127 4576 3420 4631 quemque
3453 4565 3653 4631 postea

2003 4646 2098 4701 illo
2117 4647 2366 4701 annicii
2393 4648 2873 4702 sebastocratoris
2904 4664 3186 4718 generum
3213 4648 3448 4715 fecerat,
3469 4666 3652 4719 quan-

2001 4753 2176 4807 quam
2212 4736 2337 4807 ipse
2369 4737 2677 4807 conjugem
2714 4740 3015 4791 aversatus
3046 4753 3313 4791 seorsum
3337 4737 3407 4791 ab
3436 4737 3537 4791 illa
3556 4754 3648 4793 res

1999 4825 2109 4879 sibi
2136 4824 2388 4879 habebat
2413 4840 2572 4888 suas,
2608 4824 2834 4879 curavit
2864 4826 3181 4895 imperator
3212 4825 3467 4880 vinctum
3495 4828 3564 4880 ad
3586 4843 3649 4881 se

1999 4914 2189 4968 Nicrea
2233 4912 2387 4967 duci.
2436 4912 2517 4967 lbi
2554 4912 2707 4967 enim
2762 4913 2859 4969 ille
2895 4915 3196 4986 copiarum
3257 4914 3393 4985 dux,
3446 4915 3649 4969 multis

1999 5003 2212 5075 praeliis
2267 5002 2544 5057 secundis
2614 5003 2940 5074 erectisque
2996 5005 3067 5059 ob
3127 5004 3381 5059 devictos
3438 5003 3645 5060 Persas

1995 5093 2226 5162 tropaeis
2258 5090 2530 5161 plurimis
2561 5092 2675 5147 late
2709 5093 2893 5148 factus
2916 5092 3192 5164 inclytus,
3245 5092 3642 5163 suspicionem

1997 5180 2569 5251 incurreratimperii
2605 5181 2877 5247 affectati,
2911 5198 3025 5236 non
3057 5182 3189 5237 aliis
3221 5182 3277 5235 id
3330 5197 3646 5253 argumen—

1995 5271 2070 5325 tis
2094 5271 2476 5325 suadentibus
2504 5288 2678 5341 quam
2710 5272 2839 5342 ejus
2870 5272 2927 5326 in
2963 5271 3114 5327 bello
3145 5272 3421 5326 felicitate
3451 5275 3507 5324 et
3528 5270 3642 5324 cla-

1993 5363 2156 5416 ritate
2192 5362 2345 5432 apud
2383 5362 2666 5433 populum
2712 5363 3018 5418 invidiosis
3048 5362 3248 5417 efferre
3280 5362 3474 5432 ipsum
3511 5359 3637 5413 lau-

1994 5451 2167 5505 dibus
2198 5450 2460 5506 solitum.
2497 5451 2849 5507 Incendebat
2878 5451 3051 5506 istam
3075 5448 3413 5521 imperatori
3440 5446 3632 5516 suspi-

1989 5540 2399 5610 cionem,quod
2426 5539 2891 5595 audieratTheod
2902 5556 3067 5594 orum
3081 5538 3261 5608 Cotyn
3276 5535 3629 5590 monachum

1988 5629 2226 5685 crebros
2245 5634 2303 5685 et
2322 5629 2526 5700 longos
2542 5628 2784 5684 semotis
2816 5627 3050 5683 arbitris
3083 5624 3340 5681 interdiu
3360 5629 3417 5679 et
3437 5624 3507 5678 de
3526 5638 3629 5678 no-
