4002 6198
325 189 437 244 949
1298 196 1303 199 ’
1398 197 1487 247 DE
1525 190 1892 247 MICHAELE
1932 190 2378 251 PALIEOLOGO
2414 199 2547 252 LIB.
2593 201 2688 253 VI.
3649 213 3764 267 950

320 310 370 368 δ’
406 317 442 384 ἢ
573 310 948 411 μεσημϐρίας.
970 314 1170 411 έσξίετο
1216 316 1334 387 μεθ’
1364 315 1704 411 ﬂuent-‘5‘
1735 310 1980 411 ηερδίκῖ
2013 316 2063 383 Α
2097 313 2197 411 ἄρα
2255 319 2288 385 ἡ
2348 319 2664 392 ὁμωνυμία⁶
2690 323 2750 377 τὸ
2808 324 3107 398 μάντευμα*
3164 328 3365 392 ἐκεῖνος
3427 333 3520 404 μὲν
3554 337 3657 411 γὰρ
3691 331 3757 389 τὸ

322 425 446 474 κας,
478 403 560 457 ὅτι
598 404 766 475 μόνον
797 403 857 457 οὐ
898 404 959 457 τὸ
985 405 1084 472 τὴν
1137 411 1240 477 γῆν
1297 404 1550 475 σείεσθαι,
1613 401 1758 458 ἀλλὰ
1786 402 1850 455 τὸ
1912 402 1985 473 μὴ

315 493 679 547 καταπίπτειν
755 492 983 554 ἐκείνοις
1057 495 1117 547 τὸ
1193 490 1321 569 ὅρος
1379 496 1603 547 τοιαῦτα
1660 492 1985 566 πράττουσιν

318 580 481 657 ἔλεγε
532 584 847 651 τεθηπὲναι,
906 589 1107 652 ποινὴν
1161 583 1367 657 ὐπέσχα
1431 584 1530 651 τὴν
1589 580 1827 654 ἐκτομὴν
1885 587 1984 649 τῆς

320 671 496 747 ῥινός.
540 672 643 727 Καὶ
695 670 868 735 ἄλλος
898 674 981 726 ὅτι
1039 671 1203 745 μόνον
1260 672 1462 727 οἰκεῖον
1493 671 1683 743 ἐκείνῳ
1711 668 1880 725 παῖδα
1928 669 1987 725 ἐκ

317 760 565 823 παλαιᾶς
627 762 907 833 συνηθείας
970 758 1099 816 ἰδὼν
1159 763 1225 816 τὰ
1259 759 1452 839 φιλικὰ
1508 760 1983 836 προσεπτύσσετο,

320 851 570 926 σχισμάς
622 856 727 905 τῶν
764 850 1029 925 ῥωθώνων
1091 856 1198 907 τῶν
1257 849 1527 906 παιδικῶν
1558 848 1834 905 ἀπώνατο.
1887 852 1983 920 Τῷ

320 938 383 994 δὲ
412 946 509 994 τοῦ
543 940 851 1015 Παχωμίου
910 939 1169 1015 Γεωργίῳ
1198 943 1588 1015 γραμματιστῇ
1619 961 1679 1014 γε
1725 932 1838 992 ὄντι
1889 937 1979 991 καὶ

318 1027 638 1103 ἐλλογίμῳ,
670 1027 857 1098 ἐπειδή
889 1034 967 1101 τῷ
1001 1028 1491 1105 Στρατηγοποῦλῳ
1522 1027 1758 1103 Μιχαὴλ
1807 1028 1979 1080 συνὼν

316 1121 460 1172 κατὰ
509 1119 608 1186 τὴν
662 1119 866 1172 ιιὸντου
920 1118 1242 1190 Ἡράκλειαν
1290 1117 1492 1191 ὡμίλει
1536 1115 1625 1171 διὰ
1653 1117 1750 1185 τὴν
1780 1119 1982 1189 ἡμερι-

320 1208 429 1275 νὴν
484 1206 618 1279 πρὸς
665 1205 824 1260 τᾶηλ⁹
882 1206 1149 1281 ἀσχολίαν
1212 1208 1405 1268 νυκτὸς
1462 1208 1528 1261 τὰ
1585 1204 1840 1273 πλεῖστα,
1888 1205 1979 1258 καὶ

322 1294 835 1371 προσηγγέλλοντο,
899 1296 1102 1352 ἐκεῖνον
1139 1299 1231 1371 μὲν
1286 1305 1385 1367 τῆς
1433 1297 1761 1371 στρατηγίας
1805 1314 1973 1365 παρα-

321 1386 497 1447 λύσας
554 1386 764 1461 ἀγαγὼν
825 1385 1029 1460 ἔκρινεν
1089 1387 1162 1449 ὡς
1224 1382 1606 1462 βασιλειῶντα,
1663 1388 1742 1457 τῷ
1778 1382 1833 1439 δὲ
1878 1385 1976 1452 τὴν

314 1479 421 1529 τοῦ
474 1474 650 1550 λέγειν
678 1476 799 1550 περῖ
832 1475 1039 1530 τούτων
1069 1475 1129 1529 ἐκ
1162 1472 1370 1551 βίϐλων
1404 1473 1565 1545 δῆθεν
1617 1471 1798 1529 εἲδότα
1832 1475 1980 1547 βασι·

318 1563 489 1619 λειῖυν
534 1562 711 1633 δεινὴν
766 1565 999 1639 ὑποψίαν
1054 1566 1278 1634 ἀνῆπτε.
1338 1562 1582 1632 Κάπειδὴ
1639 1564 1977 1639 προθέμενος

314 1652 625 1728 ἐκτυφλοῦν
678 1653 878 1708 ἐκεῖνον
926 1660 1046 1718 ταῖς
1091 1658 1191 1723 τῆς
1242 1652 1531 1724 δεσποίνης
1565 1651 1977 1724 Succenturva
2010 1676 2056 1754 Β

312 1743 425 1815 γὰρ
476 1743 768 1817 αὐτανεψία
815 1742 1046 1817 ἐκείνου)
1095 1744 1184 1798 καὶ
1234 1744 1380 1817 παρά
1425 1745 1654 1819 γνώμην
1707 1740 1977 1816 ἀνεχαιτί-

315 1838 444 1900 ζετο
502 1831 691 1903 ἐκείνῳ
755 1833 848 1904 μὲν
906 1833 996 1886 καὶ
1056 1831 1133 1886 ἔτι
1180 1834 1280 1901 τὴν
1335 1833 1530 1900 ποινὴν
1581 1831 1809 1906 ἀνήρτα,
1861 1836 1973 1883 Πα-

315 1922 531 1996 χωμίῳ
564 1920 620 1977 δὲ
646 1923 709 1977 τὸ
738 1929 839 1977 πᾶν
872 1926 970 1988 τῆς
1001 1923 1167 1997 ὀργῆς
1199 1930 1501 1997 προσῆπτε.
1554 1922 1629 1979 Τὸ
1668 1923 1771 1996 γὰρ
1804 1918 1975 1993 ὄνομα

312 2013 546 2079 φρυκτὸν
579 2013 635 2066 ’ὀν
670 2012 882 2067 ἀκούειν
916 2016 998 2086 [Ρ,
1024 2014 1149 2085 333]
1180 2012 1269 2066 καὶ
1322 2012 1486 2083 μόνον
1535 2008 1595 2065 ἔκ
1639 2014 1797 2065 τινῶν
1853 2031 1976 2087 φοι-

311 2096 613 2173 ὄασμάτων
643 2099 888 2156 ἐκποδὼν
940 2107 1115 2155 ποιεῖν
1168 2101 1259 2155 τὸν
1311 2100 1508 2176 ἔχοντα
1558 2099 1973 2173 παρεσκεύαζεν,

1933 2184 1956 2203 ἡ

313 2184 396 2252 ὥς
424 2190 476 2245 τί
526 2193 578 2245 οἱ
618 2192 777 2246 κακὸν
828 2191 963 2245 κατά
1009 2196 1205 2265 μοῖραν
1262 2190 1545 2267 περιέχον.
1598 2190 1872 2265 Ἐξέκρουε
1929 2184 1973 2240 δ’

328 2419 538 2472 autem
568 2414 722 2470 inter
751 2414 867 2469 hac
899 2415 1244 2486 contigisset
1273 2431 1306 2469 a
1336 2414 1664 2470 meridiana
1695 2416 1853 2483 parte
1878 2424 1980 2481 per

320 2506 487 2559 diem
522 2503 765 2558 moverit
795 2505 1347 2570 terram,Perdiccas
1380 2503 1596 2559 dixisse
1617 2502 1847 2557 delatus
1862 2512 1977 2553 non

322 2611 392 2649 se
426 2592 624 2647 mirari
659 2597 873 2647 terram
908 2593 1162 2662 concdti,
1197 2595 1295 2649 sed
1340 2609 1455 2648 non
1504 2607 1672 2647 ruere
1716 2590 1977 2644 vicinum

320 2684 586 2737 montem
637 2696 817 2752 supra
867 2681 1008 2736 talia
1071 2687 1331 2753 agentes,
1384 2696 1614 2752 pcnnam
1657 2679 1793 2734 dicti
1842 2678 1976 2734 tulit

324 2772 760 2826 truncationem
795 2770 944 2825 nasi.
1000 2772 1072 2824 At
1102 2770 1253 2824 alius
1284 2772 1379 2840 qui
1414 2769 1803 2841 prepinquum
1860 2767 1974 2821 hu-

313 2861 427 2929 jus
459 2857 1092 2927 adolescentem,veteri
1127 2858 1525 2913 familiaritate
1556 2857 1974 2921 cbarum,tunc

322 2950 478 3003 forte
526 2948 759 3003 obvium
814 2952 1080 3002 amanter
1130 2947 1436 3018 amplexus
1482 2948 1692 3011 fuerat,
1749 2945 1980 2999 narium

2103 404 2378 499 μόρσιμον
2437 408 2645 499 Sps-3va
2717 410 3007 489 ἐξετύφλου
3064 418 3158 470 τὸν
3215 415 3403 492 ἄνδρα,
3461 422 3521 474 τὸ
3567 404 3638 477 ⁷δέ
3690 444 3753 499 γε

2095 494 2230 585 κατά
2282 494 2617 585 Μακεδονίαν
2673 504 2770 554 τοῦ
2825 504 3128 578 Παχωμίου
3184 506 3393 582 χωρίον
3455 508 3579 564 ὅσον

2098 580 2300 637 ἐκεῖνον
2335 584 2595 657 ἀναμενον
2645 590 2741 651 τὰς
2787 588 2875 644 ἐπὶ
2918 598 2997 664 τῷ
3037 594 3247 668 θανάτῳ
3278 580 3611 673 Ὕεύπρὲπιζεν
3673 580 3755 654 oi;

2102 670 2309 764 pande.
2372 674 2628 764 Κάκεῖνος
2691 680 2786 751 μὲν
2836 680 3041 757 τυφλὸς
3072 682 3260 749 ἀλᾶτο,
3313 670 3482 740 πάτον
3528 687 3750 764 ἀνθρώ-

2094 780 2212 813 πων
2241 762 2341 816 οὖκ
2370 762 2653 833 ἀλεείνων,
2712 766 2857 823 ἀλλὰ
2887 768 3115 845 πληρῶν
3152 774 3497 847 θαυμασμοῦ,
3554 776 3601 830 εἶ’
3633 762 3749 850 .μὲ-

2096 869 2193 925 χρι
2262 854 2353 942 καὶ
2384 852 2464 942 ,ἐς
2517 854 2802 918 τοιούτους
2860 857 3055 927 ἄνδρας
3104 864 3291 938 χώραν
3338 863 3503 941 ἔσχον
3539 867 3591 920 αἱ
3623 868 3749 942 περί

2096 942 2191 1030 τῇς
2253 940 2532 1030 βασιλείας
2589 945 2839 1018 ὑποψίαν
2892 948 2920 1001 ὁ
2971 946 3047 1020 δὲ,
3097 952 3193 1013 τὰς
3242 940 3447 1030 τυφλὰς
3496 940 3744 1029 ἐλπίδας,

2092 1024 2230 1099 ᾤετο
2266 1030 2361 1100 μὲν
2413 1027 2779 1106 δραπετεύειν,
2815 1036 2876 1088 οὐ
2929 1039 3035 1107 μὴν
3088 1036 3144 1092 δὲ
3174 1060 3262 1093 και
3308 1024 3446 1096 κατᾶ
3492 1043 3554 1097 τὸ
3604 1024 3746 1116 ἀληέ

2093 1117 2180 1212 et;
2212 1115 2582 1212 ἐδραπὲτευεν.
2631 1123 2906 1178 Ἐντεῦθεν
2955 1128 3093 1200 ὀργή
3139 1129 3273 1182 κατά
3326 1137 3582 1207 μοναχῶν
3638 1135 3743 1212 οὐχ

2094 1202 2176 1261 ὅτι
2234 1215 2334 1278 τῆς
2379 1208 2710 1280 Ἐκκλησίας
2758 1212 3172 1287 ἀποστατοῦσιν,
3223 1216 3351 1271 ἀλλ’
3401 1202 3507 1274 ὅτι-
3532 1202 3742 1298 ἡμέρας

2091 1296 2414 1369 ἀριθμοῦσιν
2483 1298 2651 1352 αὐτοῦ
2724 1301 2814 1354 καὶ
2892 1304 3127 1377 χρόνους
3180 1306 3607 1381 περιορίζουσιν,
3648 1296 3742 1373 ἠὼς

2092 1386 2425 1441 ἀνασείοντες
2483 1391 2591 1441 τῶν
2664 1394 2843 1443 κακῶν
2903 1390 3163 1449 ἐντεῦθεν.
3240 1395 3336 1448 Καὶ
3415 1394 3583 1451 δειναὶ
3648 1400 3741 1470 μὲν

2088 1477 2223 1542 ἦσαν
2283 1476 2337 1528 αἱ
2392 1478 2507 1529 κατ’
2557 1476 2775 1532 ἐκείνων
2826 1479 3051 1535 ἀπειλαὶ
3107 1481 3157 1552 ἐξ
3190 1482 3363 1557 ὀργῆς
3405 1486 3739 1558 ἀνημμέναι,

2089 1562 2241 1635 ὅμως
2273 1561 2320 1618 δ’
2370 1565 2679 1639 ἀνηρτὼντο
2728 1569 2960 1642 προνοίᾳ
3004 1575 3100 1624 τοῦ
3134 1573 3208 1643 μὴ
3255 1570 3436 1627 δοκεῖν
3488 1574 3739 1644 κολάζειν

2087 1652 2329 1726 ἀλόγως,
2360 1652 2407 1707 εἶ
2434 1654 2523 1707 καὶ
2567 1654 2759 1729 μικρὸν
2812 1656 2937 1711 ὅσον
2980 1659 3071 1713 καὶ
3103 1662 3452 1716 Γαλακτίωνα
3504 1666 3597 1735 μὲν
3629 1670 3737 1719 τῶν

2087 1736 2348 1813 ὅμμάτων
2384 1748 2578 1816 στερεῖ,
2627 1743 2892 1800 Μελὲτιον
2940 1745 2997 1801 δὲ
3040 1748 3343 1824 ἀφαιρεῖται
3402 1758 3500 1820 τῆς
3550 1750 3737 1826 γλώσε-

2083 1850 2202 1899 σης.
2254 1830 2321 1887 Αἱ
2362 1829 2406 1884 δ’
2437 1828 2639 1907 ἐξορίαι
2668 1833 2757 1887 καὶ
2809 1836 3021 1907 μᾶλλον
3058 1841 3174 1899 τοῖς
3220 1836 3470 1911 ἀνδρᾶσιν
3517 1840 3738 1915 ἐμετρι-

2083 1918 2299 1987 ἀζοντο,
2333 1919 2641 1976 ίκκλίνουσι
2686 1923 2781 1985 τὰς
2814 1923 3023 1988 ποινάς.
3078 1927 3321 2001 Λάζαρον
3372 1928 3466 2000 μὶν
3496 1927 3587 1982 οὖν
3646 1929 3737 1984 τὸν

2086 2009 2427 2084 Γοριανίτην,
2479 2008 2643 2086 ἄνδρα
2710 2009 3029 2085 σεϐάσμιον,
3085 2013 3410 2077 ἀποστείλας
3460 2018 3590 2079 τοὺς
3648 2018 3739 2073 ἑκ-

2082 2098 2471 2175 τυφλώσοντας
2512 2106 2629 2163 ταῖς
2674 2108 2890 2165 ποιναῖς
2948 2104 3140 2177 ὑπῆγε.
3199 2105 3345 2179 Πρὸς
3379 2104 3435 2159 δὶ
3482 2108 3571 2161 καὶ
3619 2113 3740 2163 Μα-

2083 2186 2315 2263 κάριον,
2372 2190 2463 2243 τὸν
2528 2189 2617 2244 καὶ
2677 2191 3005 2268 Περιστὲρην
3082 2195 3579 2267 παρονομασθέντα
3643 2200 3740 2251 τοῦ

2091 2426 2228 2465 cum
2261 2426 2367 2466 sua
2398 2413 2586 2484 ipsius
2619 2414 2874 2485 pernicie
2927 2416 3119 2473 fatalis
3166 2426 3316 2473 nexu
3367 2418 3735 2475 necessitatis

2086 2499 2505 2570 implicaretur.
2540 2503 2601 2556 Id
2636 2502 2755 2571 ille,
2806 2506 2962 2575 quod
3010 2505 3269 2576 optimus
3318 2507 3733 2563 vaticiniorum

2090 2586 2380 2658 interpres
2407 2592 2783 2659 postmodum
2817 2598 3059 2650 eventus
3085 2595 3383 2666 explicuit,
3439 2606 3550 2651 non
3584 2596 3737 2652 clare

2088 2674 2423 2748 intelligens
2455 2695 2570 2749 quo
2614 2686 2952 2750 pertineret,
2984 2687 3040 2737 et
3079 2700 3195 2754 quo
3235 2689 3499 2756 vergeret
3547 2684 3736 2755 impo-

2088 2768 2280 2820 tenter
2304 2767 2741 2836 exhorrescens,
2765 2770 2821 2825 in
2857 2786 2984 2826 eam
3038 2773 3481 2844 persuasionem
3540 2773 3740 2844 rapuit

2085 2860 2150 2908 ut
2176 2855 2285 2909 sibi
2320 2868 2733 2913 successurum
2767 2858 2825 2914 in
2857 2860 3103 2931 imperio
3148 2861 3305 2916 hunc
3352 2862 3738 2917 Pacbomium

2092 2942 2361 3013 portendi
2392 2946 2671 3001 crederet.
2708 2948 2766 3001 Id
2798 2965 2931 3002 vero
2990 2948 3214 3004 ratione
3272 2950 3433 3004 omni
3491 2966 3737 3022 praaver-

319 3036 751 3091 abscissionem
784 3036 939 3089 eain
971 3052 1222 3107 puerum
1274 3034 1491 3089 amoris
1550 3034 1977 3104 significatione
2009 3013 2051 3078 (ἶ
2090 3032 2331 3086 tandum
2363 3038 2547 3101 ratus,
2599 3035 2782 3089 istum
2832 3036 3122 3092 infelicem
3186 3039 3425 3093 reddere
3486 3013 3733 3110 imperio

308 3125 583 3180 lucratus
617 3129 726 3179 est.
764 3125 1085 3178 Dicendum
1118 3129 1176 3178 et
1215 3125 1367 3194 quod
1399 3123 1643 3192 Georgio
1678 3122 1975 3177 Pacbomii

312 3214 592 3285 contigit,
636 3212 942 3267 Iitteratori
992 3214 1049 3267 in
1096 3213 1299 3284 paucis
1358 3213 1488 3283 ejus
1543 3212 1775 3283 generis
1833 3227 1978 3282 pras-

314 3305 505 3359 stanti
556 3309 881 3373 ceteraque
932 3304 1199 3357 honesto.
1263 3303 1313 3356 Is
1364 3317 1551 3372 nuper
1598 3302 1755 3372 apud
1808 3301 1979 3355 Hera-

316 3393 507 3447 cleam
544 3392 710 3446 Ponti
744 3408 859 3446 sua:
892 3392 1276 3463 professionis
1307 3408 1541 3462 operam
1580 3407 1799 3445 navans
1833 3402 1977 3461 prae-

322 3483 478 3536 fecto
510 3480 629 3534 illic
663 3480 1073 3551 Strategopulo
1101 3479 1539 3548 Michaeli,cnm
1572 3479 1752 3550 hujus
1786 3478 1976 3550 publi-

318 3570 413 3624 cis
444 3569 928 3640 occupationibus
952 3568 1360 3640 prohiberetur
1389 3583 1605 3623 munus
1626 3570 1783 3624 istud
1802 3586 1976 3625 suum

318 3659 401 3711 de
429 3658 523 3712 die
555 3658 736 3723 obire,
785 3657 1130 3729 plerumque
1180 3664 1355 3712 noctu
1408 3656 1641 3712 scholas
1689 3674 1829 3712 suas
1879 3658 1977 3713 ha-

318 3748 681 3801 buerat.iloc
711 3747 978 3801 auditum
1012 3747 1332 3818 imperator
1368 3746 1787 3816 interpretatus
1828 3751 1977 3802 atro-

316 3840 492 3900 citer,
527 3840 764 3906 repente
790 3835 1132 3891 Michaelem
1167 3836 1400 3907 quidem
1454 3837 1728 3901 abrogato
1789 3836 1972 3906 magi-

314 3931 515 3979 stratu
549 3926 849 3979 redactum
897 3924 954 3977 in
1006 3926 1271 3979 ordinem
1338 3924 1490 3979 488
1541 3924 1681 3978 citat
1729 3924 1798 3977 ad
1847 3940 1975 3979 sese

314 4016 623 4069 dicturum
648 4029 882 4068 causam
918 4014 1169 4068 affectati
1206 4014 1389 4085 regni.
1424 4014 1539 4067 Nec
1589 4016 1816 4066 morata
1865 4011 1972 4066 mi-

319 4104 442 4159 seri
472 4103 771 4158 damnatio
802 4106 913 4166 est,
947 4119 1118 4173 poena
1168 4102 1568 4158 excaecationis
1608 4107 1666 4155 et
1706 4102 1817 4172 ipsi
1868 4102 1971 4155 de-

312 4198 501 4257 creta,
534 4192 932 4263 continuoque
964 4192 1286 4257 inferenda,
1339 4191 1452 4245 nisi
1515 4189 1786 4262 precibUs
1842 4190 1971 4243 inii-

315 4281 441 4335 mis
472 4282 960 4351 contentioneque
996 4280 1205 4335 annisa
1236 4295 1491 4344 summa,
1523 4296 1650 4350 quae
1702 4295 1796 4333 reo
1850 4284 1974 4333 erat

2088 3120 2352 3190 ineptum
2420 3121 2663 3176 immani
2723 3123 3025 3179 oculorum
3098 3125 3407 3182 eﬂ‘ossione
3463 3132 3732 3198 occupat.

2086 3208 2200 3262 Nec
2248 3208 2354 3275 sic,
2392 3208 2685 3265 infelicior
2726 3212 2851 3282 ipse
2900 3213 3067 3268 caecis
3123 3215 3340 3286 spebus
3388 3216 3447 3270 in
3497 3215 3735 3271 crudele

2085 3299 2308 3352 tractus
2340 3297 2588 3365 facinus,
2622 3300 2940 3356 instantem
3000 3302 3224 3369 vitavit,
3273 3302 3323 3357 si
3368 3318 3484 3357 non
3534 3304 3731 3374 potius

2086 3386 2407 3456 arcessivit,
2441 3388 2856 3457 calamitatem,
2885 3406 3012 3461 quae
3052 3391 3248 3462 ipsum
3282 3394 3433 3463 apud
3467 3394 3736 3447 Macedo-

2087 3476 2242 3530 niam
2277 3477 2333 3529 in
2366 3492 2505 3546 agro
2538 3479 2691 3534 dicto
2726 3480 3045 3549 Pacbomii,
3076 3481 3134 3535 in
3161 3482 3339 3551 hujus
3390 3487 3447 3537 et
3481 3482 3733 3537 aliorum

2089 3565 2367 3620 ultionem
2402 3566 2714 3635 scelerum,
2740 3568 2897 3623 haud
2926 3568 3100 3641 longo
3137 3576 3266 3641 post
3315 3576 3578 3642 tempore
3612 3586 3734 3627 ma-

2085 3654 2277 3708 nebat.
2314 3656 2552 3709 Interim
2589 3656 2957 3713 miserrimus
2992 3660 3340 3714 Pachomius
3373 3661 3733 3717 instrumen-

2083 3743 2161 3797 tis
2191 3744 2485 3797 litteraria
2544 3761 2667 3799 sure
2694 3746 3077 3816 professionis
3106 3748 3435 3803 luminibus
3465 3750 3730 3819 orbatus,

2085 3831 2226 3886 adeo
2260 3848 2371 3886 non
2397 3833 2521 3901 jam
2542 3834 2843 3902 providere
2858 3836 3115 3906 amplius
3146 3852 3492 3890 arcanorum
3515 3837 3732 3893 indicio

2085 3920 2368 3975 librorum
2404 3922 2599 3977 i‘utura
2632 3927 2876 3994 poterat,
2913 3928 2977 3978 ut
3020 3940 3091 3978 ne
3139 3924 3448 3994 praesentia
3492 3924 3731 3995 quidem

2084 4015 2345 4064 cerneret
2375 4015 2433 4065 et
2462 4011 2643 4067 vitare
2676 4012 3035 4067 ambulando
3066 4012 3370 4067 incursum
3427 4013 3732 4069 obviorum

2084 4098 2197 4153 nisi
2231 4098 2423 4153 alieno
2464 4101 2731 4170 nequiret
2760 4100 3086 4165 admonitu,
3139 4101 3593 4170 admirantibus,
3630 4103 3731 4173 qui

2083 4189 2202 4243 haec
2232 4189 2508 4244 videbant
2538 4191 2767 4245 cunctis
2825 4191 3001 4246 etiam
3047 4206 3234 4262 usque
3281 4191 3352 4246 ad
3401 4189 3729 4264 ludimagi-

2082 4284 2255 4348 stros,
2290 4278 2664 4333 alienissimae
2705 4278 2975 4334 homines
3002 4296 3035 4334 a
3065 4294 3242 4351 regno
3301 4279 3499 4347 sortis,
3552 4280 3731 4335 ambi-

316 4371 542 4440 neptis,
574 4373 838 4441 Augusta
868 4385 1018 4440 aagre
1049 4370 1286 4424 tandem
1313 4369 1585 4441 supplicii
1625 4367 1965 4423 dilationem
1998 4391 2047 4452 Β
2081 4368 2260 4423 tionis
2304 4368 2580 4422 atrociter
2635 4367 2970 4423 aemulantis
3003 4374 3259 4423 armatas
3292 4368 3486 4423 furore
3524 4369 3721 4440 suspi-

310 4462 715 4530 impetrasset.
768 4460 828 4513 In
876 4457 1254 4514 Pachomium
1287 4458 1374 4513 ira
1403 4460 1588 4513 eil‘usa
1618 4457 1811 4511 omnis
1840 4456 1966 4511 sine

310 4548 487 4603 obice
520 4547 798 4619 pervenit.
835 4549 912 4603 Ex
959 4548 1140 4617 hujus
1168 4548 1322 4601 fama
1352 4547 1629 4601 doctrinm
1678 4561 1812 4601 cum
1864 4560 1965 4598 no-

310 4636 548 4692 cturnis
580 4637 809 4705 istis,de
842 4635 1058 4708 quibus
1084 4641 1207 4690 erat
1237 4635 1594 4703 nuntiatum,
1629 4637 1967 4704 comparata

312 4727 743 4796 congressibus
802 4726 861 4780 in
913 4741 1041 4781 eam
1098 4723 1634 4795 suspiciosissimus
1696 4723 1963 4793 princeps

310 4813 663 4886 opinionem
696 4815 1063 4881 incubuerat,
1123 4828 1251 4868 esse
1278 4812 1447 4866 illum
1488 4827 1672 4866 unum
1707 4810 1960 4881 aliquem

307 4922 389 4960 ex
438 4903 571 4959 istis
619 4904 949 4975 aucupibus
1009 4902 1427 4974 prmnotionum
1478 4901 1549 4955 de
1592 4900 1808 4963 futuro,
1861 4896 1965 4969 qui

312 4994 509 5050 libros
566 4994 815 5049 scrutari
878 4993 1207 5048 reconditos
1241 4991 1398 5045 soliti
1430 4990 1547 5044 fata
1576 4988 1960 5059 imperiorum

306 5089 374 5140 et
397 5082 837 5138 successionum
866 5082 923 5136 in
957 5082 1079 5137 haec
1106 5081 1337 5148 seriem,
1390 5078 1711 5133 audacibus
1760 5076 1960 5148 explo-

308 5178 447 5228 rata
507 5172 890 5241 conjecturis,
933 5175 1267 5241 qutestuose
1340 5166 1588 5223 curiosis
1636 5166 1959 5224 venditant.

306 5263 571 5318 Suberat
598 5266 655 5315 et
685 5259 834 5315 alius
868 5260 1016 5314 haud
1046 5260 1124 5314 ita
1155 5258 1358 5312 multis
1387 5261 1560 5311 notus
1587 5255 1705 5309 odii
1752 5255 1956 5323 fomes,

306 5355 523 5407 horror
548 5366 617 5404 ex
678 5350 872 5404 omine
928 5348 1213 5403 vocabuli.
1247 5348 1472 5417 Quippe
1528 5345 1868 5416 imperator,
1903 5350 1960 5401 et

307 5446 446 5514 ipse
486 5443 694 5497 avidus
753 5446 1019 5510 captator
1068 5440 1504 5511 praesagiorum,
1569 5438 1764 5493 nescio
1814 5438 1954 5510 quid

303 5533 865 5588 submurmuratum
904 5529 1257 5595 inaudierat,
1282 5545 1396 5599 quo
1423 5528 1716 5583 Pachumii
1744 5545 1955 5583 nomen

2077 4459 2273 4513 ciones
2324 4473 2435 4511 non
2490 4458 2835 4529 dedignatas
2884 4474 3015 4513 esse
3062 4459 3435 4513 descendere.
3512 4458 3729 4513 Eadem

2076 4546 2185 4600 hac
2217 4546 2479 4600 afﬂatum
2514 4552 2640 4601 atra
2666 4547 2827 4601 rabie
2858 4545 3232 4617 imperatoris
3264 4563 3397 4602 mox
3429 4546 3485 4601 in
3514 4563 3721 4602 mona-

2076 4635 2214 4689 chos
2281 4636 2481 4690 odium
2537 4638 2750 4706 erupit,
2808 4653 2923 4690 non
2983 4652 3049 4691 ea
3107 4636 3227 4691 illis
3283 4636 3496 4692 infensi
3545 4653 3723 4691 causa

2075 4726 2229 4794 quod
2290 4724 2559 4780 Ecclesia
2638 4724 2882 4780 rebelles
2950 4726 3208 4780 schisma
3282 4727 3557 4789 facerent,
3617 4728 3719 4782 sed

2074 4814 2227 4883 quod
2253 4814 2376 4868 dies
2407 4814 2594 4884 ipsius
2619 4819 3063 4869 numerarentet
3092 4814 3404 4870 definirent
3433 4820 3719 4885 tempora,

2076 4908 2261 4957 morte
2291 4902 2512 4957 scilicet
2540 4905 2668 4972 ejus
2700 4920 2761 4958 se
2790 4904 3172 4959 defuncturos
3204 4903 3374 4958 malis
3406 4903 3557 4958 489
3590 4919 3717 4974 quae

2073 4992 2446 5062 patiebantur
2468 4993 2752 5047 arbitrati.
2787 4997 2904 5046 Hos
2938 4992 3033 5047 ille
3082 4993 3316 5048 acribus
3358 4997 3415 5047 et
3472 4992 3557 5047 ira
3613 4997 3715 5047 ﬂa-

2070 5082 2381 5152 grantibus
2416 5082 2764 5152 percellebat
2792 5082 2991 5146 minis,
3027 5097 3172 5152 quas
3204 5098 3275 5135 ne
3294 5081 3563 5136 statimin
3588 5097 3711 5135 rem

2070 5171 2648 5240 conferret,quaadam
2681 5171 3007 5226 sustinebat
3040 5172 3206 5227 fama:
3253 5187 3416 5239 cura,
3475 5174 3531 5225 et
3590 5182 3709 5224 me-

2070 5266 2165 5316 tus
2198 5276 2266 5314 ne
2296 5260 2590 5314 videretur
2616 5260 2742 5314 sine
2774 5276 2948 5315 causa
2996 5260 3205 5316 idonea
3235 5268 3451 5315 saevire.
3487 5260 3708 5313 Tamen

2066 5354 2122 5404 et
2156 5350 2309 5403 hunc
2343 5350 2513 5419 paulo
2536 5354 2664 5418 post
2690 5355 3019 5420 respectum
3042 5351 3347 5414 eluctatus,
3383 5345 3706 5402 Galactioni

2067 5440 2300 5509 quidem
2335 5438 2487 5492 eruit
2515 5440 2737 5504 oculos,
2768 5438 2991 5493 Meletio
3020 5455 3153 5492 vero
3205 5438 3466 5507 linguam
3523 5432 3710 5487 absci-

2066 5528 2172 5583 dit.
2200 5528 2415 5583 Exsiiia
2462 5528 2811 5583 decernebat
2838 5542 3018 5597 mera,
3060 5543 3189 5581 cum
3225 5523 3517 5581 remittere
3547 5538 3610 5579 se
3641 5524 3702 5578 in
