3912 6192
349 213 460 269 951

1665 201 1968 258 GEORGII
2006 202 2470 261 ΡΑΟΗῩΜΕΗΑΕ

3581 212 3665 266 952

355 337 535 395 ἀττλοῦ
582 331 676 390 καῖ
722 331 924 386 ἀκάκου
974 329 1159 401 χάριν,
1216 324 1500 401 ὑπαγαγὼν
1557 320 1682 396 δίκῃ
1733 321 2002 383 καθοσιώ·
2035 325 2216 392 Ατῆς
2275 327 2397 401 περὶ
2456 328 2546 382 τὸν
2609 325 2850 398 πλησίον
2908 326 3217 401 ἀπεχθείας*
3276 327 3415 382 αὐτὸν
3459 328 3497 384 δ’
3544 331 3671 387 d106-

357 448 491 488 63w:
522 425 596 485 ὡς
627 421 754 481 τοὺς
811 416 1061 478 δυτικοὺς
1093 414 1366 490 ἄρχοντας
1414 415 1550 468 κατά
1579 410 1850 488 βασιλέως
1903 408 2011 466 διε-

357 517 628 593 γείραντα,
681 507 785 578 ἔξω
842 527 947 560 που
1005 509 1110 560 τῶν
1166 505 1449 580 ἡμετέρων
1484 500 2012 593 ὁρίων-καθήμενον,

365 587 696 675 έπαγγείλας
747 601 828 668 τῷ
895 596 1115 671 Ἰκαρίῳ
1168 594 1269 662 τὴν
1346 597 1444 648 τοῦ
1515 590 1761 666 μεγάλου
1815 587 2011 652 δουκὸς

359 682 784 765 περιεζωσμένῳ
811 686 1004 757 τιμὴν,
1056 683 1131 745 εἷς
1189 688 1383 758 χεῖρας
1436 685 1694 751 ποιεῖται,
1754 679 1842 734 καὶ
1873 699 2012 752 προ-

355 779 546 835 τείνων
604 777 703 846 τήν
753 774 1080 830 καθοσίωσιν
1131 777 1228 827 τοῦ
1262 770 1607 847 ἐγκλήματος
1657 768 1804 838 ἀνίη,
1838 769 1884 823 εἰ
1912 769 2010 836 τὴν

360 868 582 945 εῒρήνην
646 865 890 941 δέχοιτο,
950 862 998 917 ei
1028 860 1078 916 δ’
1128 862 1242 931 οὖν,
1303 860 1449 916 ἀλλά
1497 863 1565 934 τῇ
1609 857 1734 933 δίκῃ
1761 858 2014 922 καθυπά-

360 980 498 1033 γειν.
538 957 598 1013 Ὁ
657 949 716 1009 δὲ
768 957 838 1026 τῇ
871 949 1108 1006 ένστάσει
1161 948 1527 1025 διακαρτερῶν
1586 949 1684 1018 τὴν
1743 946 2012 1021 τιμωρίαν

359 1049 571 1122 ὑπέχειο
607 1045 850 1105 Κόκκους
900 1039 956 1096 δὲ
1009 1039 1292 1115 μοναχοὺς
1331 1039 1420 1094 καὶ
1463 1038 1592 1100 τοὺς
1644 1039 1760 1092 κατ’
1809 1036 2010 1091 ἐκεῖνον

355 1137 444 1196 έῶ.
494 1121 599 1196 νἘς
657 1131 814 1189 τόσον
877 1132 979 1206 γὰρ
1040 1129 1466 1204 παρωξυσμένος
1497 1129 1563 1197 ἢν
1599 1128 1735 1182 ὥστε
1766 1121 2011 1200 προϐάλ-

355 1225 470 1282 λειν
525 1227 589 1292 ἦν
655 1221 818 1294 μόνον
851 1221 974 1276 τινὰ
1013 1220 1322 1290 κινηθέντα,
1357 1217 1444 1272 καὶ
1501 1219 1601 1286 τήν
1647 1211 1944 1292 προϐολὴν
1976 1219 2009 1286 ἡ

357 1316 518 1382 ποινὴ
575 1309 877 1386 διεδέχετο,
909 1309 1049 1363 ὥστε
1091 1308 1180 1362 καὶ
1231 1308 1420 1370 πιστὸς
1450 1307 1517 1375 ἦν
1577 1308 1604 1361 ὁ
1639 1303 1808 1380 λέγων
1845 1305 2008 1378 μόνον

362 1402 554 1470 εἲπὼν,
603 1405 723 1462 ταῖς
775 1399 914 1475 πρὸς
963 1397 1092 1460 τοὺς
1142 1397 1415 1466 ὑπηκόους
1465 1395 1746 1458 ὑπονοίαις
1787 1396 1858 1458 ὡς
1887 1397 2010 1451 ἱκα-

363 1497 482 1555 ναῖς
542 1487 862 1565 μαρτυρίαις
923 1487 1361 1563 ἰσχυριζόμενος.
1395 1488 1498 1542 Καὶ
1529 1485 1665 1560 πρὸς
1695 1486 1758 1540 τὸ
1786 1487 1885 1553 τῆς
1918 1486 2009 1560 ὀρ-

362 1587 467 1657 γῆς
522 1579 887 1654 ἀπαραίτητον
959 1574 1208 1650 ἀνδράσιν
1270 1578 1352 1637 οἷς
1426 1578 1491 1644 ἦν
1549 1575 2012 1651 παρρησιάζεσθαι

2119 435 2278 469 σαντα
2328 415 2570 492 ἀνάγκην
2625 416 2758 472 εἶναι
2815 415 3053 490 μετιέναι
3109 419 3188 489 [Ρ.
3219 419 3334 488 334]
3367 419 3422 472 τὸ
3456 417 3672 495 ἔγκλημα.

2115 508 2288 560 Ταῦτα
2345 505 2619 569 πολλάκις
2679 505 3032 582 ἀπελογεῖτο,
3059 505 3148 560 καὶ
3193 508 3272 561 ὅτι
3300 507 3443 584 φίλος
3474 516 3677 586 μοναχῶν

2116 593 2328 649 ἀκούων
2390 596 2646 674 βρεφόθεν
2681 595 2757 660 εἰς
2808 596 3042 672 ἀνάγκην
3069 594 3204 664 ἦλθε
3259 601 3416 668 μισεῖν
3461 601 3678 674 μοναχοὺς

2117 680 2205 737 διὰ
2257 685 2354 753 τήν
2411 689 2558 758 σφῶν
2620 683 2895 742 δύσνοιαν.
2943 685 3194 740 Δύσνοιαν
3228 682 3283 739 δὲ
3334 686 3420 754 τὴν
3451 686 3675 765 ἀποφυγὴν

2113 776 2221 827 τῶν
2254 776 2663 850 ,πραττομένων
2696 773 2902 831 ἐκάλει.
2959 775 3091 850 uap‘
3141 775 3200 842 ἦν
3259 771 3417 828 αἰτίαν
3464 775 3572 836 ἴσως
3611 779 3677 831 καὶ

2115 861 2351 936 χρόνους
2407 863 2650 939 ἠρεύνων
2697 865 2860 919 ὁπότε
2921 865 2998 936 μὴ
3054 861 3312 938 βασιλέως
3354 857 3680 936 (ἆῦασιλιὺτοις

2111 951 2215 1026 γὰρ
2267 949 2393 1006 οόδὲ
2455 953 2682 1029 ξυνήγκε
2759 956 2880 1026 ζῇν,
2941 952 3015 1015 ὡς
3092 952 3296 1025 σώματι
3381 953 3450 1023 μὴ
3507 951 3678 1026 καρδίαν

2114 1036 2346 1114 ἔχοντι),
2404 1039 2550 1096 ἀλλὰ
2605 1046 2709 1096 τῶν
2755 1043 2890 1097 κατὰ
2937 1046 3070 1119 σφᾶς
3124 1045 3296 1095 κακῶν
3328 1038 3679 1113 ἀπαλλάξωσιν.

2115 1130 2310 1187 Ὁπότε
2357 1131 2459 1207 γὰρ
2498 1133 2560 1186 τὸ
2591 1135 2688 1202 τῆς
2718 1135 2946 1207 γνώμης
2987 1130 3248 1202 δηλοῦται
3277 1131 3551 1206 ἀνθρώποις
3575 1133 3679 1201 οὖσι,

2115 1219 2428 1274 πλασθεῖσιν
2477 1221 2866 1292 αὐτεξουσίως,
2913 1222 2988 1276 ἒνὶ
3041 1220 3305 1294 θελήματι
3347 1217 3433 1274 κᾶν
3477 1214 3586 1273 ὅποι

2115 1311 2208 1382 ψοι
2265 1309 2730 1383 ἀναγκαζομένοις
2785 1311 3039 1386 ἄγεσθαι,
3094 1310 3139 1364 εἰ
3196 1311 3284 1382 μέν
3345 1308 3413 1369 εἰς
3463 1313 3596 1380 σῶμα
3639 1310 3682 1362 τὸ

2113 1397 2435 1460 κινδυνῶδες
2479 1399 2600 1473 ὁρᾷ,
2657 1399 2746 1454 καὶ
2795 1400 2919 1454 τότε
2978 1397 3329 1474 παγχάλεπον
3385 1397 3567 1471 (ταυτὸν
3607 1399 3680 1471 γὰρ

2113 1486 2174 1540 τὸ
2208 1486 2340 1540 εἶναι
2370 1491 2449 1558 τῷ
2477 1487 2526 1540 τ’
2556 1487 2791 1563 ἄρχοντι
2819 1493 2936 1549 τοῖς
2987 1489 3035 1542 τ’
3065 1486 3410 1562 ἀρχομένοις,
3433 1485 3512 1539 καὶ
3541 1484 3680 1547 ἄλλως

2116 1575 2214 1630 οὐκ
2267 1571 2376 1629 ἔστι
2431 1576 2580 1653 σφίσι
2639 1577 2938 1646 σώζεσθαι,
2998 1576 3043 1630 εἰ
3106 1578 3180 1650 μή
3237 1598 3296 1649 γε
3348 1574 3578 1635 ἑκουσίως
3620 1576 3685 1627 καὶ

363 1668 500 1743 πρὸς
570 1666 769 1722 ἐκεῖνον
844 1663 1289 1739 ἀπολογούμενος
1353 1663 1669 1738 βασιλικοὺς
1733 1664 2008 1738 προέτεινε
2039 1688 2086 1753 Β
2118 1669 2503 1742 συμφωνοῖεν),
2553 1665 2598 1720 εἰ
2630 1662 2688 1720 δὲ
2735 1667 2825 1720 καὶ
2873 1666 2926 1728 ές
2976 1667 3183 1742 ψυχὴν,
3231 1666 3304 1728 ὡς
3331 1660 3604 1736 τότ’ᾤοντὸ
3629 1685 3688 1717 τι·

358 1756 583 1830 νόμους,
643 1757 717 1817 ὡς
775 1756 851 1828 μὴ
884 1754 1051 1808 καλὸν
1085 1754 1142 1807 ’ὀν
1173 1749 1298 1807 οὐδὲ
1330 1750 1536 1807 δίκαιον
1568 1753 1703 1806 κατά
1736 1752 2004 1824 μοναστᾶς

353 1845 480 1908 τοὺς
529 1844 835 1917 Ῥωμαίους
865 1841 1268 1912 πολιτεύεσθαι,
1323 1841 1396 1903 ὡς
1431 1841 1738 1914 μετανοίαις
1767 1839 2002 1912 ἐξιᾶσθαι

353 1937 421 1989 τὰ
476 1934 808 2008 πταίσματα.
864 1936 1051 2008 Ἐχειν
1128 1930 1186 1986 δὲ
1243 1931 1333 1986 καὶ
1391 1936 1470 2003 τῷ
1530 1929 2002 2006 προσαγγέλλοντι

355 2021 660 2097 δυσμενῶς,
714 2022 797 2080 ὅτι
826 2021 979 2097 λέγοι
1011 2024 1046 2091 ἢ
1081 2019 1313 2082 ἀκούσας
1347 2021 1382 2090 ἢ
1415 2020 1506 2074 καὶ
1538 2019 1912 2093 πλαττόμενος
1944 2021 2003 2075 ἐκ

359 2245 728 2302 clementiam
759 2241 1008 2298 volebat.
1039 2242 1241 2314 Itaque
1288 2241 1571 2295 Lazarum
1621 2239 2006 2306 Gorianitem,

361 2334 551 2389 virum
581 2330 992 2396 venerabilem,
1023 2331 1138 2385 ista
1187 2329 1506 2385 moderatio
1546 2329 1795 2384 servavit
1829 2346 1842 2385 :
1876 2345 2008 2384 cum

364 2423 520 2478 enim
556 2421 816 2476 misisset
869 2419 970 2490 qui
1017 2435 1146 2475 eum
1193 2423 1564 2486 excaecarent,
1599 2419 1883 2474 revocatis
1937 2419 2008 2474 iis

365 2510 750 2570 exterminare
783 2508 926 2564 satis
972 2507 1196 2562 habuit.
1251 2513 1324 2562 At
1370 2508 1684 2563 Macarium
1741 2525 1844 2563 nec
1903 2525 2010 2565 sua

367 2597 852 2655 innocentissima
882 2596 1251 2668 simplicitas,
1275 2613 1404 2667 quas
1425 2614 1746 2668 cognomen
1806 2597 1890 2652 illi
1915 2615 2008 2653 co-

365 2688 580 2743 tumbae
613 2689 935 2758 pepererat,
968 2701 1072 2738 nec
1104 2684 1362 2740 locorum
1395 2685 1494 2740 ubi
1535 2685 1782 2757 degebat
1830 2686 2006 2741 dissi-

367 2781 560 2832 torum
594 2792 627 2830 a
652 2772 870 2830 nostris
902 2773 1118 2829 ﬁnibus
1153 2773 1578 2846 longinquitas,
1639 2775 2008 2846 imperatoris

365 2865 599 2923 saevitiae
625 2864 937 2920 subtraxit.
967 2864 1070 2918 Hic
1101 2863 1258 2920 enim
1290 2864 1453 2918 illum
1489 2863 1845 2935 postulatum
1883 2880 2008 2919 ma-

357 2956 616 3029 jestatis,
643 2952 815 3025 quasi
847 2956 1122 3008 conatum
1180 2953 1236 3008 in
1297 2968 1359 3009 se
1405 2955 1696 3008 concitare
1729 2953 2009 3008 Occiduo-

2115 1775 2220 1825 νες,
2279 1757 2549 1828 σωτήριον
2611 1757 2645 1823 ἡ
2707 1754 3004 1829 ἀπαλλαγὴ
3066 1754 3318 1816 πάντως.
3373 1753 3436 1810 Ὅ
3478 1751 3689 1811 κάκείνοις

2115 1840 2245 1906 ἴσως
2298 1847 2518 1913 ζητοῦσι
2579 1841 2724 1899 δεινὰ
2780 1845 2927 1920 παρὰ
2983 1848 3083 1899 τοῦ
3131 1847 3441 1918 κρατοῦντος
3485 1839 3687 1916 ἐφῆπται.

2114 1933 2209 1986 Καὶ
2275 1930 2391 1986 δέον
2450 1933 2512 1987 τὸ
2569 1928 2809 2006 σκαμϐὸν
2875 1932 3017 2008 πρὸς
3067 1933 3130 1987 τὸ
3168 1930 3319 2008 ὀρθὰν
3351 1930 3690 1998 ἆπευθὺνεσθαι,

2114 2023 2186 2084 ὡς
2220 2023 2476 2093 ἰσάζοιεν,
2510 2024 2537 2077 ὁ
2571 2020 2628 2077 δὲ
2650 2025 2711 2077 τὸ
2762 2021 2921 2096 ὀρθὸν
2955 2023 3092 2098 πρὸς
3123 2022 3183 2076 τὸ
3234 2015 3459 2094 σκαμϐὸν
3505 2015 3690 2080 ἀπευθῦ-

2119 2241 2372 2296 admitti.
2407 2243 2521 2297 Hac
2552 2241 2648 2297 ille
2681 2242 2772 2297 sui
2805 2242 3147 2298 defensione
3197 2239 3402 2310 sepius
3452 2238 3687 2300 utebatur,

2117 2330 2446 2403 adjungens
2478 2332 2538 2387 in
2563 2336 2726 2404 parte
2756 2331 3122 2388 infelicitatis
3153 2345 3447 2386 numerare
3475 2343 3546 2396 se,
3574 2325 3687 2396 quod

2118 2421 2217 2491 qui
2253 2437 2284 2475 a
2320 2438 2497 2492 puero
2554 2422 2821 2478 audisset
2867 2421 3098 2477 amicus
3129 2417 3548 2481 monachorum,
3575 2430 3691 2470 nunc

2117 2509 2275 2564 istud
2334 2527 2519 2582 genus
2577 2510 2886 2566 hominum
2937 2511 3137 2567 odisse
3185 2512 3470 2579 cogeretur
3513 2509 3696 2577 propter

2116 2596 2381 2669 ipsorum
2444 2599 2792 2655 malevolum
2817 2601 3083 2655 animum
3119 2619 3133 2666 ;
3172 2595 3558 2654 malevolentia:
3583 2592 3697 2646 vide-

2117 2685 2254 2742 licet
2301 2687 2649 2757 ascribebat,
2708 2690 2862 2760 quod
2917 2688 3001 2743 illi
3062 2689 3393 2759 refugerent
3434 2682 3694 2754 approbare

2118 2792 2241 2844 quae
2271 2777 2510 2832 ﬁebant.
2546 2778 2622 2832 Ex
2654 2777 2761 2832 hoc
2825 2793 2999 2848 porro
3051 2777 3342 2833 declarato
3393 2768 3698 2845 imperatoris

2119 2864 2177 2919 in
2208 2866 2524 2921 monachos
2585 2867 2716 2922 odio
2750 2867 2926 2922 ﬁebat
2952 2871 3016 2921 ut
3044 2865 3134 2921 illi
3166 2865 3388 2920 curiose
3422 2861 3699 2932 indagarent

2121 2956 2411 3026 tempora,
2464 2958 2901 3026 prtesentiscere
2949 2955 3411 3011 divinationibus
3457 2953 3697 3013 conantes,

367 3015 499 3104 rum
528 3048 806 3118 dynastas
836 3048 1154 3113 tractuum,
1185 3044 1602 3115 comprehendi
1649 3043 1872 3101 curavit
1913 3061 2015 3116 per
2049 3015 2092 3082 Ο
2133 3045 2367 3112 quando
2400 3061 2516 3099 non
2551 3046 2788 3116 quidem
2816 3045 3340 3118 imperatore(nam
3363 3043 3479 3098 sine
3501 3038 3700 3112 principe

368 3136 644 3203 Icarium,
677 3134 847 3191 titulo
879 3139 936 3190 et
967 3135 1185 3190 honore
1229 3134 1426 3206 magni
1467 3135 1635 3190 ducis
1668 3133 1842 3190 classi
1878 3151 2022 3204 prae-

374 3228 633 3292 fectum;
669 3228 956 3296 captoque
995 3223 1328 3278 conditione
1369 3222 1507 3287 lata,
1543 3228 1606 3277 ut
1662 3222 1748 3278 vel
1799 3223 2026 3278 debitas

379 3331 475 3370 reo
524 3312 941 3384 perduellionis
971 3329 1172 3383 pcenas
1206 3312 1412 3377 lueret,
1446 3313 1530 3367 vel
1572 3329 1670 3368 eas
1715 3312 2029 3367 redimeret

381 3401 762 3472 approbanda
818 3400 1206 3456 Ecclesiarum
1267 3401 1598 3466 concordia,
1641 3401 1732 3455 cui
1783 3405 2027 3455 eatenus

384 3489 758 3561 acquiescere
809 3493 1083 3544 renuerat
1131 3489 1187 3542 in
1245 3504 1380 3544 eum
1433 3505 1494 3544 se
1523 3489 1935 3544 obfirmantem
1967 3489 2025 3543 in

386 3577 699 3647 rejectione
729 3576 888 3648 pacis
919 3575 1043 3648 lege
1075 3580 1270 3632 actum
1303 3581 1412 3634 est.
1445 3577 1658 3633 Coccos
1712 3594 1845 3633 vero
1905 3594 2025 3632 mo-

387 3666 606 3723 nachos
634 3669 933 3738 praetereo,
965 3669 1023 3720 et
1053 3681 1152 3721 eos
1183 3665 1283 3738 qui
1315 3666 1467 3737 apud
1504 3664 1669 3720 illum
1703 3671 1888 3721 erant.
1944 3670 2031 3721 Ita

388 3757 545 3812 enim
595 3754 902 3810 irritabilis
932 3758 1056 3809 erat
1087 3755 1144 3809 in
1178 3753 1283 3810 hoc
1310 3771 1540 3827 genere,
1573 3759 1638 3810 ut
1695 3756 2032 3827 quicunque

391 3845 672 3919 proferret
704 3845 876 3900 modo
903 3843 1125 3916 aliquid
1157 3845 1227 3898 de
1257 3844 1667 3900 controversiis
1717 3862 1843 3916 quae
1892 3850 2033 3900 tunc

390 3935 768 4007 agitabantur
798 3933 856 3988 in
889 3932 1242 3989 contrariam
1275 3932 1384 4004 ipsi
1417 3934 1796 3999 sententiam,
1831 3928 2031 3990 statim

391 4023 783 4098 prolationem
824 4023 1116 4094 exciperet
1174 4039 1432 4095 praesens
1491 4040 1679 4094 poena.
1739 4023 1852 4078 Nec
1902 4040 2034 4079 vero

393 4114 712 4170 discrimen
744 4117 846 4168 aut
875 4111 1162 4168 delectum
1205 4111 1519 4168 adhibebat
1539 4112 1599 4167 in
1657 4113 2036 4169 admittendis

396 4203 468 4256 de
516 4219 577 4256 re
621 4201 726 4257 tali
758 4199 1154 4257 delationibus
1191 4219 1203 4257 :
1239 4203 1338 4256 sed
1369 4201 1592 4272 quisvis
1624 4218 2036 4274 quemcunque

398 4295 720 4357 accusaret,
773 4289 926 4344 dicto
953 4290 1142 4361 primo
1171 4291 1419 4346 faciebat
1453 4291 1646 4346 fidem.
1680 4292 1828 4355 Quin
1862 4291 2036 4346 etiam

2131 3131 2323 3188 vivere
2354 3149 2417 3188 se
2449 3133 2606 3188 haud
2640 3151 2833 3205 posse,
2867 3135 2952 3189 uti
2986 3151 3092 3190 nec
3126 3151 3338 3206 corpus
3395 3132 3510 3186 sine
3559 3125 3698 3188 corde,

2134 3222 2279 3276 satis
2334 3224 2589 3294 norant),
2623 3223 2725 3278 sed
2760 3223 2927 3278 malis
2957 3224 3308 3294 urgentibus
3364 3221 3702 3276 liberarentur.

2135 3309 2445 3366 Enimvero
2475 3311 2705 3382 quoties
2734 3311 3077 3367 hominibus
3111 3313 3332 3367 arbitra
3370 3311 3452 3365 sui
3483 3306 3704 3379 potestate

2135 3397 2234 3452 Dei
2295 3399 2612 3454 conditoris
2671 3400 2952 3456 beneficio
3013 3400 3300 3472 praeditis,
3356 3416 3420 3454 ex
3478 3394 3707 3452 declarata

2135 3485 2435 3542 voluntate
2459 3489 2560 3558 jus
2592 3488 2862 3544 habentis
2894 3490 3040 3562 ipsis
3075 3489 3422 3562 imperandi,
3455 3483 3705 3542 necessitas

2139 3575 2389 3631 faciendi
2422 3577 2722 3648 quidpiam
2759 3579 3066 3649 incutitur,
3096 3581 3400 3645 intentata,
3427 3577 3476 3631 ni
3506 3571 3707 3634 fecerint,

2140 3665 2594 3720 comminatione
2625 3668 2818 3739 gravis
2851 3669 3069 3736 multas,
3105 3671 3296 3724 sinon
3329 3667 3479 3724 aliud
3508 3665 3557 3718 in
3583 3662 3707 3715 obse-

2140 3755 2373 3825 quendo
2405 3757 2732 3827 periculum
2760 3763 3040 3830 appareat
3069 3776 3243 3831 quam
3273 3751 3595 3814 incommodi
3619 3764 3710 3804 cor-

2142 3844 2322 3915 porei,
2355 3845 2728 3902 subeundum
2786 3847 2932 3902 illud
2981 3851 3092 3915 est,
3154 3853 3213 3904 et
3267 3850 3711 3920 quantumcunque

2143 3934 2361 3989 malum
2388 3937 2516 4006 ejus
2547 3938 2778 4008 generis
2807 3938 3274 3994 exhauriendum
3313 3937 3542 3992 libenter
3575 3941 3710 3984 mem-

2142 4022 2284 4087 bris,
2321 4039 2436 4094 quo
2468 4025 2642 4096 capiti
2675 4025 3026 4092 cohzereant,
3060 4027 3172 4083 hoc
3203 4031 3293 4083 est
3322 4022 3568 4098 principi,
3591 4016 3714 4084 cujus

2145 4111 2440 4167 indivulsa
2469 4115 2826 4170 connexione
2858 4132 2988 4171 cum
3023 4117 3282 4172 subditis
3323 4115 3472 4171 salus
3518 4100 3715 4164 universi

2146 4199 2478 4269 reipublicaa
2532 4205 2794 4274 corporis
2843 4206 3201 4277 continetur,
3235 4205 3334 4262 Sin
3369 4221 3435 4259 ne
3479 4197 3719 4256 obediatur

2147 4296 2373 4345 revocet
2406 4293 2694 4362 pernicies
2749 4295 2980 4363 animas,
3015 4296 3174 4365 quod
3207 4295 3353 4358 ,istis
3385 4298 3512 4348 tunc
3540 4285 3720 4359 quibus-

399 4379 839 4450 suspicionibus
889 4380 1065 4434 meris
1093 4381 1150 4434 in
1211 4381 1477 4435 subditos
1509 4380 1659 4436 velut
1692 4380 2044 4436 testimoniis
2075 4383 2122 4447 1)
2154 4378 2288 4434 dam
2313 4380 2638 4445 videbatur,
2699 4387 2839 4437 tunc
2869 4400 3010 4439 sane
3059 4383 3339 4438 salutaris
3386 4385 3440 4436 et
3483 4379 3723 4450 propterea

397 4468 796 4538 innitebatur;
830 4476 1043 4524 etcum
1083 4487 1118 4525 a
1147 4470 1288 4525 viris
1331 4470 1630 4542 gravibus,
1665 4471 1882 4541 quibus
1912 4469 2046 4527 lice-

399 4557 501 4613 bat
547 4556 724 4613 libere
769 4557 924 4612 490
973 4575 1104 4614 cum
1153 4558 1252 4613 illo
1315 4575 1506 4630 agere,
1565 4559 1760 4614 nimim
1819 4559 1877 4614 in
1937 4559 2045 4614 hoc

403 4647 727 4703 severitatis
759 4652 1120 4719 argueretur,
1165 4647 1452 4719 allegabat
1483 4648 1577 4703 ille
1608 4653 1809 4704 contra
1852 4649 1910 4704 in
1944 4650 2046 4703 de-

405 4737 737 4791 t’ensionem
765 4738 856 4792 sui
887 4736 1244 4810 regiasleges
1265 4739 1668 4810 usitatumque
1685 4738 2048 4810 principibus

406 4827 615 4897 agendi
643 4826 1144 4894 modum,addens
1178 4827 1635 4898 haudquaquam
1667 4831 1888 4883 rectum
1920 4844 2049 4883 esse

405 4919 700 4970 Romanos
732 4916 804 4970 ab
835 4915 1184 4986 imperatore
1209 4916 1523 4985 gubernari
1548 4916 1700 4971 sicut
1730 4917 2048 4972 monachos

407 5023 440 5060 a
471 4988 594 5059 suis
625 5003 1084 5076 praepositis,qui
1109 5003 1321 5059 delicta
1349 5022 1588 5060 suorum
1622 5007 2046 5061 cmnobitarum

410 5092 768 5166 pmnitentiis
842 5093 1074 5165 expiare
1148 5093 1292 5149 satis
1350 5094 1622 5149 habeant.
1685 5094 2046 5150 Facilitatem

408 5186 604 5239 autem
663 5182 938 5238 credendi
1008 5180 1366 5238 delatoribus
1424 5183 1678 5252 quadam
1737 5182 2051 5237 efficaciter

411 5272 752 5329 occurrendi
808 5271 1186 5327 nascentibus
1228 5269 1399 5325 malis
1447 5270 1794 5326 necessitate
1836 5285 2052 5341 purga-

411 5364 533 5432 bat,
566 5377 699 5418 cum
731 5357 1780 5431 diceret,qualecumqueindicaretur
1803 5357 2049 5431 principi

413 5453 782 5524 crimen,sive
812 5451 1080 5507 auditum
1115 5465 1246 5505 vere
1277 5466 1310 5504 a
1339 5447 1632 5504 deferente
1671 5446 1790 5502 sive
1850 5447 2047 5504 fictum

414 5543 710 5611 malevola,
773 5560 804 5599 e
864 5543 1014 5598 bono
1062 5539 1363 5596 communi
1426 5555 1556 5596 esse
1617 5538 2049 5595 accusationem

2154 4468 2349 4523 tacitis
2380 4470 2527 4524 491
2578 4471 2789 4526 saltem
2839 4473 2986 4527 votis
3029 4470 3363 4544 expetibilis
3408 4465 3616 4524 omnino
3660 4460 3724 4512 est

2157 4557 2403 4612 mutatio
2436 4558 2576 4614 talia
2599 4560 2866 4630 jubentis
2898 4561 3184 4633 principis
3219 4579 3233 4629 ;
3267 4560 3355 4616 cui
3390 4564 3564 4614 tamen
3592 4550 3638 4605 bi
3661 4545 3726 4601 ni-

2157 4645 2341 4701 mium
2368 4649 2512 4702 forte
2541 4648 2911 4718 indulgentes
2943 4651 3166 4716 sensui,
3188 4667 3295 4706 nec
3351 4648 3485 4704 satis
3521 4641 3727 4698 caventes

2157 4751 2230 4790 ne
2256 4735 2316 4790 in
2362 4741 2626 4807 apertum
2677 4754 2888 4792 arcana
2942 4738 3234 4794 desideria
3283 4736 3578 4810 prodirent,
3625 4727 3727 4780 dum

2157 4824 2574 4896 praesagiorum
2611 4827 2813 4882 mortis
2836 4828 3080 4897 Augusti
3111 4827 3362 4899 auguria
3396 4823 3608 4894 captant
3649 4814 3728 4865 im-

2157 4913 2528 4983 prudentius,
2561 4915 2691 4985 ejus
2721 4914 2867 4970 iram
2902 4917 2960 4970 in
2993 4933 3056 4972 se
3099 4916 3262 4988 ipsos
3293 4917 3546 4970 acuentes
3574 4907 3728 4988 inge?“

2159 5003 2307 5056 tium
2339 5002 2450 5057 sibi
2486 5004 2722 5058 luerunt
2755 5004 3044 5060 malorum
3071 4986 3286 5061 causae.
3317 5003 3524 5074 Agebat
3570 4993 3660 5082 ille

2159 5091 2267 5147 hoc
2299 5092 2533 5164 quidem
2558 5109 2673 5148 non
2707 5097 2858 5150 recte
2887 5112 2901 5164 ;
2927 5093 3050 5166 qui,
3083 5111 3220 5149 cum
3263 5088 3592 5164 oportuisset
3620 5075 3730 5166 θῦμ’

2159 5163 2342 5251 quum
2376 5181 2447 5235 ad
2499 5181 2639 5236 recti
2697 5163 2964 5238 normam
3023 5163 3315 5254 corrigere
3365 5179 3550 5246 sicque
3601 5163 3731 5224 ambo

2159 5275 2692 5341 exesquare,contra
2713 5275 2953 5341 cogebat
2980 5273 3329 5342 detorquere
3359 5265 3502 5338 quod
3529 5275 3614 5334 l3er
3638 5264 3732 5348 ἓίῖῗθ

2160 5339 2386 5413 rectum
2412 5359 2619 5426 fuerat,
2653 5339 3135 5431 conformareque
3166 5339 3236 5414 ad
3273 5357 3592 5429 pravitatem
3618 5339 3731 5399 obli-

2160 5448 2284 5517 qui,
2329 5465 2445 5503 non
2505 5450 2827 5506 emendans
2875 5451 2928 5505 id
2980 5450 3136 5518 quod
3195 5451 3319 5503 erat
3364 5441 3731 5502 vitiosumﬁmll

2160 5537 2394 5593 crimini
2441 5543 2694 5607 vertens,
2749 5541 2943 5596 sinon
2976 5540 3389 5611 depravaretur
3438 5527 3576 5603 quod
3623 5523 3734 5576 bene
