3912 6192
221 298 325 352 953

1287 305 1383 356 DE
1421 303 1795 357 MICHABLE
1833 305 2261 358 PALEOLOGO
2300 306 2430 358 LIB.
2465 308 2559 358 Vl.

3531 304 3641 359 954

219 446 329 480 νειν
385 425 708 498 ἠνάγκαζεν,
767 424 866 479 οὐκ
924 424 1158 479 εὐθύνων
1216 426 1278 479 τὸ
1339 427 1414 497 μὴ
1474 425 1658 487 καλῶς
1714 424 1867 501 ἔχον,
1900 446 1953 513 Α
1986 428 2229 503 γεγονὸς,
2264 425 2433 501 ἄνδρα
2476 423 2762 490 εὐλαϐείας
2817 428 2911 500 μὶν
2969 428 3046 489 είς
3104 427 3265 504 ἄκρον
3304 432 3635 501 μεταποιού-

1488 515 1507 541 Ἰ

221 513 346 569 ἄλλ’
405 512 676 586 ἐγκαλῶν,
724 514 769 568 εἰ
827 516 902 587 μὴ
938 509 1386 589 στρεϐλοῖτο,τῷ
1414 514 1601 579 καλῶς
1658 512 1868 590 ἔχοντι.

216 606 336 658 Ὃτι
369 601 428 658 δὲ
455 604 544 657 καὶ
575 625 714 658 τισιν
776 602 992 658 ἐκείνων
1052 604 1382 680 παρεξήγετο
1436 604 1502 659 τὰ
1555 609 1651 660 τοῦ
1700 604 1870 676 ζήλου

218 695 307 748 καὶ
367 698 466 747 τοῦ
522 694 686 766 μέσου
743 693 1169 769 παρολισθαῖνον
1224 698 1339 756 τοῖς
1391 693 1653 756 ἐναντίοις
1702 716 1871 770 προσ-

217 784 445 850 έπαιεν,
507 781 674 853 ἔξεστι
729 787 806 854 τῷ
866 781 1232 858 διακρινοῦντι
1290 789 1532 840 σκοπεῖν.
1602 785 1747 852 πλὴν
1806 784 1872 838 τά

212 879 317 940 τῆς
376 871 649 945 τιμωρίας
707 866 973 927 σϐεννύειν
1025 874 1141 947 εἶχε
1196 873 1285 929 καὶ
1339 874 1402 929 τὸ
1460 873 1720 949 ἀμηγέπη
1782 861 1869 928 ἐπἱ

211 967 333 1023 τοῖς
366 962 714 1035 πραττομένο
726 983 767 1023 ις
800 959 1034 1037 εὔλογον
1047 1008 1059 1020 .

284 1053 735 1123 Έκκεκομμένης
790 1050 965 1106 τοίνυν
1023 1059 1123 1121 τῆς
1193 1052 1499 1129 παῤῥησίας
1544 1059 1661 1115 τοῖς
1718 1052 1867 1109 ἐλευ-

211 1140 393 1211 θέροις
459 1140 563 1194 ὑπὸ
618 1139 810 1195 σκότον
868 1142 1123 1217 φάμουσα
1181 1140 1557 1217 ἐῤῥιπτοῦντο,
1613 1144 1713 1212 τήν
1766 1150 1869 1208 τῆς

209 1230 398 1303 ἀρχῆς
456 1224 791 1302 παραϐασίαν
842 1228 1161 1306 ἐλέγχοντα.
1216 1233 1282 1288 Οἱ
1336 1229 1393 1286 δὲ
1447 1232 1539 1286 τὸν
1597 1231 1871 1310 γράφοντα

216 1320 299 1391 μὴ
336 1315 547 1393 ἔχοντες
576 1324 842 1391 τιμωρεῖν
872 1319 956 1392 (οὐ
1003 1320 1105 1395 γὰρ
1162 1322 1229 1389 ἦν
1290 1319 1692 1397 ἐμφανίζεσθαι)
1750 1327 1868 1383 τοῖς

215 1407 527 1481 εὑρίσκουσι
589 1408 801 1484 βαρέως
857 1407 1079 1483 ἐπεῖχον
1139 1410 1214 1471 ὡς
1272 1409 1457 1473 αὐτοῖς
1516 1405 1863 1483 ὑϐρίζουσιν·

211 1491 380 1570 ὕϐριν
438 1496 539 1573 γὰρ
595 1495 824 1552 ἐκάλουν
880 1499 971 1553 τὸν
1032 1497 1298 1573 ἔλεγχον.
1376 1499 1693 1575 Ἐγγράφως
1750 1522 1869 1555 τοι-

208 1590 421 1661 γαροῦν
456 1585 715 1662 ἐκυροῦτο
766 1590 800 1656 ἠ
846 1587 1087 1664 τιμωρία
1132 1593 1212 1661 τῷ
1260 1589 1422 1661 μόνον
1474 1590 1787 1663 εὑρήσοντι,
1820 1590 1865 1644 εἰ

206 1675 378 1737 αὐτὸς
404 1675 680 1751 ἀναγνοίη,
711 1677 756 1730 εἷ
787 1673 945 1749 ἄλλῳ
976 1676 1196 1749 ἐξείποι,
1247 1678 1293 1732 εί
1345 1680 1421 1751 μὴ
1476 1680 1600 1734 κάοι
1659 1700 1868 1754 παραυ-

205 1765 363 1820 τίκα.
425 1766 566 1839 Πρὸς
613 1764 670 1819 δὲ
697 1765 785 1820 καὶ
816 1770 894 1836 τῷ
947 1765 1399 1845 βασιλογραφείου
1456 1767 1863 1844 ἐγκαλουμένῳ,

207 1854 288 1915 ὡς
322 1852 445 1929 ἔχοι
485 1854 670 1927 μόνον,
697 1858 732 1924 ἡ
764 1854 965 1924 ἀπειλή
999 1857 1225 1920 θάνατος
1260 1855 1531 1932 ἄντικρυς.

206 2006 307 2059 κέ.
376 2006 504 2080 Περὶ
582 2010 681 2060 τοῦ
751 2004 1021 2062 Καλοειδᾶ
1092 2007 1181 2098 καὶ
1241 2009 1363 2083 περὶ
1438 2012 1534 2062 τοῦ
1613 2009 1865 2066 Ἰωάννου

875 2084 972 2133 τοῦ
1006 2084 1201 2136 Δούκα.

278 2215 370 2280 [Ρ.
405 2212 534 2282 335]
565 2212 873 2286 Τεκμηριοῖ
925 2209 982 2265 δὲ
1037 2212 1125 2267 καὶ
1157 2213 1220 2267 τὸ
1250 2212 1373 2289 περὶ
1403 2216 1494 2267 τὸν
1556 2212 1859 2270 Καλοειδᾶν

199 2437 485 2491 habebat.
528 2436 728 2507 Neque
760 2437 1010 2493 difﬁteor
1042 2442 1237 2493 tamen
1264 2444 1568 2509 peccatum
1605 2456 1637 2495 a
1661 2457 1864 2495 mona-

197 2526 357 2593 cbis,
384 2526 740 2596 quibusdam
764 2543 969 2581 eorum
995 2528 1313 2583 inconsulti
1345 2529 1452 2583 zeli
1476 2530 1863 2586 oﬁ'ervescen-

200 2616 290 2669 tia
350 2615 875 2686 prorumpentibus
905 2633 1017 2687 quo
1068 2617 1310 2673 minime
1353 2620 1710 2674 conveniret.
1752 2619 1862 2674 Ve-

195 2720 334 2759 rum
392 2721 466 2759 ne
502 2704 697 2775 ipsum
762 2705 997 2776 quidem
1053 2706 1507 2778 imperatorem,
1578 2709 1720 2763 dum
1773 2709 1861 2763 bis

194 2793 467 2858 obsistit,
522 2794 774 2848 medium
809 2793 1053 2850 laudata:
1110 2798 1527 2853 moderationis
1577 2797 1858 2863 tenuisse,

194 2885 301 2937 sed
371 2883 699 2938 excedendo
748 2882 1066 2955 impegisse
1128 2884 1185 2939 in
1242 2888 1599 2941 contrarium
1668 2892 1859 2941 extre-

199 2989 402 3034 mum,
467 2972 694 3027 conﬁdo
742 2972 1112 3041 judicaturos
1166 2976 1463 3045 sapientes
1499 3017 1513 3044 ,
1566 2974 1663 3029 ubi
1730 2992 1859 3045 quae

197 3063 334 3116 ﬁeri
385 3066 528 3116 tunc
559 3061 804 3132 contigit
845 3067 1064 3117 attente
1115 3063 1536 3135 perspexerint.
1570 3064 1857 3119 Caeterum

189 3169 332 3207 cum
372 3152 652 3221 utrinque
683 3158 813 3207 acta
844 3169 951 3207 sua
982 3153 1249 3222 quaedam
1285 3153 1569 3208 coloraret
1613 3155 1858 3209 rationis

191 3241 458 3310 species,
510 3240 702 3295 valere
762 3241 862 3295 illa
905 3242 1105 3295 debuit
1155 3242 1226 3295 ad
1297 3242 1719 3312 extinguendos
1770 3243 1859 3299 vel

193 3337 363 3386 certe
388 3330 800 3400 temperandos
826 3335 1215 3400 utrorumque
1241 3330 1481 3386 insanos
1508 3333 1771 3400 ardores,
1801 3338 1863 3387 ut

200 3436 313 3474 nec
353 3418 627 3473 monachi
661 3424 776 3473 tam
812 3420 1238 3475 contumaciter
1269 3424 1524 3491 Augusto
1569 3438 1858 3493 repugna-

196 3514 362 3571 rent,
408 3524 613 3578 pacem
659 3507 1052 3563 Ecclesiarum
1104 3508 1434 3580 reipublicaa
1476 3509 1856 3566 utilissimam

198 3596 695 3653 accomodatione
774 3596 975 3652 multis
1030 3599 1270 3669 probata
1329 3600 1664 3669 procuranti
1728 3644 1743 3669 ,
1802 3605 1859 3656 et

194 3685 473 3741 vicissim
531 3685 849 3756 imperator
878 3686 1073 3745 mitius
1120 3704 1219 3742 eos
1251 3702 1558 3755 coerceret,
1605 3705 1853 3760 quorum

198 3775 591 3830 aestuantium
640 3781 795 3829 metu
849 3776 1150 3845 peccandi,
1205 3776 1339 3831 licet
1384 3794 1554 3846 vano,
1604 3778 1856 3833 inﬁrmis

197 3881 398 3935 (equm
438 3869 565 3918 erat
594 3865 965 3919 conscientiis
998 3864 1241 3935 ignosci.
1278 3865 1349 3919 Ut
1380 3870 1445 3919 ut
1475 3882 1645 3936 porro
1689 3868 1855 3937 quis-

196 3970 312 4022 que
348 3952 421 4007 de
464 3951 559 4006 his
606 3958 849 4021 statuat,
883 3953 1018 4008 inde
1067 3954 1283 4009 factum
1332 3960 1422 4009 est
1472 3959 1534 4009 ut
1577 3970 1857 4025 oppressa

197 4041 445 4114 publice
508 4042 676 4096 saevis
728 4042 1144 4114 suppliciorum
1214 4043 1497 4114 exemplis
1557 4045 1853 4098 contradi-

197 4132 373 4186 cendi
422 4130 668 4185 libertas
702 4131 759 4185 in
811 4131 1082 4185 furtivam
1128 4131 1508 4186 maledicendi
1559 4131 1852 4187 licentiam

197 4224 565 4290 erumperet,
620 4219 943 4290 famosique
974 4219 1157 4275 libelli
1186 4220 1333 4275 clam
1369 4221 1636 4276 noctibus
1685 4238 1853 4293 spar—

194 4315 503 4380 gerentur,
555 4308 769 4377 quibus
819 4309 1160 4380 imperatori
1208 4311 1710 4378 exprobrabantur
1757 4327 1854 4365 ve-

198 4404 328 4452 tera
364 4395 587 4452 scelera
641 4396 826 4453 invasi
860 4398 1117 4469 perjurio
1149 4398 1379 4468 imperii
1410 4398 1853 4468 circumscripto

198 4486 435 4558 pupillo
467 4494 870 4557 exczecatoque
900 4502 1032 4541 vero
1064 4486 1309 4542 beerede.

273 4576 382 4630 His
433 4575 755 4646 imperator
784 4592 915 4630 cum
951 4575 1075 4631 suis
1125 4593 1303 4647 supra
1333 4577 1573 4632 modum
1622 4577 1857 4648 irritati,

196 4681 387 4735 quam
422 4664 482 4718 in
516 4669 782 4719 auctores
822 4664 1153 4720 libellorum
1179 4664 1302 4720 suis
1335 4665 1576 4721 latebris
1600 4671 1753 4722 tutos
1775 4668 1856 4721 ef-

196 4754 453 4809 fundere
484 4753 624 4807 iram
650 4755 993 4824 nequibant,
1028 4755 1083 4808 in
1111 4771 1209 4809 eos
1235 4756 1334 4827 qui
1366 4756 1743 4811 sustulissent
1764 4756 1855 4810 in-

196 4847 407 4897 ventos
438 4843 591 4912 apud
626 4858 805 4913 seque
838 4848 1102 4899 tenerent
1131 4886 1146 4913 ,
1181 4862 1481 4915 pinnarum
1511 4845 1853 4900 crudelitate

194 4932 524 4987 satiabant.
556 4932 699 4986 Nam
729 4937 784 4986 et
808 4933 981 5002 objici
1004 4933 1161 4998 talia,
1188 4940 1485 5004 utcunque
1515 4950 1670 5001 vera,
1690 4952 1851 4989 sum-

197 5039 362 5075 mam
393 5020 808 5076 contumeliam
836 5023 1158 5092 putabant:
1192 5028 1249 5077 et
1274 5022 1452 5092 hujus
1485 5023 1854 5079 contumelia:

197 5128 375 5167 veros
408 5116 680 5165 auctores
712 5127 809 5165 eos
840 5112 1224 5177 arbitrantur,
1256 5114 1355 5184 qui
1390 5112 1609 5167 nefaria
1638 5118 1695 5168 et
1723 5113 1847 5168 visu

200 5200 398 5271 primo
450 5199 738 5254 abolenda
777 5200 998 5270 scripta
1027 5218 1159 5256 cum
1187 5200 1299 5271 ipsi
1322 5202 1603 5272 legerent,
1623 5207 1751 5256 tum
1774 5202 1850 5257 le-

190 5290 392 5359 genda
422 5288 645 5343 caeteris
678 5293 995 5344 servarent.
1031 5290 1167 5346 Fixa
1196 5291 1371 5362 igitur
1401 5291 1459 5345 in
1493 5290 1728 5361 publico
1758 5290 1849 5346 lex

193 5385 290 5433 est
321 5379 503 5447 hujus
535 5378 877 5432 sententiae:
912 5401 938 5427 ‹‹
973 5378 1079 5442 Qui
1113 5380 1401 5435 famosum
1449 5379 1752 5445 invenerit,
1797 5381 1845 5435 si

193 5468 407 5535 legerit
440 5468 588 5539 ipse,
612 5467 660 5522 si
689 5467 787 5522 alii
808 5468 1038 5537 dixerit,
1064 5468 1111 5523 si
1137 5486 1251 5525 non
1278 5470 1475 5525 statim
1501 5470 1843 5524 combusse-

192 5560 296 5626 rit,
333 5558 381 5612 si
413 5559 566 5627 apud
600 5574 661 5612 se
712 5557 921 5611 habere
952 5558 1349 5629 deprehensus
1400 5559 1592 5629 fuerit,
1635 5558 1843 5628 capitis

191 5649 568 5703 damnator.»
600 5646 963 5712 Quaestiones
985 5646 1119 5703 inde
1141 5664 1302 5705 acres
1322 5650 1563 5718 diraque
1583 5648 1728 5704 492
1743 5648 1841 5718 ju-

1897 1818 1945 1883 B

1987 538 2168 589 μενον,
2202 517 2461 593 παρθενίᾳ
2505 523 2769 587 συζῶντα,
2821 518 2911 571 καὶ
2967 516 3347 590 ἐλεημοσύνην
3392 520 3483 572 καὶ
3531 522 3630 589 τὴν

1981 606 2116 680 πρὸς
2172 606 2264 659 τὸν
2305 604 2539 676 πλησίον
2600 605 2810 681 ἀγάπην
2871 606 3207 683 ἀσύγκριτον.
3272 605 3633 681 ἐξυπηρετού-

1985 715 2145 767 μενον
2179 692 2237 749 δὲ
2266 699 2335 769 τῇ
2396 692 2653 769 δεσποίνῃ
2711 699 2819 749 τῶν
2879 695 3165 767 ταμιείων,
3200 696 3283 763 ὃν,
3317 696 3430 749 ἐπεὶ
3467 692 3632 768 μόνον

1982 781 2127 859 ἔχων
2179 788 2428 839 τοιοῦτον
2482 784 2649 856 ἑάλω,
2701 782 2824 838 οὔτε
2865 786 2925 838 τὸ
2979 780 3201 846 εὐλαϐὲς
3256 781 3449 853 ἔσωζεν
3512 784 3635 841 οὕτε

1986 874 2092 945 μὴν
2152 876 2187 943 ἡ
2246 874 2378 949 ὑπὲρ
2440 872 2643 927 ἐκείνου
2715 880 2815 942 τῆς
2874 871 3162 944 δεσποίνης
3217 871 3427 943 σπουδή
3480 896 3634 949 περι-

1981 965 2299 1034 εποιήσατο,
2330 961 2475 1017 ἀλλά
2494 967 2599 1017 τῶν
2635 962 2899 1035 ὀμμάτων
2935 968 3138 1035 στερεῖν
3191 962 3428 1018 κελεύων
3467 962 3628 1037 μόλις

1979 1053 2046 1107 τά
2095 1060 2193 1122 τῆς
2229 1053 2529 1124 ξκολάσεως
2582 1051 2659 1114 εἲς
2716 1052 2777 1106 τὸ
2830 1051 3175 1127 ἀνεκτότερον
3234 1052 3481 1127 περιίστα
3540 1050 3629 1107 διὰ

1979 1143 2078 1210 τὴν
2105 1149 2204 1211 τῆς
2233 1139 2521 1212 δεσποίνης
2578 1142 2783 1215 συχνήν
2845 1142 3097 1197 ἱκετείαν.
3132 1140 3457 1215 Προστάσσει
3490 1142 3619 1218 γὰρ,

1982 1234 2066 1305 [Ρ.
2100 1233 2229 1303 336]
2278 1233 2366 1285 καὶ
2414 1230 2598 1303 ἄγεται
2630 1232 2657 1285 ὁ
2686 1232 3009 1305 κατάκριτος
3066 1232 3212 1305 παρὰ
3260 1232 3352 1285 τὸν
3406 1236 3504 1285 τοῦ
3531 1232 3626 1309 φό-

1981 1341 2079 1395 ρου
2135 1320 2295 1375 κίονα
2353 1319 2405 1374 ἐν
2466 1324 2933 1381 Κωνσταντιαναῖς
2971 1364 2983 1375 .
3031 1320 3129 1373 Καὶ
3184 1325 3301 1382 τοῖς
3338 1320 3629 1393 κληρικοῖς

1980 1410 2218 1479 ἀπαντᾷν
2254 1408 2563 1464 ἐπιστέλλει
2609 1410 2708 1479 τήν
2761 1408 3028 1483 ταχίστην
3089 1404 3256 1481 μηδὲν
3309 1406 3503 1474 εἷδόσι,
3535 1410 3625 1463 καὶ

1978 1502 2057 1569 τῷ
2108 1496 2263 1569 τόπῳ
2322 1496 2654 1574 ἐφίστασθαι.
2716 1496 3026 1572 Κληρικοὸς
3071 1494 3127 1549 δὲ
3157 1495 3371 1558 πάντως
3424 1495 3632 1567 ἐκάλει,

1983 1588 2236 1650 ὑπόπτως
2269 1588 2351 1642 ἀεὶ
2383 1588 2519 1661 πρὸς
2553 1587 2750 1649 αὐτοὺς
2810 1582 2978 1662 ἔχων,
3012 1588 3085 1649 ὡς
3116 1592 3233 1648 ταῖς
3293 1585 3367 1647 εἶς
3424 1586 3627 1642 ἐκεῖνον

1976 1677 2267 1751 τιμωρίαις
2301 1672 2661 1749 δεδιξάμενος.
2709 1678 2896 1737 ’Όσοις
2930 1674 3023 1730 οὖν
3073 1675 3175 1729 οὐκ
3223 1675 3274 1729 ἐν
3326 1672 3531 1745 εἷδήσει
3566 1676 3627 1742 ἦν

1975 1769 2043 1822 τὰ
2072 1768 2440 1839 πραττόμενα,
2496 1767 2836 1843 ἀφικνοῦντο·
2899 1766 2950 1818 οἱ
3001 1762 3047 1818 δ’
3088 1762 3289 1825 εἰδότες
3344 1764 3627 1840 ἐπραγμα-

1974 1857 2230 1912 τεύσαντο
2259 1858 2357 1925 τήν
2406 1857 2723 1934 ἀποφυγὴν,
2756 1856 2831 1918 ὡς
2888 1854 3033 1928 εἶχεν
3094 1850 3343 1914 ἕκαστος.
3414 1854 3625 1909 Ἰστῶσι

1972 1945 2154 2001 τοίνυν
2208 1948 2298 2001 τὸν
2360 1944 2547 2015 ἄνδρα,
2607 1944 2695 1999 καὶ
2748 1948 2941 2019 πρῶτα
3001 1943 3096 2017 μὶν
3145 1942 3240 2003 τὰς
3295 1941 3491 2016 τρίχας
3522 1950 3622 2013 τῆς

1972 2035 2217 2113 κεφαλῆς
2267 2036 2364 2090 οὐκ
2420 2035 2471 2089 ἐν
2521 2040 2641 2109 χρῷ
2691 2034 2985 2109 κείραντες,
3029 2034 3102 2093 ὡς
3158 2036 3461 2106 συνεργοῖεν
3499 2031 3622 2085 καί-

1974 2149 2087 2182 οντι
2140 2131 2217 2199 τῷ
2265 2125 2416 2201 πυρὶ,
2478 2120 2817 2197 ἐμϐάλλουσι
2847 2128 2953 2199 πῦρ
3009 2128 3125 2183 τοῖς
3157 2124 3385 2196 χάρταις
3420 2115 3619 2195 βεϐρά-

1972 2238 2091 2278 ναις
2143 2214 2259 2271 οὖσι
2313 2215 2403 2271 καὶ
2459 2214 2527 2288 τῇ
2586 2212 2797 2291 κεφαλῇ
2855 2211 3132 2276 ἐντιθεῖσιν
3180 2212 3253 2273 ὡς
3312 2212 3423 2283 ἅμα
3452 2208 3619 2284 ταύτῃ

1977 2442 2129 2495 dicia
2160 2441 2527 2511 frequentata
2559 2439 2630 2493 de
2663 2438 2769 2493 hoc
2799 2437 3066 2503 crimine,
3099 2437 3248 2506 quod
3295 2434 3621 2505 basilogra-

1974 2529 2179 2601 phium
2199 2528 2674 2600 nuncupabatur.
2702 2526 2889 2597 Hujus
2920 2530 2984 2580 ut
3005 2542 3138 2580 reus
3159 2526 3293 2595 quis
3317 2539 3619 2594 peragere-

1972 2622 2089 2687 tur,
2121 2618 2265 2673 satis
2296 2623 2418 2673 erat
2442 2616 2680 2687 reperiri
2716 2631 2895 2686 penes
2926 2631 3058 2669 cum
3084 2613 3339 2683 aliquem
3363 2613 3490 2682 ejus
3523 2626 3620 2681 ge-

1971 2708 2130 2762 neris
2162 2707 2449 2763 libellum.
2482 2705 2756 2761 Convicto
2792 2722 2949 2760 mors
2982 2704 3405 2759 intentabatur.

2254 2851 2343 2905 25.
2379 2852 2454 2903 De
2484 2848 2711 2906 Caloida
2740 2851 2787 2902 el
2819 2847 2885 2901 de
2924 2850 3141 2902 Joanne
3172 2846 3335 2899 Duca.

2041 2978 2223 3039 Quam
2250 2981 2445 3029 autem
2480 2991 2592 3028 non
2626 2990 2771 3027 vana
2807 2988 3104 3043 quamque
3136 2968 3621 3024 irrcvocabilisea

1968 3065 2243 3137 supplicii
2298 3063 2541 3119 extremi
2575 3062 2955 3117 comminatio
3007 3058 3199 3125 fuerit,
3234 3058 3466 3112 abunde
3517 3059 3617 3112 de-

1975 3154 2340 3222 monstravit,
2370 3154 2525 3223 quod
2550 3151 2794 3207 Caloidaa
2826 3149 3092 3218 contigit,
3125 3146 3246 3201 viro
3268 3146 3494 3201 eximiae
3527 3162 3618 3200 rc-

1978 3243 2211 3315 ligionis
2235 3256 2600 3311 summaeque
2614 3239 2968 3304 sanctitatis,
2986 3238 3042 3291 in
3057 3234 3391 3307 virginitate
3411 3236 3623 3289 viventi

1978 3332 2386 3401 exercentique
2419 3347 2481 3386 se
2513 3330 2749 3384 assidue
2781 3329 2838 3383 in
2870 3325 3259 3396 eleemosynis
3292 3341 3358 3379 ac
3399 3323 3624 3379 caeteris

1977 3424 2029 3479 id
2064 3440 2250 3493 genus
2281 3439 2419 3494 erga
2451 3423 2767 3493 proximos,
2810 3421 2937 3475 sine
2968 3416 3298 3472 differentia
3329 3414 3626 3470 delecluve

1976 3530 2383 3586 personarum,
2417 3510 2813 3566 misericordis
2836 3510 3142 3565 charitatis
3166 3506 3463 3578 operibus.
3488 3505 3625 3559 Erat

1975 3609 2170 3658 autem
2198 3602 2354 3657 idem
2388 3602 2457 3655 de
2485 3600 2706 3656 familia
2728 3596 3138 3670 imperatricis,
3161 3613 3348 3668 penus
3368 3596 3497 3666 ejus
3515 3610 3619 3649 cu-

1974 3709 2098 3747 ram
2135 3708 2363 3763 gerens.
2400 3690 2565 3745 Hunc
2595 3689 3011 3744 tantummodo
3044 3687 3255 3740 habere
3288 3686 3500 3739 librum
3538 3692 3619 3738 ta-

1972 3782 2086 3836 lem
2120 3782 2553 3852 deprebensum
2588 3796 2704 3834 non
2737 3795 2845 3833 sua
2868 3780 3052 3848 pietas
3081 3775 3345 3842 servavit,
3372 3791 3483 3829 non
3520 3792 3617 3844 pa-

1972 3877 2157 3926 trona)
2203 3873 2477 3940 Augustae
2525 3876 2807 3939 quantum
2861 3870 3055 3937 posset
3086 3880 3187 3933 pro
3239 3864 3352 3915 ﬁdo
3384 3867 3439 3917 et
3484 3878 3616 3916 caro

1970 3960 2182 4013 cliente
2228 3975 2294 4013 ac
2328 3958 2597 4012 ministro
2628 3955 2951 4025 satagentis
2997 3950 3339 4022 suﬂ‘ragalio
3384 3950 3613 4003 studio-

1969 4047 2205 4102 sissima
2229 4049 2494 4116 protexit.
2522 4044 2667 4100 Illud
2695 4044 2850 4098 enim
2878 4043 3159 4097 duntaxat
3178 4037 3616 4093 ardentissimis

1968 4142 2026 4191 et
2056 4135 2404 4191 creberrime
2426 4134 2800 4203 ingeminatis
2821 4131 3088 4201 conjugis
3107 4146 3225 4184 suae
3257 4145 3358 4199 pro
3380 4127 3615 4181 Caloida

1970 4226 2240 4296 precibus
2268 4224 2360 4278 vix
2390 4224 2626 4277 tandem
2660 4225 2957 4293 Augustus
2991 4220 3268 4275 relaxavit
3302 4261 3316 4285 ,
3349 4222 3411 4271 ut
3443 4233 3612 4286 poena

1970 4313 2175 4369 mortis
2202 4315 2259 4367 in
2289 4311 2729 4367 exctecationem
2756 4314 3099 4364 mutaretur.
3124 4308 3303 4363 Jussu
3328 4321 3463 4376 ergo
3483 4306 3612 4375 ejus

1969 4405 2282 4458 damnatus
2313 4403 2381 4457 ad
2412 4401 2515 4458 fori
2549 4400 2884 4455 columnam
2910 4398 2967 4452 in
3000 4395 3433 4453 Constantianis
3455 4394 3615 4448 sisti-

1966 4498 2081 4548 tur.
2112 4493 2487 4547 Advocantur
2524 4491 2727 4546 eodem
2760 4493 2816 4543 et
2846 4486 3061 4555 clerici,
3096 4484 3397 4556 repentino
3428 4500 3613 4553 eoque

1889 4554 1936 4615 D
1968 4584 2085 4636 acri
2117 4598 2182 4636 ac
2214 4581 2389 4635 minis
2421 4580 2480 4633 in
2522 4582 2862 4633 cunctantes
2907 4576 3129 4630 sancito
3170 4573 3379 4639 accitu,
3423 4572 3610 4643 ignari

1966 4687 2140 4740 quam
2193 4671 2265 4725 ob
2299 4686 2559 4723 causam.
2591 4669 2811 4722 Adesse
2843 4671 3035 4720 autem
3070 4680 3168 4717 eos
3188 4661 3413 4731 idcirco
3448 4661 3608 4731 prin-

1965 4776 2101 4829 ceps
2136 4758 2339 4826 voluit,
2375 4762 2437 4811 ut
2460 4772 2647 4826 genus
2680 4755 2734 4808 id
2762 4753 3068 4808 hominum
3104 4752 3211 4806 sibi
3248 4750 3472 4803 dudum
3497 4766 3604 4803 con

1966 4848 2232 4902 tumacia:
2266 4852 2605 4916 suspectum
2639 4842 2901 4914 exemplo
2929 4842 3039 4897 diri
3064 4840 3338 4911 supplicii
3362 4844 3609 4893 terrere-

1963 4942 2081 4992 tur.
2115 4938 2459 5005 Quicunquc
2490 4935 2668 5005 igitur
2698 4949 2764 4986 ex
2798 4934 2868 4986 iis
2921 4931 3059 5000 quid
3096 4928 3409 5000 spectaturi
3442 4944 3605 4981 voca-

1963 5030 2167 5079 rentur
2209 5024 2575 5093 ignorarunt,
2611 5038 2725 5091 quo
2748 5020 3121 5090 jubebantur
3152 5022 3291 5073 sunt
3333 5013 3605 5086 profecti;

1960 5116 2060 5185 qui
2096 5130 2214 5168 rem
2240 5112 2891 5183 praesenserant,fugam
2911 5110 3289 5180 expedierunt
3310 5122 3425 5176 qua
3452 5104 3610 5174 quis-

1959 5219 2072 5273 que
2106 5202 2295 5272 potuit
2340 5198 2660 5254 tutissime.
2710 5199 2995 5253 Perducto
3027 5198 3098 5251 ad
3131 5196 3329 5251 lucum
3361 5192 3603 5247 Caloida:

1957 5310 2123 5347 coma
2157 5292 2398 5347 detonsa
2429 5296 2563 5357 est.,
2594 5305 2707 5343 non
2755 5290 2824 5343 ad
2859 5293 3077 5353 cutem,
3123 5286 3225 5340 sed
3258 5283 3389 5353 pilis
3441 5298 3473 5334 a
3504 5297 3601 5334 ra-

1956 5384 2083 5438 dice
2113 5384 2181 5437 ad
2218 5380 2477 5451 aliquam
2510 5380 2701 5434 adhuc
2723 5378 3090 5432 altitudinem
3126 5374 3340 5429 relictis
3365 5376 3596 5425 exstan-

1954 5473 2140 5537 tibus,
2172 5478 2237 5526 ut
2269 5470 2546 5542 pabulum
2581 5468 2698 5539 igni
2732 5473 2930 5522 essent
2960 5483 3058 5537 per
3090 5465 3196 5518 hos
3228 5460 3431 5516 intime
3462 5457 3594 5529 pel-

1953 5562 2064 5618 lem
2100 5562 2286 5633 ipsam
2328 5577 2394 5615 ac
2424 5558 2641 5613 calvam
2694 5555 2951 5611 ambusti
2982 5552 3213 5607 verticis
3256 5564 3590 5621 pervasuro.

1949 5652 2265 5724 Applicatte
2296 5649 2508 5704 dehinc
2559 5650 2833 5716 arcteque
2862 5660 3156 5717 appressaa
3188 5638 3384 5695 miseri
3417 5638 3595 5710 capiti
