3912 6192
239 316 344 371 957

1319 330 1414 380 οε
1454 326 1827 382 menaeus
1867 314 2311 384 PALEOLOGO
2346 332 2480 382 LIB.
2523 331 2616 383 vr.

3543 321 3651 376 958

242 440 367 494 ὅτου
422 442 544 515 περ’
597 448 714 505 τοῖς
775 443 1050 520 ὀχληροῖς
1105 448 1458 523 προσέκυρσε,
1516 448 1605 503 καὶ
1661 448 1883 521 μεγίστη
1917 444 2059 517 Αδὶ
2112 449 2200 503 καί
2262 449 2649 522 Κωνσταντίνῳ
2700 456 2778 521 τῷ
2835 448 3202 523 Ἀκροπολίτῃ
3254 447 3343 500 καὶ
3401 448 3479 518 τῷ
3524 454 3657 502 Θεο-

241 536 409 607 μοῖρα
464 536 573 587 τῶν
638 530 711 594 εἷς
769 536 831 589 τὸ
894 534 1127 611 μετρίως
1190 533 1392 611 δίάγειν
1427 536 1726 607 ἐλπίδωνὴ
1760 536 1896 613 πρὸς

234 621 326 675 τὸν
390 619 619 696 βασιλέα
682 623 1013 694 ὑποποίησις
1067 625 1435 703 κατεφαίνετο.
1499 628 1613 695 Τῆς
1673 628 1765 699 μὲν
1802 624 1891 680 οὗν

232 716 406 783 τιμῆς
455 708 644 784 ἐκείνῳ
689 709 926 767 ἐλάττων
982 715 1202 790 φροντὶς
1262 716 1349 783 ἦν.
1408 717 1470 770 τὸ
1525 714 1581 771 δὲ
1637 736 1894 791 πατριαρ-

235 798 475 872 χεύοντα
544 797 791 869 διακενῆς
851 800 1195 879 ἐνοχλεῖσθαι
1247 803 1343 860 ’ίσα
1398 806 1485 860 καὶ
1547 810 1625 877 τῷ
1681 804 1893 878 θανάτῳ

232 886 419 952 ἐτίθει.
475 891 546 945 "0
596 886 661 959 δὴ
714 891 803 945 καὶ
836 890 895 946 ἐκ
918 897 1014 946 τοῦ
1045 894 1453 969 προστυχόντος
1488 896 1890 968 ὑπονοούμενον

231 980 304 1047 ἦν
336 980 728 1051 τεθυμωμένου
756 985 853 1035 τοῦ
905 981 1176 1055 βασιλέως
1206 984 1281 1045 εἰς
1322 986 1481 1040 ἅπαν.
1532 985 1607 1040 Τὸ
1651 984 1755 1060 γάρ
1802 984 1892 1037 καὶ

228 1066 358 1127 τοὺς
413 1064 650 1130 οἰκείους
694 1065 1042 1139 διασείεσθαι,
1104 1072 1193 1125 καὶ
1255 1074 1337 1133 οἷς
1398 1068 1458 1126 ἂν
1490 1070 1689 1134 ἐκεῖνος
1737 1071 1891 1148 έθάρ-

231 1154 316 1230 ῥει
380 1157 594 1229 μᾶλλον
657 1158 732 1219 ὡς
790 1160 917 1233 παρ’
949 1158 1137 1231 ἐκείνῳ
1184 1160 1580 1234 τεθραμμένοις
1608 1161 1695 1215 καὶ
1731 1157 1890 1231 δόξης

227 1249 492 1320 τυχοῦσιν
530 1290 542 1313 ,
602 1244 808 1300 ἀθετεῖν
890 1248 983 1319 μὲν
1054 1249 1121 1303 τὰ
1179 1250 1504 1323 συγκείμενα
1572 1248 1686 1304 οὐδ’
1743 1248 1889 1312 ὅλως

233 1333 433 1405 ἐποίει,
486 1335 547 1388 τὸ
603 1332 660 1388 δὲ
716 1334 852 1409 πρὸς
908 1337 998 1390 τὸν
1051 1336 1523 1412 πατριαρχεύοντα
1572 1339 1669 1400 τὰς
1716 1337 1890 1400 αἰτίας

228 1420 387 1496 ἄγειν
442 1426 497 1495 (ἠ
566 1423 669 1497 γὰρ
727 1424 973 1502 ἀναφορά
1027 1429 1124 1479 τοῦ
1184 1423 1493 1481 σκανδάλου
1551 1425 1698 1504 σφίσι
1756 1428 1891 1501 πρὸς

223 1509 440 1565 ἐκεῖνον
497 1511 585 1579 ἦν,
648 1513 721 1574 ὡς
781 1511 990 1587 ἔλεγον,
1022 1514 1280 1591 ἀσφαλεῖς
1326 1517 1387 1570 τὸ
1444 1518 1561 1570 κατ’
1592 1516 1746 1570 αὐτὸν
1783 1522 1888 1570 Λα-

214 1600 435 1667 τίνους,
484 1597 633 1675 παρά
695 1603 865 1674 μόνην
897 1603 997 1672 τὴν
1048 1602 1100 1657 ἐν
1160 1608 1240 1676 τῷ
1301 1599 1520 1677 συϐόλῳ
1579 1604 1888 1680 πρόσθεσιν,

220 1689 503 1765 κρίνοντα)
562 1686 782 1762 ἕτοιμον
816 1689 883 1760 ἦν
943 1690 1000 1745 ἐκ
1056 1698 1151 1746 τοῦ
1210 1691 1376 1768 ῥᾷστα
1423 1693 1513 1748 καὶ
1572 1698 1889 1769 προφανῶς,

2003 532 2165 611 δώρῳ
2198 537 2552 608 Μουζάλωνι,
2595 537 2668 593 ὦν
2718 540 2809 594 τὸν
2844 539 2936 611 μὲν
2990 537 3138 611 παρά
3190 540 3289 590 τοῦ
3330 535 3531 609 πατρὸς
3554 542 3652 591 τοῦ

2006 623 2247 700 μεγάλου
2290 628 2378 700 [Ρ.
2412 631 2537 699 338]
2586 628 2880 703 λογοθέτου
2930 621 3113 680 λαϐὼν
3166 626 3333 698 ἀνῆγε
3379 622 3649 678 παιδεύων

1999 715 2086 768 καὶ
2149 715 2347 770 οἰκεῖον
2409 717 2742 771 ἀποκαθίστα
2797 716 2849 779 ές
2905 716 2986 769 δτι
3040 714 3295 788 μάλιστα,
3357 713 3447 766 τὸν
3505 711 3561 766 δὲ
3592 712 3651 767 ἐκ

2002 812 2399 877 στρατιωτικῆς
2436 806 2629 879 μοίρας
2685 801 2967 861 ἀναλαϐὼν
3027 805 3115 858 καὶ
3160 807 3275 863 τοῖς
3331 803 3647 873 μαθήμασιν

2000 890 2185 955 ἐνδοὺς
2258 892 2585 969 ένσχολάσαι
2648 894 2943 967 λογοθέτην
3000 897 3106 946 τῶν
3166 894 3395 965 γενικῶν
3470 889 3651 962 ἐτίμα,

2001 983 2250 1054 συζεύξας
2300 981 2375 1043 εἷς
2418 984 2647 1057 γυναῖκά
2695 983 2745 1036 οἱ
2795 981 2887 1036 καὶ
2934 983 3035 1048 τήν
3068 985 3165 1034 τοῦ
3198 982 3649 1048 Καντακουζηνοῦ

2003 1070 2287 1146 θυγατέρα,
2328 1070 2417 1125 καὶ
2480 1069 2666 1144 μεσίτῃ
2712 1076 2819 1125 τῶν
2870 1074 3067 1124 κοινῶν
3115 1069 3339 1143 ἐχρῆτο.
3392 1068 3497 1123 Τὸν
3555 1069 3647 1138 μὲν

2001 1159 2092 1213 οὖν
2154 1160 2562 1235 Ἀκρυπολίτην
2614 1162 2702 1216 καὶ
2752 1162 3245 1233 ἀποπροσεποιεῐτο
3291 1158 3379 1211 καὶ
3420 1163 3648 1231 κρείττω

1997 1253 2105 1302 τῶν
2160 1251 2275 1303 κατ’
2327 1249 2529 1303 ἐκεῖνον
2590 1250 2682 1304 τὸν
2744 1248 2913 1321 θυμὸν
2972 1250 3094 1322 ἦγε,
3128 1252 3205 1317 τῷ
3235 1243 3291 1299 δὲ
3325 1244 3648 1313 Μουζαλωνι

1998 1338 2086 1392 καὶ
2134 1337 2257 1392 λίαν
2291 1337 2635 1413 χολούμενος
2691 1342 2777 1407 ἦν.
2837 1342 2923 1408 Τῷ
2977 1357 3062 1390 τοι
3094 1335 3183 1389 καὶ
3216 1334 3494 1395 ἐνστάντος
3523 1355 3650 1387 και-

2002 1432 2097 1502 ροῦ
2145 1423 2431 1501 πρεσϐείας
2488 1429 2625 1502 πρὸς
2672 1428 2917 1499 Ῥώμην,
2971 1423 3260 1502 ἀφειμένος
3289 1427 3395 1475 τῶν
3459 1420 3641 1476 ἄλλων

1999 1515 2025 1570 ὁ
2082 1516 2336 1590 βασιλεὺς
2379 1517 2514 1571 κατά
2544 1522 2756 1592 πεῖραν,
2792 1516 2966 1587 οἶμαι,
3026 1512 3192 1568 πλέον
3252 1510 3441 1585 ἐπεῖχε
3470 1510 3647 1581 τούτῳ

1996 1606 2063 1660 τὰ
2111 1612 2211 1675 τῆς
2263 1602 2552 1681 πρεσϐείας
2613 1602 2978 1674 ἀναδέξασθαι.
3039 1604 3125 1663 Ὡς
3180 1599 3236 1655 δὲ
3296 1599 3645 1675 προστάσσων

1999 1692 2152 1749 οὐδὲν
2211 1694 2342 1765 ἤνυε
2372 1694 2539 1749 πλέον
2571 1699 2669 1747 τοῦ
2701 1692 2875 1748 δοκεῖν
2935 1696 3105 1769 κωφῷ
3158 1690 3520 1765 προλέγεσθαι
3561 1690 3649 1742 καί

217 1778 316 1833 καὶ
379 1777 787 1856 ἀμφοτέρωθεν,
849 1776 909 1835 ἔκ
959 1802 1017 1835 τε
1078 1781 1349 1857 βασιλέως
1394 1784 1482 1837 καὶ
1510 1788 1617 1837 τῶν
1651 1783 1891 1859 πασχόν-
1921 1814 1965 1879 Β
1996 1805 2056 1858 γε
2084 1783 2275 1861 τυφλῷ
2321 1788 2401 1856 τῷ
2429 1784 2608 1856 τούτῳ
2642 1778 2931 1850 διανεύειν,
2976 1782 3065 1835 καὶ
3095 1784 3129 1848 ἡ
3156 1778 3301 1834 αἰτία
3329 1782 3427 1847 τῆς
3458 1799 3652 1853 παραι-

253 1872 285 1879 -
427 1868 439 1879 .
502 1863 528 1879 ..
579 1866 597 1879 ς
776 1868 787 1879 .
838 1873 865 1879 _
1045 1870 1056 1879 .
1314 1869 1327 1879 .
1406 1871 1416 1879 .
1590 1872 1601 1879 .
1692 1874 1704 1879 -
1826 1874 1838 1879 -
2052 1873 2061 1879 .
2298 1872 2310 1879 .
2424 1874 2436 1879 -
2532 1872 2542 1879 .
2777 1871 2788 1879 .
2841 1871 2850 1879 ,
3122 1873 3144 1879 _
3286 1866 3298 1879 κ
3381 1866 3393 1879 .
3585 1867 3597 1879 .

214 1872 358 1939 τῶν,
420 1868 448 1921 ὁ
499 1863 675 1942 ὄχλος
732 1868 879 1940 αύτῷ
910 1870 1246 1942 περιίστατο,
1310 1869 1516 1926 ἐκείνου
1550 1872 1641 1944 μὲν
1676 1874 1750 1934 ὡς
1780 1874 1878 1941 τὴν

213 1961 335 2010 τῶν
369 1955 583 2010 οἰκείων
618 1954 977 2020 ἀπολωλότος
1012 1955 1243 2031 εὔνοιαν,
1301 1965 1408 2014 τῶν
1460 1958 1516 2015 δὲ
1546 1964 1632 2015 καὶ
1665 1958 1734 2015 δι’
1784 1960 1882 2016 αύ-

210 2044 311 2099 τὸν
368 2045 695 2120 πασχόντων
751 2048 824 2119 μὴ
880 2046 1050 2101 ἐῶντα
1096 2047 1161 2101 τὰ
1190 2046 1540 2123 πεπραγμένα
1584 2055 1664 2121 τῷ
1696 2050 1881 2126 χρόνῳ

216 2132 449 2207 μᾶλλον
483 2131 887 2210 ύποχαλᾶσθαι.

211 2295 322 2357 κς’.
387 2292 469 2348 Τά
531 2292 667 2346 κατά
723 2294 812 2347 τὸν
875 2291 1178 2370 λογοθέτην
1236 2299 1333 2349 τοῦ
1387 2300 1600 2370 γενικοῦ
1658 2298 1879 2365 Μουζά-

1013 2387 1140 2421 ωνα.

285 2493 477 2546 Τοῦτο
534 2484 727 2559 ξυνέϐη
784 2490 875 2544 καὶ
934 2489 1129 2553 ἄλλοις
1186 2490 1487 2562 πλείστοις,
1547 2487 1880 2565 ξυμϐεϐήκιι

215 2707 463 2761 fructus
495 2704 677 2776 hujus
704 2705 856 2763 495
888 2707 1152 2778 obsequii
1188 2724 1301 2764 non
1336 2725 1549 2780 parvus
1608 2708 1695 2765 illi
1746 2727 1883 2766 con-

210 2796 399 2850 stitit.
435 2793 584 2850 Nam
620 2800 919 2867 utcunque
953 2812 1067 2851 non
1100 2797 1384 2867 probabat
1409 2798 1729 2870 imperator
1745 2816 1883 2856 con-

211 2884 581 2940 troversiam
613 2884 683 2939 de
714 2885 986 2956 dogmate
1017 2886 1258 2953 moveri,
1292 2890 1347 2941 et
1375 2885 1434 2942 in
1461 2888 1620 2959 pacis
1649 2889 1880 2961 negotio

210 2971 484 3028 ulterius
516 2989 637 3027 rem
671 2973 907 3044 provehi
931 2991 1105 3045 quam
1127 2980 1432 3047 pactorum
1458 2982 1877 3035 conventorum

208 3078 357 3118 cum
390 3060 618 3116 Latinis
650 3063 891 3134 praecise
922 3064 1276 3120 tuendorum
1312 3068 1631 3122 necessitas
1676 3084 1877 3139 posce-

1994 1873 2205 1942 τήσεως
2258 1872 2355 1927 οὐκ
2410 1872 2673 1947 ἠγνόητο,
2732 1871 2920 1925 αὐτίκα
2975 1873 3149 1941 Θυμοῦ
3205 1866 3328 1941 πρὶν
3376 1866 3640 1940 ἐγκρατὴς

1992 1958 2065 2014 ὤν
2096 1962 2293 2031 ἠττᾶτε
2347 1960 2489 2029 τότε,
2547 1961 2635 2015 καὶ
2691 1966 2772 2033 τῷ
2810 1958 3031 2036 ἀδελφῷ
3078 1955 3397 2032 προστάξας,
3459 1955 3515 2008 ὃν
3548 1954 3640 2009 καὶ

1992 2049 2077 2104 ἐπὶ
2156 2054 2264 2104 τῶν
2341 2049 2654 2125 εἰσαγωγῶν
2734 2050 2901 2123 εἶχεν,
2963 2046 3167 2102 ἐκείνου
3231 2043 3641 2117 μεσιτεύσαντος

1989 2140 2087 2207 τήν
2168 2140 2463 2211 ὑπηρεσίαν
2540 2138 2757 2203 πολλάς
2831 2139 2921 2194 καὶ
2980 2138 3195 2213 βαρείας
3265 2134 3503 2206 ἐντείνει,
3565 2134 3639 2195 ὡς

1994 2226 2136 2300 μηδὲ
2187 2232 2283 2298 τὴν
2344 2229 2394 2284 ἓν
2456 2230 2613 2303 χερσὶ
2678 2230 2973 2302 βακτηριαν
3004 2230 3247 2301 συνεχῶς
3290 2222 3637 2293 πλήττουσαν

1987 2322 2066 2389 τῷ
2106 2320 2223 2372 κατ’
2266 2317 2468 2372 ἐκείνου
2523 2316 2787 2393 βασιλείῳ
2842 2318 2997 2388 θυμῷ
3049 2314 3291 2388 ἀρκέσαι,
3350 2310 3497 2366 ἀλλά
3547 2312 3637 2364 καὶ

1986 2408 2187 2479 ταύτης
2247 2408 2581 2480 ἀπειπούσης
2638 2412 2705 2481 τῇ
2764 2406 2983 2481 θραύσει
3039 2404 3217 2474 ἀλλην
3268 2402 3638 2478 παραληφθῆ-

1986 2516 2097 2564 ναι,
2149 2498 2211 2552 ἰὸ
2243 2496 2450 2569 ἐκείνης
2482 2494 2639 2573 ἔργον
2666 2495 3191 2572 ἀναπληρώσουσαν.
3253 2491 3413 2550 Ἀλλ’
3445 2490 3543 2545 οὐκ
3572 2489 3638 2559 ἦν

2261 2717 2351 2771 26.
2388 2720 2465 2773 De
2488 2715 2767 2789 logotheta
2796 2716 3058 2789 generali
3086 2712 3403 2772 Muwlone.

2064 2802 2145 2857 Ex
2203 2802 2317 2876 his,
2387 2810 2591 2876 praeter
2668 2804 2813 2861 alios
2887 2804 3171 2875 plurimos
3240 2799 3638 2857 stomachatos

1993 2888 2050 2946 in
2084 2895 2337 2949 Veccum
2367 2911 2481 2949 non
2515 2895 2779 2966 impune,
2814 2895 2926 2949 duo
2957 2910 3071 2965 pra:
3114 2891 3336 2947 caeteris
3382 2891 3641 2955 fuerunt,

1992 2984 2412 3039 Constantinus
2476 2982 2803 3054 Acropolita
2859 2986 2924 3049 et
2991 2981 3334 3037 Theodorus
3390 2977 3637 3045 Muzalo,

1991 3082 2262 3142 quorum,
2320 3072 2641 3143 praesertim
2716 3071 3056 3137 Muzalonis,
3107 3084 3279 3124 casus
3354 3066 3447 3120 hic
3513 3082 3636 3120 me-

206 3156 323 3222 ret,
387 3166 625 3206 summa
694 3152 952 3223 perstitit
999 3154 1331 3210 constantia
1392 3156 1449 3210 in
1520 3144 1952 3229 protegendoC
1994 3160 2207 3215 morari
2266 3178 2379 3216 non
2441 3162 2546 3216 abs
2607 3177 2665 3217 re
2722 3161 2928 3232 Opinor
3003 3159 3198 3213 fuerit.
3266 3156 3485 3210 Horum
3562 3153 3636 3207 il-

200 3244 428 3305 Vecco,
464 3255 661 3310 quem,
687 3244 752 3294 ut
774 3236 914 3309 dixi,
938 3241 1182 3312 publieae
1242 3244 1462 3314 passim
1493 3246 1739 3316 querelae
1758 3249 1878 3301 tra~

200 3329 517 3384 ducebant
551 3328 717 3400 quasi
755 3329 975 3385 fontem
1001 3336 1177 3402 atque
1221 3338 1520 3388 auctorem
1575 3336 1880 3405 perturba-

204 3422 454 3475 tionum
495 3419 896 3489 praesentium,
924 3419 1140 3475 idcirco
1173 3423 1329 3493 quod
1366 3423 1520 3479 haud
1572 3428 1882 3482 contentus

203 3515 523 3578 utcunque
557 3507 789 3562 tolerari
840 3510 1232 3582 usurparique
1289 3510 1692 3579 concordiam,
1741 3530 1881 3573 con-

204 3599 487 3653 tenderet
520 3594 762 3669 insuper
787 3598 1193 3656 demonstrare
1227 3598 1378 3657 recte
1402 3602 1619 3658 sentire
1645 3604 1881 3661 Latinos

202 3688 259 3741 in
298 3688 592 3757 dogmate
623 3686 694 3741 de
721 3688 1094 3758 processione
1137 3690 1327 3746 sancti
1372 3692 1649 3763 Spiritus,
1694 3711 1759 3749 ac
1788 3693 1881 3750 vix

205 3776 457 3848 culpam
494 3792 692 3831 eorum
726 3775 907 3832 levem
938 3787 1280 3849 agnosceret
1317 3782 1599 3837 duntaxat
1626 3783 1681 3838 in
1714 3784 1879 3839 addi-

201 3867 375 3920 tione
410 3864 488 3919 ad
522 3863 854 3935 symbolum
891 3870 1252 3923 attentanda.
1288 3871 1404 3924 Hac
1458 3871 1882 3929 incredibiliter

203 3954 551 4010 efferabant
584 3953 996 4027 plerorumque
1031 3957 1279 4013 animos.
1314 3958 1640 4031 Opinioque
1672 3962 1882 4018 multo-

209 4062 349 4099 rum
393 4059 512 4097 non
548 4042 948 4099 inverisimilis
980 4045 1109 4112 fuit,
1144 4047 1191 4101 si
1224 4046 1294 4102 ab
1348 4048 1438 4103 his
1468 4049 1691 4105 Veccus
1731 4056 1877 4107 tem-

202 4135 509 4205 perasset,
543 4132 809 4187 futurum
835 4133 1015 4189 fuisse
1041 4140 1103 4190 ut
1126 4140 1341 4192 sensim
1384 4138 1880 4196 fervor.schisma-

198 4222 274 4278 tis
311 4224 771 4277 consenesceret
802 4221 1087 4289 etfcuncta
1110 4228 1368 4295 tempore
1390 4228 1460 4281 ad
1488 4228 1879 4299 tranquillita-

201 4316 322 4368 tem
365 4314 897 4382 componerentur.
958 4312 1102 4368 Cum
1137 4314 1318 4385 igitur
1364 4333 1429 4371 ex
1464 4317 1555 4373 his
1602 4318 1766 4374 fieret
1815 4322 1878 4374 ut

201 4399 490 4471 quotidie
531 4398 863 4454 fervidiores
915 4401 1152 4472 quidam
1200 4402 1320 4459 zelo
1370 4403 1703 4462 inconsulto
1738 4424 1873 4478 pro-

1989 3247 2113 3304 lum
2148 3249 2382 3320 quidem
2436 3266 2466 3305 a
2500 3256 2663 3323 patre
2714 3266 2925 3321 magno
2973 3247 3269 3319 logotheta
3326 3247 3631 3313 acceptum

1986 3337 2263 3393 educarat
2322 3341 2473 3411 apud
2520 3357 2580 3395 se
2628 3338 3051 3409 iuformarique
3109 3334 3349 3407 optimis
3401 3332 3631 3387 artibus

1987 3435 2215 3484 curarat
2274 3428 2614 3500 imperator,
2664 3428 2894 3499 sibique
2966 3430 3088 3495 jam
3173 3424 3379 3478 intime
3428 3422 3631 3476 admo-

1986 3522 2111 3572 tum
2147 3518 2300 3572 498
2344 3516 2401 3572 in
2454 3516 2937 3573 familiarissimis
2971 3516 3237 3570 habebat.
3286 3512 3451 3567 Hunc
3500 3525 3631 3565 vero

1986 3607 2235 3662 ascitum
2296 3625 2363 3662 ex
2425 3608 2661 3661 militari
2732 3607 2960 3671 ordine,
3035 3611 3089 3659 et
3139 3604 3352 3658 litteris
3398 3616 3462 3655 ac
3510 3600 3632 3654 diss

1985 3696 2214 3767 ciplinis
2237 3714 2342 3752 suo
2374 3702 2613 3768 sumptu
2640 3698 2876 3767 jussum
2900 3695 3109 3760 imbui,
3139 3692 3443 3762 logothetze
3466 3706 3634 3760 gene-

1985 3786 2122 3842 ralis
2144 3786 2428 3856 dignitate
2450 3785 3184 3853 honoraverat;eodemque
3202 3787 3370 3836 aucto
3391 3782 3633 3849 insuper

1983 3876 2040 3929 in
2076 3875 2393 3947 potentiam
2448 3874 2727 3929 afﬁnitate
2770 3872 3077 3945 splendida
3126 3872 3283 3941 (nam
3331 3869 3413 3922 illi
3450 3868 3628 3921 filiam

1985 3965 2371 4019 Cantacuzeni
2422 3965 2584 4017 dedit
2636 3963 2967 4033 conjugem)
3016 3957 3321 4031 principali
3356 3956 3625 4009 ministro

1983 4052 2039 4107 in
2076 4051 2441 4124 publicarum
2471 4070 2661 4107 rerum
2687 4050 3110 4121 gubernatione
3134 4048 3424 4110 utebatur,
3452 4050 3627 4113 atque

1982 4142 2041 4196 in
2067 4141 2388 4213 Acropolita
2412 4142 2650 4213 quidem
2694 4140 3026 4195 ulciscendo
3068 4139 3213 4192 iram
3248 4136 3305 4189 in
3340 4137 3627 4205 potestate

1984 4248 2151 4287 suam
2203 4230 2429 4293 habuit,
2489 4248 2604 4287 non
2660 4229 2908 4285 ulterius
2958 4227 3202 4281 saeviens
3260 4240 3435 4297 quam
3490 4237 3626 4276 eum

1983 4320 2262 4393 privando
2312 4320 2437 4376 loco
2487 4318 2685 4389 gratiae
2734 4334 2905 4390 quem
2963 4316 3125 4387 prius
3168 4314 3452 4369 tribuerat
3509 4316 3566 4365 et
3596 4327 3629 4365 a

1984 4428 2087 4465 sua
2121 4409 2514 4465 familiaritate
2546 4408 2932 4463 removendo:
2979 4407 3035 4460 in
3068 4404 3421 4459 Muzalonem
3474 4405 3629 4455 totas

197 4491 567 4561 rumperent
608 4489 678 4541 ad
712 4490 1042 4559 negandam
1094 4491 1434 4562 imperatori
1483 4495 1871 4551 obedientiam
1905 4499 1952 4563 D
1987 4499 2247 4554 habenas
2279 4499 2595 4554 iracundiae
2626 4498 2859 4553 laxavit.
2894 4496 3035 4551 Cum
3086 4494 3240 4549 enim
3293 4508 3426 4548 eum
3458 4506 3625 4545 occa-

206 4578 266 4633 in
315 4579 395 4633 iis
451 4594 583 4648 quae
636 4577 705 4630 ad
761 4578 1185 4635 observandam
1238 4597 1439 4653 pacem
1486 4584 1651 4654 juxta
1702 4591 1869 4655 pacta

196 4664 659 4739 praescribebat,
692 4665 983 4737 iidemque
1018 4668 1411 4739 patriarcham
1454 4673 1764 4745 transfugii
1799 4674 1870 4729 ad

199 4763 413 4829 partes
453 4750 791 4809 Latinorum
843 4756 1319 4827 criminarentur,
1364 4760 1680 4831 imperator
1728 4780 1869 4817 con-

193 4843 392 4901 temni
430 4859 498 4897 se
530 4841 929 4898 inobedientia
960 4844 1337 4901 subditorum
1370 4848 1692 4919 patientius
1726 4850 1871 4906 tole-

193 4933 463 4999 rans,ita
487 4932 899 4987 exardescebat
920 4950 1021 5005 pro
1042 4935 1373 5005 patriarcha
1396 4941 1458 4991 ut
1480 4938 1626 4993 istas
1652 4940 1709 4993 in
1736 4956 1868 4996 eum

189 5024 470 5094 jactatas
497 5020 903 5076 accusationes
940 5029 1123 5079 morte
1159 5026 1324 5096 pejus
1367 5028 1617 5081 aversari
1641 5028 1865 5085 videre-

196 5118 320 5167 tur.
362 5114 508 5164 Cum
545 5114 741 5163 autem
774 5110 883 5165 hoc
917 5113 1152 5168 nomine
1183 5114 1557 5170 vehementer
1593 5114 1869 5175 irascere-

193 5205 295 5255 tur
340 5197 578 5252 cunctis
630 5214 698 5252 ex
736 5214 1088 5270 quocunque
1138 5203 1339 5257 ordine
1391 5220 1453 5258 ac
1495 5220 1728 5275 genere,
1764 5208 1865 5280 qui

194 5290 349 5344 talia
373 5292 973 5353 murmurarent,tum
998 5289 1490 5361 impotentissime
1514 5295 1863 5367 indignaba-

198 5386 303 5434 tur
336 5378 576 5449 quoties
610 5376 662 5431 id
720 5375 849 5432 lilOS
894 5394 1059 5447 agere
1106 5381 1357 5449 videbat,
1392 5399 1539 5455 quos
1584 5384 1866 5443 charitate

194 5469 510 5542 praecipua
533 5467 873 5540 complexus
914 5470 1221 5526 educasset
1247 5490 1279 5527 a
1312 5474 1527 5544 pueris,
1562 5476 1867 5534 extulisset

197 5557 565 5622 honoribus,
602 5557 848 5627 ideoque
879 5558 947 5611 ad
984 5558 1214 5629 quidvis
1264 5561 1375 5616 sibi
1418 5564 1860 5635 obsequendum

197 5648 557 5721 ingentibus
585 5646 698 5702 sibi
728 5651 1058 5705 auctoratos
1093 5651 1390 5709 beneﬁciis
1422 5655 1697 5712 crederet.

1980 4588 2141 4643 sione
2201 4590 2343 4642 forte
2404 4589 2660 4643 instante
2718 4585 2988 4640 mittendi
3062 4582 3285 4651 legatos
3356 4585 3623 4645 Romam,

1982 4676 2343 4749 explorandi,
2380 4682 2440 4731 ut
2478 4676 2706 4747 opinor,
2740 4677 2867 4745 ejus
2916 4672 3094 4729 animi
3137 4671 3325 4743 gratia
3378 4686 3491 4740 prae
3522 4685 3628 4722 cas-

1981 4766 2121 4823 teris
2153 4766 2462 4821 invitasset
2492 4766 2562 4820 ad
2585 4766 2757 4821 istam
2784 4762 3134 4835 legationem
3159 4759 3623 4831 suscipiendam,

1980 4861 2036 4910 et
2096 4855 2191 4911 ille
2252 4862 2483 4928 pr0pter
2534 4854 2804 4911 videlicet
2847 4853 3125 4909 omnibus
3173 4855 3369 4908 notam
3418 4850 3547 4919 ejus
3593 4866 3624 4903 a

1983 4946 2200 5001 Latinis
2232 4950 2288 5001 et
2319 4964 2352 5001 a
2386 4947 2693 5002 concordia
2724 4962 2857 5000 cum
2907 4945 3055 5016 ipsis
3104 4944 3465 4999 aversionem
3516 4941 3621 4994 ad-

1978 5034 2207 5091 mittere
2241 5036 2535 5107 praefracte
2563 5041 2913 5103 recusasset,
2941 5052 3005 5089 ac
3033 5051 3104 5090 ne
3126 5034 3353 5090 iteratis
3382 5033 3618 5103 quidem

1978 5126 2132 5196 apud
2165 5126 2360 5195 ipsum
2393 5126 2462 5181 de
2495 5125 2602 5181 hoc
2632 5125 2929 5180 instantiis
2971 5122 3101 5196 plus
3137 5125 3475 5194 profecisset
3507 5121 3617 5174 im-

1974 5219 2209 5284 perator
2237 5232 2413 5285 quam
2443 5216 2491 5269 si
2525 5216 2704 5269 surdo
2727 5219 2960 5269 caneret
2989 5218 3091 5267 aut
3130 5214 3396 5266 innueret
3443 5226 3616 5277 caeco,

1978 5304 2045 5357 ad
2108 5309 2429 5359 extremum
2481 5306 2639 5360 omni
2698 5320 2944 5359 excussa
2994 5302 3170 5373 priori
3222 5300 3615 5355 moderatione

1974 5394 2421 5458 excandescens,
2455 5394 2688 5448 fratrem
2713 5395 3044 5464 ejus,quem
3074 5389 3181 5444 sibi
3227 5384 3611 5443 admissionu-

1973 5480 2085 5537 letn
2118 5482 2301 5553 ipsius
2333 5483 2839 5540 commendatione
2863 5482 3096 5545 iecerat,
3129 5477 3373 5532 accitum
3421 5475 3606 5527 corri-

1973 5589 2105 5643 pere
2130 5573 2340 5629 fustem
2366 5574 2536 5644 jubet
2558 5590 2850 5642 suumque
2871 5582 3210 5641 germanum
3243 5561 3609 5620 validissime

1970 5660 2223 5731 pulsare.
2258 5663 2413 5719 Fecit
2456 5664 2512 5718 id
2562 5658 2658 5721 ille
2703 5684 2817 5723 non
2866 5669 3276 5742 perfunctorie,
3308 5657 3606 5735 spectante
