4002 6198
426 271 535 325 959

1735 263 2030 318 GEORGII
2069 263 2528 318 PACHYMBRE

3663 276 3749 332 960

431 395 618 469 ἐκείνῳ
647 396 714 450 τὰ
737 402 836 464 τῆς
865 393 1136 470 τιμωρίας
1185 393 1239 456 ές
1267 391 1414 462 τόδε,
1447 391 1592 447 ἀλλὰ
1639 390 1727 445 καὶ
1770 387 1877 442 ἀπὸ
1907 406 2076 460 προσ·
2106 389 2161 456 Α
2189 384 2374 455 ἤθελε,
2429 385 2683 461 βασιλεὺς
2715 383 2773 439 δέ
2820 384 2880 439 ού
2935 385 2995 440 τὸ
3025 385 3107 464 ἐφ’
3151 388 3334 442 ἑαυτοῦ
3366 390 3513 462 μόνον
3555 401 3753 471 προορώ.

431 489 584 541 ώπου
637 484 806 538 ἐποίει
856 483 945 538 καὶ
985 490 1084 553 τῆς
1125 487 1235 538 τῶν
1281 487 1480 537 κοινῶν
1530 477 1800 555 μεσιτείας
1849 497 2080 550 παρακι-

425 581 536 630 νεῖν
568 573 667 627 οὐκ
695 572 956 628 ἀπώκνει.
992 573 1090 627 Καὶ
1123 570 1548 648 παρεωραμένος
1602 567 1828 624 διετέλει
1882 566 2081 640 μέχρις

426 665 488 720 οὗ
522 661 908 738 οἷ’κειοχείροις
956 661 1276 740 ἀσφαλείαις
1311 663 1388 735 μή
1423 662 1588 733 μόνον
1632 659 1948 732 πορσήκατο
1978 657 2075 723 τήν

424 753 672 827 εἰρήνην,
733 751 879 807 ἀλλά
934 750 1023 806 καὶ
1087 749 1254 806 πλέον
1309 753 1375 819 ἦν
1433 746 1678 822 ἕτοιμος,
1739 745 1784 801 εἶ
1834 742 2075 812 κελεύοι,

426 841 703 917 πράττειν.
753 842 815 898 Ὀ
858 839 916 896 δὲ
960 846 1076 905 τοῖς
1110 841 1205 913 μὲν
1257 842 1522 913 παροῦσιν
1570 835 1930 910 ἀρκούμενος,
1988 832 2076 888 ἐπὶ

425 929 484 988 δὲ
529 933 592 988 τὸ
642 930 810 986 πλέον
862 929 1067 985 ἐκείνου
1113 931 1206 1002 μὲν
1253 927 1550 1001 καταγνοὺς
1602 923 1761 994 δῆθεν
1801 924 1877 985 ὡς
1908 943 2076 977 κατα-

423 1022 726 1096 ψυχθὲντος
778 1021 871 1075 τὸν
933 1019 1137 1090 ζῆλον,
1195 1017 1380 1073 ἑαυτὸν
1441 1015 1499 1072 δὲ
1554 1013 1686 1088 μηδ’
1743 1012 2073 1088 ἀνεχόμενον

422 1115 698 1186 παριστῶν
733 1111 879 1170 ὅλως
917 1103 1268 1184 παραϐαίνειν
1320 1105 1486 1160 πλέον
1514 1110 1622 1160 τῶν
1676 1102 2074 1178 συγκειμένων,

424 1199 713 1273 δεξάμενος
780 1197 932 1262 αὖθις
1006 1203 1123 1260 τοῖς
1189 1200 1478 1271 πραχθεῖσι
1561 1193 1746 1267 μόνοις
1820 1191 2072 1264 ἐμμένειν

423 1289 743 1364 ἐπήγγειλε.

417 1453 516 1520 κζ’.
592 1452 783 1523 Ὅπως
857 1449 916 1503 ἐκ
991 1446 1195 1523 δύσεως
1275 1446 1598 1523 ὑπέστρεφεν
1655 1445 1730 1523 ,ὅ
1786 1449 2070 1520 Πορφυρο-

667 1522 946 1597 γέννητος,
977 1520 1068 1574 καὶ
1096 1520 1161 1574 τα
1189 1520 1324 1573 κατᾶ
1347 1514 1450 1573 τὸν
1473 1514 1822 1584 Κότανίτζην.

489 1647 572 1719 [Ρ.
606 1648 732 1718 339]
783 1648 896 1702 Τοὖ
955 1642 1001 1698 δ’
1057 1643 1222 1698 αὑτοῦ
1281 1641 1434 1706 ἔτους
1492 1639 1812 1716 ὑποστρέφει
1872 1639 1966 1711 μὲν
2021 1638 2071 1708 ἐξ

415 1733 687 1803 ἀνατολῆς
763 1735 791 1788 6
871 1731 1124 1808 βασιλεὺς
1199 1729 1572 1807 Ἀνδρόνικος,
1630 1731 1728 1798 τήν
1784 1725 2067 1782 δέσποιναν
2104 1774 2147 1838 Β

417 1823 432 1838 9
504 1829 525 1838 ..
769 1822 789 1838 ς
886 1823 899 1838 ς
1013 1821 1026 1838 ν
1087 1823 1099 1838 ι
1270 1818 1314 1838 tu
1455 1820 1468 1838 ς
1605 1817 1618 1836 I
1842 1815 1856 1833 κ
1893 1814 1906 1838 2
1937 1837 1941 1838 ,
1981 1812 2034 1838 tu

415 1823 585 1878 ἐκεῖσε
631 1822 970 1890 καταλιπὼν,
1003 1821 1234 1896 ἀνήγετο
1267 1818 1324 1875 δὲ
1373 1820 1478 1892 πρὸ
1525 1817 1721 1873 τούτου
1769 1815 1857 1871 καὶ
1889 1814 1948 1870 ἐκ
1977 1812 2070 1869 δύ-

418 1933 555 1974 σεως
603 1913 631 1967 6
674 1911 1210 1989 Πορφυρογέννητος,
1257 1907 1409 1964 οὐδὲν
1459 1908 1534 1970 εἷς
1578 1906 1842 1982 τρόπαιον
1892 1905 2067 1982 φέρων

412 2004 447 2072 ἢ
474 2003 565 2056 τὸν
600 2001 926 2070 Κοτανίτζην
985 2000 1086 2055 ὑπὸ
1134 2004 1296 2074 χεῖρα
1339 1998 1707 2069 ποιησάμενος
1741 1993 2068 2070 ὁμολογίαις

407 2087 654 2164 ἐνόρκοις
683 2095 780 2145 τοῦ
831 2087 1002 2162 μηδέν
1032 2110 1084 2143 τι
1117 2090 1305 2143 παθεῖν
1339 2087 1399 2142 ὲκ
1434 2085 1704 2158 βασιλέως
1741 2085 2064 2155 ἀνήκεστον.

418 2180 572 2234 Καὶὸ
638 2180 732 2252 μὲν
791 2177 1039 2253 ἐμμένων
1097 2183 1214 2239 τοῖς
1269 2175 1452 2252 ὅρκοις
1509 2174 1562 2237 ἐς
1613 2175 1772 2236 τέλος
1825 2173 2065 2247 εὐορκεῖν

407 2398 786 2467 instanteque
830 2398 948 2450 tam
1000 2393 1432 2465 inexplebiliter
1485 2393 1763 2464 Augusto,
1815 2393 1881 2445 ut
1929 2404 2063 2445 cum

406 2483 655 2540 baculus
712 2484 771 2538 in
831 2482 1136 2538 tundentis
1196 2499 1374 2537 manu
1426 2481 1795 2536 vehementia
1836 2479 2061 2534 istuum

410 2576 632 2629 fractus
672 2571 1013 2626 dissiliisset
1042 2571 1100 2626 in
1152 2571 1359 2640 frusta,
1409 2570 1672 2625 nondum
1721 2569 1808 2624 ira
1849 2567 2064 2624 satiata

410 2661 562 2717 sumi
597 2659 848 2715 alterum
891 2659 1134 2730 iusserit
1181 2659 1504 2731 plagasque
1536 2657 1919 2713 accumulari.
1950 2655 2060 2712 Ne-

409 2766 522 2822 que
554 2748 648 2804 hic
680 2747 898 2804 infelici
933 2747 1224 2803 malorum
1257 2747 1414 2803 finis.
1466 2747 1747 2803 Eumdem
1799 2749 1856 2801 et
1889 2763 1923 2800 a
1951 2762 2060 2800 suo

415 2843 727 2910 conspectu
757 2841 812 2893 et
843 2837 915 2892 al)
945 2837 1453 2893 administratione
1477 2852 1673 2892 rerum
1714 2838 1962 2890 amovet.
1995 2837 2056 2890 In

413 2944 594 2998 eoque
612 2928 741 2996 ejus
763 2927 1038 2998 despectu
1075 2926 1483 2996 perseveravit,
1518 2927 1705 2997 quoad
1743 2923 1838 2979 ille
1869 2922 2059 2978 victus

408 3016 582 3072 malis
611 3021 669 3072 et
699 3015 912 3088 prioris
945 3017 1192 3071 fortunae
1214 3015 1570 3072 desiderium
1614 3031 1729 3069 non
1764 3018 1953 3068 terens
1986 3011 2056 3066 ad

405 3122 604 3177 preces
636 3105 871 3161 infimas
910 3104 1235 3172 descendit,
1278 3103 1690 3174 declarataque
1749 3117 2054 3174 perperam
2086 3145 2129 3212 Ο

405 3198 669 3249 actorum
718 3193 1079 3264 pmnitentia,
1109 3198 1165 3247 et
1212 3192 1437 3247 idoneis
1477 3191 1647 3262 quasi
1692 3190 1939 3246 vadibus
1989 3205 2054 3242 ac

401 3282 749 3353 pignoribus
780 3282 852 3336 de
892 3298 955 3336 se
997 3281 1172 3349 datis,
1222 3279 1580 3335 exhibitione
1627 3279 2051 3334 contrariorum

401 3386 644 3442 operum
675 3376 732 3424 et
761 3385 1073 3436 sensuum,
1108 3370 1279 3424 [idem
1315 3369 1588 3438 promissi
1634 3368 1767 3422 fecit
1818 3383 1934 3437 quo
1991 3383 2054 3421 se

401 3459 809 3529 obstringebat
827 3475 940 3512 non
965 3457 1155 3512 solum
1177 3458 1248 3511 ad
1265 3456 1540 3526 deinceps
1554 3455 2051 3526 acquiescendum

402 3547 551 3618 paci,
576 3547 749 3602 sedet
778 3547 828 3601 si
863 3546 1001 3617 quid
1050 3545 1296 3601 ulterius
1335 3563 1400 3600 eo
1433 3545 1489 3599 in
1541 3561 1751 3616 genere
1792 3547 2052 3616 Augusto

401 3637 563 3690 cordi
608 3640 784 3705 esset,
836 3635 983 3690 citra
1043 3634 1221 3690 ullam
1281 3633 1679 3705 exceptionem
1740 3633 1887 3688 497
1951 3637 2053 3688 aut

401 3740 627 3778 moram
676 3724 1202 3794 obtemperandum
1253 3721 1482 3778 cunctis
1530 3739 1657 3793 quae
1683 3722 1938 3792 juberet,
1989 3721 2047 3774 in

399 3813 510 3869 hoc
542 3829 776 3885 quoque
828 3813 1069 3879 nimius,
1122 3817 1186 3867 ut
1216 3812 1528 3882 imperator
1578 3813 1702 3883 ipse
1735 3810 2045 3880 judicavit,

403 3902 504 3973 qui
535 3903 687 3974 quod
736 3903 1084 3958 efferebatur
1131 3906 1374 3956 eatenus
1421 3901 1708 3955 duntaxat
1754 3899 2048 3970 accipiens

401 3999 467 4047 ut
497 3991 862 4048 Muzalonem
896 3996 1160 4063 perstare
1203 3990 1480 4061 deinceps
1530 3990 1586 4044 in
1622 3989 1858 4044 statutis
1889 3989 2046 4044 circa

399 4099 603 4153 pacem
633 4081 1024 4136 Ecclesiarum
1075 4080 1374 4152 gauderet,
1423 4078 1773 4150 improbavit
1801 4078 1956 4148 apud
1985 4093 2044 4132 se

397 4171 652 4242 graviter
700 4171 1184 4241 praeparationem
1237 4169 1417 4223 animi
1477 4184 1652 4238 quam
1698 4167 2041 4222 ostendebat

393 4261 464 4314 ad
500 4259 768 4324 ulterius,
803 4260 851 4313 si
879 4260 1212 4330 juberetur,
1262 4257 1781 4328 progrediendum,
1832 4256 1889 4309 in
1923 4271 2037 4325 quo

393 4345 912 4410 animadvertebat,
941 4361 1054 4399 non
1093 4345 1220 4400 sine
1261 4345 1431 4399 tacito
1482 4347 1840 4414 contemptu,
1877 4341 2038 4396 refri-

391 4434 548 4488 xisse
577 4433 764 4488 zelum
799 4435 926 4503 ejus
960 4449 1146 4505 usque
1177 4433 1248 4487 ad
1298 4433 1712 4488 relaxationem
1766 4448 2032 4486 necessa-

2191 496 2347 548 μενος
2399 473 2476 536 εἴς
2531 495 2590 530 τε
2643 477 2742 544 τήν
2803 475 2894 529 ἀπ’
2924 475 3128 530 ἐκείνου
3171 474 3410 532 δουλείαν
3456 483 3534 536 καὶ
3573 487 3625 539 τὸ
3657 488 3754 559 ἑξῆς

2185 565 2319 639 πρὸς
2369 561 2575 618 εὔνοιαν
2608 561 2946 632 ἀδολίευτον,
2994 563 3139 619 ἀλλᾶ
3186 566 3273 620 καὶ
3315 568 3378 622 τὰ
3406 568 3495 642 ὀψε
3534 577 3624 626 τῶν
3651 597 3753 630 και-

2186 657 2293 729 ρῶν
2368 653 2737 726 σκοπούμενος
2813 651 3114 731 έγτυφλοῦν
3191 649 3455 712 ἐϐούλετο·
3513 660 3750 740 μηδὲγὰρ

2186 741 2344 796 αὑτὸν
2398 742 2641 816 όμνύειν,
2698 743 2770 804 ὡς
2799 741 3078 816 ἐπιορκίας
3130 745 3354 815 ἁλῶναι,
3411 745 3542 803 ἀλλὰ
3563 751 3641 804 τὸν
3665 756 3751 809 υἱὸν

2186 832 2318 906 ὑπὲρ
2374 832 2544 886 αὐτοῦ
2602 829 2742 905 μηδὲ
2789 837 3163 894 σσδναινοῦντος
3222 832 3386 896 ὅλως.
3415 837 3511 893 Τὸν
3554 836 3603 893 ὃὶ
3626 844 3750 898 κεινὸν

2182 920 2437 997 προεώρα
2485 922 2675 992 κακὸν,
2732 920 2794 975 οὑ
2853 923 3038 993 θεσμῷ
3099 921 3367 994 μαντείας,
3423 925 3557 981 ἀλλά
3598 938 3751 1002 φύσικῆ

2180 1011 2373 1086 γνώσει
2433 1015 2685 1084 προορῶν
2746 1011 2808 1065 τὸ
2869 1007 3099 1083 μέλλον·
3146 1011 3238 1066 τόν
3288 1013 3387 1087 γὰρ
3418 1019 3506 1069 τού
3535 995 3752 1090 λῃστεύειν

2183 1101 2259 1162 εἷς
2293 1106 2481 1175 πεῖραν
2524 1099 2729 1168 ἥκοντα
2780 1098 2948 1172 μηδὲν
3010 1102 3208 1176 ὁρμαῖς
3267 1101 3444 1177 ἑτέρου
3490 1103 3755 1164 δουλεύοντα

2181 1190 2493 1264 ἀγαπῆσαι.
2547 1190 2634 1250 Ὠς
2695 1193 2825 1264 γοῦν
2889 1189 3230 1261 ἀμεταθέτως
3291 1193 3428 1267 εἶχεν
3484 1195 3510 1248 6
3560 1195 3757 1270 βασιλεὺς

2181 1277 2269 1334 ἐπὶ
2328 1279 2528 1351 τούτῳ,
2586 1279 2676 1333 καὶ
2733 1279 2822 1332 τὸν
2884 1279 3000 1332 υἱὸν
3058 1279 3186 1342 τοὺς
3235 1279 3427 1354 ὅρκους
3473 1286 3757 1358 προτείνοντα

2181 1366 2327 1430 ὅλως
2377 1365 2654 1440 ἐπιορκίας
2705 1365 3028 1437 ἀπήλλαττε
3099 1367 3292 1442 λόγοις
3347 1369 3520 1441 (αὑτὸν
3571 1374 3644 1426 καὶ
3683 1376 3756 1450 γὰρ

2179 1455 2467 1531 φυλάττειν
2495 1455 2622 1518 τοὺς
2657 1455 2850 1530 ὅρκους
2880 1456 2954 1518 ὡς
3003 1454 3144 1529 μηδὲ
3191 1455 3516 1533 προδιδόντα
3552 1463 3582 1531 ἢ
3627 1484 3758 1518 συναι-

2177 1550 2374 1600 κοῦντα
2416 1545 2480 1600 τὸ
2536 1543 2775 1618 σύμπαν,
2830 1544 3018 1618 ἐκείνῳ
3077 1544 3124 1600 δ’
3155 1543 3271 1604 ὄντι
3327 1553 3432 1603 τῶν
3464 1551 3619 1623 ὅρκων
3645 1550 3758 1622 the;

2180 1636 2321 1708 θέρῳ
2397 1632 2693 1697 ἀκινδύνως
2767 1637 3019 1710 πράττειν
3071 1635 3334 1710 ἐξεῖναι),
3389 1638 3612 1694 ἀπειπὼν
3660 1644 3760 1716 πρὸς

2177 1723 2302 1786 τοὺς
2355 1721 2558 1798 λόγους
2608 1723 2698 1779 καὶ
2726 1726 2825 1794 τήν
2890 1725 3022 1800 ὑπὲρ
3059 1731 3157 1780 τοῦ
3201 1727 3384 1782 ἱκέτου
3410 1729 3617 1784 ἱκετείαν
3646 1730 3760 1785 ἀσθε-

2179 1817 2369 1866 νοῦσαν
2405 1813 2544 1887 ὑρῶν
2596 1813 2624 1867 6
2673 1810 2964 1886 δεξάμενος
3015 1812 3222 1889 βουλὴν
3278 1815 3470 1892 εἰσάγει
3511 1822 3580 1889 τῷ
3621 1817 3762 1874 κινδυο

2178 1901 2388 1956 νεύοντι
2439 1908 2762 1978 καταφυγεῖν
2810 1904 2947 1977 πρὸς
2996 1905 3059 1958 τὸ
3101 1903 3284 1960 Μέλαν
3328 1906 3416 1960 καὶ
3463 1909 3524 1960 τὰ
3559 1913 3650 1962 τῶν
3689 1930 3763 1981 μο-

2178 1995 2363 2066 ναχῶν
2418 1992 2780 2068 ἀμφιέσασθαι
2815 2035 2829 2063 ,
2886 1989 2941 2046 εἴ
2990 1997 3108 2054 πώς
3167 1993 3403 2050 ἐντεῦθεν
3461 1996 3660 2068 σωθείη’
3707 2002 3762 2070 τῷ

2177 2081 2282 2156 γὰρ
2342 2082 2478 2153 ἅπαξ
2554 2082 2620 2135 τα
2686 2085 2785 2136 τοῦ
2842 2080 3052 2155 κόσμου
3128 2083 3454 2160 ὁμολογίαις
3500 2086 3760 2159 ἀποθεμένῳ

2177 2175 2429 2248 φρικταῖς
2463 2172 2538 2244 μὴ
2572 2169 2634 2226 ἂν
2671 2192 2792 2226 τινα
2841 2169 3063 2227 δυνατὸν
3109 2172 3240 2228 εἶναι
3294 2173 3538 2239 ὑπόπτως
3562 2171 3682 2251 ἔχειν
3707 2176 3761 2237 ὡς

2172 2388 2480 2444 Occidente
2511 2388 3068 2461 Porphyrogenitus,
3115 2390 3266 2446 nihil
3317 2392 3384 2447 ad
3426 2396 3674 2464 tropaeum
3702 2393 3762 2448 fe-

2173 2493 2330 2533 rens.
2356 2477 2482 2532 Non
2507 2477 2661 2532 enim
2687 2477 2834 2533 bello
2873 2478 3112 2544 vicerat,
3141 2481 3243 2534 sed
3295 2479 3448 2536 ultro
3485 2482 3758 2552 subjectum

2173 2564 2451 2638 potestati
2482 2566 2612 2636 ejus
2632 2566 2986 2622 Cotanitzam
3011 2584 3212 2624 secum
3241 2570 3484 2637 ducens,
3505 2576 3759 2642 postquam

2170 2656 2221 2710 ei
2247 2655 2634 2726 jurejurando
2674 2661 2906 2711 caverat
2945 2657 3094 2712 nihil
3130 2656 3300 2713 illum
3327 2674 3495 2729 grave
3521 2659 3585 2714 ab
3613 2659 3760 2730 impe-

2171 2749 2362 2800 ratore
2420 2762 2755 2817 passurum.
2831 2748 2902 2801 Ac
2977 2747 3508 2820 Porphyrogenitus
3570 2747 3759 2820 quidem

2170 2839 2458 2904 quantum
2493 2851 2550 2889 in
2579 2835 2707 2906 ipso
2737 2839 2882 2904 erat,
2915 2841 3188 2906 praestare
3231 2837 3485 2906 juratam
3535 2839 3681 2892 ﬁdem
3707 2839 3757 2891 ad

2167 2929 2496 2978 extremum
2527 2922 2776 2979 volebat.
2811 2925 3131 2994 Imperator
3180 2932 3383 2981 autem
3415 2925 3756 2981 turbulentum

2167 3012 2477 3067 Cotanitzaa
2519 3010 2824 3083 ingenium
2869 3012 3018 3068 satis
3052 3020 3430 3085 perspectum
3486 3015 3676 3070 habens
3717 3019 3758 3068 et

2177 3118 2516 3172 quanquam
2548 3101 2607 3156 in
2643 3104 2950 3171 prasentia
2984 3102 3131 3158 nihil
3163 3104 3237 3158 ab
3270 3121 3338 3160 eo
3371 3105 3665 3160 timendum
3695 3103 3757 3156 vi-

2167 3190 2350 3258 deret,
2382 3191 2440 3244 in
2475 3196 2773 3261 posterum
2802 3190 3172 3262 providenter
3201 3198 3474 3248 metuens
3495 3210 3560 3248 ne
3582 3197 3757 3263 captato

2167 3281 2484 3352 aliquando
2536 3285 2800 3352 tempore
2856 3282 3155 3352 negotium
3216 3283 3436 3339 baeredi
3479 3284 3754 3345 facesseret,

2165 3370 2547 3441 depositaque
2596 3369 2862 3441 obsequii
2911 3370 3091 3436 larva,
3143 3387 3326 3442 quam
3386 3373 3436 3428 ei
3483 3370 3754 3442 desperatio

2166 3474 2355 3512 rerum
2390 3474 2626 3513 suarum
2663 3456 2877 3512 utiliter
2909 3459 3081 3512 modo
3115 3459 3431 3527 induisset,
3475 3461 3538 3514 ad
3571 3457 3752 3512 fraudes

2161 3545 2580 3615 perfidiamque
2609 3544 2813 3599 solitas
2857 3545 3274 3611 revolveretur,
3326 3552 3637 3618 praevertere
3663 3545 3748 3599 for-

2163 3633 2442 3688 midatam
2465 3632 2780 3704 perniciem
2805 3633 3062 3704 suspecti
3087 3635 3300 3706 capitis
3312 3635 3663 3691 excaecatione
3679 3649 3749 3686 cu~

2160 3722 2376 3792 piebat.
2405 3723 2520 3777 Nec
2563 3722 2716 3776 enim
2770 3738 2884 3792 quo
2937 3723 3132 3777 minus
3170 3723 3227 3777 id
3279 3731 3491 3794 ageret,
3523 3721 3748 3794 religione

2159 3811 2509 3866 sacramenti
2546 3827 2607 3865 se
2633 3812 2817 3866 teneri
2866 3811 3214 3875 disserebat,
3250 3813 3455 3884 utique
3499 3829 3614 3867 cum
3659 3826 3744 3864 non

2157 3899 2282 3969 ipse
2306 3900 2592 3969 jurasset,
2627 3899 2726 3955 sed
2781 3899 3005 3970 absque
3028 3900 3204 3970 jussu
3255 3917 3641 3972 consensuque
3665 3914 3744 3952 suo

2158 3988 2351 4054 ﬁlius;
2383 3987 2478 4042 cui
2513 3988 2664 4043 498
2715 3988 3012 4042 sufﬁceret
3059 3989 3130 4042 ad
3179 3991 3579 4046 exsolvendam
3609 3989 3741 4042 {idem

2154 4078 2449 4133 abstinere
2491 4077 2683 4148 ipsum
2736 4094 2768 4131 a
2817 4077 3082 4149 supplice
3133 4079 3461 4147 multando,
3495 4096 3596 4135 non
3616 4078 3672 4132 ad
3699 4091 3743 4128 se

2153 4172 2429 4237 prieterea
2461 4165 2749 4238 pertinere
2774 4167 3179 4237 arbitrantem,
3231 4170 3282 4223 si
3312 4171 3450 4240 quid
3498 4168 3636 4223 aliud
3663 4182 3742 4220 suo

2149 4257 2404 4327 quodam
2438 4255 2681 4312 consilio
2717 4262 2878 4328 pater
2916 4257 3272 4314 decerneret.
3309 4259 3435 4312 Mali
3461 4275 3612 4330 porro
3639 4271 3739 4327 pra-

2146 4345 2318 4416 vique
2371 4345 2669 4402 hominem
2738 4345 2917 4400 animi
2975 4351 3032 4400 et
3079 4362 3208 4400 esse
3254 4353 3314 4400 et
3360 4347 3476 4401 fore
3519 4344 3739 4402 Cotanit-

2146 4452 2272 4488 zam
2324 4453 2424 4506 pro
2471 4439 2630 4489 certo
2681 4435 2932 4489 habebat
2989 4435 3330 4503 imperator,
3384 4453 3491 4490 non
3547 4436 3741 4489 edoctus

393 4523 492 4577 riis
523 4521 884 4586 constantiae,
918 4539 1095 4594 quam
1129 4522 1188 4576 in
1223 4523 1397 4578 rebus
1430 4521 1729 4593 religionis
1762 4521 2034 4576 invictam
2068 4510 2112 4574 Ι)
2144 4523 2380 4580 oraculo
2413 4529 2515 4578 aut
2546 4523 2902 4578 vaticinandi
2953 4528 3322 4580 monstrante
3370 4527 3440 4590 vi,
3484 4525 3575 4579 sed
3605 4529 3739 4577 natu-

393 4611 662 4666 exhibere
693 4611 1005 4666 Christiani
1041 4615 1130 4667 est
1160 4611 1357 4666 ofﬁcii.
1403 4611 1528 4681 Ipse
1583 4627 1751 4680 porro
1785 4610 2036 4680 impera-

389 4703 484 4755 tor
513 4704 569 4754 et
600 4705 738 4754 tunc
768 4705 824 4754 et
849 4717 1082 4771 semper
1113 4699 1256 4754 alias
1307 4717 1418 4754 orae
1451 4716 1512 4754 se
1544 4699 1676 4754 lulit
1721 4698 2034 4754 abhorrere

387 4788 628 4844 omnino
652 4805 714 4843 se
737 4806 770 4843 a
810 4789 941 4862 plus
977 4789 1347 4845 concedendo
1381 4789 1601 4843 Latinis
1643 4805 1816 4860 quam
1847 4805 2033 4860 quan-

382 4881 509 4932 tum
564 4883 730 4933 erant
787 4877 1273 4933 conventionibus
1323 4876 1610 4948 stipulati.
1671 4877 2030 4933 Muzalonem

381 4966 566 5038 igitur
585 4967 643 5021 in
664 4967 854 5023 locum
882 4967 1196 5038 pristinum
1223 4966 1729 5038 recipiens,jussit
1749 4984 1816 5023 ea
1839 4967 2031 5024 solum

382 5057 739 5112 inconcussa
767 5064 960 5112 tenere
987 5057 1044 5112 in
1081 5074 1208 5127 quae
1261 5057 1537 5127 utrinque
1568 5073 1602 5112 a
1659 5058 2029 5114 concordiam

385 5145 780 5202 tractantibus
804 5151 1172 5202 convenerat.

382 5306 473 5361 27.
511 5307 574 5363 Ut
602 5322 671 5362 ex
702 5307 996 5364 Occidente
1034 5305 1274 5433 νὲάῖξνξε
1303 5305 1839 5378 Porphyrogenitus;
1891 5307 2031 5363 etde

1098 5394 1126 5432 ο
1188 5395 1248 5432 m
1280 5394 1366 5432 sa.

1098 5394 1366 5432 omnum.

455 5503 670 5558 Eodem
706 5521 859 5559 anno
894 5504 1065 5558 rediit
1093 5521 1162 5559 ex
1189 5503 1426 5558 Oriente
1457 5501 1775 5573 imperator
1804 5503 2030 5559 Andro-

391 5591 584 5662 nicus,
625 5593 862 5648 domina
894 5593 972 5647 ibi
1005 5591 1226 5648 relicta.
1278 5590 1547 5646 Redierat
1592 5594 1727 5646 ante
1779 5591 1933 5648 hunc
1963 5609 2031 5648 ex

2145 4611 2250 4666 mli
2286 4611 2598 4682 prudentia
2643 4612 2801 4683 quod
2854 4617 2978 4665 erat
3024 4620 3370 4667 eventurum
3424 4612 3740 4682 praesagiens,

2146 4717 2249 4755 nec
2283 4699 2624 4772 persuaderi
2660 4699 2774 4755 sibi
2818 4700 3019 4755 sinens
3061 4703 3308 4756 ferocem
3360 4702 3618 4772 juvenem
3656 4715 3741 4769 gu-

2143 4796 2292 4846 stata
2349 4790 2527 4846 semel
2577 4789 2867 4845 latrocinii
2917 4789 3250 4858 dulcedine,
3324 4791 3472 4846 bona
3513 4790 3611 4844 {ide
3653 4787 3738 4842 sub

2143 4880 2330 4936 alieno
2364 4881 2607 4952 imperio
2639 4881 2952 4951 victurum,
3009 4886 3540 4952 temperaturumve
3579 4880 3628 4934 in
3671 4895 3737 4932 oc-

2141 4971 2376 5026 casione
2410 4971 2810 5026 novandarum
2843 4987 3035 5025 rerum
3062 4987 3096 5025 a
3119 4972 3263 5043 jugo
3302 4970 3643 5026 excutienda.
3671 4968 3736 5020 Ab

2142 5059 2248 5115 hoc
2287 5064 2505 5126 autem,
2559 5059 2652 5114 cui
2703 5057 3102 5115 inﬂexibiliter
3159 5057 3438 5126 haerebat,
3487 5055 3736 5130 proposito

2141 5150 2358 5203 frustra
2385 5147 2920 5220 Porphyrogenitus
2944 5152 3278 5218 Augustum
3303 5149 3736 5203 dimoverecona-

2141 5235 2331 5303 batur,
2356 5236 2561 5290 datum
2581 5253 2614 5290 a
2637 5234 3140 5305 sejusjurandum
3164 5235 3485 5290 obtendens
3509 5252 3521 5288 :
3543 5248 3737 5305 respou-

2139 5326 2314 5380 debat
2339 5325 2492 5380 enim
2529 5330 2694 5398 pater
2727 5324 2836 5396 ipsi
2889 5326 2960 5380 ad
3008 5324 3374 5381 conscientia:
3415 5323 3734 5379 securitatem

2141 5415 2284 5470 satis
2325 5430 2474 5480 esse,
2527 5415 2680 5487 quod
2733 5431 2836 5468 nec
2882 5415 3166 5486 prodente
3218 5431 3322 5470 nec
3366 5417 3626 5470 suadente
3653 5425 3733 5466 nec

2140 5503 2497 5560 assentiente
2529 5520 2590 5559 se
2634 5503 2962 5575 quidquam
3025 5504 3083 5558 in
3128 5503 3457 5559 dedititium
3501 5503 3648 5558 aliter
3681 5513 3731 5552 ac

2140 5595 2438 5662 sperasset
2488 5595 2882 5648 statueretur:
2926 5607 2988 5647 se
3045 5595 3240 5648 autem
3288 5590 3520 5660 sineret,
3562 5594 3728 5662 quate~
