3912 6192
227 326 337 380 961

1299 325 1396 376 DE
1432 321 1806 376 MICHABLE
1841 323 2285 383 PALEOLOGO
2322 331 2455 385 LIB.
2499 332 2595 385 VI.

3544 337 3652 392 962

230 449 595 525 στραφήσεται
664 445 800 520 πρὸς
856 447 920 498 τὰ
976 445 1231 519 πρότερα·
1295 439 1621 511 σεϐασθῆναι
1684 440 1740 497 δὲ
1796 441 1969 521 καίΑ
2005 445 2271 519 βατιλέως
2327 449 2526 506 ἐκεῖθεν
2579 450 2881 525 ἀπάραντος
2940 454 3103 515 αὐτὸς
3159 454 3225 523 ἦν
3272 457 3381 511 ἀντ’
3442 458 3649 514 ἐκείνου

223 540 288 594 τὸ
323 544 517 613 σχῆμα
555 540 635 608 τῷ
668 533 902 608 βασιλεῖ,
939 534 1074 589 ὥστε
1123 529 1485 606 ἀποδέχεσθαι
1535 532 1625 586 τὸν
1672 527 1883 586 ἐνδεδυ-

227 629 363 683 κότα
397 628 474 700 μή
507 631 792 701 τιμωρεῖν.
824 627 1004 680 Ταῦτα
1056 622 1226 698 λέγων
1275 624 1411 697 πρὸς
1444 620 1650 675 ἐκεῖνον
1687 622 1715 675 ὁ
1747 627 1885 693 Πορ-

225 718 637 792 φυρογέννητος
674 762 689 786 ,
767 712 856 768 καὶ
918 711 1127 787 βουλὴν
1184 711 1414 785 εἱσάγων
1468 711 1567 779 τήν
1623 708 1883 763 δοκοῦσαν

223 806 517 873 συνοίσειν,
555 803 728 875 δῆλος
765 805 830 872 ἦν
891 801 1149 857 ἀπολύων
1212 803 1291 869 [Ρ.
1353 803 1480 872 340]
1538 798 1888 873 ἐγκλήματος

221 897 415 951 ἑαυτὸν
441 898 504 950 τὸ
554 895 741 969 μέρος,
796 893 840 947 εἱ
893 894 967 964 μὴ
1013 896 1186 945 ποιῶν
1236 887 1559 945 κινδυνεύοι⁵
1610 890 1671 944 τὸ
1699 891 1800 965 γὰρ
1834 890 1883 961 ἐξ

224 987 393 1039 αὑτοῦ
436 985 562 1038 ὅσον
613 984 679 1051 ἦν
745 982 961 1055 βοηθεῖν
1023 978 1265 1045 δυνατὸν,
1326 980 1662 1052 πεπρᾶχθαι.
1705 985 1883 1033 Κοτά-

222 1074 377 1148 νίτζῃ
416 1076 510 1147 μὲν
546 1074 636 1127 οὖν
686 1071 775 1126 καὶ
819 1074 899 1141 τῷ
948 1064 1184 1143 γαμϐρῷ
1231 1067 1520 1141 Τορνικίου
1569 1065 1883 1140 ἐπηρτημέ-

220 1185 316 1218 νον
352 1165 444 1218 τὸν
474 1159 725 1217 κίνδυνον
779 1159 1039 1235 βλέποντι
1090 1157 1290 1232 ἀγαθὸν
1342 1154 1518 1210 ἐδόκει
1556 1157 1618 1209 τὸ
1653 1156 1883 1230 βούλευ-

227 1276 332 1327 μα,
363 1254 560 1323 καὶτῷ
598 1248 951 1311 βουλεύσαντι
987 1255 1191 1323 χρῆται
1229 1246 1420 1319 μεσίτῃ
1472 1246 1606 1315 πρὸς
1658 1246 1883 1319 βασιλέα

226 1343 315 1421 ἐφ’
354 1342 398 1415 ᾧ
426 1343 515 1397 τὸν
546 1341 786 1414 μοναχὸν
823 1335 1134 1404 ὑπενδῦναι,
1166 1335 1372 1407 κόσμον
1425 1334 1514 1388 καὶ
1557 1335 1624 1388 τά
1672 1333 1881 1407 κόσμου

222 1434 445 1507 χαίρειν
504 1430 676 1493 ἐάσας.
736 1430 824 1489 Ὡς
873 1427 918 1481 δ’
968 1427 1220 1500 ἀπῄτητο
1279 1426 1364 1479 καὶ
1427 1423 1554 1477 αὐτὸ
1582 1424 1645 1477 τὸ
1673 1422 1882 1478 τέλειον

219 1528 425 1595 σχῆμα
482 1514 780 1592 λαμϐάνειν
838 1516 929 1571 καί
982 1518 1257 1571 κατένευεν
1320 1513 1530 1579 αὐτίκα,
1590 1513 1883 1576 ἀπολυθεὶς

216 1609 466 1665 τελεῖται
496 1610 562 1663 τὰ
597 1612 878 1682 μοεδαχῶν,
925 1607 1014 1660 καὶ
1065 1607 1093 1660 ὁ
1144 1606 1273 1679 χθὲς
1322 1602 1599 1677 λῃστεύων
1650 1604 1881 1679 σώφρων

221 1700 439 1773 ἑωρᾶτο
473 1696 561 1753 καὶ
593 1701 813 1763 ἄκακος,
845 1693 991 1763 πλὴν
1022 1693 1083 1748 οὐ
1113 1697 1181 1759 τῆ
1224 1698 1324 1761 τῆς
1369 1695 1551 1766 ψυχῆς
1604 1690 1878 1767 προθέσει,

220 1787 375 1843 ἀλλά
434 1788 586 1860 μόνῳ
641 1791 720 1857 τῷ
778 1784 1111 1862 φαινομένῳ·
1167 1782 1194 1836 ὁ
1235 1782 1336 1856 γὰρ
1401 1778 1880 1853 μεμεριμνημένος

219 1878 432 1938 σκοπὸς
490 1876 576 1931 ἐπὶ
632 1874 812 1946 τούτῳ
873 1874 962 1928 καὶ
1022 1871 1146 1927 λίαν
1202 1871 1368 1940 ἀπῆν,
1429 1870 1661 1945 ἀνάγκης
1704 1866 1760 1922 δὲ
1802 1870 1886 1944 ἄρ’

218 1968 471 2035 ὑπούσης
518 1967 581 2020 τὸ
626 1965 908 2039 γινόμενον
964 1960 1193 2024 ἀσθενές.
1249 1963 1335 2022 Ἐς
1382 1958 1584 2013 ὁπόσον
1646 1955 1703 2011 δὲ
1750 1960 1887 2013 κατὰ

207 2056 416 2111 τούτον
462 2049 698 2129 προέϐη,
751 2054 960 2113 ἐσαῦθις
1009 2050 1258 2126 ἐροῦμεν.
1306 2050 1367 2105 Ὀ
1415 2051 1547 2121 γοῦν
1592 2053 1886 2122 Πορφυρο-

213 2148 488 2222 γέννητος
520 2144 608 2199 έπὶ
650 2143 864 2203 τούτοις
910 2141 1026 2196 κατ’
1076 2136 1346 2199 ἀνατολάς
1394 2137 1618 2213 γίνεται,
1650 2136 1739 2189 καὶ
1786 2141 1883 2190 τοῦ

222 2385 345 2425 nus
375 2366 523 2422 citra
544 2364 787 2438 perjurii
820 2360 1143 2435 periculum
1181 2362 1398 2431 posset,
1428 2354 1610 2429 quieti
1635 2355 1883 2427 publicae

218 2455 560 2515 consulere.
586 2454 715 2509 Haec
737 2450 1083 2523 scrupulum
1119 2466 1233 2505 non
1266 2448 1603 2504 eximebant
1619 2444 1878 2517 Porphy-

219 2546 518 2619 rogenito:
552 2543 653 2615 qui
684 2558 818 2597 cum
850 2542 921 2596 ob
954 2539 1263 2595 obﬁrmato
1294 2538 1353 2593 in
1385 2536 1441 2591 id
1493 2537 1649 2607 quod
1700 2534 1882 2592 semel

217 2637 566 2692 decreverat
580 2632 761 2705 patris
776 2630 868 2687 ani
881 2647 975 2685 mo
993 2628 1447 2701 impetraturum
1467 2641 1529 2681 se
1556 2624 1881 2696 quidquam

215 2727 570 2796 desperaret
602 2720 991 2793 quantislibet
1022 2735 1125 2790 pro
1156 2720 1432 2788 suscepto
1455 2732 1563 2770 suo
1585 2713 1880 2786 precibus,

213 2814 276 2871 ei
308 2814 424 2886 ipsi
462 2813 751 2884 patefacta
780 2826 839 2864 re
899 2808 1087 2864 suasit
1134 2811 1216 2874 ut,
1272 2823 1397 2877 quae
1449 2820 1566 2860 una
1622 2803 1881 2859 restabat

212 2904 449 2961 vitandi
484 2901 639 2957 exitii
673 2900 846 2964 ratio,
879 2898 1221 2969 confugeret
1251 2897 1319 2950 ad
1346 2892 1874 2964 montemNigrum,

206 2994 469 3065 illicque
502 2990 828 3048 monastico
857 2989 1060 3043 induto
1090 2986 1297 3042 habitu
1328 2985 1508 3039 vitam
1541 2983 1873 3055 religiosam

207 3084 620 3157 profiteretur.
658 3082 745 3135 Ita
774 3078 955 3135 videri
993 3078 1113 3132 fore
1143 3080 1209 3131 ut
1240 3090 1484 3129 securus
1516 3073 1586 3128 de
1639 3088 1705 3127 eo
1749 3072 1875 3142 jam

203 3176 527 3243 Augustus
544 3169 899 3225 voluntatem
914 3167 1042 3239 ejus
1056 3164 1242 3220 oculis
1257 3162 1521 3235 privandi
1538 3163 1876 3233 deponeret,

203 3262 443 3335 quippe
475 3263 532 3315 et
560 3256 821 3315 venerari
843 3272 975 3311 eum
996 3254 1053 3309 id
1072 3252 1323 3309 instituti
1348 3255 1618 3324 genus,et
1638 3268 1672 3306 a
1694 3248 1875 3306 semel

204 3352 563 3422 abjunctoa
594 3348 769 3403 rebus
801 3343 1076 3400 humanis
1119 3341 1286 3397 facile
1336 3341 1736 3397 inducendum
1794 3338 1875 3393 vi-

203 3442 343 3498 deri
375 3457 450 3495 ne
501 3436 871 3493 rebellionem
931 3438 988 3488 et
1043 3430 1243 3488 civiles
1302 3431 1508 3486 turbas
1566 3432 1875 3485 metueret.

200 3531 349 3588 Hec
374 3544 591 3602 parum
624 3525 860 3598 quidem
894 3523 963 3579 ad
989 3520 1542 3595 geniumCotanitzae
1568 3519 1876 3574 faciebant:

202 3627 422 3676 tamen
458 3617 635 3673 homo
662 3613 934 3670 solertior
957 3627 1134 3683 quam
1188 3608 1515 3681 religiosior
1573 3608 1878 3679 ingressus

204 3710 435 3766 intime
470 3707 531 3760 in
554 3721 755 3761 curam
788 3718 983 3758 rerum
1008 3716 1249 3755 suarum
1270 3698 1353 3754 sic
1378 3701 1647 3769 reputare
1676 3712 1876 3751 secum

203 3796 461 3864 institit,
496 3794 653 3850 istud
687 3793 797 3848 sibi
831 3789 1015 3845 amice
1046 3795 1385 3860 suggestum
1420 3804 1454 3842 a
1488 3784 1880 3857 Porphyroge-

206 3889 341 3944 nito
378 3882 699 3941 consilium
736 3881 856 3937 fore
897 3878 979 3933 ilii
1015 3878 1166 3949 apud
1231 3892 1435 3930 omnes
1487 3873 1881 3929 excusationis

205 3979 451 4033 idoneae
486 3973 633 4041 loco,
669 3987 738 4027 ne
772 3968 1023 4042 perﬁdiae
1054 3968 1391 4039 culparetur
1418 3967 1489 4020 ob
1547 3962 1879 4020 excaecatio—

210 4083 360 4124 nem
397 4063 607 4133 dediti,
632 4060 723 4117 cui
756 4059 974 4116 scilicet
1003 4057 1331 4113 avertendae
1393 4054 1537 4109 nihil
1586 4053 1884 4109 omisisset

210 4158 275 4213 in
308 4156 616 4229 potestate
650 4151 828 4206 situm
863 4165 971 4203 sua
1007 4146 1155 4214 ;sibi
1179 4150 1373 4200 autem
1399 4143 1519 4214 uni,
1580 4144 1627 4197 si
1684 4158 1884 4214 parere

212 4240 519 4300 salutaria
551 4237 808 4293 monenti
838 4238 1126 4301 renueret,
1161 4232 1554 4289 calamitatem
1588 4231 1883 4301 imputan-

214 4336 359 4389 dam
397 4346 597 4387 suam.
631 4330 820 4394 Quare
851 4326 1002 4381 499
1036 4341 1167 4379 cum
1216 4338 1463 4378 summae
1505 4321 1583 4376 rei
1645 4320 1881 4375 rationi-

212 4426 332 4479 bus
368 4418 684 4477 subductis
714 4433 827 4472 non
857 4414 971 4470 alia
1002 4413 1212 4468 certior
1241 4414 1546 4483 appareret
1575 4411 1667 4465 via
1701 4408 1883 4464 decli-

212 4511 439 4569 nanda:
477 4507 660 4580 pestis
692 4507 821 4577 ejus
852 4502 1097 4575 geminae
1148 4518 1273 4572 qua:
1312 4501 1599 4556 Joannem
1629 4497 1882 4553 Tornicii

2003 538 2395 613 μεταχειρῖζων
2428 543 2595 596 τάκεῖ.

1998 643 2103 711 κη’.
2161 645 2397 708 Θάνατος
2459 654 2560 717 τῆς
2628 646 2918 723 δεσποῆίνης
2980 652 3201 723 Ἂννης,
3270 652 3359 707 καὶ
3406 655 3473 707 τά
3524 656 3648 710 τότε

2662 741 2723 773 συ
2733 716 2806 793 μϐ
2814 716 2942 775 άνντα
2963 765 2975 776 .

2070 802 2229 858 Ἀλλ’
2263 804 2450 880 ὀλίγον
2482 808 2544 862 τὸ
2574 809 2791 880 μεταξὺ,
2830 810 2919 864 καὶ
2958 813 2989 879 ἡ
3026 809 3285 867 δέσποινα
3337 814 3429 885 μὲν
3480 817 3648 870 ’Ἄννα

1997 890 2109 945 ἐκεῖ
2134 893 2360 965 τελευτᾷ
2387 896 2477 950 τὸν
2533 897 2671 971 βίον.
2719 896 3043 972 ἀγγέλλεται
3079 898 3135 954 δὲ
3189 904 3302 972 μετ’
3352 902 3538 976 ὀλίγον
3568 910 3646 974 τῷ

2002 981 2235 1054 βασιλεῖ.
2286 984 2375 1038 καὶ
2432 986 2489 1046 ὂς
2528 986 2757 1059 προνοίᾳ
2781 992 2877 1040 τοῦ
2912 990 2987 1059 μὴ
3052 992 3236 1060 μαθεῖν
3295 992 3385 1044 τὸν
3443 993 3555 1047 υἱόν
3588 1015 3645 1047 τε

1996 1071 2085 1123 καὶ
2120 1070 2366 1147 βασιλέα,
2408 1075 2482 1135 ὡς
2539 1074 2619 1129 ἐπ’
2677 1076 3000 1152 ἀπορρήτῳ,
3063 1077 3276 1134 στέλλει
3330 1082 3419 1134 τὸν
3480 1083 3643 1136 αὐτοῦ

2000 1160 2093 1231 μὲν
2127 1159 2534 1235 ἀρχιδιάκονον,
2572 1167 2670 1232 τῆς
2726 1165 3054 1235 Ἐκκλησίας
3112 1164 3170 1221 δὲ
3224 1171 3638 1247 χαρτοιρύλακα,

1994 1249 2085 1301 τὸν
2149 1248 2569 1323 Μελιτηνιώτην
2623 1257 3053 1323 Κωνσταντῖνον,
3112 1254 3191 1329 ἐφ’
3258 1258 3302 1327 ᾧ
3347 1260 3642 1332 μετακομί-

1998 1341 2104 1405 ζειν
2159 1339 2248 1392 τὸν
2307 1342 2513 1416 νεκρὸν,
2574 1344 2648 1405 ὡς
2698 1342 2890 1418 ἐχρῆν,
2948 1344 3024 1405 εἷς
3083 1342 3332 1400 Νίκαιαν.
3385 1350 3533 1419 ’Ἀμα
3588 1348 3644 1401 δὲ

1995 1426 2179 1498 καιρὸν
2244 1423 2428 1482 λαϐὼν
2500 1430 2739 1504 εὐπρεπῆ
2789 1437 2886 1486 τοῦ
2967 1432 3052 1486 τὸν
3108 1435 3646 1509 Πορφυρογέννητον,

1996 1510 2352 1570 ἀποϐαλόντα
2410 1515 2499 1572 διὰ
2543 1521 2605 1573 τὸ
2662 1521 2856 1583 πένθος
2917 1522 2983 1574 τὰ
3042 1521 3259 1596 ἱρυθρά,
3330 1525 3404 1595 μὴ
3462 1531 3644 1601 φορεῖν

1997 1599 2198 1657 ἄλλοτε
2256 1606 2676 1680 παρασκευάσαι,
2726 1608 3038 1683 εὐτρεπίσας
3093 1609 3383 1686 ἁλλόχροα
3435 1599 3501 1667 τά
3558 1613 3649 1667 σὺν

1997 1690 2178 1765 λευκῷ
2207 1702 2461 1771 πορφυρᾶ
2510 1702 2697 1772 χρυσῷ
2744 1696 3025 1768 ποικιλτὰ,
3071 1700 3158 1753 καὶ
3212 1698 3299 1754 διὰ
3351 1703 3643 1778 μαργάρων

1994 1782 2056 1835 τὸ
2093 1781 2375 1857 βασιλικὸν
2409 1787 2491 1858 [Ρ.
2525 1789 2651 1858 341]
2700 1793 2930 1858 σημεῖον
2964 1787 3090 1849 τοὺς
3135 1787 3322 1851 ἀετοὺς
3380 1792 3644 1864 περιθεὶς,

1995 1871 2085 1924 καί
2114 1874 2333 1946 πέμψας
2366 1872 2425 1928 έκ
2451 1875 2658 1929 τούτων
2712 1873 2911 1931 πέδιλά
2965 1897 3022 1931 τε
3051 1876 3140 1930 καὶ
3177 1880 3402 1951 χαλινὰ,
3462 1880 3638 1957 σφίσιν

1997 1961 2072 2022 ὡς
2126 1966 2478 2038 παρασήμοις
2526 1966 2615 2019 τὸν
2674 1967 2791 2021 υἱὸν
2850 1966 3208 2041 προσέταττεν
3242 1967 3643 2041 ἐμπομπεύειν,

1999 2050 2149 2123 μόνῳ
2196 2057 2305 2107 τῶν
2348 2052 2588 2129 έρυθρῶν
2641 2055 2898 2111 ἐκστάντα
2953 2060 3031 2127 τῷ
3069 2054 3303 2129 βασιλεῖ.
3362 2062 3539 2132 Σοφὸν
3582 2057 3643 2113 δὲ

1994 2136 2095 2211 ἄρα
2123 2141 2213 2194 καὶ
2244 2142 2306 2196 τὸ
2333 2148 2431 2197 τοῦ
2473 2149 2666 2219 καιροῦ
2695 2145 2786 2215 ἧν,
2831 2145 2903 2206 ὡς
2954 2146 3030 2217 μὴ
3084 2141 3229 2217 δόξαι
3278 2147 3346 2200 τά
3397 2147 3642 2221 ἐπισημα

1999 2359 2244 2431 propriae
2277 2370 2500 2417 aeterna:
2567 2361 2777 2418 salutis
2834 2380 3102 2438 scopum.
3148 2367 3443 2423 Colanitza
3491 2384 3635 2424 sane

1994 2463 2110 2501 non
2142 2449 2707 2519 spectabat,amoliri
2732 2452 3057 2523 periculum
3092 2454 3320 2510 instans
3344 2454 3452 2511 hoc
3472 2457 3648 2527 quasi

1994 2536 2175 2592 mimo
2207 2538 2560 2610 poenitentiae
2593 2544 2945 2597 contentus?
2978 2559 3048 2598 ex
3087 2559 3201 2614 quo
3236 2544 3374 2615 quid
3431 2560 3636 2601 conse-

1991 2628 2190 2680 cutum
2225 2627 2478 2699 denique
2502 2629 2599 2696 sit,
2635 2646 2740 2685 suo
2773 2632 3094 2687 referemus
3143 2632 3287 2688 loco.
3350 2633 3469 2689 Sub
3519 2633 3641 2689 haec
3700 2654 3703 2657 ·

1990 2730 2164 2785 porro
2190 2715 2725 2792 Porphyrogenitus
2755 2718 2815 2774 in
2849 2720 3145 2776 Orientem
3172 2726 3262 2777 est
3324 2723 3638 2793 profectus,

1988 2802 2193 2873 patris,
2236 2804 2333 2875 qui
2366 2804 2540 2876 paulo
2573 2812 2707 2862 ante
2737 2807 2873 2864 inde
2904 2815 3246 2877 recesserat,
3307 2812 3461 2866 vices
3511 2812 3636 2866 obi-

1987 2894 2179 2962 turus,
2208 2894 2616 2949 sustentandis
2647 2901 2818 2965 prout
2840 2904 3055 2968 posset,
3106 2897 3224 2952 illic
3281 2898 3338 2952 in
3401 2900 3628 2954 ruinam

1986 2980 2190 3050 pronis
2220 2982 2395 3037 rebus
2428 2981 2686 3053 imperii.

2054 3125 2144 3181 28.
2177 3127 2313 3182 Mors
2342 3126 2586 3184 domina:
2613 3128 2804 3183 Annae:
2835 3138 2887 3184 et
2916 3144 3043 3199 qua?
3068 3134 3201 3187 tunc
3250 3134 3619 3203 contigerunt.

1907 3211 1950 3279 C
2060 3249 2183 3305 Non
2215 3249 2389 3322 longo
2420 3254 2551 3321 post
2582 3250 2704 3306 haec
2734 3251 3034 3307 intervallo
3076 3253 3317 3310 domina
3345 3256 3512 3311 Anna
3541 3257 3630 3311 vi-

1990 3342 2060 3393 tae
2094 3339 2267 3394 finem
2294 3338 2515 3393 invenit
2562 3337 2681 3394 illic
2734 3339 2832 3394 ubi
2877 3357 3006 3396 eam
3061 3341 3301 3398 basisse
3348 3343 3632 3413 diximus,

1988 3428 2110 3482 viro
2138 3443 2204 3483 ex
2239 3427 2478 3482 Oriente
2511 3443 2738 3482 reverso
2771 3427 2828 3483 in
2860 3429 3085 3484 urbem.
3148 3430 3413 3487 Perlatus
3473 3432 3633 3488 brevi

1992 3518 2061 3571 ad
2097 3516 2509 3583 imperatorem
2526 3520 2615 3572 est
2644 3517 2772 3586 ejus
2786 3517 2976 3572 acerbi
2992 3534 3165 3574 casus
3180 3520 3627 3590 nuntius,quem

1993 3604 2043 3661 is
2066 3622 2419 3677 magnopere
2453 3605 2655 3661 haberi
2699 3606 2925 3661 studuit
2983 3624 3287 3677 arcanum,
3340 3625 3412 3663 ne
3459 3608 3636 3665 citius

1993 3711 2172 3765 quam
2202 3712 2350 3766 opus
2378 3700 2535 3750 esset
2567 3696 2891 3763 perveniret
2924 3698 2992 3751 ad
3046 3698 3314 3752 notitiam
3372 3698 3636 3753 Junioris

1993 3785 2261 3854 Augusti,
2290 3783 2392 3838 tali
2427 3790 2611 3837 morte
2644 3784 2991 3839 charissima
3023 3801 3199 3840 uxore
3228 3785 3639 3841 viduati.Misit

1990 3887 2126 3942 ergo
2158 3873 2464 3927 confestim
2494 3872 2549 3926 in
2583 3871 2894 3941 Orientem,
2937 3872 3123 3927 celata
3166 3872 3474 3944 diligenter
3496 3875 3635 3929 mit—

1991 3960 2173 4030 tendi,
2197 3960 2792 4027 causa,Melitenioten
2816 3960 3263 4016 Constantinum
3297 3978 3469 4015 suum
3500 3962 3636 4031 qui-

1993 4051 2148 4116 dem,
2188 4050 2295 4105 hoc
2325 4056 2411 4104 est
2443 4048 2687 4120 palatini
2719 4048 2880 4112 cleri,
2912 4048 3401 4114 archidiaconum,
3453 4050 3633 4105 eccle-

1991 4140 2090 4195 siae
2122 4155 2255 4195 vero
2278 4136 2809 4208 chartopbylacem,
2843 4142 2905 4192 ut
2929 4138 3172 4192 cadaver
3201 4138 3485 4192 defunctae
3504 4155 3637 4210 por-

1992 4228 2106 4283 tari
2139 4229 2209 4283 de
2242 4243 2401 4282 more
2431 4226 2681 4281 Nicaeam
2713 4230 2961 4280 curaret.
3006 4224 3195 4281 Simul
3240 4226 3419 4281 etiam
3470 4243 3639 4281 occa-

1993 4320 2219 4375 sionem
2252 4336 2314 4374 se
2353 4318 2727 4372 commodum
2763 4318 3101 4372 offerentem
3139 4318 3455 4388 prudenter
3483 4320 3637 4375 500

1993 4410 2244 4480 arripuit
2266 4408 2561 4480 redigendi
2594 4408 2663 4463 ad
2684 4407 3123 4462 convenientem
3157 4409 3434 4481 deinceps
3464 4426 3635 4464 orna-

1996 4502 2123 4553 tum
2158 4496 2639 4569 Porphyrogeniti
2672 4496 3042 4551 Constantini
3077 4498 3324 4552 minoris
3356 4498 3447 4553 sui
3481 4498 3585 4553 filii
3620 4519 3634 4566 ;

208 4614 519 4675 generum
556 4613 743 4668 nuper
774 4597 1169 4666 oppresserat,
1203 4593 1457 4645 mentem
1490 4590 1558 4643 ad
1622 4604 1883 4643 necessa-
1912 4584 1958 4648 D
1991 4588 2080 4642 cui
2117 4587 2271 4658 quod
2296 4586 2580 4640 hactenus
2614 4585 2963 4651 indulserat,
3012 4590 3076 4639 ut
3125 4586 3319 4640 rubris
3376 4588 3639 4642 vestibus

214 4692 385 4746 rium
438 4685 755 4742 consilium
813 4682 1114 4755 appelens,
1173 4678 1301 4750 ipso
1387 4676 1885 4750 Porphyrogenito

211 4780 560 4849 interprete
581 4774 811 4830 veniam
866 4773 937 4827 ab
982 4772 1247 4841 Augusto
1306 4765 1555 4822 abstulit
1604 4766 1885 4838 sequendi

213 4868 389 4942 quod
418 4865 861 4923 ostendebatur.
895 4865 1158 4929 Cumque
1180 4856 1423 4928 petitum
1454 4856 1525 4910 ab
1553 4854 1681 4927 ipso
1730 4859 1886 4911 esset

218 4964 289 5019 ut
322 4959 532 5029 ipsum
559 4952 826 5008 habitum
862 4946 1245 5022 professionis
1291 4944 1418 5000 vita:
1479 4943 1744 5015 perfectae
1802 4944 1888 4999 in-

216 5050 426 5104 dicem
456 5046 736 5108 sumeret,
773 5038 972 5094 statim
1006 5036 1233 5105 annuit,
1257 5038 1314 5089 et
1344 5034 1566 5089 mundo
1614 5033 1744 5089 vale
1797 5034 1885 5088 di-

217 5154 372 5195 cens
395 5136 457 5190 in
493 5146 719 5189 sacram
752 5146 814 5184 se
843 5125 1221 5197 transcripsit
1250 5122 1544 5191 militiam,
1566 5121 1887 5178 mutatione

220 5227 385 5282 mira
434 5239 506 5279 ex
564 5220 838 5276 hesterno
898 5216 1124 5270 latrone
1164 5212 1489 5268 hodiernus
1536 5210 1883 5281 monachus,

217 5311 589 5371 innocentia:
622 5325 684 5364 ac
716 5303 1120 5377 temperantia:
1167 5302 1339 5356 modo
1396 5302 1661 5367 studens,
1716 5299 1887 5374 longe

217 5405 405 5461 aliter
459 5401 651 5456 vivere
700 5411 888 5467 nuper
938 5396 1233 5449 assuetus.
1287 5391 1396 5447 Sed
1447 5407 1648 5446 verum
1727 5390 1886 5445 intus

218 5493 606 5569 propositum
637 5489 708 5546 ad
743 5493 928 5544 ratam
958 5483 1303 5555 religionem
1362 5481 1761 5537 necessarium
1812 5482 1885 5537 si-

217 5581 509 5641 mulatori
537 5581 735 5636 deerat
763 5576 985 5633 animo.
1024 5572 1316 5628 Nimirum
1350 5587 1525 5642 quem
1560 5569 1775 5626 intueri
1798 5587 1887 5626 so-

211 5676 353 5731 lent
375 5672 481 5744 qui
529 5672 739 5741 sponte
786 5667 936 5721 ﬁunt
996 5661 1291 5727 monachi,
1356 5658 1539 5714 divini
1587 5661 1784 5715 cultus
1831 5665 1888 5715 et

1994 4677 2290 4747 etiamque
2322 4673 2532 4729 calceis
2566 4673 2837 4728 similiter
2858 4674 3171 4744 atqueipse
3203 4679 3639 4743 uteretur,tem-

1997 4764 2285 4835 pestivum
2317 4758 2572 4832 amplius
2604 4776 2716 4814 non
2751 4759 3099 4826 erat,adulto
3130 4766 3186 4815 et
3214 4762 3286 4816 ad
3320 4762 3638 4834 imperato-

1997 4853 2144 4908 riam
2159 4855 2354 4907 evecto
2381 4847 2725 4920 dignitatem
2744 4848 3134 4920 primogenita
3151 4851 3637 4921 ejusAndronico:

1998 4945 2266 5014 poterant
2293 4938 2449 4995 enim
2484 4936 2960 4993 aemulationeset
2979 4939 3305 4996 ambitiosa:
3339 4958 3472 5012 spes
3503 4942 3637 4995 inde

1998 5036 2144 5086 nataa
2176 5031 2385 5085 fratres
2414 5026 2807 5094 committere,
2839 5044 2973 5082 cum
3030 5030 3468 5100 perturbatione
3525 5046 3636 5100 pu-

1997 5120 2160 5176 blica:
2184 5115 2655 5189 tranquillitatis.
2728 5116 2798 5172 Ut
2846 5115 3047 5187 igitur,
3105 5118 3259 5189 quod
3311 5117 3636 5173 necessario

1996 5209 2329 5265 faciendum
2363 5209 2506 5271 erat,
2565 5220 2741 5275 quam
2807 5205 3049 5259 minime
3109 5205 3349 5260 moleste
3408 5209 3637 5276 captato

1997 5301 2130 5370 apte
2157 5299 2485 5368 opportuno
2514 5298 2775 5364 tempore
2806 5294 2990 5361 ﬁeret,
3013 5293 3170 5349 hunc
3201 5310 3394 5348 rerum
3423 5292 3639 5347 articu-

1994 5386 2118 5441 lum
2152 5381 2831 5441 accommodatissimum
2876 5383 2944 5436 ad
3008 5382 3064 5435 id
3124 5386 3304 5447 ratus,
3354 5396 3468 5450 quo
3510 5379 3638 5449 ipse

1998 5472 2575 5531 ultroConsiantinus
2599 5470 3366 5542 propterluctumAugustae
3388 5472 3636 5523 mortuae

1996 5566 2175 5621 rubra
2206 5562 2599 5634 deposuisset,
2629 5559 2815 5628 jussit
2846 5559 3166 5630 imperator
3222 5553 3641 5614 Meliteniotem

1997 5654 2086 5709 illi
2116 5670 2150 5709 a
2182 5670 2243 5708 se
2273 5654 2478 5709 offerre
2500 5647 2704 5719 quales
2730 5651 2960 5717 gestare
2988 5645 3152 5700 illum
3173 5642 3445 5713 deinceps
3467 5658 3637 5714 epor-
