3912 6192
371 333 480 388 963

1665 304 1966 366 GEORGII
2004 308 2468 363 ΡΔΟΗῩΜΕΒΒ
3185 365 3188 368 .

2123 308 2468 363 ΞΗῩΠΕΒΒ
3185 365 3188 368 ,
3587 321 3668 376 961,

378 449 762 530 μεταλλάττειν
789 441 879 497 καὶ
935 439 1028 511 ἅμ’
1084 430 1436 530 ἀποβαλόντα
1481 431 1548 486 τὰ
1588 429 1798 530 ,ἐρυθρὰ
1835 449 2016 530 κμετα-
2050 435 2101 503 Α
2134 426 2284 491 ὁσίας
2314 428 2380 484 τὰ
2411 427 2596 486 πολΑὰ
2647 427 2930 504 κερδάνας,
2963 430 3009 488 si
3038 433 3126 489 καὶ
3158 433 3249 502 τὴν
3298 435 3436 510 χεῖρα
3474 440 3671 518 ἡγνώμη

376 515 668 614 λαμϐάνειν
700 533 766 587 τά
813 525 1093 592 ποικιλτὰ,
1129 522 1273 578 ἀλλὰ
1317 521 1522 596 χρόνου
1577 518 1793 595 ῥυέντος
1831 515 1919 572 διὰ
1962 517 2026 573 τὸ

373 633 566 692 πένθος
605 624 692 679 ἐπὶ
755 619 943 694 μόνοις
1000 613 1222 688 μέλασιν
1277 612 1502 679 ἀνεκτὴν
1553 609 1651 676 τήν
1713 602 2027 680 μεταϐολὴν

376 716 656 791 δεδόχθαι,
689 713 762 772 ὡς
795 709 845 778 ἐξ
894 708 1073 781 ἀρχῆς
1127 702 1501 773 κοσμηθέντος
1551 701 1646 752 τοῦ
1703 699 2028 772 φορέσαντος

369 784 674 876 τοῖςημετά
726 796 953 875 βασιλέα
1001 792 1301 864 λαμπροῖς,
1335 789 1408 850 ὡς
1457 786 1544 841 ἐπὶ
1602 785 1788 860 ῥητοῖς
1839 784 2026 859 γέρασι

377 891 655 970 βασιλείας
682 884 1028 956 τοόπίσημον
1062 878 1312 955 ἔχοντος.
1350 877 1446 931 Καὶ
1479 874 1545 944 δὴ
1586 872 1784 948 ἤπειγέ
1831 895 1890 929 τε
1935 873 2028 932 τὸν

381 979 766 1058 αρχιδιάκονον
801 970 1092 1049 ὁκρατῶν,
1151 969 1240 1023 καὶ
1285 965 1532 1040 παραυτά
1591 961 1757 1035 μηδὲν
1814 962 2028 1034 μελλή-

382 1047 858 1133 σαζᾶπέστελλεν,
897 1047 989 1137 ἔφ’
1046 1059 1091 1132 ᾧ
1145 1059 1219 1129 μὴ
1264 1055 1421 1130 γνοίη
1477 1055 1504 1109 ὁ
1540 1053 1809 1128 βασιλεύς.
1874 1047 2032 1108 Ἀλλ’

376 1163 580 1221 ἐκεῖνος
619 1159 711 1231 μὲν
761 1154 851 1210 καὶ
893 1151 984 1205 τὸν
1044 1147 1266 1210 δοθέντα
1311 1145 1501 1218 καιρὸν
1533 1143 1808 1214 συντεμὼν
1856 1139 2034 1210 ἤλαυ-

382 1273 465 1306 νεν
497 1250 576 1325 ἐφ’
622 1229 784 1317 ἑῴας,
837 1237 1089 1316 βασιλεὺς
1140 1235 1198 1290 δὲ
1253 1236 1512 1307 πειράσας
1561 1229 1836 1293 διαλαθεῖν
1880 1229 2032 1302 ὅμως

381 1342 443 1396 τὸ
482 1321 618 1393 κατὰ
670 1332 873 1408 βουλὴν
924 1330 1022 1382 οὒκ
1057 1324 1241 1394 ἤνυεν,
1293 1321 1437 1378 ’ἀλλ’
1492 1321 1801 1397 εὐφώρατον
1849 1321 2035 1394 γέγονε

383 1433 445 1486 τὸ
497 1425 830 1502 ἀπόρρητον,
863 1422 949 1475 καὶ
1010 1418 1107 1486 τὴν
1164 1415 1444 1492 συμφορὰν
1479 1413 1506 1465 ὁ
1546 1412 1730 1465 παθὼν
1791 1411 1863 1470 ὡς
1922 1411 2036 1485 εἶχε

385 1518 645 1594 διέφερεν.
674 1516 735 1570 Ὁ
771 1513 953 1585 μέντοι
1005 1529 1068 1582 γε
1114 1505 1380 1578 πεμφθεὶς
1429 1499 1650 1561 ἐπιστὰς
1705 1499 1870 1574 βαρὺς
1917 1495 2035 1552 ἕδο-

385 1612 498 1679 ξεν,
560 1604 744 1676 ἄδωρα
806 1600 956 1674 δῶρα
1011 1597 1185 1674 φέρων
1240 1597 1318 1663 τῷ
1369 1593 1470 1661 υἱῷ
1519 1591 1662 1664 παρὰ
1724 1587 2032 1663 βασιλέως.

386 1695 602 1769 Ὀλίγον
656 1688 713 1746 δὲ
767 1687 1056 1764 προλιπών
1117 1684 1240 1738 ὅσον
1301 1681 1645 1736 ἐπισκευάσαι
1699 1679 1790 1732 τὸν
1846 1677 2033 1752 νεκρὸν

385 1786 653 1861 εὐάγωγον
712 1780 831 1842 καθ’
888 1775 1010 1831 ὁδὸν
1047 1819 1060 1842 ,
1129 1772 1360 1833 σπεύσας
1410 1769 1485 1829 είς
1531 1768 1754 1826 Νίκαιαν
1837 1767 1983 1843 φέρει
2018 1809 2032 1823 .

385 1877 487 1932 Καὶ
518 1871 762 1946 παραυτὰ
814 1869 906 1940 μὲν
968 1863 1248 1920 στέλλεται
1307 1863 1406 1928 τήν
1461 1858 1549 1913 ἐπὶ
1609 1857 2030 1920 Νικαίαςὸπαρ

381 1942 679 2040 τριάρχίης,
726 1956 1045 2013 στέλλονται
1093 1951 1150 2008 δὲ
1197 1950 1288 2005 καὶ
1328 1949 1581 2024 ἱεράρχαι
1633 1945 1751 2002 ὅσοι
1805 1942 1870 2012 δὴ
1901 1942 2038 2000 κατὰ

384 2052 548 2108 πόλιν
581 2051 738 2120 ἦσαν,
769 2047 859 2102 καὶ
889 2045 952 2103 τὸ
981 2048 1076 2099 τοῦ
1126 2040 1338 2116 κλήρου
1400 2037 1643 2111 ἔκκριτον
1696 2033 1930 2107 ξύμπαν.
1961 2036 2036 2087 Τὰ

384 2142 440 2198 δέ
467 2163 529 2219 γε
555 2144 624 2214 τῇ
672 2137 793 2209 ὁσίᾳ
844 2135 1192 2212 προσήκοντα
1239 2129 1328 2186 καὶ
1377 2126 1497 2183 λίαν
1542 2130 1809 2200 περιφανῆ
1843 2124 1870 2177 ὁ
1900 2143 2034 2197 κρα.

380 2236 488 2286 τῶν
572 2229 910 2302 ηὐτρέπιζε.
991 2221 1121 2277 Τότε
1192 2218 1371 2273 τοίνυν
1443 2215 1508 2269 τὰ
1545 2211 1907 2285 νενομισμένα
1963 2214 2032 2284 τῇ

380 2299 602 2394 κειμένῄ
652 2299 875 2380 τελέσας
922 2313 950 2366 ὁ
1005 2308 1391 2386 πατριάρχης,
1457 2303 1547 2358 καὶ
1627 2299 1875 2364 πολλοὺς
1923 2305 2031 2354 τῶν

376 2387 669 2484 γνωρίμων
725 2401 975 2481 χρυσίοις
1042 2400 1252 2466 ἱκανοῖς
1326 2391 1766 2470 ’δωρησάμενος⁸
1825 2388 1882 2443 ἐκ
1934 2387 2031 2454 τῆς

385 2628 542 2679 teret
567 2626 776 2690 vestes,
807 2617 1186 2675 versicolores
1235 2613 1366 2669 albo
1426 2611 1632 2667 mistas
1655 2615 1712 2664 et
1759 2623 2038 2680 purpura,

381 2713 605 2767 intextu
632 2709 756 2765 auri
793 2707 1140 2778 variegatas,
1173 2699 1571 2773 superadditis
1616 2714 1719 2770 pro
1777 2695 2038 2751 Cmsareo

383 2801 617 2874 insigni
650 2798 864 2873 aquilis
897 2812 1068 2868 opere
1100 2791 1476 2866 phrygionico
1512 2787 1778 2844 formatis
1808 2787 2037 2838 contes-

383 2891 674 2946 seratione
707 2887 1186 2960 margaritarum.
1237 2883 1379 2952 Ejus
1436 2877 1665 2950 generis
1723 2880 1781 2930 et
1834 2874 2033 2936 forma

378 2984 505 3035 tum
539 2978 910 3034 indumentis
943 2989 1181 3031 crurum
1214 2972 1547 3043 pedumque
1571 2968 1694 3020 tum
1737 2959 2033 3032 ephippiis

383 3086 448 3124 ac
473 3069 672 3138 frenis,
708 3065 1022 3130 declaravit
1073 3063 1394 3134 imperator
1452 3073 1555 3134 per
1611 3051 2030 3114 Melitenioten,

2138 517 2438 595 μέμφεσθαι
2483 518 2598 592 εἶχε
2635 523 2716 591 τῷ
2763 517 3065 595 φιλοὸώρῳ
3107 529 3201 590 τῆς
3240 525 3568 603 προαιρέσεως,
3604 534 3674 598 τὴν

2132 608 2269 680 πρὸς
2300 608 2399 675 τήν
2450 607 2610 664 πόλιν
2660 608 2751 666 καὶ
2793 607 2945 673 αὖθις
2993 607 3212 678 ἤλαυνε.
3256 615 3524 686 Πυθόμενος
3547 615 3590 672 δὲ
3611 620 3677 674 τὸν

2139 693 2365 770 βασιλέα
2416 693 2762 770 Ἀνδρόνικον
2812 695 2977 755 πάλιν
3028 699 3312 771 ἁπτόμενον
3366 706 3457 756 τῶν
3501 706 3592 768 καθ’
3624 704 3680 761 Eu

2136 782 2592 858 διαπεραιωθήναι
2648 786 2739 840 τὸν
2797 785 3071 863 Βόσπορον
3108 831 3122 856 ,
3174 789 3349 846 αὐτίκα
3401 793 3683 865 παρεγκλίνας

2136 871 2187 926 ἐν
2236 878 2318 945 τῷ
2372 878 2468 928 τοῦ
2517 873 2674 948 ἁγίου
2734 875 3022 945 Αὐξεντίου
3084 878 3252 951 βουνῷ
3303 881 3425 936 κατὰ
3467 901 3552 936 που
3594 881 3685 946 τους

2137 961 2417 1036 πρόποδας
2468 964 2824 1036 σκηνουμένῳ
2881 965 3205 1040 συγγίνεται.
3260 965 3478 1038 Κὰπειδή
3519 972 3685 1042 Μαιμα-

2137 1056 2444 1125 κτηριῶνος
2475 1051 2746 1127 λήγοντος
2774 1055 2808 1122 ἡ
2839 1059 2947 1110 τῶν
2990 1055 3158 1130 ἁγίων
3203 1055 3492 1120 ἀποστόλων
3533 1063 3688 1131 πρατή-

2116 1139 2332 1196 ’λαυνεν
2383 1142 2566 1214 ἑορτὴ,
2626 1139 2798 1198 ἐκεῖσε
2859 1144 3053 1216 μικρὸν
3103 1144 3367 1216 ἐπιμείνας
3413 1152 3481 1218 τῷ
3533 1147 3691 1220 βασιλεῖ

2141 1228 2355 1300 ὁμιλῶν
2388 1230 2454 1286 τὰ
2508 1230 2690 1286 εἷ’κότα
2745 1230 2923 1303 (ἐῴκει
2976 1235 3076 1307 γὰρ
3129 1235 3218 1289 καὶ
3272 1233 3566 1290 συνδεδέσθαι
3608 1243 3692 1300 ταῖς

2140 1319 2277 1389 πρὸς
2329 1318 2489 1375 αὐτὸν
2545 1319 2776 1395 ἀγάπαις
2837 1323 2864 1377 ὁ
2923 1321 3218 1396 βασιλεὺς),
3274 1324 3419 1386 τέλος
3467 1327 3551 1394 τήν
3589 1327 3693 1380 θείαν

2141 1405 2421 1470 ἐκτελέσας
2473 1410 2861 1483 μυσταγωγίαν
2891 1409 2942 1468 ἐν
2973 1416 3043 1484 τῇ
3077 1417 3218 1487 μονῇ
3267 1419 3357 1480 τοῦ
3405 1413 3696 1488 ἀρχιστρατή-

2139 1519 2235 1571 γου
2293 1499 2428 1554 κατά
2483 1499 2582 1566 τὴν
2642 1499 2834 1575 ἑορτὴν
2869 1546 2883 1571 ,
2936 1501 3027 1560 καὶ
3090 1502 3166 1564 ὡς
3238 1502 3370 1566 εἰκὸς
3423 1502 3700 1576 ἐπευξάμενος

2142 1585 2540 1644 ἀπαλλάττεται
2551 1631 2563 1645 .

2143 1750 2240 1812 κθ’.
2303 1751 2630 1824 Εκστρατεία
2688 1749 2921 1841 ῌιχαήλ
2983 1751 3417 1841 βασιλέωςυπρὸς
3474 1755 3700 1830 Σάγγαριν,

2638 1825 2817 1878 καὶτὰ
2852 1825 3122 1900 γεγονότα
3168 1826 3289 1880 ἐκεῖ.

2185 1946 2301 2013 ~[P.
2364 1947 2488 2018 342]
2546 1945 2808 2007 Βασιλεὺς
2867 1945 2925 2004 δὲ
2962 1948 3049 2004 καὶ
3099 1947 3250 2013 αὖθις
3303 1946 3528 2024 ἀγγελθὲν
3571 1947 3707 2018 ἐκείνῳ

2145 2032 2218 2093 ὡς
2272 2031 2339 2088 τὰ
2389 2032 2554 2107 πέραν
2606 2039 2704 2088 τοῦ
2777 2037 3101 2114 Σαγγάρεως
3175 2037 3414 2107 ἀσθενεῖ,
3468 2038 3629 2112 Πέρσαι
3665 2055 3708 2089 τι

2143 2127 2368 2196 συχναῖς
2428 2122 2792 2191 έπιτίθέμενοι
2851 2126 3066 2200 πείραις
3123 2127 3260 2188 κατὰ
3311 2127 3508 2195 πολλὴν
3574 2123 3706 2180 ἄδειαν

2145 2206 2624 2284 διαπεραιούμενοι
2655 2218 2834 2275 κακῶς
2875 2219 3092 2269 ποιοῦσι
3143 2215 3231 2270 καὶ
3279 2215 3341 2269 τὰ
3379 2213 3601 2289 ἐνδοτέρω
3637 2215 3707 2266 τοῦ

2141 2302 2429 2374 ποταμοῦ,
2474 2298 2730 2373 δυνάμεις
2787 2304 3144 2380 συναθροίσας
3195 2306 3317 2366 ὅσας
3362 2305 3387 2358 ὁ
3423 2305 3582 2378 καιρὸς
3628 2299 3706 2354 iii-

2143 2385 2238 2443 ὅου
2268 2389 2358 2444 καὶ
2390 2390 2648 2468 ἐνεχώρει
2691 2394 2813 2447 τότε
2844 2394 2961 2448 κατ’
3020 2393 3181 2448 αὐτὸν
3229 2414 3516 2472 πραγματα,
3545 2390 3706 2466 άπτέρῳ

2151 2606 2406 2675 ciens,ut
2435 2611 2580 2668 satis
2613 2617 2920 2684 appareret
2941 2630 3054 2670 non
3075 2616 3418 2686 respondere
3442 2613 3709 2674 facultatem

2148 2699 2460 2767 voluntati,
2495 2705 2551 2755 et
2581 2699 2714 2770 plus
2745 2701 2919 2774 longe
2943 2705 3294 2774 profundere
3315 2710 3550 2776 paratam
3591 2719 3710 2759 men-

2146 2791 2262 2844 tem
2296 2788 2614 2846 bsneficam
2645 2806 2821 2861 quem
2856 2798 3146 2863 quantum
3183 2811 3387 2854 manus
3431 2810 3521 2865 pro
3565 2791 3711 2848 dantis

2147 2880 2277 2930 voto
2306 2875 2532 2932 exiliter
2556 2879 2846 2934 instructa
2874 2887 3238 2952 suggereret.
3274 2883 3371 2937 His
3401 2883 3533 2938 actis
3552 2880 3713 2936 Veccus

2145 2980 2208 3019 se
2239 2964 2296 3018 in
2330 2965 2532 3022 urbem
2567 2967 2841 3034 referens,
2892 2969 3079 3028 obiter
3135 2971 3334 3034 audito
3389 2968 3711 3034 Andronicum

2142 3058 2474 3125 Augustum
2506 3057 2746 3127 trajecto
2777 3057 3034 3128 Bosporo
3067 3075 3277 3125 versus
3332 3060 3591 3124 Orientem
3640 3057 3717 3110 iter

381 3158 528 3214 velle
560 3175 688 3214 sese
710 3162 886 3227 atque
916 3169 1151 3225 aequum
1187 3165 1423 3205 censere
1469 3147 1528 3200 in
1586 3147 1881 3214 posterum
1944 3136 2028 3191 uti
2063 3139 2104 3214 α
2144 3145 2545 3214 σαρθεεθινερθ
2575 3145 2666 3200 via
2688 3145 2990 3204 declinans
3013 3164 3151 3204 eum
3185 3149 3445 3214 convenit
3471 3145 3712 3208 adradices

385 3246 854 3314 Constantinum,
882 3243 1064 3298 solius
1082 3237 1399 3295 unicoloris
1420 3239 1476 3290 et
1496 3231 1874 3304 impermistaa
1896 3243 2038 3299 pur-

387 3352 545 3407 purae
577 3352 689 3392 usu
720 3333 1132 3389 concedentem
1167 3327 1330 3381 fratri
1361 3323 1567 3392 majori
1595 3323 1718 3392 jam
1750 3321 2035 3388 Augusto.

384 3427 630 3479 Strenue
663 3421 889 3477 curavit
921 3417 1208 3489 quidquid
1238 3413 1660 3469 demandatum
1721 3409 1908 3462 fuerat
1951 3422 2037 3460 ar-

391 3509 858 3576 chidiaconus,et
883 3506 1185 3563 celerrime
1215 3498 1702 3560 clamAndronico
1735 3498 2037 3567 pervectus

391 3599 450 3654 in
479 3599 776 3654 Orientem
800 3601 936 3652 ante
965 3595 1163 3650 omnia
1219 3587 1600 3646 Constantino
1646 3584 2038 3656 Porphyroge-

392 3687 514 3742 nito
535 3692 592 3742 et
623 3687 898 3740 mandata
921 3693 973 3739 et
1001 3683 1390 3752 dona,parum
1422 3676 1558 3733 licet
1581 3671 2036 3746 grata,parentis

388 3776 635 3848 Augusti
669 3773 939 3831 reddidit.
973 3777 1254 3827 Caeterum
1291 3769 1446 3823 haud
1477 3765 1563 3820 sic
1594 3779 1804 3820 arcano
1835 3760 2037 3818 haberi

393 3883 551 3922 mors
577 3868 852 3938 Augustae
884 3863 983 3918 diu
1017 3860 1226 3934 potuit,
1262 3864 1328 3913 ut
1358 3860 1647 3912 amentem
1686 3851 1911 3908 falleret
1953 3849 2036 3906 vi-

393 3973 523 4011 rum
555 3957 683 4026 ejus
722 3957 1046 4025 Augustum
1074 3948 1397 4021 juniorem;
1430 3944 1530 4016 qui
1575 3943 1688 4002 cito
1737 3939 2037 4011 cognitum

394 4045 509 4100 sibi
541 4042 1043 4100 luctuosissimum
1075 4053 1276 4094 casum
1305 4034 1440 4089 tulit
1463 4038 1528 4086 ut
1560 4031 1769 4102 potuit.
1813 4029 2038 4098 Corpus

397 4151 570 4204 porro
602 4132 852 4188 dominae
886 4133 1126 4185 mortuae
1170 4124 1346 4181 simul
1401 4120 1792 4192 compositum
1851 4120 1909 4170 et
1939 4132 2040 4170 cu-

391 4227 588 4276 ratum
622 4238 691 4275 ex
724 4221 881 4291 regio
909 4219 1056 4275 501
1096 4232 1252 4271 more
1282 4217 1391 4277 est,
1423 4211 1630 4266 idoneo
1661 4208 1718 4262 in
1752 4208 1806 4261 id
1849 4205 2038 4275 spatio

395 4309 662 4378 impenso
695 4314 756 4361 ut
779 4310 904 4377 jam
935 4305 1123 4361 efferri
1147 4309 1202 4359 et
1230 4304 1287 4356 in
1333 4316 1542 4371 pompa
1589 4296 1817 4352 ostendi
1877 4294 2037 4350 salvo

391 4404 653 4468 Augusta
679 4400 1004 4470 majestatis
1027 4400 1234 4453 decore
1278 4398 1497 4466 posset,
1557 4388 1881 4462 splendidis
1941 4403 2041 4441 ex-

395 4489 618 4561 sequiis
639 4505 774 4543 eum
807 4506 839 4543 a
887 4483 1382 4559 Porphyrogcnito
1433 4488 1558 4536 tum
1614 4498 1644 4534 a
1691 4476 2042 4535 Meliteniote
2074 4507 2118 4571 Β

395 4577 689 4649 deportari
723 4582 1016 4647 curatum,
1040 4588 1372 4646 magnoque
1402 4571 1718 4626 deductum
1758 4567 2040 4623 comitatu

397 4667 649 4721 Nicaeam
679 4671 788 4733 est;
822 4683 937 4738 quo
961 4666 1139 4720 etiam
1173 4663 1357 4718 missu
1394 4657 1765 4724 imperatoris
1820 4656 2040 4727 patiar-

399 4756 509 4811 cha
539 4757 791 4811 occurrit
820 4773 954 4811 cum
987 4754 1297 4827 episcopis,
1357 4753 1646 4822 quotquot
1705 4753 1842 4802 tunc
1893 4746 2046 4800 Con-

400 4845 785 4917 stantinopoli
833 4846 1011 4910 fuere,
1065 4861 1130 4899 ac
1175 4843 1314 4897 ﬂore
1373 4841 1616 4909 insuper
1647 4835 1774 4908 ipso
1832 4833 2042 4891 urbani

397 4935 534 4991 cieri
569 4934 847 4989 universi.
879 4933 1185 5005 Magniﬁce
1208 4932 1332 5002 jam
1367 4929 1444 4983 ibi
1470 4944 1535 4984 ac
1567 4925 1736 4998 plane
1761 4925 1914 4997 regie
1941 4942 2043 4994 pa-

403 5029 692 5080 rentatum
717 5025 1005 5079 defunctae
1031 5031 1139 5086 est,
1174 5018 1410 5075 nihilad
1447 5015 1819 5092 splendorem
1872 5031 2046 5085 appa-

399 5119 563 5169 ratus
599 5129 944 5185 pompaeque
1004 5126 1181 5182 quam
1241 5104 1728 5180 augustissimam
1787 5104 2044 5174 speciem

398 5201 700 5258 omittente
733 5202 1087 5272 imperatore
1119 5216 1270 5253 curae
1301 5214 1365 5250 ac
1411 5197 1705 5263 sumptus.
1765 5191 1885 5246 Sub
1926 5190 2047 5244 haec

400 5294 745 5366 perfunctus
778 5291 1122 5347 caeremonia
1145 5287 1372 5343 funebri
1407 5281 1742 5357 patriarcha
1770 5280 1880 5336 sibi
1906 5279 2046 5333 olim

401 5382 723 5440 familiares
754 5398 820 5437 ac
851 5377 1216 5435 necessarios
1256 5374 1474 5430 multos
1506 5371 1720 5433 aureis,
1745 5385 1891 5440 quos
1947 5367 2046 5422 illo

401 5476 607 5530 funere
636 5471 900 5527 lucratus
934 5468 1220 5541 plurimos
1253 5467 1462 5529 fuerat,
1519 5457 1835 5514 liberaliter
1889 5458 2044 5513 elar-

402 5563 636 5636 giendis
668 5560 979 5622 demeruit,
1011 5563 1176 5613 tanta
1211 5556 1267 5610 id
1330 5549 1604 5626 propensi
1663 5549 1734 5603 ad
1785 5548 2044 5604 dandum

403 5651 586 5709 animi
620 5649 914 5707 declarata
945 5646 1109 5704 vultu
1143 5647 1269 5719 ipso
1300 5661 1365 5702 ac
1399 5646 1568 5716 gestu
1602 5637 1903 5695 alacritate
1961 5639 2045 5695 fa-

2145 3233 2331 3288 monti
2363 3233 2556 3290 Sancti
2582 3236 2856 3291 Auxentii
2905 3237 3094 3307 posito
3128 3237 3436 3309 Augustali
3489 3237 3716 3292 diversas-

2145 3327 2284 3376 tem.
2316 3322 2454 3377 Erat
2483 3326 2623 3382 tunc
2655 3328 2885 3393 tempus
2916 3326 3245 3384 desinentis
3269 3327 3714 3394 Junii,l‘estumqne

2143 3409 2493 3466 imminebat
2550 3415 2887 3468 sanctorum
2916 3415 3352 3486 Apostolorum,
3373 3414 3517 3488 quod
3547 3411 3712 3469 Andro-

2145 3498 2314 3555 nicus
2339 3498 2458 3556 illic
2487 3498 2781 3556 celebrare
2813 3503 3223 3562 constituerat.
3261 3509 3337 3562 Ea
3367 3520 3529 3561 causa
3555 3500 3716 3574 partar-

2142 3587 2264 3643 chte
2295 3587 2374 3642 ibi
2396 3587 2569 3659 paulo
2610 3588 2834 3645 diutius
2857 3591 3091 3648 detento
3112 3595 3345 3664 ecpiam
3383 3587 3719 3666 prazbuitlibe-

2144 3678 2358 3732 riorem
2393 3677 2723 3748 longiorum
2749 3679 3181 3752 colloquiorum
3205 3701 3337 3742 cum
3393 3685 3642 3755 Augusto,
3683 3679 3721 3730 cl

2146 3774 2210 3822 ut
2242 3767 2582 3838 apparebat,
2616 3767 2762 3823 bene
2791 3769 2996 3825 allecto
3026 3787 3091 3829 ac
3126 3790 3232 3843 per
3264 3772 3372 3828 boc
3415 3771 3577 3844 ipsius
3621 3780 3718 3820 con-

2144 3855 2457 3912 suetudine
2488 3859 2799 3927 gaudente.
2825 3859 3088 3918 Tandem
3124 3861 3370 3929 solamni
3394 3857 3640 3918 sacriﬁcio
3658 3853 3723 3910 die

2146 3949 2481 4000 sanctorum
2518 3945 2668 4002 Petri
2699 3952 2755 4002 et
2785 3948 2948 4009 Pauli
2982 3950 3087 4010 rite
3111 3953 3271 4023 apud
3295 3940 3723 4008 SanctiMichaelis

2146 4033 2484 4106 archangeli
2546 4037 2968 4094 monasterium
3028 4057 3063 4096 a
3136 4041 3436 4113 patiarcha
3500 4035 3724 4094 celebrato

2145 4121 2476 4178 valedicens
2507 4124 2558 4180 is
2599 4125 2957 4196 imperatori,
2999 4126 3237 4200 ipsique
3296 4129 3356 4188 in
3411 4129 3643 4199 digressu
3678 4119 3726 4172 de

2150 4227 2306 4354 mpii:
2322 4212 2485 4355 ἔθυε
2507 4219 2802 4284 precatus,
2836 4221 3020 4288 rcepto
3047 4219 3256 4276 urbem
3289 4234 3486 4274 versus
3512 4212 3666 4272 itineri
3685 4222 3730 4264 se

2151 4316 2211 4355 re
2301 4300 2314 4354 i
2365 4301 2430 4355 it.

2151 4300 2430 4356 reddidit.

2145 4464 2236 4518 29.
2272 4464 2865 4593 Expeditiolllichaelis
2879 4470 3234 4594 ξὲιρενιῖιονίδ
3260 4487 3445 4527 versus
3473 4463 3734 4537 Sangarim:

2793 4554 2823 4593 e
2873 4556 2894 4593 ι
2934 4557 2952 4593 ι
2983 4557 3070 4594 aes
3095 4558 3152 4594 a.

2793 4554 2844 4593 et
2873 4554 2952 4594 tot
2983 4554 3152 4611 gesta.

2222 4661 2374 4718 502
2410 4666 2484 4716 At
2516 4661 2835 4734 imperator
2876 4682 3082 4722 rursus
3143 4686 3264 4725 non
3325 4668 3513 4724 dubiis
3563 4657 3737 4718 nuntiis

2151 4751 2365 4807 certior
2397 4751 2584 4808 factus
2619 4751 3182 4828 ulterioresSangari
3215 4757 3479 4831 regiones
3509 4754 3736 4812 laborare,

2155 4841 2338 4896 Persea
2367 4839 2661 4910 siquidem
2695 4859 2873 4913 opum
2904 4842 2984 4898 ibi
3017 4844 3424 4902 Romanorum
3458 4839 3738 4899 inﬁrmitate

2154 4927 2370 4983 crebris
2388 4927 2684 4986 incursion
2696 4948 2792 4986 um
2817 4933 3230 5004 experimentis
3254 4934 3477 4990 abunde
3497 4926 3741 5000 comperta

2155 5021 2388 5072 tantum
2423 5017 2788 5090 fiduciaajam
2820 5029 3203 5092 sumpserant
3235 5029 3300 5078 ut
3329 5038 3493 5078 amne
3537 5013 3742 5074 securis-

2156 5109 2303 5162 sime
2333 5107 2575 5177 trajectu
2606 5109 2781 5164 etiam
2800 5109 3095 5170 citeriores
3115 5112 3363 5183 Sangari
3395 5114 3593 5165 tractus
3612 5113 3742 5175 agere

2156 5195 2426 5266 ferreque
2456 5195 2677 5267 rapinis
2710 5201 2768 5254 et
2789 5199 3222 5256 vastationibus
3271 5218 3387 5256 non
3444 5191 3742 5253 dubitarent,

2155 5282 2472 5340 contractis
2499 5285 2680 5356 copiis
2711 5292 2964 5358 quantas
2994 5306 3096 5361 pro
3118 5293 3387 5361 tempore
3409 5299 3612 5359 proque
3634 5292 3742 5353 prai-

2155 5373 2304 5428 scnti
2338 5373 2507 5443 copia
2528 5375 2718 5446 potuit
2749 5392 2975 5448 cogere,
2995 5395 3234 5436 summa
3260 5377 3545 5434 celeritate
3574 5370 3742 5427 illucse

2155 5461 2698 5535 oontulit,Sangari
2750 5467 3120 5524 transmisso.
3174 5467 3339 5524 Tunc
3389 5477 3612 5520 cernens
3657 5453 3743 5511 illic

2155 5549 2483 5620 Scythicam
2508 5554 2830 5623 quamdam
2861 5555 2954 5626 (ut
2972 5555 3146 5628 vulgo
3170 5554 3402 5626 dicunt)
3424 5546 3743 5609 solitudinem

2153 5641 2276 5695 tam
2325 5638 2443 5694 acri
2476 5640 2695 5698 doloris
2718 5643 3001 5702 urebatur
3029 5661 3229 5712 sensu,
3239 5659 3445 5716 parum
3473 5643 3532 5695 ut
3557 5634 3743 5694 abesset
