4002 6198
253 334 371 389 965

1339 333 1432 385 DE
1467 330 1843 394 MICHABLE
1880 330 2323 392 PALEOLOGO
2358 335 2493 388 LIB.
2531 339 2628 388 VI.

3569 337 3676 391 966

252 458 418 532 τάχει
475 454 692 512 τάκεῖσε
742 447 1151 525 καταλαμϐάνει
1184 451 1598 530 διαπεραιωθεὶς
1626 454 1716 507 τὸν
1770 453 1918 527 Σάγ-
1946 458 2002 530 Α
2032 451 2083 506 οἵ
2140 450 2205 522 δὴ
2266 454 2676 530 γλισχρότητος
2735 457 2829 529 μὲν
2863 455 3161 528 ἡττημένοι
3204 456 3534 531 λημμάτων,
3571 458 3675 516 δέει

255 568 445 622 γαριν.
512 545 645 600 Τότε
702 543 879 599 τοίνυν
946 541 1166 616 βλέπων
1218 544 1318 610 τὴν
1361 544 1605 614 Σκυθῶν,
1638 542 1780 596 εἷ’ποι
1813 563 1917 610 τις,

259 635 500 711 ἐρημίαν
560 633 669 688 ἐκεί
725 631 958 705 μονονοὺ
1017 632 1213 707 τρίχας
1270 627 1492 688 ἕτιλλε.
1554 631 1920 710 Κατῳκτίζετο

263 727 364 797 μὲν
411 726 512 799 γὰρ
544 722 790 783 ἐκτόπως
823 722 913 776 τὸν
969 721 1159 789 τόπον,
1219 721 1311 776 καὶ
1369 723 1468 790 τήν
1503 721 1714 795 χλεύην
1744 742 1923 774 κατω-

259 813 468 887 δῦμετο
526 818 636 868 τῶν
671 809 845 866 ἰδίων.
903 811 1045 884 Πρὸς
1074 809 1131 864 δέ
1157 831 1218 885 γε
1264 811 1356 864 τὸν
1391 807 1796 884 Ἀλεξανδρείας
1821 831 1920 863 πα-

254 903 561 978 τριάρχην,
606 900 778 955 ἐκεῖσε
828 901 965 954 κατᾶ
1013 899 1356 972 παραμυθίαν
1401 904 1480 970 τῷ
1537 898 1752 974 βασιλεῖ
1807 920 1926 953 συν-

262 990 550 1066 διάγοντα,
600 992 700 1059 τήν
759 994 856 1044 τοῦ
911 991 1060 1046 ταῦτ’
1119 989 1452 1062 ἠρημῶσθαι
1483 988 1657 1042 αἲτίαν
1702 985 1924 1064 καρδίας

260 1085 597 1154 στεναγμοῖς
643 1078 978 1153 ἰσχυρίζετο,
1036 1081 1133 1138 τοῦ
1188 1078 1362 1140 τόπου
1423 1078 1517 1150 μὲν
1574 1075 1924 1151 μεμνημένος

261 1172 343 1233 ὡς
398 1171 514 1244 εἶχε
568 1169 631 1222 τὸ
691 1168 954 1240 πρότερον
994 1210 1007 1233 ,
1067 1166 1156 1230 δτι
1211 1168 1328 1221 κατ’
1394 1164 1712 1239 ἐπιτροπίαν
1768 1166 1927 1230 αὐτὸς

261 1260 611 1333 ἐστρατήγει,
672 1256 722 1316 ἐς
779 1256 980 1314 ὁπόσον
1042 1252 1098 1308 δὲ
1155 1259 1438 1330 συμφορᾶς
1490 1247 1927 1328 κατῆντήκειτῑξ)

262 1350 396 1406 τότε
456 1347 687 1420 βλέπων,
747 1345 823 1408 ὡς
877 1341 1017 1416 μηδὲ
1053 1344 1212 1418 βατὸν
1267 1345 1572 1419 ἀνθρώποις
1618 1343 1773 1418 εἶναι,
1808 1341 1927 1400 δέν-

268 1435 450 1509 δρεσιν
509 1435 802 1507 ὑψικόμοις
863 1430 1324 1503 κατειλημμένον.
1380 1433 1460 1488 Τὸ
1511 1429 1555 1486 δ’
1586 1429 1784 1500 αἴτιον,
1820 1453 1928 1508 φηο-

263 1527 375 1598 σίν,
439 1527 470 1594 ἡ
528 1528 635 1578 τῶν
695 1520 962 1590 ζηλωτῶν
1016 1522 1277 1590 ἐπίθεσις,
1337 1521 1532 1576 καὶτὸ
1583 1519 1923 1598 ἐκπολεμοῦν

263 1612 488 1689 βασιλεῖ
541 1617 604 1667 τὸ
654 1612 893 1681 ὑπήκοον
953 1607 1223 1682 σπευδειν,
1277 1609 1350 1672 ὠς
1407 1610 1474 1664 τὰ
1503 1610 1593 1666 καὶ
1623 1611 1691 1666 τὰ
1721 1610 1925 1683 πέπρα-

256 1723 386 1758 κται
449 1702 733 1775 λέγοντας,
794 1700 883 1754 καὶ
943 1699 1017 1760 ὡς
1077 1696 1425 1772 παρανομοίη
1461 1699 1489 1752 ὁ
1524 1696 1802 1774 βασιλεὺς,
1835 1698 1924 1754 καὶ

257 1792 447 1849 τᾶλλα
477 1793 559 1850 οἷς
608 1789 702 1850 τὰς
749 1785 973 1862 καρδίας
1003 1792 1109 1843 τῶν
1159 1787 1460 1862 ἀνθρώπων
1506 1785 1927 1861 ἀλλοτριοῦντες
1958 1822 2004 1886 Β

257 1878 365 1936 τοῦ
426 1877 814 1953 βασιλεὺοντος
867 1875 1083 1940 ἐποίουν
1142 1875 1232 1930 καὶ
1285 1875 1513 1950 βασιλέα
1570 1875 1693 1952 περὶ
1752 1876 1924 1948 ἑαυτῴ

263 1965 593 2036 δεδοικέναι,
652 1967 741 2025 καὶ
795 1967 896 2034 τὴν
955 1965 1071 2022 καθ’
1131 1965 1314 2022 ἑαυτὸν
1380 1961 1648 2040 ὀρρωδίαν
1711 1967 1925 2026 πάντως

261 2055 498 2132 καρδίας
555 2056 721 2125 οὔσης
779 2055 845 2110 τὰ
897 2054 1038 2127 μέλη
1086 2060 1557 2129 συγκατασπᾶσθαι
1602 2049 1922 2124 ξυνέϐαινεν.

257 2146 477 2204 Αὐτίκα
528 2144 631 2220 γὰρ
688 2142 960 2216 μέλλησις
1003 2137 1328 2216 ἠκολούθει,
1383 2143 1563 2202 καὶτὸ
1605 2142 1924 2219 ἐπιτροπαῐς

264 2239 590 2310 πρατηγῷν
629 2234 715 2297 καὶ
771 2232 961 2306 μόναις
1015 2229 1336 2295 διοικεῖσθαι
1386 2233 1452 2287 τα
1506 2234 1643 2290 κατὰ
1696 2234 1921 2302 τόπους,

268 2451 423 2523 quin
463 2450 614 2521 pilos
660 2450 785 2519 ipse
835 2449 948 2504 sibi
996 2450 1208 2522 capitis
1257 2449 1511 2505 velleret.
1547 2449 1936 2505 Miserabatur

270 2541 436 2595 enim
468 2538 891 2594 incredibiliter
932 2537 1325 2593 calamitatem
1357 2538 1619 2593 locorum
1653 2537 1888 2594 illorum
1915 2553 1931 2604 ;

272 2634 337 2684 et
365 2635 486 2683 tam
520 2628 762 2697 impune
795 2627 870 2680 ibi
905 2643 1044 2681 suos
1075 2626 1330 2682 ludibrio
1383 2643 1512 2681 esse
1561 2626 1830 2681 barbaris
1859 2627 1931 2681 ad

272 2717 575 2790 propriam
611 2716 798 2790 ipsius
848 2716 1142 2788 pertinere
1186 2716 1570 2785 ignominiam
1624 2716 1935 2786 reputabat

280 2821 561 2860 moerens.
595 2805 808 2864 Aderat
833 2806 883 2860 ei
917 2804 1098 2876 hujus
1131 2805 1516 2874 expeditionis
1547 2807 1615 2868 ad
1653 2803 1932 2860 solatium

271 2909 476 2949 comes
507 2892 940 2956 Alexandrinus
968 2890 1499 2966 patriarchaApud
1534 2891 1690 2956 hunc
1721 2907 1934 2950 exone-

267 2999 417 3038 rans
475 2982 762 3050 animum,
797 2996 910 3046 non
969 2981 1098 3036 sine
1157 2979 1292 3042 altis
1332 2996 1361 3035 e
1407 2981 1581 3044 corde
1639 2979 1934 3052 suspiriis,

272 3073 616 3127 afﬁrmabat
647 3075 1004 3141 compertam
1041 3087 1168 3125 sero
1199 3069 1311 3124 sibi
1341 3087 1537 3125 veram
1569 3087 1806 3125 causam
1840 3069 1938 3124 ob-

2029 535 2086 593 δέ
2116 540 2216 593 τοῦ
2251 542 2325 614 μή
2371 563 2422 595 τι
2472 542 2617 615 παρᾶ
2665 541 2930 618 βασιλέως
2982 545 3166 597 παθεῖν
3210 545 3284 608 ὡς
3314 547 3458 620 παρὰ
3491 549 3552 600 τὸ
3601 548 3680 602 εἷ-

2027 628 2120 689 κὸς
2172 627 2658 703 ἐλλελειμμένους,
2711 633 2779 686 τὰ
2833 630 3142 706 πταίσματα
3183 634 3681 707 συγκαλύπτοντες,

2026 721 2105 788 τῷ
2133 719 2269 772 κατά
2317 725 2450 795 σφᾶς
2499 717 2644 773 ἀδεεῖ
2686 717 2857 793 ψευδῆ
2905 720 3223 797 γράφοντες,
3277 723 3530 797 ἠρήμουν
3580 727 3678 792 τὴν

2033 807 2221 881 χώραν
2278 809 2367 861 καὶ
2426 807 2587 871 τέλος
2645 807 2851 882 ἔρημον
2882 812 2982 888 τὴν
3013 809 3341 884 οἰκουμένην
3377 813 3679 889 ἀπέφηναν.

2029 900 2203 951 Ταῦτα
2250 895 2448 972 λέγων,
2503 898 2704 976 τρυφὰς
2761 898 3043 974 βασιλικὰς
3103 899 3335 974 ἀφεικὼς
3383 903 3468 955 καὶ
3524 913 3680 977 θερα-

2030 984 2184 1040 πείαν
2243 986 2470 1054 ἅπασαν,
2523 987 2596 1052 ὡς
2627 993 2886 1050 σιτεῖσθαι
2942 987 3030 1042 καὶ
3088 994 3209 1052 τοῖς
3263 995 3515 1064 τυχοῦσι,
3573 996 3681 1044 τῶν

2029 1074 2260 1147 πρόσθεν
2324 1075 2395 1136 ὡς
2454 1074 2599 1149 εἶχεν
2655 1071 2921 1131 ἐπέϐαινε.
2957 1077 3169 1152 Πέρσας
3208 1076 3288 1146 δὲ,
3316 1080 3444 1132 ἅσον
3480 1078 3686 1140 ἐκεῖνος

2031 1165 2400 1238 προσεχώρει,
2444 1165 2546 1217 ὑπὸ
2578 1162 2722 1218 πόδα
2771 1169 2851 1240 [Ρ.
2885 1169 3009 1240 343]
3065 1173 3266 1242 χωρεῖν
3299 1168 3409 1222 ἐκεῖ
3456 1174 3549 1222 τοῦ
3585 1172 3682 1244 βα-

2033 1251 2230 1314 σιλέως
2266 1252 2712 1327 διημερεύοντος,
2764 1255 2837 1316 ὡς
2877 1255 2965 1308 καὶ
3017 1254 3093 1309 ἔτι
3145 1258 3348 1329 θερμὰς
3378 1259 3473 1319 τὰς
3507 1259 3682 1316 ἑστίας

2033 1339 2249 1394 ἐκείνων
2300 1338 2842 1416 καταλαμϐάνοντος,
2892 1343 3028 1397 ὅπου
3063 1341 3119 1397 δὲ
3152 1345 3406 1419 βασιλεὺς
3437 1344 3687 1422 ἐφειστή-

2032 1453 2137 1502 κει,
2218 1433 2416 1497 ἐκεῖθεν
2487 1435 2593 1510 πρὸ
2661 1441 2789 1508 μιᾶς
2859 1436 3169 1512 φθανόντων
3228 1435 3446 1490 ἐκείνων
3503 1437 3537 1505 ἢ
3596 1439 3682 1490 καὶ

2035 1519 2285 1593 δευτέρας
2347 1527 2740 1594 μετασκηνοῦν,
2804 1525 3021 1594 Πλῆθος
3082 1521 3129 1578 δ’
3181 1525 3246 1593 ἧν
3279 1525 3509 1599 ὀπωρῶν
3543 1525 3686 1579 ἐκκε-

2037 1612 2288 1684 χυμένων
2347 1615 2495 1672 κάτω
2555 1617 2660 1668 τῶν
2725 1609 2982 1686 δένδρων,
3042 1613 3117 1674 ὡς
3150 1611 3349 1676 ἐκεῖθεν
3399 1614 3460 1668 τὸ
3519 1613 3684 1670 πλέον

2032 1704 2128 1754 τοῦ
2207 1705 2598 1775 στρατιωτικοῦ
2678 1700 2988 1769 σιτίζεσθαι·
3063 1701 3126 1754 τὸ
3206 1702 3308 1776 γὰρ
3366 1701 3688 1776 εἷσαχθῆναί

2031 1811 2139 1846 τισι
2199 1793 2307 1846 τῶν
2368 1787 2650 1862 ἐδωδίμων
2707 1789 2816 1844 ἐκεῖ
2873 1790 2963 1843 καὶ
3022 1788 3144 1843 λίαν
3185 1787 3360 1843 διὰτὸ
3393 1789 3510 1865 Sec;
3540 1791 3686 1845 ἀπώο

2037 1899 2203 1950 μοτον
2262 1881 2346 1947 ἠν,
2406 1881 2559 1942 Ὅθεν
2618 1883 2708 1932 καί
2766 1877 3036 1938 πολλάκις
3092 1875 3321 1950 πέμπων
3356 1878 3382 1930 ὁ
3432 1878 3685 1953 βασιλεὺς

2035 1967 2099 2031 τὰ
2152 1973 2254 2045 τῆς
2301 1966 2572 2040 τραπέζης
2626 1965 2828 2044 τρύφη,
2894 1967 2984 2022 τὸν
3047 1964 3284 2042 σκληρὸν
3317 1966 3562 2044 πιτυρίαν
3595 1967 3687 2020 καὶ

2039 2054 2294 2128 μέλανα,
2347 2054 2561 2130 γυναικί
2617 2076 2675 2110 τε
2733 2056 2846 2130 ἅμα
2903 2054 2989 2110 κκὶ
3050 2059 3278 2130 πενθερᾷ
3321 2055 3408 2109 καί
3461 2077 3521 2130 γε
3578 2077 3686 2116 πα-

2033 2142 2272 2223 τριάρχῃ
2323 2146 2410 2199 καὶ
2463 2149 2579 2206 τοῖς
2635 2145 2939 2226 γνωρίμοις
2995 2144 3230 2222 παρίστα
3285 2144 3345 2197 τὸ
3400 2141 3686 2216 δυσπαθὲς,

2033 2233 2254 2312 γράφων
2303 2230 2434 2315 μηδ’
2491 2234 2660 2298 αὐτοῦ
2718 2231 3028 2309 πηγιμαίου
3077 2230 3270 2295 ὕδατος
3298 2231 3569 2309 εὐπορεῖν,
3627 2233 3688 2287 τὸ

2045 2446 2254 2513 malis;
2289 2447 2426 2502 hinc
2454 2448 2694 2519 defungi
2726 2449 3082 2519 cogebamur
3113 2449 3526 2521 perfunctoriis
3556 2465 3695 2520 pro-

2041 2536 2392 2605 visionibus,
2426 2537 2734 2591 mittendis
2776 2536 2894 2592 haec
2946 2537 3004 2595 in
3053 2535 3178 2596 lace
3228 2539 3542 2608 prasfectis,
3575 2553 3694 2607 quo

2042 2623 2240 2678 venire
2293 2624 2453 2694 ipsos
2486 2641 2592 2678 nos
2623 2628 3010 2694 orportuerat.
3047 2629 3110 2678 Et
3151 2626 3545 2689 venissemus,
3580 2625 3695 2680 nisi

2043 2712 2209 2772 falsis
2242 2713 2340 2767 isti
2374 2713 2595 2768 nuntiis
2629 2714 3034 2780 necessitatem
3074 2714 3258 2768 nostri
3288 2716 3570 2769 adventus
3591 2714 3695 2768 ab-

2043 2804 2411 2864 sconderent.
2433 2805 2608 2857 Erant
2628 2802 2685 2857 hi
2713 2803 2981 2858 homines
3005 2804 3421 2875 avari,rapinis
3443 2803 3652 2859 intenti
3680 2817 3693 2856 :

2045 2895 2374 2966 praedarum
2409 2911 2649 2960 suarum
2683 2898 2740 2948 et
2770 2895 3227 2950 concussionum
3273 2894 3367 2949 hic
3411 2895 3692 2950 exercita-

2047 2999 2177 3046 rum
2223 2986 2402 3046 testes
2435 2981 2649 3036 habere
2676 2983 2922 3054 Augusti
2957 2983 3259 3056 przesentis
3289 2984 3492 3036 oculos
3526 2983 3698 3037 time-

2046 3071 2209 3126 bant.
2231 3071 2363 3124 Ideo
2388 3069 2596 3124 litteris
2620 3068 2928 3136 fallacibus
2951 3069 3324 3129 occultabant
3345 3071 3696 3125 offensiones

269 3161 570 3217 versantia
591 3159 777 3214 oculis
805 3159 1206 3226 desolationis,
1232 3175 1363 3230 qua:
1394 3164 1613 3227 quanta
1635 3173 1934 3230 quamque
1966 3195 2009 3266 C
2048 3157 2187 3214 belli
2221 3160 2541 3232 ruinasque
2575 3158 2860 3230 locorum,
2887 3175 2956 3212 ne
2990 3158 3314 3213 remedium
3347 3157 3443 3222 iis,
3468 3160 3514 3214 si
3548 3163 3695 3213 notas

346 3251 356 3260 υ
676 3253 820 3266 ,θυι
857 3247 977 3266 ιη,
1019 3247 1227 3266 un“-
1275 3247 1525 3266 ,μ-εκη,
1577 3251 1772 3266 an--.
1835 3246 1900 3266 ,λ
2051 3249 2074 3266 ι-
2364 3246 2747 3266 enimid-
2797 3265 2811 3266 κ
2858 3246 3021 3266 ηις,
3251 3247 3380 3266 ,ιηη

272 3249 639 3306 miserabilis
670 3253 827 3303 esset
856 3247 982 3318 ipse
1013 3247 1235 3317 optime
1265 3247 1535 3302 omnium
1576 3251 1799 3312 nosset,
1831 3246 1934 3300 ad-

260 3341 444 3411 jutus
494 3339 564 3402 ad
611 3337 672 3392 id
719 3335 1003 3400 memoria
1050 3335 1314 3402 ﬂorentis
1359 3337 1656 3416 quondam
1690 3351 1755 3392 ac
1783 3334 1938 3390 beati

267 3426 592 3498 regionum
635 3426 847 3494 harum
895 3431 1110 3494 status,
1160 3425 1392 3500 qualem
1424 3443 1486 3492 se
1517 3429 1819 3497 spectasse
1850 3441 1938 3479 re-

279 3516 663 3587 cordabatur,
697 3532 828 3580 cum
885 3520 1202 3587 antequam
1250 3515 1309 3570 in
1359 3515 1674 3592 imperium
1733 3513 1938 3570 evehe-

274 3613 464 3672 retur,
488 3605 770 3662 Romanis
791 3605 974 3677 cOpiis
997 3605 1076 3660 ibi
1098 3608 1396 3675 praeesset.
1419 3606 1556 3671 Corn
1565 3620 1777 3675 parans
1801 3619 1938 3674 ergo

279 3695 486 3750 animo
520 3710 697 3765 quam
751 3693 982 3764 uberes,
1006 3709 1186 3764 quam
1220 3694 1553 3766 frequentes
1584 3692 1723 3754 olim
1758 3690 1941 3746 felici-

269 3785 394 3838 bus
425 3782 632 3840 incolis
667 3788 852 3847 terrze,
893 3783 950 3838 in
986 3785 1271 3854 quantam
1305 3798 1484 3848 nunc,
1519 3798 1644 3853 quae
1677 3797 1941 3836 cernere-

275 3878 403 3942 tur,
419 3871 817 3930 calamitatem
841 3871 1232 3935 devenissent,
1263 3875 1323 3924 ut
1345 3888 1460 3926 non
1484 3869 1779 3925 exhausta:
1802 3867 1945 3923 civi—

279 3962 401 4018 bus
433 3959 768 4030 colonisque
801 3959 1016 4025 solum,
1051 3960 1153 4016 sed
1181 3975 1252 4016 ne
1283 3960 1492 4030 perviae
1536 3959 1775 4032 quidem
1818 3958 1944 4028 jam

285 4049 631 4108 hominibus
681 4056 894 4120 essent,
927 4048 1089 4105 nullo
1141 4049 1360 4118 passim
1406 4047 1650 4120 vestigio
1691 4047 1942 4112 viarum,

279 4139 573 4211 stirpibus
622 4143 798 4211 atque
850 4137 1108 4198 arbustis
1152 4139 1352 4196 densis
1386 4142 1556 4209 atque
1589 4136 1725 4192 altis
1757 4137 1946 4196 enatis

283 4228 512 4298 ubique
560 4231 797 4288 temere.
832 4227 1044 4296 Causa,
1073 4226 1405 4298 inquiebat,
1439 4226 1578 4284 mali
1627 4225 1775 4281 tanti
1826 4225 1947 4280 haec

285 4319 531 4372 demum
553 4321 662 4381 est,
686 4317 913 4386 eruptio
936 4315 1250 4371 inconsulti
1275 4315 1379 4370 zeli
1403 4316 1673 4371 subditos
1704 4316 1950 4370 efferens

285 4409 349 4461 in
405 4411 654 4460 conatus
703 4406 947 4460 rebelles
996 4405 1383 4476 impugnandi
1431 4404 1794 4476 principem;
1850 4404 1950 4458 ubi

287 4496 528 4567 prodire
559 4494 728 4550 aliter
760 4496 816 4550 in
849 4511 970 4550 rem
1006 4512 1119 4552 non
1154 4499 1426 4565 possunt,
1460 4493 1776 4548 maledicas
1803 4493 1948 4547 inci-

2050 3248 2323 3314 fuissent,
2357 3246 2757 3302 adhibendum
2791 3265 2824 3302 a
2855 3246 3025 3301 nobis
3058 3247 3384 3303 rationibus
3432 3249 3695 3318 ipsorum

2048 3335 2288 3409 privatis
2322 3335 2804 3391 incommodaret.
2828 3335 2978 3406 Ergo
2997 3335 3320 3406 utimpune
3343 3336 3488 3407 ipsis
3520 3342 3696 3404 esset,

2050 3430 2115 3488 ut
2139 3424 2530 3492 violentarum
2581 3425 2983 3480 extorsionum
3034 3441 3236 3496 pmnas
3285 3442 3395 3479 non
3444 3426 3696 3493 luerent,

2053 3515 2434 3571 mendacibus
2481 3532 2588 3570 nos
2633 3514 2922 3569 lactantes
2955 3514 3188 3583 scriptis
3221 3514 3513 3585 regionem
3548 3515 3699 3569 hanc

2050 3609 2374 3674 vastarunt,
2398 3609 2454 3670 et
2487 3603 2541 3658 in
2589 3602 2882 3680 frequenti
2911 3603 3047 3658 olim
3083 3619 3148 3658 ac
3180 3603 3402 3674 passim
3435 3603 3703 3658 habitata

2050 3698 2203 3748 terra
2233 3692 2638 3763 solitudinem,
2672 3709 2850 3763 quam
2883 3697 3185 3763 gementes
3212 3693 3531 3758 cernimus,
3558 3692 3702 3747 fece-

2050 3785 2207 3846 runt.
2241 3782 2370 3836 Haec
2402 3780 2737 3854 deplorans,
2771 3779 3008 3834 omissis
3048 3780 3273 3834 deliciis
3307 3782 3504 3850 regiis,
3537 3781 3698 3835 cultu

2051 3888 2117 3926 ac
2149 3871 2301 3925 fastu
2342 3869 2654 3946 principali
2702 3867 3002 3941 neglectis,
3042 3871 3288 3924 curandi
3337 3871 3480 3940 quin
3522 3871 3699 3925 etiam

2053 3960 2312 4032 corporis
2366 3960 2509 4014 adeo
2559 3958 2870 4014 immemor
2901 3963 2962 4012 ut
2992 3958 3178 4013 obviis
3211 3958 3543 4029 quibusque
3574 3960 3702 4014 sine

2052 4047 2274 4103 delectu
2311 4054 2413 4103 aut
2436 4051 2717 4119 apparatu
2747 4053 3100 4113 vesceretur,
3127 4046 3278 4100 ultra
3303 4046 3495 4116 quoad
3522 4047 3713 4117 potuit

2055 4138 2351 4192 tendebat.
2388 4138 2705 4208 Coegitque
2735 4140 2862 4190 tum
2893 4135 3118 4199 Persas,
3147 4139 3435 4206 quantum
3468 4138 3558 4189 est
3586 4135 3713 4208 ipse

2056 4242 2428 4298 progressus,
2493 4225 2876 4280 retrocedere.
2927 4225 3064 4284 Erat
3113 4229 3309 4278 autem
3368 4224 3598 4279 itineris
3646 4241 3715 4281 ea

2057 4313 2198 4370 tunc
2247 4316 2416 4384 ratio,
2451 4319 2517 4368 ut
2548 4313 2647 4368 ubi
2680 4313 3024 4385 pracedenti
3058 4329 3298 4384 vespere
3347 4312 3528 4367 Persae
3580 4313 3714 4368 fue-

2058 4409 2212 4468 rant,
2239 4409 2537 4475 posterum
2572 4403 2650 4456 ibi
2683 4402 2838 4456 diem
2873 4402 3193 4473 imperator
3222 4399 3576 4469 exigeret,in
3611 4401 3715 4457 ho-

2060 4495 2258 4566 spitia,
2291 4492 2507 4564 quibus
2537 4490 2622 4544 illi
2671 4497 2838 4545 erant
2869 4492 2981 4559 usi,
3019 4491 3159 4546 focis
3211 4490 3401 4545 adhuc
3447 4489 3714 4561 ipsorum

284 4583 734 4655 tanteslinguas
757 4584 826 4638 ad
853 4583 1128 4639 seditiose
1147 4584 1644 4637 murmurandum
1669 4583 1948 4637 adversus
1979 4563 2028 4626 D
2063 4563 2347 4642 fumantia
2377 4580 2720 4636 succedens.
2751 4580 2957 4652 Itaque
3016 4581 3256 4635 dieculae
3283 4579 3378 4633 vix
3407 4579 3585 4635 unius
3615 4583 3717 4634 aut

286 4674 708 4744 imperantem,
741 4672 861 4727 haec
910 4677 966 4727 et
1010 4671 1110 4726 illa
1157 4672 1286 4742 ejus
1335 4676 1465 4726 acta
1513 4675 1947 4742 percensentes,

288 4778 425 4833 quae
458 4777 635 4831 prava
662 4775 794 4814 esse
822 4759 1279 4827 contendunt,et
1327 4775 1490 4813 reum
1525 4758 1691 4813 illum
1712 4757 1953 4812 violata-

290 4866 427 4904 rum
462 4848 658 4919 legum
708 4853 767 4903 et
813 4847 1149 4918 reipublicae
1209 4847 1464 4918 pessime
1525 4846 1949 4901 administratae

287 4937 685 4994 licentissime
715 4941 1044 5008 peragunt;
1097 4937 1252 4992 503
1304 4953 1404 5008 per
1450 4935 1571 4990 haec
1611 4936 1683 4990 ab
1715 4951 1779 4990 eo
1810 4935 1951 4990 alie-

291 5029 511 5083 nantes
559 5025 786 5080 animos
836 5024 1166 5095 hominum,
1199 5029 1256 5080 et
1287 5028 1544 5079 metuere
1591 5022 1787 5094 ipsum
1839 5024 1951 5079 sibi

292 5121 574 5186 cogentes
609 5131 623 5170 :
656 5114 923 5172 naturale
952 5113 1166 5186 quippe
1199 5114 1413 5186 cuique
1441 5121 1530 5170 est
1554 5113 1625 5168 ad
1658 5113 1952 5183 objectum

291 5221 476 5276 grave
508 5204 634 5258 vitae
679 5221 744 5259 ac
795 5209 985 5258 stalus
1032 5203 1250 5276 proprii
1311 5202 1638 5274 periculum
1693 5202 1952 5258 horrere.

295 5294 450 5349 Hinc
481 5294 671 5365 capite
723 5291 1056 5363 reipublicm
1082 5292 1152 5347 de
1176 5309 1237 5348 se
1260 5291 1536 5358 sollicito,
1562 5295 1618 5346 et
1648 5307 1716 5345 ea
1750 5308 1955 5346 neces-

293 5382 458 5438 saria
506 5382 597 5437 sui
645 5397 786 5440 cura
832 5399 865 5437 a
917 5381 1275 5437 consulendo
1333 5379 1649 5435 efﬁcaciter
1705 5380 1958 5436 subditis

299 5487 532 5535 averso,
582 5472 849 5530 membra
906 5470 1135 5540 imperii
1197 5470 1448 5542 discerpi
1498 5468 1759 5540 contigit.
1816 5469 1958 5524 Hinc

303 5566 531 5630 torpor,
578 5560 852 5626 addebat,
893 5560 1155 5631 obrepsit
1188 5559 1389 5626 nobis;
1423 5557 1559 5614 hinc
1591 5559 1741 5612 tardi
1773 5575 1838 5612 ac
1871 5576 1960 5614 se-

300 5665 455 5722 gnes
485 5648 708 5714 fuimus
741 5649 799 5706 in
828 5649 1186 5704 occurrendo
1227 5665 1328 5720 per
1377 5664 1484 5704 nos
1527 5647 1961 5720 provinciarum

2060 4688 2361 4728 summum
2391 4669 2555 4725 bidui
2587 4670 2897 4724 intervallo
2928 4671 3087 4725 locus
3119 4670 3276 4724 idem
3299 4674 3356 4724 et
3385 4670 3592 4724 Persas
3624 4667 3713 4723 di-

2061 4760 2303 4815 miserat
2333 4760 2539 4830 pedem
2572 4775 2681 4812 sua
2710 4774 2914 4812 versus
2956 4759 3274 4813 referentes
3306 4763 3362 4811 et
3396 4758 3711 4812 instantem

2061 4848 2300 4920 vestigis
2327 4847 2589 4918 ipsorum
2615 4846 2940 4919 excipiebat
2961 4849 3312 4918 Augustum.
3342 4847 3717 4918 Apparebant

2062 4944 2256 4993 autem
2287 4941 2408 4991 tota
2439 4935 2660 5008 passim
2693 4935 2928 5006 regione
2959 4941 3143 4991 strata
3174 4936 3299 4991 suis
3333 4951 3580 5007 qumque
3601 4937 3712 4990 sub

2064 5026 2370 5083 arboribus
2404 5042 2576 5097 poma
2607 5025 2856 5080 decidua
2885 5026 3230 5096 fructusque
3261 5024 3454 5080 omnis
3485 5023 3716 5095 generis

2067 5115 2302 5180 maturi,
2324 5119 2489 5169 tanta
2519 5115 2686 5186 copia
2708 5123 2771 5169 ut
2803 5115 3007 5184 majori
3041 5114 3334 5168 exercitus
3364 5113 3514 5185 parti
3545 5112 3713 5167 cibus

2064 5205 2200 5260 inde
2229 5203 2543 5259 sufﬁceret.
2595 5201 2740 5257 Nam
2769 5203 2883 5259 alia
2914 5202 3136 5257 ratione
3165 5202 3407 5272 praeberi
3441 5202 3629 5256 forum
3661 5207 3716 5252 et

2066 5292 2266 5348 inferri
2299 5290 2510 5347 castris
2542 5290 2655 5346 illis
2683 5297 3101 5357 commeatum,
3136 5291 3444 5346 interdicto
3489 5290 3714 5343 dudum

2068 5383 2119 5436 vi
2154 5398 2217 5436 ac
2249 5386 2410 5434 metu
2439 5379 2634 5435 hostili
2670 5397 2772 5450 per
2803 5380 2956 5436 504
2987 5397 3221 5436 omnem
3255 5379 3411 5433 hunc
3441 5378 3554 5432 late
3584 5381 3712 5430 tra-

2069 5475 2229 5524 ctum
2254 5467 2624 5528 commercio.
2643 5471 2890 5540 sperand
2905 5485 2995 5523 um
3011 5469 3166 5522 haud
3189 5472 3330 5522 erat.
3350 5469 3549 5534 Itaque
3565 5480 3714 5535 saepe

2072 5560 2130 5613 in
2160 5558 2455 5629 specimen
2486 5557 2682 5610 miseri
2716 5574 2833 5627 quo
2865 5565 3002 5611 tunc
3037 5557 3310 5611 utebatur
3330 5553 3521 5607 victus
3556 5553 3721 5608 misit

2075 5649 2394 5719 imperator
2422 5645 2494 5701 ad
2519 5649 2844 5716 Augustam
2866 5652 2923 5701 et
2936 5661 3195 5714 socrum,
3217 5644 3288 5698 ad
3322 5642 3715 5714 patriarcham
