4002 6198
415 309 522 365 967
1717 304 2018 360 GEORGII
2058 303 2518 358 PACBYMEBE
3626 321 3703 374 953

415 434 472 491 δέ
499 456 558 509 γε
614 434 863 502 ποταμοῦ
918 426 1200 504 τρυγοίπῳ
1259 425 1619 499 διηθούμενον
1677 428 1765 481 xui
1795 426 2281 500 ἐξαιθρια-Ατῶν
2338 432 2438 494 τῆς
2498 426 2749 501 Προόσης
2813 431 2990 500 μερῶν
3053 426 3316 501 ἀνάγεται,
3365 429 3422 485 τὰ
3460 438 3540 500 τῆς
3579 439 3706 496 αὐτῶν

415 525 640 595 ζόμενον
704 517 866 592 μόλις
921 519 1178 594 προσιτὸν
1227 516 1361 571 εἶναί
1419 518 1470 570 οἱ
1531 511 1719 574 ποτόν.
1777 517 1869 583 Μὴ
1930 519 2061 589 γοῦν

410 614 608 670 ἱκανῶς
656 604 800 682 ἔχων
861 608 983 662 τότε
1036 604 1252 661 διώκειν
1314 606 1364 660 ἐν
1410 603 1742 680 δυσχωρίαις
1773 604 1834 659 τὸ
1870 607 2057 678 ΙΙερσι-

408 700 529 768 κὸν,
578 697 768 760 ἄλλως
824 719 883 752 τε
936 697 1028 752 καὶ
1087 694 1286 758 ἐνδείας
1341 696 1691 768 ἐπικειμένης
1738 699 1844 750 τῶν
1893 694 2057 767 ἀναγ-

409 789 602 857 καίων,
632 789 694 842 τὸ
723 789 859 850 τέως
911 787 1048 861 ἔγνω
1103 788 1194 840 τὸν
1253 787 1423 840 τόπον
1473 789 1830 860 κατοχυροῦν,
1865 785 1955 838 καὶ
1989 781 2054 852 δὴ

410 879 689 956 φρουρίοις
751 879 843 950 μὲν
905 882 1129 951 συχνοῖς
1182 876 1246 929 τά
1294 875 1420 948 παρ’
1476 873 1698 949 ἑκάτερα
1752 879 1849 928 τοῦ
1880 894 2054 927 ποτα-

416 973 519 1043 μοῦ
567 963 918 1039 διελάμϐανε,
967 967 1033 1020 τὰ
1085 967 1180 1038 μὲν
1218 965 1564 1033 πεπονηκότα
1591 969 1670 1036 τῷ
1702 963 1887 1038 χρόνῳ
1937 962 2056 1017 ἐπι-

409 1057 677 1127 σκευάζων
715 1057 804 1111 καὶ
857 1059 1141 1121 συνιστῶν,
1191 1053 1334 1109 ἄλλα
1382 1051 1438 1107 δέ
1468 1053 1631 1114 αὐτὸς
1659 1053 1884 1107 ἀνιστῶν
1917 1051 2054 1106 ὅπου

404 1153 501 1203 τοῦ
532 1150 786 1219 ποταμοῦ
814 1142 1241 1218 λειψυδροῦντος
1280 1143 1446 1217 πόρον
1481 1140 1586 1197 ἔδει
1635 1142 1929 1216 γίγνεσθαι,
1980 1141 2053 1201 ὡς

407 1237 465 1292 ἂν
528 1238 641 1308 ἅμα
701 1236 796 1307 μὲν
844 1237 913 1308 τῇ
969 1238 1074 1288 τῶν
1136 1231 1408 1310 φρουρίων
1462 1233 1782 1300 πυκνότητι,
1836 1232 1947 1302 ἅμα
1995 1227 2052 1283 δὲ

403 1326 489 1380 καὶ
549 1331 667 1386 ταῖς
696 1329 802 1377 τῶν
838 1321 1144 1397 ἀναγκαίων
1191 1320 1780 1395 τόπωνλξπροκατοχαῖς
1814 1317 1864 1372 ἐν
1900 1319 2050 1390 ἀμη-

404 1413 596 1488 χάνοις
651 1412 719 1467 τά
776 1417 882 1466 τῶν
945 1415 1163 1485 Περσῶν
1217 1409 1494 1484 γίνωνται,
1555 1405 1841 1463 Συστεῖλαι
1877 1404 1932 1460 δὲ
1959 1407 2047 1461 θέ-

403 1503 513 1558 λων
569 1502 659 1556 xui
711 1501 803 1562 τὰς
861 1497 1086 1577 ἐφόδους
1140 1503 1248 1552 τῶν
1304 1496 1566 1551 ἐπιόντων
1601 1497 1674 1557 ὡς
1729 1498 1804 1568 μὴ
1852 1493 2042 1565 ἀνέδην

400 1591 592 1646 ὁπόθεν
655 1588 945 1666 βούλοιντο
1005 1585 1298 1642 διεκπαίειν
1355 1587 1444 1641 καὶ
1511 1585 1874 1640 έπεισπίπτειν
1907 1583 2044 1655 ἀδή-

400 1679 533 1749 λως,
594 1678 953 1755 ἀξινηφόρους
1012 1676 1063 1738 ές
1122 1673 1266 1730 πολὺ
1325 1672 1539 1744 πλῆθος
1595 1675 2042 1746 συναθροισθῆναι

398 1767 628 1837 κελεύει,
677 1767 766 1822 καὶ
825 1773 999 1840 μῆκος
1062 1766 1156 1837 μὲν
1216 1765 1608 1840 παραμετρήας
1664 1768 1760 1817 τοῦ
1791 1767 2042 1834 ποταμοῦ

396 1860 519 1913 ’ὁσον
573 1861 637 1926 ἦν
692 1858 981 1931 ἀναγκαῖον
1010 1858 1465 1929 κατοχυροῦσται,
1499 1851 1708 1914 πλάτος
1744 1849 1799 1905 δὲ
1830 1852 1891 1906 τὸ
1923 1853 2041 1905 'txu-

390 1949 482 2002 νὸν
538 1944 919 2022 λογισάμενος,
981 1941 1193 2016 σπουδῇ
1242 1943 1308 1997 τά
1355 1940 1547 2018 δένδρα
1593 1941 1893 2004 κόπτοντας
1923 1940 2043 1996 ἐπι-

390 2037 567 2092 τάττει
627 2031 1084 2091 έπικαταϐάλλειν
1138 2031 1192 2087 ἓν
1255 2034 1335 2110 ἐφ’
1385 2033 1483 2102 ἑνὶ,
1538 2031 1627 2086 καὶ
1685 2031 1825 2086 οὕτω
1874 2053 2040 2085 κατα-

391 2131 669 2182 πυκνῶσαι
719 2130 837 2186 τοῖς
867 2122 1041 2178 κλωσὶ
1073 2127 1181 2178 τῶν
1213 2119 1446 2196 δένδρων
1478 2121 1568 2175 τὸν
1600 2119 1766 2175 τόπον
1801 2121 1874 2182 ὡς
1911 2117 2044 2193 μηδ’

392 2211 514 2292 ὅφιν
564 2215 678 2270 οἷόν
711 2216 758 2269 τ’
807 2214 940 2269 εἶναι
991 2210 1186 2288 σχεδὸν
1221 2209 1552 2286 διέρχεσθαι.
1606 2214 1785 2266 Ταῦτα
1820 2211 1956 2285 πρὸς
1979 2210 2042 2264 τὸ

387 2305 558 2374 παρὸν
615 2303 864 2374 ἐπιτάξας
916 2324 975 2357 τε
1029 2302 1120 2356 καὶ
1185 2300 1582 2362 κατασκευάσας
1637 2304 1717 2372 τῷ
1766 2298 2040 2372 ἐπιμεῖναι

389 2391 916 2469 ταλαιπωρούμενος
951 2435 966 2461 ,
1024 2389 1185 2446 τέλος
1261 2391 1590 2464 σιταρκήσας
1647 2394 1762 2452 τοῖς
1820 2388 1872 2444 ἐν
1925 2394 2041 2452 τοῖς

393 2482 671 2559 φρουρίοις
720 2483 782 2536 τὸ
841 2481 1041 2553 ἱκανὸν,
1097 2481 1244 2556 παρὰ
1295 2481 1388 2534 τὸν
1442 2479 1690 2553 ποταμὸν
1741 2481 1908 2555 μέχρι
1952 2479 2042 2533 καὶ

391 2702 566 2760 etiam
590 2705 648 2757 et
669 2699 815 2756 alios
840 2699 1180 2767 familiares,
1207 2698 1567 2754 furfurosum
1592 2713 1800 2770 panem
1826 2697 2041 2752 durum

390 2797 449 2850 et
471 2796 688 2857 atrum,
715 2789 825 2845 has
859 2805 989 2846 esse
1021 2789 1288 2844 scribens
1342 2787 1602 2843 lautitias
1634 2803 1753 2842 suae
1787 2803 2040 2854 mensae;

390 2887 447 2936 et
477 2880 839 2952 adjungebat
895 2877 1105 2933 iisdem
1163 2876 1380 2932 litteris
1413 2892 1484 2931 ne
1518 2875 1767 2931 fontanae
1801 2873 2039 2947 quidem

387 2972 500 3028 sibi
531 2989 694 3043 aquae
726 2969 954 3042 copiam
987 2969 1058 3024 ad
1091 2971 1294 3040 potum
1326 2971 1659 3038 suppetere,
1694 2966 1793 3021 sed
1828 2970 1886 3020 et
1914 2969 2041 3020 tur-

384 3059 521 3115 bido
569 3059 854 3115 haustum
901 3056 1166 3122 ﬂumine,
1199 3055 1311 3110 coli
1359 3055 1808 3110 transmissione
1856 3053 2044 3109 obiter

383 3152 699 3222 purgatum
715 3147 1244 3218 refrigeratumque
1265 3145 1377 3199 sub
1398 3145 1698 3216 dio,quem
1721 3143 2035 3199 sitibundaa

384 3242 583 3296 fauces
609 3255 762 3311 aegre
792 3237 1192 3304 admitterent,
1215 3234 1504 3306 liquorem
1539 3234 1862 3307 prepinari.
1885 3238 2032 3290 Cum

383 3334 580 3385 autem
630 3327 830 3382 hostes
862 3326 944 3382 sic
977 3324 1255 3380 instando
1287 3323 1681 3379 contrusisset
1705 3324 1764 3377 in
1798 3339 2038 3392 asperos

375 3419 502 3489 jam
527 3432 634 3470 nec
665 3414 831 3470 facile
862 3415 1091 3485 pervios
1119 3412 1330 3468 limitis
1357 3412 1618 3483 ipsorum
1651 3411 1860 3479 saltus,
1881 3409 2038 3465 haud

381 3522 444 3560 se
474 3503 703 3559 idoneis
736 3502 1092 3557 instructum
1141 3500 1323 3571 copiis
1357 3500 1618 3555 sentiens
1651 3501 1721 3554 ad
1755 3516 1856 3555 eos
1889 3500 2036 3554 ulte-

381 3594 506 3648 rius
540 3591 998 3665 persequendos,
1019 3595 1076 3646 et
1096 3590 1334 3646 aliunde
1351 3606 1547 3644 rerum
1569 3589 2035 3645 necessariarum

381 3683 628 3758 penuria
659 3686 922 3755 urgente,
956 3681 1214 3754 cogitare
1248 3681 1317 3736 de
1349 3681 1538 3735 reditu
1585 3684 1820 3736 coactus
1871 3679 2036 3750 prius

381 3783 594 3843 tamen,
624 3773 816 3844 quoad
851 3788 944 3827 res
975 3771 1226 3838 sinebat,
1252 3769 1484 3824 munire
1523 3769 1773 3824 limitem
1806 3769 2038 3824 studuit

379 3865 614 3920 arcibus
646 3863 718 3918 ad
753 3865 1062 3932 utramque
1112 3859 1376 3914 fluminis
1427 3857 1617 3930 ripam
1670 3857 1938 3913 excitatis
1980 3863 2037 3912 et

375 3952 646 4026 praesidio
695 3950 936 4007 insessis
985 3947 1278 4021 plurimis.
1315 3951 1572 4014 Quarum
1607 3947 1838 4018 aliquas
1869 3951 2034 4001 vetu-

374 4046 525 4098 state
548 4058 616 4096 ac
637 4046 968 4110 temporum
997 4036 1235 4108 injuriis
1259 4035 1572 4091 semirutas
1595 4036 1796 4090 refecit
1817 4034 2034 4089 instru-

371 4133 590 4202 xitque,
614 4147 794 4185 novas
825 4129 952 4200 ipse
975 4128 1203 4199 aliquas
1221 4127 1576 4198 adjungens,
1600 4125 1681 4180 ibi
1706 4125 2027 4197 praesertim

385 4220 486 4274 ubi
518 4219 747 4289 parcior
777 4234 937 4286 aqua!
969 4216 1160 4272 amnis
1208 4215 1356 4270 vado
1387 4215 1574 4284 trajici
1609 4219 1819 4286 potest,
1855 4219 1918 4268 ut
1946 4216 2032 4269 sic

375 4313 432 4362 et
456 4306 766 4362 crebritate
815 4305 1224 4376 praesidiorum
1258 4312 1311 4357 et
1342 4303 1844 4374 prwoccupatione
1875 4301 2028 4356 loco-

375 4414 507 4452 rum
540 4395 1034 4460 necessariorum,
1067 4394 1272 4464 inopes
1304 4391 1536 4449 consilii
1583 4397 1772 4448 Persae
1825 4392 2028 4446 redde-

375 4490 597 4542 rentur.
632 4486 890 4548 Quorum
923 4483 1100 4538 etiam
1140 4482 1510 4537 incursiones
1557 4497 1820 4536 coercere
1863 4479 2026 4534 obice

2173 513 2526 587 ἐπισκέψεως,
2560 515 2696 568 ὥστε
2727 514 2816 568 καὶ
2847 520 2954 568 τῶν
2985 513 3198 591 ἐχθρῶν
3218 517 3398 580 τελέως
3426 519 3709 598 ἐκδιωχθῆναι

2170 601 2244 664 εἰς
2274 604 2460 672 καιρὸν
2495 601 2706 658 εὔθετον
2741 604 3092 678 ἀναθέμενος.

2170 761 2216 819 λ’
2292 765 2371 821 Τά

2462 765 2598 820 κατᾶ
2689 765 2816 851 τους
2911 768 3050 841 πρὸς
3098 769 3209 851 ,τὸν
3282 771 3440 827 πάπαν
3506 782 3710 851 Μαρτῖνον

2760 839 3227 914 ἀποκρισιαρίους.

2241 967 2323 1038 [Ρ.
2377 967 2502 1036 344]
2558 960 2770 1036 Ξυνέϐη
2837 964 2895 1020 δὲ
2945 967 3058 1022 τότ’
3110 968 3209 1022 ἀνᾶ
3264 972 3482 1044 Ηροῦσαν
3532 972 3714 1050 διάγοντι

2165 1053 2254 1108 καὶ
2284 1055 2352 1108 τά
2399 1055 2535 1109 κατά
2580 1055 2673 1109 τὸν
2723 1055 2947 1110 πάππαν
2982 1062 3191 1129 μαθεῖν,
3224 1057 3279 1120 ὃς
3328 1056 3390 1128 δὴ
3434 1061 3512 1115 καὶ
3558 1072 3717 1139 Μαρτῐ-

2163 1163 2257 1206 νος
2305 1144 2440 1216 μετὰ
2463 1143 2736 1218 ῌικόλαον
2795 1145 2886 1213 ἦν.
2919 1147 3060 1218 Πρὸς
3106 1147 3210 1220 γάρ
3256 1146 3402 1202 αὐτὸν
3432 1146 3594 1223 ἔφθασε
3616 1155 3718 1225 πέμ-

2164 1235 2262 1304 ψαι
2335 1232 2424 1286 τόν
2504 1254 2562 1287 τε
2636 1232 2957 1309 Ἡρακλείας
3028 1235 3231 1291 Λέοντα
3283 1237 3369 1291 καὶ
3419 1239 3500 1292 τὸν
3546 1244 3719 1304 Νικαίας

2165 1322 2459 1398 Θεοφάνην.
2521 1323 2585 1376 O't
2638 1322 2704 1391 δὴ
2762 1325 2849 1377 καὶ
2902 1323 3210 1386 ἐπιστάντες
3263 1324 3321 1379 οὗ
3377 1329 3480 1381 κατ’
3531 1327 3718 1397 ἐλπίδας,

2162 1409 2222 1471 ἃς
2281 1411 2428 1485 εἶχον
2489 1411 3014 1482 ἀποστελλόμενοι,
3070 1416 3197 1488 παρ’
3255 1413 3453 1468 ἐκείνων
3503 1414 3720 1491 ἐδέχοντο,

2161 1497 2307 1553 ἀλλά
2362 1499 2671 1555 τούναντίον
2732 1502 2888 1560 ἅπαν.
2946 1503 3019 1555 Τά
3073 1502 3173 1577 γὰρ
3204 1505 3316 1566 καθ’
3366 1507 3497 1576 ἡμᾶς
3525 1507 3589 1566 ὡς
3613 1507 3717 1580 εἶχον

2164 1587 2449 1658 μαθόντες,
2505 1589 2594 1642 xui
2649 1587 2780 1665 ὅπερ
2841 1589 2910 1658 ἦν
2969 1590 3415 1663 ὑποτοπάσαντες,
3468 1592 3642 1668 χλεύην
3677 1597 3721 1650 τὸ

2158 1677 2377 1750 γεγονὸς
2421 1677 2509 1731 xui
2541 1678 2644 1732 οὐκ
2691 1678 2952 1749 ἀλήθειαν
2983 1678 3234 1755 ἄντικρυς
3280 1683 3436 1757 (παρὰ
3465 1683 3604 1754 μόνον
3649 1685 3722 1757 γάρ

2075 1801 2118 1863 Β
2163 1764 2389 1840 βασιλέα
2434 1765 2524 1820 καὶ
2555 1767 2903 1843 πατριάρχην
2946 1769 3034 1823 καί
3085 1790 3234 1830 τινας
3277 1775 3378 1824 τῶν
3423 1772 3532 1846 περὶ
3580 1772 3725 1833 αὐτοὺς

2155 1861 2347 1917 πάντες
2405 1853 2782 1928 ἐδυσμέναῑνον
2841 1860 2908 1930 τῇ
2966 1857 3184 1933 εἰρήνῃ,
3234 1858 3321 1912 καὶ
3353 1857 3546 1931 μᾶλλον
3571 1858 3637 1914 ὅτι
3660 1860 3724 1914 καὶ

2151 1951 2365 2007 ποιναῖς
2421 1945 2748 2008 ἀλλοκότοις
2805 1945 2999 2015 ἤθελεν
3070 1946 3448 2026 ἀσφαλίζεσθαι
3499 1949 3724 2019 ταύτηνὸ

2156 2033 2434 2108 βασιλεὺς)
2493 2034 2726 2098 ἐκείνους
2780 2037 2874 2108 μὲν
2937 2036 2988 2091 έν
3050 2037 3269 2110 ἀτίμοις
3325 2039 3487 2112 εἶχον,
3535 2040 3609 2092 καὶ
3651 2041 3723 2105 τὴν

2153 2123 2227 2185 εἷς
2283 2125 2375 2178 τὸν
2431 2126 2653 2179 πάππαν
2710 2123 2982 2200 πρόσοδον
3045 2126 3144 2199 ὀψὲ
3200 2127 3289 2181 καὶ
3325 2126 3476 2200 μόλις
3497 2133 3723 2202 παρεῖχον,

2148 2212 2306 2275 τέλος
2342 2211 2399 2268 δὲ
2432 2213 2657 2290 βασιλέα
2689 2215 2783 2288 μὲν
2825 2216 2915 2270 καὶ
2946 2214 3075 2278 τοὺς
3108 2216 3244 2292 ἀμφ’
3297 2216 3447 2272 αὐτὸν
3477 2218 3543 2278 ὡς
3570 2215 3726 2291 χλευαο

2150 2302 2279 2364 κτὰς
2311 2302 2615 2377 ἐπιτιμίοις
2663 2303 2753 2358 xui
2811 2304 2886 2378 μή
2928 2303 3216 2376 ἀληθείαις
3265 2311 3590 2381 ποιχοῦντας
3629 2307 3727 2372 ἀφο-

2152 2396 2373 2466 ρισμοῖς
2455 2387 2858 2463 καθυπέὸαλον,
2933 2392 3061 2456 τοὺς
3140 2391 3200 2448 δὲ
3257 2391 3496 2469 πρέσϐεις
3549 2391 3729 2468 μηδενὸς

2153 2481 2475 2553 ἀξιώσαντες
2540 2486 2647 2536 τῶν
2711 2480 2937 2537 εΐκὸτων
2991 2481 3314 2557 ἀπέπεμπον
3341 2526 3354 2542 .
3410 2483 3566 2539 Ταῧτα
3611 2482 3734 2558 γνοὺς

2154 2715 2310 2755 nona
2329 2698 2387 2754 in
2413 2715 2575 2756 arces
2606 2705 2826 2772 quanta
2857 2718 3005 2774 opus
3026 2706 3154 2758 erat
3176 2702 3358 2773 illata,
3378 2702 3559 2774 legens
3584 2702 3732 2756 ﬂumi-

2155 2788 2246 2842 nis
2278 2789 2464 2860 ripam
2498 2789 2691 2844 Prusm
2723 2789 2990 2860 partibus
3020 2807 3084 2845 se
3115 2791 3409 2857 admovet,
3447 2788 3735 2860 diligentiori

2153 2875 2515 2949 inspectione
2547 2877 2804 2934 locorum
2848 2881 3220 2950 eorumdenf,
3251 2881 3334 2935 uti
3381 2884 3437 2936 et
3481 2879 3626 2951 plena
3662 2895 3733 2932 ex-

2152 2965 2421 3035 pulsione
2451 2967 2586 3022 inde
2616 2967 2900 3038 hostium,
2933 2968 2990 3022 in
3023 2974 3264 3042 tempus
3291 2971 3647 3042 opportunum
3671 2967 3730 3020 di-

2152 3055 2308 3112 latis.

2211 3199 2300 3254 30.
2333 3200 2407 3255 De
2433 3200 2818 3272 apocrisiarii:
2845 3201 2923 3256 ad
2948 3217 3157 3273 papam
3189 3204 3494 3258 Martinam
3519 3199 3681 3255 missis.

2214 3323 2468 3395 Contigit
2513 3329 2709 3380 autem
2766 3328 2908 3380 tunc
2958 3325 3113 3396 apud
3167 3326 3408 3382 Prusam
3456 3321 3731 3398 imperatori

2145 3415 2532 3469 commoranti
2556 3415 2747 3470 afferri
2769 3414 3043 3470 nuntium
3067 3415 3140 3470 de
3165 3420 3323 3471 statu
3339 3433 3525 3472 rerum
3540 3427 3728 3470 suarum

2146 3503 2298 3574 apud
2339 3519 2575 3574 papam.
2605 3504 2890 3559 Martinus
2919 3504 3016 3559 hic
3047 3509 3195 3571 erat,
3230 3505 3333 3577 qui
3379 3504 3595 3560 Nicolao
3633 3517 3730 3557 suc-

2144 3597 2423 3647 cesserat.
2457 3592 2536 3646 Ad
2571 3591 2727 3648 hunc
2759 3598 3156 3649 maturaverat
3188 3595 3419 3650 mittere
3448 3591 3735 3648 Heracleen-

2145 3696 2267 3734 sem
2298 3680 2639 3752 episcopum
2677 3681 2926 3737 Leonem
2947 3690 3005 3738 et
3020 3681 3326 3739 Nicaenum
3358 3682 3731 3755 Theophanem.

2140 3768 2357 3824 Verum
2390 3769 2448 3824 hi
2467 3770 2699 3842 appulsi
2719 3788 2834 3842 quo
2859 3771 3273 3840 mittebantur,
3298 3773 3450 3829 haud
3471 3771 3731 3828 secundum

2142 3859 2636 3929 exspectationem
2679 3859 2945 3930 ipsorum
2994 3860 3133 3916 istic
3185 3867 3328 3916 sunt
3373 3859 3596 3931 excepti,
3624 3855 3728 3929 quin

2139 3949 2340 4002 omnia
2391 3948 2588 4019 potius
2615 3949 2867 4020 speratis
2897 3949 3119 4020 experti
3152 3951 3466 4005 contraria.
3497 3947 3730 4004 Nimirum

2139 4036 2330 4092 edocti
2364 4038 2434 4091 ad
2467 4054 2668 4092 verum
2703 4039 2942 4094 Romani
2974 4040 3046 4093 de
3077 4039 3260 4095 rebus
3291 4038 3522 4104 nostris,
3542 4041 3591 4091 et
3615 4030 3730 4106 quod

2141 4142 2231 4180 res
2243 4131 2366 4180 erat
2388 4127 2696 4198 suspicati,
2715 4128 2913 4194 istam,
2938 4144 3062 4199 quae
3077 4145 3433 4201 magnopere
3440 4126 3731 4199 jactabatur,

2139 4231 2340 4284 pacem
2375 4215 2521 4269 nihil
2555 4217 2794 4270 demum
2828 4216 2988 4272 aliud
3014 4217 3130 4272 nisi
3162 4219 3365 4273 fucum
3393 4213 3730 4273 etludibrium

2137 4322 2266 4361 esse
2286 4307 2518 4377 (praeter
2537 4307 2753 4378 quippe
2784 4307 3195 4378 imperatorem
3235 4307 3428 4363 solum
3460 4313 3512 4362 et
3542 4302 3736 4376 patriar-

2136 4395 2308 4452 cham
2333 4395 2736 4466 quosdamque
2758 4412 2887 4450 cum
2916 4396 3008 4451 his
3029 4396 3335 4459 assiduos.
3359 4401 3583 4452 ceteros
3603 4391 3732 4464 plane

2135 4499 2339 4538 omnes
2368 4484 2582 4539 taedere
2613 4484 2977 4551 concordia),
3011 4484 3261 4556 insuper
3309 4486 3485 4541 etiam
3531 4481 3644 4536 illas
3683 4475 3734 4531 ab

373 4572 642 4646 opposito
675 4572 942 4637 studens,
968 4587 1040 4626 ne
1061 4575 1125 4626 ut
1145 4575 1318 4626 antea
1339 4569 1699 4641 praelicenter
1719 4569 1866 4623 citra
1897 4584 2018 4623 me-
2050 4562 2099 4624 D
2132 4572 2483 4642 imperatore
2505 4572 2575 4626 ad
2599 4572 2774 4627 fidem
2807 4573 2968 4642 pacis
2998 4574 3228 4629 sincere
3252 4574 3410 4629 initas
3459 4569 3730 4627 faciendam

369 4669 498 4720 tum
524 4663 694 4717 illum
718 4679 832 4734 quo
860 4661 1099 4717 lubebat
1129 4660 1544 4732 irrumperent,
1565 4659 1918 4716 inobservati
1951 4674 2020 4714 ex

369 4751 687 4823 improviso
737 4751 1048 4814 irruentes,
1095 4749 1460 4821 securigeros
1508 4765 1722 4819 magno
1773 4764 2017 4802 numero

367 4841 710 4914 congregari
745 4841 1030 4913 praecipit,
1055 4843 1114 4894 et
1142 4838 1572 4912 longitudinem
1604 4837 1764 4893 ﬂuvii
1795 4838 2020 4893 dimen-

367 4947 472 4986 sus
529 4935 812 5002 quantam
874 4927 1217 5000 expediebat
1263 4942 1437 4998 Opere
1487 4927 1728 4993 muniri,
1762 4927 2017 4998 huicque

367 5020 575 5076 idonea
619 5019 930 5075 latitudine
978 5020 1148 5089 juxta
1201 5033 1520 5090 congruam
1584 5017 2015 5090 proportionem

365 5111 830 5181 accommodata,
889 5109 1162 5165 festinato
1218 5125 1399 5164 caesas
1459 5109 1698 5164 arbores
1765 5107 2013 5164 invicem

367 5199 692 5256 coacervari
725 5216 842 5255 una
872 5197 975 5254 uni
1001 5196 1374 5270 superposita
1392 5198 1598 5268 jussit,
1632 5196 2014 5268 colligarique

363 5293 572 5345 mutuo
620 5287 942 5361 implicatis
989 5287 1252 5359 ipsarum
1294 5285 1448 5343 505
1495 5286 1695 5352 ramis,
1723 5284 2013 5340 densitate

363 5385 526 5436 tanta
555 5385 622 5436 ut
651 5396 724 5435 ne
754 5377 933 5448 angui
959 5376 1196 5448 quidem
1231 5376 1349 5431 fere
1381 5376 1647 5447 quaedam
1700 5373 1821 5428 haec
1857 5372 2014 5429 velut

363 5486 530 5541 sepes
561 5470 843 5541 preberet
871 5466 1211 5522 transitum.
1232 5465 1338 5521 His
1357 5465 1416 5519 in
1443 5479 1699 5536 praesens
1729 5462 2014 5519 ordinatis

362 5563 421 5612 et
444 5559 714 5628 provisis.
751 5573 884 5612 cum
939 5555 1275 5609 ulteriorem
1328 5554 1462 5608 istic
1514 5569 1737 5607 moram
1789 5552 2014 5608 incom-

359 5645 534 5699 moda
583 5644 986 5714 gravescentia
1019 5659 1132 5695 non
1164 5641 1587 5710 permitterent,
1619 5642 1855 5698 tandem
1905 5659 2009 5698 an-

2131 4661 2429 4716 ati‘ectatas
2462 4677 2765 4732 pmnarum
2791 4662 2864 4715 ab
2889 4661 3158 4717 Ecclesiae
3180 4659 3621 4718 mansuetudine
3636 4653 3736 4709 alie'

2130 4765 2342 4803 narum
2375 4750 2708 4804 atrocitates
2745 4748 3166 4820 improbantes,
3223 4750 3436 4822 frigide
3466 4749 3659 4818 legatos
3683 4756 3732 4795 ac

2127 4837 2509 4908 contemptim
2544 4836 2821 4902 habuere,
2846 4854 2952 4893 nec
2983 4854 3082 4893 eos
3116 4837 3233 4894 nisi
3266 4855 3400 4895 sero
3421 4837 3511 4892 vix
3538 4832 3732 4891 tandem

2127 4933 2185 4984 et
2215 4943 2364 4999 aegre
2404 4928 2475 4983 ad
2527 4944 2738 4999 papam
2771 4928 3246 4997 introduxerunt,
3281 4945 3350 4985 eo
3381 4929 3601 4984 demum
3629 4937 3730 4977 suc-

2127 5034 2298 5074 cessu
2330 5017 2662 5089 legationis,
2691 5022 2753 5074 ut
2781 5018 3102 5090 imperator
3130 5035 3269 5074 cum
3324 5018 3448 5074 suis
3493 5021 3728 5085 tanquam

2126 5105 2487 5168 illusores,et
2509 5106 3014 5162 ostentationibus
3035 5107 3460 5178 suppliciorum
3491 5105 3556 5159 ad
3585 5102 3731 5156 simu-

2126 5194 2389 5262 landam,
2414 5210 2592 5266 quam
2608 5210 2740 5250 vere
2756 5211 2871 5250 non
2885 5194 3158 5263 inierant,
3183 5194 3554 5250 concordiam
3574 5185 3730 5248 abusi,

2126 5285 2491 5339 anathemati
2523 5283 2979 5353 subjicerentur.
3013 5286 3134 5350 Quo
3165 5282 3322 5340 facto
3348 5284 3563 5354 legatos
3603 5274 3732 5333 nulla

2125 5373 2396 5444 dignatas
2445 5372 2858 5428 benevolentia:
2909 5379 3011 5429 aut
3063 5374 3304 5428 honoris
3351 5366 3732 5444 signiﬁcatione

2125 5462 2497 5518 dimiserunt.
2533 5463 2685 5518 500
2711 5462 2840 5519 Hac
2894 5462 2995 5518 ubi
3047 5463 3390 5519 renuntiata
3437 5451 3731 5532 imperatori

2127 5570 2228 5625 per
2258 5551 2553 5608 Nicaanum
2589 5559 2727 5609 sunt
2752 5556 2912 5625 (nam
2944 5551 3286 5610 Heracleota
3306 5551 3586 5608 eoitinere
3605 5543 3728 5601 obie-

2129 5644 2242 5712 rat)
2265 5642 2679 5714 indignissime
2708 5642 2864 5714 tulit,
2887 5644 3031 5700 adeo
3066 5649 3128 5698 ut
3155 5658 3294 5698 cum
3329 5642 3480 5698 inter
3506 5652 3650 5696 sacra
3674 5634 3728 5686 d8
