4002 6198
275 247 389 306 969

1347 251 1445 303 DE
1481 248 1854 304 MICHAELE
1892 248 2336 303 PALEOLOGO
2371 251 2506 305 LIB.
2547 254 2645 307 VI.

3593 254 3700 312 970

281 372 544 448 βασιλεὺς
577 371 724 445 παρὰ
753 375 850 426 τοῦ
883 370 1106 433 Νικαίας
1153 367 1468 432 ἐπανιόντος
1524 371 1574 442 (ὁ
1629 368 1729 443 γὰρ
1762 369 1932 441 Ἡρα-
1964 372 2012 434 Α
2109 367 2210 425 λα’.
2263 371 2391 445 Περὶ
2429 377 2536 426 τῶν
2580 371 2856 444 διαθηκῶν
2894 381 2990 430 τοῦ
3028 379 3373 454 πατριάρχου
3414 382 3635 457 Ἰωσήφ.

273 463 469 525 κλείας
504 461 798 534 ἐτεθνήκει)
858 460 910 514 ἐν
973 458 1132 530 δεινῷ
1191 459 1451 524 ἐποιεῖτο,
1501 454 1640 512 ὥστε
1695 458 1784 511 καὶ
1841 458 1937 510 τοῦ

275 550 536 607 διακόνου
597 549 899 622 μέλλοντος
958 548 1318 622 μνημονεύειν
1391 553 1486 602 τοῦ
1540 546 1732 600 πάππα
1801 545 1936 600 κατὰ

1650 634 1672 652 ἢ

272 645 340 697 τὸ
395 641 621 710 σῦνηθες
684 639 951 714 βασιλέως
1007 638 1271 712 παρόντος
1329 639 1355 691 ὁ
1399 642 1609 711 κρατῶν
1647 635 1931 701 διεκώλυε,

272 731 422 786 καλᾶ
467 729 640 802 λέγων
671 731 768 796 τῆς
796 727 1006 803 ἀγάπης
1058 726 1273 780 ἐκείνων
1326 725 1645 795 ἀπόνασθαι,
1680 723 1803 777 ὥστ’
1838 722 1934 776 αὐ-

961 815 983 832 ’ἱ

268 822 366 875 τὸν
403 819 497 891 μὲν
531 818 913 889 ἐκπολεμῶσαι
957 815 1025 869 δι’
1057 814 1296 875 ἐκείνους
1320 815 1493 884 ἐαυτῷ
1513 813 1640 875 τοὺς
1671 811 1927 877 οἰκείους,

270 909 512 968 ἐκείνους
548 903 604 960 δὲ
639 907 714 977 μὴ
749 907 897 966 ὅπως
925 906 1088 979 λάριν
1141 902 1310 978 ἔχειν,
1356 901 1500 956 ἀλλᾶ
1529 902 1617 954 καὶ
1650 921 1928 976 119031390-

269 999 463 1071 ρίζειν.
507 992 644 1052 Τότε
672 993 729 1048 δὲ
774 995 861 1048 καὶ
899 993 1142 1048 διαλύειν
1193 991 1358 1060 ’ἤθελε
1388 993 1482 1054 τας
1514 988 1771 1050 σπονδάς.
1818 988 1926 1044 Κᾶν

266 1084 582 1152 διελύοντο,
633 1083 677 1138 εί
730 1086 803 1156 μή
838 1105 889 1136 τι
923 1083 1248 1158 προσίστατο
1380 1077 1572 1153 βουλῇ.
1629 1078 1793 1134 Αὐτὸν
1831 1079 1924 1149 μὲν

265 1176 376 1250 γὰρ
429 1173 610 1228 πολλά
639 1180 826 1236 παθεῖν
875 1170 963 1226 διὰ
992 1176 1157 1225 ταῦτα
1202 1170 1291 1224 καὶ
1343 1167 1505 1241 μόλις
1558 1167 1766 1235 ἀνύσαι,
1828 1165 1922 1220 κᾶν

267 1262 591 1333 ἐξαπιναίως
649 1262 770 1314 Anio:
830 1255 1194 1330 παλινῳδῶν,
1254 1256 1570 1316 ἐπιστάντος
1627 1253 1714 1306 καὶ
1773 1251 1924 1315 αὖθις

267 1356 466 1427 καιροῦ
494 1355 587 1405 τοῦ
636 1354 804 1404 ταῦτα
837 1350 1165 1418 ζητήσοντος
1203 1348 1277 1419 μὴ
1321 1348 1402 1418 [Ρ.
1435 1346 1560 1416 345]
1613 1341 1671 1397 ἂν
1723 1342 1924 1395 ἀνυστα

261 1444 510 1520 γενέσθαι
542 1443 602 1496 τὸ
635 1441 884 1496 σύνολον.
921 1445 1134 1512 Χωρεῖν
1167 1435 1225 1492 δὲ
1273 1436 1458 1498 ἄλλως
1509 1435 1599 1489 καὶ
1645 1434 1720 1495 εἷς
1755 1453 1921 1506 μετα-

262 1528 443 1601 ϐολήν
474 1531 541 1586 τὰ
564 1539 662 1600 τῆς
713 1527 1041 1599 Ἐκκλησίας
1074 1527 1373 1601 πράγματα
1401 1530 1498 1579 τοῦ
1549 1525 1750 1598 Ἰωσὴφ
1800 1523 1921 1577 ἐπι-

259 1623 648 1682 καταστάντος.
680 1618 853 1673 Αὐτὸν
893 1618 989 1690 μὲν
1049 1615 1138 1670 οὖν
1199 1616 1288 1670 καὶ
1347 1615 1615 1689 εἰρηνικὸν
1650 1613 1724 1674 εἰς
1784 1613 1920 1666 ἅπαν

263 1711 428 1776 εἶναι,
486 1709 577 1763 καὶ
638 1705 806 1781 μηδὲν
862 1705 912 1775 ἐξ
970 1706 1137 1760 αὐτοῦ
1169 1703 1568 1758 πιστεύειντῶν
1605 1702 1914 1770 ἀνηκέστων

259 1801 561 1874 γίνεσθαι,
620 1797 682 1851 οὗ
762 1797 868 1868 μὴν
929 1794 1054 1849 ἀλλ’
1113 1793 1347 1867 ἀνάγκην
1418 1792 1546 1846 εἶναι
1619 1791 1708 1844 καὶ
1783 1788 1909 1852 τοὺς

255 1892 606 1959 κιγήσοντας.
659 1887 752 1939 Καὶ
801 1885 950 1938 ταῦτ’
979 1882 1085 1958 οὐχ
1128 1880 1316 1942 ἁπλῶς
1350 1882 1664 1934 ὑποπτευων
1706 1878 1910 1953 ἔλεγεν,

257 1977 406 2033 ἀλλά
461 1997 521 2050 γε
574 1975 638 2030 τὸ
696 1974 802 2048 πρὸ
857 1973 1064 2026 τούτων
1123 1967 1330 2043 συμϐὰν
1393 1970 1492 2023 ἀνά
1520 1969 1908 2043 τὸνΣάγγαριν

257 2061 638 2141 διατρίϐοντος
696 2061 902 2132 δειλιᾷν
957 2061 1126 2115 ἐποίει
1184 2060 1443 2134 περὶτῶν
1478 2060 1621 2112 ὅλων
1672 2059 1764 2112 τὸν
1812 2058 1910 2130 βα-

256 2156 438 2225 σιλέα,
496 2153 550 2209 εἷ’
599 2174 716 2216 πως
774 2153 847 2214 ὡς
906 2149 1180 2229 ἐπισφαλῆ
1237 2149 1304 2204 τὰ
1362 2147 1680 2224 συγκείμενα
1721 2143 1912 2200 διαλύ-

256 2267 422 2307 σειεν.

254 2482 440 2531 more,
492 2464 842 2535 imperatore
886 2464 1190 2532 priesente,
1233 2459 1516 2514 diaconus
1565 2461 1907 2513 consuetam

254 2572 419 2627 papae
487 2549 1102 2607 commemorationem
1169 2549 1659 2619 pronuntiaturus
1728 2553 1906 2612 esset,

254 2645 526 2715 princeps
577 2658 649 2695 ne
682 2641 898 2695 faceret
931 2637 1314 2709 prohibuerit.
1357 2637 1550 2690 Palam
1587 2642 1780 2690 autem
1835 2637 1905 2690 ad

254 2732 578 2787 familiares
609 2743 995 2798 conquerens,
1039 2727 1208 2780 aebat
1240 2725 1573 2795 praeclarum
1608 2724 1907 2779 enimvero

184 2860 188 2863 -
253 2820 373 2877 sibi
409 2820 660 2874 fructum
714 2821 982 2871 constare
1017 2814 1320 2868 charitatis
1369 2814 1426 2867 in
1464 2813 1700 2868 Latinos
1733 2829 1852 2867 suae
1891 2829 1903 2868 :

252 2927 317 2964 se
383 2924 595 2980 nempe
656 2923 835 2961 causa
891 2920 1090 2958 eorum
1153 2903 1503 2957 necessariis
1553 2902 1726 2956 etiam
1780 2901 1905 2956 suis

248 2997 577 3052 certamine
607 3000 904 3064 suscepto,
940 3011 1009 3047 ne
1043 2993 1228 3060 pmnis
1262 2993 1498 3062 quidem
1530 2991 1764 3046 acribus
1797 2992 1902 3044 du-

2116 463 2173 514 Ὸ
2208 459 2300 530 μὲν
2331 461 2431 534 γὰρ
2462 463 2664 539 Ἰωσὴφ
2697 462 3149 538 προσδοκήσιμος
3193 462 3266 520 ὥν
3324 468 3411 523 ἐπὶ
3463 471 3542 541 τῷ
3602 483 3696 534 θα-

2045 551 2151 599 νεῖν
2208 550 2305 608 τᾶς
2339 546 2596 620 διαθήκας
2649 551 2884 622 ἐξήνυεν,
2941 555 3006 622 ἧν
3070 553 3126 610 δὲ
3177 557 3332 631 χρεία
3387 566 3695 629 μεμνῆσθαι

2044 636 2130 688 καὶ
2170 636 2435 708 βασιλέως
2464 640 2551 692 καὶ
2581 648 2679 709 τῆς
2714 642 2844 714 ὑπὲρ
2887 641 3094 696 ἐκείνου
3145 645 3337 719 εὐχῆς.
3373 646 3476 700 Καὶ
3521 646 3697 720 ἐμεμ-

2042 724 2173 792 νητό
2205 745 2268 798 γε
2296 725 2387 777 καὶ
2420 723 2648 800 ηὔχετο,
2695 728 2754 781 οὐ
2807 729 2913 800 μὴν
2962 726 3018 782 δὲ
3069 732 3372 804 προσετίθει
3425 733 3487 786 τὸ
3519 736 3696 808 ἅγιος,

2041 813 2069 866 ὃ
2118 814 2346 882 σύνηθες
2389 811 2533 888 ἔχειν
2587 816 2659 876 ὡς
2709 816 3027 890 χρισθέντας
3063 819 3222 892 μύρῳ
3253 819 3379 882 τοὺς
3424 822 3688 895 βασιλεῖς.

2038 902 2098 956 Ὁ
2132 899 2186 955 δὲ
2246 901 2500 976 βασιλεὺς
2549 904 2690 958 οὕτω
2721 908 3062 982 πεμφθείσης
3111 907 3318 977 ἐκείνην
3350 907 3478 963 ἰδὼν
3529 906 3695 986 ἕγου-

2039 1011 2129 1044 σαν
2180 988 2548 1067 ἐδυσχέραινε,
2601 993 2689 1047 καὶ
2746 997 2940 1071 γράφει
3002 997 3097 1068 μὲν
3154 999 3489 1073 πατριάρχῃ,
3547 1001 3690 1076 γρά-

2037 1101 2122 1156 φει
2174 1078 2230 1134 δὲ
2277 1081 2367 1134 καὶ
2415 1088 2494 1154 τῷ
2541 1085 2640 1151 τήν
2690 1083 2854 1138 πόλιν
2887 1084 3357 1159 ἐπιτετραμμένῳ,
3431 1092 3689 1161 μανθάνει

2035 1167 2350 1241 ἐρωτῶντας
2399 1176 2514 1233 πῶς
2566 1176 2727 1226 τοῦτο
2759 1174 3064 1247 πέπρακταί
3119 1177 3169 1228 οἱ
3217 1177 3307 1230 καὶ
3339 1177 3418 1254 ἐφ’
3449 1178 3477 1231 ὃ
3502 1201 3555 1231 τι
3584 1187 3687 1247 τῆς

2037 1256 2314 1331 βασιλείας
2338 1258 2560 1313 κολούει
2591 1260 2653 1314 τὸ
2679 1261 2829 1335 ἅγιος
2888 1264 2972 1331 Μή
3010 1283 3126 1324 πως
3156 1265 3228 1324 ὡς
3260 1264 3497 1336 ἀνάξιον,
3530 1267 3685 1339 φησὶ,

2037 1367 2102 1418 με
2144 1346 2340 1419 κρίνων
2398 1355 2497 1416 τῆς
2555 1350 2830 1422 ἁγιστείας
2890 1349 3032 1405 οὕτω
3087 1353 3317 1429 γράφει;
3377 1352 3686 1429 Γέγραπται

2032 1432 2078 1488 δ’
2137 1435 2268 1509 ὑπὲρ
2325 1435 2532 1490 τούτων
2589 1437 2678 1490 καὶ
2731 1443 2810 1509 τῷ
2870 1442 3212 1514 Ἀντιοχείας
3255 1443 3573 1517 πατριάρχῃ
3607 1445 3687 1514 τῷ

2032 1523 2309 1599 [Ῐρίγκιπι.
2358 1523 2426 1582 Οἳ
2474 1527 2564 1579 καὶ
2613 1527 2920 1600 πέμψαντες
2950 1527 3308 1584 ἐπυνθάνοντο
3355 1533 3454 1600 τὴν
3511 1532 3682 1586 αῗτίαν

2026 1617 2122 1666 τοῦ
2179 1612 2321 1667 οὕτω
2377 1613 2622 1692 γράφειν,
2677 1615 2756 1676 ὡς
2804 1615 3060 1679 θέλοντος
3119 1623 3325 1692 γνῶναι
3381 1621 3471 1674 καὶ
3533 1621 3682 1695 βασι-

2029 1701 2190 1763 λεως.
2253 1702 2353 1758 Καὶ
2403 1704 2461 1765 ’ὀς
2515 1703 2776 1776 μετετίθει
2807 1707 2905 1772 τήν
2955 1706 3163 1760 τούτων
3197 1707 3368 1762 αἰτίαν
3420 1708 3496 1772 εἰς
3549 1709 3678 1774 τοὺς

2020 1792 2154 1867 ἀμφ’
2202 1791 2361 1846 αὐτὸν
2399 1791 2692 1866 μοναχοὺς,
2742 1794 2828 1847 καὶ
2864 1793 2938 1854 εἰς
2967 1794 3144 1849 πίστιν
3200 1793 3376 1866 ἄλλην
3435 1805 3673 1872 προῆγεν

2023 1881 2198 1941 οὕτως
2265 1877 2497 1954 ἔχουσαν
2557 1880 2643 1936 ἐπὶ
2703 1888 2833 1936 πᾶσι
2891 1881 3039 1951 πλὴν
3117 1885 3516 1959 προσκειμένης
3574 1893 3674 1955 τῆς

2021 1967 2332 2043 ἁγιότητος.
2403 1969 2619 2038 Ταύτην
2691 1975 2819 2043 γοῦν
2884 1971 3187 2048 ἐμφανίζων
3247 1967 3400 2047 ἔλεγε
3446 1976 3668 2050 γράφειν

2019 2059 2081 2111 τὸ
2127 2057 2413 2134 πρότερον·
2466 2057 2579 2113 ἐπεὶ
2633 2057 2690 2114 δὲ
2737 2061 2789 2114 οἱ
2838 2062 2961 2132 περὶ
2992 2060 3152 2116 αὐτὸν
3204 2059 3670 2130 σκανδαοκίζοιντο,

2024 2148 2416 2220 μετεγγράφειν
2472 2148 2692 2211 ἀσαῦθις
2750 2150 2848 2216 τήν
2911 2149 2964 2210 ἐς
3023 2154 3214 2224 χεῖρας
3264 2151 3463 2220 ταύτην
3516 2171 3672 2226 γεγο-

2019 2239 2167 2288 νυῖαν
2215 2239 2294 2305 τῷ
2343 2236 2579 2310 βασιλεῖ.
2640 2236 2828 2299 Οὕτως
2885 2237 2954 2306 ἦν
3004 2236 3202 2301 ἐκεῖνος
3258 2238 3530 2314 εἰρηνικὸς
3590 2239 3674 2317 ἐφ’

2021 2455 2173 2526 quod
2207 2471 2273 2510 eo
2323 2455 2476 2526 apud
2506 2455 2813 2527 Sangarim
2850 2473 3036 2528 nuper
3082 2461 3291 2529 agente
3321 2457 3667 2531 contigerat:

2230 2599 2318 2652 31.
2359 2602 2439 2652 De
2481 2602 2802 2654 testamento
2838 2599 3180 2671 patriarchae
3217 2599 3454 2673 Iosephi.

2088 2721 2232 2776 Cum
2269 2722 2424 2777 enim
2459 2739 2560 2793 per
2598 2723 2656 2778 id
2689 2728 2922 2795 tempus
2957 2767 2970 2791 ,
3006 2725 3162 2780 brevi
3198 2724 3520 2780 moriturus
3554 2768 3568 2793 ,
3604 2730 3670 2781 ut

2016 2814 2142 2864 tum
2179 2811 2515 2880 putabatur,
2549 2812 2844 2882 Josephus
2875 2818 3058 2868 testes
3093 2812 3312 2868 ultima:
3347 2813 3669 2869 voluntatis

2015 2899 2248 2954 tabulas
2279 2899 2389 2953 rite
2421 2899 2565 2954 507
2604 2901 2999 2956 conficiendas
3030 2902 3383 2971 censuisset,
3413 2901 3472 2956 in
3506 2903 3579 2956 iis
3601 2919 3670 2956 ex

2018 3003 2174 3042 more
2222 2987 2575 3042 mentionem
2627 2989 3017 3058 imperatoris,
3051 2991 3161 3061 ipsi
3192 2991 3340 3045 bene
3368 2992 3661 3060 precando

247 3087 405 3142 bitas
440 3103 503 3140 se
538 3087 696 3157 ipsos
726 3083 1130 3152 comprimere,
1166 3081 1297 3135 illos
1330 3084 1520 3134 autem
1557 3099 1660 3152 pro
1693 3079 1899 3152 gratiis
1931 3097 1972 3164 ρ
2019 3076 2259 3143 faciens,
2312 3076 2533 3130 nomini
2585 3079 2712 3146 ejus
2760 3079 3111 3133 vocabulum
3161 3078 3339 3151 ἅγιος,
3393 3079 3500 3135 hoc
3545 3085 3654 3147 est,

248 3193 373 3231 sua:
405 3180 579 3230 tantae
610 3174 667 3228 in
695 3174 808 3226 {ide
833 3172 1093 3242 ipsorum
1127 3170 1469 3224 constantiae
1494 3169 1708 3223 debitis
1740 3169 1899 3222 diras

247 3271 307 3320 et
338 3264 768 3319 exsecrationes
810 3261 1044 3314 referre.
1075 3263 1236 3313 Tunc
1270 3259 1441 3327 igitur
1475 3274 1740 3313 revocare
1773 3274 1901 3311 om—

243 3353 348 3410 nia
398 3352 560 3423 prius
610 3350 834 3404 sancita
865 3353 922 3403 et
968 3353 1162 3402 tutum
1215 3348 1538 3402 concordia:
1581 3352 1896 3402 tractatum

244 3441 581 3499 rescindere
613 3439 816 3492 voluit.
854 3439 1224 3508 Fecissetque
1257 3438 1555 3505 continuo,
1592 3436 1646 3490 ni
1681 3437 1753 3491 ab
1788 3437 1895 3490 hoc

227 3549 370 3587 eum
400 3528 645 3585 consilio
669 3529 933 3600 quaedam
966 3527 1694 3595 revocassentR.eputabat
1726 3526 1892 3579 vidc-

230 3623 394 3682 licet,
432 3621 480 3674 si
519 3619 676 3689 quod
712 3623 830 3671 tam
865 3615 1036 3686 longa
1065 3621 1118 3669 et
1151 3615 1441 3669 laboriosa
1466 3614 1767 3669 molitione
1801 3616 1892 3667 vix

231 3711 474 3767 tandem
495 3707 749 3764 summis
771 3708 894 3760 suis
919 3704 1196 3758 aerumnis
1221 3704 1580 3774 perfecisset,
1598 3710 1890 3756 momento

227 3800 536 3868 disjiceret
569 3838 582 3862 ,
637 3795 1138 3862 mutationemque
1183 3808 1249 3847 ac
1300 3791 1720 3845 revocationem
1770 3796 1886 3845 tam

227 3895 392 3944 certo
439 3902 504 3939 ac
539 3884 729 3951 palam
781 3886 1112 3937 contestataa
1146 3881 1356 3952 prioris
1389 3879 1693 3934 sententiae
1737 3878 1886 3933 ultro

226 3976 606 4049 proﬁteretur
657 4015 670 4038 ,
723 3972 860 4025 inde
908 3971 1192 4024 armanda
1242 3970 1387 4024 forte
1438 3976 1637 4024 contra
1688 3968 1881 4038 ipsum

224 4066 368 4121 odia
402 4062 822 4117 malevolorum
861 4103 870 4125 ,
907 4065 963 4113 et
1005 4059 1269 4112 futurum
1306 4075 1417 4112 non
1454 4058 1885 4112 inversimiliter

220 4162 470 4224 tempus
519 4166 634 4220 quo
668 4165 780 4204 non
832 4154 986 4202 esset
1022 4148 1134 4218 ipsi
1178 4147 1322 4201 utile
1373 4148 1568 4216 priora
1598 4147 1719 4200 haec
1750 4147 1880 4216 ejus

217 4248 356 4297 acta.
389 4256 497 4295 suo
550 4238 740 4310 ipsius
767 4237 949 4290 videri
984 4235 1262 4305 sutl‘ragio
1313 4236 1611 4289 damnata.
1655 4235 1880 4289 Veritus

217 4347 364 4402 ergo
399 4345 470 4383 ne
501 4327 552 4382 si
584 4327 732 4382 hanc
759 4325 1117 4397 palinodiam
1154 4324 1541 4395 praecipitaret
1564 4323 1878 4394 palamque

215 4416 648 4489 divulgaret,id
683 4420 882 4484 ageret
913 4415 1067 4484 quod
1085 4412 1400 4483 aliquando
1443 4413 1723 4467 intectum
1756 4412 1874 4467 vel-

210 4511 320 4578 let,
368 4505 557 4561 satius
605 4505 768 4558 duxit
817 4504 1201 4574 supersedere
1236 4544 1248 4568 ,
1297 4503 1500 4556 videns
1557 4501 1880 4571 praesertim

210 4595 494 4654 Ecclesiae
562 4611 653 4648 res
708 4594 763 4646 in
819 4591 1136 4646 notabilem
1192 4592 1573 4645 mutationem
1649 4608 1881 4660 pron'ts.

211 4689 579 4755 Quanquam
615 4683 773 4736 enim
806 4723 818 4744 ,
853 4680 901 4735 si
933 4681 1223 4752 .losephus
1248 4724 1264 4745 ,
1299 4682 1454 4750 quod
1489 4682 1751 4734 futurum
1784 4698 1884 4750 ap-

211 4777 468 4849 parebat
500 4817 516 4843 ,
550 4773 748 4826 denuo
784 4770 842 4824 in
875 4771 1012 4824 sede
1043 4769 1418 4841 patriarchali
1453 4773 1833 4839 reponeretur
1866 4808 1878 4832 ,

204 4867 285 4921 ab
316 4864 450 4936 ipso
483 4861 746 4932 quidem,
779 4859 950 4929 cujus
975 4858 1117 4912 mite
1141 4876 1207 4913 ac
1235 4858 1541 4929 paciﬁcum
1573 4857 1876 4928 ingenium

202 4955 618 5027 perspexerat,
654 4947 799 5002 nihil
833 4948 1136 5002 adversum
1169 4963 1231 5001 se
1261 4945 1568 5001 sinistrum
1599 4952 1700 5000 aut
1729 4946 1874 5000 infe-

199 5051 374 5100 stum
425 5044 714 5095 tentatum
750 5037 818 5090 iri
875 5036 1226 5103 conﬁdebat,
1279 5043 1472 5090 tamen
1504 5037 1667 5105 quod
1717 5035 1871 5089 idem

197 5137 373 5189 esset
406 5127 596 5182 facilis
627 5127 695 5180 ad
731 5125 1064 5195 sequendos
1115 5124 1406 5194 impulsus
1439 5124 1681 5178 aliorum
1718 5165 1731 5188 ,
1768 5139 1871 5176 nec

196 5217 479 5277 defuturi
515 5216 853 5270 viderentur
899 5215 996 5284 qui
1043 5229 1173 5267 eum
1208 5214 1282 5266 ad
1332 5213 1598 5282 exempla
1646 5212 1870 5266 edenda

194 5312 259 5365 in
302 5307 470 5380 pacis
501 5304 703 5358 invisae
721 5307 988 5356 auctores
1022 5301 1394 5371 instigarent,
1427 5301 1869 5370 temperandum

183 5394 499 5472 judicavit
531 5409 563 5446 a
593 5408 655 5446 se
687 5392 815 5462 ipso
850 5390 1004 5444 ultro
1036 5390 1510 5460 praedamnando.
1546 5389 1729 5452 Quam
1762 5407 1864 5443 aus

189 5494 327 5543 tem
360 5500 478 5538 non
510 5498 656 5538 vane
688 5480 800 5536 tale
829 5478 970 5551 quid
994 5484 1276 5534 metueret
1298 5480 1370 5533 ab
1394 5478 1631 5533 asseclis
1655 5486 1710 5534 et
1731 5496 1861 5534 con-

185 5573 434 5634 siliaris
481 5571 720 5644 Josephi
750 5613 763 5640 ,
837 5569 1281 5625 demonstrabat
1350 5585 1554 5624 recens
1606 5570 1856 5640 factum,

536 5693 806 5754 ΡΑ-ηιοι..
853 5689 966 5750 Gn.
1011 5686 1265 5750 CXLIII.

2015 3172 2258 3221 sanctus
2288 3173 2388 3221 aut
2409 3184 2590 3235 sacer,
2618 3185 2732 3222 non
2765 3169 3051 3238 adjunxit,
3077 3186 3190 3240 quo
3214 3177 3406 3224 tamen
3439 3171 3658 3242 passim

2011 3254 2395 3325 imperatores
2447 3258 2714 3312 honorari
2763 3265 3212 3324 consueverunt,
3259 3276 3327 3313 ex
3358 3275 3473 3330 quo
3508 3261 3655 3314 sacri

2011 3347 2285 3402 unctione
2316 3347 2425 3402 olei
2471 3353 2611 3402 sunt
2660 3349 3018 3421 inaugurati.
3071 3351 3182 3404 Eas
3215 3349 3442 3405 tabulas
3491 3351 3561 3404 ad
3595 3367 3656 3404 se

2009 3435 2231 3491 delatas
2250 3436 3072 3509 imperator,legens,miratus
3099 3440 3155 3492 in
3177 3437 3250 3492 iis
3274 3438 3655 3493 amissionem

2007 3542 2243 3594 novam,
2297 3525 2532 3596 scripsit
2563 3527 2633 3580 ad
2681 3527 3072 3602 patriarcham
3103 3545 3170 3581 ea
3200 3528 3270 3582 de
3306 3544 3367 3582 re
3398 3543 3658 3598 conque-

2006 3629 2139 3669 rens
2167 3631 2178 3668 :
2213 3614 2449 3685 scripsit
2494 3615 2672 3668 etiam
2705 3615 2775 3668 ad
2826 3617 3162 3684 praefectum
3198 3615 3361 3670 urbis
3395 3657 3408 3684 ,
3435 3616 3653 3684 jubens

2005 3703 2158 3756 serio
2190 3703 2486 3773 inquirere
2520 3719 2634 3772 quo
2669 3703 2726 3756 id
2746 3720 2939 3758 errore
2959 3721 3143 3774 quove
3166 3705 3406 3759 consilio
3431 3705 3651 3758 factum

1999 3791 2082 3845 ita
2113 3798 2305 3846 esset:
2341 3792 2505 3856 Vide,
2533 3793 2828 3862 inquiens,
2855 3808 3135 3862 quorsum
3159 3793 3453 3863 Josephus
3475 3809 3568 3846 me
3593 3793 3650 3847 in

1999 3881 2262 3935 ordinem
2311 3882 2599 3950 redegerit
2628 3887 2685 3934 et
2715 3881 3012 3950 immperii
3046 3882 3229 3935 nostri
3274 3881 3642 3950 majestatem

1998 3969 2371 4023 imminuerit
2394 3974 2604 4038 negato
2638 3969 2808 4023 titulo
2841 3970 3030 4023 sacri:
3064 3987 3139 4024 an
3171 3969 3324 4038 quod
3357 3986 3448 4024 me
3469 3985 3642 4040 pecu-

1998 4057 2222 4112 liariter
2247 4056 2347 4110 illo
2377 4057 2681 4127 indignum
2720 4058 2929 4128 putet?
2947 4057 3191 4128 Scripsit
3217 4057 3395 4111 etiam
3425 4057 3484 4112 in
3509 4075 3648 4113 scn-

1993 4145 2237 4201 tentiam
2262 4147 2526 4200 eamdem
2544 4146 2798 4216 Principi
2822 4146 3144 4201 Anticheno
3169 4145 3648 4217 patriarchazmui

1992 4251 2124 4290 cum
2161 4235 2334 4289 ambo
2369 4234 2673 4289 misissent
2705 4235 2773 4288 ad
2802 4233 3149 4306 Josephum,
3182 4240 3505 4306 querentes
3537 4252 3643 4289 cur

1995 4325 2099 4378 hoc
2150 4325 2403 4390 fecisset,
2456 4341 2669 4394 cupere
2699 4324 2858 4379 enim
2911 4325 3324 4395 imperatorem
3375 4325 3429 4378 id
3475 4324 3644 4393 scire,

1993 4413 2092 4467 ille
2142 4413 2376 4483 utrique
2407 4414 2728 4482 respondit,
2778 4413 3014 4484 culpam
3045 4414 3173 4482 ejus
3221 4413 3436 4468 erroris
3465 4429 3643 4484 penes

1996 4503 2316 4556 monachos
2369 4501 2483 4571 ipsi
2530 4501 2940 4556 ministrantes
2973 4503 3246 4557 residere.
3278 4503 3346 4556 Et
3377 4502 3434 4556 in
3469 4503 3644 4556 (idem

2000 4591 2136 4644 dicti
2169 4591 2260 4644 sui
2289 4590 2534 4661 protulit
2566 4591 2940 4661 archetypum
2971 4591 3270 4661 exemplar
3300 4592 3643 4647 testamenti

1996 4686 2203 4734 czetera
2232 4679 2430 4733 omnia
2459 4679 2655 4734 simile
2686 4679 2906 4751 perlato
2929 4680 3001 4734 ad
3022 4684 3356 4752 Augustum
3375 4681 3641 4753 exemplo

1995 4770 2108 4825 nisi
2143 4770 2298 4840 quod
2333 4768 2542 4824 titulus
2574 4767 2746 4841 ἅγιος,
2791 4768 2892 4840 qui
2938 4769 3385 4826 desiderabatur
3415 4771 3472 4824 in
3505 4788 3644 4841 apo-

1994 4858 2238 4931 grapho,
2273 4857 2428 4912 clare
2479 4858 2536 4912 in
2570 4858 2930 4928 autographo
2980 4858 3304 4929 legebatur.
3349 4864 3419 4915 Se
3463 4860 3644 4931 igitur

1989 4949 2154 5020 prius
2189 4948 2266 5001 ita
2298 4948 2645 5018 scripsisse:
2671 4946 2946 5018 quoniam
2969 4964 3100 5001 vero
3133 4949 3232 5018 qui
3262 4949 3416 5004 circa
3447 4950 3642 5020 ipsum

1987 5042 2154 5093 erant
2197 5037 2735 5091 scandalizarentur
2769 5077 2784 5103 ,
2820 5041 3020 5106 postea
3061 5039 3363 5093 relinxisse
3394 5039 3451 5093 in
3501 5055 3630 5093 eam

1986 5133 2230 5186 formam
2265 5143 2391 5194 quae
2431 5126 2770 5196 imperatori
2816 5131 2971 5180 esset
3000 5125 3218 5181 oblata.
3252 5129 3332 5181 Ea
3383 5127 3638 5198 ingenua

1983 5214 2652 5285 cont‘essioneJosephus
2674 5223 2910 5268 etsuam
2937 5214 3242 5285 paciﬁcum
3275 5215 3530 5270 indolem
3572 5224 3629 5270 et

1980 5320 2221 5358 suorum
2257 5304 2662 5358 ministerium
2697 5303 2754 5357 in
2783 5307 3113 5374 Augustum
3144 5303 3421 5358 invidiam
3447 5303 3642 5358 decla-

1977 5393 2165 5457 ravit;
2201 5409 2560 5462 causamque
2583 5392 2721 5446 huic
2751 5393 2971 5461 justam
2997 5394 3241 5463 przebuit
3261 5391 3530 5460 timendi,
3556 5409 3589 5445 n
3610 5409 3639 5446 e

1974 5485 2092 5534 tam
2130 5480 2281 5535 male
2334 5481 2576 5536 animati
2607 5481 2664 5534 in
2701 5482 2896 5552 ipsum
2948 5481 3217 5535 homines
3259 5479 3630 5534 occasionem

1978 5570 2241 5641 aliquam
2276 5572 2600 5643 arriperent
2635 5569 2763 5640 ejus
2794 5568 3110 5625 accusandi
3157 5569 3329 5641 quasi
3363 5567 3626 5624 Ecclesiae

3236 5688 3308 5748 31
