3912 6192
430 246 533 303 οτι
1736 235 2040 293 esonen
2075 194 2537 294 paenituisse:
3611 260 3687 317 972

436 374 653 428 ἅπασιν.
706 371 790 441 [Ρ.
850 366 974 438 346]
1028 359 1202 419 Ἀλλὰ
1250 358 1377 423 τοὺς
1408 358 1534 437 περὶ
1563 358 1721 415 αὐτὸν
1759 359 2076 414 ὑποπτεύων
2107 365 2162 433 Α
2192 363 2353 422 ωοῦς.
2410 360 2500 423 Ὠς
2559 358 2617 417 δὲ
2673 359 2823 438 δόλῳ
2877 369 3058 430 κακῶς
3106 368 3376 444 ἀπεκτόνει,
3414 374 3691 451 πέμψαςτοδς

434 463 462 516 ὁ
521 455 795 535 βασιλεὺς,
854 454 968 526 ἅμα
1026 448 1198 506 δὲκαὶ
1239 453 1337 506 τοῦ
1373 451 1448 523 μή
1496 445 1643 522 δόξαι
1675 452 1919 519 συνιστᾷν
1976 449 2076 517 τὴν
2292 444 2513 520 ἀδήλων
2574 451 3074 527 κατοϊστεύσοντας,
3128 455 3214 510 καὶ
3261 459 3315 514 τὸ
3364 444 3676 537 δρᾶμα-ξηνΰετο

428 522 548 612 καό¹
586 545 750 600 αὐτοῦ
780 522 1159 618 κατηγορίαν,
1193 539 1268 603 ὡς
1296 522 1433 594 κατά
1470 536 1679 612 χλεύην
1725 537 1813 591 καὶ
1849 537 1910 592 οὐ
1939 538 2078 613 πρὸς
2183 536 2274 592 καὶ
2334 538 2362 592 ὁ
2389 536 2719 616 ’λμηραλῆς
2751 522 3323 614 ἐτεθνήκειίέϐούλετο
3367 522 3462 622 ut;
3484 522 3693 631 κᾶέασάᾲξξ

427 635 686 706 ἀλήθειαν
731 633 1132 705 ποιησάμενος,
1179 628 1246 684 τὰ
1295 628 1421 703 περὶ
1467 625 1675 683 τούτων
1714 631 1832 689 τοῖς
1881 624 2073 705 ἐφεξῆς
2182 628 2380 682 Κάνινα
2432 626 2601 704 ἔχειν,
2650 628 2907 704 ἐμποδὼν
2966 629 3013 687 δ’
3042 634 3178 703 ἦσαν
3217 636 3333 692 οἱέν
3376 638 3553 705 ἐκείνοις
3574 624 3693 723 βίην.

420 730 639 800 καιροῖς
665 728 746 797 τῷ
771 721 908 785 τὲως
935 721 1161 793 ἀνήρτα.
2179 714 2435 789 σκόμενοι
2466 716 2690 787 Ἰταλοὶ,
2721 716 2775 773 οἵ
2823 721 2912 774 καί
2957 721 3049 775 τὸν
3101 728 3199 792 τῆς
3237 723 3387 796 ἥττης
3411 714 3695 810 συνδιαγαγξν-

634 866 724 924 λϐ,
774 867 844 924 Ὅ
1092 857 1150 917 ἑϐ
1264 862 1276 878 ,
1425 861 1438 875 ,
1479 862 1520 916 Β
1552 857 1654 915 λ),
1768 855 1795 913 δ
2177 825 2264 867 τες
2299 806 2486 879 καιρὸν
2538 806 2689 870 αὗθις
2722 806 3012 865 ἆπέγλιναν
3070 812 3204 888 πρὸς
3228 814 3309 869 τὸν
3356 806 3692 892 Κάρουλονξῐίά.

732 910 744 923 .
849 885 965 924 πως
993 884 1084 918 συν
1156 884 1188 924 η
1219 882 1284 916 τα
1312 881 1449 915 νατα
1526 880 1548 914 ε
1611 878 1762 924 καγρα
1803 879 1852 915 α.
2181 893 2377 924 ,ληδ,,
2419 892 2472 924 ιλ
2523 894 2741 924 ,ιη-ιω,
2789 897 3107 924 --μ--Αῌι--ῌ
3166 922 3208 924 _7
3299 903 3312 920 ε
3472 905 3482 924 ,
3686 913 3692 924 ,

677 867 744 944 β’.
774 867 965 927 Ὅπως
993 867 1188 933 συνὲὅη
1219 867 1284 916 τά
1312 867 1449 915 νατά
1479 867 1852 936 Βελ)“άγραδ²’
2178 867 2475 967 ρουλοςιδέ
2523 867 2741 971 πέμψας
2788 867 3125 976 κατωχύρουι
3162 867 3217 956 τε

489 997 578 1052 Ἐν
609 993 825 1056 τούτοις
877 989 924 1047 δ’
981 986 1135 1051 ὄντος
1191 990 1288 1043 τοῦ
1343 983 1611 1062 βασιλέως
1664 985 1755 1040 καὶ
1810 983 1877 1040 τὰ
1931 984 2068 1041 κατά
2177 982 2252 1046 ὠς
2287 981 2413 1058 ἰδίῳ
2455 986 2744 1061 χρώμενος
2794 986 2994 1053 ἐκεῖθεν
3039 989 3262 1066 ἐξορμᾷν
3303 981 3415 1056 τοὺς
3442 995 3571 1051 αὐτοῦ
3605 1002 3696 1055 κατὰ

415 1081 774 1161 Βελλάγραδα
804 1078 1217 1157 διηγγὲλλοντο.
1280 1074 1437 1134 Ἀλλ’
1494 1073 1832 1145 ἀναληπτέον
1869 1076 2061 1148 μικρὸν
2172 1076 2272 1161 τῆς
2329 1074 2613 1148 Ῥωμαίων
2656 1071 2935 1133 ἐϐούλετο.
2988 1078 3128 1135 Τότε
3171 1080 3335 1136 τοίνυν
3386 1081 3593 1161 ἐθάρρυνε
3634 1088 3700 1159 μὲν

412 1160 647 1239 ἀνωθεν,
694 1170 959 1248 Ἰλλυριοὶ
1020 1169 1115 1240 μὲν
1170 1164 1262 1222 οὖν
1294 1163 1565 1242 βασιλέως
1595 1166 2065 1235 ἀποστατήσαντες
2172 1160 2373 1218 ἐκεῖνον
2425 1164 2515 1218 καὶ
2572 1167 2607 1235 ἡ
2657 1169 2766 1221 τῶν
2794 1164 3084 1243 Ἰλλυριῶν
3116 1167 3408 1241 ἀποστασία,
3435 1171 3553 1248 ἔχων
3578 1171 3620 1229 δὲ
3639 1176 3699 1231 καί

408 1265 525 1318 κατ’
555 1260 751 1324 αὐτοὺς
794 1262 950 1328 ἦσαν.
1002 1255 1360 1331 Περισχόντες
1389 1250 1437 1308 δ’
1485 1252 1698 1328 ἐρήμην
1749 1251 1910 1307 πόλιν
1957 1255 2058 1323 τήν
2168 1253 2261 1307 τὸν
2292 1251 2450 1308 κότον
2485 1254 2724 1330 ἀρχῆθεν
2760 1257 2834 1318 ὡς
2864 1254 3203 1333 ἐκκρουσθεὶς
3228 1264 3337 1322 ταῖς
3377 1264 3462 1315 τοῦ
3502 1262 3700 1337 βασιλέως

410 1350 721 1428 Δ,,ῥραχίου
770 1348 830 1403 ἐκ
875 1350 973 1402 τοῦ
1020 1342 1414 1421 προγεγονότος
1451 1345 1676 1413 σεισμοῦ
1718 1341 2061 1411 ἆνακτίζουσί
2172 1347 2454 1417 μηχαναῖς
2477 1341 2579 1410 τῆς
2634 1343 2723 1398 ἐπὶ
2777 1345 2876 1415 τὴν
2927 1344 3092 1401 πόλιν
3145 1346 3406 1421 ἐκπλοίας,
3445 1348 3551 1406 λαὸν
3574 1353 3701 1407 ἱκανὸν

406 1462 466 1495 τε
494 1439 586 1495 καί
614 1459 764 1500 τινας
811 1435 1216 1495 συναποστάτας
1276 1431 1454 1508 σφίσιν
1512 1429 1623 1485 ἐκεῖ
1666 1431 2055 1500 κατοικίζουσι.
2167 1430 2228 1485 ἐκ
2255 1431 2581 1506 Βρεντησίου
2613 1433 2728 1506 ἅμα
2756 1433 2850 1507 μὲν
2882 1435 3146 1507 ἱππότην,
3204 1439 3309 1512 ἅμα
3359 1436 3410 1493 δὲ
3454 1439 3530 1494 καὶ
3572 1442 3704 1513 πεζὸν,

405 1534 497 1601 Τῷ
555 1528 686 1604 ῥηγὶ
718 1525 775 1581 δὲ
805 1524 1072 1601 Καρούλῳ
1123 1522 1174 1593 ἐξ
1223 1520 1465 1596 ἐγγίονος
1509 1521 1902 1594 γειτονήματος
1958 1526 2054 1576 τοῦ
2165 1521 2245 1593 [Ρ.
2295 1523 2420 1595 347]
2472 1522 2547 1584 ὡς
2597 1522 2673 1585 εἷς
2717 1528 2863 1598 τρεῖς
2912 1522 3170 1599 χιλιάδας
3220 1526 3539 1600 ποσούμενον,
3571 1526 3706 1584 διαπε-

403 1617 509 1672 ἀπὸ
560 1620 667 1672 τῶν
713 1611 954 1669 Κανίνων
1014 1608 1212 1688 φιλίως
1264 1610 1414 1684 εἶχον
1459 1608 1550 1663 καὶ
1597 1610 1733 1664 κατὰ
1782 1611 2050 1680 συνθήκας
2162 1615 2311 1683 ραιοῖ
2336 1611 2426 1665 τὸν
2462 1611 2676 1668 Ἰόνιον.
2735 1610 2803 1670 O'i
2834 1610 2902 1682 δὴ
2933 1613 3024 1668 καὶ
3054 1611 3429 1679 καταλαϐόντες
3453 1618 3511 1672 τὰ
3541 1618 3702 1685 Κάνινα,

401 1706 706 1777 εἲρήνευον.
759 1703 834 1757 Τὰ
864 1700 1043 1775 μέντοι
1091 1720 1152 1776 γε
1198 1700 1390 1753 Κάνινα
1418 1696 1591 1753 πάλαι
1640 1698 1734 1772 μὲν
1764 1697 1899 1767 ἦσαν
1952 1703 2049 1754 τοῦ
2080 1755 2124 1782 n
2157 1698 2251 1754 καί
2302 1699 2377 1763 ὡς
2431 1700 2583 1776 εἶχον
2645 1698 3121 1778 ἐνσκευασάμενοι,
3182 1703 3345 1769 οὕτως
3400 1706 3569 1761 ἐκεῖθεν
3592 1706 3711 1782 ἐξώρ-

397 1794 678 1852 Χιλίππου
731 1788 1047 1867 Ἀμηραλῆ,
1099 1785 1292 1863 ἀνδρὸς
1339 1785 1638 1860 δυναμένου
1693 1784 1945 1857 πλεῖστα,
1988 1784 2124 1843 ’ὀνο
2158 1809 2272 1861 μων
2335 1789 2408 1851 ὡς
2463 1793 2532 1865 τῇ
2586 1791 2723 1845 κατὰ
2776 1797 2912 1869 σφᾶς
2966 1792 3154 1869 τόλμῃ
3214 1792 3407 1849 οἴεσθαί
3431 1816 3559 1856 τινας
3587 1796 3706 1869 μέχρι

396 1886 487 1940 καὶ
515 1882 751 1959 Μιχαὴλ
792 1879 982 1942 δεδιὼς
1013 1881 1040 1934 ὁ
1071 1877 1361 1950 δεσπότης,
1405 1877 1493 1931 καὶ
1529 1874 1745 1950 μᾶλλον
1782 1876 2047 1952 ΐσχύσαν-
2150 1877 2240 1931 καὶ
2279 1874 2497 1942 πόλεως
2545 1878 2967 1952 Θεσσαλονίκης,
3015 1877 3092 1936 ἔτι
3143 1880 3200 1938 δὲ
3244 1883 3328 1938 καὶ
3363 1882 3551 1945 πόλεως
3587 1884 3710 1952 αὐτῆς

392 1996 489 2036 τος
539 1972 676 2029 κατὰ
715 1975 812 2027 τοῦ
860 1970 1050 2049 Μαφρὶ
1075 1972 1173 2023 τοῦ
1222 1964 1506 2041 Καρούλου
1538 1966 1611 2027 ὡς
1656 1966 1747 2020 καὶ
1798 1966 2044 2021 ἀποκτεῖ-
2150 1970 2287 2040 πεζῇ
2339 1963 2662 2040 συμϐαλεῖν.
2694 1970 2820 2025 Ἑπί
2869 1974 3126 2026 τοσοῦτον
3157 1970 3202 2027 δ’
3249 1970 3483 2049 ἐθάρῥουν
3525 1976 3582 2046 τῇ
3626 1974 3712 2027 κατ’

393 2084 479 2118 ναι
511 2062 601 2118 καὶ
629 2063 728 2131 τήν
760 2061 940 2136 ἀρχὴν
994 2057 1205 2114 ἐκείνου
1236 2050 1422 2112 λαϐεῖν
1476 2054 1766 2130 συμμαχίᾳ
1810 2052 2041 2129 πλείστῃ
2152 2054 2345 2117 αὐτοὺς
2394 2054 2613 2131 δυνάμει
2662 2055 2800 2113 ὥστε
2838 2059 2929 2114 καὶ
2975 2062 3093 2115 κατ’
3132 2061 3389 2135 ἐλπισμὸν
3417 2063 3498 2116 τὸν
3540 2059 3713 2137 κρείττω

386 2154 492 2223 τῆς
550 2149 901 2222 Ἐκκλησίας,
956 2144 1115 2218 κήδει
1173 2146 1431 2219 ἐποιεῖτο,
1490 2145 1580 2200 καὶ
1633 2145 1732 2213 τήν
1763 2142 2043 2217 πάλαιτῷ
2151 2142 2482 2221 διαμερίζειν
2552 2146 2643 2201 καὶ
2711 2149 2901 2223 χώρας
2958 2148 3048 2204 καὶ
3107 2149 3299 2213 πόλεις
3345 2151 3504 2222 ἑαυτῷ
3544 2146 3712 2204 ’ἕκαστον

395 2244 642 2320 Ζφαντζῇ
673 2239 1090 2310 συνοικήσασαν,
1150 2232 1391 2314 ἀδελφήν
1448 2254 1508 2311 γε
1565 2232 1727 2288 οὖσαν
1783 2237 1883 2300 τῆς
1940 2234 2042 2289 αὖ·
2146 2237 2254 2289 τῶν
2310 2234 2692 2310 προύχόντων.
2755 2237 2989 2313 Ἐξῆρχε
3046 2235 3104 2293 δὲ
3138 2240 3342 2296 τούτων
3372 2238 3717 2295 ἀπάντωνὸκαὶ

390 2333 487 2384 τοῦ
543 2328 819 2406 γυναικὸς,
867 2323 1269 2402 κεχηρωμένην
1321 2323 1526 2379 ἐκείνου
1580 2323 1800 2397 πέμψας
1846 2343 2043 2398 συναρ-
2147 2327 2228 2395 τῷ
2300 2325 2613 2401 φρονήματι
2669 2324 2799 2389 τοὺς
2854 2325 3059 2390 πάντας
3118 2329 3573 2407 ὑπερφερόμενος.
3618 2328 3719 2386 Ῥὼς

397 2413 551 2493 μόζει
604 2418 677 2489 οἱ,
731 2415 1059 2493 ἐκχωρήσας
1112 2414 1264 2486 αὖτῷ
1320 2413 1408 2468 καὶ
1469 2411 1714 2469 Κανίνων
1742 2411 1831 2467 καὶ
1862 2418 2037 2489 Κορυ-
2151 2410 2437 2486 Σολυμᾶς,
2503 2412 2758 2490 μέγιστος
2794 2415 2889 2489 μὲν
2940 2416 3161 2490 ἡλικίᾳ,
3195 2413 3419 2494 σοϐαρὸς
3465 2415 3516 2473 δὲ
3535 2420 3632 2478 ταῖς
3651 2422 3721 2483 τῆς

389 2633 678 2693 illusisset
707 2629 1042 2689 simulanda
1074 2644 1216 2701 pace
1243 2626 1412 2684 falsa.
1452 2627 1613 2692 Quod
1645 2627 1866 2683 crimen
1897 2627 2036 2699 quia
2146 2628 2497 2684 subornatos
2526 2628 2597 2685 ad
2630 2628 2741 2686 hoc
2782 2630 3156 2701 jaculatores
3188 2633 3488 2703 interfecit,
3530 2636 3722 2691 conalus

390 2724 735 2782 conﬁrmem
792 2720 1124 2794 potuissent
1153 2717 1408 2790 quadam
1450 2715 1613 2773 velut
1668 2716 2035 2773 confessione
2142 2716 2239 2772 ille
2290 2717 2527 2789 quidem
2560 2723 2648 2774 est
2696 2719 2935 2776 sceleris
2980 2722 3071 2777 sui
3106 2724 3365 2779 fructum
3410 2738 3613 2794 carpere
3644 2723 3720 2777 Ca-

386 2815 576 2886 ipsius
607 2813 710 2883 rei,
742 2811 792 2868 si
823 2808 1490 2881 revocassetimperator
1512 2805 1662 2863 ultro
1693 2806 1849 2879 quod
1883 2806 2029 2862 fece-
2140 2805 2299 2860 ninis
2343 2805 2580 2862 domino
2618 2808 2741 2879 jam
2789 2810 3129 2866 carentibus
3162 2812 3523 2884 recipiendis.
3551 2810 3645 2867 Sed
3670 2823 3721 2863 ne

385 2908 497 2973 rat,
557 2903 687 2959 ideo
737 2918 803 2958 se
862 2898 961 2956 ille
1015 2903 1159 2954 tunc
1188 2897 1261 2953 ab
1322 2912 1388 2953 eo
1421 2895 1686 2952 faciendo
1716 2895 2029 2966 continuit,
2138 2894 2196 2950 id
2249 2901 2465 2967 posset,
2505 2896 2861 2954 obstiterunt
2889 2902 3107 2972 reperti
3144 2907 3290 2958 tunc
3323 2901 3439 2956 illic
3482 2900 3608 2969 Itali,
3647 2896 3721 2968 qui

385 2992 538 3051 508
569 2993 802 3064 integra
850 2993 917 3045 ut
947 2992 1116 3045 erant
1143 2987 1342 3044 omnia
1392 2984 1730 3057 relinquens
1778 3000 2026 3056 suspen-
2068 3059 2098 3064 _
2136 2999 2271 3039 cum
2302 2984 2573 3058 Philippo
2605 2986 2857 3057 fuerant,
2890 2989 3129 3059 quando
3154 2995 3248 3047 est
3276 2988 3516 3046 occisus.
3543 2987 3601 3042 Hi
3624 3001 3725 3059 per-

384 3085 648 3155 densque
675 3059 736 3138 in
769 3081 1035 3137 futurum
1085 3093 1308 3148 rerum,
1348 3079 1411 3131 ut
1439 3091 1503 3132 se
1534 3074 1848 3144 habebant,
1887 3091 2026 3147 praa-
2058 3059 2100 3126 C
2138 3073 2341 3129 ﬁdiam
2373 3073 2736 3132 insidiatoris
2774 3077 3047 3133 detestati
3075 3080 3238 3137 509
3275 3097 3477 3135 rursus
3502 3079 3564 3134 ad
3591 3078 3722 3133 Garo-

384 3176 614 3228 sentem
644 3173 890 3227 statum.
2138 3164 2259 3220 lum
2290 3165 2673 3223 inclinarunt.
2723 3167 2827 3224 Ille
2855 3172 3052 3225 autem
3085 3171 3291 3228 missis
3322 3171 3554 3245 impigre
3584 3164 3722 3238 copiis

1671 3305 1828 3330 ,___..,
2135 3270 2328 3311 arcem
2373 3254 2537 3311 illam
2569 3272 2743 3329 opere
2791 3261 2850 3313 et
2879 3259 3160 3330 praesidio
3219 3261 3506 3317 munitam
3549 3264 3603 3314 ut
3631 3270 3726 3328 pro-

560 3313 651 3367 32°
688 3312 749 3368 U‘
777 3325 864 3366 "‘
893 3308 966 3365 ad
987 3306 1328 3377 B"'“9’“d“
1348 3314 1499 3379 95““
1528 3306 1846 3376 “"9"”
2133 3306 2328 3416 eis;
2372 3306 3723 3421 ἆὲῖιῖἑθξιζὲιὶιδῖιέιῖ’ἑὶἑὶῖεζῖπθῶἶέὶζιῖοιζροὲιὶ-

454 3442 518 3492 In
571 3433 665 3490 his
694 3430 1033 3506 imperatori
1082 3429 1339 3487 versanti
1385 3428 1657 3486 nuntiata
1713 3432 1857 3485 sunt
1887 3445 2017 3502 qua:
2133 3434 2563 3505 namjudicans
2595 3437 2666 3492 ad
2693 3436 2962 3493 eti‘ectum
2985 3443 3260 3497 veterum
3293 3455 3529 3498 suarum
3558 3433 3729 3493 machi-

379 3526 455 3583 ad
531 3522 879 3596 Bellagrada
918 3519 1306 3592 contigerant.
1386 3520 1469 3575 Ea
1495 3518 1870 3591 eXplicaturis
1928 3518 2024 3575 hic
2130 3524 2439 3581 nationum
2467 3542 2480 3582 :
2506 3526 2642 3582 inde
2664 3526 2821 3583 enim
2845 3529 3159 3586 commode
3182 3530 3527 3602 sesperabst
3543 3528 3726 3596 eruptu-

379 3615 550 3672 nobis
574 3612 749 3687 paulo
771 3611 946 3669 altius
965 3609 1351 3683 repetendum
1377 3609 1683 3666 exordium
1705 3612 1815 3665 est.
1838 3607 2019 3681 Illyrii
2130 3628 2259 3669 rum
2286 3612 2346 3670 in
2378 3615 2649 3671 subditas
2680 3615 3020 3688 imperatori
3052 3620 3359 3693 regiones,
3389 3634 3528 3691 quas
3556 3614 3727 3672 dudum

379 3706 622 3777 quidam
653 3703 878 3759 dudum
899 3716 1145 3758 excusso
1168 3698 1537 3771 imperatoris
1560 3698 1826 3770 jugo,sic
1850 3698 2019 3770 quasi
2126 3704 2405 3760 invadere
2474 3704 2730 3777 Optabat.
2802 3705 3193 3765 Occasionem
3269 3725 3442 3781 porro
3504 3706 3615 3778 ejus
3669 3699 3727 3756 rei

380 3794 655 3867 suijuris
705 3795 925 3860 essent,
960 3805 1054 3845 res
1085 3789 1195 3846 sibi
1225 3805 1367 3845 suas
1410 3788 1727 3844 habebant.
1760 3788 1829 3843 Hi
1863 3788 2014 3843 nacti
2126 3810 2403 3866 prospere
2452 3793 2746 3850 tentanda;
2793 3794 2986 3851 oﬂ‘erri
3032 3795 3152 3854 sibi
3205 3803 3502 3854 maturam
3546 3798 3681 3852 ratus
3707 3806 3733 3844 a

374 3900 635 3944 eversam
683 3887 850 3940 terrae
902 3884 1062 3937 motu
1112 3878 1642 3952 Dyrrhachiensem
1690 3877 2013 3946 civitatem,
2125 3882 2438 3957 rebellione
2484 3882 2836 3956 Illyriorum,
2865 3900 3051 3957 eoque
3080 3887 3425 3944 animosius
3462 3887 3731 3954 obsequens

368 3993 498 4034 eam
530 3993 563 4031 a
592 3991 655 4032 se
702 3976 1094 4029 restauratam
1145 3968 1374 4025 colonia
1420 3969 1793 4039 frequentant
1841 3984 1871 4024 e
1901 3968 2014 4025 sibi
2122 3971 2241 4042 iras,
2287 3986 2402 4043 qua
2450 3969 2675 4042 pridem
2720 3971 2780 4025 in
2831 3971 3262 4044 imperatorem
3314 3975 3567 4042 ardebat,
3609 3966 3729 4043 quod

363 4067 500 4123 ﬁdis
530 4070 588 4123 et
633 4063 854 4137 pariter
880 4059 1219 4133 imperatori
1272 4056 1613 4128 rebellibus,
1653 4057 1865 4113 foedere
1895 4057 2010 4114 icto
2119 4057 2219 4115 ille
2254 4059 2588 4115 artiﬁciosis
2636 4060 2764 4116 suis
2804 4075 2940 4116 cum
2973 4078 3131 4133 papa
3164 4065 3518 4121 tractatibus
3542 4056 3733 4132 expedi-

361 4171 497 4211 eum
542 4169 678 4225 rege
727 4150 930 4208 Carolo
979 4148 1237 4205 vicinum
1302 4147 1397 4203 his
1459 4146 1799 4219 praesidium
1851 4148 2005 4218 apud
2117 4147 2335 4203 tionem
2372 4148 2444 4203 ab
2474 4164 2539 4203 eo
2572 4153 2835 4221 paratam
2872 4150 2931 4205 in
2957 4151 3170 4207 urbem
3204 4145 3729 4223 Constantinopolim

357 4243 579 4299 Canina
625 4240 959 4309 obtinente;
1021 4237 1123 4310 qui
1180 4236 1343 4293 locus
1398 4252 1513 4308 quo
1561 4252 1703 4297 casu
1761 4235 1821 4291 in
1877 4236 2006 4306 ejus
2118 4237 2323 4291 effectu
2351 4252 2581 4292 cassam
2602 4236 3462 4306 reddidisset,multitudinem
3494 4246 3577 4297 sat
3602 4251 3730 4307 mag-

354 4335 697 4403 potestatem
727 4329 967 4395 venerit,
993 4327 1204 4384 dicam.
1231 4325 1449 4382 Canina
1472 4324 1611 4381 olim
1634 4326 1745 4381 sub
1783 4324 2003 4381 ditione
2115 4342 2249 4380 nam
2284 4325 2499 4397 partim
2539 4326 2807 4399 equitum
2848 4328 3060 4399 partim
3112 4331 3415 4403 peditum,
3447 4331 3554 4386 tria
3587 4320 3732 4384 simul

352 4419 587 4476 fuerant
616 4416 883 4490 Philippi
913 4414 1196 4471 Ameralaa
1227 4414 1337 4471 viri
1370 4413 1790 4486 potentissimi,
1821 4412 2001 4469 dotali
2039 4426 2074 4485 ι)
2110 4413 2295 4469 millia
2342 4415 2597 4471 militum
2637 4416 2963 4488 explentem
3011 4420 3370 4477 Brundusio
3418 4436 3520 4494 per
3544 4416 3733 4475 Ionium

350 4510 402 4564 ei
452 4507 786 4564 conditione
827 4505 1117 4562 attributa
1169 4522 1203 4560 a
1250 4502 1531 4560 Michacle
1581 4504 1844 4575 despota.
1889 4504 1996 4561 Hic
2104 4504 2355 4575 trajecit.
2440 4505 2503 4559 lli
2564 4504 2772 4577 perlati
2819 4506 3063 4576 Canina,
3125 4526 3272 4566 cum
3333 4510 3417 4565 ibi
3476 4524 3536 4565 se
3586 4516 3732 4578 quam

349 4596 506 4651 enim
539 4613 573 4652 a
595 4594 864 4668 Philippo
885 4594 998 4651 sibi
1021 4598 1311 4664 metuens,
1335 4592 1657 4665 praesertim
1683 4596 1994 4665 postquam
2106 4597 2427 4664 potuerunt
2455 4593 2675 4665 optime
2722 4602 3199 4671 comparassent,
3235 4602 3562 4673 eruperunt
3588 4594 3738 4652 auda-

339 4684 585 4742 Carolus
634 4684 917 4742 adversus
948 4684 1318 4741 Manfredum
1371 4682 1676 4755 praevaluit
1704 4686 1763 4738 et
1811 4681 1992 4753 hujus
2103 4682 2340 4738 cissime
2388 4685 2575 4740 vastis
2621 4682 2810 4740 inﬂati
2861 4685 3120 4758 spebus,
3181 4689 3359 4760 quasi
3414 4705 3526 4743 non
3573 4683 3733 4741 solum

341 4774 543 4832 tocciei
573 4790 819 4848 regnum
845 4773 1124 4842 obtinuit,
1155 4772 1388 4830 auxiliis
1418 4770 1689 4829 Ecclesia:
1720 4772 1991 4831 maximis
2099 4771 2269 4828 obvia
2340 4777 2554 4830 cuncta
2599 4790 2785 4845 usque
2839 4774 3354 4834 Thessalonicam
3410 4772 3690 4835 subacturi
3724 4812 3735 4836 ,

338 4863 412 4920 ad
459 4880 589 4920 eam
637 4862 944 4920 victoriam
989 4863 1230 4935 adjutus
1283 4904 1297 4931 ,
1347 4878 1752 4934 praeoccupare
1798 4861 1988 4934 gratia
2096 4862 2197 4918 sed
2229 4861 2297 4918 ad
2330 4862 2536 4919 urbem
2569 4862 2714 4934 quin
2746 4863 2921 4920 etiam
2954 4864 3154 4937 ipsam
3200 4867 3502 4924 inoffenso
3532 4860 3734 4936 expedi-

337 4968 512 5026 quem
546 4952 903 5009 formidabat
933 4950 1168 5023 sibique
1190 4951 1514 5023 adjungere
1546 4950 1833 5009 afﬁnitate
1863 4956 1981 5007 sta-
2090 4951 2268 5009 tionis
2315 4952 2575 5009 terrestri
2617 4968 2791 5009 cursu
2839 4956 3211 5026 perventuri.
3263 4961 3525 5015 Tantum
3570 4956 3733 5011 autem

333 5042 467 5098 tuit.
499 5040 728 5099 Obtulit
765 5056 903 5113 ergo
935 5041 986 5097 ei
1035 5040 1096 5096 in
1139 5055 1377 5096 uxorem
1420 5041 1690 5112 conjugis
1730 5041 1979 5113 prepriaa
2089 5040 2459 5098 confidebant
2508 5041 2634 5097 suis
2683 5042 2897 5114 opibus
2928 5060 2995 5100 ac
3037 5043 3308 5114 viribus,
3345 5053 3413 5102 ut
3446 5045 3596 5102 velut
3637 5055 3731 5097 non

329 5147 696 5205 germanam,
750 5147 879 5203 quas
931 5128 1227 5202 Sphantze
1276 5133 1580 5201 nupserat,
1626 5137 1682 5185 et
1726 5138 1865 5186 tunc
1908 5146 1976 5186 eo
2086 5131 2266 5186 dubia
2297 5146 2401 5202 spe
2432 5130 2545 5185 lteti
2577 5148 2888 5190 successus
2910 5135 3038 5206 jam
3073 5152 3251 5194 nunc
3276 5134 3561 5210 praecipui
3584 5133 3734 5190 duces

328 5224 556 5279 mortuo
586 5220 767 5276 vidua
795 5219 1066 5290 Philippo
1094 5218 1193 5274 isti
1226 5217 1481 5290 nuptiali
1512 5219 1725 5274 foedere
1754 5218 1974 5274 sociata
2082 5219 2345 5291 ipsorum
2397 5219 2551 5275 inter
2579 5238 2641 5277 se
2688 5223 3048 5294 partirentur
3098 5227 3396 5298 regiones
3447 5226 3731 5291 urbesque,

321 5317 434 5380 est,
485 5310 834 5367 conciliante
885 5325 948 5364 ac
1000 5307 1272 5364 mittente
1321 5308 1592 5376 despota,
1644 5308 1743 5378 qui
1792 5307 1969 5363 etiam
2080 5326 2228 5381 quas
2295 5309 2543 5382 quisque
2594 5317 2727 5381 post
2774 5312 3082 5368 victoriam
3142 5316 3437 5389 preprias
3496 5311 3730 5371 haberet.

314 5401 425 5457 hac
487 5398 793 5457 occasione
866 5395 1102 5452 Caninis
1160 5400 1218 5452 et
1274 5392 1539 5466 Corypho
1591 5411 1737 5451 novo
1804 5395 1967 5450 affini
2078 5400 2324 5455 Praeerat
2369 5403 2563 5454 autem
2597 5401 2887 5458 universis
2924 5402 3041 5459 illis
3070 5405 3364 5461 omnium
3399 5406 3572 5478 longe
3601 5404 3730 5457 fero-

314 5490 513 5546 cessit.
556 5489 878 5562 Postquam
911 5496 1105 5544 autem
1135 5485 1291 5541 idem
1322 5481 1567 5541 Michael
1598 5484 1965 5542 circumven-
2075 5487 2353 5544 cissimus
2411 5487 2569 5545 Rhos
2615 5490 2901 5563 Solymas,
2951 5494 3038 5547 vir
3085 5492 3423 5551 altissima:
3469 5498 3731 5551 staturae.

323 5596 421 5635 um
457 5578 692 5637 insidiis
738 5577 1077 5651 Philippum
1107 5574 1241 5633 telis
1286 5592 1354 5632 ex
1396 5570 1620 5630 occulto
1655 5574 1833 5646 jactis
1865 5592 1968 5647 per
2072 5575 2253 5634 animi
2285 5577 2695 5648 superbissimi
2733 5624 2748 5650 ,
2779 5581 3351 5654 superciliosissimi
3392 5585 3454 5642 in
3487 5596 3732 5655 congres-
