4002 6198
216 357 327 414 973

1283 366 1375 419 DE
1413 365 1786 420 MICHAELE
1824 365 2273 425 PALEOLOGO
2305 371 2440 425 LIB.
2472 373 2568 428 VI.

3535 374 3650 440 974

218 484 404 557 ψυχῆς
460 482 874 552 καταστάσεσιν,
935 483 1238 561 ὑπὲροφρυς
1287 481 1343 538 δὲ
1396 490 1516 547 ταῖς
1571 484 1865 560 ἐντυχίαις,
1899 491 2074 558 Ατοῦ
2132 489 2394 565 φρουρίου
2455 495 2861 565 περικαθίζουσι
2899 541 2912 567 ,
2977 500 3064 555 καὶ
3126 499 3192 570 δή
3256 502 3616 575 ἐπιστήσαντε

218 572 406 644 ξανθὸς
462 571 561 639 τήν
617 571 804 646 τρίχα,
866 572 956 626 καὶ
1026 573 1340 648 ὑπεραὸχην
1377 573 1434 627 ἐκ
1463 577 1702 649 ψυχικοῦ
1733 595 1877 636 τινος

217 660 483 734 ἐκθερμου
513 662 844 732 κινήματος.
881 662 1047 735 Οἶμαι
1096 660 1151 716 δὲ
1197 665 1480 717 κάντεῧθεν
1524 666 1622 732 τὴν
1675 664 1878 736 ὄνομα·

221 750 338 803 σίαν
393 753 568 823 σχεῖν,
629 751 772 824 παρᾶ
832 752 931 818 τήν
987 752 1122 825 πρὸς
1174 753 1310 813 Ῥὼς
1345 752 1670 824 ὁμοιότητα.
1729 759 1874 826 Πρός

344 838 353 854 ,
567 837 577 856 ,
774 845 796 854 -
913 839 922 857 .
1237 843 1247 860 ,
1422 841 1434 856 .
1487 840 1500 858 ,
1557 841 1571 860 κ
1665 842 1678 859 ς

219 840 468 914 αχθεντες
492 859 672 892 τοινυν
701 860 824 899 ταις
863 837 1102 912 τόλμαις
1136 841 1186 894 οἱ
1256 839 1437 897 Ιταλοι
1484 862 1573 895 επι
1620 863 1687 896 τα
1737 841 1872 897 Βελο

220 926 463 1002 λάγραδα
521 931 738 1002 πρῶτον
796 928 1002 1002 ὥρμων
1065 929 1139 993 ὠς
1192 929 1243 1000 ἐξ
1303 931 1472 1000 αὐτῆς
1534 930 1872 1005 αἱρήσοντες.

217 1020 296 1074 Τὸ
329 1014 385 1071 δέ
430 1039 489 1090 γε
537 1017 798 1092 φρούριον
835 1017 982 1081 ἔνθεν
1017 1020 1109 1090 μὲν
1168 1020 1259 1073 τὸν
1320 1020 1464 1075 οὕτω
1495 1041 1612 1084 πως
1641 1020 1875 1095 λεγόμε-

215 1130 303 1164 νον
337 1107 654 1184 ἐπιχωρίως
707 1109 972 1179 ’Λσούνην
1007 1110 1250 1183 ποταμὸν
1285 1110 1692 1186 προϊσχόμενον
1754 1110 1870 1166 ἐπί-

215 1199 388 1252 κειταί
444 1199 497 1252 οἱ
535 1199 672 1252 κατὰ
718 1195 978 1273 πλευράν,
1037 1201 1184 1268 πλὴν
1234 1199 1332 1254 οὐκ
1374 1199 1453 1253 ἐπ’
1503 1199 1870 1275 ἀγχωμάλου,

215 1287 345 1342 ἀλλ’
398 1288 650 1360 ἐκκρεμὲς
709 1287 1140 1361 πλημμυροῦντι
1189 1289 1338 1344 κάτω
1389 1288 1868 1366 γεωλοιροῦμενοψ

220 1378 283 1432 οὗ
318 1375 382 1445 δὴ
413 1378 498 1431 καὶ
524 1371 714 1447 ἔξωθεν
746 1371 974 1449 ἐμϐόλῳ
1002 1380 1108 1431 τινὶ
1166 1383 1462 1450 σκευαστῷ,
1526 1379 1600 1441 ὡς
1648 1379 1724 1451 μὴ
1751 1383 1867 1439 τοῖς

219 1466 611 1539 ἐπιτιθεμένοις
641 1463 895 1538 ἐμποδὼν
955 1466 1266 1540 ἱσταμένοις
1316 1467 1645 1529 κωλύοιντο,
1682 1465 1872 1542 ὑδρεύ-

218 1576 368 1610 ονται
400 1556 670 1630 ὁσημέραι
701 1559 797 1610 τοῦ
843 1561 1096 1629 ποταμοῦ
1148 1557 1413 1619 πίνοντες.
1463 1555 1630 1611 Τόσον
1682 1553 1738 1610 δὲ
1793 1560 1871 1628 τῷ

217 1644 462 1721 φρουρίῳ
510 1645 537 1698 ὁ
595 1645 840 1718 ποταμὸς
901 1645 1218 1720 παράκειται
1280 1645 1406 1700 ὥστ’
1466 1646 1569 1700 ἀπὸ
1629 1645 1871 1719 ἐγγίονος

217 1736 340 1797 Θέας
393 1734 521 1796 τοὺς
570 1734 720 1796 ἐντὸς
787 1735 1068 1805 σαρίτταις
1125 1733 1399 1811 ἀπείργειν
1458 1734 1588 1796 τοὺς
1647 1732 1862 1805 ἐμποδί-

219 1829 426 1893 ζοντας,
458 1823 548 1878 καί
596 1825 647 1900 γ’
704 1824 777 1885 ὡς
827 1821 1056 1886 πὲλταις
1085 1829 1164 1896 τῷ
1220 1825 1554 1896 σκεπάσματι
1612 1823 1738 1884 τοὺς
1788 1824 1868 1901 ἐφ’

212 1911 359 1988 ὕδωρ
417 1912 595 1975 ἰόντας
648 1920 910 1988 χρῆσθαι.
969 1915 1093 1969 Ἐπὶ
1142 1915 1336 1988 θάτερα
1383 1910 1665 1967 asto-3100
1698 1911 1868 1989 λόφος

203 2000 394 2077 ἕτερος
454 2003 776 2078 ὑπερανέχει
831 2009 933 2070 τῆς
979 1999 1254 2068 πεδιάδος,
1306 2000 1630 2076 καταντικρὺ
1683 2002 1865 2072 κείμε-

205 2114 326 2162 νος,
385 2095 447 2147 οὗ
507 2091 572 2163 δὴ
606 2095 694 2147 καὶ
754 2094 1001 2165 ποταμὸς
1061 2093 1284 2163 Βοώσης
1340 2092 1636 2166 λεγόμενος
1695 2089 1866 2153 ἄλλος

205 2182 568 2259 πλημμυρῶν
619 2184 756 2237 κατὰ
807 2184 978 2255 μέσην
1039 2183 1281 2257 ἀπείργει
1336 2183 1400 2236 τά
1455 2183 1680 2236 Κάνινα.
1711 2187 1867 2253 Παμ-

207 2273 414 2342 πληθεὶ
444 2277 574 2347 γοῦν
606 2271 810 2327 ἐκεῖνον
871 2273 1332 2346 περαιωσάμενοι,
1383 2272 1752 2345 κατασχόντες
1776 2272 1870 2326 τὸν

204 2362 383 2442 λόφον
439 2362 740 2437 μετεώρους
792 2356 949 2424 ὄντας
996 2360 1083 2416 ἐπὶ
1126 2364 1204 2432 τῷ
1251 2358 1513 2433 μὲλλοντι
1543 2354 1696 2437 φόϐῳ
1743 2359 1868 2425 τοὺς

203 2584 379 2640 sibus
410 2583 735 2653 despectus,
764 2580 950 2635 ﬂavus
991 2577 1204 2647 crines,
1265 2576 1485 2632 cervice
1543 2575 1866 2633 insolenter

205 2674 365 2731 elata
395 2671 653 2727 incitatis
711 2669 1164 2739 circumagenda
1222 2666 1476 2722 motibus
1535 2669 1860 2720 naturalem

206 2762 526 2836 quemdam
585 2760 852 2815 ardorem
912 2757 1261 2829 praeferens:
1317 2755 1469 2810 unde
1513 2754 1859 2810 crediderim

201 2870 344 2910 eum
366 2851 524 2906 Rbus
553 2854 818 2905 vocatum
843 2865 910 2903 ex
941 2845 1329 2901 similitudine
1349 2844 1559 2916 capitis
1591 2845 1859 2914 ejustum

200 2948 525 3000 comzetum
541 2938 738 2994 vultus
759 2939 948 2993 colore
968 2935 1490 3001 rubescentis,cum
1509 2939 1647 2989 nota
1667 2933 1860 3005 specie

199 3031 501 3106 phalangii
556 3028 718 3084 Rhnx
749 3028 920 3082 dicta.
949 3029 1065 3082 Ista
1113 3025 1291 3097 igitur
1322 3024 1680 3078 confidentia
1729 3022 1859 3079 Itali

201 3126 468 3185 ruentes,
510 3119 822 3173 admovent
854 3133 914 3171 se
948 3116 1205 3186 primum
1242 3113 1642 3184 Bellagradis:
1705 3113 1862 3168 arcis

198 3214 266 3268 id
329 3225 582 3273 nomen,
631 3223 802 3278 quam
864 3206 1019 3263 510
1095 3204 1283 3274 primo
1346 3220 1408 3258 sc
1484 3207 1860 3274 speraverant

195 3303 430 3372 impetu
491 3302 784 3368 capturos.
835 3295 1021 3366 Hujus
1075 3298 1270 3348 autem
1324 3292 1458 3348 talis
1505 3291 1739 3363 quidem
1771 3295 1861 3346 est

200 3387 573 3447 situs.Habet
601 3384 733 3439 hinc
749 3383 984 3454 quidem
1003 3386 1346 3454 praetentum
1365 3398 1454 3435 am
1469 3397 1598 3436 nem
1627 3379 1862 3452 prepria

201 3479 624 3548 indigenarum
682 3473 884 3544 lingua
950 3477 1214 3527 vocatum
1271 3477 1555 3525 Asunem.
1618 3471 1861 3538 Adjecet

203 3574 411 3626 autem
447 3565 605 3620 amni
641 3581 741 3619 arx
771 3579 804 3616 a
830 3564 1029 3627 latere,
1061 3578 1174 3616 non
1225 3560 1397 3632 plano
1429 3577 1599 3631 aequa
1629 3575 1863 3630 campo,

199 3657 310 3714 sed
346 3659 630 3727 suggestu
666 3651 916 3722 quodam
951 3651 1216 3705 eminens
1249 3648 1427 3702 nativi
1481 3647 1664 3713 collis,
1692 3648 1859 3715 cujus

195 3749 396 3803 imum
429 3743 620 3800 solum
678 3739 890 3796 ﬂuvius
951 3737 1138 3794 alluit.
1198 3739 1275 3792 Ex
1331 3754 1448 3808 quo
1498 3753 1572 3791 ne
1621 3737 1858 3791 haurire

196 3838 274 3892 ad
311 3831 724 3906 quotidianum
777 3844 949 3883 usum
984 3826 1180 3881 hostili
1208 3827 1258 3881 vi
1293 3825 1634 3896 praesidiarii
1670 3823 1858 3895 prohi-

193 3927 506 3986 berentur,
554 3924 894 3992 proteusum
928 3935 960 3971 a
991 3916 1290 3971 radicibus
1346 3913 1476 3969 clivi
1509 3915 1580 3968 ad
1640 3913 1858 3967 ﬂumen

191 4017 456 4084 aggesta:
487 4009 659 4065 molis
693 4006 1001 4061 brachium
1061 4005 1314 4075 tegebat,
1372 4019 1522 4073 opus
1583 4000 1719 4056 olim
1784 4002 1855 4055 ad

189 4102 520 4158 dubiorum
555 4095 898 4151 discrimina
925 4098 1260 4164 temporum
1322 4098 1615 4163 paratum.
1669 4092 1860 4145 Tanta

191 4207 378 4265 porro
411 4187 606 4244 amnis
665 4187 735 4240 ad
793 4199 985 4238 arcem
1036 4182 1250 4237 vicinia
1278 4185 1389 4246 est,
1444 4185 1507 4235 ut
1539 4180 1639 4251 qui
1694 4195 1858 4234 exeo

189 4280 411 4354 aquari
445 4275 665 4333 externi
715 4274 1052 4330 obsidentes
1105 4270 1331 4336 volunt,
1374 4270 1422 4325 si
1480 4270 1538 4325 id
1573 4270 1670 4324 ubi
1732 4286 1858 4341 pro-

185 4372 399 4426 ximus
430 4375 516 4423 est
547 4367 898 4435 conspectus
953 4364 1198 4428 tentent,
1258 4360 1495 4414 sarissis
1547 4359 1707 4413 intus
1766 4359 1858 4412 de-

185 4464 471 4533 gentium
523 4453 782 4524 contigui
841 4451 994 4506 sint.
1053 4451 1240 4513 Quare
1312 4448 1546 4503 nonnisi
1612 4447 1856 4521 protecti

185 4548 377 4621 peltis
423 4546 481 4600 id
535 4549 662 4599 tuto
721 4539 1163 4612 aggrediantur.
1219 4539 1299 4593 Ex
1356 4538 1598 4592 adverso
1657 4542 1851 4591 autem

1999 579 2372 669 μηχανήματα
2449 578 2764 656 πετροϐόλα
2834 587 3035 652 ἐκεῖθεν
3117 589 3312 656 βολαῖς
3393 593 3647 669 ἰσχυραῖς

1993 662 2213 720 ἐκάκουν
2272 669 2334 721 τὸ
2391 675 2602 744 τεῖχος.
2662 673 2725 728 Ἣ
2756 676 2964 730 τούτων
3023 683 3151 752 γοῦν
3205 683 3363 756 φήμη
3427 662 3646 759 ἀυπτὲρῳ

1991 751 2145 828 τάχει
2205 755 2368 829 μέχρι
2418 758 2508 810 καὶ
2565 760 2862 833 βασιλικῶν
2891 765 3068 820 ἀκοῶν
3120 768 3326 844 φθάνει,
3373 774 3462 826 καὶ
3514 776 3641 837 τοὺς

1992 840 2292 917 λογισμοὺς
2361 849 2613 918 ταράσσει
2688 855 2768 922 τῷ
2852 853 3084 926 βασιλεῖ,
3152 859 3241 911 καὶ
3325 861 3448 927 περῖ
3531 869 3638 919 τῶν

1991 930 2134 986 ὅλων
2192 935 2561 1009 τετρεμαίνειν
2617 946 2878 996 ποιεῖται.
2932 949 3098 1016 Θυμῷ
3139 947 3238 1021 γὰρ
3300 952 3638 1025 συγκράτους

1987 1019 2198 1093 τόλμας
2258 1027 2362 1096 πῦρ
2419 1023 2584 1095 ἐλαίῳ
2648 1029 2975 1101 μιγνύμενον
3030 1031 3096 1101 ἤν
3147 1057 3229 1096 τις
3287 1036 3477 1112 λέγοι,
3540 1041 3640 1096 οὐκ

1988 1109 2046 1164 ἂν
2078 1118 2178 1180 τῆς
2210 1111 2416 1174 εἰγόνος
2470 1114 2725 1189 ἁμάρτοι.
2782 1116 2922 1174 Οὐδὲ
2969 1121 3072 1195 γὰρ
3121 1121 3263 1178 ἄλλο
3295 1109 3377 1190 τις
3403 1130 3518 1203 εἶχε
3548 1152 3640 1184 το-

1983 1201 2172 1269 πάζειν
2232 1201 2404 1256 ἐκεῖνο
2448 1203 2483 1272 ἢ
2524 1205 2618 1266 τὰς
2670 1205 3047 1281 ἐπισχεθείσαις
3099 1208 3352 1286 δυνάμεις
3530 1240 3639 1288 μη-

1983 1296 2166 1365 χανῶν
2195 1294 2370 1348 τόσων
2432 1292 2521 1349 διὰ
2580 1295 2855 1368 θαλάσσης
2889 1298 3058 1371 μηδὲν
3091 1301 3249 1371 ἱὲναί,
3301 1305 3496 1368 ταύτας
3525 1306 3633 1379 ἤδη

1983 1377 2071 1434 διὰ
2123 1380 2288 1454 ξηρᾶς
2317 1381 2546 1456 εὐοδεῖν,
2604 1383 2769 1440 πλέον
2830 1387 3065 1463 ἐχούσας
3125 1390 3333 1446 ἐκείνου
3362 1395 3424 1448 τὸ
3473 1377 3632 1450 δύναέ

1980 1481 2100 1532 σθαι
2154 1475 2231 1542 τῷ
2286 1472 2378 1525 ἀπ’
2407 1473 2575 1542 αὐτῆς
2612 1470 2876 1548 βαλϐῖδος
2901 1485 3000 1547 τῆς
3031 1480 3217 1555 μάχης
3260 1480 3636 1554 κερδαίνοντας

1979 1558 2208 1632 ἀποζῇν.
2245 1563 2325 1632 [Ρ.
2358 1565 2482 1635 348]
2541 1565 2636 1635 Τῷ
2691 1585 2778 1619 τοι
2831 1567 2920 1620 καὶ
2979 1569 3335 1646 καταφεύγειν
3395 1573 3490 1644 μὶν
3545 1572 3634 1627 ἐπὶ

1979 1648 2107 1703 Θεὸν
2155 1645 2309 1721 ἔγνω,
2345 1650 2648 1724 ἑτοιμάζειν
2683 1650 2741 1707 δὲ
2784 1654 2871 1708 καὶ
2907 1655 3163 1727 δυνάμεις
3216 1660 3315 1721 τὰς
3348 1661 3636 1736 ἀποχρών-

1975 1759 2085 1800 τως
2135 1739 2452 1809 ἆνθεξούσας
2503 1741 2741 1812 πλῆθος,
2794 1745 2870 1806 ὡς
2901 1746 3016 1818 ἅμα
3042 1753 3123 1820 τῷ
3154 1752 3384 1825 φανῆναι
3446 1760 3636 1822 στῆναι

1978 1825 2277 1904 σφαλέντας
2336 1829 2438 1884 κάκ
2491 1835 2590 1896 τῆς
2649 1832 2876 1903 πρώτης
2930 1835 3117 1910 πείρας
3166 1839 3228 1892 τὸ
3278 1840 3468 1914 πρόσω
3529 1865 3635 1913 μα-

1979 1915 2164 1978 θόντας
2222 1912 2439 1973 ἄϐατον.
2487 1918 2566 1974 Τὰ
2623 1919 2714 1991 μὲν
2748 1917 2842 1972 οὖν
2875 1922 3009 1996 πρὸς
3053 1925 3179 1979 Θεὸν
3215 1912 3387 1988 οὕτως
3421 1925 3633 1998 ἐξητοιηι

1977 2005 2196 2075 μάζετο·
2253 2005 2606 2081 παρήγγελτο
2659 2008 2757 2083 γὰρ
2820 2013 3138 2086 πατριάρχῃ
3197 2034 3254 2068 τε
3302 2015 3388 2068 καὶ
3445 2016 3631 2091 ἀρχιε-

1977 2097 2125 2168 ρεῦσι
2184 2094 2396 2166 σύναμα
2452 2096 2609 2150 παντὶ
2667 2101 2746 2168 τῷ
2801 2095 2994 2173 κλήρῳ
3051 2107 3267 2174 πρῶτον
3304 2105 3398 2176 μὲν
3428 2105 3628 2159 πάννυ-

1977 2201 2076 2256 χον
2149 2182 2376 2237 ἱκετείαν
2436 2185 2572 2258 πρὸς
2629 2184 2758 2240 Θεδν
2810 2189 2927 2242 κατ’
2994 2189 3210 2245 ἐκείνων
3277 2195 3629 2263 ποιήσασθαι,

1976 2271 2089 2325 εἶτα
2145 2269 2202 2325 δὲ
2259 2273 2350 2345 ἅμ’
2403 2269 2480 2344 ἕῳ
2529 2276 2879 2350 πατριάρχην
2934 2299 2994 2332 τε
3019 2278 3106 2333 καὶ
3142 2280 3234 2334 σὺν
3268 2281 3416 2355 αὐτῷ
3443 2280 3496 2353 ἕξ
3527 2281 3630 2338 ἅλ-

1975 2359 2107 2422 λους
2163 2365 2271 2416 τῶν
2301 2361 2660 2438 προύχόντων
2697 2365 3018 2441 ἀρχιερέων,
3076 2369 3172 2431 τὰς
3229 2371 3376 2447 ἱερὰς
3434 2373 3640 2442 στολὰς

1974 2576 2304 2648 Reputabat
2349 2577 2622 2634 videlicet
2671 2581 2902 2636 incitari
2955 2583 3188 2640 Latinos
3241 2585 3298 2640 in
3349 2586 3496 2642 hanc
3551 2587 3634 2641 ir-

1975 2666 2305 2735 ruptionem
2358 2667 2410 2720 vi
2471 2667 2687 2740 duplici
2750 2674 3002 2742 utraque
3054 2672 3405 2743 vehementi,
3469 2676 3634 2732 iraet

1973 2755 2240 2819 audacia,
2270 2773 2522 2827 quarum
2556 2757 2732 2813 simul
2767 2759 3074 2816 mistarum
3107 2779 3174 2818 ex
3196 2769 3403 2827 mutuo
3420 2767 3631 2822 crescit

1971 2845 2264 2900 consortio
2297 2846 2609 2916 pernicies,
2641 2847 2799 2903 velut
2829 2866 2961 2905 cum
2997 2851 3114 2922 igni
3138 2851 3329 2908 oleum
3364 2855 3624 2912 additur.

1971 2933 2117 2999 Ergo
2149 2935 2294 2989 511
2335 2939 2607 3004 expertus
2667 2942 2889 3005 quanta
2937 2939 3282 2995 difficultate
3339 2946 3428 2997 tot
3485 2944 3626 2996 arti-

1973 3021 2119 3076 ficiis
2145 3026 2522 3088 tractatuum,
2546 3028 2629 3079 tot
2659 3025 2905 3094 objectis
2927 3028 3315 3098 apparatibus
3346 3029 3626 3087 classium

1970 3126 2120 3181 aegre
2155 3111 2435 3167 hactenus
2467 3111 2674 3185 vixque
2703 3114 3050 3183 obstitisset,
3086 3134 3157 3172 ne
3202 3119 3348 3174 mari
3417 3120 3627 3174 Latinae

1889 3234 1932 3301 Ο
1973 3200 2148 3270 cepis:
2208 3201 2266 3255 in
2326 3206 2585 3258 nostram
2640 3204 3035 3261 continentem
3116 3206 3624 3278 importarentur;

1971 3289 2176 3346 videns
2199 3291 2325 3361 jam
2349 3307 2446 3346 eas
2480 3291 2650 3362 potiri
2684 3308 2910 3363 campo,
2970 3298 3029 3350 et
3079 3295 3416 3365 expeditum
3450 3297 3621 3352 dein-

1971 3393 2106 3449 ceps
2140 3377 2501 3448 planumque
2525 3379 2783 3434 terrestri
2818 3397 3133 3452 progressu
3167 3382 3224 3436 in
3246 3383 3376 3454 ipsa
3402 3383 3629 3441 viscera

1969 3466 2202 3538 imperii
2234 3466 2344 3522 iter
2375 3467 2668 3536 insistere,
2703 3467 2908 3525 ultimo
2943 3470 3052 3526 sibi
3113 3476 3323 3527 conatu
3384 3478 3627 3528 conten-

1971 3557 2230 3612 dendum
2264 3557 2578 3622 statuebat,
2613 3573 2728 3628 quo
2760 3557 2939 3614 istum
2976 3559 3235 3630 primum
3291 3563 3632 3618 retunderet

1970 3644 2278 3714 impetum;
2306 3661 2435 3698 nam
2461 3661 2526 3700 eo
2552 3645 2599 3701 si
2628 3662 2740 3700 non
2761 3647 2954 3701 solum
2981 3647 3222 3719 impune
3245 3649 3629 3722 defungeren-

1969 3737 2087 3798 tur,
2112 3733 2211 3787 sed
2244 3749 2312 3787 ex
2343 3732 2452 3787 hoc
2481 3733 2660 3788 etiam
2683 3751 2818 3790 cum
2852 3736 3044 3790 fructu
3081 3753 3389 3808 operasque
3436 3739 3626 3808 pretio

1970 3820 2248 3889 redirent,
2282 3822 2340 3874 in
2373 3825 2601 3876 tantum
2663 3824 2966 3894 augendos
3024 3827 3344 3895 apparebat
3400 3825 3623 3880 feroces

1968 3909 2230 3979 ipsorum
2263 3910 2512 3976 animos,
2547 3914 2612 3964 ut
2642 3911 2715 3965 iis
2746 3911 2952 3965 obsisti
3015 3913 3272 3983 amplius
3330 3913 3625 3983 nequiret.

1967 3999 2153 4068 Igitur
2186 4004 2248 4053 ut
2278 3999 2334 4053 in
2370 4004 2486 4055 tam
2523 4001 2764 4072 ancipiti
2787 4001 3126 4057 discrimine
3153 4019 3398 4057 summae
3427 4020 3620 4058 rerum

1968 4089 2296 4143 faciendum
2329 4089 2566 4144 omnino
2598 4090 2707 4144 sibi
2744 4091 2988 4160 putavit,
3041 4095 3102 4145 ut
3151 4091 3222 4145 ad
3279 4096 3460 4146 Deum
3490 4097 3624 4148 ante

1966 4179 2162 4235 omnia
2191 4185 2532 4235 recurreret:
2566 4179 2744 4235 simul
2776 4188 2976 4237 tamen
3011 4183 3220 4239 deinde
3261 4187 3380 4238 tam
3414 4201 3620 4239 nume-

1967 4287 2131 4324 rosas
2150 4274 2388 4340 tamque
2409 4269 2632 4325 validas
2657 4288 2722 4326 eo
2745 4271 3066 4327 destinaret
3090 4274 3310 4344 copias,
3336 4276 3401 4328 ut
3421 4290 3622 4328 eorum

1965 4358 2196 4428 objectu
2255 4359 2378 4414 solo
2437 4361 2687 4430 repressi
2742 4365 3014 4434 retroque
3065 4363 3214 4418 trusi
3290 4378 3348 4417 re
3408 4361 3626 4417 infecta

1966 4449 2161 4503 hostes
2202 4449 2390 4520 primo
2446 4449 2842 4521 experimento
2887 4450 3202 4521 discerent,
3264 4467 3440 4522 quam
3509 4470 3622 4508 non

1965 4537 2133 4592 facile
2167 4538 2374 4608 pervia
2433 4539 2696 4609 ipsorum
2756 4540 2937 4594 armis
2994 4539 3323 4608 ulteriores,
3384 4541 3622 4612 imperii

183 4608 380 4709 hujus
425 4650 599 4706 quem
624 4649 726 4686 arx
747 4608 966 4685 insidet
1004 4627 1191 4688 collis.
1227 4626 1376 4681 alius
1408 4628 1626 4682 eminet
1676 4643 1856 4696 supra
1888 4608 1930 4671 D
1966 4626 2230 4696 regiones
2264 4627 2470 4694 forent,
2505 4644 2757 4698 quarum
2794 4627 2994 4697 utique
3052 4629 3232 4684 limen
3291 4632 3487 4701 ipsum
3547 4649 3616 4689 ac

181 4743 402 4799 aequor
433 4737 778 4794 camporum
813 4716 1101 4786 tumulus,
1129 4717 1198 4770 ad
1233 4733 1406 4786 quem
1435 4715 1580 4770 alter
1610 4715 1846 4779 ﬂuvius,

180 4820 416 4874 Booses
451 4809 801 4884 appellatus,
865 4807 1160 4878 proﬂuens
1195 4811 1252 4859 et
1285 4805 1586 4877 planitiem
1644 4820 1848 4859 secans

180 4905 460 4964 mediam
514 4902 661 4956 fines
712 4898 1066 4953 Caninorum
1122 4894 1364 4949 dirimit.
1418 4893 1658 4948 Boosem
1713 4909 1849 4963 ergo

177 5009 436 5052 amnem
495 4990 780 5046 universae
843 4986 1186 5040 Latinorum
1238 4983 1413 5054 copiae
1473 4986 1847 5052 transgressae

171 5082 498 5141 tumulum
531 5093 706 5150 quem
738 5075 856 5130 dixi
887 5077 1196 5146 occupant,
1257 5077 1314 5126 et
1370 5087 1512 5126 sane
1567 5070 1848 5126 sollicitos

173 5190 306 5246 quo
339 5171 667 5241 apparatus
713 5165 824 5219 iste
878 5162 1171 5218 desineret
1200 5159 1677 5232 Bellagradenses
1737 5159 1848 5213 cir-

169 5261 577 5324 cumsndent;
636 5269 883 5326 moxque
930 5251 1185 5307 ballistis
1242 5249 1492 5304 admotis
1536 5249 1844 5320 grandium

171 5353 444 5407 incussu
478 5345 743 5417 lapidum
766 5342 1117 5398 labefactare
1140 5355 1372 5393 murum
1404 5338 1845 5409 aggrediuntur.

166 5440 449 5502 Perlata,
492 5433 798 5490 velocitate
847 5447 1102 5496 summa,
1164 5428 1343 5498 hujus
1389 5427 1850 5498 oppugnationis

165 5532 350 5586 fama
385 5527 458 5581 ad
491 5540 666 5579 aures
723 5519 1117 5593 imperatoris,
1169 5517 1363 5571 subito
1393 5517 1489 5572 ille
1533 5516 1688 5570 haud
1750 5534 1852 5588 pa-

161 5635 317 5676 rum
357 5613 748 5671 conturbatus
780 5615 891 5665 est:
925 5609 1100 5663 etiam
1135 5623 1326 5676 usque
1383 5606 1452 5660 ad
1509 5605 1738 5660 anxiam
1781 5607 1850 5660 de

161 5723 437 5767 summa
467 5718 663 5761 rerum
697 5698 1066 5756 formidinem
1108 5695 1316 5751 nuntio
1370 5693 1472 5750 tali
1522 5694 1848 5765 perculsus.

1959 4714 2205 4770 limitem
2252 4715 2515 4770 viderent
2565 4716 2926 4772 ineluctabili
2989 4721 3249 4789 potentia
3307 4719 3614 4776 vallatum.

1957 4807 2136 4858 Porro
2169 4821 2296 4874 quae
2340 4806 2412 4859 ad
2448 4805 2550 4860 Dei
2602 4805 3072 4875 propitiationem
3133 4809 3486 4879 attinebant,
3551 4813 3612 4865 in

1958 4893 2114 4947 hunc
2152 4894 2392 4948 modum
2453 4900 2778 4964 praeparata
2832 4903 2992 4952 sunt.
3033 4897 3446 4953 Denuntiatum
3509 4915 3618 4969 pa-

1954 4981 2244 5049 triarchae,
2290 4981 2599 5053 episcopis,
2661 4984 2934 5040 universo
2990 4985 3142 5042 clero
3191 4990 3300 5052 est,
3356 4986 3615 5059 primum

1957 5070 2192 5142 quidem
2227 5077 2292 5125 ut
2323 5075 2550 5126 noctem
2585 5073 2761 5128 simul
2795 5078 2979 5128 totam
3011 5074 3384 5146 implorando
3410 5079 3615 5131 contra

1958 5159 2157 5215 hostes
2191 5160 2288 5214 Dei
2322 5160 2535 5216 auxilio
2569 5162 2907 5233 pervigilem
2949 5164 3248 5233 ducerent,
3288 5165 3401 5220 sub
3444 5180 3612 5219 auro-

1957 5267 2082 5305 ram
2115 5267 2246 5304 vero
2278 5251 2388 5305 diei
2423 5250 2785 5323 insequentis
2848 5252 3196 5322 patriarcha,
3261 5269 3360 5308 sex
3421 5252 3549 5307 aliis
3581 5269 3612 5306 e

1959 5339 2270 5411 praecipuis
2305 5339 2714 5412 episcOporum
2747 5357 2947 5396 secum
2983 5342 3307 5414 assumptis
3337 5345 3395 5396 et
3428 5339 3613 5395 sacris

1959 5445 2165 5484 omnes
2196 5427 2367 5482 stolis
2400 5429 2612 5496 induti,
2655 5429 2881 5484 cunctis
2939 5429 3172 5484 interim
3235 5429 3364 5483 aliis
3426 5428 3606 5481 Deum

1960 5517 2389 5584 invocantibus,
2427 5519 2889 5574 benedictionem
2951 5518 3098 5573 sacri
3132 5518 3242 5572 olei
3276 5517 3602 5570 solemnem

1960 5607 2068 5662 rite
2126 5612 2510 5678 peragerent;
2573 5616 2693 5660 tum
2768 5611 3000 5677 paratos
3051 5606 3121 5661 ad
3185 5605 3237 5658 id
3299 5601 3608 5658 fasciculos

1961 5701 2400 5769 segmentorum
2448 5695 2650 5768 papyri
2709 5698 3047 5753 consecrato
3106 5693 3403 5764 tingerent
3458 5691 3606 5749 oleo:
