4002 6198
207 298 320 351 977

1282 299 1376 350 DE
1415 297 1790 352 MICHAELE
1828 296 2271 354 PALJEOLOGO
2307 299 2444 354 LIB.
2486 301 2584 353 VI.

3528 295 3636 350 978

206 443 316 484 τας
337 423 621 496 ἐξώρμων,
655 420 706 474 οἱ
741 420 835 493 μὶν
885 422 1024 495 πρὸς
1074 421 1169 492 μὲν
1217 421 1318 488 τὴν
1363 421 1588 495 πρώτην
1621 412 1867 492 ἐμϐολὴν
1901 420 1954 485 Α
1983 419 2120 474 κατὰ
2164 418 2340 493 στόμα
2369 422 2659 494 παιόμενοι
2717 418 3087 498 διεφθείροντο
3126 420 3213 494 (οὐ
3243 420 3347 497 γὰρ
3403 420 3542 491 πρὸς
3571 419 3636 475 τὸ

203 516 378 565 τοῦτο
434 513 529 582 μὲν
573 508 998 587 φυλαττόμενοι,
1029 513 1190 563 τοῦτο
1241 507 1299 562 δὲ
1345 508 1434 562 καὶ
1463 507 1867 583 τεχνιτεύοντες

204 600 469 661 ἐπιεικῶς
529 600 695 669 εἶξαν,
751 595 1060 668 ἐπιτήδειον
1108 596 1154 653 δ’
1212 599 1458 673 εὑρόντες
1513 598 1680 652 τόπον
1735 598 1869 670 μετᾶ

209 691 420 764 βάρους
479 687 667 743 ὅπλων
727 687 903 749 ἰόντας
977 685 1372 745 κατοΐστευον,
1433 687 1706 741 Κάκείνων
1769 688 1863 760 μὲν

202 776 486 855 ἐφικέσθαι
516 783 625 832 τῶν
671 775 946 832 ἀδυνάτων
979 777 1175 848 ᾣοντο,
1209 776 1436 851 ἐπείρων
1471 775 1528 830 δὲ
1563 777 1864 852 βάλλοντες

201 866 586 932 τοὺςῗππους,
619 864 673 921 εἶ’
697 887 812 928 πως
861 867 1393 942 κατευστοχήσαντες
1440 865 1568 928 τοὺς
1618 865 1705 920 ἐπὶ
1752 871 1860 920 τῶν

193 957 395 1012 ’ίππων
470 957 844 1033 γαννυμένους
909 955 1105 1024 πεζοὺς
1170 952 1523 1027 ἀποδείξαιεν.
1580 956 1856 1029 Έτρώθη-

205 1070 308 1102 σαν
332 1051 462 1122 γοῦν
493 1047 580 1101 καὶ
637 1043 804 1101 ἄλλοι
859 1050 970 1100 τῶν
1013 1043 1225 1112 θίππων,
1275 1044 1628 1119 τιτρώσκεται
1685 1041 1742 1098 δὲ
1771 1044 1861 1098 καὶ

202 1140 241 1207 ἡ
293 1141 394 1192 τοῦ
449 1137 584 1198 Ῥὼς
641 1133 893 1208 Σολυμᾶ,
951 1135 1098 1204 πλὴν
1161 1136 1225 1190 οὗ
1284 1134 1510 1207 καιρίως
1570 1133 1708 1188 ὥστε
1767 1134 1859 1188 καὶ

203 1224 533 1298 ἐξαπιναίως
578 1230 923 1281 καταπεσεῖν.
972 1227 1166 1297 ’Ὀμως
1197 1225 1281 1297 (τὸ
1313 1224 1415 1300 γὰρ
1453 1222 1611 1299 βέλος
1639 1221 1858 1297 ἤπειγε)

202 1317 306 1371 καὶ
353 1320 450 1370 τοῦ
496 1313 711 1369 πολλοῦ
761 1316 992 1389 θράσους
1040 1319 1294 1377 καθυεῖτο
1334 1313 1423 1367 καὶ
1470 1314 1560 1368 τὸν
1592 1307 1854 1380 ἐπιϐάτην

201 1405 433 1466 εἷ’καίως
464 1402 669 1481 ἔφερεν,
701 1403 839 1458 ὥστε
867 1403 956 1458 καὶ
990 1400 1320 1477 σιτοδοχείῳ
1359 1403 1494 1456 κατὰ
1537 1409 1638 1476 γῆς
1685 1421 1854 1475 προσ-

193 1502 394 1551 παῖσαι
455 1495 742 1568 ἅνεῳγότι,
803 1490 1240 1564 συμποδισθῆναί
1275 1513 1333 1546 τε
1363 1491 1452 1545 καί
1511 1492 1599 1544 τὸν
1661 1485 1855 1544 ἐπιϐά-

191 1605 299 1654 την
351 1577 702 1638 καταϐαλεῖν,
737 1582 800 1636 Οἱ
858 1579 914 1634 δὲ
948 1582 1022 1652 μὴ
1058 1577 1355 1652 δυνάμενον
1411 1580 1702 1649 κινηθῆναι
1756 1577 1848 1632 τὸν

193 1668 436 1746 σοϐαρὸν
494 1669 839 1745 περιστάντες
904 1666 1090 1744 χερσίν
1150 1667 1431 1723 ἀλίσκουσι
1465 1711 1476 1722 .
1539 1666 1846 1738 Φημίζεται

1978 507 2278 583 ἀντισχεῖν,
2312 509 2456 566 ἀλκὰ
2482 511 2617 586 πρὸς
2675 511 2736 564 τὸ
2785 511 2970 582 μαθεῖν
3026 509 3190 581 μόνον
3241 511 3293 565 τί
3321 511 3382 564 τὸ
3412 509 3634 584 γινόμε-

1975 621 2067 655 νον
2126 600 2418 676 ἐτρέποντο
2476 602 2612 656 κατὰ
2664 601 3005 676 πρόσωπον),
3045 602 3096 655 οἱ
3131 599 3187 656 δέ
3244 601 3380 656 κατᾶ
3439 602 3630 655 πώτου

1976 688 2353 765 πληττόμενοι
2420 690 2800 746 διωλέσθαινόν
2857 712 2917 744 τε
2968 696 3075 745 τῶν
3133 692 3320 746 ἳππων
3379 691 3467 745 καὶ
3536 691 3629 744 πί-

1974 801 2198 844 πτοντες
2241 780 2522 852 ἔθνησκον,
2581 779 2691 836 ἔστι
2755 779 2800 835 δ’
2855 782 2916 835 οὗ
2947 781 3038 835 καὶ
3100 786 3290 850 ζῶντες
3349 781 3624 852 συνελαμ-

1975 865 2220 926 ϐάνοντο.
2256 868 2475 940 Σπουδὴ
2507 872 2608 944 γὰρ
2638 870 2704 938 ἦν
2752 875 2866 932 τοῖς
2919 871 3014 943 μὲν
3053 871 3142 925 τὸν
3193 871 3439 943 ποταμὸν
3473 871 3623 926 Βοώ-

1971 981 2070 1029 σην
2137 960 2332 1036 φθάσαι
2399 959 2488 1014 καὶ
2555 964 2904 1032 περαιωθεῖσι
2965 960 3326 1029 σωθήσεσθαι,
3384 964 3502 1020 τοῖς
3565 956 3624 1012 δὲ

1967 1051 2065 1102 τοῦ
2097 1049 2178 1120 [Ρ.
2212 1050 2338 1118 350]
2394 1047 2662 1122 βασιλέως
2710 1047 2805 1110 τὰς
2864 1046 2952 1102 ἐπὶ
3006 1047 3100 1102 τὸν
3156 1047 3406 1120 ποταμὸν
3444 1045 3618 1100 αὐτῶν

1970 1137 2144 1209 ὁρμάς
2179 1134 2469 1192 διακλείειν
2502 1138 2892 1212 προφθάνουσι.
2927 1136 3037 1193 Μὶν
3085 1134 3191 1190 δέει
3242 1140 3340 1190 τοῦ
3377 1137 3452 1208 μὴ
3505 1157 3622 1189 κω-

1969 1224 2200 1295 λυθῆναι
2269 1225 2603 1280 παντάπασιν
2636 1269 2649 1293 ,
2711 1225 2896 1286 αὐταῖς
2954 1230 3135 1286 σκευῖς
3209 1224 3300 1278 καὶ
3378 1223 3618 1298 γυναιξὶν

1965 1312 2359 1387 ἐνειλούμενοι,
2409 1314 2498 1368 καὶ
2541 1316 2568 1368 ὁ
2600 1313 2764 1368 έπιὼν
2819 1314 2910 1368 τὸν
2969 1313 3234 1386 προϊόντα
3289 1313 3612 1365 καταπατῶν

1962 1424 2020 1456 τε
2063 1404 2152 1457 καὶ
2205 1401 2587 1471 κατασποδῶν,
2623 1402 2777 1457 αὐτοὶ
2823 1401 2950 1477 παρ’
3003 1402 3208 1456 ἑαυτῶν
3265 1401 3332 1454 τὰ
3382 1398 3614 1454 πλεῖστα

1965 1490 2324 1568 ἐσφάλλοντο,
2374 1491 2621 1554 πολλοὺς
2671 1489 2728 1546 δὲ
2778 1492 2866 1546 καὶ
2927 1491 3289 1563 ὑπετέμνοντο
3338 1489 3388 1541 οἱ
3428 1489 3613 1549 ἱππεῖς

1961 1581 2088 1655 πρὶν
2123 1583 2316 1658 φθάσαι
2365 1582 2454 1635 τὸν
2509 1582 2780 1653 ποταμὸν,
2811 1579 2901 1634 καὶ
2933 1576 3090 1655 έργον
3153 1579 3394 1646 εὐζώνου
3447 1581 3613 1644 πεζοῦ

1959 1670 2155 1736 ἱππεὺς
2212 1671 2423 1747 ἐγένετο
2484 1667 2738 1747 σοϐαρὸς,
2798 1671 2874 1734 ὡς
2933 1669 3247 1731 ἁλισκεσθαι
3303 1667 3398 1738 μὲν
3448 1663 3616 1720 πλεί-

188 1763 325 1834 γοῦν
357 1758 609 1834 παραυτά
639 1755 785 1821 ἔνθεν
844 1759 938 1830 μὲν
992 1761 1110 1817 τοῖς
1167 1760 1264 1810 τοῦ
1327 1754 1612 1830 βασιλέως,
1645 1753 1845 1817 ἐκεῖθεν
1882 1796 1928 1859 Β
1959 1781 2137 1831 στους,
2189 1762 2302 1833 ἅμα
2356 1758 2401 1815 δ’
2460 1760 2769 1821 ἑαλωκότας
2827 1759 3122 1832 ἀπάγεσθαι
3173 1757 3309 1830 πρὸς
3337 1755 3399 1809 τδ
3440 1754 3609 1830 φρού-

197 1846 241 1859 -.
346 1854 372 1859 -
565 1848 578 1859 ι
683 1848 696 1859 .
882 1847 893 1859 ,
1062 1844 1223 1859 ...
1386 1844 1434 1859 ..κ
1664 1843 1841 1859 υ..
2200 1849 2212 1859 .
2308 1849 2343 1859 ..
2465 1848 2551 1859 υ..
2783 1847 3074 1859 ,
3244 1844 3334 1859 ..η
3591 1843 3606 1859 ς

192 1846 254 1903 δὲ
278 1854 400 1912 τοῖς
453 1848 590 1903 κατά
646 1848 706 1902 τὸ
759 1847 1018 1922 φρούριον
1051 1848 1085 1914 ἡ
1116 1844 1319 1900 ἐκείνου
1378 1844 1598 1905 ἅλωσις.
1664 1843 1764 1900 Καὶ
1797 1844 1848 1897 οἱ

192 1939 297 2011 μὲν
331 1938 384 1992 ἐν
441 1937 628 2012 χερσὶν
683 1937 832 2011 εἶχον
883 1936 975 1990 τὸν
1033 1933 1169 1997 τέως
1222 1937 1361 2009 μέγα
1393 1930 1846 2009 σοϐαρευόμενον,

187 2028 246 2082 οἱ
281 2025 340 2082 δὲ
377 2032 476 2082 τοῦ
533 2025 797 2104 φρουρίου
851 2026 942 2080 καὶ
996 2026 1102 2099 πρὸ
1159 2031 1256 2080 τοῦ
1308 2025 1436 2088 τοὺς
1487 2025 1847 2102 ἀγγελοῦντας

185 2117 585 2193 παραγενέσθαι
665 2113 991 2195 ἐφηδόμενοι
1061 2121 1178 2177 τοῖς
1253 2114 1404 2177 ἐκτὸς
1475 2116 1575 2184 τὴν
1637 2115 1841 2170 ἅὶωσιν

185 2207 496 2284 ⁴ἤγγελλον.
527 2211 593 2264 ’Ἀ
608 2231 681 2282 μα
709 2213 837 2284 γοῦν
864 2205 940 2281 ἕῳ
997 2209 1048 2263 οἱ
1098 2207 1332 2263 ἐντεῦθεν
1391 2206 1841 2277 συνησκπικότες,

185 2303 519 2375 κρατοῦντες
544 2295 767 2360 ἕκαστος
803 2299 890 2353 καὶ
940 2299 1031 2353 τὸν
1076 2299 1218 2352 θεῖον
1251 2296 1303 2367 ἐξ
1333 2295 1520 2352 ἐλαίου
1568 2295 1838 2373 πάπυρον,

182 2387 582 2464 περαιωθέντες
664 2387 755 2443 τὸν
840 2387 1090 2460 ποταμὸν
1171 2383 1588 2462 τεταραγμένοις
1671 2384 1838 2460 ἐμπί-

176 2500 386 2534 πτουσι
432 2477 522 2533 καὶ
568 2479 680 2552 ἅμα
723 2477 861 2551 πρὸς
913 2477 1088 2554 φυγὴν
1131 2474 1440 2550 τρέπονται.
1496 2476 1563 2532 Ol
1599 2475 1692 2549 μὲν
1743 2475 1835 2530 οὖν

182 2718 368 2776 posse
400 2702 800 2774 desperantes,
834 2699 895 2755 in
919 2713 1102 2771 equos
1151 2695 1552 2767 collimabant,
1605 2703 1834 2770 partem

177 2810 249 2851 se
285 2794 509 2850 ferociae
543 2791 890 2862 dempturos
923 2788 1176 2860 superbe
1208 2805 1268 2843 se
1316 2804 1384 2843 ex
1416 2789 1582 2858 equis
1641 2793 1835 2844 osten-

177 2883 456 2940 tantibus
485 2881 616 2948 rati,
651 2880 701 2935 si
733 2879 957 2951 pedites
1000 2895 1069 2934 ex
1115 2877 1412 2949 equitibus
1464 2878 1721 2933 facerent
1776 2882 1834 2933 et

174 2974 269 3030 sic
302 2988 404 3028 eos
434 2969 735 3042 perculsos
787 2985 950 3035 casu,
996 2965 1147 3022 mole
1196 2982 1494 3021 armorum
1537 2972 1830 3038 gravatos,

178 3061 420 3117 facilius
450 3059 732 3115 obnoxios
764 3057 1066 3113 haberent.
1102 3055 1289 3127 Igitur
1308 3072 1441 3111 cum
1474 3054 1572 3111 alii
1624 3055 1826 3111 vulne-

175 3151 294 3206 rati
330 3148 463 3220 equi
497 3151 656 3212 sunt,
715 3150 839 3201 tum
889 3161 1037 3215 equa
1091 3159 1373 3216 generosa
1423 3147 1480 3198 et
1526 3145 1824 3214 praeferox,

175 3257 302 3312 qua
336 3238 492 3294 [lbos
524 3235 792 3309 Solymas
821 3235 1114 3290 insultans
1149 3235 1459 3304 minaxque
1492 3234 1643 3289 514
1691 3235 1828 3291 fere-

175 3331 382 3397 batur,
416 3341 694 3397 percussa
721 3323 834 3378 telo
867 3327 970 3391 est;
1007 3340 1123 3377 non
1148 3321 1346 3377 lethali
1398 3321 1634 3394 quidem
1681 3321 1827 3390 ictu,

168 3433 293 3488 quo
325 3415 550 3482 statim,
582 3413 1158 3469 concideret:tamen
1201 3427 1376 3466 sensu
1397 3410 1826 3482 qualiscunque

167 3506 325 3562 satis
353 3505 468 3560 alte
495 3503 854 3575 penetrantis
881 3501 1143 3557 vuineris
1176 3500 1412 3555 turbata
1442 3516 1556 3554 non
1591 3516 1824 3570 parum,

174 3594 440 3651 multum
473 3593 543 3648 de
575 3591 754 3663 priori
809 3591 1037 3646 remisit
1089 3589 1354 3656 audacia,
1411 3605 1823 3660 sessoremque

163 3685 301 3756 jam
337 3683 578 3754 segnius
608 3685 664 3736 et
694 3681 1019 3736 titubanter
1057 3679 1406 3745 sustinebat,
1467 3680 1658 3748 quoad
1715 3679 1821 3734 im-

163 3778 427 3849 pingens
457 3774 604 3829 forte
625 3773 684 3826 in
712 3775 1047 3827 excavatam
1084 3769 1200 3825 illic
1231 3770 1455 3824 foveam
1502 3771 1816 3836 frumento,

162 3871 238 3922 ut
265 3867 352 3930 ﬁt,
379 3862 706 3931 condendo,
731 3859 1095 3932 implicatam
1129 3876 1267 3914 cavo
1289 3859 1492 3930 pedem
1548 3860 1818 3929 expedire

159 3973 283 4013 non
322 3953 522 4009 valens
553 3950 828 4016 concidit,
863 3949 1119 4021 equitem
1153 3947 1607 4019 superciliosum
1651 3947 1816 4019 prius

153 4045 336 4102 illum
367 4043 679 4111 ferumque
710 4039 1027 4109 dejiciens;
1054 4054 1225 4109 quem
1257 4039 1328 4093 ob
1360 4038 1592 4109 pondus
1622 4055 1816 4095 armo-

156 4151 298 4192 rum
331 4130 696 4188 immobilem
731 4130 1042 4185 haerentem
1073 4127 1259 4184 nostri
1292 4128 1552 4197 undique
1609 4144 1814 4183 accur-

159 4229 365 4280 rentes
388 4220 875 4292 comprehensum
901 4216 1534 4288 adducunt.Divulgata
1557 4233 1815 4273 momen.

153 4320 219 4370 to
277 4317 372 4368 est
428 4309 570 4367 totis
622 4307 994 4382 imperatoris
1043 4309 1252 4364 castris
1299 4311 1356 4363 et
1403 4309 1562 4364 intra
1620 4307 1812 4378 ipsam

156 4405 468 4462 obsessam
503 4416 695 4456 arcem
727 4399 895 4455 ducis
927 4399 1186 4454 hostium
1219 4397 1686 4469 comprehensio.
1747 4403 1815 4454 Et

153 4496 221 4550 in
254 4491 469 4548 castris
501 4489 740 4561 quidem
767 4493 923 4543 certa
955 4489 1096 4544 fides
1128 4493 1252 4543 erat
1284 4487 1610 4558 oculorum,
1667 4505 1812 4560 prae-

1961 1870 2098 1926 ριον,
2128 1849 2217 1904 καὶ
2248 1849 2415 1904 πάλιν
2460 1848 2665 1911 ἄλλους
2712 1850 2800 1903 καὶ
2845 1847 2927 1902 ἐπ’
2969 1847 3190 1907 ἐκείνοις
3239 1844 3465 1910 ἄλλους,
3517 1843 3608 1897 καὶ

1958 1937 2133 2001 οὕτως
2172 1939 2364 2015 ἐφεξῆς
2416 1939 2542 2000 τοὺς
2573 1939 2658 1993 υὶν
2688 1938 3025 2016 φονεύεσθαι,
3081 1935 3214 2000 τοὺς
3267 1931 3605 2006 ὀνομαστοὺς

1957 2025 2014 2084 δὲ
2073 2024 2550 2102 συλλαμϐάνεσθαι
2584 2074 2597 2099 ,
2662 2029 2858 2102 μέχρις
2933 2027 2996 2080 οὗ
3065 2025 3154 2080 καὶ
3200 2025 3291 2079 τὸν
3351 2022 3598 2094 ποταμὸν

1955 2119 2184 2188 Βοώσην
2225 2119 2519 2195 φθάσαντες
2577 2117 2627 2172 οἱ
2685 2117 2779 2189 μὶν
2838 2116 3014 2171 ἑκοντὶ
3054 2113 3278 2175 ἑαυτοὺς
3310 2110 3598 2188 ἐῤῥίπτουν

1951 2208 2090 2261 κατὰ
2137 2211 2236 2263 τοῦ
2295 2206 2583 2282 ῥεύματος,
2635 2207 2697 2260 τὸ
2756 2200 3160 2276 ἐξαπολωλέναι
3218 2204 3598 2276 προτιμῶντες

1949 2300 2046 2350 τοῦ
2091 2298 2202 2369 μετ’
2263 2295 2533 2372 «taxum;
2586 2301 2768 2353 πεσεῖν
2828 2295 2904 2356 εἷς
2959 2298 3152 2368 χεῖρας
3206 2289 3512 2363 Ῥωμαίων,
3547 2289 3599 2342 οἱ

1951 2385 2008 2442 δὲ
2058 2388 2148 2464 βίᾳ
2201 2389 2292 2444 τὸν
2343 2389 2590 2462 ποταμὸν
2651 2383 3022 2447 διεκπαίοντες
3053 2382 3112 2437 ἐκ
3136 2380 3362 2437 πολλῶν
3415 2377 3598 2452 ὀλίγοι

1946 2478 2084 2552 πρὸς
2111 2479 2173 2533 τὸ
2207 2482 2315 2533 τῶν
2365 2478 2604 2533 Κανίνιον
2664 2475 2924 2555 φρούριον
2983 2470 3306 2541 διεσώζοντο
3366 2468 3598 2544 φεύγον-

1951 2717 2261 2774 resistendi
2315 2717 2533 2784 animo,
2590 2715 2786 2772 subito
2863 2711 3122 2784 dejectis.
3210 2706 3584 2779 Fugientium

1945 2811 2139 2863 autem
2189 2807 2316 2878 jam
2377 2806 2596 2878 pariter
2653 2803 2921 2860 omnium
2985 2805 3149 2870 terga
3203 2798 3584 2866 insequentes

1943 2897 2128 2952 nostri
2157 2897 2347 2952 valide
2396 2897 2655 2951 incussis
2688 2891 3022 2948 missilibus
3047 2888 3362 2945 caedebant.
3425 2884 3590 2938 Unde

1941 2985 2460 3058 prosternebantur
2490 2983 2742 3055 equites,
2793 2982 3033 3036 vulnere
3077 2981 3177 3033 aut
3233 2971 3585 3030 oﬂ’endiculo

1938 3073 2106 3144 equis
2138 3073 2509 3146 lapsantibus
2529 3069 2765 3128 evoluti.
2799 3073 3019 3124 Horum
3052 3062 3315 3134 plerique
3344 3073 3584 3115 occum-

1938 3163 2335 3219 bebantzvivi
2381 3159 2646 3217 nonnulli
2705 3157 3106 3230 capiebantur,
3157 3148 3463 3207 interclusi
3512 3163 3580 3202 eo

1939 3254 2095 3324 quod
2140 3269 2371 3308 summo
2422 3250 2620 3306 studio
2672 3247 3005 3320 captabant.
3067 3243 3130 3298 Id
3191 3243 3386 3296 autem
3455 3240 3581 3293 erat

1938 3343 2234 3413 pervenire
2261 3341 2328 3398 ad
2341 3342 2580 3396 Boosem
2615 3337 2856 3393 fluvium
2878 3338 2935 3390 et
2960 3349 3025 3387 eo
3057 3329 3307 3385 transito
3325 3324 3577 3382 salutem

1934 3431 1993 3487 in
2028 3437 2151 3486 tuto
2185 3447 2416 3503 ponere.
2449 3431 2519 3484 At
2554 3423 2913 3499 imperatorii
2946 3420 3098 3479 515
3122 3432 3362 3474 cursum
3393 3415 3577 3469 istum

1935 3525 2232 3579 retardare
2262 3526 2390 3577 tum
2434 3537 2467 3576 a
2511 3525 2671 3591 tergo
2724 3513 3089 3579 lacessendo,
3134 3515 3262 3566 tum
3321 3521 3575 3579 praecur-

1931 3613 2112 3668 rendo
2143 3613 2416 3682 viamque
2447 3607 2824 3673 obstruendo,
2852 3603 3010 3660 varie
3044 3599 3370 3656 certabant.
3422 3596 3577 3650 Inter

1930 3717 2056 3772 quas
2089 3701 2214 3757 Itali
2239 3698 2488 3767 confusi,
2523 3715 2632 3768 qua
2665 3701 2822 3751 metu
2871 3708 2943 3749 ne
3002 3689 3455 3763 prohiberentur
3511 3683 3570 3738 in

1930 3795 2121 3846 tutum
2180 3792 2445 3855 evadere,
2531 3805 2648 3860 qua
2704 3783 2978 3840 mistione
3055 3772 3571 3833 inordinatissima

1927 3880 2295 3936 sarcinarum
2313 3883 2368 3935 et
2393 3878 2702 3933 mulierum
2725 3889 2873 3946 quas
2897 3887 3014 3925 una
3033 3881 3233 3924 secum
3256 3862 3571 3919 trahebant

1926 3970 2263 4041 quibusque
2287 3967 2553 4039 impliciti
2586 3962 3094 4047 conflictabantur,
3115 3952 3434 4047 trudebapt
3464 3950 3567 4005 de-

1921 4039 2322 4122 jiciebantque
2354 4066 2481 4105 sese
2513 4051 2741 4109 mutuo,
2790 4047 3009 4098 temere
3066 4039 3315 4094 invicem
3367 4039 3568 4087 incur-

1927 4121 2118 4196 rentes
2151 4121 2679 4204 aciconculcantes,
2710 4133 2794 4188 ita
2817 4135 2884 4187 ut
2913 4144 3114 4185 eorum
3138 4121 3311 4180 multi
3325 4137 3568 4177 curren-

1922 4231 2071 4286 tium
2103 4232 2172 4286 ad
2206 4231 2424 4285 ﬂumen
2477 4240 2765 4298 equorum
2818 4218 3055 4292 ungulis
3084 4215 3522 4272 contererentur
3555 4227 3569 4276 ;

1925 4324 1981 4376 et
2012 4320 2213 4375 afﬂicti
2246 4319 2413 4390 lapsu
2447 4314 2696 4387 superbe
2728 4302 3346 4382 cataphracti,equites
3373 4300 3568 4390 praeda

1925 4409 2113 4464 facilis
2143 4388 2602 4478 erant—peditum
2629 4395 3292 4474 expeditorum.Horum
3327 4388 3568 4478 plurimi

1923 4497 2102 4553 simul
2136 4477 2536 4568 capiebantur,
2579 4490 2759 4547 simul
2817 4488 2886 4544 ad
2943 4501 3136 4542 arcem
3195 4477 3566 4537 custodiendi

157 4587 415 4646 sentem,
450 4597 578 4651 quae
611 4578 888 4634 manibus
919 4582 1235 4643 teneretur,
1268 4578 1526 4648 praedam
1578 4595 1811 4635 cernen-

1947 4566 2325 4654 rahebantur,
2350 4582 2734 4639 redeuntibus
2770 4594 2900 4633 mox
2933 4574 3035 4647 qui
3066 4572 3451 4634 deduxerant,
3509 4571 3568 4622 et

157 4671 315 4728 tium
357 4685 422 4723 ac
474 4667 698 4724 scilicet
754 4665 1132 4722 illudentium
1193 4665 1252 4720 in
1318 4683 1447 4722 eam
1507 4670 1808 4728 servitutis

153 4757 564 4816 humilitatem
592 4757 716 4827 jam
740 4756 974 4812 redacto
1006 4760 1125 4809 tam
1188 4756 1413 4810 tumide
1462 4757 1634 4827 paulo
1677 4767 1810 4816 ante

159 4845 489 4919 gloriatori.
545 4845 779 4901 Obsessi
821 4861 954 4900 vero
1002 4844 1177 4900 etiam
1216 4849 1531 4916 antequam
1563 4849 1632 4902 ad
1712 4867 1811 4906 eos

155 4936 574 5012 pervenissent
603 4933 703 5006 qui
735 4934 844 4989 hoc
861 4933 1187 4988 nuntiaturi
1213 4933 1377 4988 missi
1407 4939 1592 5006 erant,
1615 4937 1809 4992 nescio

157 5027 463 5102 quomodo
496 5041 668 5080 casus
699 5025 828 5095 eius
860 5024 994 5080 facti
1026 5023 1320 5090 certiores,
1373 5025 1541 5096 signa
1597 5025 1807 5082 laetitiae

152 5118 500 5183 ediderunt,
533 5133 602 5171 ex
638 5115 855 5186 quibus
919 5111 1102 5169 nostri
1160 5113 1363 5184 procul
1417 5113 1809 5185 intelligerent

141 5214 279 5284 jam
309 5208 460 5265 scire
490 5206 652 5278 ipsos
679 5205 822 5277 quid
851 5206 1371 5276 contigisset.Ergo
1399 5206 1508 5261 sub
1533 5223 1807 5263 auroram

152 5299 353 5360 nostri
381 5313 585 5354 omnes
617 5295 800 5352 armis
823 5295 1101 5368 sumptis,
1135 5302 1514 5368 correptaque
1563 5297 1811 5369 quisque

149 5395 217 5450 in
277 5406 522 5446 manum
563 5387 748 5444 tincta
810 5387 935 5443 oleo
1012 5404 1174 5443 sacro
1237 5388 1524 5457 chartula,
1567 5390 1812 5460 trajecto

147 5497 337 5541 amne
380 5480 439 5534 in
466 5478 735 5534 turbatos
766 5477 929 5533 clade
981 5477 1149 5532 ducis
1203 5477 1403 5534 hostes
1462 5482 1667 5534 ruunt.
1738 5476 1807 5532 Hi

147 5573 366 5630 statim
421 5571 752 5625 funduntur
797 5569 1218 5641 fuganturque,
1278 5569 1481 5641 paucis
1564 5569 1664 5641 qui
1741 5586 1808 5624 os

141 5665 532 5722 obverterent
581 5658 884 5732 spectandi
943 5659 1137 5732 potius
1205 5661 1543 5716 curiositate
1625 5675 1806 5732 quam

1922 4677 2052 4732 aliis
2084 4676 2227 4731 alios
2261 4673 2523 4743 aliosque
2554 4669 2845 4734 similiter,
2879 4664 3075 4721 statim
3114 4660 3213 4716 ubi
3265 4657 3565 4728 corripue-

1921 4771 2071 4832 rant,
2097 4766 2309 4820 intuta
2338 4761 2608 4820 custodia
2633 4755 2984 4824 locantibus,
3018 4769 3083 4808 eo
3115 4751 3173 4805 in
3208 4749 3300 4804 his
3361 4747 3566 4801 discri-

1923 4859 2080 4914 mine
2112 4857 2362 4918 servato,
2394 4856 2458 4907 ut
2487 4850 2695 4922 vulgus
2727 4846 2958 4918 quidem
2993 4847 3051 4898 et
3080 4838 3328 4912 gregarii
3390 4853 3562 4891 neca-

1922 4951 2145 5010 rentur,
2178 4941 2606 5014 insignioribus
2631 4942 2688 4994 et
2716 4933 3013 5008 primariis
3061 4927 3390 4986 reservatis.
3455 4927 3566 4981 Per

1923 5036 2082 5092 hunc
2113 5033 2435 5090 tumultum
2466 5030 2566 5101 qui
2597 5028 2825 5083 tandem
2861 5040 2892 5079 e
2948 5020 3171 5077 Latinis
3231 5019 3303 5075 ad
3360 5014 3563 5071 Boosis

1924 5125 2083 5197 ripas
2115 5121 2414 5195 pervenire
2449 5120 2786 5191 potuerunt,
2808 5129 2870 5169 se
2907 5111 3166 5168 volentes
3224 5109 3285 5163 in
3343 5106 3562 5161 ﬂumen

1922 5191 2386 5285 praecipitabant,
2420 5210 2669 5262 mortem
2713 5204 3103 5274 praeoptantes
3160 5191 3563 5269 ignominiosa)

1923 5284 2033 5357 sub
2055 5299 2336 5356 Romanis
2364 5293 2896 5367 captivitati.Fuere
2927 5294 3120 5344 tamen
3151 5284 3363 5356 quibus
3394 5297 3565 5335 cona-

1920 5395 2017 5446 tus
2047 5384 2453 5445 transnatandi
2485 5379 2916 5440 succederet.ili
2951 5373 3222 5450 perpauci
3247 5367 3564 5442 eplurimis

1918 5475 1977 5535 in
2011 5478 2363 5535 Caninarum
2387 5475 2622 5531 tandem
2656 5487 2849 5527 arcem
2877 5472 3072 5523 tutum
3102 5480 3171 5520 ex
3199 5461 3384 5518 eﬂ'usa
3422 5458 3562 5528 fuga

1918 5573 2216 5640 receptum
2248 5567 2602 5630 habuerunt,
2624 5561 2790 5629 nudi,
2811 5560 3088 5625 inermes,
3109 5557 3209 5629 qui
3239 5553 3412 5629 paulo
3426 5558 3562 5613 ante

1919 5658 2168 5714 fastuosi
2201 5656 2561 5728 ac_'n:inaces
2589 5647 3034 5709 universumOri
