3912 6192
364 302 474 360 979

1673 293 1974 349 GEORGII
2013 299 2248 352 PACHY
2256 300 2474 353 MERE

3607 303 3692 358 980

367 449 476 492 τες,
506 425 704 501 γυμνοί
743 443 801 476 τε
856 421 944 475 καὶ
1006 417 1207 474 ἄοπλοι
1265 418 1353 472 καὶ
1384 415 1538 486 πεζοὶ
1577 417 1628 472 οἱ
1677 415 1784 491 πρό
1830 421 2026 490 μικροῦ
2057 423 2109 489 Α
2141 417 2438 494 στοιχηδὸν
2475 418 2867 491 διεληλακότας
2923 423 3276 492 κατανοήσας
3325 424 3526 496 σώματα
3549 427 3704 499 στυγνὰ

381 515 664 574 σοϐοῦντες
695 513 784 566 καὶ
826 512 899 573 ὡς
951 511 1166 565 νοσσιὰν
1225 509 1324 577 τήν
1374 505 1656 581 Ῥωμαλιδα
1704 504 2028 563 καταλαϐεῖν

378 607 494 660 κατ’
523 602 792 674 ἐλπισμὸν
828 599 1072 675 ἔχοντες.

608 707 718 784 λγ’.
753 703 1033 784 Θρίαμϐος
1065 705 1538 784 τών-ἑαλωκότων
1569 707 1705 760 κατὰ
1727 707 1792 759 τὰ

1019 777 1398 854 Βελλάγραδα.

442 872 528 944 [Ρ.
575 869 702 940 351]
757 868 946 939 Ἄξιον
1001 865 1058 923 δὲ
1107 865 1248 940 μηδὲ
1297 867 1497 922 ἐκεῖνον
1523 866 1614 919 τὸν
1648 859 1912 938 θρίαμϐον
1944 863 2036 917 τὸν

382 961 434 1014 ἐν
488 964 556 1032 τῇ
623 956 783 1013 πόλει
849 957 1113 1033 γεγονότα
1179 953 1552 1032 παραδραμεῖν
1592 999 1603 1010 .
1655 951 1877 1022 Ἐπειδὴ
1931 953 2032 1028 γάρ

373 1049 510 1103 κατά
566 1047 764 1122 κράτος
825 1046 1016 1100 ἐνίκων
1079 1046 1130 1099 οἱ
1197 1044 1503 1120 βασιλέως,
1563 1041 1777 1115 μᾶλλον
1835 1039 1891 1095 δὲ
1944 1040 2035 1095 καὶ

375 1137 683 1194 ἀκονιτὶτά
714 1137 996 1207 Θαυμαστὰ
1040 1135 1175 1189 κατά
1230 1138 1338 1188 τῶν
1397 1131 1671 1201 ἀλαζόνων
1700 1132 2036 1205 κατώρθουν,

376 1227 504 1288 τοὺς
539 1226 630 1298 μὲν
681 1226 943 1286 πεσόντας
1007 1223 1317 1290 ἐσκυλευον,
1387 1221 1626 1277 πλοῦτον
1685 1218 2036 1294 συλλέγοντες

380 1314 566 1370 ὅπλων
600 1335 657 1369 τε
685 1313 775 1367 καὶ
805 1309 1116 1384 ἐνδυμάτων
1154 1310 1242 1366 καί
1266 1312 1451 1364 ἳππων
1503 1309 1592 1364 καὶ
1646 1312 1847 1363 σκευῶν
1896 1329 2033 1362 παν-

379 1403 545 1458 τοίων
606 1402 1012 1474 ἐξησκημένων,
1043 1400 1172 1462 τοὺς
1233 1397 1289 1454 δέ
1347 1421 1408 1473 γε
1475 1402 1676 1467 ζῶντας
1729 1395 1923 1458 αὐτοὺς
1979 1417 2036 1450 τε

383 1493 472 1546 καὶ
517 1493 725 1552 ’ἰπποιις
788 1491 962 1545 αὐτῶν
1013 1490 1575 1564 ἐπισυναϐροίσαντες,
1623 1488 1710 1542 καὶ
1761 1486 1886 1548 τοὺς
1942 1486 2033 1559 μὲν

385 1578 572 1642 πέδαις
631 1579 889 1654 ἀφύκτοις
951 1578 1341 1652 δεσμήσαντες,
1397 1577 1523 1639 τοὺς
1582 1575 1629 1630 δ’
1695 1576 1900 1637 ἀνέντες
1960 1574 2036 1636 εἷς

387 1669 694 1744 ὐποξόγια,
756 1672 905 1744 σφίσι
963 1672 1060 1738 τὴν
1133 1669 1382 1742 στρατιὰν
1461 1663 1820 1727 ἀναλαϐόντες
1890 1662 2038 1738 (οὐδὲ

385 1760 488 1836 γάρ
522 1759 669 1835 εἶχον
724 1758 961 1822 ἐντεῦθεν
1022 1756 1250 1813 δεδιέναι
1307 1762 1636 1832 πανστρατιᾷ
1693 1754 2038 1827 ἑαλωκότων)

389 1849 442 1910 ἐς
507 1848 731 1922 βασιλέα
792 1849 926 1921 μετά
971 1870 1032 1924 γε
1061 1848 1336 1924 τροπαίων
1398 1848 1666 1921 λαμπρῶν
1729 1844 2042 1920 ἀνεζεύγνυ-

392 1957 505 2003 σαν,
540 1937 632 2000 θέα
661 1933 833 1999 ὅντως
879 1936 1285 2015 φιλορωμαίοις
1335 1937 1772 2009 πανοαόμαστος.
1822 1935 1882 1990 Ὁ
1912 1938 2039 2009 γοῦν

395 2025 654 2100 βασιλεὺσ
685 2024 970 2100 δεξάμενος
1008 2028 1104 2100 μὶν
1145 2026 1271 2090 τοὺς
1319 2023 1511 2088 ἰδίους.
1549 2023 1735 2098 μαθὼν
1788 2021 1830 2078 δ’
1860 2022 1912 2085 ἐς
1940 2025 2040 2077 τά-

387 2109 573 2191 κριϐὲς
621 2115 688 2170 τὰ
743 2115 1102 2192 πραχθέντα,
1163 2111 1240 2170 ἔτι
1328 2112 1385 2170 δὲ
1461 2113 1551 2169 καὶ
1619 2112 1750 2169 ἰδὼν
1817 2109 2040 2167 ἕκαστον

389 2203 574 2266 αὐτοῖς
631 2204 824 2267 ’ἱπποις
879 2226 938 2260 τε
983 2205 1070 2259 καὶ
1107 2209 1346 2271 σκευαῖς,
1405 2208 1527 2258 τοῖσ
1582 2203 1678 2276 μὲν
1734 2199 2040 2271 κατεσκλη-

386 2294 507 2348 κόσι
535 2293 624 2348 καὶ
677 2294 866 2368 μόνοις
897 2292 1106 2358 ὀστέοις
1137 2295 1226 2348 καὶ
1278 2291 1505 2366 δέρμασι
1564 2293 1665 2360 τήν
1725 2290 1895 2346 πάλαι
1929 2287 2036 2344 δει-

386 2381 634 2436 κνῦουσιν
671 2381 988 2454 εὐκληρίαν,
1020 2388 1141 2444 ταῖς
1189 2380 1246 2436 δὲ
1296 2380 1675 2457 διερῥωγυίαις
1726 2380 1826 2435 οὐκ
1857 2379 2042 2440 αὐταῖς

386 2471 522 2531 ’ἰσως
552 2472 633 2533 αἶς
663 2472 752 2526 καὶ
802 2473 997 2546 πρώην
1058 2472 1330 2546 ἐχρῶντο,
1364 2470 1512 2526 ἀλλὰ
1575 2477 1692 2532 ταῖς
1747 2468 2044 2544 τυχούσαις

391 2557 480 2610 καὶ
514 2559 598 2620 αἷς
627 2556 686 2613 ἂν
721 2557 960 2623 ἐκείνους
1011 2557 1362 2633 ἐπολυώρουν
1410 2560 1462 2613 οἱ
1516 2558 1812 2630 ἐλεοῦντες,
1861 2557 1950 2611 καί
1983 2576 2047 2631 γε

399 2789 462 2832 se
483 2781 762 2847 tanquam
788 2775 1148 2833 avieularum
1169 2775 1378 2831 nidum
1405 2772 1780 2847 implumium
1804 2772 2048 2845 impune

403 2870 700 2937 rapturos,
734 2865 1036 2922 ablaturos
1067 2864 1412 2936 ludibunde,
1439 2866 1832 2934 speraverant.

522 2991 526 2996 ’
577 3010 666 3065 33.
705 3009 1036 3082 Triumphus
1064 3018 1346 3081 captorum
1377 3008 1450 3064 ad
1482 3007 1832 3077 Bellagrada.

472 3135 728 3208 Dignum
760 3151 932 3206 porro
967 3135 1141 3190 fuerit
1171 3150 1277 3190 nec
1299 3133 1465 3189 illum
1497 3131 1864 3203 triumphum
1901 3145 2045 3202 pra-

401 3228 596 3294 terire,
629 3227 728 3298 qui
762 3226 940 3298 hujus
971 3225 1361 3297 gratulatione
1381 3241 1691 3280 successus
1722 3222 2047 3278 celebratus

401 3313 461 3368 in
493 3315 635 3368 urbe
659 3319 769 3368 est.
791 3315 1109 3384 Postquam
1131 3313 1285 3368 enim
1321 3313 1728 3384 plenissimam
1752 3311 1906 3367 516
1935 3312 2050 3365 C33-

404 3403 554 3458 sarei
587 3402 887 3456 victoriam
925 3406 1322 3473 reportarunt,
1357 3405 1456 3456 aut
1505 3401 1702 3472 potius
1761 3399 1927 3455 facile
1985 3416 2050 3453 ac

406 3492 533 3545 sine
565 3490 800 3562 pulvere
830 3495 948 3544 tam
985 3489 1134 3545 mira
1178 3491 1233 3543 in
1293 3490 1810 3562 arrogantissimos
1861 3489 2048 3558 jacta-

412 3583 566 3633 tores
596 3582 930 3649 gesserunt,
956 3582 1220 3634 mortuos
1250 3578 1488 3648 quidem
1524 3577 1872 3649 spoliarunt,
1896 3577 2050 3632 unde

419 3665 654 3722 divitias
689 3671 1111 3738 congesserunt
1139 3665 1423 3737 plurimas
1455 3683 1519 3721 ex
1554 3665 2048 3733 armis,vestibus,

418 3755 770 3827 equis,vasis
801 3754 1115 3810 elaboratis
1145 3754 1338 3810 omnis
1380 3755 1648 3827 generis;
1703 3754 2048 3826 superstites

408 3849 603 3897 autem
637 3848 693 3899 et
715 3859 896 3914 equos
930 3841 1191 3914 ipsorum
1240 3847 1694 3915 congregantes:
1729 3842 1860 3898 illos
1891 3858 2049 3897 com-

406 3932 652 4004 pedibus
684 3933 910 3988 vinctos
939 3929 1169 3997 validis,
1205 3930 1311 3987 hos
1334 3931 1555 3987 solutos
1587 3937 1644 3987 et
1690 3933 1928 3987 abactos
1960 3931 2047 3986 in-

405 4025 805 4094 terjumenta,
838 4020 1036 4094 copias
1067 4037 1269 4076 secum
1295 4021 1602 4076 universas
1660 4038 1807 4093 quas
1864 4022 2047 4077 duxe-

403 4119 534 4167 rant
565 4113 1014 4183 resumpserunt
1044 4111 1067 4179 (
1099 4125 1288 4181 neque
1319 4109 1476 4166 enim
1511 4115 1634 4165 erat
1679 4126 1785 4165 cur
1837 4109 1916 4164 ibi
1975 4109 2046 4164 ad

403 4200 742 4271 prmsidium
772 4197 977 4254 limitis
1011 4214 1145 4269 pars
1178 4215 1382 4254 earum
1430 4198 1548 4254 ulla
1597 4198 2045 4270 relinqueretur,

407 4288 630 4358 ubique
686 4286 954 4342 hostibus
1013 4277 1184 4355 plane
1242 4286 1472 4357 deletis)
1558 4292 1614 4342 et
1698 4288 1886 4342 redire
1971 4285 2043 4339 ad

403 4375 814 4449 imperatorem
865 4373 1272 4440 instituerunt,
1319 4374 1643 4446 splendidis
1696 4375 1814 4430 illic
1883 4375 2044 4446 prius

401 4463 634 4535 tropaeis
675 4462 899 4534 positis.
967 4461 1370 4532 Spectaculum
1427 4463 1511 4517 sic
1559 4467 1764 4518 euntes
1823 4463 2044 4535 passim

403 4552 741 4623 praebebant
773 4551 1018 4606 mirifice
1041 4552 1378 4620 jucundum
1424 4551 1570 4606 bene
1638 4552 1858 4607 affectis
1910 4567 2048 4623 erga

415 4657 506 4695 res
530 4641 847 4696 Romanas.
882 4640 1203 4710 Imperator
1224 4639 1321 4695 ubi
1353 4657 1472 4710 qua
1513 4657 1616 4712 par
1671 4646 1794 4696 erat
1849 4641 2046 4710 gratiae

409 4730 836 4801 significatione
867 4744 1006 4784 suos
1037 4728 1281 4800 excepit,
1317 4727 1416 4784 ubi
1451 4745 1571 4784 rem
1609 4735 1673 4784 ut
1709 4735 1873 4802 gesta
1926 4736 2050 4787 erat

407 4836 438 4874 θ
491 4819 794 4892 sigillatim
847 4824 903 4874 et
951 4822 1148 4873 exacte
1205 4819 1582 4875 narrantibus
1644 4821 1886 4888 audivit,
1947 4821 2047 4876 ubi

405 4909 583 4964 etiam
612 4908 791 4964 otiose
845 4905 1101 4976 inspexit
1148 4923 1628 4979 unumquemque
1686 4910 2046 4981 captivorum

405 5014 540 5053 cum
574 4998 742 5068 equis
775 5000 831 5052 et
860 4993 1096 5060 vestitu,
1130 4995 1298 5064 equis
1325 4997 1590 5064 strigosis
1647 5002 1701 5052 et
1759 4999 2047 5068 exsuccis,

406 5092 604 5141 tamen
631 5087 688 5140 in
712 5084 810 5140 illa
843 5083 1028 5139 macie
1060 5081 1207 5137 nihil
1239 5089 1448 5154 praeter
1469 5084 1676 5155 pellem
1734 5088 2047 5143 obductam

406 5175 641 5230 ossibus
674 5172 1033 5229 trahentium
1058 5170 1225 5242 signa
1249 5188 1362 5226 non
1395 5172 1644 5229 obscura
1667 5177 2049 5232 monstranti-

407 5267 520 5323 bus
553 5267 784 5340 pristini
806 5261 1046 5336 vigoris,
1080 5261 1295 5317 vestitu
1330 5263 1585 5320 obsoleto
1616 5267 1901 5334 etlacero,
1932 5285 2047 5324 non

406 5371 472 5411 eo
504 5356 770 5412 videlicet
799 5369 913 5427 quo
946 5349 1110 5424 prius
1143 5349 1314 5406 domo
1346 5350 1519 5407 allato
1552 5353 1641 5408 usi
1677 5354 1925 5426 fuerant,
1948 5357 2048 5412 sed

407 5461 476 5502 ex
509 5448 652 5503 forte
685 5443 869 5501 obviis
901 5437 1267 5497 centunculis
1289 5441 1360 5496 ad
1396 5442 1789 5497 necessarium
1819 5448 2049 5516 tegmen

409 5538 793 5610 spoliatorum
825 5545 1135 5606 corporum
1167 5530 1426 5603 precario
1456 5529 1636 5590 ascito
1659 5537 1760 5588 aut
1788 5537 2051 5606 spectan-

410 5629 558 5685 tium
584 5622 985 5686 misericordia
1014 5635 1291 5680 eoncesso
1327 5662 1342 5693 ,
1369 5621 1497 5695 hos,
1529 5621 1808 5696 inquam,
1831 5624 1889 5680 in
1910 5623 2049 5697 [lon-

2142 507 2236 579 μὲν
2264 512 2342 578 τῷ
2372 509 2495 562 τότε
2519 509 2607 562 καὶ
2638 511 2726 563 οἶα
2766 507 2906 581 μηδέ
2955 510 3161 582 σώματ’
3209 508 3267 564 ἂν
3315 531 3393 571 τις
3424 510 3567 581 εἶπεν,
3593 512 3704 568 ἀλλὰ

2140 597 2292 658 σκιὰς
2335 601 2442 650 τῶν
2490 596 2660 652 πάλαι
2707 600 3022 673 γιγάντων,
3068 600 3235 672 ψυχὰς
3278 597 3331 653 δὲ
3365 604 3436 672 τῷ
3483 601 3560 672 μὲν
3604 605 3707 657 κατᾶ

2143 691 2276 758 σφᾶς
2310 689 2468 748 πάθει
2511 687 2600 739 καὶ
2660 685 2779 742 λίαν
2839 689 3244 762 καμπτομένας,
3272 692 3338 761 τῇ
3369 685 3420 742 δὲ
3460 693 3550 742 τῶν
3578 711 3706 765 προσ-

2145 773 2310 826 ώπων
2365 774 2510 828 τάσει
2568 776 2658 829 καὶ
2711 781 2790 848 τῷ
2849 781 2946 832 τοῦ
2996 779 3340 854 φρονήματος
3387 774 3601 852 ἔμϐριῦεῖ
3634 783 3706 848 τήν

2144 861 2316 916 πάλαι
2378 860 2652 932 δηλούσας
2715 863 3019 940 ἐλευθερίαν
3056 911 3070 936 ,
3145 866 3445 942 ἐπεκάμφθη
3503 866 3580 939 μὶν
3625 873 3710 929 τοῖς

2145 952 2262 1005 κατ’
2325 953 2605 1024 ἄνθρωπον
2668 955 3073 1027 συναντήμασι,
3129 961 3315 1030 χεῖρας
3360 952 3403 1009 δ’
3447 955 3566 1030 αἳρει
3612 957 3714 1031 πρὸς

2146 1040 2238 1093 τὸν
2273 1040 2400 1094 Θεὸν
2434 1040 2523 1094 καὶ
2565 1041 2835 1117 ὁμοΛογεῖ
2870 1045 2970 1112 τὴν
2999 1044 3160 1118 χάριν
3212 1048 3384 1117 τρανῷ
3419 1047 3491 1116 τῷ
3518 1043 3712 1116 στόματι,

2143 1128 2234 1182 καί
2293 1150 2352 1202 γε
2397 1129 2568 1192 θέλων
2630 1131 2938 1208 ἀνάγραπτα
2997 1135 3163 1188 θεῖναι
3216 1130 3516 1209 προστάσσει
3565 1135 3714 1210 γράφει

2146 1229 2266 1281 σθαι
2307 1225 2424 1280 τοῖς
2455 1220 2563 1273 τῶν
2599 1219 2906 1295 ἀνακτόρων
2939 1222 3285 1297 τοιχίσμασι,
3313 1221 3449 1291 πλὴν
3494 1222 3576 1277 οὐκ
3615 1224 3716 1276 αὐτᾶ

2144 1309 2232 1362 καὶ
2271 1304 2427 1381 μόνα,
2461 1308 2588 1365 ἀλλ’
2619 1308 2654 1365 ἄ
2681 1309 2746 1379 δὴ
2778 1312 2868 1366 καὶ
2891 1312 3133 1388 ἀρχῆθεν
3165 1318 3296 1369 Θεοῦ
3326 1314 3522 1388 γέγονεν
3551 1311 3718 1366 ἐλεοῦν-

2143 1419 2258 1465 τος,
2306 1395 2399 1451 κὸὶν
2463 1397 2640 1454 ἐκεῖνα
2699 1401 2794 1472 μὲν
2850 1402 2939 1456 καὶ
2985 1401 3136 1465 αὖθις
3167 1402 3216 1456 ἐν
3251 1403 3716 1477 προστώοιςγεγρὰ-

2147 1507 2302 1562 φατο,
2345 1487 2408 1541 τά
2462 1485 2509 1542 δ’
2561 1488 2659 1543 οὐκ
2713 1487 2905 1567 ἔφθασε
2960 1491 3277 1560 τελεσθῆναι
3335 1490 3618 1550 ἐπελθόντος
3660 1497 3718 1562 τῷ

2150 1574 2368 1650 βασιλεῖ
2393 1581 2489 1630 τοῦ
2523 1579 2768 1635 Θανάτου.
2821 1579 3093 1642 Ἐκείνους
3126 1579 3206 1651 δὲ,
3234 1583 3331 1650 τήν
3374 1585 3464 1636 τοῦ
3507 1585 3619 1635 Θεοῦ
3643 1582 3718 1654 χά·

2149 1684 2228 1740 ριν
2261 1662 2527 1720 δεικνύναι
2561 1665 2733 1730 θέλων
2791 1667 2877 1722 ἐπὶ
2926 1670 3165 1735 πάντων,
3199 1670 3296 1725 οὐκ
3349 1669 3499 1731 ctuti):
3541 1666 3722 1743 μεγαλι-

2078 1792 2120 1855 Β
2151 1753 2379 1825 ζόμενος
2409 1760 2525 1816 τοῖς
2557 1757 2771 1828 πρώϊζα
2808 1757 3138 1822 τελεσθεῖσιν
3202 1761 3290 1814 οἷά
3323 1780 3402 1820 τις
3425 1756 3722 1834 ἀπειρόκαλος

2151 1841 2241 1895 καὶ
2273 1843 2639 1919 μικρόψυχος,
2674 1843 2818 1902 ἀλλά
2853 1846 3064 1919 μᾶλλον
3098 1849 3228 1903 Θεὺν
3273 1849 3365 1922 μὶν
3411 1845 3554 1910 εἰδὼς
3595 1843 3723 1901 αἴτιον

2154 1931 2279 1985 Θεὸν
2311 1929 2367 1986 δὲ
2398 1933 2487 1987 καὶ
2539 1934 2863 2008 μεγαλύνειν
2907 1937 3266 2011 προθέμενος,
3311 1932 3556 2013 θρίαμϐον
3600 1955 3728 2010 προσ-

2150 2019 2336 2075 τάσσει
2386 2029 2730 2098 καταγαγεῖν.
2793 2026 2852 2082 Ὁ
2912 2023 2958 2079 δ’
3014 2027 3104 2096 ἦν,
3157 2028 3344 2081 ἳστατο
3398 2028 3610 2099 [Ρ.352]
3659 2023 3726 2096 μὶν

2153 2110 2353 2164 ἄνωθεν
2394 2110 2442 2181 ἐξ
2476 2112 2722 2168 ἀπόπτου
2754 2115 2782 2168 ὁ
2817 2114 3072 2188 βασιλεὺς
3104 2115 3154 2171 ἐν
3189 2122 3310 2180 τοῖς
3338 2115 3623 2185 ἀνακτόροις
3654 2118 3731 2168 τῶν

2155 2199 2520 2274 Βλαχερνῶν,
2563 2203 2698 2278 πρὸς
2757 2204 2891 2259 κατά
2948 2205 3221 2268 θάλασσαν
3283 2203 3488 2261 δυτικὸν
3540 2202 3730 2279 ἀφὸρῶν,

2154 2289 2250 2366 ἐφ”
2281 2289 2325 2360 ᾦ
2377 2290 2489 2363 ἅμα
2531 2292 2623 2363 μὲν
2675 2298 2866 2366 θεῷτο,
2926 2292 3039 2368 ἅμα
3087 2293 3135 2350 δ’
3179 2295 3496 2357 εὐσύνοπτος
3537 2292 3608 2363 εἴη
3647 2298 3732 2352 τοῖς

2155 2378 2473 2450 θεωμένοις.
2530 2381 2767 2455 Ἤγοντο
2825 2381 3120 2459 στοιχηδὸν
3183 2385 3383 2441 ἐκεῖνοι
3427 2379 3731 2450 καθ’ἓνα,ὡς

2155 2463 2555 2540 εἶχεν,ἓκαστος
2597 2469 2678 2547 ἐφ’
2722 2472 2920 2545 ἳππον,
2949 2473 3085 2528 κατὰ
3141 2475 3338 2549 θάτερα
3390 2478 3492 2529 τῶν
3540 2469 3734 2546 πλευρῶν

2154 2556 2290 2625 καθή
2305 2577 2479 2628 μενος.
2511 2556 2753 2615 Ἐδίδοτο
2786 2559 2832 2616 δ’
2864 2562 3072 2636 ἑκάστῳ
3124 2568 3344 2640 κρατεῖν
3393 2563 3477 2617 καὶ
3498 2560 3656 2616 κοντὸν
3692 2557 3734 2611 ἐκ

2157 2787 2291 2843 gam
2329 2774 2590 2847 digestos
2622 2779 2832 2834 seriem
2867 2779 3427 2854 intuensAugustus
3455 2783 3641 2836 attente
3657 2774 3742 2832 sin-

2159 2860 2351 2932 gulos,
2391 2881 2634 2937 corpora
2664 2867 3010 2924 observabat
3041 2869 3342 2940 squallida
3365 2868 3462 2925 illa
3488 2873 3610 2924 tunc
3645 2868 3741 2937 quis

2161 2951 2288 3005 dem
2324 2951 2658 3026 luridaque,
2692 2957 2792 3012 sed
2837 2973 2962 3028 quae
3019 2975 3136 3013 non
3199 2964 3323 3014 tam
3381 2974 3599 3030 corpora
3640 2954 3739 3026 quis

2160 3039 2381 3097 diceret
2411 3060 2586 3114 quam
2621 3045 2861 3102 umbras
2896 3052 3150 3102 veterum
3191 3048 3740 3120 gigantum;quorum

2161 3129 2368 3185 animae
2400 3135 2622 3204 tamen,
2654 3151 2794 3190 casu
2828 3134 2964 3191 licet
2995 3153 3062 3192 ac
3087 3137 3266 3192 malis
3287 3137 3494 3204 fractae,
3521 3135 3739 3207 quadam.

2160 3221 2596 3291 exporreetione
2629 3224 2908 3280 facierum
2941 3229 2998 3280 et
3053 3226 3355 3284 eminente
3410 3227 3465 3282 in
3497 3226 3654 3282 fronte
3695 3235 3740 3275 ac

2159 3310 2494 3380 superciliis
2517 3314 2764 3369 audacia
2793 3319 3045 3370 veterem
3073 3315 3410 3373 libertatem
3459 3333 3563 3388 pra;
3586 3329 3635 3368 se
3665 3311 3740 3365 ad-

2161 3396 2276 3452 huc
2307 3399 2542 3470 ferrent,
2571 3407 2764 3458 motus
2799 3402 3010 3459 intima
3068 3409 3162 3460 est
3221 3405 3583 3461 miseratione
3628 3399 3734 3458 5H

2159 3485 2553 3544 humanorum
2585 3507 2855 3558 casuum,
2891 3509 3104 3548 manus
3137 3499 3339 3550 autem
3371 3496 3438 3551 ad
3462 3499 3617 3550 Deum
3645 3504 3740 3545 sus-

2159 3573 2318 3642 tulit,
2354 3579 2510 3633 clara
2540 3596 2677 3635 voce
2707 3581 2929 3653 gratias
2959 3583 3012 3636 ei
3044 3582 3342 3652 referens;
3377 3589 3434 3639 et
3484 3579 3633 3655 quasi
3673 3591 3738 3631 vo-

2159 3662 2293 3720 tivis
2324 3667 2524 3722 volens
2554 3669 2774 3725 tabulis
2803 3669 3232 3741 gratitudinem
3289 3672 3438 3728 hanc
3493 3687 3635 3726 suam
3671 3682 3736 3720 ex-

2159 3758 2312 3809 stare
2347 3755 2403 3810 in
2439 3762 2745 3828 posterum
2778 3764 3075 3828 testatam,
3110 3762 3388 3833 praecepit
3415 3760 3562 3833 pingi
3610 3769 3740 3827 super

2159 3843 2408 3913 parietes
2441 3847 2640 3916 palatii
2672 3851 2853 3904 totam
2913 3848 3092 3920 hujus
3150 3851 3406 3907 victoriae
3458 3867 3520 3906 ac
3569 3859 3740 3921 pom?8

2158 3930 2536 4004 triumphalis
2570 3936 2805 4006 seriem,
2840 3954 2955 3992 non
3005 3937 3114 3993 hoc
3173 3944 3376 3995 autem
3431 3939 3622 4003 solum,
3667 3931 3738 3988 sed

2157 4024 2214 4074 et
2274 4021 2418 4078 alios
2487 4030 2766 4095 prmterea
2826 4043 3141 4097 prosperos
3197 4045 3526 4094 successus,
3578 4023 3743 4096 quibus

2160 4113 2330 4166 antea
2359 4127 2590 4185 quoque
2621 4131 2797 4170 suum
2831 4115 2984 4171 Deus
3017 4115 3342 4188 imperium
3379 4120 3628 4190 dignatus
3649 4113 3740 4165 erat

2159 4196 2478 4257 fortunare.
2513 4203 2918 4276 Continuoque
2950 4204 3299 4262 inchoatum
3333 4207 3390 4262 id
3423 4222 3562 4279 opus
3588 4210 3656 4258 est
3698 4197 3741 4252 in

2155 4289 2445 4345 vestibulo
2479 4293 2807 4362 porticuum
2843 4294 3053 4365 regias:
3087 4295 3188 4350 sed
3219 4296 3462 4367 perduci
3491 4295 3556 4350 ad
3589 4292 3740 4350 finem.

2153 4380 2208 4432 et
2235 4375 2414 4448 hujus
2448 4380 2664 4435 ultimis
2683 4382 3059 4453 adjunctione
3088 4384 3348 4440 victoriae
3379 4379 3632 4456 compleri
3651 4392 3743 4434 mo-

2156 4471 2505 4523 numentum
2540 4469 2598 4524 id
2629 4486 2742 4525 non
2774 4472 2964 4542 potuit
2994 4477 3127 4528 ante
3161 4478 3414 4530 mortem
3472 4473 3627 4541 hujus
3673 4467 3746 4520 im-

2078 4539 2123 4604 Ῑ)
2156 4558 2441 4624 peratoris
2474 4539 2798 4625 Michaelis,
2832 4577 2958 4631 quae
2992 4561 3166 4632 paulo
3190 4569 3330 4633 post
3353 4539 3744 4634 contigit.Porro

2157 4645 2301 4699 istos
2333 4650 2472 4701 tunc
2503 4647 2760 4719 captivos
2791 4653 3084 4706 ostentare
3117 4667 3220 4720 per
3253 4653 3454 4708 urbem
3503 4645 3745 4718 triumpho

2156 4734 2459 4790 traductos
2489 4735 2692 4801 voluit,
2719 4755 2833 4792 non
2865 4737 2964 4792 ille
2999 4738 3238 4810 quidem
3291 4737 3613 4811 jactationis
3657 4747 3744 4789 sure

2158 4838 2361 4894 causa,
2395 4826 2562 4897 quasi
2594 4825 2707 4882 sibi
2737 4825 2972 4882 laudem
3005 4827 3332 4899 glorianter
3362 4830 3638 4886 ascribens
3687 4823 3744 4875 τί-

2159 4913 2352 4968 ctoriaa
2412 4913 2584 4971 istius
2645 4932 2834 4988 nuper
2889 4922 3086 4988 partae,
3139 4917 3196 4973 id
3259 4920 3417 4990 quod
3491 4915 3749 4972 insolenter

2159 5002 2291 5058 vani
2324 5003 2642 5076 pusillique
2673 5005 2854 5060 animi
2886 5011 3022 5061 nota
3054 5023 3168 5062 non
3189 5014 3436 5076 careret,
3459 5007 3550 5062 sed
3581 5021 3637 5061 co
3654 5007 3750 5058 stu-

2159 5089 2253 5147 dio
2288 5095 2354 5147 ut
2385 5096 2442 5147 et
2472 5091 2587 5148 Deo
2619 5093 2742 5162 ipse
2772 5098 2968 5164 grates
3025 5094 3257 5150 debitas
3308 5097 3670 5166 proﬁteretur,
3708 5093 3748 5142 et

2159 5186 2400 5238 cunctos
2433 5182 2704 5238 invitaret
2725 5184 2797 5238 ad
2831 5182 3331 5240 divinumNumen
3355 5186 3427 5240 ob
3460 5182 3745 5257 praclarum

2160 5271 2330 5328 nobis
2362 5271 2656 5327 indultum
2721 5271 3070 5328 beneﬁcium
3131 5273 3518 5330 laudandum.
3572 5276 3746 5338 Pompa

2159 5359 2342 5430 igitur
2372 5361 2500 5432 ipsa
2535 5363 2591 5417 in
2624 5362 2780 5418 hunc
2814 5363 3053 5417 modum
3088 5364 3394 5434 processit.
3429 5362 3615 5420 Stabat
3664 5360 3747 5411 i122-

2160 5454 2394 5519 perator
2421 5451 2646 5506 excelso
2680 5451 2736 5506 in
2772 5450 2896 5508 loco
2930 5451 3127 5524 palatii
3152 5451 3594 5509 Blachernarum
3616 5449 3748 5520 juxta

2161 5554 2320 5594 mare
2353 5539 2410 5594 in
2463 5557 2737 5598 occasum
2796 5542 3062 5614 obverso,
3122 5545 3184 5599 ut
3240 5541 3416 5599 simul
3471 5532 3748 5614 spectaculo

2163 5625 2473 5699 frueretur,
2505 5628 2686 5691 simul
2716 5634 2874 5692 esset
2901 5629 3030 5708 ipe
3057 5629 3171 5689 late
3197 5631 3546 5706 conspicuus
3588 5621 3746 5686 multi-
