3978 6182
210 336 324 390 981

1299 349 1396 400 na
1433 349 1808 403 MICHAELE
1848 349 2291 405 PALJEOLOGO
2327 350 2459 403 LIB.
2503 331 2598 404 vi.

3528 349 3638 405 982

208 459 470 536 παπύρου
525 462 560 530 ἧ
618 482 766 524 τινος
793 461 969 519 ἄλλου
997 465 1223 535 εἰκαίου,
1259 469 1332 531 ὡς
1361 471 1620 545 τρόπαιον
1654 473 1866 534 πάντως
1898 478 1951 544 Α
1981 472 2070 527 καὶ
2100 469 2410 535 ἀλαπαδνὸς
2443 471 2527 526 ἐπ’
2576 472 3005 544 εύσωματοῦντι,
3053 472 3145 526 καὶ
3192 474 3634 540 καταπεπωκὼς

208 554 312 604 υοῦ
364 551 504 604 κατὰ
533 556 670 628 σφᾶς
700 551 1060 625 πταίσματος,
1119 556 1332 632 Ὀχλος
1380 556 1437 614 δὲ
1485 561 1611 636 παρ’
1643 562 1866 635 ἑκάτερα

206 639 471 700 πλεῖστος
497 637 710 713 ἵστατο,
744 643 795 696 οἱ
830 642 926 714 μὲν
955 643 1020 698 τὰ
1067 651 1166 714 τῆς
1214 648 1390 722 τύχης
1421 648 1860 724 έποικτιζόμενοι

203 728 300 782 καί
357 749 418 804 γε
449 727 730 792 ἐλεοῦντες
785 731 1002 796 εἰκαίως
1071 736 1369 811 ἀγομένους
1423 738 1550 802 τοὺς
1611 746 1863 815 μεγιστᾶ-

201 842 324 891 νας,
359 822 411 875 οἱ
443 819 502 876 δὲ
526 822 614 876 καὶ
666 822 1114 898 ἐπιμωκώμενοι,
1149 825 1448 893 δεικνύντες
1480 834 1591 887 οἷον
1626 833 1678 894 ἐς
1727 833 1859 887 ὁπό-

201 931 295 963 σον
357 911 509 987 φέρει
568 912 856 984 μετανοίας
886 917 919 983 ἡ
957 917 1206 990 ἀπόνοια,
1240 918 1274 988 ἢ
1323 923 1490 998 μικρὰ
1551 923 1644 995 μὲν
1670 923 1859 988 σαίνει,

202 999 418 1073 μεγάλα
469 996 528 1054 δὲ
572 1002 641 1055 τὰ
686 1003 827 1057 κακὰ
856 1003 1021 1081 φέρει.
1083 1007 1286 1064 ’Ἄλλοι
1342 1008 1398 1065 δὲ
1427 1013 1515 1066 καὶ
1578 1013 1857 1087 συρίττον-

195 1108 308 1156 τες,
343 1089 432 1142 οἷα
460 1093 556 1144 τοῦ
586 1089 859 1163 πλήθους,
891 1091 1211 1170 ἐχλεύαζον.
1246 1102 1434 1174 Τρυφὴ
1495 1099 1543 1155 δ’
1571 1103 1638 1171 ἦν
1672 1101 1855 1164 αὐτοῖς

195 1177 231 1245 ἠ
264 1181 376 1231 τῶν
423 1177 725 1252 ἀλωμένων
768 1184 990 1255 πομπὴ,
1055 1185 1142 1240 05'
1166 1185 1333 1242 τόπον
1395 1190 1455 1244 ἐκ
1481 1191 1658 1245 τόπου
1693 1214 1852 1265 μετα-

200 1261 581 1339 λαμϐάνουσιν
655 1271 728 1332 ὡς
806 1269 963 1341 δῆθεν
1028 1278 1477 1353 μεταφερομένων
1555 1281 1645 1335 καὶ
1699 1284 1852 1337 κενὸν

195 1361 350 1434 σφῶν
411 1358 1004 1437 ἀφιέννωντοῧπισθεν·
1063 1364 1193 1421 ἀλλ’
1245 1369 1271 1422 ὁ
1336 1371 1428 1442 μὲν
1488 1368 1676 1446 ἤγετο,
1737 1374 1764 1427 ὁ
1805 1369 1853 1427 δ’

191 1443 455 1520 ἐπήγετο,
506 1449 594 1502 καὶ
623 1452 833 1526 τρυφήν
863 1451 1110 1523 ἰκανὴνὸ
1158 1460 1377 1530 πρῶτος
1425 1464 1545 1521 τοῖς
1591 1460 1850 1536 φιλοθεά-

202 1556 333 1608 μοσι
367 1540 666 1614 παρασχὼν
697 1545 775 1612 τῷ
827 1541 978 1615 μόνῳ
1026 1551 1254 1622 φανῆναι
1299 1547 1449 1602 ἀπὼν
1493 1548 1590 1603 οὐκ
1636 1549 1846 1622 ἐλύπει,

200 1625 391 1699 ἑτέρου
464 1624 827 1703 διαεχομένου
879 1632 972 1686 τὸν
1027 1633 1194 1689 τόπον
1249 1637 1337 1691 καὶ
1397 1639 1494 1707 τῆν
1546 1641 1692 1710 τάξιν
1750 1647 1847 1697 τοῦ

189 1714 517 1788 τέρψαντος.
545 1717 776 1773 Μᾶλλον
813 1721 906 1793 μὲν
964 1719 1055 1777 οὖν
1098 1725 1187 1778 καὶ
1219 1725 1300 1779 ἀεὶ
1352 1725 1469 1781 νέον
1499 1727 1740 1793 ἐπιόντες
1769 1737 1847 1804 τῷ

186 1799 366 1868 ἄλλος
395 1804 486 1858 καὶ
519 1803 691 1868 ἄλλος
739 1808 1019 1882 φαίνεσθαι
1049 1814 1186 1867 κατά
1210 1815 1311 1883 τήν
1341 1815 1391 1869 ἐν
1419 1821 1498 1889 τῷ
1529 1817 1718 1893 κύκλῳ
1748 1843 1847 1876 κα-

179 1893 437 1964 τατομήν
496 1894 715 1970 ἔτερπον
764 1901 842 1969 τῷ
887 1905 1060 1974 καινῷ
1107 1900 1278 1958 πλέον
1333 1906 1460 1969 τοὺς
1518 1910 1842 1982 θεωμένους.

180 1982 288 2038 Ἤν
349 1978 396 2036 δ’
455 1983 558 2060 ἄρα
619 1987 692 2059 μῆ
758 1987 920 2060 μόνον
979 1989 1137 2061 ἀοιδὴ
1196 1996 1433 2064 νεωτάτη
1468 1978 1696 2071 ἐπίηρίος
1724 2007 1842 2064 τοῖς

176 2068 506 2142 ἀκούουσιν,
537 2071 684 2129 ἀλλά
738 2098 798 2151 γε
852 2077 942 2132 καὶ
992 2080 1085 2134 νὲα
1145 2081 1237 2146 θέα
1267 2083 1496 2156 ποικίλη
1527 2093 1642 2150 τοῖς
1673 2090 1838 2164 ὁρῶσι

170 2161 382 2236 τρυφή.
437 2161 716 2227 Ἀντίπαις
763 2167 864 2241 γὰρ
917 2166 1003 2222 ἐπὶ
1050 2168 1172 2243 νέῳ,
1227 2171 1315 2226 καὶ
1375 2174 1494 2238 νέος
1548 2175 1642 2232 ἐωὶ
1699 2161 1841 2257 παρ-

173 2243 443 2319 ηϐηκότι,
473 2252 562 2306 καί
588 2273 650 2328 γε
679 2257 885 2328 γυμνὸς
917 2256 998 2312 ἐπ’
1038 2257 1400 2336 ἐνδεδυμένῳ,
1430 2265 1520 2319 καὶ
1554 2243 1840 2348 ἀκαλυφῆς

169 2334 264 2390 ἐπὶ
317 2338 631 2415 καλύπτραν
677 2343 918 2420 φέροντι,
959 2346 1047 2401 καὶ
1078 2355 1360 2428 κατηφιῶν
1412 2351 1493 2408 ἐπ’
1545 2334 1833 2434 ἀγερώέῳ,

167 2734 344 2823 creti.
379 2735 543 2807 Equo
576 2739 828 2812 quisque
876 2747 1110 2819 proprio
1131 2750 1400 2823 vehebat,
1434 2771 1548 2809 non
1573 2754 1823 2812 libratus

162 2822 229 2876 in
265 2823 442 2881 dorso
474 2827 745 2885 cruribus
781 2831 916 2889 hinc
956 2835 1091 2893 inde
1133 2842 1543 2911 pendentibus,
1579 2845 1679 2900 sed
1730 2864 1822 2902 se-

161 2910 319 2965 dens
353 2914 530 2982 pedes
558 2921 838 2989 compede
868 2923 1092 2981 vinctos
1126 2910 1183 2982 in
1217 2929 1468 2987 alterum
1494 2910 1628 3004 equi
1667 2933 1823 2989 latus

166 2999 784 3064 demittebat.lnditus
814 3017 938 3067 erat
972 3017 1172 3072 manui
1203 3020 1492 3091 cujusque
1523 2999 1733 3078 contus
1755 3039 1824 3078 ex

163 3105 397 3178 papyro
429 3096 530 3147 aut
560 3093 657 3150 vili
690 3095 804 3152 alia
835 3103 1822 3178 materia,insignevidelicetoffen-

164 3177 362 3234 sionis
421 3181 559 3236 belli
591 3200 706 3255 qua
766 3191 1019 3247 erantin
1070 3177 1255 3251 istam,
1297 3199 1515 3254 redacti
1575 3206 1814 3258 sortem.

153 3267 363 3323 Turba
397 3271 848 3360 constipabatur
877 3280 1156 3354 utrinque
1181 3286 1384 3357 densa,
1421 3291 1814 3360 quorumdam

157 3356 579 3416 miserantium
623 3363 870 3422 fortunae
929 3387 1102 3428 casus
1160 3375 1427 3446 infestos,
1488 3381 1812 3450 praesertim

158 3446 269 3500 ubi
303 3446 361 3501 in
389 3448 686 3523 principes
715 3470 778 3509 ac
811 3457 1122 3528 primarios
1175 3465 1330 3522 viros
1363 3467 1465 3522 tali
1518 3471 1815 3527 traductos

151 3535 880 3607 ignominaincurrebant
909 3550 1061 3605 oculi
1091 3554 1244 3610 518
1303 3555 1551 3614 aliorum
1610 3564 1814 3616 contra

149 3624 535 3682 irridentiurn
567 3631 1102 3712 insultantiumque
1127 3642 1279 3699 ultro
1300 3645 1811 3717 increpando,me-

149 3712 344 3769 ritum
376 3731 476 3772 eos
510 3718 658 3776 ferre
687 3726 936 3782 vesaniae
970 3746 1090 3785 suae
1115 3733 1592 3800 fructum,seram
1627 3737 1809 3808 poeni-

143 3803 569 3878 tentiam,qum
595 3811 789 3880 proles
820 3831 948 3872 esse
971 3818 1118 3876 solet
1145 3822 1488 3880 inconsultae
1510 3825 1807 3894 amentiae,

147 3894 464 3951 modicum
498 3899 738 3970 quidem
773 3903 943 3963 initio
975 3924 1121 3980 quos
1145 3913 1361 3985 abripit
1392 3914 1802 3982 mulcentis,ad

139 3987 484 4041 extremum
571 3991 913 4060 gravissime
947 3998 1286 4058 multantis.
1348 4006 1524 4061 Erant
1582 4023 1613 4062 e
1671 4009 1808 4064 face

132 4073 478 4143 praesertim
532 4077 719 4148 plebis
749 4083 852 4154 qui
906 4086 1082 4144 etiam
1117 4091 1364 4150 miseros
1397 4095 1801 4153 exsibilarent.

133 4160 415 4257 ραι-εδει
448 4170 644 4224 autem
669 4171 859 4230 dulcis
883 4183 1201 4249 spectaculi
1234 4185 1501 4257 voluptas
1528 4204 1643 4243 uno
1668 4187 1804 4244 licet

136 4250 202 4304 in
234 4249 366 4307 loco
400 4252 780 4327 haerentibus,
816 4280 918 4320 nec
973 4284 1122 4340 opus
1179 4249 1475 4329 habebant
1530 4275 1643 4332 alio
1691 4277 1800 4333 mi-

130 4354 342 4410 grare,
375 4347 442 4397 ut
470 4345 614 4415 viso,
641 4352 795 4420 quod
824 4354 1142 4427 placuerat,
1207 4367 1592 4432 praetereunte
1652 4367 1802 4423 frue-

127 4434 737 4494 rentur.Succedebat
766 4442 918 4499 enim
947 4447 1184 4505 assidue
1217 4455 1498 4521 prmeunti
1548 4473 1798 4528 sequens

128 4517 268 4611 pari
308 4535 413 4611 suo
446 4522 727 4583 dedecore
757 4527 1082 4592 ludibrium
1128 4517 1431 4611 exhibens,
1493 4550 1550 4600 et
1599 4517 1798 4603 oculos

123 4607 380 4664 abunde
412 4627 685 4686 pascens,
737 4635 807 4674 ne
868 4626 1309 4699 praeterlapsum
1344 4634 1509 4705 sequi
1545 4640 1647 4690 aut
1708 4655 1796 4693 re-

123 4696 381 4768 quirere
411 4713 700 4761 curarent.
736 4708 884 4771 Quin
936 4715 1132 4784 potius
1191 4723 1490 4777 crescebat
1546 4725 1794 4784 dulcedo

117 4788 864 4886 spectandi,pr:rvertente
878 4803 1209 4861 satietatem
1229 4810 1518 4866 continua:
1536 4817 1791 4886 quadam

114 4872 298 4962 velut
329 4879 655 4939 mutatione
687 4902 897 4956 scenae,
925 4893 1127 4950 sannis
1161 4901 1481 4967 praesertim
1514 4905 1792 4976 gregariaz

118 4955 542 5064 multitudinis
564 4975 621 5026 et
647 4955 964 5045 petulantis
993 4955 1183 5041 atatis
1204 4955 1791 5064 materiamcprvgben:

114 5059 181 5109 te
215 5053 473 5112 ridicula
503 5063 747 5119 tonsura
780 5067 925 5124 foede
957 5088 1224 5132 raeorum
1278 5079 1417 5135 orbe
1449 5053 1568 5137 toto
1628 5085 1791 5156 capi-

111 5147 286 5240 tum,
323 5146 603 5240 novi-tatis
645 5156 799 5225 apud
832 5159 1046 5232 vulgus
1098 5166 1291 5235 specie
1334 5170 1623 5240 jucunda.
1667 5146 1790 5240 dua

107 5230 288 5286 sicut
317 5235 656 5303 gaudebant
687 5241 863 5312 oculi,
891 5230 975 5302 sic
1009 5254 1066 5304 et
1094 5230 1265 5308 aures
1297 5230 1789 5317 demulcebantur

103 5320 394 5378 confusis
425 5322 798 5420 i‘mproperiis
827 5334 882 5389 in
935 5336 1321 5412 hostesjactis
1353 5346 1528 5418 digna
1558 5349 1789 5420 patien-

106 5414 239 5510 tes;
274 5427 410 5510 quae
438 5413 629 5510 instar
664 5419 962 5481 habebant
989 5445 1146 5484 novaa
1179 5413 1504 5504 cantilenae,
1554 5413 1786 5510 placere

106 5497 460 5570 plurimum
498 5504 585 5576 (ut
614 5513 782 5568 vetus
814 5512 987 5572 habet
1033 5519 1298 5596 verbum)
1330 5497 1781 5598 populo.solitaa.

188 5681 261 5751 (ί)
298 5678 386 5736 Cf“.
423 5680 786 5749 Glossarium
822 5692 1174 5765 νΖευξτππου
1205 5695 1444 5775 φυλακή.

1973 568 2052 634 τῷ
2109 565 2266 627 πάθει
2298 560 2386 616 ἐπὶ
2414 566 2492 635 τῷ
2524 560 2823 638 λογισμοὺς
2863 560 3059 634 ὀρθοὺς
3108 559 3324 637 φέροντι
3375 560 3628 617 ἐποίκιλ-

1975 652 2070 708 λον
2126 654 2221 716 τὰς
2248 658 2348 721 τῆς
2379 650 2523 720 θέας,
2552 651 2643 706 καὶ
2685 649 3004 726 ὀφθαλμοὺς
3039 649 3247 704 εἱστίων
3279 654 3386 704 τῶν
3419 672 3625 723 συμμιο

1971 747 2083 817 γῶν
2111 741 2308 816 ὄψεων.
2339 739 2473 795 Οὐδὲ
2501 742 2600 817 γὰρ
2633 741 2685 804 ἐς
2726 740 2910 816 ὀλίγον
2959 741 2994 808 ἡ
3042 741 3393 815 σχοινοτενὴς
3442 738 3616 810 ἐκείνη

1969 833 2119 905 σειρά
2173 837 2280 887 τῶν
2313 829 2546 903 ἀνδρῶν,
2577 830 2702 885 ἀλλ’
2735 831 2787 891 ἐς
2819 829 2900 885 ὅτι
2932 827 3196 884 πλεῖστοο
3228 835 3452 904 συχναῖς
3503 831 3621 884 ἕκα-

1967 923 2182 979 τοστύσι
2244 921 2556 991 διείληπτο.
2606 923 2874 981 Ἕκαστος
2923 917 2969 973 δ’
3002 918 3191 974 ῗόντων
3251 918 3338 973 ἐπὶ
3368 920 3431 973 τὸ
3488 922 3614 992 παρ’

1968 1013 2190 1088 ἑκάτερα
2234 1009 2330 1066 τοῦ
2396 1009 2666 1085 βασιλέως
2724 1007 3012 1084 γινόμενος
3071 1007 3162 1062 καὶ
3220 1006 3362 1063 ἄκων
3413 1006 3613 1076 ἐδίδου,

1965 1099 2182 1156 κύπτων
2217 1101 2268 1171 ἐξ
2327 1096 2658 1178 ἐφεστρίδος,
2715 1102 2794 1169 τῷ
2825 1096 3042 1172 βασιλεῖ
3090 1098 3190 1165 τὴν
3219 1096 3610 1173 προσκύνησιν,

1969 1192 2264 1267 μορφάζων
2321 1191 2384 1246 τὸ
2438 1188 2690 1245 ταπεινὸν
2747 1188 2838 1242 καὶ
2889 1188 2950 1242 τὸ
3007 1193 3108 1256 τῆς
3159 1189 3346 1262 ψυχῆς
3374 1185 3613 1242 υἷδαῖνον

2341 1277 2386 1292 Ι..
2525 1277 2539 1292 9
2600 1274 2646 1292 εκ
2749 1273 2760 1292 1
2987 1273 3061 1292 ΛΡῘ
3219 1276 3237 1292 \
3345 1273 3370 1292 Ὗ
3461 1275 3474 1292 9
3545 1276 3564 1292 ‘

1969 1277 2462 1353 μετασχηματίζων
2497 1277 2571 1338 εἷς
2600 1273 2924 1348 ἱλαρότητα.
2985 1273 3144 1331 Οὕτω
3181 1276 3277 1346 μὶν
3311 1273 3402 1329 οὖν
3432 1275 3612 1331 εἰσελ-

1962 1372 2144 1436 θόντες
2203 1375 2303 1444 τήν
2357 1375 2544 1440 πόλιν,
2603 1371 2692 1426 καὶ
2753 1368 2842 1425 διὰ
2901 1369 3072 1442 μέσης
3101 1367 3302 1438 ταύτης
3349 1368 3398 1440 ἐξ
3433 1367 3609 1443 ἄκρων

1962 1465 2037 1527 εἷς
2094 1463 2259 1540 ἄκρας
2319 1470 2439 1526 τοῖς
2476 1463 2612 1518 κατᾶ
2642 1466 2780 1536 σφᾶς
2839 1461 3083 1533 ἀνιαροῖς
3142 1457 3607 1531 ἐμπομπεύοντες,

1956 1558 2024 1628 τῇ
2055 1561 2153 1623 τῆς
2187 1553 2487 1624 Ζευξίππου
2534 1549 2771 1606 δίδονται
2821 1546 3038 1627 φυλακῇ
3070 1549 3158 1620 (¹”),
3206 1552 3325 1610 τοῖς
3373 1551 3604 1652 rp);an

1962 1645 2054 1717 μὲν
2089 1642 2290 1718 χλεύη,
2322 1641 2549 1698 έλεεινοὶ
2582 1638 2639 1695 δὲ
2683 1644 2801 1702 τοῖς
2831 1637 3248 1712 ἐπιεικεστέροις
3295 1637 3602 1712 γινόμενοι.

1952 1731 2135 1789 ’Λλλᾶ
2161 1735 2324 1787 ταῦτα
2357 1733 2452 1805 μὲν
2487 1730 2836 1807 ἐπράχθησαν
2865 1725 3014 1803 τῇδε.

1877 1854 1923 1917 Β
1955 1883 2056 1942 λδ’.
2089 1885 2170 1942 Τὰ
2219 1885 2356 1940 κατὰ
2400 1885 2492 1939 τὸν
2542 1882 2786 1960 ἄρχοντα
2831 1886 2938 1960 τῷν
2975 1881 3162 1960 Asmira
3197 1881 3475 1949 ’[ωαννην,
3508 1879 3598 1933 καὶ

2203 1957 2354 2020 ὅπως
2383 1957 2546 2012 αὐτὸν
2579 1948 2850 2032 ’δ’ἷιρατῶν
2894 1948 3348 2029 ἐπεγάμϐρευσεν.

2025 2097 2104 2167 [Ρ.
2137 2097 2262 2170 353]
2296 2094 2524 2151 Βασιλεῖ
2554 2091 2611 2149 δὲ
2641 2091 2702 2148 ού
2755 2091 3052 2166 μόνοντῶν
3083 2089 3244 2145 αὐτοῦ
3307 2094 3473 2162 μετῆν
3524 2086 3599 2148 εἷς

1947 2183 2153 2257 κόσμον
2206 2189 2338 2263 σφᾶς
2369 2182 2513 2261 ἄγειν
2570 2184 2638 2238 τὰ
2688 2184 2984 2257 πρέποντα,
3042 2177 3188 2235 ἀλλὰ
3215 2176 3461 2241 καὶτοὺς
3495 2197 3602 2250 μη-

1949 2270 2035 2328 δὲν
2067 2276 2445 2349 προσήκοντας
2491 2272 2627 2328 κατά
2655 2293 2775 2327 τινα
2817 2269 3128 2326 δεσποτείαν
3187 2266 3598 2374 ὑπερηρμένους

1990 2364 2002 2374 ι
2095 2364 2105 2374 ι
2376 2363 2453 2374 .-ς
2585 2359 2610 2374 Δ
2647 2363 2661 2374 ι
2871 2357 2933 2374 ᾗ..
3031 2361 3059 2374 ν
3161 2364 3199 2374 -ν
3243 2355 3258 2374 \
3384 2354 3396 2370 ε

1945 2364 2012 2418 τὰ
2047 2364 2214 2440 μέτρα
2237 2363 2548 2420 συστέλλειν
2582 2359 2670 2416 διὰ
2723 2357 2968 2429 σπουδῆς
3021 2361 3110 2428 ἦν.
3161 2355 3261 2411 Καὶ
3315 2355 3442 2417 τοὺς
3504 2355 3598 2429 μὲν

1938 2581 2417 2655 Dlstinguebatur
2448 2589 2643 2642 autem
2689 2602 2902 2658 pompa
2960 2583 3148 2639 multa
3199 2577 3500 2641 varietate,
3533 2577 3593 2629 et

1935 2672 2065 2744 ipsa
2123 2673 2446 2730 delectante
2479 2716 2494 2741 ,
2554 2675 2692 2730 dum
2750 2669 3186 2730 adolescentulo
3236 2665 3591 2724 succedebat

1925 2764 2186 2834 juvenis,
2221 2765 2781 2822 intermiscebantur
2823 2765 3071 2834 juvenes
3100 2759 3242 2816 viris
3278 2779 3324 2859 ς.
3361 2772 3591 2859 ερωρεξν

1936 2853 2401 2926 inexspectatum
2473 2854 2694 2926 aliquid
2761 2853 2916 2909 vices
2973 2850 3147 2907 variae
3209 2846 3590 2946 multiformis

1937 2944 2252 3014 spectaculi
2308 2944 2647 3010 offerebant,
2703 2944 2844 2997 dum
2873 2942 3068 3034 nudus
3129 2941 3260 3034 post
3305 2939 3586 3034 vestitum

1933 3033 2302 3100 trahebatur,
2336 3033 2687 3088 succedebat
2719 3031 2973 3103 piteatus
3024 3029 3240 3124 intecto
3290 3029 3587 3124 verticem,

1936 3122 2198 3192 dejectus
2231 3121 2461 3176 vultum
2487 3120 2752 3177 ferociter
2773 3117 3336 3184 contumaci,macer
3356 3117 3586 3185 pingui,

1849 3229 1892 3296 ρ
1936 3211 2230 3267 fortunam
2275 3211 2495 3281 abjecte
2543 3211 2734 3266 ferens
2789 3208 3084 3296 excelsum
3137 3204 3402 3296 animum
3463 3200 3581 3296 oris

1927 3300 2259 3356 constantia
2318 3298 2691 3366 monstranti;
2745 3315 2874 3369 qua:
2923 3295 3086 3352 velut
3141 3296 3308 3350 erant
3361 3289 3581 3346 fercula

1925 3389 2107 3456 varia,
2141 3394 2197 3444 et
2227 3389 2336 3444 hoc
2370 3389 2498 3462 ipso
2529 3388 2893 3461 gratissima,
2945 3382 3220 3456 exquisiti
3270 3379 3572 3437 oculorum

1925 3479 2104 3550 epuli,
2129 3483 2290 3536 tanto
2323 3479 2590 3551 producti
2619 3477 2810 3550 spatio
2838 3474 3122 3569 temporis
3155 3488 3258 3569 per
3285 3472 3566 3569 quantum

1926 3569 2034 3623 loci
2065 3570 2216 3626 519
2251 3564 3087 3657 protendebaturlongissima
3107 3562 3566 3657 catena,vinctas

1921 3658 2222 3715 innectens
2252 3659 2573 3715 intervallis
2606 3657 2757 3712 inter
2785 3649 3565 3726 singulosjustis,plurimas

1920 3746 2231 3804 hominum
2265 3749 2581 3804 centurias.
2630 3747 2807 3802 Porro
2861 3741 3076 3815 singuli
3109 3745 3174 3795 ut
3230 3738 3300 3793 ad
3368 3737 3562 3791 locum

1918 3841 2220 3903 venerant,
2265 3840 2419 3893 unde
2480 3852 2734 3907 superne
2785 3831 3161 3904 despectabat
3218 3827 3562 3924 imperator,

1916 3927 2179 3982 venerari
2212 3943 2348 3982 eum
2378 3925 2464 3981 vel
2498 3924 2663 3980 inviti
2717 3921 3010 3994 profunda
3034 3936 3103 3974 ex
3133 3915 3300 4013 equis
3350 3915 3562 4013 capitis

1917 4014 2276 4070 demissione
2306 4015 2684 4085 cogebantur,
2713 4012 2770 4066 id
2805 4015 2998 4065 tamen
3024 4024 3093 4104 se
3131 4003 3447 4104 plerisque
3493 3999 3562 4053 li-

1917 4103 2122 4159 benter
2150 4103 2340 4159 facere
2362 4103 2616 4174 quadam
2654 4097 2951 4155 modestia:
2980 4096 3343 4150 affectatione
3365 4096 3519 4144 simu
3539 4117 3558 4128 ο

1915 4193 2196 4262 lantibus,
2232 4193 2375 4264 quin
2410 4193 2582 4248 etiam
2617 4207 2733 4262 quo
2783 4186 3017 4261 penitus
3063 4178 3558 4279 contabe-scebant

1914 4283 2096 4338 animi
2131 4300 2434 4339 mmrorem
2479 4279 2794 4337 renidentis
2832 4277 2948 4334 oris
2978 4272 3233 4331 ascititia
3261 4269 3557 4324 hilaritate

1915 4372 2272 4431 fucantibus.
2298 4373 2392 4428 Slc
2423 4371 2670 4444 ingressi
2706 4369 3026 4431 civitatem,
3073 4367 3130 4420 et
3162 4362 3209 4462 si
3269 4377 3372 4462 per
3423 4374 3552 4462 eam

1913 4468 2196 4534 quantum
2233 4467 2390 4535 patet
2421 4463 2751 4519 universam
2812 4458 3094 4530 probrosa
3120 4452 3556 4556 sui.dedecoris

1911 4553 2165 4609 traducti
2227 4571 2460 4626 pompa,
2506 4553 2564 4607 in
2623 4565 2911 4606 carcerem
2972 4547 3247 4642 Zeuxippi
3306 4547 3554 4642 conjecti

1912 4647 2073 4707 sunt,
2104 4643 2460 4715 vulgarium,
2494 4646 2560 4696 ut
2589 4639 2730 4705 dixi,
2763 4637 3074 4694 hominum
3134 4635 3552 4702 intemperanti

1906 4732 2162 4788 ludibrio
2192 4732 2368 4801 irrisi,
2402 4729 2727 4802 elegantius
2759 4727 3048 4783 institutis
3079 4729 3136 4779 et
3166 4739 3270 4796 per
3306 4721 3417 4777 hoc
3439 4720 3552 4775 hu-

1908 4822 2272 4877 manioribus
2307 4819 2636 4876 infelicitati
2672 4813 3123 4874 condolentibus
3155 4812 3552 4885 ipsorum.At-

1905 4926 2017 4981 que
2046 4911 2168 4966 haec
2195 4911 2431 4983 quidem
2466 4913 2594 4965 acta
2623 4911 2679 4964 in
2713 4907 2869 4962 hunc
2902 4906 3140 4960 modum
3175 4906 3334 4958 sunt.

1939 5019 2026 5074 3-4.
2072 5024 2148 5074 De
2163 5021 2432 5075 Lazarum
2453 5017 2698 5088 principe
2727 5017 3022 5088 Joan_ne,ut
3049 5028 3175 5068 eum
3218 5012 3516 5081 imperator

2402 5086 2514 5146 sibi
2532 5086 2798 5159 generum
2820 5086 3048 5164 fecerit.

1973 5182 2256 5234 Caterum
2289 5177 2628 5251 imperatori
2664 5194 2777 5232 non
2839 5175 3033 5231 solum
3087 5189 3238 5229 curm
3297 5174 3441 5235 erat,
3484 5173 3548 5222 ut

1902 5268 2002 5338 qui
2034 5285 2166 5324 cum
2214 5286 2278 5324 eo
2311 5272 2366 5324 et
2424 5269 2532 5323 sub
2565 5283 2631 5323 eo
2672 5265 2967 5329 vivebant,
3001 5263 3156 5318 intra
3190 5262 3382 5358 fin-es.
3418 5274 3546 5358 sese

1901 5359 2268 5414 continerent
2299 5356 2559 5413 decentis
2617 5351 3035 5411 moderationis
3066 5373 3079 5420 ;
3110 5351 3314 5447 sedet
3367 5350 3541 5447 istam

1900 5449 2249 5504 extendebat
2279 5445 2704 5520 providentiam
2739 5445 2807 5500 ad
2843 5442 3066 5498 alienos
3089 5439 3339 5512 quadam
3363 5438 3542 5488 inter-

1898 5535 2041 5592 dum
2070 5534 2530 5594 intumescentes
2557 5533 2768 5590 ﬁducia
2799 5529 3094 5604 potentiae,
3121 5539 3373 5598 quorum
3404 5520 3540 5578 elic-
