3912 6192
212 253 320 309 985

1271 267 1368 319 DE
1406 268 1780 323 MICHAELE
1818 271 2260 330 PALEOLOGO
2299 278 2431 330 LIB.
2474 277 2570 330 VI.

3527 275 3637 331 986

215 400 401 441 σοντες
432 377 490 434 δὲ
517 380 682 435 αὐτὸν
711 379 777 450 δὴ
811 383 900 437 καὶ
940 383 1070 448 τοὺς
1095 387 1216 460 περὶ
1263 387 1448 459 αὐτὸν,
1499 389 1739 453 ἐκείνους
1775 393 1868 466 μὲν
1902 397 1955 462 Α
1983 395 2164 469 γελίαν
2202 441 2215 467 ,
2272 397 2366 452 τὸν
2427 396 2485 453 δὲ
2532 398 2668 453 κατᾶ
2724 419 2843 454 τινα
2897 397 3290 474 πληροφορίαν
3319 399 3409 453 καὶ
3463 399 3645 456 πίστιν

218 469 535 545 ἐφεῖναιτῷ
572 471 675 542 νέῳ
731 473 833 539 τήν
889 474 1023 547 πρὸς
1089 474 1316 549 βασιλέα
1377 475 1572 555 ἄφιξιν,
1631 479 1881 536 αὑτὸνδὲ

217 559 414 620 πιστσὶς
445 552 644 633 ἔχοντα
673 561 766 621 τὰς
805 559 1030 625 ἐλπίδας
1062 564 1138 625 ὡς
1188 565 1276 618 ἐπὶ
1308 552 1500 629 καλοῖς
1531 568 1880 644 προσκαλού-

221 667 384 719 μενον
431 648 673 720 ἆπαντᾷν
737 651 869 722 μετᾶ
921 652 1174 728 Οάῥρους.
1230 656 1290 712 Ὁ
1326 655 1422 727 μέν
1473 655 1563 711 οὖν
1619 657 1874 733 βασιλεὺς

211 742 412 805 ταῦτα,
467 738 596 800 τοὺς
657 736 714 793 δὲ
786 742 912 812 μήτ’
972 742 1208 805 ἐκείνους
1258 743 1458 821 ἐφιίναι
1501 748 1563 801 τὸ
1618 750 1870 821 παράπαν

216 827 349 896 μήτ’
381 826 542 880 αὐῦὸν
596 831 895 901 προθυμεῖν
953 833 1122 899 ἣκειν·
1170 831 1410 896 πολλοῖς
1451 836 1552 910 γὰρ
1607 837 1869 912 πρότερον

211 917 439 989 χρτίνοις
467 915 596 978 τοὺς
627 916 685 972 ἐκ
712 919 968 993 γειτόνων
1013 922 1148 997 πρὸς
1208 922 1330 984 τοὺς
1382 925 1652 1000 ἄρχοντας
1697 925 1871 980 αὐτῶν

209 1002 598 1078 ἐκγαμίζεσοαι
649 1008 739 1060 καὶ
787 1010 905 1061 καθ’
951 1010 1148 1072 αὐτοὺς
1203 1011 1359 1079 εἶναι,
1393 1013 1456 1066 τὰ
1516 1013 1784 1087 βασιλέως
1817 1014 1868 1069 ἐν

207 1094 432 1166 ἄστροις
462 1095 856 1167 μανθάνοντας,
893 1099 980 1152 καί
1012 1120 1075 1174 γε
1125 1102 1230 1176 πρὸ
1281 1106 1388 1156 τῶν
1449 1102 1539 1157 ἀπ’
1570 1104 1739 1172 αὐτῆς
1770 1125 1865 1158 κα-

205 1178 327 1236 λῶν
375 1183 462 1237 καὶ
517 1185 782 1260 μεγίστων
839 1186 906 1242 τὰ
961 1189 1096 1243 κατᾶ
1153 1196 1288 1267 σφᾶς
1345 1191 1705 1265 αἱρουμένους
1768 1195 1866 1264 μέ-

203 1291 359 1343 τρια.
414 1273 497 1333 Ὠς
554 1279 684 1348 γοῦν
742 1275 1021 1338 ποικίλαις
1077 1276 1440 1350 συμϐουλίαις
1499 1282 1550 1335 οἱ
1608 1277 1862 1355 πρέσϐεις

209 1360 325 1414 οὐκ
355 1360 562 1425 ἔπειθον
617 1363 862 1438 λέγοντες
906 1367 1079 1421 πάντα
1118 1364 1340 1442 δεύτερα
1385 1371 1713 1443 τιθεμένομς
1759 1379 1862 1441 τῆς

205 1455 361 1526 σφῶν
401 1450 695 1521 θελήσεως,
727 1454 866 1529 πρὺς
920 1455 1146 1530 βασιλέα
1197 1458 1525 1538 ὑπεστρεφον
1581 1458 1750 1534 μηδὲν
1799 1462 1861 1516 τὸ

201 1538 465 1612 παράπαν
506 1542 806 1604 ἀνύσαντες,
860 1544 935 1600 Οὐ
986 1547 1091 1617 μὴν
1145 1543 1201 1600 δὲ
1247 1548 1337 1602 καὶ
1371 1549 1424 1612 ἐς
1470 1548 1627 1611 τέλος
1674 1555 1862 1625 πειρᾷν

202 1624 472 1705 ὂιαῳῆκεν
508 1631 535 1684 ὁ
585 1631 862 1706 βασιλεὺς,
912 1633 1055 1689 ἀλλά
1103 1637 1602 1707 προσαποστέλλων
1656 1624 1856 1714 συχνά-

1990 489 2096 539 τῶν
2129 485 2458 561 λεγομένων,
2507 490 2580 550 ὡς
2635 487 2722 542 ἐπὶ
2753 488 2968 548 τούτοις
3017 487 3106 541 καὶ
3153 494 3254 556 τῆς
3305 486 3641 558 Ἐκκλησίας

1988 569 2416 644 πρεσϐευούσης,
2446 574 2612 649 μηδὲν
2647 575 2848 637 εἰδυίας
2895 577 3033 630 κατὰ
3059 577 3120 630 τὸ
3170 574 3336 644 εἰκὸς,
3392 577 3466 638 ὡς
3497 576 3638 632 ἐκεῖ·

1986 683 2076 724 νος
2109 658 2285 719 ἔπειθε
2318 663 2514 739 λέγων,
2550 665 2628 743 ἐφ’
2683 669 2764 728 οἷς
2826 663 2884 719 ἂν
2939 665 3028 719 καὶ
3087 670 3171 736 [Ρ.
3228 667 3354 740 355]
3399 687 3635 739 συνομο-

1986 751 2180 826 λογοίη
2235 752 2542 826 ψεύδεσθαι,
2593 755 2730 809 ὥστε
2781 756 3047 830 παρέντας
3094 756 3189 816 τὰς
3242 755 3481 827 ὑποψίας
3534 757 3634 810 αὐ-

1979 848 2096 902 τοῖς
2153 849 2271 906 τοῖς
2327 865 2605 920 πραγμασι
2656 845 2852 920 κρίνειν
2923 844 2968 898 εἰ
3027 842 3193 898 παῖδα
3271 845 3382 916 ἅμα
3453 851 3628 899 ποιεῖν

1981 932 2183 985 ἐκεῖνον
2211 932 2299 986 καὶ
2331 933 2496 987 κακὸν
2547 931 2827 1008 βούλοιτο.
2879 937 3059 988 Ταῦτα
3112 932 3366 1008 λέγοντες
3399 931 3632 1003 ἔπειθον,

1979 1020 2066 1075 καί
2117 1023 2310 1096 ὅρκους
2371 1024 2702 1096 ταμόντεςῆ
2760 1024 2868 1096 μὴν
2925 1023 3014 1078 καὶ
3069 1018 3322 1097 γαμϐρὸν
3383 1020 3629 1096 γενέσθαι

1974 1115 2070 1164 τοῦ
2108 1109 2374 1186 βασιλέως
2413 1113 2504 1167 τὸν
2562 1115 2816 1182 Ἰωάννην
2868 1113 2958 1167 καὶ
3008 1113 3142 1183 μετά
3186 1111 3459 1167 πλείστων
3517 1117 3623 1167 τῶν

1971 1200 2177 1273 ἀγαθῶν
2212 1201 2516 1271 ἐπανήξειν,
2548 1199 2734 1262 καλῶς
2787 1201 2876 1255 καὶ
2923 1205 3030 1254 τῶν
3081 1201 3204 1274 περὶ
3255 1200 3313 1254 ἐκ
3375 1207 3513 1255 εἷνον
3542 1199 3632 1255 δε-

1978 1290 2364 1362 χοησοιιένων,
2426 1297 2634 1364 μακρᾶς
2683 1291 2816 1360 νηὸς
2847 1284 3128 1350 ἐπίϐάντες
3161 1289 3213 1350 ἐς
3242 1286 3404 1343 πόλιν
3455 1292 3625 1359 κατή-

1971 1397 2150 1448 γοντο.
2180 1377 2327 1432 Ἐπεὶ
2358 1375 2415 1432 δὲ
2459 1380 2486 1432 ὁ
2539 1377 2794 1453 βασιλεὺς
2828 1378 2920 1450 μὲν
2982 1374 3171 1451 ἔτυχεν
3204 1374 3290 1430 ἐπὶ
3329 1379 3430 1429 τοῦ
3485 1397 3622 1451 παρ-

1972 1465 2125 1526 όντος
2176 1465 2370 1537 ἀπὼν,
2430 1462 2721 1540 διατρίϐων
2785 1467 2835 1521 ἐν
2898 1463 3161 1536 Λοπαδίῳ
3215 1463 3352 1538 (ἐκεῖ
3403 1464 3504 1537 γὰρ
3563 1464 3630 1517 τὰ

1973 1556 2108 1608 κατὰ
2141 1554 2413 1629 Σάγγαριν
2459 1553 2686 1609 διελθὼν
2738 1556 2826 1610 καί
2860 1556 2910 1629 γ’
2963 1556 3038 1616 ὡς
3094 1555 3160 1623 ἦν
3221 1552 3631 1630 κατασφαλισά-

1972 1664 2131 1715 μενος
2164 1641 2354 1714 ἔστησε
2383 1645 2480 1712 τὴν
2533 1654 2778 1716 πορείαν,
2829 1644 2902 1705 ὡς
2960 1642 3162 1706 ἐκεῖθεν
3218 1643 3623 1716 κατοχυρώσων

197 1738 291 1778 zz;
317 1721 381 1772 τὸ
417 1720 511 1790 μὲν
560 1721 799 1790 ἠπείλει,
831 1724 892 1777 τὸ
943 1722 999 1778 δὲ
1027 1725 1117 1779 καὶ
1165 1732 1284 1790 τοῖς
1330 1727 1418 1804 ἀφ’
1463 1729 1652 1783 ἑαυτοῦ
1691 1751 1853 1804 γενη-
1888 1762 1934 1827 Β
1963 1733 2052 1787 καὶ
2103 1735 2198 1795 τὰς
2251 1735 2387 1787 κατά
2414 1735 2511 1802 τήν
2568 1734 2876 1809 Ἀχυράους
2933 1734 3139 1806 ἄκρας(,
3197 1729 3400 1792 ἐκεῖνος
3433 1727 3490 1784 δὲ
3520 1736 3626 1787 τῶν

247 1826 256 1827 η
331 1808 340 1824 ί
527 1808 540 1824 τ
617 1811 628 1827 Ι
879 1809 897 1827 Χ
948 1818 972 1827 υ
1057 1811 1110 1827 ’ἢ
1143 1812 1161 1827 Ν
1189 1814 1199 1827 Ι
1249 1821 1275 1827 ,Α
1392 1815 1414 1827 ιι
1572 1819 1580 1827 ι
1977 1824 1988 1827 -
2048 1822 2057 1827 -
2347 1825 2356 1827 -
2507 1821 2515 1827 .
2655 1822 2667 1827 -
2752 1817 2776 1827 Α
2826 1822 2834 1827 .
3023 1823 3040 1827 Α
3122 1819 3138 1827 ι
3172 1821 3183 1827 -
3331 1821 3341 1827 .
3431 1821 3443 1827 -
3567 1821 3575 1827 .

199 1808 465 1878 σομένοις
524 1808 749 1870 ἐκείνοις
806 1809 998 1874 καλοῖς
1053 1811 1329 1884 ἐδελέαζεν
1391 1815 1448 1870 ἂν
1514 1819 1677 1889 μόνον
1733 1840 1858 1873 πει-

197 1896 423 1959 σθέντες
477 1897 686 1968 ἥκοιεν.
749 1897 920 1962 Τέλος
978 1901 1194 1957 στέλλει
1251 1904 1344 1958 τὸν
1400 1903 1702 1979 λυγοΟέτην
1749 1913 1854 1962 τῶν

194 1985 498 2042 οἷκειακῶν
555 1988 964 2063 ἰατρόπουλον,
1026 1993 1121 2046 σύν
1171 1991 1318 2065 αὐτῷ
1369 1991 1424 2047 δὲ
1470 1996 1560 2048 καὶ
1608 2003 1706 2064 τῆς
1738 1998 1863 2054 Ἐκ-

192 2072 441 2145 κλησίας
473 2072 856 2152 πρεσϐύτερον,
888 2080 982 2134 τὸν
1031 2081 1123 2153 μὲν
1176 2082 1311 2137 κατά
1367 2084 1534 2156 τιμὴν
1564 2089 1662 2139 τοῦ
1690 2107 1862 2163 προσ-

193 2163 556 2236 καλουμένου
597 2166 688 2220 καὶ
743 2172 851 2221 τῶν
909 2169 1015 2222 ἀπὸ
1062 2175 1158 2224 τοῦ
1208 2171 1480 2247 βασιλέως
1536 2172 1717 2229 καλῶν
1767 2176 1861 2250 ἀγ-

187 2385 484 2456 juvenem
518 2387 806 2444 Joannem
839 2389 929 2446 vel
964 2392 1094 2463 ejus
1125 2391 1444 2449 familiares
1477 2410 1544 2449 ac
1593 2392 1862 2450 consilia-

196 2475 328 2531 rios
360 2476 718 2549 pellicerent,
753 2479 920 2534 illum
954 2481 1191 2552 quidem
1241 2483 1312 2537 ad
1366 2483 1854 2554 proficiscendum

195 2570 368 2620 metu
423 2566 576 2621 omni
632 2568 897 2640 deposito
957 2571 1555 2643 Constantinopolim,
1604 2571 1856 2628 summis

190 2654 324 2709 illic
357 2655 681 2712 honoribus
709 2657 1093 2726 dignandum,
1118 2659 1226 2714 bos
1259 2665 1452 2716 autem
1478 2662 1547 2716 ad
1583 2662 1636 2716 id
1660 2665 1852 2732 ipsum

190 2745 578 2800 suadendum
612 2762 719 2802 suo
743 2746 1016 2819 principi.
1051 2750 1336 2804 Successu
1371 2754 1568 2804 tamen
1600 2750 1649 2805 is
1680 2768 1854 2806 cona-

189 2841 300 2889 tus
333 2839 460 2888 tum
482 2835 716 2905 quidem
752 2836 960 2893 caruit.
989 2841 1135 2892 Nam
1165 2854 1271 2893 nec
1303 2839 1516 2895 Lazieze
1549 2839 1694 2894 aula
1726 2857 1854 2912 pro-

187 2939 362 2978 ceres
394 2929 666 2981 auctores
692 2924 816 2980 ﬁeri
847 2925 1059 2981 Joanni
1085 2925 1396 2982 voluerunt
1421 2928 1649 2983 itineris
1691 2929 1848 2998 talis,

187 3029 304 3067 nec
339 3012 465 3083 ipse
497 3029 597 3084 per
626 3031 688 3068 se
738 3014 1010 3086 princeps
1066 3016 1221 3073 522
1282 3015 1340 3071 in
1401 3017 1456 3071 id
1515 3019 1845 3089 propendit,

1968 1822 2136 1897 ὁρίων
2194 1830 2292 1892 τῆς
2345 1821 2596 1895 Ῥωμίων
2651 1817 2965 1889 ἐπιϐαίνων,
3018 1819 3225 1896 βουλὴν
3256 1821 3346 1874 καὶ
3397 1821 3449 1874 οἱ
3481 1821 3620 1892 πρέ-

1973 1907 2120 1974 σϐεις
2179 1912 2452 1986 εἱσάγουσι
2509 1917 2626 1973 τοῖς
2675 1911 2814 1989 ἀμφὶ
2865 1912 2955 1965 τὸν
3016 1911 3270 1979 Ἰωάννην
3329 1909 3621 1972 ἀποθέσθαι

1969 2005 2161 2054 τοῦτον
2191 2002 2258 2055 τὰ
2289 2000 2486 2076 ἐρυθρὰ
2514 2001 2604 2056 καὶ
2654 1999 2902 2063 πεδίλοις
2940 1998 3160 2074 μέλασιν
3222 1995 3620 2070 ὑποδήσασθαι,

1973 2090 2046 2151 ὡς
2178 2091 2378 2152 παντὸς
2411 2091 2566 2153 εὐθὺς
2601 2092 2745 2166 παρὰ
2795 2090 3066 2166 βασιλέως
3120 2083 3491 2164 γενησομένου
3521 2089 3618 2140 τοῦ

1969 2179 2086 2233 κατ’
2131 2180 2292 2234 αὐτὸν
2352 2178 2670 2253 ἐξιώματος.
2744 2182 2841 2233 Ἦν
2897 2178 2995 2254 γὰρ
3058 2177 3408 2254 συγκείμενον
3469 2175 3620 2253 σφίσι

1969 2395 2094 2464 ejus
2119 2395 2296 2465 socio,
2330 2413 2435 2453 nec
2463 2398 2838 2453 dubitaturos
2897 2395 3042 2468 ipsis
3099 2395 3333 2450 credere
3387 2390 3614 2466 pollici-

1969 2488 2290 2544 tationibus
2324 2506 2572 2560 quarum
2606 2489 2863 2544 Ecclesia
2893 2504 3019 2560 qua:
3079 2485 3279 2542 fallere
3337 2483 3610 2548 nesciret,

1968 2597 2030 2636 se
2059 2581 2262 2635 vadem
2289 2581 2729 2651 quodammodo
2755 2579 3074 2648 exhiberet,
3101 2593 3340 2648 compos
3373 2575 3613 2630 effectus

1965 2675 2232 2725 votorum
2266 2671 2566 2741 Augustus
2600 2673 2708 2724 est.
2741 2672 2880 2723 Cum
2916 2668 3074 2724 enim
3140 2666 3311 2722 ambo
3368 2663 3454 2719 illi
3511 2678 3613 2734 pro

1965 2774 2028 2813 se
2053 2757 2303 2828 quisque
2328 2759 2828 2812 constestarentur
2849 2755 3071 2826 optima
3094 2754 3286 2807 {ideae
3317 2750 3615 2805 voluntate

1962 2846 2382 2915 imperatorem
2414 2861 2614 2900 vocare
2653 2844 2939 2900 Joannem
2995 2843 3057 2896 in
3116 2838 3607 2895 necessitudinem

1961 2935 2115 2990 523
2149 2934 2272 2999 filii,
2304 2938 2545 3005 paterno
2578 2933 2787 2989 deinde
2818 2932 3022 2987 aﬂectu
3055 2929 3220 2984 illum
3245 2927 3402 2983 omni
3426 2927 3610 2980 bono-

1960 3040 2089 3078 rum
2123 3040 2332 3096 genere
2366 3028 2702 3089 aucturum,
2762 3020 3046 3076 discussis
3097 3018 3348 3089 denique
3408 3014 3604 3084 suspi-

184 3118 332 3157 cum
368 3102 762 3158 concordibus
794 3120 998 3159 omnes
1031 3106 1306 3160 sensibus
1340 3106 1599 3162 dicerent
1649 3123 1846 3162 exem-
1877 3142 1920 3208 Ο
1959 3113 2192 3168 cionum
2227 3112 2452 3168 umbris
2485 3111 2612 3166 Lazi
2646 3110 2812 3182 plane
2859 3113 3276 3174 assenserunt;
3339 3121 3403 3160 ae
3448 3104 3610 3202 jure-

186 3190 312 3261 plis
347 3207 411 3244 se
442 3190 783 3246 domesticis
813 3193 1004 3247 doceri
1040 3211 1153 3248 non
1189 3195 1419 3267 evagari
1455 3195 1847 3251 affinitatibus

187 3286 358 3333 extra
380 3278 623 3334 ditionis
653 3278 872 3335 limites
905 3282 1126 3351 patriae,
1161 3284 1260 3338 sed
1292 3300 1539 3354 sponsas
1573 3285 1627 3338 in
1659 3285 1852 3356 gentis

189 3371 471 3442 ejusdem
502 3370 851 3442 optimatum
884 3372 1161 3428 domibus
1193 3391 1448 3446 quaerere
1482 3392 1494 3428 :
1539 3375 1850 3446 imperato-

193 3461 358 3515 rium
394 3476 528 3516 vero
558 3476 746 3531 genus
794 3477 860 3515 ac
889 3463 1157 3534 stirpem,
1192 3463 1350 3519 velut
1383 3480 1476 3520 res
1505 3464 1647 3519 votis
1678 3483 1743 3520 ac
1758 3483 1849 3520 ca-

198 3553 308 3620 ptu
347 3549 602 3620 propriis
634 3549 1076 3621 superiores,sic
1098 3553 1315 3607 intueri
1350 3558 1412 3608 ut
1435 3552 1635 3608 stellas
1657 3554 1850 3610 homi-

196 3654 309 3693 nes
343 3655 411 3693 ac
443 3638 567 3693 coeli
603 3638 792 3695 sidera
826 3640 1025 3695 mirari
1059 3641 1270 3709 solent,
1305 3659 1431 3712 quae
1491 3643 1714 3698 scilicet
1768 3643 1851 3700 ita

195 3726 548 3798 suspiciunt
582 3732 645 3782 ut
675 3728 743 3782 ad
780 3733 1112 3784 contactum
1143 3747 1345 3785 eorum
1378 3748 1411 3786 a
1442 3736 1652 3786 natura
1676 3747 1849 3802 nega-

190 3822 328 3872 tum
363 3833 479 3871 non
515 3815 794 3888 aspireut.
825 3817 1099 3874 Viderent
1127 3819 1303 3888 igitur
1333 3837 1509 3891 quam
1566 3837 1678 3876 non
1715 3822 1851 3877 fuis-

194 3912 287 3962 set
321 3924 473 3978 opus
525 3908 924 3963 commendari
972 3911 1043 3964 ab
1089 3910 1441 3981 imperatore
1499 3912 1847 3968 modestiam

190 3996 264 4052 iis
301 3995 408 4066 qui
447 4012 602 4052 nunc
632 3995 959 4052 oblatorum
987 3997 1139 4053 ultro
1163 3998 1307 4069 ipsis
1339 3998 1623 4055 bonorum
1659 4003 1848 4057 maxi-

194 4101 438 4140 morum
471 4084 851 4157 splendorum
886 4103 999 4143 non
1033 4087 1374 4142 dubitarent
1407 4103 1678 4144 recusare
1707 4094 1847 4146 tan-

196 4190 381 4245 quam
425 4173 844 4230 mediocritatis
873 4174 1160 4246 ipsorum,
1195 4193 1311 4247 qua
1333 4177 1591 4232 contenti
1625 4185 1844 4250 essent,

189 4262 578 4317 excedentem
612 4262 877 4318 modum.
899 4263 1046 4335 Ergo
1079 4263 1256 4335 legati
1284 4265 1484 4320 omnia
1515 4265 1733 4323 frustra
1750 4284 1845 4323 ex-

191 4351 364 4420 perti,
393 4352 584 4407 redire
641 4353 877 4408 tandem
927 4353 996 4408 ad
1046 4353 1457 4424 imperatorem
1519 4373 1580 4412 re
1629 4357 1846 4413 infecta

189 4445 334 4497 sunt
366 4441 582 4496 coacti,
607 4441 721 4496 Nec
751 4447 944 4497 tamen
977 4441 1073 4496 ille
1130 4443 1322 4499 adhuc
1351 4444 1662 4516 despondit
1719 4447 1842 4502 ani-

1953 3203 2210 3274 jurando
2244 3221 2275 3257 a
2305 3201 2513 3274 legatis
2545 3206 2933 3272 accepto,quo
2967 3197 3203 3254 nomine
3235 3191 3606 3266 imperatoris

1962 3298 2018 3346 et
2048 3309 2156 3347 sua
2187 3294 2447 3364 ipsorum
2499 3292 2612 3346 fide
2664 3294 2864 3346 sancte
2929 3288 3294 3360 spondebant
3366 3281 3605 3338 omnino

1964 3383 2084 3437 fore
2118 3387 2182 3437 ut
2210 3383 2468 3437 Joannes
2498 3377 3068 3449 Constantinopolim
3100 3374 3469 3448 proﬁciscens
3524 3370 3605 3424 ibi

1961 3471 2144 3526 filiam
2179 3469 2553 3543 imperatoris
2580 3469 2817 3524 duceret
2849 3483 3109 3531 uxorem,
3142 3483 3208 3520 ac
3254 3479 3387 3518 mox
3434 3458 3606 3515 bonis

1961 3557 2401 3630 honoribusque
2457 3556 2795 3614 cumulatus
2856 3556 3252 3611 remitteretur
3335 3552 3602 3616 domum,

1961 3650 2203 3704 comites
2235 3663 2467 3719 quoque
2499 3663 2638 3702 suos
2686 3645 3035 3700 liberalitate
3090 3641 3338 3714 Augusti
3389 3639 3606 3694 ditatos

1960 3739 2246 3792 reducens
2278 3752 2501 3804 secum,
2529 3752 2672 3790 nave
2701 3734 2880 3790 simul
2902 3749 3106 3788 omnes
3130 3733 3301 3802 longa
3323 3744 3605 3785 conscen—

1961 3844 2252 3882 saversus
2286 3827 2488 3881 urbem
2546 3825 2864 3880 solverunt.
2925 3823 3210 3889 Quoniam
3266 3836 3398 3874 vero
3460 3821 3605 3874 torte

1959 3920 2099 3972 tunc
2131 3918 2377 3988 contigit
2416 3917 2618 3972 abesse
2671 3916 2742 3970 ab
2803 3918 2946 3969 urbe
2991 3915 3396 3983 imperatorem
3447 3925 3606 3962 com-

1961 4011 2282 4061 morantem
2313 4007 2382 4061 ad
2415 4004 2756 4076 Lapadium,
2789 4002 2985 4073 ibique
3017 4001 3304 4054 intentum
3340 3995 3420 4051 vel
3458 4012 3605 4067 prcc-

1955 4097 2254 4152 vertendis
2288 4094 2520 4150 damnis
2546 4093 2635 4151 vel
2666 4093 2856 4148 ruinis
2901 4089 3242 4162 reparandis
3292 4086 3596 4158 regionum

1957 4187 2111 4242 circa
2140 4186 2440 4258 Sangarim
2473 4183 2605 4256 (hoc
2636 4183 2791 4239 enim
2825 4186 2890 4237 ut
2919 4184 3117 4252 ageret
3148 4179 3354 4234 itinere
3395 4192 3602 4232 versus

1955 4276 2087 4331 illas
2119 4281 2314 4347 partes
2346 4278 2642 4346 suscepto,
2683 4271 2924 4346 Lopadii
2983 4268 3420 4325 consistendum
3484 4269 3600 4324 sibi

1956 4367 2432 4436 putaverat,inde
2461 4365 2734 4422 videlicet
2760 4361 2975 4417 vicinia
2997 4359 3086 4414 sui
3121 4363 3440 4428 caeteraque
3463 4375 3600 4430 pro-

1955 4456 2215 4513 videntia
2246 4458 2586 4512 firmaturus
2620 4455 2900 4510 adversus
2927 4451 3041 4504 vim
3084 4449 3374 4504 Persicam
3430 4464 3601 4503 arces

190 4547 386 4599 mum,
421 4531 519 4584 88d
546 4530 676 4586 aliis
705 4547 772 4586 ϐο
803 4535 976 4602 atque
1030 4531 1161 4588 aliis
1218 4509 1607 4606 legationibus
1640 4539 1844 4594 crebro
1880 4509 1926 4576 Β
2696 4538 3070 4604 Acheraumi,
3111 4537 3285 4608 legati
3322 4537 3591 4606 Romam)

189 4620 589 4692 missitandis,
623 4621 760 4679 hinc
789 4628 1004 4682 terrere
1038 4622 1133 4680 illo
1171 4624 1370 4696 minis,
1422 4627 1555 4682 inde
1612 4628 1847 4685 allicere

188 4710 536 4782 promissis,
567 4716 625 4766 et
655 4729 787 4768 cum
811 4715 1115 4770 universos
1147 4718 1271 4768 tum
1293 4714 1557 4787 singulos
1572 4717 1842 4787 privatim

186 4799 635 4858 accomnodatis
666 4804 736 4858 ad
770 4805 1052 4876 cujusque
1082 4819 1216 4876 spes
1248 4820 1314 4859 ac
1353 4811 1583 4876 captum
1620 4812 1845 4866 tentare

187 4891 573 4947 sermonibus
616 4909 728 4948 non
778 4893 1025 4961 destitit,
1085 4892 1366 4948 terribilia
1422 4894 1722 4953 intentans
1780 4901 1839 4954 ni

187 4979 479 5050 facerent,
513 4985 742 5039 montes
804 5000 1012 5039 aureos
1072 4982 1377 5055 pollicens,
1438 4984 1486 5038 si
1546 4987 1838 5057 audirent,

183 5071 385 5138 quoad
413 5071 651 5126 tandem
685 5073 864 5128 misso
897 5073 1034 5130 illuc
1060 5074 1356 5147 logotheta
1379 5075 1835 5136 domesticorum

183 5156 511 5229 latrOpulo,
547 5159 638 5214 cui
681 5161 954 5216 comitem
986 5161 1251 5218 Ecclesiae
1285 5164 1689 5238 presbyterum
1741 5170 1835 5224 ad-

171 5247 397 5315 junxit,
437 5247 519 5302 sic
551 5265 752 5305 secum
785 5255 1084 5322 reputans,
1120 5251 1429 5323 logotbetae
1484 5255 1832 5327 dignitatem

175 5336 498 5393 valituram
526 5339 594 5393 ad
629 5339 951 5396 faciendam
986 5341 1158 5396 fidem
1195 5342 1407 5399 sinceri
1461 5344 1833 5417 imperatoris

177 5425 454 5481 animiin
490 5428 905 5498 promittendis
935 5429 1108 5486 bonis
1160 5431 1499 5504 ingentibus
1556 5451 1682 5505 quae
1731 5437 1832 5493 tali

174 5510 506 5585 interprete
536 5517 1102 5588 oii'erret,cumulum
1138 5537 1269 5577 vero
1301 5523 1702 5594 persuasionis
1723 5528 1830 5583 ad-

173 5602 440 5658 alituram
475 5603 931 5664 ecclesiasticam
982 5609 1327 5682 gravitatem
1385 5612 1710 5670 elucentem
1767 5615 1826 5672 in

1953 4636 2237 4692 Joannem
2275 4637 2480 4691 Lazum
2525 4633 2900 4698 deducentes,
2952 4646 3018 4685 ea
3065 4627 3436 4699 imperatoris
3495 4625 3598 4680 ab-

1954 4727 2142 4780 sentia
2174 4725 2359 4780 otiter
2387 4723 2640 4794 cognita,
2669 4721 2768 4775 ubi
2794 4719 3044 4790 primum
3103 4717 3248 4772 fines
3297 4716 3594 4771 Romanos

1951 4813 2666 4886 attigerunt,occasionem
2699 4810 2834 4864 inde
2851 4812 3178 4879 opportune
3214 4810 3595 4876 sumpserunt

1950 4903 2301 4975 suggerendi
2336 4899 2546 4956 Joanni
2591 4899 2886 4970 eleganter
2944 4896 3232 4950 facturum
3293 4893 3483 4961 illum,
3544 4893 3594 4948 si

1948 4993 2143 5048 rubris
2171 4989 2584 5048 calceamentis
2641 4987 2940 5060 paulisper
2969 4985 3157 5040 exutis
3191 4984 3356 5056 nigra
3385 4983 3595 5037 indue-

1946 5087 2031 5139 ret
2063 5098 2248 5152 usque
2280 5081 2350 5136 ad
2385 5077 2756 5151 imperatoris
2801 5075 2956 5130 brevi
3002 5074 3262 5130 adfuturi
3313 5072 3589 5126 reditum.

1945 5175 2013 5229 Et
2043 5173 2090 5228 si
2125 5173 2276 5229 enim
2304 5173 2360 5226 in
2390 5171 2655 5226 discessu
2680 5171 3029 5223 conventum
3054 5165 3381 5235 interipsos
3406 5163 3595 5217 fuerat

1944 5264 2342 5334 profecturum
2374 5261 2662 5316 Joannem
2692 5273 2822 5312 cum
2858 5255 2969 5312 sibi
3019 5254 3208 5310 solitis
3254 5250 3586 5322 insignibus

1942 5353 2251 5424 despoticae
2285 5350 2618 5424 potestatis,
2657 5352 2851 5403 tamen
2883 5361 3123 5402 causam
3155 5357 3284 5400 esse
3314 5341 3582 5394 idoneam

1941 5439 2311 5498 disserebant
2343 5456 2448 5496 cur
2477 5439 2537 5493 in
2585 5453 2650 5492 eo
2707 5441 2834 5491 tum
2896 5431 3199 5506 quidpiam
3259 5427 3585 5484 remitteret

1940 5546 2074 5588 eum
2132 5532 2348 5587 foenore
2402 5527 2598 5602 gloriae
2656 5543 2792 5582 mox
2842 5527 3183 5596 recepturus
3258 5514 3579 5575 honorifico

1935 5620 2185 5693 Augusti
2209 5619 2432 5693 judicio
2456 5618 2514 5673 id
2547 5617 2701 5690 quod
2725 5615 2926 5673 volens
2949 5615 3018 5671 ad
3050 5617 3284 5682 tempus
3309 5605 3587 5663 brevissi-
