3912 6192
336 321 442 377 987

1641 320 1943 377 GEORGII
1983 319 2444 380 PACHYMERE

3565 323 3646 379 988

333 448 422 502 καῖ
487 445 554 500 τὰ
617 450 717 514 τῆς
801 441 1116 505 δεσποτείας
1201 443 1407 499 ἐκεῖνον
1487 438 2339 521 ἀμφιϐαλλόμενοςΑήρεμεῖν,
2388 440 2534 497 ἀλλὰ
2598 443 2687 497 καὶ
2747 440 2900 506 αὖθις
2954 439 3190 507 σπονδὰς
3243 441 3428 506 ἐκείνας
3476 449 3656 522 συγχέας

333 531 604 606 σύμϐολα,
638 533 754 605 ἅμα
782 534 860 605 τῷ
900 530 1068 588 παῖδα
1115 534 1385 608 γενέσθαι,
1412 538 1723 608 περιφανῶς
1771 533 1982 596 ἐσαῦθις

333 623 660 690 κλεῒζεσοαι.
695 622 767 679 Τὸ
812 620 857 676 δ’
907 621 989 677 ἐπ’
1038 622 1287 700 ἐρυθροῖς
1343 618 1776 696 μεταλαμϐάνειν
1825 622 1891 677 τά
1924 622 1981 676 ἐκ

333 710 614 787 πορφύρας
646 709 844 786 δίχροα
881 714 955 784 μὴ
1014 713 1102 767 καὶ
1163 712 1308 774 ὅλως
1364 713 1601 786 ἀπρεπὲς
1647 712 1704 786 ᾖ,
1737 713 1871 781 πρὸς
1902 716 1980 783 τῷ

333 797 425 853 καὶ
458 798 647 862 ἄλλως
681 798 941 877 δυσχερὲς
989 809 1218 878 φανῆναι
1249 807 1328 873 τῷ
1390 801 1622 875 βασιλεῖ.
1680 805 1856 854 Ταῦτα
1887 800 1980 855 λέ-

331 887 511 957 ξαντές
539 910 598 944 τε
634 890 725 944 καὶ
772 890 1065 965 πράξαντες
1129 896 1189 965 τῇ
1246 891 1404 946 πόλει
1465 891 1855 964 προσίσχουσι,
1886 888 1976 943 καὶ

327 975 464 1030 κατά
519 978 609 1032 τὸν
672 977 870 1052 λιμένα
923 980 986 1034 τὸ
1042 982 1210 1054 Κέρας
1283 975 1582 1041 ἀποϐάντες
1639 980 1770 1050 νηὸς
1827 979 1974 1048 ξενα-

325 1067 911 1145 γοῦνταιπολυτελῶχ
941 1068 991 1124 ἔν
1040 1092 1148 1124 τισι
1197 1074 1314 1131 τοῖς
1371 1070 1508 1124 κατά
1554 1070 1652 1137 τήν
1708 1067 1872 1122 πόλιν
1900 1069 1976 1121 οἱ-

327 1157 556 1228 κήμασι.
616 1156 720 1214 Καί
767 1159 815 1233 γ’
848 1159 1187 1236 ἐφ’-ἡμέραις
1245 1161 1332 1213 τὸν
1391 1159 1496 1214 ἀπὸ
1552 1166 1653 1228 τῆς
1701 1156 1973 1227 θαλάσσης

330 1245 829 1319 ἀποσκευασάμενοι
887 1243 1136 1323 Θὸρυϐον,
1198 1248 1420 1310 ἐντολὰς
1479 1245 1758 1321 δεξάμενοι
1821 1247 1974 1316 βασι-

328 1332 488 1401 λέως,
520 1336 657 1408 πρὸς
683 1336 744 1390 τὸ
797 1335 1071 1392 Λοπάδιον
1105 1336 1366 1412 γίνονται.
1400 1338 1500 1393 Καὶ
1555 1335 1622 1406 δὴ
1672 1337 1740 1391 τὰ
1794 1334 1976 1390 εῗκὸτα

329 1423 841 1500 φιλοφρονηθέντες,
895 1429 986 1500 ἅμ’
1036 1427 1182 1499 αὖτῷ
1239 1429 1454 1503 βασιλεῖ
1501 1426 1626 1498 πλῷ
1686 1427 1977 1500 χρησάμε-

329 1532 436 1579 νοι,
475 1513 572 1580 τὴν
623 1513 784 1568 πόλιν
843 1512 1374 1590 καταλαμϐάνουσιν.
1433 1518 1694 1591 ’Ήπειγον
1747 1516 1847 1589 γὰρ
1879 1513 1976 1568 αὐ-

326 1601 418 1654 τὸν
450 1605 610 1656 τοῦτο
647 1603 741 1675 μὲν
802 1605 852 1658 οἱ
881 1605 1048 1679 γάμοι
1106 1613 1204 1674 τῆς
1262 1605 1550 1680 θυγατρὸς,
1581 1608 1742 1659 τοῦτο
1799 1600 1856 1656 δὲ
1884 1601 1973 1656 καὶ

329 1689 392 1768 ἐκ,
437 1687 639 1753 δύσεως
689 1694 935 1768 Τόχαροι
985 1695 1329 1769 ἀγγελθέντες
1388 1693 1721 1769 ἐξέρχεσθαι,
1753 1691 1844 1753 οὕς
1875 1693 1974 1746 αὐ-

2089 532 2360 608 ἐπεχείρει
2410 537 2528 594 τοῖς
2575 532 2651 604 μή
2703 534 3094 609 προσήκουσιν.
3153 529 3366 595 ’Ἄλλως
3395 531 3434 587 δ’
3461 533 3653 609 ἐπισχεῖν

2089 621 2249 676 αὐτὸν
2281 625 2390 676 τῶν
2449 619 2840 697 βουλευμάτων
2904 620 3157 697 βασιλεὺς
3211 623 3308 676 οὐκ
3335 617 3462 697 ἔχων
3489 625 3556 697 (τὸ
3578 625 3654 700 γὰρ

2089 711 2428 786 θερμουργὸν
2489 709 2692 766 ἐκείνου
2748 711 2838 766 καὶ
2891 709 3115 777 αὔθαδες
3164 713 3322 788 μέχρι
3363 712 3440 767 καὶ
3482 710 3525 773 ἐς
3553 712 3656 768 into-

2085 800 2308 872 κήρυξιν
2349 798 2553 855 ἐκεῖνον
2601 801 2674 862 ὡς
2718 800 3030 871 ὀιποστάτην
3080 799 3279 870 ἐτίθει),
3327 800 3371 854 εἴ
3401 802 3464 873 μή
3507 822 3558 874 γε
3579 804 3659 857 Το-

2086 887 2291 963 χάρους
2332 888 2615 965 ἐπαγαγὼν
2677 896 2846 945 πᾶσαν
2912 890 3004 964 μὶν
3063 891 3161 959 τήν
3219 889 3411 944 ἐκείνου
3463 888 3658 959 Mica-.12

2086 975 2244 1032 αὐτὸν
2288 975 2332 1032 δ’
2386 976 2437 1032 ἐν
2501 983 2668 1051 στενῷ
2733 981 3061 1050 καταστήσει
3137 978 3450 1056 πραγμάτων
3499 999 3548 1033 τε
3593 978 3661 1032 καὶ

2086 1064 2350 1138 ἐλπίδων,
2411 1066 2461 1122 ei
2514 1068 2646 1131 τέως
2707 1066 2983 1142 διαδράσει
3040 1070 3131 1125 τὸν
3192 1067 3420 1124 κίνδυνον
3471 1067 3664 1122 ταῦτ’ἐπ

2083 1156 2206 1210 νοῦν
2271 1157 2512 1234 στρέφων
2569 1159 2854 1234 Τοχάρους
2918 1157 3151 1234 ἐπῆγεν.
3213 1154 3459 1232 Εὕκαιρον
3512 1154 3551 1210 δ’
3596 1155 3667 1230 clx

2083 1243 2172 1298 καὶ
2238 1245 2329 1299 τὸν
2406 1244 2678 1323 ἐφεστῶτα
2757 1251 3028 1322 χειμῶνα·
3122 1251 3389 1323 χειμῶνος
3448 1244 3533 1320 γὰρ
3595 1244 3665 1298 καὶ

2085 1331 2310 1403 σύνηθες
2366 1332 2590 1398 ἐκείνοις
2649 1336 2976 1410 στρατεύειν⁸
3028 1337 3084 1390 ὃν
3135 1334 3224 1391 καῖ
3292 1327 3665 1406 προκαταλαϐεῖν

2082 1421 2362 1497 ἠπείγετο,
2396 1424 2471 1486 ὡς
2529 1423 2629 1495 ἔξω
2687 1425 2906 1488 πόλεως
2953 1420 3250 1498 συμϐαλεῖν
3303 1422 3666 1498 Τοχάροις.Ἥν

2085 1507 2142 1565 δὲ
2173 1512 2275 1584 ἄρα
2303 1514 2364 1566 τὸ
2395 1513 2775 1587 μελετώμενον
2809 1513 3038 1588 μέλημα
3074 1515 3169 1588 μὲν
3197 1511 3377 1574 ἄλλως
3420 1511 3668 1586 στρατιώτῃ

2084 1603 2288 1674 πρέπον
2348 1601 2619 1672 ἐπιεικῶς,
2681 1610 2991 1679 Χριστιανῷ
3048 1603 3104 1660 δὲ
3173 1604 3264 1659 καῖ
3320 1601 3430 1658 λίαν
3485 1597 3668 1669 ἀπᾷδονο

2084 1685 2294 1752 ἀσεϐεῖς
2337 1693 2436 1767 γὰρ
2500 1692 2589 1748 ἐπὶ
2644 1695 2999 1769 Χριστιανοὺς
3055 1693 3281 1770 ἐξορμᾷν
3333 1691 3418 1747 καὶ
3448 1691 3494 1765 γ’
3521 1689 3670 1753 ἀθέους

327 1769 417 1839 τὸς
452 1779 728 1853 βασιλεὺς,
763 1784 943 1858 Νογᾶν
991 1783 1223 1854 ἀξιώσας
1281 1785 1415 1838 κατά
1469 1787 1565 1838 τοῦ
1615 1777 1972 1857 σεϐαστοκρά-
2006 1818 2052 1882 Β
2085 1777 2164 1857 ἐφ’
2195 1779 2333 1856 ἱερά,
2371 1782 2446 1853 μὴ
2477 1784 2564 1837 καὶ
2599 1788 2703 1838 τῶν
2738 1783 2947 1862 σφόδρα
2994 1785 3141 1847 θείου
3191 1778 3359 1860 φόϐου
3405 1777 3672 1853 ἀνεπιστρό-

325 1887 487 1942 τορος
547 1869 794 1924 Ἰωάννου
830 1915 844 1942 ,
915 1871 1120 1928 ἐκείνου
1167 1874 1484 1946 πέμψαντος
1543 1869 1840 1946 ἐξεδέχετο.
1900 1873 1977 1940 τῷ
2009 1865 2052 1882 υ
2086 1890 2198 1945 φων
2258 1870 2319 1924 τὸ
2356 1865 2627 1944 τόλμημα
2781 1872 2944 1929 Ἀλλ’
2999 1872 3237 1936 ἐκείνους
3291 1873 3378 1945 μὶν
3445 1869 3601 1943 ἐξῆγεν
3646 1867 3672 1934 ἡ

327 1956 465 2020 τέως
494 1962 621 2032 γοῦν
657 1959 830 2031 μηνὸς
877 1961 1236 2035 Γαμηλιῶνος
1286 1960 1555 2037 λήγοντος
1602 1959 1821 2021 ἐπιστὰς
1849 1957 1974 2020 τοὺς

329 2046 546 2120 γάμους
588 2047 756 2104 ἐτέλει
787 2053 854 2124 τῇ
915 2050 1156 2127 θυγατρί.
1212 2050 1381 2109 ’Όλον
1436 2048 1484 2105 δ’
1512 2044 1976 2126 Ἐλαφηϐολιῶνα

331 2131 604 2212 διαγαγὼν
661 2137 883 2214 ἐξήρτυε
932 2137 1184 2214 δυνάμεις
1235 2140 1325 2195 καὶ
1383 2138 1520 2215 πρὸς
1583 2138 1766 2210 ἔξοδον
1820 2140 1974 2207 ἡτοι-

329 2224 550 2296 μάζετο.

327 2327 420 2388 λε’.
507 2333 706 2411 Ὅπως
765 2334 793 2388 ὁ
831 2410 834 2411 ν
876 2333 1128 2411 βασιλεὺς
1209 2334 1603 2411 μετέκαλέσατο
1678 2333 1972 2409 Τοχάρους

574 2406 712 2460 κατά
756 2410 854 2460 τοῦ
876 2403 885 2411 ’
905 2403 1409 2484 σεϐαστοκρᾶτορος
1459 2406 1721 2478 Ἰαάννου,

405 2492 486 2563 [Ρ.
519 2495 646 2566 356]
679 2496 773 2566 Τῷ
827 2496 931 2570 γὰρ
966 2492 1418 2573 σεϐαστοκράτορι
1477 2497 1695 2570 Ἰωάννῃ
1754 2493 1852 2549 οὐκ
1907 2494 1975 2562 ἦν

326 2725 488 2764 mum
539 2711 931 2783 deposuisset.
989 2714 1332 2787 Imperatori
1391 2713 1608 2785 quippe
1657 2712 1958 2766 decretum

321 2813 449 2854 esse
474 2798 782 2869 Joannem,
808 2802 1008 2858 statim
1043 2808 1216 2874 atque
1247 2803 1304 2857 id
1336 2800 1832 2857 necessitudinem
1858 2798 1960 2853 ﬁlii

321 2887 595 2946 admotus
625 2890 675 2945 is
706 2890 816 2946 sibi
850 2892 995 2948 foret
1027 2893 1322 2964 desponsa
1352 2891 1464 2964 ipsi
1526 2891 1759 2962 propria
1818 2890 1959 2959 filia,

324 2977 634 3049 magniﬁce
667 2996 873 3037 ornare
903 2980 978 3037 iis
1001 2981 1284 3052 symbolis
1315 2997 1602 3052 suprema:
1635 2980 1956 3052 dignitatis,

323 3081 451 3136 qua:
485 3067 748 3140 despotis
777 3071 835 3125 in
871 3070 1006 3127 aula
1037 3071 1406 3143 imperatoris
1439 3069 1619 3126 tribui
1659 3069 1949 3126 solebant.

324 3153 649 3212 Doliturum
683 3164 878 3214 autem
910 3159 1046 3231 ipsi,
1068 3160 1408 3217 siJoannem
1431 3161 1651 3216 videret
1676 3176 1743 3215 ea
1772 3176 1874 3230 per
1898 3175 1960 3215 se

2085 1957 2192 2012 ἀπὸ
2255 1960 2524 2033 βασιλέως
2583 1960 2803 2032 ἀξίωσις
2855 1963 2991 2037 πρὸς
3047 1968 3252 2037 Νογᾶν,
3309 1960 3394 2016 καὶ
3443 1960 3499 2014 τὸ
3535 1954 3674 2011 θέλειν

2083 2046 2296 2110 πάντως
2355 2049 2555 2104 ἐκεῖνον
2613 2051 2918 2130 ἐξαφανίσαι
2985 2053 3074 2108 καὶ
3135 2055 3323 2128 χώρας
3378 2047 3562 2109 ἐκείνας
3605 2045 3674 2100 καῖ

2080 2136 2172 2191 τὸν
2207 2135 2424 2212 ἐχθρόν’
2459 2139 2558 2194 οὐκ
2585 2141 2652 2210 ἦν
2681 2139 2738 2196 δὲ
2795 2139 2896 2217 ἄρα
2927 2139 3364 2218 καταρῥᾳθυμεῖν
3395 2139 3486 2206 τὴν
3530 2133 3672 2202 δίκην.

2082 2224 2228 2280 ἀλλὰ
2265 2226 2590 2300 παλίμποῦς
2634 2227 2766 2285 οὖσα
2820 2232 2942 2286 τότε
2999 2228 3214 2304 μᾶλλον
3265 2229 3352 2285 καὶ
3406 2228 3673 2301 προηγεῖτο,

2080 2314 2157 2378 ὡς
2189 2317 2322 2387 μετὰ
2352 2317 2547 2394 μικρὸν
2580 2319 2608 2373 ὁ
2639 2314 2802 2396 λόγος
2835 2319 2967 2396 ἐρεῖ.
3001 2319 3217 2390 Τηνίκα
3248 2317 3306 2374 δὲ
3334 2318 3676 2389 Μουνυχιῶνος

2085 2405 2258 2477 μηνὸς
2291 2404 2574 2471 ἐνστάντος
2604 2407 2809 2474 ἐκεῖνος
2839 2409 2934 2483 μὲν
2975 2409 3113 2484 πρὸς
3143 2411 3245 2479 τήν
3285 2404 3458 2478 ἔξοδον
3486 2407 3677 2474 ἡτοιμα-

2083 2496 2222 2566 ζετο›
2255 2494 2322 2549 οὐ
2350 2495 2508 2552 τόσον
2553 2503 2632 2571 τῷ
2679 2500 2798 2554 κατ’
2845 2498 3002 2555 αὐτὸν
3045 2497 3252 2570 πλήθει
3296 2498 3382 2553 καὶ
3427 2500 3530 2556 ταῖς
3556 2490 3678 2547 δυνά-

2119 2711 2210 2765 35.
2266 2717 2328 2773 Ut
2384 2719 2687 2791 imperator
2744 2719 3014 2775 Tocharos
3059 2715 3414 2774 accersiverit
3485 2720 3642 2770 contra

2499 2793 2769 2848 Joannem
2783 2792 3294 2848 sebastocralorem.

2143 2893 2331 2953 Causa
2345 2898 2521 2972 hujus
2542 2901 2930 2974 expeditionis
2948 2900 3248 2973 fuit,quod
3263 2899 3670 2964 Joannes,quem

2070 3007 2215 3046 suus
2235 2991 2538 3063 inquietus
2554 2992 2788 3048 animus
2803 2991 3326 3064 tranquillevivere
3339 3005 3448 3044 non
3462 2984 3672 3046 sinebat,

2068 3095 2272 3135 rursus
2307 3081 2520 3138 fmdere
2553 3099 2738 3154 nuper
2767 3082 2913 3138 inito
2959 3079 3174 3136 violato
3210 3077 3521 3136 conabatur
3545 3073 3678 3127 inva-

2067 3167 2206 3225 dere
2236 3186 2352 3226 non
2385 3187 2513 3227 sua.
2547 3171 2626 3226 Ea
2657 3189 2746 3227 res
2776 3172 3109 3240 Augustum
3144 3168 3350 3237 movit,
3379 3167 3521 3221 feros
3572 3161 3672 3229 ejus

321 3258 658 3314 occupasse,
693 3263 822 3317 quae
855 3248 1070 3304 habere
1101 3249 1266 3305 illum
1301 3267 1406 3306 suo
1439 3249 1741 3319 beneﬁcio,
1767 3254 1823 3306 et
1853 3250 1966 3306 sibi
1997 3239 2040 3307 C
2079 3259 2451 3332 audacesque
2475 3259 2729 3330 impetus
2751 3239 3120 3330 compescere
3143 3258 3319 3314 aliter
3363 3270 3474 3311 non
3512 3248 3675 3306 valen-

319 3347 558 3403 suaeque
587 3350 725 3406 erga
755 3336 921 3391 illum
951 3337 1366 3393 benevolentia:
1397 3338 1677 3410 imputari
1701 3343 1957 3411 cuperet.

318 3418 467 3480 Quin
499 3425 556 3474 et
585 3421 804 3492 alioqui
827 3441 1035 3495 parum
1061 3426 1496 3495 convenirejam
1516 3443 1775 3498 purpura
1797 3432 1957 3482 uten-

317 3508 434 3561 tem
459 3507 744 3566 bicolores
767 3527 834 3566 ex
864 3528 1029 3567 roseo
1051 3518 1108 3568 et
1129 3513 1534 3586 candido,qum
1558 3516 1800 3588 prOpriae
1824 3517 1960 3571 des-

323 3600 594 3668 potarum
628 3605 844 3666 essent,
877 3605 1068 3658 vestes
1091 3619 1415 3659 assumere.
1438 3603 1638 3676 Itaque
1669 3621 1739 3661 ne
1761 3621 1960 3677 grava-

322 3687 484 3761 retur
513 3687 769 3758 primum
802 3707 1108 3747 occursum
1132 3692 1469 3765 imperatori
1500 3693 1772 3750 exhibere
1794 3694 1851 3749 in
1893 3710 1958 3748 eo

322 3771 504 3842 cultu,
546 3777 647 3847 qui
700 3778 1035 3837 facultatem
1085 3781 1137 3837 ei
1187 3799 1301 3838 non
1353 3783 1685 3855 praeriperet
1738 3783 1956 3854 ipsum,

321 3865 475 3935 quod
509 3866 732 3936 avebat,
763 3868 1011 3927 insolitis
1042 3871 1282 3928 honoris
1315 3871 1650 3945 insignibus
1680 3874 1959 3928 decoran-

318 3953 398 4012 di.
455 3954 586 4012 Haec
642 3957 902 4016 dicentes
959 3962 1113 4020 524
1175 3967 1560 4034 persuserunt
1608 3965 1759 4035 quod
1805 3962 1960 4018 vole-

314 4042 476 4114 bant,
529 4063 783 4121 cumque
815 4051 1095 4108 Lazorum
1130 4053 1393 4125 principe
1424 4069 1489 4108 eo
1523 4069 1695 4124 quem
1726 4057 1957 4124 optave-

317 4137 448 4188 rant
479 4137 650 4193 modo
700 4141 907 4197 vestito
956 4142 1023 4196 ad
1083 4143 1285 4198 urbem
1337 4142 1713 4215 appulerunt,
1756 4158 1957 4198 excen-

317 4220 633 4293 dentesque
653 4242 684 4280 e
710 4227 838 4281 navi
859 4229 931 4284 ad
955 4235 1189 4301 portum
1213 4233 1386 4288 Ceras
1409 4232 1628 4287 dictum
1652 4230 1959 4302 splendide

317 4313 459 4364 sunt
490 4309 744 4383 hospitio
775 4319 996 4388 excepti
1028 4318 1087 4373 in
1111 4320 1467 4377 suburbanis
1495 4319 1832 4388 domiciliis,
1857 4319 1957 4375 ubi

315 4412 420 4468 per
445 4396 669 4471 aliquot
697 4402 823 4458 dies
855 4406 1051 4462 refecti
1085 4425 1115 4463 e
1148 4410 1465 4479 jactatione
1497 4409 1663 4465 navis
1693 4413 1750 4464 et
1781 4409 1956 4465 maris

316 4501 556 4556 nausea,
595 4492 872 4549 mandato
913 4497 982 4550 ad
1043 4513 1104 4552 se
1159 4499 1429 4555 veniendi
1477 4500 1548 4554 ab
1606 4499 1954 4569 imperatore

2067 3352 2209 3417 tem,
2237 3350 2308 3405 ad
2332 3366 2466 3405 eum
2491 3350 2976 3422 proscribendum
2999 3353 3064 3405 ut
3093 3341 3676 3414 rebellem,Tocharos-

2070 3453 2185 3507 que
2201 3437 2260 3493 in
2284 3456 2415 3494 eum
2433 3438 2962 3511 immittendos,qui
2977 3435 3439 3494 vastitateterris
3456 3425 3675 3505 ipsisub-

2063 3527 2240 3597 jectis
2273 3528 2577 3583 inferenda
2608 3545 2742 3599 spes
2773 3543 2985 3599 resque
3018 3527 3212 3599 ipsius
3237 3528 3294 3581 in
3329 3529 3509 3580 artum
3540 3529 3673 3588 coge-

2069 3619 2219 3672 rent.
2251 3615 2417 3670 Talia
2447 3620 2775 3671 versantem
2802 3615 3000 3670 animo
3032 3614 3282 3686 urgebat
3311 3612 3494 3668 hiems
3513 3600 3672 3662 immi-

2068 3718 2236 3772 nens,
2269 3702 2535 3774 ineptum
2569 3703 2649 3758 rei
2683 3720 2715 3758 a
2745 3702 2870 3758 suis
2928 3703 3197 3774 gerendas
3255 3705 3505 3770 tempus,
3548 3689 3668 3751 525

2071 3791 2340 3864 quamvis
2396 3795 2790 3863 opportunum
2827 3790 3134 3859 Tocharis,
3169 3790 3275 3862 qui
3327 3785 3585 3844 libentius
3627 3795 3677 3835 ea

2067 3883 2417 3952 tempestate
2440 3880 2672 3952 prodire
2725 3881 2796 3936 ad
2826 3879 3044 3936 bellum
3087 3879 3302 3936 solent.
3336 3881 3542 3934 Tamen
3593 3885 3677 3926 sua

2067 3975 2125 4025 et
2171 3983 2412 4025 suorum
2469 3986 2646 4025 causa
2694 3973 3035 4041 praavertere
3101 3968 3432 4040 oportebat.
3487 3963 3676 4018 mature

2069 4059 2424 4114 occurrendo
2455 4063 2617 4114 extra
2647 4057 3236 4126 urbemTocharis,ut
3265 4057 3398 4112 illos
3426 4056 3559 4110 bene
3578 4047 3677 4104 ani-

2069 4152 2257 4204 matos
2281 4147 2603 4204 dimitteret
2632 4149 2703 4204 ad
2739 4148 3103 4221 diripiendas
3135 4149 3409 4219 ferroque
3440 4161 3500 4201 ac
3536 4144 3676 4198 ﬂam-

2067 4256 2165 4295 ma
2195 4239 2609 4295 deformandas
2637 4239 2847 4296 ditioni
2877 4240 3125 4296 Joannis
3156 4239 3433 4295 subditas
3486 4236 3674 4308 gentes.

2065 4327 2349 4400 Cogitatio
2373 4327 2494 4383 haec
2525 4332 2649 4384 erat
2678 4327 2943 4384 bellatori
2977 4327 3220 4400 quidem
3263 4328 3410 4383 forte
3458 4340 3560 4380 non
3606 4319 3677 4373 in-

2065 4435 2414 4490 congruens,
2450 4423 2508 4474 at
2537 4419 2937 4475 Christianum
2969 4420 3265 4475 dedecens
3299 4418 3384 4474 vel
3445 4412 3676 4472 maxime.

2067 4507 2286 4578 Impios
2364 4507 2520 4563 enim
2563 4508 2620 4563 in
2684 4507 3048 4565 Christianos
3095 4525 3354 4578 armare,
3409 4511 3464 4563 et
3508 4501 3678 4558 atheos

311 4580 894 4671 ΡθοῆΡίΟΔῙιοραάίυῐη
929 4586 1191 4656 Ρνοῖθοιίν
1224 4588 1437 4659 (ἱηίδυε
1466 4588 1660 4644 decu“
1705 4587 1948 4643 beneVO-
1981 4606 2026 4671 ι)
2058 4595 2489 4666 sacrilegosque
2516 4600 2780 4667 raptores
2802 4597 2857 4652 in
2873 4600 3110 4652 sacraet
3131 4591 3677 4668 templaimmittcre,

310 4662 498 4719 lentiae
531 4667 1059 4739 significationibus
1086 4677 1330 4733 admissi
1363 4677 1710 4748 tractatique
1755 4679 1826 4733 ab
1879 4692 1946 4732 eo

310 4758 468 4820 sunt,
499 4772 748 4830 moxque
779 4779 912 4818 cum
946 4764 1105 4835 ipsos
1137 4767 1267 4821 navi
1297 4768 1441 4823 vecti
1476 4785 1682 4824 rursus
1742 4767 1946 4823 urbem

309 4845 645 4903 tenuerunt.
680 4850 1017 4910 Festinabat
1048 4856 1202 4911 enim
1236 4855 1554 4929 imperator
1609 4863 1736 4913 tum
1793 4859 1947 4929 quod

313 4931 446 4987 filim
481 4937 715 5007 nuptias
745 4942 1031 4999 conficere
1061 4945 1500 5017 quamprimum
1535 4963 1565 5002 e
1598 4964 1657 5003 re
1689 4949 1948 5012 duceret,

309 5019 434 5071 tum
469 5019 623 5089 quod
657 5022 1072 5081 nuntiarentur
1101 5043 1169 5082 ex
1199 5026 1472 5084 Occiduis
1523 5029 1791 5100 partibus
1848 5030 1949 5085 ad-

312 5110 545 5164 venture
601 5108 869 5180 Tochari,
905 5131 1052 5186 quos
1086 5134 1120 5172 a
1161 5117 1322 5189 Noga
1381 5117 1797 5190 impetraverat
1854 5121 1951 5176 ad-

314 5209 516 5253 versus
548 5198 835 5257 Joannem
866 5203 1388 5261 sebastocratorem
1413 5207 1630 5264 auxilio
1648 5207 1760 5262 sibi
1779 5208 1950 5263 mitti.

312 5289 473 5343 Tunc
504 5289 683 5362 igitur
705 5293 1033 5365 Septembri
1065 5308 1262 5350 mense
1293 5294 1595 5353 desinente
1652 5312 1953 5370 regressus

315 5376 375 5432 in
404 5378 605 5436 urbem
658 5382 893 5454 nuptias
946 5381 1074 5438 ﬁliae
1131 5381 1405 5440 celebrat.
1455 5385 1759 5442 Octobrem
1818 5387 1955 5443 inde

315 5470 506 5526 totum
537 5473 930 5546 comsumpsit
963 5472 1149 5544 copiis
1182 5471 1546 5531 instruendis
1567 5475 1958 5549 expeditione-

318 5571 432 5628 que
460 5563 818 5634 apparanda.
1052 5556 1065 5571 ’

2059 4685 2286 4741 facinus
2343 4685 2453 4739 fuit
2483 4685 2741 4741 immane
2772 4689 3056 4756 quantum
3093 4683 3358 4740 alienum
3390 4701 3424 4740 a
3469 4681 3677 4736 timente

2058 4775 2245 4831 Deum
2278 4776 2335 4828 et
2361 4773 2577 4829 Christi
2601 4774 2823 4830 cultore
2849 4773 3131 4844 principe.
3164 4775 3388 4830 Tamen
3421 4767 3675 4829 exercitus

2065 4863 2328 4920 barbarae
2359 4861 2518 4918 illius
2541 4863 2732 4934 gentis
2755 4880 2789 4918 a
2818 4861 2980 4934 Noga
3014 4862 3289 4934 precibus
3345 4853 3680 4932 imperatoris

2065 4953 2210 5008 ﬂexo
2245 4951 2489 5019 missus,
2518 4953 2638 5023 jam
2671 4969 2701 5008 e
2728 4951 2944 5007 ﬁnibus
2965 4967 3243 5024 egressus
3265 4952 3392 5009 suis
3409 4951 3477 5006 ad
3498 4949 3678 5003 nutum

2064 5043 2304 5112 paratus
2329 5041 2540 5110 stabat,
2572 5043 2638 5095 ut
2680 5039 2740 5095 in
2789 5039 3071 5095 ditionem
3120 5040 3369 5096 Joannis
3419 5035 3680 5094 hostiliter

2064 5127 2435 5201 irrumperet.
2468 5129 2582 5185 Nec
2606 5129 2787 5199 hujus
2816 5128 3053 5184 sceleris
3081 5127 3675 5200 vindicta,quanqnam

2067 5217 2211 5273 alias
2242 5219 2502 5274 cunctari
2535 5218 2725 5286 solita,
2759 5218 2924 5272 tarde
2955 5234 3113 5274 nunc
3136 5217 3391 5274 occurrit
3422 5235 3436 5274 :
3483 5225 3676 5271 verum.

2066 5311 2132 5361 ut
2164 5322 2294 5362 mox
2327 5308 2574 5378 dicetur,
2607 5323 2782 5380 quam
2814 5305 3115 5363 celerrime
3155 5309 3563 5380 repraesentata
3587 5301 3678 5359 est,

2067 5394 2233 5449 Tunc
2261 5411 2398 5468 ergo
2429 5397 2541 5452 sub
2574 5394 3227 5451 medinmNovembrem
3251 5387 3683 5468 procinctusim-

2066 5486 2298 5555 perator
2327 5485 2386 5540 in
2427 5483 2852 5558 expeditionem
2894 5482 3242 5540 imminebat
3300 5500 3434 5542 cum
3487 5472 3678 5553 paratis

2066 5570 2272 5644 copiis,
2305 5571 2463 5630 haud
2495 5577 2729 5631 tantum
2761 5572 2974 5629 harum
3017 5573 3398 5629 multitudine
3447 5567 3679 5628 conﬁsus

2069 5665 2357 5734 quantum
2388 5663 2598 5721 robore
2628 5660 2974 5732 feritateque
2999 5661 3420 5719 Tocharorum.
3439 5653 3677 5729 Augusta
