3912 6192
210 320 317 374 989

1268 325 1363 377 DE
1402 324 1774 379 MICHAELE
1813 325 2257 383 PALBOLOGO
2294 332 2428 387 LIB.
2469 331 2543 388 Vl

3523 340 3635 395 990

217 466 369 518 μεσιν
683 444 809 501 ὅσον
844 444 1123 521 Τοχάροις
1153 446 1386 523 οαῤῥῶνο
1438 449 1472 517 ἡ
1518 444 1563 502 δ’
1593 447 1873 522 Αὐγούστα
1900 451 1956 517 Α
1984 453 2051 523 τῇ
2079 535 2084 536 7
2108 450 2254 527 παρᾶ
2303 458 2404 521 τῆς
2459 452 2780 527 Αὐγούστης
2839 457 3072 532 οχλήσει
3135 462 3227 515 καὶ
3282 463 3522 536 ταραχῇ,
3556 462 3633 525 ὡς

207 538 374 590 τοῦτο
438 535 534 607 μὲν
596 534 856 612 ἀφορῶσα
910 536 1002 590 καὶ
1071 536 1206 609 πρὸς
1263 537 1325 591 τὸ
1381 544 1481 605 τῆς
1534 536 1873 608 ἐκστρατείας

207 622 527 699 παράλογόν
559 644 617 678 τε
664 625 753 678 καὶ
808 624 1188 699 παρακαίριον,
1238 629 1400 680 τοῦτο
1450 624 1505 680 δὲ
1552 627 1641 681 καὶ
1693 625 1871 703 ἆρῥω-

208 714 361 767 στίαν
428 712 779 784 ἐπικειμένην
846 717 1185 767 κατανοοῦσα
1240 719 1320 785 τῷ
1383 712 1599 789 βασιλεῖ
1657 713 1715 768 ἐκ
1768 717 1867 783 τῆς

205 802 344 857 κατὰ
400 802 461 855 τὸ
513 801 671 875 θέρος
703 798 1040 877 δυσπραγίας
1084 798 1481 875 ἐπισυμϐἆσαν,
1536 804 1625 858 καί
1655 824 1703 857 τι
1755 808 1863 857 τῶν

208 885 540 959 ἀϐουλήτων
605 892 930 959 ὑπονοοῦσα,
991 890 1178 967 ἐπεῖχέ
1232 914 1290 946 τε
1346 894 1743 966 σθεναρώτερον
1775 893 1865 946 καὶ

209 978 407 1049 ἐξιέναι
467 977 568 1034 οὒκ
594 978 697 1048 εἶά,
758 979 856 1035 οὐκ
888 980 1313 1053 ἱιφωσιωμένως,
1369 982 1443 1045 ὡς
1498 981 1557 1035 ἂν
1583 1003 1665 1043 τις
1697 979 1862 1051 εἴποι,

201 1070 295 1123 καὶ
350 1068 409 1123 ἐκ
460 1068 723 1143 πλαγίου,
786 1068 911 1124 ἀλλ’
960 1068 1282 1132 ἐνστατικῶς
1311 1068 1440 1146 ἄγαν
1473 1071 1562 1125 καὶ
1594 1075 1860 1147 φανερῶς,

202 1160 283 1221 ὡς
341 1161 483 1234 μέγα
536 1180 589 1213 τι
664 1160 824 1213 κακὸν
885 1159 936 1229 ἐξ
1010 1159 1246 1236 ἀνάγκης
1325 1160 1687 1236 προξενούσης
1758 1167 1858 1230 τῆς

202 1247 573 1322 ἐκστρατείας,
609 1248 728 1317 Καὶ,
786 1273 804 1299 ι
858 1248 918 1302 Τί
948 1250 1157 1321 παθὼν,
1209 1247 1416 1325 ἔλεγεν,
1466 1248 1702 1324 ἀφειδεῖς
1761 1252 1857 1322 μὲν

199 1338 484 1411 σώματος,
530 1334 767 1413 ἀφειδεῖς
801 1335 857 1392 δὲ
909 1337 997 1392 καὶ
1028 1338 1197 1408 αὐτῆς
1232 1342 1413 1409 ζωῆςς
1465 1338 1522 1392 ’ὀν
1587 1338 1632 1392 εί
1695 1340 1769 1412 μή
1802 1339 1854 1393 τί

200 1430 261 1503 γ’
315 1427 454 1483 ἄλλο
510 1427 585 1490 εἷς
616 1428 849 1502 ὑποψίας
906 1430 963 1484 ἃν
1024 1429 1209 1504 ἐνῆγεν
1268 1430 1370 1484 οὐκ
1401 1429 1603 1504 ἀγαθὰς
1631 1430 1720 1485 καὶ
1754 1428 1857 1485 δεί-

200 1538 349 1591 ματα
402 1517 603 1590 καίρια,
667 1517 790 1573 ἀλλ’
849 1517 940 1572 οῦν
999 1521 1033 1588 ἡ
1090 1520 1247 1580 νόσος
1276 1519 1411 1588 αὐτή
1444 1521 1624 1574 καὶτὸ
1660 1521 1735 1592 μὴ
1766 1521 1854 1574 εὐ-

194 1608 427 1681 ρώστως
462 1605 608 1681 ἔχειν
638 1607 819 1662 ἱκανὸν
862 1607 1094 1663 κωλύειν
1157 1607 1214 1661 ἃν
1268 1607 1567 1681 ἐνομίζετο.
1601 1633 1628 1660 ››
1678 1614 1765 1680 Τῷ
1797 1609 1853 1664 δὲ

188 1701 321 1758 ταῖς
352 1695 634 1766 ἀληθείαις
688 1697 824 1751 κατά
853 1700 976 1750 νοῦν
1023 1698 1114 1764 ἦν,
1173 1697 1296 1772 περὶ
1354 1695 1528 1769 ἑαυτῷ
1575 1695 1849 1753 δειλιῶντι

190 1786 461 1857 κάκείνῳ,
533 1786 634 1852 τὴν
692 1791 905 1857 Θρᾳκην
971 1780 1347 1840 καταλαϐόντα
1433 1786 1695 1859 συμμίξαι
1752 1787 1846 1859 μὲν

188 1879 321 1938 τοῖς
365 1875 645 1949 Τοχάροις
687 1875 777 1928 καί
827 1895 886 1949 γε
912 1872 1104 1949 λόγοις
1135 1875 1222 1929 καὶ
1264 1872 1538 1946 δεξιώσεσι
1568 1873 1850 1950 διεγεῖραι,

194 1963 265 2019 οὗ
324 1965 433 2036 μὴν
480 1961 536 2018 δὲ
578 1961 668 2018 καὶ
717 1968 1213 2038 συνεκστρατεῦσαι,
1264 1961 1390 2018 ἀλλ’
1419 1963 1542 2019 ὅσον
1571 1962 1853 2040 ἐγχωροῦν

192 2054 472 2129 προϊόντα
529 2052 621 2107 σὺν
689 2051 867 2129 σφίσιν
901 2051 1136 2108 ἐκείνους
1184 2053 1277 2126 μὲν
1332 2058 1448 2114 τοῖς
1499 2052 1722 2117 οἰκείοις
1751 2075 1855 2109 πα-

194 2140 464 2217 ραδοῦναι
522 2141 610 2197 καί
661 2139 812 2213 τάξαι
865 2142 925 2196 τὸ
982 2143 1262 2213 ποιητέον,
1320 2142 1481 2197 αὐτὸν
1513 2140 1560 2197 δ’
1594 2144 1855 2219 ὑποστρέ-

191 2233 322 2304 ψαι.
357 2230 723 2307 Ἐτεκμηρίου
766 2228 821 2285 δὲ
868 2235 1035 2286 ταῦτα
1076 2231 1166 2285 καὶ
1221 2232 1283 2285 τὸ
1340 2231 1669 2302 συνεξελθεῖν
1718 2233 1856 2287 υἱέσι

186 2342 252 2377 τε
306 2320 395 2376 καὶ
454 2316 763 2398 γαμϐροῖς,
819 2321 932 2394 ἅμα
988 2321 1077 2376 καὶ
1135 2320 1280 2393 αὐτῷ
1337 2320 1402 2392 δὴ
1460 2326 1542 2394 τῷ
1594 2321 1860 2398 πρότριτα

185 2407 670 2488 γαμϐρευσαμὲνῳ
723 2416 803 2483 τῷ
862 2412 1108 2485 Ἰωάννῃ.
1169 2408 1326 2467 Ἀλλ’
1355 2410 1507 2484 ὅμως
1544 2412 1647 2467 ὑπὸ
1670 2409 1859 2485 πολλῇ

186 2651 336 2693 vero
369 2640 654 2709 reputans
685 2652 861 2708 quam
895 2635 1084 2693 alieno
1136 2638 1400 2706 tempore
1444 2633 1859 2706 profectionem

188 2726 384 2784 talem
441 2726 754 2782 adornaret
810 2726 1149 2796 imperator,
1183 2741 1314 2797 quae
1350 2724 1439 2780 vel
1501 2724 1858 2781 benevalenti

190 2814 538 2891 periculosa
572 2815 718 2871 foret
749 2832 762 2871 :
799 2818 1017 2887 quanto
1040 2830 1176 2887 ergo
1210 2815 1398 2887 magis
1446 2814 1681 2869 infirmo
1741 2829 1862 2869 cer-

190 2912 324 2962 tam
360 2904 613 2961 allatura
644 2904 961 2976 perniciem
993 2904 1289 2960 videretur
1334 2904 1493 2975 (nam
1526 2905 1860 2959 confractus

200 2992 498 3050 aerumnis
551 2993 848 3065 preteritae
895 2992 1115 3049 aestatis
1138 2993 1209 3047 ab
1242 2992 1593 3063 imperatore
1625 2992 1863 3047 morbus

189 3082 309 3138 etsi
351 3082 647 3153 aliosipso
665 3081 887 3138 celante
934 3080 1542 3152 latebat,perspectus
1585 3083 1858 3152 Augusta

187 3177 402 3229 tamen
436 3174 603 3242 erat),
636 3170 793 3225 omni
821 3186 929 3243 ope
951 3186 1246 3226 removere
1269 3171 1457 3225 virum
1499 3171 1571 3226 ab
1604 3170 1713 3225 hoc
1759 3170 1853 3224 iti-

187 3277 338 3317 nere
370 3259 746 3332 suscipiendo
780 3260 1121 3315 conabatur.
1160 3260 1221 3314 In
1256 3276 1370 3331 quo
1394 3276 1507 3315 non
1539 3259 1856 3315 artificioso

187 3351 451 3405 circuitu
478 3354 582 3405 aut
626 3365 728 3421 per
774 3349 1046 3421 obliquos
1094 3352 1395 3406 anfractus
1452 3350 1855 3421 grassabatur,

186 3442 290 3495 sed
321 3440 523 3512 palam
557 3440 876 3495 damnabat
898 3439 1209 3495 consilium
1243 3439 1733 3511 eundi,clareque
1752 3440 1851 3495 de-

189 3530 517 3585 nuntiabat
546 3528 956 3601 gravissimam
990 3544 1094 3584 nec
1123 3529 1294 3586 aliter
1331 3547 1509 3601 quam
1543 3531 1701 3585 domi
1728 3546 1857 3601 per-

187 3619 499 3675 manendo
530 3618 859 3674 evitabilem
910 3618 1063 3675 526
1088 3620 1402 3691 perniciem
1450 3619 1562 3675 ista
1608 3619 1719 3691 ipsi
1762 3636 1859 3674 ex-

188 3708 503 3781 peditione
528 3707 681 3762 cudi.
710 3708 964 3779 Ejusque
1014 3710 1080 3764 ad
1120 3709 1303 3764 virum
1347 3709 1435 3764 bas
1476 3709 1693 3780 saepius
1752 3708 1854 3763 ite-

188 3806 335 3853 ratae
384 3813 554 3852 voces
608 3801 807 3851 erant:
844 3800 981 3862 Quae
1028 3803 1106 3863 te,
1141 3798 1385 3863 malum,
1418 3798 1744 3869 praecipitat
1774 3797 1861 3852 in-

189 3888 488 3961 quietudo
546 3885 1052 3943 inconsultissima
1092 3888 1119 3942 ‘I
1170 3888 1308 3958 quin
1343 3888 1532 3959 parcis
1557 3905 1708 3959 aegro
1732 3904 1855 3942 cor-

188 3977 326 4049 pori
357 3977 385 4030 ‘?
412 3993 522 4032 cur
551 3976 789 4031 dubiam
822 3975 1217 4032 valetudinem
1247 3976 1305 4032 in
1336 3981 1560 4032 certum
1618 3976 1859 4031 exitium

187 4065 496 4138 proiicis?
522 4081 648 4137 quas
677 4064 825 4120 tanti
858 4065 1098 4121 demum
1154 4066 1260 4122 tibi
1301 4082 1392 4122 res
1433 4070 1536 4122 aut
1582 4081 1717 4137 spes
1771 4069 1862 4120 est

186 4171 377 4227 quam
416 4153 547 4208 vita:
564 4152 1109 4224 manifestajactura
1143 4160 1298 4211 recte
1312 4158 1484 4226 putes
1497 4154 1808 4210 emendem
1831 4152 1859 4208 ?

186 4243 328 4298 Haec
373 4243 462 4297 ita
509 4241 826 4313 pulsabant
863 4240 1231 4313 imperatoris
1273 4260 1465 4311 aures,
1500 4246 1565 4299 ut
1593 4242 1857 4298 animum

186 4348 441 4405 quoque
521 4335 955 4386 commoverant
1037 4332 1264 4399 intime,
1348 4336 1859 4405 perterrerentque

188 4424 449 4478 sinistro
521 4420 697 4475 etiam
773 4418 967 4476 omine
1042 4428 1098 4475 et
1171 4421 1560 4493 auguratione
1630 4421 1859 4477 infauta

188 4509 533 4568 tristissimi
583 4525 916 4565 successus.
969 4509 1081 4565 Sed
1132 4513 1189 4566 et
1232 4511 1358 4582 ipse
1402 4511 1589 4567 morbi
1643 4526 1857 4566 sensus

1986 535 2128 610 μηδὲ
2186 546 2303 601 τοῖς
2332 540 2485 603 ἐκτὸς
2540 543 2830 617 ἀγνοεῖσθα
2874 545 2941 599 τὰ
2987 544 3241 621 δρώμενα
3296 535 3635 624 διορῥγωδού-

1981 647 2078 697 σης
2105 628 2166 682 τὸ
2202 627 2429 701 μέλλον,
2463 631 2497 701 ἣ
2535 630 2748 703 μᾶλλον
2799 632 3279 713 προφοιϐαζούσης
3309 644 3410 706 τῆς
3442 640 3629 713 ψυχῆς

1980 714 2190 786 ἐκείνης
2224 719 2281 771 τὸ
2315 714 2755 794 συμϐησόμενον,
2808 721 3313 799 ἐπιτεταραγμένως
3371 728 3485 779 οἷον
3540 727 3630 779 καὶ

1976 804 2326 879 ἀνειμένως»
2389 809 2664 885 βασιλεὺς,
2712 815 2810 883 τήν
2856 820 2953 882 τῆς
3008 812 3295 885 δεσποίνης
3357 813 3621 891 ὀρῥωδίαν

1977 896 2077 950 οὐκ
2107 897 2305 971 ἀγαθὸν
2339 898 2527 953 οἰωνὸν
2579 900 2797 975 κρίνων,
2854 909 2971 964 τοῖς
3016 905 3321 978 γνωρίμοις
3364 907 3621 977 συνταξά-

1978 1006 2136 1057 μενος
2163 985 2343 1059 ἔξεισι.
2396 987 2591 1059 Καὶδὴ
2640 987 2804 1065 μέχρι
2858 988 3171 1068 Σηλυϐρίας
3204 993 3362 1054 αὐτός
3413 1015 3472 1048 τε
3528 993 3618 1049 καὶ

1972 1073 2161 1137 παῖδες
2217 1074 2412 1139 ’ίπποις
2470 1077 2752 1153 χρώμενοι
2807 1075 2990 1154 ᾔεσαν·
3054 1081 3168 1137 ἐπεὶ
3203 1080 3259 1137 δὲ
3305 1084 3369 1137 τὰ
3397 1087 3495 1147 τῆς
3527 1084 3616 1137 νό-

1970 1184 2067 1217 σου
2131 1162 2380 1220 ἐπεδίδου
2439 1168 2529 1221 καὶ
2618 1167 2717 1223 οὐκ
2769 1170 2834 1237 ἦν
2899 1167 3137 1244 βαδίζειν
3197 1170 3396 1226 ἐκεῖνον
3451 1175 3611 1245 πεζῇ,

1968 1250 2169 1308 ἐκεῖθεν
2213 1252 2453 1327 Θαλάσσῃ
2504 1255 2593 1311 καὶ
2619 1257 2715 1326 νηῒ
2764 1254 3047 1331 διεγνώκει
3100 1258 3264 1334 μέχρι
3310 1257 3615 1314 Ῥαιδεστοῦ

1966 1348 2226 1414 χρῆσθαι.
2282 1345 2378 1399 Καὶ
2429 1346 2522 1417 ἅμ’
2574 1341 2854 1418 ἐμϐάντων
2897 1346 3254 1422 (ἠγγέλλοντο
3300 1348 3401 1423 γὰρ
3460 1347 3617 1423 ἐγγὺς

1967 1426 2113 1493 ὄντες
2163 1433 2251 1485 καὶ
2297 1434 2560 1508 Τόχαροι,
2612 1435 2701 1489 καὶ
2751 1435 2847 1491 οὐκ
2894 1436 2961 1506 ἦν
3012 1432 3472 1506 ἀναϐάλλεσθαιῆ
3512 1437 3618 1508 μὴν

1964 1519 2186 1591 ἀμελεῖν
2269 1521 2358 1575 καὶ
2440 1520 2528 1577 διὰ
2591 1526 2690 1593 τὴν
2749 1524 2908 1580 νόσον
2972 1527 3364 1603 ὑπερτίθεσθαν
3426 1525 3616 1580 ἐκακο-

1964 1606 2268 1683 σπλάχγνει
2324 1610 2424 1686 γὰρ
2466 1613 2554 1667 καὶ
2605 1618 2713 1667 τῶν
2776 1614 3015 1689 ἐγκάτων
3078 1616 3372 1692 ἀρρώστως
3421 1615 3614 1688 εἶχεν),

1962 1698 2075 1769 ἅμα
2103 1697 2283 1753 τοίνυν
2318 1695 2597 1773 ἐμϐάντων
2635 1702 2798 1757 αὐτοῦ
2837 1726 2895 1759 τε
2943 1706 3031 1758 καὶ
3062 1703 3273 1760 παίδων
3306 1705 3617 1781 στοχαστής

1961 1807 2042 1849 τις
2075 1787 2133 1841 ἂν
2162 1789 2308 1861 τότε,
2356 1789 2446 1844 καὶ
2501 1792 2638 1866 πρὸς
2684 1793 2784 1861 τὴν
2815 1798 2923 1847 τῶν
2961 1792 3277 1866 μελλόντων
3308 1800 3508 1870 γνῶσιν
3562 1796 3617 1869 ἐξ

1962 1874 2249 1951 ἀγχινοίας
2300 1877 2514 1942 οἰκείως
2557 1878 2723 1956 ἔχων,
2775 1881 3053 1944 εὐσκόπως
3110 1884 3204 1956 ἅμ’
3243 1884 3294 1954 ἐξ
3327 1885 3496 1950 αὐτῆς
3548 1886 3611 1940 τὸ

1967 1963 2170 2037 μέλλον
2199 1965 2259 2019 ἂν
2286 1966 2665 2028 κατετόπασεν,

1967 2117 2068 2182 λς’.
2129 2123 2311 2182 Ὅπως
2352 2118 2700 2201 ,κινδυνερων
2748 2123 2886 2201 κατᾲ
2943 2121 3212 2201 θάλασσαν
3274 2125 3302 2179 ὁ
3366 2125 3618 2201 βασιλεὺς

2351 2191 2568 2267 ὕστερον
2597 2191 2829 2264 ἐξελθὼν
2863 2193 3231 2266 ἐτελεύτησεν.

2040 2325 2127 2397 [Ρ.
2163 2327 2291 2398 358]
2322 2324 2531 2403 Α’ίφνης
2561 2328 2661 2403 γὰρ
2713 2325 2891 2391 εὐδίας
2951 2327 3118 2401 οὔσης
3165 2331 3301 2403 πρὸς
3330 2329 3393 2386 τὰ
3423 2350 3618 2406 χειμε-

1973 2412 2231 2489 ριώτερον
2269 2410 2601 2486 μετέϐαλλεν
2662 2417 2689 2471 ὁ
2719 2420 2929 2494 καιρὸς,
2979 2419 3222 2483 θάλασσᾶ
3270 2441 3329 2475 τε
3390 2423 3425 2489 ἠ
3483 2420 3619 2483 τέως

1970 2636 2088 2692 fere
2119 2636 2459 2708 nuptiarum
2492 2638 2672 2694 efiliae
2703 2639 2962 2697 thalamo
3022 2643 3354 2714 abreptum,
3417 2659 3617 2699 secum

1973 2725 2250 2796 prodiens
2280 2727 2467 2797 duxit;
2504 2730 2657 2800 quod
2676 2746 2976 2802 nunquam
3009 2730 3245 2801 faceret,
3279 2732 3328 2787 si
3360 2731 3619 2788 hiemare

1972 2813 2033 2869 in
2068 2815 2435 2887 expeditione
2465 2818 2797 2889 cogitasset.
2863 2820 3012 2892 Ergo
3071 2820 3224 2877 inter
3280 2820 3411 2878 illas
3471 2838 3619 2893 quas

1972 2904 2091 2958 dixi
2125 2904 2421 2960 ominosas
2456 2908 2902 2964 reclamationes
2957 2910 3258 2980 Augustae,
3317 2927 3443 2981 quae
3504 2928 3618 2966 non

1971 2992 2055 3047 ita
2071 2994 2419 3065 tegebantur
2432 2995 2904 3066 penenetralibus
2920 2997 3089 3068 regiae
3102 2996 3242 3068 quin
3260 2998 3330 3053 ad
3352 2998 3618 3053 notitiam

1971 3086 2342 3136 externorum
2374 3087 2771 3154 erumperent,
2805 3085 3078 3141 turbatus
3128 3086 3371 3156 augurio
3423 3090 3480 3141 et
3526 3103 3621 3143 se-

1970 3175 2128 3226 creta
2150 3171 2554 3244 praesagitione
2577 3173 2792 3228 mentis
2814 3173 3250 3241 exhorrescens,
3275 3174 3621 3232 obﬁrmatus

1974 3264 2165 3316 tamen
2199 3261 2256 3315 in
2291 3261 2609 3333 proposito,
2646 3262 2768 3319 vale
2800 3262 3143 3319 necessariis
3173 3263 3349 3331 dicto,
3391 3266 3621 3337 egredi-

1970 3354 2069 3404 tur
2098 3350 2273 3417 urbe;
2299 3367 2364 3406 ac
2395 3350 2717 3423 Selybriam
2769 3351 2913 3408 521
2946 3369 3133 3423 usque
3162 3352 3288 3421 ipse
3317 3370 3450 3409 cum
3485 3355 3621 3412 ﬁliis

1971 3439 2142 3510 equis
2181 3444 2405 3510 vectus,
2464 3456 2594 3494 cum
2653 3440 3009 3496 invalescere
3049 3442 3320 3497 morbum
3380 3444 3624 3499 sentiret

1971 3544 2076 3583 nec
2105 3528 2301 3584 itineri
2333 3527 2597 3585 terrestri
2621 3529 2747 3598 jam
2808 3534 2965 3585 esset
3012 3546 3134 3601 par,
3192 3530 3340 3585 mari
3384 3535 3441 3586 et
3479 3548 3625 3587 nave

1970 3617 2223 3673 decrevit
2254 3634 2440 3689 usque
2471 3619 2543 3674 ad
2575 3618 2950 3675 Rhedestum
3000 3620 3107 3675 uti.
3165 3621 3622 3677 Conscendenli-

1966 3707 2127 3762 tibus
2184 3707 2517 3777 supervenit
2591 3709 2835 3763 nuntius
2893 3709 3161 3764 indicans
3237 3710 3297 3765 in
3358 3710 3619 3780 proximo

1970 3812 2099 3852 esse
2128 3796 2441 3866 Tocharos,
2467 3800 2531 3852 ut
2560 3798 2874 3854 cunctandi
2903 3799 3028 3868 jam
3062 3798 3319 3869 amplius
3372 3799 3619 3856 facultas

1967 3885 2130 3941 nulla
2157 3890 2421 3951 restaret,
2446 3887 2547 3941 sed
2612 3886 2992 3957 quantumvis
3034 3889 3355 3942 retardaret
3378 3888 3618 3942 morbus

1969 3974 2405 4044 ingravescens,
2437 3974 2664 4030 occasio
2714 3992 2931 4046 urgens
2978 3974 3309 4030 necessario
3340 3974 3617 4041 traheret,

1967 4063 2154 4117 Causa
2187 4062 2515 4134 languoris,
2561 4079 2677 4134 quo
2730 4063 2790 4118 in
2831 4063 3005 4119 horas
3065 4064 3255 4135 magis
3315 4062 3618 4133 magisque

1970 4150 2407 4221 debilitabatur,
2468 4152 2527 4206 in
2585 4151 2908 4207 visceribus
2981 4151 3135 4206 male
3189 4148 3413 4205 affectis
3470 4154 3617 4220 erat,

1968 4255 2221 4311 eumque
2252 4240 2457 4297 intime
2488 4241 2607 4296 acri
2640 4241 2964 4296 admonens
2998 4240 3087 4296 sui
3121 4256 3297 4296 sensu
3321 4239 3616 4295 turbabat.

1970 4346 2041 4385 ne
2071 4330 2217 4385 bene
2275 4345 2509 4402 sperare
2561 4335 2778 4401 posset.
2810 4329 2923 4386 Nec
2977 4330 3146 4385 illum
3208 4328 3620 4385 consternabat

1969 4418 2160 4474 solum
2186 4420 2382 4475 minax
2404 4435 2617 4475 mceror
2639 4418 2883 4490 auspicii
2901 4419 3136 4486 funesti;
3167 4418 3342 4473 neuio
3374 4417 3433 4472 in
3459 4416 3617 4472 illam

1969 4524 2102 4563 cum
2135 4525 2200 4564 eo
2227 4509 2569 4564 conscendit
2602 4524 2825 4575 navem,
2860 4508 2960 4580 qui
2993 4507 3149 4562 mala
3178 4505 3399 4562 solvere
3453 4504 3614 4560 illam

190 4618 299 4673 per
367 4597 571 4655 vitalia
601 4598 930 4670 grassantis
990 4597 1159 4653 facile
1208 4600 1437 4655 conscio
1496 4600 1861 4654 monstrabat
1892 4584 1935 4648 D
1968 4598 2105 4653 alite
2135 4602 2191 4652 et
2227 4614 2466 4653 cursum
2521 4597 2834 4652 exitiosum
2894 4596 3169 4652 inchoare
3230 4595 3617 4650 ominaretur.

188 4689 357 4745 haud
381 4687 536 4743 vires
593 4704 747 4742 nunc
778 4688 1084 4757 suppetere
1142 4686 1364 4743 militiae
1414 4687 1734 4760 praesertim
1770 4686 1859 4741 hi-

189 4780 395 4835 bernae
458 4776 758 4832 laboribus
821 4775 1096 4832 ferendis.
1131 4776 1317 4847 Igitur
1343 4781 1641 4848 utcunque
1670 4776 1858 4832 simu-

190 4868 357 4925 labat
392 4865 577 4936 aliud,
606 4879 804 4920 revera
835 4880 951 4919 non
983 4863 1138 4920 ultra
1176 4865 1483 4921 Thraciam
1529 4867 1862 4921 decreverat

186 4955 516 5031 progredi;
559 4952 1025 5024 destinabatque,
1077 4954 1215 5009 visis
1260 4953 1339 5009 ibi
1371 4954 1672 5025 'l‘ocharis,
1696 4959 1754 5010 et
1784 4955 1855 5011 ad

185 5065 316 5105 rem
354 5051 593 5103 strenue
615 5043 928 5116 gerendam
988 5043 1267 5099 animatis
1322 5059 1483 5116 cum‘
1508 5044 1856 5101 allocutione

186 5144 321 5192 tum
346 5134 543 5204 donis,
576 5150 690 5189 non
715 5132 953 5203 quidem
988 5133 1048 5187 in
1081 5131 1309 5189 hostem
1342 5150 1442 5190 eos
1488 5151 1604 5190 una
1652 5150 1851 5189 secum

184 5223 541 5293 ducere,sed
567 5226 876 5294 postquam
906 5236 1005 5276 eos
1029 5226 1184 5277 esset
1214 5223 1528 5279 comitatus
1551 5222 1852 5295 aliquanto

183 5318 324 5386 ejus
354 5312 463 5367 via;
494 5310 707 5383 spatio,
740 5310 1184 5366 commendatos
1233 5312 1487 5385 suis,qui
1522 5329 1692 5385 porro
1715 5328 1848 5367 cum

182 5405 289 5473 iis,
324 5404 637 5474 pergerent
663 5402 721 5454 et
741 5398 862 5453 vice
886 5398 976 5453 sui
1004 5399 1142 5470 quid
1178 5401 1299 5456 fieri
1348 5401 1518 5457 vellet
1573 5401 1847 5472 praecipe-

185 5498 352 5558 rent,
387 5492 517 5563 ipse
550 5488 845 5544 dimittere
877 5504 943 5543 ac
974 5488 1060 5544 sic
1089 5490 1295 5546 reverti
1349 5491 1612 5547 domum.
1664 5490 1847 5560 quus

186 5582 397 5642 arcani
457 5578 684 5637 consilii
742 5578 979 5651 signum
1036 5577 1169 5649 fuit,
1202 5582 1357 5652 quod
1393 5598 1530 5650 Luna
1560 5596 1761 5638 secum
1789 5583 1847 5637 et

188 5671 355 5731 ﬁlios
382 5672 444 5729 et
474 5683 744 5744 generos,
774 5666 951 5725 etiam
982 5665 1181 5741 ipsum
1227 5668 1512 5728 Joannem
1561 5669 1845 5744 postridie

1970 4687 2228 4750 Quorum
2264 4687 2438 4743 facies
2466 4686 2563 4741 illo
2599 4684 2815 4757 pallore
2862 4686 3142 4741 attonitas
3175 4683 3274 4756 qui
3332 4688 3621 4754 cerneret,

1971 4793 2087 4831 non
2119 4793 2260 4831 sane
2284 4774 2534 4832 oraculis
2566 4781 2760 4847 egeret
2781 4775 2853 4830 ad
2914 4774 3409 4845 praesentiendum
3462 4774 3620 4845 quod

1968 4865 2249 4920 instaret.
2298 4866 2454 4921 Suus
2511 4864 2722 4935 cuique
2772 4880 2952 4935 sagax
3001 4864 3235 4920 animus
3282 4868 3443 4918 vates
3494 4867 3620 4920 erat

1968 4957 2161 5009 certus
2192 4952 2491 5009 occursuri
2524 4969 2657 5008 mox
2682 4952 2825 5024 ipsis
2857 4952 3181 5020 infortunii,
3223 4951 3482 5008 vaticinii
3540 4952 3614 5005 ﬁ-

1968 5043 2097 5098 dem
2129 5043 2326 5098 statim
2360 5041 2588 5114 explere
2619 5040 3042 5113 incipientibus
3069 5041 3312 5097 eventis.

1962 5202 2051 5257 36.
2088 5203 2149 5259 Ut
2179 5204 2237 5258 in
2270 5204 2415 5257 mari
2460 5202 2804 5273 periclitatus
2850 5202 3174 5275 imperator,
3208 5203 3409 5259 deinde
3458 5206 3610 5273 post-

2319 5292 2482 5345 quam
2520 5276 2832 5340 exscendit,
2874 5278 2946 5330 sit
2981 5280 3251 5331 mortuus.

2029 5400 2175 5456 Nam
2197 5399 2393 5455 subito
2419 5415 2487 5455 ex
2516 5416 2722 5456 sereno
2754 5399 2814 5453 in
2845 5400 3148 5456 turbidum
3171 5403 3437 5456 mutatur
3456 5400 3602 5453 tem-

1957 5505 2087 5561 pus,
2118 5494 2176 5545 et
2216 5504 2374 5545 mare
2419 5488 2584 5561 prius
2640 5488 3027 5560 tranquillum
3087 5489 3375 5556 efferatur,
3409 5484 3600 5543 valido

1954 5578 2350 5648 incumbente,
2377 5579 2571 5636 borea.
2602 5578 2716 5633 Nec
2764 5576 3060 5649 placidum
3103 5582 3298 5633 tenere
3354 5591 3595 5633 cursum

1952 5672 2179 5741 poterat
2208 5668 2375 5726 navis
2400 5668 2782 5741 imperatores
2811 5667 3049 5739 vehens,
3105 5668 3205 5724 sed
3255 5667 3393 5724 feris
3451 5681 3594 5723 con-
