3912 6192
319 297 429 354 991

1627 288 1926 345 GEORGII
1967 290 2429 351 PACBYMERE
3551 296 3631 354 992

320 421 531 498 ἥμερος
563 412 868 491 ἐξηγρίαινε
901 411 1161 488 λαμπροῦ
1191 410 1451 477 πεσόντος
1496 415 1593 468 τοῦ
1646 412 1967 488 ἀπαρκτίου,
1999 416 2049 483 Α
2078 416 2285 493 φθάσας
2334 415 2651 496 τετύφλωτο
2683 461 2702 490 ,
2761 416 2837 480 ὡς
2914 417 2990 491 μή
3057 414 3278 479 ἐντελεῖς
3328 417 3410 480 τὰς
3457 418 3636 493 ὑποψίας

317 511 408 567 καὶ
436 508 533 564 ούκ
558 506 624 574 ἦν
681 505 781 572 τήν
841 501 968 564 τοὺς
1031 500 1277 577 βασιλεῖς
1338 502 1569 578 ἄγουσαν
1595 506 1723 557 ναῦν
1784 503 1970 558 εὐστα-

320 603 453 664 θεῖν,
486 594 613 649 ἀλλ’
646 589 827 666 ὥσπερ
860 591 963 646 ὑπὸ
992 590 1249 665 κυμάτων
1292 591 1493 667 ἀγρίων
1536 589 1969 667 ἐνοχλουμένην,

316 682 449 757 τῇδε
474 684 692 737 κάκεῖσε
717 681 1023 758 φερομένην
1069 681 1377 756 ἀνάγωγον,
1433 678 1601 754 μηδὲν
1654 682 1973 736 ὑπείκουσαν

315 778 435 834 τοῖς
491 770 874 842 κελεύσμασιν,
936 766 1232 844 αὔτανδρον
1293 772 1366 832 ὡς
1426 770 1543 845 εἶχε
1587 770 1974 840 καταποντίζε-

319 864 462 928 σθαι,
497 858 637 914 ὥστε
666 861 756 914 καὶ
789 857 1063 921 πολλάκις
1097 859 1192 933 μὲν
1240 856 1598 922 καταδύεσθαι
1629 858 1732 914 οὐκ
1762 857 1975 923 ἐσαῦθις

322 948 723 1022 ἀναδυομένην,
776 947 1098 1010 τοσαυτάκις
1145 946 1203 1003 δὲ
1249 948 1695 1021 ἀπελπιζομὲνην
1746 945 1974 1003 ἀναδύε-

320 1045 439 1101 σθαι
480 1041 671 1111 πάλιν,
712 1042 799 1096 καὶ
844 1045 1048 1096 νουτῶν
1102 1040 1452 1116 ἀπορούντων
1500 1041 1590 1095 καὶ
1638 1034 1974 1115 κυϐερνήτου

318 1132 473 1195 ὅπως
524 1132 824 1206 χρήσονται
867 1132 936 1202 τῇ
987 1126 1246 1202 θαλάσσῃ.
1293 1129 1432 1185 Τότε
1479 1128 1569 1183 καὶ
1600 1128 1692 1183 τὸν
1748 1127 1977 1204 βασιλέα

317 1228 573 1299 προφανῆ
603 1220 695 1273 τὸν
753 1215 1004 1275 κίνδυνον
1052 1217 1345 1293 βλέποντα,
1395 1217 1641 1293 καὶπερὶ
1698 1219 1872 1290 ἑαυτῷ
1916 1237 1975 1273 τε

316 1310 408 1365 καὶ
459 1313 589 1364 πᾶσι
640 1312 760 1371 τοῖς
805 1305 988 1361 παισὶν
1037 1304 1408 1382 όρῥωδοῦντα,
1460 1306 1629 1362 είπεῖε
1685 1306 1823 1381 πρὸς
1878 1305 1973 1360 τὸν

319 1394 659 1474 κυϐερνήτην
695 1397 769 1459 ὡς
806 1394 1109 1470 ἀγωνιστέα
1152 1396 1241 1451 καὶ
1293 1396 1423 1473 ὑπὲρ
1474 1392 1725 1469 δύναμιν
1780 1394 1825 1449 εί
1872 1394 1972 1469 γὰρ

325 1489 401 1559 μὴ
456 1486 662 1558 κόσμον
721 1486 932 1549 πάντα,
990 1483 1116 1540 ἀλλ’
1165 1484 1256 1539 οὗν
1314 1481 1595 1557 Ῥωμαίδα
1652 1490 1822 1538 πᾶσαν
1884 1481 1973 1537 ἐπὶ

322 1575 487 1649 ξύλου
514 1576 660 1650 ἄγειν
722 1573 933 1650 ὀλίγου,
992 1572 1119 1635 τοὺς
1154 1573 1408 1649 βασιλέας
1459 1571 1681 1648 ἔχοντα.
1734 1573 1835 1630 Καὶ
1878 1572 1971 1627 τὸν

322 1666 569 1720 ἀπειπεῖν
652 1664 745 1737 μὲν
809 1663 1007 1733 ὀκνεῖν,
1089 1665 1164 1735 μή
1252 1663 1342 1718 καὶ
1402 1660 1649 1725 κίνδυνος
1723 1663 1975 1736 ἀντικρυς

2078 511 2319 578 ποιοῖτο,
2374 507 2437 561 τὸ
2468 504 2525 562 δέ
2554 528 2615 583 γε
2654 509 2752 562 τοῦ
2783 505 3090 581 Παχωμίου
3118 504 3313 582 χωρίον
3341 508 3396 561 τὸ
3424 509 3638 583 μόρσιμον

2081 593 2387 669 ἐξεπλήρου
2421 640 2434 653 .
2493 597 2582 658 Ὠς
2648 597 2752 672 γάρ
2809 593 2982 650 ἐκεῖσέ
3035 615 3139 649 που
3190 597 3510 666 κατεσκήνουν
3555 599 3639 669 ἅμα

2086 684 2331 761 βασιλεῖς
2383 687 2472 741 καί
2533 686 2783 762 στρατὸς,
2841 686 2930 740 καὶ
2988 686 3022 755 ἡ
3076 685 3228 747 νόσος
3278 684 3490 741 ἐπέκειτο
3511 684 3639 742 πλέον

2081 771 2311 854 ἔφθασαν
2373 773 2430 830 δὲ
2484 777 2572 831 καὶ
2635 776 2688 830 o't
2743 774 2990 851 Τόχαροι
3049 773 3352 837 σπεύσαντες
3404 771 3641 848 συμϐαλεῖν

2088 862 2325 939 βασιλεῖ,
2367 864 2584 940 βασιλεῖ
2617 867 2712 939 μὲν
2743 864 2838 920 οὐκ
2869 864 2938 933 ἧν
2961 863 3073 920 οὗθ’
3099 863 3433 938 ἱππαζομένῳ
3458 867 3525 938 [Ρ.
3550 867 3648 937 359]

2083 954 2306 1026 ὁρᾶσθαι
2340 950 2463 1009 οὔτε
2498 955 2605 1027 μὴν
2640 952 2858 1028 ὁμιλεῖν
2888 952 2966 1016 εἷς
3005 952 3161 1008 νόσον
3184 952 3423 1026 κειμένῳ,
3474 953 3546 1008 ὅτε
3580 953 3647 1007 καὶ

2080 1043 2171 1097 τὸν
2204 1038 2517 1119 Νοὲμϐριον
2564 1043 2930 1121 ὑπογράφοντι
2994 1037 3200 1116 συμϐὰν
3254 1042 3344 1104 τὰς
3391 1043 3479 1096 τοῦ
3520 1048 3649 1097 Nox:-

2084 1134 2241 1204 ραίας
2297 1131 2610 1206 συμμῖξαι,
2676 1131 2921 1197 ἐπελθεῖν
2977 1131 3147 1186 εἴπεῖν
3205 1131 3401 1205 Λέγεται
3451 1131 3513 1193 ὡς
3559 1128 3648 1185 ἰδοὺ

2083 1219 2418 1277 συνέκλεισεν
2469 1222 2497 1276 ὁ
2563 1216 2890 1297 Νοέμϐριος.
2942 1220 3013 1275 Τὸ
3071 1218 3121 1275 δ’
3172 1220 3237 1290 ἦν
3296 1220 3555 1288 ὑπονοηθὶν
3595 1219 3649 1282 ὡς

2082 1309 2426 1366 συνέκλεισαν
2481 1311 2536 1365 αἱ
2592 1310 2811 1385 πράξεις
2866 1314 2945 1383 τῷ
2996 1307 3230 1384 βασιλεῖ,
3272 1316 3367 1379 τῆς
3411 1312 3568 1384 ψυχῆς
3608 1307 3655 1363 τὸ

2088 1399 2292 1473 μέλλον
2347 1396 2757 1471 ὑποδηλούσης.
2807 1401 2908 1455 Ἦν
2971 1397 3063 1453 οὖν
3120 1402 3188 1473 τῇ
3239 1403 3331 1453 τοῦ
3376 1395 3530 1474 ῥαΐσαι
3582 1404 3657 1467 τῆς

2081 1488 2241 1544 νόσου
2310 1486 2614 1564 προσδοκίᾳ
2682 1488 2761 1550 είς
2821 1483 3097 1551 ἀναϐολάς
3153 1487 3315 1553 τιθεὶς
3363 1487 3420 1542 τὸ
3468 1485 3659 1560 ἐντυχεῖν

2083 1579 2328 1635 ἐπιστᾶσι
2378 1584 2497 1643 τοῖς
2552 1580 2834 1655 Τοχάροις
2866 1598 2879 1611 ·
2956 1578 3073 1634 ἐπεὶ
3141 1577 3199 1634 δὲ
3256 1580 3289 1648 ἡ
3343 1578 3487 1638 νόσος
3532 1575 3658 1649 ἐκρα-

2081 1672 2299 1724 ταιοῦτο
2330 1666 2421 1722 καί
2469 1671 2551 1741 τῷ
2584 1668 2688 1723 ἀπὸ
2732 1667 2935 1738 ταύτης
2966 1666 3072 1723 δέει
3097 1668 3188 1723 καὶ
3215 1668 3250 1737 ἡ
3283 1666 3383 1722 ἀπὸ
3409 1669 3495 1721 τοῦ
3519 1661 3662 1724 ἔθνους

323 1751 662 1851 ἐξαγγέλλοι,
720 1754 1043 1851 προτρέπειν
1095 1750 1151 1808 δὲ
1177 1753 1271 1851 τὸν
1326 1753 1380 1851 ἐξ
1411 1753 1603 1808 ἑαυτοῦ
1637 1752 1804 1851 λόγον
1853 1757 1972 1814 τοῖς
2002 1789 2048 1851 Β
2086 1754 2329 1835 ὀρῥωδία
2377 1764 2641 1826 συνῆπται
2673 1756 2760 1827 (ού
2806 1758 2907 1833 γὰρ
2965 1758 3034 1827 ἦν
3079 1755 3264 1821 ἄλλως
3293 1753 3565 1824 ἐλπίζεινῆ
3602 1773 3663 1806 χι.

319 1844 653 1919 πράγμασιν,
715 1842 789 1904 ὡς
840 1840 1130 1917 ἀναγκαῖον
1177 1842 1279 1911 ὃν,
1337 1842 1383 1897 εί
1445 1844 1519 1915 μὴ
1570 1843 1700 1904 Θεὸς
1746 1841 1971 1916 ἀρήγοι,

317 1936 506 2008 χανεῖν
537 1932 674 2007 πρὸς
712 1930 981 1986 θάλασσαν
1015 1934 1236 1993 πάντας·
1275 1931 1417 1986 οὓτω
1464 1932 1553 1986 καὶ
1613 1932 1782 2006 τέχνη
1844 1951 1975 1985 ναυ-

317 2023 443 2091 τική
476 2026 621 2076 πᾶσα
647 2025 755 2075 τῶν
787 2018 1052 2076 κινδύνων
1111 2023 1310 2090 ἡττᾶτο
1359 2019 1536 2096 σφίσιν
1597 2018 1659 2075 ἐκ
1705 2024 1830 2096 χρῷ
1859 2040 1973 2075 κει-

327 2109 524 2184 μένων.
558 2110 734 2173 Μόλις
760 2114 889 2187 γοῦν
918 2106 1320 2186 διαμαχόμενοι
1378 2111 1517 2179 πρός
1567 2131 1626 2165 τε
1682 2114 1831 2183 κῦμα
1883 2106 1975 2163 καὶ

322 2202 593 2257 θάλασσαν
625 2200 1026 2277 ἀγριαίνουσαν,
1055 2202 1142 2255 καὶ
1199 2198 1475 2264 πολλάκις
1525 2198 1683 2276 ἐγγὺς
1726 2197 1976 2262 ἐλθόντες

323 2295 421 2347 τοῦ
481 2287 815 2360 καταδῦναι,
861 2294 930 2355 τῆ
989 2286 1281 2362 Ῥαιδεστῷ
1323 2292 1625 2363 ἡμιθνῆτες
1687 2288 1747 2345 ἐκ
1802 2284 1977 2368 φόϐου

322 2379 716 2458 προσίσχουσιν
797 2383 1007 2435 Ἐκεῖσε
1032 2384 1160 2455 γοῦν
1215 2380 1296 2457 ἐφ’
1345 2380 1580 2456 ἡμέραις
1606 2386 1707 2450 τῆς
1728 2382 1977 2455 ταραχῆς

319 2468 602 2534 ἀνέσαντες
628 2469 719 2525 καὶ
748 2472 868 2531 τοῖς
893 2466 1090 2531 ἵπποις
1134 2468 1288 2532 αὗθις
1319 2469 1664 2544 χρησάμενοι
1714 2465 1977 2539 ἐξεληλα-

321 2556 481 2622 κότες
508 2558 674 2634 μέχρι
704 2557 794 2613 καὶ
824 2563 925 2627 τῆς
953 2554 1236 2632 Ἀλλαγῆς
1267 2557 1455 2634 χώρας
1484 2559 1853 2629 κατήντησαν.

402 2643 652 2720 Ἀλλαγὴ
686 2643 733 2701 δ’
779 2647 845 2716 ἦν
898 2643 1075 2717 ἐκείνη
1124 2646 1243 2701 καθ’
1270 2647 1332 2715 ἣν
1375 2646 1466 2701 καὶ
1517 2646 1579 2701 τὸ
1633 2650 1731 2720 ζῇν
1780 2642 1982 2719 μεταλ-

334 2732 547 2792 λάττειν
578 2732 806 2812 ε’ίμαρτο
844 2738 923 2808 τῷ
970 2738 1279 2811 κρατοῦντι⁸
1326 2733 1417 2790 καὶ
1466 2734 1494 2789 ὁ
1547 2734 1643 2808 μὶν
1678 2734 1983 2810 Παχώμιος

327 2971 504 3011 cussa
535 2953 814 3010 ﬂuctibus
844 2953 960 3010 huc
989 2952 1241 3010 subinde
1266 2956 1441 3025 atque
1461 2952 1602 3009 illuc
1621 2951 1980 3025 impingens,

329 3044 620 3118 planeque
643 3061 714 3100 an
748 3047 1064 3099 nautarum
1120 3043 1368 3116 imperia
1423 3047 1761 3113 contumax,
1829 3040 1977 3096 nihil

328 3133 544 3189 certius
576 3133 905 3205 spondebat
934 3149 1113 3204 quam
1158 3132 1484 3205 proximam
1548 3130 1977 3187 demersionem

329 3224 421 3279 sui
443 3227 879 3294 vectorumque.
914 3222 1057 3277 Nam
1084 3226 1142 3278 et
1170 3238 1320 3294 saepe
1350 3221 1434 3276 ita
1463 3220 1980 3293 deprimebaturut

331 3327 636 3383 nunquam
660 3314 996 3384 speraretur
1025 3325 1346 3377 emersura,
1383 3316 1501 3365 tam
1554 3308 1747 3363 nautis
1797 3324 1973 3380 quam

329 3400 461 3470 ipso
517 3400 909 3470 gubernatore
959 3399 1367 3470 ignorantibus
1421 3414 1540 3469 qua
1582 3398 1710 3467 jam
1768 3397 1821 3451 vi
1877 3399 1979 3452 aut

331 3492 456 3544 arte
486 3487 672 3542 maris
698 3488 951 3543 furorem
1005 3484 1249 3543 eluctari
1290 3489 1550 3558 possent.
1595 3486 1760 3540 Tunc
1789 3484 1978 3556 impe-

331 3579 583 3632 ratorem
615 3575 808 3631 ferunt
832 3574 1173 3630 intuentem
1226 3573 1551 3647 periculum
1609 3590 1890 3645 praesens,
1922 3577 1980 3630 et

332 3682 446 3737 quo
472 3663 594 3721 loco
625 3680 745 3721 sum
776 3663 1150 3735 ﬁliorumque
1180 3681 1315 3737 spes
1348 3663 1558 3719 salutis
1597 3667 1796 3720 essent
1842 3678 1977 3719 cum

331 3755 571 3811 horrore
602 3757 990 3826 reputantem,
1019 3753 1310 3810 navarcho
1351 3753 1570 3810 dixisse
1621 3753 1979 3809 contenden-

334 3843 476 3899 dum
509 3844 561 3899 ei
593 3843 797 3915 utique
844 3860 1024 3916 supra
1068 3843 1222 3899 vires
1265 3858 1431 3910 esse;
1482 3841 1533 3898 si
1576 3842 1774 3897 minus
1820 3841 1977 3897 enim

336 3934 625 3991 mundum
659 3933 812 3991 528
836 3932 1197 3990 universum.
1222 3932 1556 3988 universam
1581 3935 1736 3987 certe
1770 3931 1978 3986 Roma-

335 4040 473 4080 nam
504 4040 627 4080 rem
659 4023 868 4095 exiguo
895 4022 992 4080 illo
1015 4022 1174 4095 ligno
1214 4021 1498 4078 contineri
1520 4038 1636 4093 quo
1667 4021 1840 4077 ambo
1868 4021 1980 4076 im-

337 4117 633 4186 peratores
662 4112 1034 4169 veherentur.
1070 4116 1246 4167 Porro
1269 4110 1449 4173 hunc,
1476 4110 1633 4165 haud
1661 4126 1724 4165 se
1741 4110 1975 4180 quidem

334 4202 424 4257 vel
468 4216 733 4257 cessasse
765 4201 1047 4257 hactenus
1092 4199 1179 4257 vel
1238 4200 1599 4257 omissurum
1656 4199 1979 4269 quidquam

338 4289 401 4343 in
456 4294 758 4360 posterum
818 4293 1063 4345 conatus
1112 4288 1534 4360 industriaeque
1585 4288 1980 4359 profitentem,

340 4376 661 4444 addidisse,
707 4377 901 4434 verbis
959 4394 1085 4450 qua
1118 4378 1262 4435 satis
1298 4380 1604 4450 appareret
1632 4376 1854 4432 nolenti
1884 4391 1981 4432 ex-

2082 1848 2342 1917 νηθέντας
2391 1845 2663 1923 ἀφανίζειν
2722 1847 2785 1901 τὸ
2841 1846 2978 1923 πρὸς
3033 1846 3217 1915 ποσὶν,
3272 1843 3464 1908 εἰωθὼς
3515 1841 3661 1903 ἄλλως

2083 1934 2360 2011 λῃστείαις
2417 1934 2624 2009 ἀποζῇν
2663 1977 2678 2002 ,
2751 1938 2849 1990 τοῦ
2906 1933 3180 2009 βασιλέως
3231 1931 3664 2008 μεταλλάξαντος),

2082 2023 2430 2099 ἀναγκασθεὶς
2463 2020 2528 2093 δὴ
2576 2021 2666 2078 διὰ
2690 2027 2860 2079 ταῦτα
2907 2024 2936 2078 ὁ
2987 2021 3242 2100 βασιλεὺς
3281 2020 3369 2077 καί
3415 2020 3497 2075 ἀπ’
3537 2018 3667 2075 αὕτοὸ

2082 2110 2387 2185 σκίμποδος
2416 2120 2520 2182 τῆς
2551 2109 2751 2183 ὀδύνης
2783 2111 2998 2186 ὁμιλεῖν
3049 2112 3230 2189 σφίσιν
3277 2105 3429 2186 ἔγνω,
3480 2108 3668 2167 καὶτοῖς

2089 2204 2184 2277 μὲν
2215 2201 2479 2272 πλήθεσιν
2513 2198 2704 2264 ἄλλως
2738 2199 2790 2264 ἐς
2823 2200 2983 2278 χάριν
3037 2205 3238 2269 ποιεῖν,
3290 2199 3411 2262 τοὺς
3457 2196 3508 2253 δέ
3531 2196 3577 2272 γ’
3600 2193 3671 2269 ἄρ.

2084 2289 2289 2367 χοντας
2317 2294 2465 2369 σφῶν
2498 2289 2798 2367 εἰσαγαγεῖν
2829 2311 2889 2346 τε
2927 2289 3020 2346 καὶ
3048 2290 3117 2345 τὰ
3168 2291 3493 2366 προσήκοντα
3540 2285 3672 2341 sinsi»:

2083 2400 2145 2435 τε
2173 2382 2266 2435 καί
2316 2381 2565 2437 ἀκοῦσαι.
2623 2380 2763 2437 Τότε
2815 2381 3002 2436 τοίνυν
3059 2380 3154 2435 καὶ
3199 2376 3676 2455 παρασκευασάμενος

2089 2469 2164 2531 ὡς
2210 2468 2377 2539 εἰκὸς,
2427 2469 2517 2525 καί
2563 2489 2625 2546 γε
2676 2467 2806 2532 τοὺς
2856 2469 3092 2532 οἰκείους
3150 2469 3234 2549 ἐφ’
3287 2469 3493 2544 ἑκάτερα
3538 2483 3675 2539 παραο

2089 2559 2314 2629 στήσας,
2341 2556 2504 2622 αὐτὸς
2529 2557 2620 2615 καὶ
2672 2558 2765 2635 βίᾳ
2807 2561 3117 2633 καθήμενος
3163 2556 3251 2614 ἐπὶ
3279 2552 3573 2631 σκίμποδος,
3619 2551 3676 2613 ὧς

2090 2646 2119 2700 ὁ
2148 2646 2337 2724 καιρὸς
2368 2644 2547 2703 ἐδίδου
2576 2647 2668 2703 καὶ
2710 2647 2778 2703 τὰ
2806 2649 2923 2704 κατ’
2966 2648 3134 2704 αὐτὸν
3191 2647 3470 2724 πράγματα
3515 2640 3675 2717 ἐνεχώ-

2090 2755 2244 2810 Ρουνο
2301 2734 2515 2813 ὀλίγοις
2578 2735 2687 2792 τισῖ
2745 2735 2938 2813 λόγοις
2993 2737 3092 2807 τὴν
3159 2736 3367 2792 ἐκείνων
3422 2732 3673 2811 ἀφωσιοῦτο

2091 2951 2414 3010 lormidata
2436 2954 2647 3011 fuisset
2674 2953 2972 3011 successio
2995 2954 3127 3026 ejus
3160 2953 3221 3009 in
3245 2950 3674 3026 imperium.Ager

2090 3057 2261 3114 porro
2306 3041 2399 3098 cui
2436 3042 2737 3099 Pachumii
2769 3059 2985 3099 nomen
3020 3060 3054 3099 a
3103 3043 3342 3101 domino
3387 3040 3674 3104 adheserst,

2091 3132 2313 3204 vulgati
2344 3132 2766 3203 oraculi,cujus
2790 3132 3150 3206 ambiguitas
3172 3135 3495 3205 suspectum
3524 3125 3675 3184 reddi-

2086 3220 2251 3276 derat
2285 3221 2860 3289 Pacbomium,fatali
2885 3225 3091 3278 eventu
3116 3221 3295 3278 fidem
3318 3215 3677 3292 explevit.Cum

2086 3310 2245 3366 enim
2269 3310 2351 3365 ibi
2377 3311 2507 3366 fixis
2525 3310 2790 3367 tentoriis
2810 3310 3098 3366 haererent
3115 3310 3490 3383 imperatores
3508 3303 3678 3376 pariter

2086 3402 2145 3454 et
2172 3398 2483 3467 exercitus,
2516 3399 2857 3472 ingravatus
2908 3398 3125 3456 seniori
3179 3401 3436 3472 Augusto
3486 3391 3680 3451 morbus

2087 3491 2199 3543 est.
2236 3489 2448 3543 Eodem
2485 3505 2656 3560 porro
2690 3487 2851 3544 brevi
2896 3493 3281 3545 accurrerunt
3328 3482 3586 3543 festinatis
3610 3494 3681 3535 ac-

2088 3575 2188 3631 citi
2220 3575 2445 3632 nuntiis
2474 3575 2720 3632 Tochari
2746 3594 2760 3632 :
2794 3577 2896 3632 sed
2926 3575 3000 3633 iis
3027 3577 3144 3632 frui
3191 3592 3305 3632 non
3349 3574 3500 3629 licuit
3526 3569 3681 3643 optato

2088 3664 2365 3737 utrinque
2388 3664 3089 3738 conspectu,imperatore
3117 3664 3462 3722 decumbere
3480 3660 3544 3716 ob
3564 3673 3682 3713 mor-

2089 3751 2230 3808 bum
2263 3756 2561 3818 coacto,ac
2593 3753 2741 3809 nein
2774 3769 2926 3825 equo
2948 3752 3190 3824 quidem
3220 3751 3440 3808 valente
3469 3765 3522 3804 se
3547 3741 3681 3802 sociis

2090 3842 2622 3909 ostendere,coram
2633 3857 2744 3913 que
2766 3840 2996 3909 illos,ut
3013 3837 3463 3913 cuperet,aﬂ‘ari,
3493 3831 3680 3908 quando

2090 3934 2148 3987 et
2175 3930 2225 3986 ei
2259 3931 2506 4003 contigit
2535 3935 2603 3987 ut
2633 3934 2831 3987 nescio
2861 3932 2955 3987 cui
2997 3930 3199 3988 libello
3248 3925 3681 3999 subscriptionem

2087 4018 2148 4073 in
2178 4017 2326 4074 lecto
2358 4034 2658 4090 apponens
2687 4018 2932 4091 regiam,
2964 4019 3022 4074 in
3069 4017 3437 4091 expressione
3456 4007 3686 4082 temporis

2091 4107 2244 4164 529
2276 4107 2469 4175 solita,
2506 4123 2769 4164 mensem
2820 4107 2922 4181 qui
2952 4112 3079 4162 tum
3109 4106 3173 4163 in
3205 4122 3380 4163 cursu
3427 4105 3554 4170 erat,
3596 4096 3683 4151 No-

2088 4197 2412 4265 vembrem,
2436 4195 2605 4253 litera
2632 4196 2680 4252 N
2701 4197 3059 4268 designaret,
3091 4195 3360 4268 apicibus
3382 4185 3681 4263 quibusdam

2091 4284 2388 4355 adjunctis
2419 4285 2515 4355 qui
2548 4285 2910 4357 reliquorum
2942 4286 3073 4356 ejus
3118 4282 3387 4341 vocabuli
3418 4276 3681 4337 elemento-

2094 4388 2224 4428 rum
2273 4372 2460 4428 vicem
2505 4372 2825 4445 explerent,
2884 4390 2951 4430 ac
3000 4373 3268 4430 chartam
3319 4372 3402 4427 ita
3444 4368 3685 4440 signatam

344 4481 549 4537 pressa
577 4465 758 4521 irritis
780 4467 1194 4539 experimentis
1233 4472 1552 4523 conatuum
1596 4481 1988 4535 summorum,
2020 4466 2067 4531 D
2098 4461 2351 4518 reddens
2384 4462 2637 4519 diceret:
2669 4484 2699 4514 «
2730 4464 2872 4519 Ecce
2901 4464 3220 4519 conclusus
3242 4458 3551 4518 November
3572 4454 3686 4508 est.»

339 4555 511 4610 vitari
547 4554 705 4611 nulla
733 4556 785 4610 vi
830 4572 1021 4628 posse,
1084 4556 1200 4613 nisi
1255 4556 1410 4613 Deus
1467 4556 1790 4627 adjuvaret,
1850 4554 1993 4627 quin

343 4644 559 4714 pariter
589 4660 790 4700 omnes
839 4645 1038 4702 hiante
1086 4646 1233 4702 mari
1283 4645 1780 4713 absorberentur;
1840 4644 1985 4699 adeo

343 4733 537 4805 palam
568 4735 719 4790 vinci
762 4751 996 4792 omnem
1042 4741 1225 4793 artem
1277 4737 1574 4791 nauticam
1622 4734 1989 4792 vehementia

343 4824 675 4895 ingruentis
698 4824 854 4880 mali.
890 4826 1149 4882 Tandem
1181 4829 1443 4880 extrema
1473 4824 1571 4880 diu
1617 4824 1988 4881 contentione

342 4911 628 4969 obluctati
657 4913 936 4969 ﬂuctibus
968 4930 1033 4969 ac
1062 4914 1272 4984 ventis,
1303 4919 1360 4969 et
1390 4930 1541 4986 saepe
1579 4914 1650 4969 ad
1711 4914 1986 4969 ultimum

344 5001 729 5058 demersionis
758 5003 975 5058 admoti
1007 5002 1347 5073 discrimen,
1409 5002 1783 5058 Rhaedestum
1826 5006 1987 5059 metu

343 5090 666 5146 semineces
688 5090 992 5163 appellunt
1022 5090 1106 5146 Ibi
1140 5090 1349 5147 diebus
1381 5091 1583 5162 paucis
1613 5108 1642 5147 e
1665 5091 1989 5161 jactatione

342 5179 610 5248 recreati,
643 5179 811 5253 equis
837 5195 1075 5235 rursum
1118 5178 1409 5235 inscensis
1440 5179 1691 5248 pervecti
1743 5178 1987 5250 Allagcn

346 5274 507 5327 sunt.

417 5359 546 5417 Haec
576 5359 856 5416 nimirum
889 5357 1092 5431 Allago
1121 5356 1287 5414 locus
1318 5359 1466 5423 erat,
1519 5356 1619 5412 ubi
1660 5355 1784 5411 vitae
1815 5356 1991 5410 ﬁnem

348 5450 685 5524 imperatori
716 5464 1100 5507 occursurum
1132 5444 1494 5503 irrevocabili
1534 5445 1674 5500 olim
1704 5444 1857 5501 Deus
1888 5444 1992 5499 de-

349 5543 505 5596 creto
531 5543 837 5598 statuerat.
866 5541 1059 5611 Atque
1086 5535 1184 5592 ille
1214 5534 1453 5608 quidem
1475 5538 1798 5592 excaecatus
1821 5537 1995 5589 antea

344 5626 699 5687 Pacbomius
727 5628 1066 5689 ostenderat
1102 5641 1283 5699 quam
1333 5624 1500 5683 vanis
1547 5621 1993 5697 suspicionibus

2103 4552 2332 4619 Quibus
2359 4551 2549 4608 altiori
2582 4568 2760 4625 quam
2782 4569 2895 4625 quo
2926 4553 3054 4623 ipse
3104 4552 3355 4624 loquens
3387 4540 3688 4622 penetraret,

2097 4641 2434 4713 significatu
2457 4641 2831 4698 indicabatur
2851 4646 2981 4699 acta
3003 4639 3346 4714 imperatori
3375 4639 3570 4695 cuncta
3583 4644 3690 4686 con-

2096 4731 2283 4798 clusa,
2308 4730 2693 4803 praesagiente
2716 4731 2772 4786 id
2807 4730 2997 4802 ipsius
3027 4729 3249 4795 anima,
3270 4732 3327 4784 et
3353 4724 3503 4783 istud
3530 4721 3689 4794 ipsum

2098 4819 2413 4892 augurium
2437 4819 2511 4875 iis
2530 4819 2722 4876 verbis
2744 4819 3287 4876 eti‘erenteJnterim
3318 4808 3693 4887 exspectatione

2099 4909 2361 4966 melioris
2381 4908 2654 4965 redituras
2682 4908 3039 4965 valetudinis
3069 4907 3447 4963 differebatur
3467 4909 3691 4971 congres'

2098 5016 2204 5056 sus
2235 4998 2565 5069 aﬂ‘atusque
2592 4997 3015 5055 Tocharorum.
3039 4997 3253 5054 Verum
3274 4992 3569 5052 imminuta
3592 4986 3693 5056 ejus

2099 5088 2179 5143 rei
2211 5104 2315 5160 spe
2346 5091 2585 5160 propter
2625 5086 3127 5159 ingravescentem
3159 5085 3219 5141 in
3270 5084 3393 5141 dies
3445 5076 3691 5136 morbum,

2100 5181 2159 5233 et
2189 5181 2347 5233 metu
2380 5176 2588 5248 majori
2619 5176 3032 5243 accedente,ne
3060 5190 3205 5248 gens
3237 5164 3695 5239 eil‘era,desperala

2101 5264 2293 5322 salute
2324 5264 2999 5338 principis,regiones,in
3023 5278 3169 5336 quos
3212 5264 3378 5318 erant
3396 5259 3516 5330 ejus
3540 5249 3693 5311 accitu

2101 5353 2377 5427 ingressi,
2439 5353 2615 5410 solita
2662 5354 2808 5427 ipsis
2857 5352 3176 5426 rapacitate
3251 5344 3692 5423 depraedarentur,

2101 5448 2336 5500 coactus
2360 5444 2680 5516 imperator
2700 5448 2790 5501 est
2819 5443 3127 5501 admittere
3155 5440 3225 5499 ad
3250 5435 3583 5498 audientiam
3607 5429 3694 5516 dt!-

2102 5548 2199 5589 ces
2229 5548 2298 5588 ac
2328 5513 2620 5604 primores
2647 5532 3071 5604 Tocharorum,
3104 5524 3320 5602 eosque
3347 5544 3378 5585 e
3405 5520 3597 5582 lectulo
3620 5513 3690 5574 al-

2100 5621 2285 5693 loqui.
2321 5621 2469 5694 Ergo
2498 5621 2709 5696 vulgus
2737 5622 2977 5696 quidem
3010 5620 3292 5689 militum,
3323 5611 3561 5674 nationis
3584 5607 3687 5678 eiu!
