3912 6192
233 318 343 374 993

1306 324 1404 378 DE
1440 323 1808 379 MICHAELE
1847 325 2294 383 PALEOLOGO
2329 330 2462 384 LIB.
2503 333 2602 387 VI.

3550 354 3655 410 994

237 439 545 518 θεραπείαν,
592 441 754 518 χάριν
806 444 900 517 μὲν
951 439 1098 519 ἔχειν
1151 441 1418 522 ἐκφαίνων
1462 445 1554 500 καὶ
1597 449 1676 517 τῷ
1729 450 1886 519 Νογᾷ
1924 451 1975 517 Α
2009 451 2172 515 ζεται.
2237 449 2410 512 Εὐθὺς
2469 453 2572 530 γαρ
2631 457 2698 511 τὰ
2748 463 2844 514 τοῦ
2877 459 3198 522 δεσποτικοῦ
3248 474 3479 533 οανάτου
3522 478 3658 552 σύμ-

277 532 290 546 ‘
463 532 477 551 ἱ
546 531 618 552 9»)
810 531 824 552 9
928 530 948 552 Ἴ
974 534 984 552 Ι
1290 536 1299 550 Ι
1441 531 1483 552 Νι
1518 532 1539 550 ν
1768 535 1781 550 Ὁ
1860 535 1871 552 Ι
2012 532 2041 552 ο
2081 535 2100 552 \
2231 536 2244 552 l
2401 540 2446 552 ι.-
2637 543 2659 552 ,Α
2726 547 2739 552 -
2807 545 2829 552 Α
2851 551 2856 552 ,

232 532 300 588 τα
359 532 477 586 κατ’
535 531 753 604 ἀξίωσιν
808 530 1168 603 ἐκτελέσαντι,
1229 536 1390 608 χάσιν
1438 531 1483 588 δ’
1515 532 1659 608 ἔχειν
1720 535 1899 588 κάκεί-

235 643 352 683 νοις
390 621 466 685 ὡς
493 621 794 695 προθύμως
843 621 930 676 ἐπὶ
995 624 1247 696 βοήθειαν
1304 623 1668 694 ἀπαντήσασι,
1701 621 1897 696 δυσχε-

237 713 441 789 ραίνειν
473 709 518 766 δ’
549 710 638 766 ἐπὶ
668 715 737 784 τῇ
768 712 912 784 νόσῳ
963 713 1047 766 ὅτι
1102 714 1178 785 μή
1228 715 1477 789 καθαρῶς
1528 715 1589 783 ἑᾷ
1631 715 1729 783 την
1763 714 1899 788 πρὸς

235 801 433 863 αὖτοὺς
481 801 733 875 ἐντυχίαν
783 800 1048 877 γίνεσΟαι,
1101 801 1150 855 ἐν
1205 800 1388 856 ἐλπίσι
1436 801 1480 857 δ’
1534 798 1681 876 ἔχειν
1716 802 1896 878 ραίσαι

234 899 337 960 τῆς
371 890 534 944 νόσου
584 890 770 944 καὶτὰ
798 891 936 963 πρὸς
988 895 1164 962 θυμοῦ
1212 890 1508 962 ἐκτελέσαι,
1546 891 1602 945 εὖ
1661 891 1899 953 ἐκείνους

233 984 494 1036 ποιοῦνεα
553 980 626 1040 ὡς
683 976 852 1051 ἄξιον.
905 981 1071 1035 Ταῦτ’
1120 979 1367 1042 εἰπόντος
1418 979 1619 1035 ἐκείνου
1644 981 1770 1042 τοὺς
1798 987 1900 1035 Το-

236 1070 447 1146 χάρους
509 1076 706 1143 σχῆμα
772 1069 866 1141 μὲν
925 1067 1238 1142 ἀλγούντων
1300 1067 1652 1140 ἐνδείξασθαι,
1706 1077 1900 1145 σχῆμα

236 1158 296 1215 δὲ
325 1159 417 1214 καί
448 1157 782 1227 ἐλπιζόντων
842 1155 994 1218 αὖθις
1051 1156 1333 1234 ἐμφαίνειν
1391 1159 1463 1219 ὡς
1518 1157 1697 1235 ῥα’ίσοι
1751 1180 1809 1213 τε
1837 1159 1898 1213 τὸ

234 1251 410 1310 πάθος
462 1249 577 1320 μετ’
609 1246 670 1301 ού
700 1244 844 1300 πολὺ
898 1245 986 1300 καί
1039 1267 1104 1322 γε
1135 1247 1311 1324 σφίσιν
1364 1243 1509 1301 ἔσται
1553 1247 1621 1302 τὰ
1650 1247 1756 1302 ἀπὸ
1801 1252 1900 1302 τοῦ

244 1338 514 1414 βασιλὲως
567 1335 711 1390 καλά
771 1335 1128 1410 ὑγιαίνοντος.
1189 1335 1293 1392 Καὶ
1354 1337 1405 1391 οἱ
1467 1337 1560 1410 μὲν
1618 1341 1808 1404 ταῦτα,
1862 1339 1897 1406 ἡ

238 1427 402 1488 νόσος
458 1424 512 1480 δὲ
573 1423 821 1480 ἐπεδίδου
881 1425 968 1479 καὶ
1026 1425 1092 1480 τά
1123 1426 1319 1494 ἑαυτῆς
1363 1425 1612 1502 πληροῦν
1648 1424 1898 1500 ἔμελλεν,

235 1521 330 1580 Ὠς
387 1520 513 1592 γοῦν
572 1518 606 1585 ἡ
666 1515 828 1589 κυρία
884 1512 1071 1585 ἐνέστη
1131 1516 1218 1570 καὶ
1279 1513 1388 1586 ἤδη
1419 1517 1485 1570 τὰ
1521 1520 1618 1570 τοῦ
1650 1515 1896 1586 θανάτου,

233 1608 328 1662 καὶ
393 1604 605 1678 μᾶλλον
660 1610 778 1668 τοῖς
837 1603 1066 1678 ἰατροῖς,
1125 1602 1472 1680 προσδόκιμοι
1523 1607 1613 1678 ἦν,
1670 1611 1752 1678 τῷ
1804 1608 1896 1679 μὲν

236 1697 551 1770 ἀκτουαρίῳ
583 1689 862 1764 Καϐασίλᾳ
912 1693 1012 1748 οὐκ
1063 1692 1303 1768 ἀσφαλὲς
1349 1695 1410 1749 τὸ
1460 1695 1897 1769 ὑπομιμνήσκειν

2009 532 2151 635 ϐολα
2190 536 2603 635 ει.ἲ.τρεπίζ;ειται,Δ
2633 543 2697 635 ἃ⁸
2726 545 2910 606 λαϐὼν
2943 555 3025 626 [Ρ.
3058 558 3184 629 360]
3243 532 3270 614 6
3319 563 3492 635 ἱερεὺς
3547 532 3657 624 τέο-ν

2005 629 2103 679 τοῦ
2153 625 2367 703 κλήρου
2409 633 2499 685 καὶ
2531 631 2801 706 εύλαϐῶν,
2863 625 3276 710 στολισθεὶς-ὡς
3327 625 3658 732 ἔδει,παρ-

2014 713 2025 732 ,
2204 717 2214 732 ,
2307 719 2319 732 .
2392 719 2405 732 .
2502 722 2512 732 .
2765 728 2774 732 -

2011 713 2214 769 ίσταταί
2273 719 2325 771 οἱ
2381 719 2657 786 ἀνωίστως
2706 728 2932 800 πάμπαν
2990 732 3155 804 μηδὲν
3207 735 3396 796 εἰδότι.
3456 713 3658 820 Ἐτυὶε

2013 801 2054 820 κς
2179 806 2191 820 \
2301 807 2313 820 ι
2446 815 2464 820 λ
2608 815 2619 820 -
2678 819 2697 820 η
2804 819 2814 820 ί
2926 818 2932 820 ‘

2009 801 2066 858 δὲ
2096 806 2230 880 πρὸς
2262 807 2354 860 τὸν
2378 815 2568 886 τοῖχον
2601 815 2739 889 ὁρῶν
2795 818 3068 892 βασιλεὺς,
3115 827 3202 879 καὶ
3232 829 3297 881 τα
3343 833 3462 894 καθ’
3493 801 3654 890 αὖτ’δν

2007 893 2096 996 ἓῆν
2173 895 2275 971 γὰρ
2326 899 2414 952 καὶ
2469 901 2595 963 τοὺς
2662 901 2965 979 λογισμοὺς
3018 910 3350 989 έριίωμένος)
3408 922 3482 985 ὡς
3538 925 3655 997 εἴγε

2009 978 2395 1057 διανοούμενος
2432 1031 2445 1044 .
2522 992 2733 1046 Ἵστατο
2802 1002 2929 1070 γοῦν
3003 1001 3030 1054 ὁ
3089 1001 3449 1082 πρεσϐύτερος
3510 978 3656 1089 παρά

2012 1069 2066 1089 ..ο
2328 1076 2338 1089 ε
2417 1076 2441 1089 ”
2592 1077 2652 1089 ’⁸⁵⁸

2009 1069 2223 1170 ράτερα,
2282 1076 2348 1129 τά
2407 1076 2534 1151 ἅγια
2588 1077 2735 1155 δῶρα
2790 1091 2999 1160 κρατῶν
3061 1090 3112 1144 ἐν
3173 1065 3365 1168 χερσὶ,⁸
3409 1099 3497 1153 καὶ
3555 1065 3654 1170 την

2010 1157 2099 1212 ἀπ’
2149 1157 2358 1216 ἐκείνου
2407 1165 2497 1218 καὶ
2532 1167 2701 1238 μόνου
2754 1169 3081 1252 ἐπιστροφήν
3280 1183 3438 1239 αὐτὸν
3488 1157 3656 1264 παράο

2013 1244 2038 1262 κ
2116 1252 2143 1262 ς
2223 1250 2236 1264 ς
2289 1252 2341 1264 ..
2462 1254 2473 1264 .
2703 1263 2723 1264 η
2787 1260 2809 1264 --

2011 1244 2184 1302 δοκῶν
2219 1250 2300 1326 ἐφ’
2329 1252 2512 1308 ἱκανὸν
2546 1263 2766 1330 σιωπῶν
2786 1260 2997 1320 ἵστατο.
3039 1269 3100 1321 Ὀ
3133 1265 3189 1322 δὲ
3229 1268 3334 1325 εἷίτε
3376 1295 3425 1326 τι
3475 1244 3655 1331 τοιδῦ-

2006 1357 2098 1391 τον
2179 1338 2509 1413 ὑπονοήσας,
2593 1345 2703 1401 εἷ’ἀε
2771 1351 2856 1404 καὶ
2937 1353 3124 1416 ἄλλως
3198 1357 3422 1423 ἐπελθὸν
3486 1367 3655 1439 αὐτῷ,

2009 1425 2316 1500 ἐπεγκλίνει
2365 1433 2502 1504 πρὸς
2544 1433 2638 1488 τὸν
2696 1434 3082 1515 πρεσϐύτερον,
3134 1445 3222 1498 καὶ
3282 1447 3376 1521 ἅμ’
3408 1450 3511 1506 εἶδε

2010 1516 2125 1609 ἅμα
2155 1519 2368 1609 συνῆκε,
2401 1521 2478 1575 T6
2511 1519 2710 1596 δρᾶμα,
2771 1527 2882 1597 καὶ,
2943 1530 3032 1602 Τί,
3091 1535 3246 1608 φησί,
3305 1542 3504 1609 τοῦτο;
3548 1548 3657 1598 Τοῦ

2009 1607 2139 1678 γοῦν
2199 1606 2388 1681 ἱερέως
2446 1609 2520 1670 ὡς
2580 1611 2710 1687 ὑπὲρ
2742 1615 2906 1669 αὐτοῦ
2938 1618 3221 1692 εὐξὰίμενοι
3272 1627 3524 1702 φέρουσιν
3584 1631 3660 1695 εἷς

2013 1694 2266 1768 βοήθειαν
2327 1696 2414 1750 καὶ
2445 1699 2510 1752 τὰ
2541 1696 2785 1774 δῶρατὰ
2830 1704 2907 1767 εἰς
2959 1707 3136 1782 ὑγείαν
3195 1694 3510 1773 συνοίσοντα
3566 1694 3660 1774 λέε

231 1787 304 1840 τὰ
358 1787 460 1838 τοῦ
516 1780 770 1837 κινδύνου
824 1780 998 1836 ἐδόκει
1055 1783 1354 1856 (νομίζεται
1400 1784 1504 1858 γὰρ
1535 1789 1650 1846 τοῖς
1683 1789 1897 1839 νοσοῦσι
1931 1826 1975 1889 Β
2009 1803 2220 1856 γοντος,
2273 1784 2432 1847 αὐτὸς
2482 1784 2745 1861 διακόψας
2793 1780 3100 1872 ἀναθαρρεῖ,
3160 1801 3251 1854 καὶ
3308 1811 3408 1874 τῆς
3465 1806 3658 1879 κλίνης

311 1877 453 1889 .-
637 1872 884 1889 ..-ρ
1061 1872 1087 1889 ,ν
1284 1872 1517 1889 ,ς,,,
1688 1871 2092 1889 -.ληι
3053 1885 3063 1889 ,

2020 1871 2032 1888 9

232 1877 326 1930 καὶ
359 1878 522 1929 τοῦτο
561 1878 728 1946 μοῖρα
761 1872 1014 1945 θανάτου,
1049 1872 1230 1948 ὥσπερ
1283 1872 1342 1927 ἂν
1378 1873 1423 1926 εἰ
1456 1873 1627 1928 αἴτιον
1683 1875 1750 1942 ἦν
1809 1874 1895 1929 ἐπι

229 1963 457 2024 τούτοις
514 1964 577 2016 τὸ
631 1962 806 2038 λέγειν
859 1967 960 2016 τοῦ
1004 1961 1286 2038 γίνεσθαι),
1345 1962 1556 2039 ἀφεῖναι
1617 1961 1673 2017 δὲ
1730 1962 1893 2018 πάλιν

233 2053 500 2108 ἀπελθεῖν
524 2052 812 2125 ἀνέτοιμον
864 2050 924 2106 οὐ
956 2055 1062 2106 τῶν
1116 2049 1299 2104 καλῶν
1330 2049 1640 2123 ἐδοκίμαζε.
1689 2054 1782 2124 Τῷ
1809 2074 1896 2107 τοι

229 2140 558 2216 προσελθὼν
611 2144 693 2212 τῷ
750 2139 799 2212 ἐξ
853 2138 1060 2194 ἐκείνου
1112 2140 1329 2215 βασιλεῖ
1377 2137 1710 2214 Ἀνδρονίκῳ
1741 2139 1898 2216 ἐθάρ-

232 2231 322 2309 ῥει
375 2232 467 2286 τὸν
523 2229 684 2306 λόγον
717 2237 817 2300 τῆς
869 2231 1189 2308 ἀποφάσεως
1247 2231 1321 2292 ὡς
1379 2231 1442 2284 οὐ
1492 2231 1788 2305 βιώσοντος
1820 2228 1897 2286 ἔτι

221 2325 331 2376 τοῦ
367 2319 656 2395 βασιλέως.
687 2317 789 2375 Καὶ
851 2319 909 2382 ’ὸς
976 2317 1095 2374 οὐδ’
1143 2318 1303 2381 αὐτὸς
1365 2320 1808 2393 ὑπομιμνήσκειν
1835 2321 1899 2374 τὸ

225 2410 562 2465 ἀπευκταῖον
613 2409 852 2486 teipse,
905 2408 1059 2483 ὅμως
1116 2407 1173 2463 δὲ
1227 2409 1326 2478 τήν
1384 2410 1698 2482 ὲτοιμασίαν
1741 2408 1900 2488 σοφί-

227 2618 534 2674 donativis
566 2618 788 2674 curavit
818 2616 1074 2673 deliniri:
1109 2633 1376 2690 proceres
1408 2622 1603 2674 autem
1630 2618 1688 2672 in
1720 2617 1884 2674 cubi-

224 2707 568 2776 oulum,ubi
601 2723 748 2779 aeger
781 2705 1191 2771 decumbebat,
1211 2707 1426 2762 accitos
1454 2707 1655 2762 audire
1687 2723 1884 2763 coram

223 2796 523 2869 aﬂ'arique
554 2795 879 2851 constituit.
941 2795 1000 2850 Id
1061 2810 1240 2866 quam
1291 2796 1731 2866 decentissimo,
1783 2814 1886 2868 pro

223 2891 390 2944 statu
427 2885 698 2956 praesenti
731 2901 950 2952 rerum,
975 2889 1262 2956 apparatu
1293 2885 1378 2940 sic
1402 2890 1594 2940 actum
1622 2891 1730 2940 est.
1765 2885 1884 2939 Cir-

219 2976 613 3033 cumstabaut
644 2973 923 3045 utrinque
955 2972 1272 3030 necessarii
1320 2991 1387 3030 ac
1419 2972 1736 3029 familiares
1767 2973 1881 3028 im-

217 3065 676 3138 peratoris.lpse
707 3062 1272 3134 connisu,quantum
1305 3063 1576 3119 debilitas
1618 3064 1880 3134 corporis

2009 1871 2309 1968 dvéynpsmt,
2375 1875 2462 1929 καὶ
2520 1882 2670 1946 ζητεῖ
2721 1879 2918 1951 ζώνην,
2980 1885 3068 1938 καὶ
3125 1889 3186 1942 τὸ
3238 1891 3391 1965 ἅγιον
3445 1871 3658 1968 διέξεισι

2009 1956 2312 2033 σύμϐολον,
2363 1964 2452 2017 καὶ
2509 1967 2591 2033 τὸ,
2654 1994 2678 2017 ‹‹
2721 1968 2912 2045 Κύριε,
2964 1972 3119 2048 ῥῦσαί
3179 1999 3246 2050 με
3275 1956 3334 2034 ἐκ
3383 1990 3482 2052 τῆς
3517 1956 3658 2060 ὧρας

2006 2049 2228 2120 ταύτης,
2278 2076 2306 2102 ››
2353 2053 2542 2125 εἷπὼν,
2593 2058 2680 2110 καὶ
2731 2058 2795 2112 τὰ
2825 2059 3004 2115 εἰκότα
3037 2069 3465 2142 ποτνιασάμενος
3522 2049 3659 2148 πρὸς

2006 2138 2099 2192 τὸν
2153 2141 2430 2213 Ὕψιστον,
2486 2144 2583 2212 τήν
2645 2146 2806 2217 ἀμίαν
2841 2150 3146 2226 μετάληψιν
3178 2153 3415 2231 δέχεται,
3447 2163 3535 2214 καὶ
3565 2138 3660 2218 ἆτε-

2010 2229 2115 2282 σὼν
2173 2228 2323 2294 αὖθις
2374 2231 2463 2286 καὶ
2516 2236 2699 2308 καιρὸν
2753 2236 2996 2313 ἐπισχὼν
3057 2244 3156 2310 τήν
3209 2228 3410 2320 ψυγῆνν
3445 2249 3659 2329 ἀφίησι.

2009 2318 2112 2373 Καὶ
2140 2315 2206 2388 δὴ
2237 2318 2568 2391 τελευτήσας
2616 2323 2724 2399 οὐχ
2769 2326 2932 2394 ἧττον
2992 2336 3108 2393 τοῖς
3162 2309 3590 2414 τῖὺνιῸΤοχάρων
3625 2344 3660 2412 ἢ

2007 2411 2114 2461 τῶν
2162 2407 2377 2463 οἷ’κείων
2408 2410 2696 2484 τετίμηται
2742 2409 3019 2492 δάκρυσιν.
3079 2421 3156 2478 Οὗ
3202 2423 3294 2478 τὸν
3350 2389 3539 2503 νεκρδν
3597 2389 3658 2485 τό

1996 2617 2280 2674 Cabasilae
2310 2618 2468 2675 haud
2518 2621 2752 2680 animus
2785 2629 2982 2683 tamen
3031 2630 3243 2701 adfuit,
3295 2636 3646 2707 praevalente

1997 2712 2161 2762 metu
2219 2708 2584 2780 offensionis,
2646 2713 2943 2772 iudicandi
2991 2720 3256 2792 Augusto
3315 2725 3640 2796 periculum

1996 2811 2195 2852 suum.
2232 2801 2376 2852 Nam
2409 2804 2468 2853 et
2497 2798 2606 2855 hoc
2640 2803 2834 2859 fatalis
2858 2805 3000 2862 hora
3023 2809 3306 2881 ingruens
3329 2813 3534 2871 all'crre
3558 2834 3646 2871 so-

1995 2882 2154 2939 letin
2189 2885 2399 2955 primis
2435 2888 2670 2943 noxium
2705 2893 3074 2961 mortalibus,
3111 2904 3173 2954 ut
3207 2901 3429 2958 indices
3462 2920 3644 2974 quan-

1994 2973 2216 3028 tumvis
2255 2974 2560 3031 benevolos
2605 2978 2970 3037 imminentis
3021 2985 3238 3055 obitus,
3274 2973 3558 3061 tanquam
3593 2995 3641 3049 si

1997 3063 2127 3152 ejus
2158 3077 2340 3152 causa
2370 3071 2588 3152 essent,
2623 3083 2824 3124 exosos
2849 3071 2963 3126 fere
2993 3070 3436 3134 habeantJdem
3470 3097 3641 3152 porro

218 3156 472 3223 ferebat,
507 3157 738 3208 erectus
769 3158 826 3207 et
859 3152 1069 3207 lectulo
1101 3152 1746 3240 insidens,obsequium
1782 3154 1879 3207 be-
1915 3157 1958 3224 α
2000 3149 2326 3206 Cabasillas
2362 3151 2618 3224 ieligioni
2652 3157 2858 3213 merito
2889 3160 3138 3218 ducebat
3169 3163 3252 3220 sic
3283 3149 3640 3240 imparatum

217 3243 570 3300 nevolorum
604 3241 894 3296 sociorum
931 3242 1001 3296 ad
1036 3240 1282 3295 amicam
1316 3239 1716 3295 invitationem
1751 3246 1880 3295 stu-

217 3333 386 3388 diose
421 3331 854 3387 occurrentium
887 3331 1151 3401 impense
1184 3331 1878 3401 commendavit,gratum

218 3423 278 3478 id
311 3421 426 3476 sibi
463 3426 518 3476 et
554 3419 794 3475 memori
829 3419 1026 3474 animo
1057 3419 1428 3474 condendam
1463 3420 1719 3474 officium
1749 3437 1880 3491 pro-

223 3513 436 3566 ﬁtens.
474 3510 538 3564 In
573 3508 780 3580 primis
812 3524 874 3562 se
905 3513 1076 3579 Nogm
1107 3508 1326 3579 gratias
1355 3524 1525 3579 agere
1549 3507 1883 3580 babereque

223 3600 521 3675 plurimas
556 3602 917 3653 contestatus
941 3597 1210 3668 est,quod
1235 3596 1287 3652 is
1319 3603 1436 3651 tam
1468 3603 1882 3669 promptc,tam

224 3689 462 3764 prolixe
495 3687 711 3759 petenti
746 3685 856 3741 sibi
892 3687 1044 3757 quod
1101 3689 1330 3755 optarat
1382 3688 1686 3740 annuisset
1717 3705 1731 3754 ;
1766 3703 1881 3758 quo

224 3779 501 3844 nomine,
532 3781 594 3830 ut
624 3775 768 3847 ipsis
801 3791 949 3845 quos
976 3774 1278 3846 spectabat
1308 3791 1585 3845 praesens,
1627 3775 1727 3846 qui
1760 3778 1880 3830 tam

229 3875 480 3925 strenue
506 3864 720 3920 auxilio
741 3863 1061 3928 venissent,
1095 3863 1178 3917 sic
1199 3862 1286 3917 illi
1317 3863 1414 3934 qui
1463 3863 1715 3935 benigne
1773 3864 1880 3918 mi-

230 3959 439 4024 sisset,
471 3960 753 4011 zeternum
787 3970 850 4008 se
880 3953 1225 4008 obstrictum
1259 3953 1399 4008 fore.
1447 3953 1883 4008 Perincommo-

227 4050 376 4104 dum
415 4044 520 4100 tali
551 4041 794 4098 articulo
827 4041 939 4098 sibi
973 4042 1240 4098 morbum
1282 4041 1438 4096 hunc
1475 4041 1878 4106 intervenisse,

232 4139 375 4210 plus
410 4136 540 4190 ideo
572 4132 886 4188 molestum
922 4133 1074 4202 quod
1109 4133 1322 4202 quibus
1342 4131 1732 4186 destinaverat
1753 4133 1878 4186 ol'ﬁ-

226 4227 339 4284 ciis
362 4222 717 4294 iudiciisque
747 4223 902 4278 530
932 4221 1052 4276 veri
1084 4220 1302 4276 amoris
1342 4221 1605 4290 excipere
1638 4237 1879 4292 genero~

226 4334 328 4373 sos
361 4313 556 4371 socios
587 4329 694 4367 sua
724 4327 902 4366 causa
931 4315 1050 4365 tam
1082 4309 1253 4382 longe
1297 4312 1586 4381 profectos
1643 4310 1878 4365 interim

229 4401 961 4478 prohibereturﬂeterum
992 4416 1229 4470 sperare
1262 4399 1416 4455 brevi
1443 4400 1878 4469 remittendum;

229 4495 470 4564 sibique
494 4490 826 4547 valetudine
854 4494 1197 4561 recuperata
1227 4493 1482 4560 optatam
1521 4505 1656 4545 mox
1705 4489 1883 4544 facul-

229 4590 417 4640 tatem
443 4582 621 4636 aﬂ'ore
648 4583 876 4651 gratam
923 4595 1089 4633 suam
1143 4593 1280 4649 erga
1311 4578 1471 4649 ipsos
1527 4579 1886 4634 voluntatem

235 4669 656 4728 consentaneis
684 4675 740 4723 et
764 4667 972 4723 merito
1005 4666 1266 4738 ipsorum
1301 4672 1357 4721 et
1387 4684 1494 4722 suo
1542 4668 1738 4722 studio
1785 4669 1884 4723 be-

231 4760 460 4816 neﬁciis
493 4757 1034 4830 expromendiﬂzec
1065 4772 1132 4811 eo
1164 4756 1366 4827 paucis
1400 4762 1456 4811 ct
1485 4773 1633 4828 aegre
1666 4757 1882 4824 locuto,

238 4848 516 4906 Tocharii
562 4863 679 4919 pra:
714 4862 778 4901 se
830 4845 1093 4900 tulerunt
1149 4844 1344 4900 dolere
1397 4861 1460 4900 se
1511 4845 1883 4901 incommodo

235 4937 524 5011 principis
555 4934 752 5000 amici,
783 4951 1116 5006 cupereque
1149 4951 1214 4989 ac
1244 4949 1478 5006 sperare
1536 4933 1690 4990 brevi
1748 4951 1881 4989 eum

234 5027 668 5084 restituendum
699 5024 760 5078 in
813 5021 1217 5079 salubritatem
1253 5021 1596 5094 pristinam;
1634 5027 1884 5094 tuncque

230 5133 296 5172 se
320 5113 630 5171 sinceriori
661 5116 1044 5185 percepturos
1073 5111 1288 5184 gaudio
1330 5110 1623 5181 promissa
1655 5112 1727 5167 ab
1756 5112 1883 5183 ipso

224 5206 402 5260 bona.
441 5205 529 5258 Ita
560 5201 667 5256 illi.
703 5201 987 5256 Craterum
1033 5200 1276 5256 morbus
1305 5199 1442 5255 inde
1485 5216 1804 5272 augescens
1829 5199 1880 5253 vi

222 5311 344 5365 qua
374 5293 764 5366 grassabatur
793 5307 964 5359 saeva,
1000 5290 1154 5345 haud
1189 5290 1434 5346 obscure
1464 5295 1796 5362 Augustum
1822 5291 1878 5344 in

227 5382 539 5438 interitum
575 5377 1156 5452 urgebat,adl'uitque
1178 5395 1290 5433 non
1327 5377 1510 5434 multo
1542 5383 1673 5449 post
1703 5377 1880 5434 minis

224 5489 320 5527 me
357 5471 560 5527 dubiis
629 5469 1002 5541 agnoscenda
1053 5467 1288 5523 indiciis
1344 5484 1622 5539 suprema
1666 5473 1880 5540 aegroto

216 5561 374 5633 dies,
413 5560 653 5633 quando
683 5558 933 5614 medicis
966 5555 1112 5613 nihil
1140 5557 1342 5612 mitius
1372 5573 1549 5628 quam
1584 5562 1877 5614 maturum

213 5647 639 5706 decumbentis
673 5647 900 5704 obitum
937 5645 1130 5718 palam
1159 5645 1587 5718 ominantibus,
1619 5645 1879 5702 actuario

1995 3255 2064 3294 ex
2094 3242 2214 3295 vita
2264 3241 2543 3297 excedere
2591 3251 2921 3317 Augustum
2967 3250 3177 3308 sinere.
3211 3255 3398 3316 Quare
3430 3259 3635 3315 defun-

1992 3335 2225 3384 cturum
2262 3331 2374 3386 isto
2406 3348 2470 3386 se
2518 3349 2654 3403 erga
2700 3334 2866 3390 illum
2900 3339 3092 3396 otit'cio
3142 3345 3387 3414 putavit,
3421 3347 3471 3402 si
3522 3349 3641 3405 lilio

1993 3419 2437 3491 successorique
2454 3421 2581 3491 ejus
2609 3424 2937 3482 Andronico
2959 3427 3276 3486 discrimen
3314 3434 3637 3493 denuntia-

1991 3512 2078 3563 ret
2106 3508 2288 3578 patris
2320 3514 2669 3577 extremurn,
2711 3515 2863 3584 quod
2898 3521 2954 3571 et
2987 3519 3188 3576 statim
3239 3521 3392 3578 fecit.
3429 3524 3640 3583 Verum

1994 3612 2065 3650 ne
2100 3597 2470 3687 Andronicus
2505 3599 2740 3670 quidem
2771 3619 2954 3659 ausus
3003 3612 3092 3662 est
3125 3613 3242 3664 tam
3279 3611 3503 3668 tristem
3539 3633 3641 3687 pa-

1993 3686 2145 3740 renti
2181 3687 2384 3742 afferre
2419 3689 2714 3744 nuntium.
2749 3692 2968 3748 Tamen
3021 3697 3242 3766 aliquid
3294 3686 3644 3773 excogitavit

1989 3791 2100 3844 quo
2135 3791 2310 3829 suum
2363 3781 2688 3848 utcumque
2733 3779 3032 3836 silentium
3088 3786 3408 3857 suppleret.
3460 3791 3641 3846 Jussu

1990 3861 2214 3917 scilicet
2243 3863 2371 3934 ejus
2415 3864 2611 3920 subito
2665 3873 3021 3938 promuntur
3068 3871 3383 3929 Dominicze
3437 3881 3642 3935 mortis

1988 3952 2408 4024 symbola,qua3
2439 3957 2712 4010 sacerdos
2737 3957 2874 4012 cleri
2904 3958 3147 4030 palatini
3169 3965 3638 4038 venerabundus,

1995 4059 2107 4112 quo
2143 4060 2246 4113 par
2276 4048 2400 4099 erat
2427 4050 2636 4100 ornatu
2688 4047 3002 4118 accipiens,
3040 4050 3354 4122 improviso
3400 4071 3642 4125 prorsus

1994 4132 2063 4185 ad
2087 4133 2233 4188 531
2266 4131 2408 4186 nibil
2437 4133 2632 4188 minus
2653 4137 3009 4206 cogitantem
3025 4140 3352 4212 Augustum
3369 4146 3637 4201 accessit.

1990 4220 2125 4275 Erat
2184 4237 2336 4293 aeger
2377 4227 2517 4276 tunc
2555 4223 2699 4278 forte
2759 4225 2918 4280 vultu
2971 4229 3044 4282 ad
3095 4229 3374 4299 parietem
3417 4250 3640 4306 averso,

1990 4310 2148 4364 curis
2182 4316 2246 4364 ut
2276 4311 2594 4382 apparebat
2636 4313 3027 4371 familiaribus
3079 4317 3375 4376 intentus:
3408 4323 3643 4394 vigebat

1989 4398 2142 4454 enim
2178 4399 2374 4454 animo
2397 4416 2502 4455 nec
2525 4401 2593 4456 de
2627 4402 2936 4471 judicandi
2961 4406 3090 4476 ejus
3122 4412 3223 4463 aut
3252 4411 3640 4468 ratiocinandi

1993 4488 2192 4544 solerti
2223 4489 2547 4544 acrimonia
2575 4490 2901 4562 quidquam
2953 4495 3194 4551 morbus
3233 4498 3634 4556 imminuerat.

1998 4579 2202 4633 Stabat
2232 4577 2415 4650 igitur
2463 4578 2521 4633 in
2571 4581 2864 4636 contraria
2913 4588 3074 4654 parte
3124 4587 3426 4660 presbyter
3471 4607 3641 4648 sacra

1995 4668 2148 4722 dona
2179 4684 2357 4722 manu
2401 4667 2722 4738 sustinens,
2753 4675 2812 4724 et
2841 4671 2980 4726 dum
3030 4672 3128 4728 ille
3159 4691 3220 4729 se
3271 4683 3478 4748 sponte
3509 4697 3642 4736 con-

1993 4761 2265 4822 verteret,
2326 4761 2417 4811 sat
2473 4756 2644 4828 longo
2697 4769 2955 4830 tempore
2999 4762 3231 4819 silenlio
3273 4774 3638 4838 exspectans.

1994 4845 2252 4900 Tandem
2289 4845 2625 4916 imperator,
2659 4847 2777 4902 sive
2821 4865 2937 4920 quo
2985 4853 3270 4910 excitatus
3319 4856 3488 4928 signo
3520 4860 3641 4914 sive

1991 4933 2276 4988 instinctu
2322 4934 2566 5006 propria
2621 4937 2834 4990 mentis
2885 4939 3245 5009 admonitus,
3297 4945 3396 4999 ubi
3429 4946 3635 5002 faciem

1993 5022 2271 5078 aliorsum
2305 5023 2657 5090 retorsisset,
2691 5025 2814 5081 viso
2848 5029 3185 5101 presbytero
3229 5032 3430 5088 statim
3464 5035 3660 5090 intel--

1992 5111 2132 5167 lexit
2161 5128 2445 5182 quorsum
2481 5112 2528 5167 is
2553 5112 2825 5169 venisset.
2865 5117 3248 5190 Interrogavit
3268 5126 3464 5177 tamen
3496 5124 3636 5194 quid

1993 5200 2104 5257 sibi
2136 5217 2202 5255 eo
2230 5206 2458 5269 ornatu,
2494 5218 2560 5257 eo
2589 5208 2746 5258 statu
2771 5204 2964 5262 vellet.
2999 5207 3220 5279 Illoque
3251 5212 3636 5282 respondente

1991 5305 2118 5345 sese
2155 5295 2287 5360 post
2319 5306 2517 5361 preces
2550 5308 2654 5364 pro
2688 5293 2818 5362 ejus
2849 5293 3036 5349 salute
3079 5299 3239 5352 fusas
3263 5299 3436 5352 etiam
3469 5299 3632 5354 utilia

1991 5380 2041 5435 ei
2067 5380 2329 5450 juvando
2361 5381 2651 5436 elferenda
2669 5399 2836 5436 sacra
2860 5383 3010 5438 dona
3045 5388 3362 5455 putavisse,
3384 5403 3633 5456 quorum

1989 5470 2284 5542 perceptio
2315 5471 2383 5526 ad
2439 5471 2626 5526 morbi
2667 5489 2900 5544 quoque
2946 5475 3195 5530 valitura
3239 5475 3628 5534 exsulsionem

1989 5559 2156 5625 foret,
2184 5576 2297 5615 non
2330 5564 2663 5631 exspectato
2695 5560 2835 5614 dum
2872 5561 2924 5614 id
2962 5566 3147 5616 totum
3172 5563 3632 5635 pronuntiasset,

1989 5665 2136 5719 aeger
2165 5648 2360 5706 statim
2394 5649 2656 5705 excitans
2686 5664 2749 5704 se
2788 5647 2980 5719 ipsum
3033 5666 3214 5722 supra
3267 5652 3478 5710 lectum
3531 5672 3634 5714 ex-
