3968 6202
394 332 505 389 995
1456 323 1518 378 Ρ.
1561 322 1838 378 POSBINI
1877 325 2045 381 OBSE

2154 323 2495 380 'ATIONUM
2530 324 2668 378 LIB.
2709 325 2754 377 ι.
3611 332 3694 389 996

391 455 561 529 τάχος
619 453 670 505 οἱ
730 449 805 510 εἷς
856 450 1018 502 τοῦτο
1071 446 1362 521 ταχθέντες
1420 444 1793 507 συστείλαντες
1848 446 2039 510 νυκτὸς

399 544 540 616 παρὰ
593 540 692 606 τὴν
743 535 864 591 νέαν
900 536 1097 608 μονὴν,
1127 534 1286 610 ἐγγύς
1312 555 1417 588 που
1456 538 1564 588 τῶν
1614 533 1726 588 ἐκεῖ
1766 534 2045 608 κειμένην,

652 627 664 668 ί
1099 622 1125 642 θ’
1296 625 1308 641 Ἴ
1835 622 1847 642 ‘.

399 633 822 705 μετακομ.ζουσι
857 670 870 682 .
920 624 1017 678 Καὶ
1064 646 1238 688 ουτως
1286 625 1580 698 απὲρχεται
1639 620 1896 699 βασιλευς
1958 627 2049 695 ζὴ.

391 739 484 779 σις
557 717 650 790 μὲν
729 716 794 768 τὰ
851 713 1135 786 σύμπαντα
1187 709 1278 782 ἔτη
1330 714 1672 782 πεντήκοντα
1725 712 1815 766 καὶ
1879 713 2044 785 ὁκτὼ,

391 805 716 883 βισιλεύσας
749 801 806 858 δὲ
843 805 1066 878 ἡμερῶν
1098 800 1331 857 δεουσῶν
1382 800 1552 856 εἷ’κοσι
1601 804 1666 855 τὰ
1714 800 1884 856 εἷ’κοσι
1927 803 2045 856 τὲσ-

391 916 545 971 τχρα.
610 891 915 948 Ὑποδεῖται
977 894 1074 966 μὲν
1133 892 1234 968 γὰρ
1284 891 1348 945 τὰ
1377 898 1476 960 τῆς
1529 890 1807 966 βασιλείας
1849 891 2047 968 ἐρυθρά

387 981 870 1057 Ἑκατομϐαιῶνος
928 983 1161 1056 πρώτῃ,
1223 981 1298 1044 ὡς
1358 979 1660 1048 λέλεκται,
1715 983 1928 1051 Θνήσκει
1988 979 2046 1036 δὲ

391 1077 834 1152 Σκιροφοριῶνος
919 1069 1199 1146 ἑνδεκάτῃ,
1277 1070 1460 1146 ἡμέρᾳ
1534 1075 1872 1146 Ιῐαιρασκετῇ.
1947 1072 2044 1127 Καὶ

391 1165 534 1221 οὕτω
582 1167 670 1218 καὶ
699 1164 762 1218 τὸ
803 1161 886 1217 ἐπ’
930 1162 1076 1234 αὐτῷ
1117 1165 1346 1234 σημεῖον
1399 1157 1723 1217 ἐτελειοῦτο.
1783 1162 1882 1218 Ἦν
1939 1161 2041 1236 γὰρ

2153 445 2212 501 ἐκ
2261 452 2327 500 πῖ
2375 445 2654 520 στοιχείου
2684 444 3096 520 τριγράμμοιτον
3125 444 3212 498 τὸν
3244 443 3321 500 ἐπ’
3354 444 3508 520 ἐκείνῳ
3534 449 3692 522 lar-Sario-

2163 535 2281 591 λον.
2345 532 2596 604 Δήλωσις
2656 534 2703 589 δ’
2764 537 2918 606 οἶμαι
2950 537 3117 588 ταῦτα
3170 540 3260 590 τοῦ
3309 557 3360 590 τε
3405 539 3699 613 κατ’ἐπὶκλην

2158 624 2308 697 αὐτῷ
2340 624 2640 698 λεγομένου
2672 621 3078 699 (ΙῙαλαιολόγος
3130 625 3273 699 γὰρ),
3329 630 3414 680 τοῦ
3461 627 3597 683 τόπου
3621 635 3704 686 καθ’

2155 712 2212 768 ὅν
2246 708 2448 786 ἔμελλε
2473 712 2727 786 τελευτᾷν
2791 711 2906 786 (τοῦ
2967 711 3267 788 "axiculos
3309 715 3398 788 γὰρ
3445 716 3499 770 τὸ
3547 719 3702 793 χωρ-ἔον

2157 802 2392 878 ἐλέγετο)
2441 804 2531 858 καὶ
2588 812 2690 875 τῆς
2746 802 3113 859 ἐπιτελευτίου
3165 802 3248 857 ἐπὶ
3295 804 3488 866 τούτοις
3529 809 3700 880 ἡμέρας·

2155 893 2338 966 ἡμέρα
2368 893 2470 968 γὰρ
2531 893 2596 962 ἦν
2660 895 2976 967 Παρασκευή
3026 895 3144 956 καθ’
3191 895 3249 961 ἢν
3303 895 3433 948 ταῦτ’
3483 893 3704 970 ἐπράττετο

2156 979 2430 1052 ἑνδεκάτη,
2516 984 2590 1046 ὡς
2664 979 2898 1056 εἷ’ρηται,
2989 981 3417 1059 Σκιροφοριῶνος
3463 989 3545 1039 τοῦ
3589 987 3705 1062 Setia

2156 1068 2330 1132 ἔτους.

2151 1289 2407 1362 demptis
2434 1289 2641 1345 diebus
2671 1291 2898 1363 viginti.
2933 1291 3080 1346 Nam
3109 1289 3335 1362 imperii
3379 1291 3577 1364 insigne
3602 1310 3708 1363 pur-

2151 1395 2358 1450 puram
2392 1379 2584 1435 induit
2615 1381 2806 1452 prima
2834 1380 2925 1434 die
2956 1380 3247 1447 Januarii,
3281 1386 3341 1436 ut
3377 1381 3566 1435 dictum
3593 1383 3704 1438 582

2149 1472 2273 1523 est:
2307 1469 2452 1524 obiit
2483 1473 2678 1524 autem
2715 1467 3027 1524 undecima
3083 1469 3426 1536 Decembris,
3468 1469 3548 1524 die
3573 1472 3704 1524 Para-

391 1295 600 1367 surgit,
635 1309 840 1348 zonam
885 1289 1164 1363 postulat,
1192 1293 1464 1344 sanctum
1518 1287 1852 1358 symbolum
1905 1307 2040 1361 pro-

392 1383 651 1450 nuntiat,
677 1381 898 1437 addens
931 1383 986 1434 et
1018 1378 1160 1433 illud
1189 1394 1201 1434 :
1239 1400 1265 1428 «
1300 1379 1504 1433 Libera
1531 1395 1644 1449 me,
1669 1379 1932 1446 Domine,
1967 1379 2039 1434 ab

388 1474 535 1529 hora
564 1471 694 1537 hac,
730 1492 757 1519 ››
784 1474 906 1524 tum
941 1468 1157 1540 quibus
1182 1484 1286 1538 par
1307 1472 1431 1522 erat
1454 1466 1828 1523 demissionis
1852 1467 2038 1540 signis

387 1562 756 1617 Altissimum
783 1561 1128 1631 praesentem
1161 1561 1470 1612 veneratus
1501 1572 1732 1612 sacram
1773 1574 2036 1614 commu-
2147 1574 2334 1612 sceve.
2359 1561 2427 1612 Et
2459 1557 2541 1613 sic
2572 1557 2877 1628 impletum
2901 1561 3109 1613 eventu
3133 1563 3222 1613 est
3252 1558 3394 1629 quod
3418 1557 3712 1629 signiﬁcasse

388 1651 621 1707 nionem
657 1647 889 1719 accipit,
923 1650 979 1702 et
1009 1646 1066 1700 in
1103 1644 1382 1700 lectulum
1413 1644 1678 1716 relapsus
1701 1646 1910 1718 exiguo
1933 1663 2037 1701 su-
2149 1646 2329 1701 videri
2366 1650 2555 1718 potuit
2587 1647 2872 1718 sigillum,
2906 1647 3060 1718 quod
3113 1646 3384 1702 adhibere
3411 1646 3718 1718 obsignando

388 1744 617 1813 perstes
676 1735 1001 1802 intervallo,
1050 1732 1225 1806 paulo
1302 1739 1434 1805 post
1487 1734 1743 1790 animam
1805 1735 2040 1793 emittit.
2074 1727 2117 1790 Β
2149 1742 2550 1791 consueverat.
2606 1735 2981 1807 Exprimcbat
3041 1740 3238 1791 autem
3289 1736 3342 1790 id
3391 1735 3713 1790 characterem

387 1830 569 1900 Cujus
595 1843 725 1882 mox
755 1824 990 1896 cognita
1022 1840 1182 1878 mors
1216 1840 1330 1878 non
1391 1823 1588 1879 minus
1634 1824 2035 1880 Tocharorum
2148 1825 2464 1879 formatum
2501 1840 2568 1879 ex
2601 1825 2789 1878 tribus
2824 1825 3031 1894 ﬁguris
3062 1823 3329 1880 elementi
3369 1824 3530 1878 Graeci
3555 1828 3623 1889 πῖ,
3648 1823 3713 1877 in-

389 1935 568 1991 quam
601 1916 681 1989 ipi
715 1913 1088 1970 subditorum
1117 1913 1404 1968 honorata
1435 1913 1712 1983 lacrymis
1742 1918 1853 1968 est.
1899 1914 2040 1985 Ejus
2149 1914 2468 1981 dicantem,
2509 1919 2794 1984 quantum
2838 1913 3214 1984 interpretor,
3246 1914 3423 1985 primo
3461 1929 3717 1982 cognomen

389 2008 636 2063 cadaver
670 2005 943 2061 festinato
975 2001 1392 2074 compositum,
1444 2002 1662 2072 quibus
1711 2002 1768 2057 id
1818 2004 2038 2074 negotii
2150 2001 2783 2075 familiaeipaius,quod
2804 2002 3714 2073 eratPaIzeologus;deindelocum

385 2097 590 2152 datum
619 2097 826 2162 fuerat,
852 2096 1029 2148 noctu
1066 2092 1137 2147 ad
1163 2107 1377 2146 novum
1411 2092 1832 2146 monasterium
1854 2091 1912 2144 in
1938 2091 2037 2147 illa
2146 2091 2244 2146 ubi
2276 2097 2399 2146 erat
2432 2093 2780 2158 moriturus,
2817 2092 2916 2163 qui
2958 2092 3258 2147 Pachomii
3291 2108 3419 2164 ager
3446 2091 3716 2154 dicebatur;

386 2185 598 2241 vicinia
625 2184 806 2240 situm
838 2183 1164 2254 deportant.
1186 2180 1281 2235 Sic
1315 2178 1452 2234 hinc
1485 2179 1754 2252 migravit
1777 2179 2036 2251 impera-
2145 2179 2400 2253 denique
2421 2181 2576 2235 diem
2599 2181 2796 2236 obitus
2821 2198 2944 2252 quae
2965 2180 3280 2236 Parasceve
3310 2179 3715 2247 iuit,undecima,

383 2280 497 2347 tor,
528 2279 840 2348 postquam
865 2271 1104 2328 vixisset
1126 2269 1387 2326 omnimo
1411 2286 1596 2324 annos
1620 2274 1749 2325 octo
1773 2273 1831 2324 et
1862 2268 2037 2341 quin-
2146 2272 2212 2324 ut
2241 2269 2462 2326 dictum
2496 2275 2608 2337 est,
2642 2270 2976 2326 Decembris
3009 2270 3149 2326 anni
3179 2271 3338 2328 6791.

384 2363 692 2437 quaginta,
744 2363 1094 2434 imperasset
1151 2363 1350 2415 autem
1399 2363 1654 2430 quatuor
1692 2363 1752 2414 et
1797 2358 2033 2430 viginti,

1449 2533 3716 2564 mm

383 2538 1446 2570 2222::

1266 2720 1747 2872 PETRI
1849 2728 2498 2931 POSSINI
2595 2731 2715 2862 s.
2812 2733 2925 2863 J.

439 2977 1888 3108 OBSERVATIONUM
1981 2973 3677 3101 PAGHYMERIANARUM

2050 3209 2128 3253 AD

1199 3345 1630 3407 HISTORIAM
1688 3347 1974 3407 RERUM
2028 3343 2450 3406 MICHAELIS
2512 3343 2973 3405 PALZEOLOGI

1739 3513 2037 3601 LIBRI
2105 3514 2416 3602 TRES.

447 3829 713 3888 LIBER
740 3825 1098 3888 PRIMUS.
1133 3858 1207 3867 —
1237 3826 1631 3884 GLOSSARIUM
1658 3841 1676 3880 :
1708 3840 1829 3900 quo
1877 3821 2302 3882 declarantur
2358 3823 2722 3881 obscuriora
2778 3820 2964 3880 verba
3010 3829 3332 3901 usurpata
3390 3825 3457 3878 in
3500 3816 3717 3876 historia

369 3946 590 3987 rerum
620 3927 954 3986 Michaelis
986 3923 1324 3999 Patalogi.

446 4052 713 4112 LIBER
768 4047 1256 4114 SECUNDUS.
1291 4079 1367 4089 —
1425 4046 1640 4104 Noras:
1703 4044 1928 4121 quibus
1985 4046 2116 4104 loca
2169 4046 2475 4120 perplexa
2527 4052 2641 4101 aut
2695 4043 3254 4119 quomodocunque
3311 4035 3716 4102 declarationis

364 4153 461 4209 vel
489 4149 952 4210 emendationis
983 4150 1237 4224 egentia
1269 4163 1393 4222 qua
1425 4144 1871 4214 illustrantur,
1908 4160 2033 4217 qua
2065 4146 2440 4217 opportunis
2470 4143 2873 4200 cautionibus
2903 4145 3319 4199 muniuntur.

438 4276 705 4332 LIBER
765 4271 1158 4332 TERTIUS.
1221 4303 1298 4313 —
1354 4268 1856 4328 CHRONOLOGICUS
1892 4287 1906 4324 :
1940 4267 2050 4324 ubi
2094 4267 2490 4326 characteres
2549 4274 2898 4342 temporum
2954 4271 3024 4324 in
3075 4266 3195 4325 hac
3254 4263 3516 4324 historia
3557 4261 3721 4318 notati

364 4353 884 4442 considerantur,
940 4370 1096 4429 ordo
1151 4376 1477 4446 gestarum
1518 4384 1734 4425 rerum
1789 4369 2182 4441 exquiritur,
2233 4369 2642 4423 extricantur
2697 4364 2997 4444 confusa:
3059 4364 3339 4441 denique
3367 4367 3436 4420 in
3488 4371 3718 4434 erpansa

362 4471 578 4528 tabula
637 4487 958 4528 annorum
1013 4477 1148 4544 fere
1207 4471 1485 4544 triginta
1532 4465 1770 4541 epochae
1823 4464 2300 4540 pracipuorum
2348 4470 2687 4521 eventuum
2737 4482 2777 4519 α
2833 4463 3226 4538 Pachymere
3275 4464 3720 4520 memoratarum

353 4573 484 4626 suis
511 4573 700 4627 annis
728 4573 1137 4646 afﬂiguntur.

539 4692 865 4755 (Revocatur
894 4693 1080 4742 Lector
1110 4703 1220 4740 non
1250 4688 1316 4740 ad
1350 4689 1628 4739 columnas
1657 4691 1886 4743 nostras,
1919 4685 2015 4735 sed
2045 4684 2110 4734 ad
2143 4698 2396 4734 numeros
2431 4683 2570 4748 typis
2598 4684 2980 4748 grandioribus
3008 4684 3062 4733 in
3093 4688 3246 4735 textu
3277 4682 3579 4750 expressos.)

1455 4964 1929 5057 LIBER
2055 4961 2678 5058 PRIMUS.

1820 5163 2331 5225 GLOSSABIUM.

417 5465 755 5524 583-585
819 5461 905 5534 [P.
963 5460 1089 5530 363]
1150 5456 1490 5530 Ἀγιάσματα
1548 5473 1603 5528 p.
1667 5457 1795 5512 258.
1855 5460 1993 5512 Esse
2023 5458 2066 5525 C
2105 5456 2232 5512 tiati
2265 5457 2324 5511 in
2356 5473 2570 5528 corpus
2600 5461 2657 5511 et
2703 5454 3052 5524 sanguinem
3102 5451 3323 5508 Christi
3365 5447 3603 5512 Domini,
3633 5447 3712 5498 de-

342 5553 646 5627 ἀγιάσματα
673 5550 992 5626 particulas
1025 5548 1144 5605 sive
1176 5545 1460 5618 reliquias
1492 5550 1617 5600 tum
1651 5546 1819 5616 panis
1857 5551 1984 5600 tum
2104 5549 2432 5601 monstrare
2463 5545 2756 5601 suffecerit
2785 5561 2851 5598 ex
2887 5560 3001 5598 uno
3023 5547 3081 5598 et
3111 5541 3293 5598 altero
3344 5539 3466 5596 loco
3497 5534 3710 5607 liturgia

340 5644 460 5698 vini
491 5642 868 5700 eucharistici
910 5641 1018 5698 rite
1065 5635 1388 5695 consecrati
1434 5640 1491 5693 et
1539 5636 1989 5692 transsubstan-
2101 5637 2160 5693 S.
2193 5635 2416 5705 Basilii,
2449 5637 2546 5692 ubi
2575 5636 2727 5692 inter
2758 5635 3050 5692 orationes
3100 5649 3228 5706 qua
3283 5637 3416 5704 post
3445 5642 3708 5686 consecra-
