3968 6202
427 376 534 431 999

1487 354 1550 404 P.
1591 344 1869 404 POSSINI
1905 332 2526 394 OBSERVATIONUM
2562 331 2695 383 LIB.
2736 333 2783 383 Ι.

3615 327 3723 381 1000

430 491 655 554 συνόδου
686 487 1032 559 adjunctum
1069 478 1357 551 agnoscit.
1393 475 1447 529 Is
1473 472 1629 527 enim
1661 470 1781 523 toto
1812 465 1921 519 hac
1945 477 2081 516 nar.
2113 466 2159 531 1)
2194 457 2629 525 oppugnantes,
2662 452 2789 522 jam
2833 451 3073 519 jamque
3122 451 3185 502 ut
3229 447 3508 518 sperabant
3530 449 3720 519 capturi.

431 586 651 643 ratione
680 576 824 634 satis
856 573 1079 628 indicat
1104 586 1165 625 se
1209 568 1395 622 favere
1448 548 2071 634 patriarchaeArsenio,

430 680 485 731 et
515 672 734 741 injuste
763 666 1109 720 damnatum
1145 662 1405 730 putasse.
1443 652 1602 707 Unde
1632 640 1855 700 σύνοδον
1902 659 1935 696 a
1960 657 2077 710 qua

430 761 750 818 damnatus
784 758 873 808 est
894 748 1138 823 αἰψηρὴν
1167 744 1451 809 vocando,
1485 740 1646 793 visus
1689 743 1776 790 est
1815 729 2075 785 indicare

432 818 989 915 voluissejudicium
1005 818 1162 893 istud
1180 828 1779 907 ejusprzefestinatum
1797 825 1850 875 et
1865 818 2076 889 cupide

431 940 724 1014 perlatum
755 932 959 997 fuisse,
989 929 1048 982 in
1072 926 1316 998 gratiam
1342 914 1715 991 imperatoris
1736 907 2079 965 incumben-

432 1000 508 1085 tis
539 1027 598 1081 in
634 1023 913 1079 ultionem
958 1014 1192 1072 duritiei
1252 1006 1619 1083 patriarcha,
1671 1000 1864 1073 potius
1896 1009 2073 1067 quam

433 1134 498 1175 ex
533 1114 715 1185 culpae
747 1110 976 1165 merito.
1003 1102 1253 1158 Adhibet
1286 1105 1341 1153 et
1363 1096 1500 1152 alibi
1528 1095 1679 1148 hanc
1726 1086 1891 1157 quasi
1940 1100 2076 1156 pro-

434 1179 756 1263 verbialem
799 1194 1113 1253 formulam
1158 1190 1560 1260 Pachymeres,
1611 1187 1677 1235 ut
1725 1179 1828 1233 lib.
1860 1191 1917 1241 ν,
1945 1189 2073 1243 cap.

434 1261 526 1365 lit,
562 1292 673 1349 sub
696 1290 868 1344 finem
896 1305 910 1355 ;
948 1282 1046 1338 ubi
1079 1295 1215 1336 cum
1250 1275 1421 1332 ambo
1452 1271 1621 1328 codd.
1655 1268 1695 1322 B
1725 1272 1782 1321 et
1804 1267 1851 1320 A
1898 1261 2079 1317 habe-

436 1387 565 1441 rent
596 1378 757 1433 λῦσαι
783 1372 841 1428 δὲ
873 1369 1152 1445 Λαιψηρὴν
1197 1363 1426 1439 ἀγορὴν,
1488 1357 1797 1414 manifesto
1852 1350 2073 1415 mendo,

436 1488 616 1530 manu
649 1464 977 1523 remedium
1000 1458 1309 1515 attulimus
1341 1450 1750 1512 rescribentes,
1800 1445 1864 1497 ut
1908 1455 2079 1512 Opor-

435 1562 569 1629 tuit,
605 1560 761 1611 Λῦσεν
797 1549 1090 1625 δἀἷψηρήν
1122 1543 1349 1621 ἀγορὴν,
1374 1558 1441 1597 ea
1471 1537 1665 1605 verba,
1703 1537 1768 1588 ut
1816 1529 2080 1603 plerum-

436 1666 551 1724 que
582 1647 745 1715 solet,
778 1645 835 1698 in
868 1655 1115 1698 occursu
1146 1618 1589 1691 abhorrentium
1622 1642 1656 1680 a
1683 1618 1912 1693 vulgari
1944 1632 2076 1682 usu,

436 1718 639 1795 secure
661 1732 964 1790 omittente
994 1724 1270 1781 Vaticano
1300 1718 1519 1776 codice.

505 1860 822 1921 Ἁκάθιστος
882 1872 936 1926 p.
995 1852 1120 1906 257.
1202 1843 1619 1905 Celebrabatur
1672 1836 1778 1889 hoc
1865 1831 2156 1926 festnt

431 1912 716 2014 &Kti0t0’tv0v
749 1912 972 2001 dictum
1026 1942 1107 2009 τῷ
1161 1928 1426 2001 Σαϐϐάτῳ
1458 1934 1558 1997 τῆς
1606 1924 1863 1995 πέμπτης
1922 1912 2077 1971 £080-

437 2037 609 2116 μάδος
651 2042 751 2104 τῆς
781 2031 1236 2103 τεσσαρακοστῆς,
1296 2022 1379 2077 ait
1422 2016 1649 2075 Rituale
1705 2013 2075 2068 Grecorum:

437 2098 546 2188 hoc
584 2098 675 2185 est
705 2098 1190 2192 Sabbato'quintaz
1236 2108 1577 2169 hcbdomatis
1608 2098 2077 2175 Quadragesimae.

435 2186 601 2281 {inde
631 2186 1011 2289 apparetquo
1036 2206 1322 2280 pertineat
1368 2199 1469 2255 illa
1517 2195 1735 2251 mentio
1781 2193 1890 2244 τῶν
1924 2186 2083 2255 συνή-

431 2312 536 2365 θων
567 2307 830 2376 νηστειῶν
884 2296 1257 2369 τελουμένων.
1306 2289 1576 2362 Origines
1629 2298 1800 2356 porro
1849 2278 2083 2334 institu-

432 2364 805 2456 tionis'istius
838 2389 968 2446 festi
983 2364 1111 2442 fuse
1137 2384 1512 2439 disseruntur
1539 2375 1596 2429 in
1621 2373 1824 2429 eodem
1841 2364 2079 2423 Rituali.

428 2489 560 2545 Haec
598 2499 831 2539 summa
886 2483 994 2533 est.
1057 2472 1318 2528 Profecto
1351 2468 1412 2522 in
1457 2463 1755 2521 Persidem
1803 2466 2082 2513 adversus

433 2576 731 2632 Chosroen
764 2565 1029 2625 Heraclio
1061 2563 1440 2633 imperatore,
1464 2554 1770 2624 Chaganus
1785 2548 2079 2619 Mysorum

435 2669 494 2721 et
547 2660 896 2735 Scytharum
954 2654 1093 2720 dux,
1151 2652 1324 2720 rupto
1372 2661 1506 2701 cum
1538 2636 1817 2697 Romanis
1849 2634 2081 2697 foedere,

435 2753 591 2812 536
618 2750 690 2806 ab
735 2742 1007 2804 Occiduis
1075 2738 1345 2813 partibus
1404 2748 1537 2788 cum
1595 2721 2081 2783 numerosissimo

433 2840 690 2899 exercitu
745 2835 996 2891 infestus
1051 2818 1620 2894 Constantinopolim
1673 2831 1733 2872 se
1789 2813 2081 2877 admovet,

437 2898 608 2989 obvia
638 2940 884 3003 quaeque
923 2921 1068 2978 tarde
1095 2920 1338 2973 vastans
1364 2909 1620 2969 etmulta
1653 2902 1995 2975 blaspheme
2021 2898 2081 2953 in

440 3022 623 3079 Deum
663 3020 915 3073 minans.
942 3011 1155 3067 Eodem
1187 3011 1454 3077 tempore
1482 2998 1768 3055 Sarbarus
1800 2992 2020 3048 missus
2049 3006 2084 3044 a

435 3110 686 3166 Cbosroe
719 3120 851 3161 cum
884 3099 1070 3173 copiis
1098 3092 1481 3154 validissimis
1503 3083 1828 3145 Orientales
1850 3078 2083 3153 provin-

432 3200 554 3256 cias
584 3198 698 3252 late
733 3191 1049 3267 populatus
1078 3192 1137 3243 et
1167 3187 1290 3257 ipse
1323 3181 1590 3238 alteraex
1620 3173 2077 3248 parteConstan-
2109 3212 2153 3279 Ο

434 3260 752 3359 tinopolim
778 3260 1134 3353 aggreditur,
1169 3279 1318 3329 ferro
1349 3271 1708 3336 ﬂammaque
1740 3260 2075 3334 passimsaa-

431 3378 615 3432 viens.
641 3373 780 3428 Inde
804 3386 874 3425 ex
905 3365 1230 3437 composito
1258 3358 1496 3416 Barbari
1528 3357 1699 3411 ambo
1721 3358 1875 3407 terra
1897 3347 2077 3403 mari-

430 3480 544 3536 que
576 3462 783 3518 urbem
818 3454 995 3513 simul
1030 3436 1390 3526 oppugnant.
1427 3445 1539 3501 Sed
1572 3459 1705 3498 cum
1745 3436 2081 3511 patriarcha

429 3522 670 3622 éergius
703 3544 986 3618 populum
1020 3522 1089 3596 ad
1125 3536 1428 3593 {idendum
1460 3533 1518 3586 in
1550 3528 1803 3599 Deipara:
1828 3522 2079 3596 patroci-

436 3641 533 3697 nio
566 3639 877 3711 ipsamque
907 3628 1294 3686 invocandam
1315 3641 1427 3679 non
1456 3623 1671 3675 frustra
1687 3622 1840 3670 esset
1866 3611 2079 3667 adhor-

430 3700 739 3799 tatus,tam
774 3700 1084 3780 manifesta
1116 3718 1201 3771 ira
1230 3714 1328 3770 Dei
1364 3713 1421 3767 in
1457 3714 1775 3778 utrumque
1801 3700 2076 3758 hostilem

428 3819 746 3878 exercitum
770 3810 1061 3877 incubuit,
1098 3812 1161 3862 ut
1192 3809 1251 3861 et
1280 3806 1593 3859 terrestres
1653 3792 1831 3868 copiae
1892 3792 2077 3846 inter-

430 3912 674 3969 necione
707 3907 1063 3969 delerentur,
1097 3903 1151 3954 ct
1178 3894 1386 3953 classis
1410 3890 1687 3947 universa
1715 3889 1917 3941 exortu
1946 3897 2077 3955 pro-

424 4002 581 4059 cellas
613 3999 841 4061 subitae,
875 4011 944 4050 ex
974 3993 1103 4048 sinu
1135 3985 1359 4044 Ceratis
1390 3981 1544 4037 dicto
1577 3979 1648 4033 ab
1673 3972 2078 4030 substructio-

422 4108 528 4148 nes
560 4088 762 4160 templi
819 4060 1077 4154 Deiparae
1109 4080 1167 4133 in
1200 4076 1396 4131 littore
1429 4071 1496 4125 ad
1532 4066 1890 4122 Blachernas
1954 4060 2074 4127 siti,

423 4179 593 4234 allisa
626 4154 1006 4243 frangeretur.
1038 4168 1098 4223 1n
1125 4165 1447 4237 gratiarum
1473 4156 1763 4212 actionem
1787 4164 1889 4223 pro
1917 4154 2079 4204 tanta

418 4264 663 4322 victoria
687 4259 938 4334 populus
965 4246 1497 4320 Constantinopolit
1518 4261 1667 4301 anus
1699 4246 1924 4297 noctem
1948 4255 2076 4311 per-

426 4350 691 4424 vigilavit
717 4349 774 4403 in
810 4345 1084 4401 laudibus
1116 4340 1392 4413 Deiparaa,
1419 4340 1476 4391 et
1523 4329 1922 4387 anniversaria
1975 4326 2079 4381 de-

428 4416 631 4511 inceps
677 4436 958 4507 religione
989 4433 1136 4490 idem
1172 4432 1439 4501 repetens
1472 4422 1708 4477 initium
1741 4418 1901 4474 dedit
1941 4416 2079 4471 huic

434 4504 767 4598 fest«i,qnod
788 4504 996 4579 deinde
1015 4522 1069 4575 in
1106 4531 1383 4593 prennem
1397 4513 1677 4569 ﬁrmitate
1690 4530 1693 4531 ν
1706 4525 1733 4555 η
1747 4511 1836 4564 est
1849 4504 2073 4561 stabili-

426 4578 789 4688 tumljdplici
806 4578 1180 4683 alioDeiparae
1196 4601 1650 4663 beneﬁcio.Nam
1666 4615 1800 4653 cum
1834 4600 2081 4667 postan-

430 4724 572 4764 num
585 4704 947 4762 tricesimum
964 4682 2077 4768 sextumimperiiConstantiniPogonati

432 4798 859 4854 Saracenorum
880 4784 1343 4846 innumerabiles
1375 4782 1553 4855 copiae
1584 4775 2074 4846 Constantinopo-

423 4886 531 4943 lim
562 4889 688 4941 toto
741 4880 1048 4955 septennio
1105 4872 1650 4933 circumsedissent,
1683 4863 1933 4923 evidenti
1969 4877 2077 4933 ope

425 4975 754 5049 implorata:
786 4951 1510 5035 aConstantinopolitanis
1542 4959 1602 5012 in
1634 4955 1917 5011 auxilium
1944 4951 2072 5007 Dci-

426 5082 583 5138 parte
641 5062 896 5135 primum
956 5056 1281 5112 hiemantes
1321 5049 1509 5122 Cyzici
1558 5044 1773 5101 multos
1830 5057 2071 5097 suorum

428 5154 701 5216 amisere,
734 5166 869 5205 mox
898 5150 1057 5202 metu
1092 5144 1151 5198 in
1182 5143 1381 5212 fugam
1413 5137 1599 5193 classe
1658 5137 1789 5188 acta
1836 5131 1907 5185 ad
1967 5129 2076 5199 Sy-

421 5246 600 5301 laaum
623 5246 708 5317 [P.
727 5239 854 5310 366]
869 5236 1180 5307 ingruente
1213 5226 1538 5285 saevissima
1572 5224 1920 5293 tempestate
1934 5218 2075 5271 sub-

426 5334 606 5392 mersi
663 5308 859 5387 cuncti
898 5328 1059 5381 sunt.
1117 5321 1417 5377 Postremo
1465 5312 1573 5369 sub
1630 5311 1819 5365 Leone
1872 5308 2073 5361 Isauro

428 5425 642 5483 Iisdem
674 5414 949 5478 Saraceni
979 5408 1238 5468 victoriis
1284 5402 1520 5469 tumidi,
1563 5399 1720 5472 quod
1763 5401 2075 5451 Persarum

424 5531 607 5585 regnu
623 5529 677 5568 σι
697 5491 1664 5571 evertissent.Egyptum,Africam
1679 5483 2075 5554 ,lEthiopiam,

431 5604 619 5677 ipsam
652 5600 827 5657 etiam
865 5590 1203 5667 Hispaniam
1238 5578 1679 5638 incursionibus
1725 5576 2076 5638 vastassent,

433 5661 568 5750 c‘um
602 5690 763 5748 mille
801 5661 1152 5759 octingentis
1204 5673 1451 5733 navibus
1508 5661 2076 5737 Constantinopolim

2187 544 2441 613 Deiparas
2474 558 2641 596 suam
2678 540 2883 594 urbem
2950 536 3171 592 tuentis
3226 553 3327 608 ope
3374 537 3570 590 contriti
3604 543 3722 607 sunt,

2186 633 2443 704 primum
2471 630 2604 702 plus
2625 646 2805 700 quam
2838 625 3046 697 viginti
3074 624 3325 680 millibus
3346 624 3723 695 ipsorumaBul-

2184 720 2341 793 garis
2373 719 2559 785 caesis,
2594 717 2810 772 deinde
2844 714 3163 770 lcedissimo
3192 714 3259 768 ad
3284 713 3607 768 Sosthenium
3628 732 3726 769 nau-

2187 809 2370 880 fragio
2430 807 2613 862 classe
2668 805 2927 860 maxima
2975 819 3044 858 ex
3093 809 3249 875 parte
3293 802 3487 858 deleta:
3532 804 3724 874 denique

2186 917 2338 956 saeva
2381 900 2535 953 fame
2567 897 2827 969 ipsorum
2863 894 3121 965 reliquiis
3145 894 3399 964 usquead
3421 910 3561 948 esum
3580 893 3731 948 buma-

2188 1005 2397 1044 norum
2444 987 2817 1051 cadaverum,
2889 983 3033 1055 quin
3108 989 3165 1037 et
3215 988 3527 1046 stercorum,
3567 982 3731 1036 adactis

2187 1079 2328 1133 dum
2361 1080 2445 1132 tot
2471 1076 2626 1131 mala
2656 1074 2824 1147 pauci
2850 1074 3197 1145 superstites
3219 1071 3519 1143 fungientes
3542 1087 3645 1125 cum
3665 1086 3731 1124 re-

2186 1166 2373 1223 siduis
2403 1163 2654 1237 navigiis
2687 1180 2789 1235 per
2819 1164 3072 1235 Aigaeum
3103 1166 3356 1229 currunt,
3387 1159 3612 1214 immissa
3626 1158 3735 1213 divi-

2187 1257 2346 1312 nitus
2394 1254 2679 1328 grandine
2727 1253 2973 1323 ardenti,
3029 1252 3198 1323 cujus
3246 1252 3417 1306 fervor
3460 1249 3613 1320 picem
3648 1263 3735 1317 qua

2186 1345 2395 1401 tabula:
2430 1343 2599 1398 naviu
2612 1360 2664 1397 m
2682 1341 3206 1414 agglutinabantur
3221 1340 3511 1411 liquefecit,
3532 1352 3638 1392 cum
3653 1352 3731 1390 sua

2188 1435 2267 1490 ibi
2300 1449 2504 1490 omnes
2527 1432 2714 1488 classe
2747 1432 3069 1503 perierunt,
3110 1430 3296 1485 tribus
3325 1433 3528 1483 tantum
3547 1425 3731 1480 navibus

2189 1527 2261 1580 ad
2322 1523 2507 1578 cladis
2541 1520 2824 1576 indicium
2886 1522 3127 1576 domum
3181 1517 3457 1575 reversis:
3497 1513 3579 1567 Διὰ
3616 1532 3737 1565 ταυτα

2190 1614 2453 1686 (subjioit
2508 1612 2663 1667 idem
2712 1612 2931 1682 auctor)
2981 1607 3048 1662 τὰ
3106 1607 3341 1684 ὑπερφυῆ
3388 1601 3620 1675 (lanisticia
3659 1606 3733 1668 τῆς

2187 1701 2457 1778 πανάγνου
2504 1700 2593 1755 xxi
2646 1700 2995 1771 Θεομήστορος
3038 1698 3138 1767 τὴν
3185 1699 3441 1773 παροῦσαν
3471 1692 3629 1767 ἑορτήν
3652 1690 3739 1762 ξορα

2187 1794 2442 1864 τάξομεν·
2502 1789 2820 1852 Ἀκάϐιστος
2881 1784 2939 1841 δὲ
2988 1792 3240 1862 εἴρηται,
3297 1782 3425 1839 διότι
3477 1773 3739 1854 ἀρθοστάδῃν

2185 1880 2311 1936 τότε
2341 1885 2444 1940 πᾶς
2476 1880 2502 1933 ὁ
2535 1877 2667 1941 λαὸς
2694 1877 2832 1932 κατὰ
2876 1878 2976 1946 τήν
3030 1874 3197 1930 νύκτα
3252 1873 3444 1943 ἐκείνην
3487 1868 3567 1925 τὸν
3613 1867 3739 1939 ὕμνον

2189 1974 2256 2044 τῇ
2288 1973 2389 2023 τοῦ
2439 1969 2621 2043 Λόγου
2676 1966 2843 2040 μητρὶ
2885 1963 3150 2039 ἔμελψαν,
3194 1962 3281 2019 καὶ
3320 1963 3397 2016 ὅτι
3436 1959 3482 2014 ὲν
3527 1961 3633 2011 πᾶσι
3663 1958 3744 2012 τοῖς

2189 2057 2387 2120 ἄλλοις
2445 2053 2619 2119 οἷ’κοις
2674 2056 2939 2123 καθῆσθαι
2995 2051 3048 2122 ἐξ
3105 2048 3259 2116 ἔθους
3313 2046 3529 2124 ἔχοτες,
3579 2043 3621 2098 ἐν
3660 2045 3743 2102 τοῖς

2187 2151 2420 2221 παροῦτι
2478 2148 2574 2211 τῆς
2632 2145 2983 2218 Θεομήτορος
3028 2141 3181 2216 ὀρθοὶ
3239 2138 3420 2199 πάντες
3466 2134 3740 2206 ἀκροώμεθι’

2191 2239 2302 2295 hoc
2351 2242 2473 2293 est:
2539 2238 2772 2308 Propter
2825 2234 2944 2292 haec
3001 2234 3188 2291 omnia
3268 2234 3379 2285 tam
3424 2221 3743 2283 admirandae

2189 2329 2501 2385 castissima
2560 2326 2653 2381 Dei
2710 2324 2983 2380 Genitricc
3032 2339 3202 2394 opera
3270 2323 3450 2393 patrat
3497 2315 3750 2386 primum

2190 2418 2336 2473 diem
2381 2420 2580 2487 festum
2627 2415 2978 2469 celebramus.
3014 2412 3318 2467 Acathistos
3367 2422 3498 2471 vero,
3527 2400 3661 2474 quasi
3679 2414 3748 2453 ca-

2190 2524 2317 2563 rens
2362 2509 2622 2570 sessione,
2672 2504 2852 2559 dictus
2895 2514 2997 2574 est,
3029 2501 3174 2573 quod
3223 2499 3449 2572 populus
3516 2503 3608 2549 tota
3642 2494 3753 2544 nocte

2193 2595 2385 2653 stando
2451 2596 2719 2667 hymnum
2771 2593 3022 2663 Deiparx
3077 2589 3351 2654 concinet,
3406 2582 3622 2656 quodque
3662 2591 3752 2631 eum

2194 2686 2344 2743 cae
2368 2687 2429 2740 in
2458 2683 2589 2739 aliis
2619 2682 2831 2739 adibus
2860 2662 2930 2737 ex
2956 2695 3107 2736 more
3139 2678 3336 2735 sedere
3372 2674 3543 2741 liceat,
3592 2669 3639 2724 in
3663 2662 3752 2722 isti:

2191 2775 2395 2833 divina
2423 2772 2612 2829 Matris
2630 2772 2798 2829 erecti
2827 2784 3013 2827 omnes
3031 2773 3240 2825 stantes
3269 2764 3626 2822 auscultamus.

2264 2897 2622 2972 ’Δκτουᾶρίος
2665 2914 2718 2967 p.
2777 2897 2904 2951 530.
2964 2895 3155 2959 Quare
3213 2891 3309 2948 hic
3362 2885 3624 2945 Cahasilas
3668 2894 3752 2972 prie

2192 2990 2418 3049 caeteris
2467 2986 2819 3043 intellexerit
2876 2983 3190 3039 imminere
3247 2984 3479 3037 mortem
3524 2965 3748 3046 egrotanti

2192 3083 2477 3154 Augusto,
2536 3092 2654 3132 non
2704 3073 2880 3132 aliam
2934 3069 3308 3128 comminisci
3360 3060 3749 3123 verisimiliorem

2191 3185 2433 3227 causam
2474 3182 2643 3239 queo,
2676 3180 2855 3236 quam
2888 3161 3043 3235 quod
3076 3160 3218 3217 huic
3239 3176 3308 3216 ex
3336 3148 3747 3213 ofﬁcioincubue-

2192 3261 2268 3315 rit
2320 3255 2631 3330 peculiaris
2674 3269 2814 3309 cura
2858 3253 2955 3304 τοῦ
2999 3245 3319 3318 νοσηλεύειν
3369 3243 3457 3299 καὶ
3497 3234 3752 3302 νοσοκομεῖν

2190 3341 2600 3411 imperatorem
2627 3333 2830 3389 morbo
2856 3315 3695 3396 laborantem,intima,inquam,
3715 3315 3754 3366 εί

2190 3401 2314 3500 ί]υῷ
2342 3426 2456 3482 tale
2486 3431 2724 3495 tempus
2756 3421 3037 3494 postulat,
3068 3418 3342 3475 febrienti
3383 3404 3588 3486 corpori
3631 3401 3754 3460 mini-

2189 3517 2367 3575 steria
2395 3514 2849 3573 exhibendi.Cur
2864 3526 3033 3582 porro
3045 3508 3225 3564 talem
3244 3505 3563 3563 ministrum
3585 3488 3754 3550 ἁκτουά-

2191 3627 2306 3682 ριον
2328 3605 2711 3676 Pachymeres
2741 3603 2908 3655 vocet
2928 3615 3067 3666 ,non
3103 3596 3274 3653 facile
3317 3594 3563 3650 occurret
3594 3595 3754 3656 pracc-

2189 3696 2419 3769 cupatis
2450 3692 2722 3762 opinione
2753 3686 3077 3756 communi,
3110 3702 3291 3757 quam
3339 3687 3559 3738 secutus
3591 3679 3755 3730 Casau-

2188 3755 2565 3851 bonus,notis
2586 3780 2645 3835 in
2677 3776 3034 3835 Trebellium
3064 3755 3430 3838 Pollionem,
3461 3755 3757 3839 reprehendit

2187 3873 2780 3932 PrteoniumGraecum
2798 3860 3464 3936 interpretemEutropii,
3486 3853 3757 3928 quodquam

2188 3967 2248 4021 in
2302 3964 2401 4018 lib.
2459 3979 2517 4016 1x
2566 3955 2819 4014 Brevurii
2868 3952 3235 4024 Eutropiani,
3281 3951 3377 4006 ubi
3430 3949 3495 4002 de
3521 3942 3751 3996 Victorino

2190 4055 2404 4126 agitur,
2440 4049 2642 4104 Latine
2693 4045 2971 4114 scriptam
3015 4049 3309 4113 repereral
3339 4031 3566 4094 actuarii
3590 4037 3757 4084 vocem.

3494 4122 3537 4126 ξ,
3602 4118 3628 4126 .,
3736 4107 3753 4126 ,

2189 4107 2317 4214 i536
2342 4107 2540 4195 mea
2569 4107 3155 4206 ὑπομνηματογράφου
3192 4146 3307 4185 non
3353 4118 3651 4182 reddiderit,
3684 4107 3755 4165 sed

2189 4232 2485 4305 propriam
2519 4242 2646 4281 eam
2678 4224 2781 4279 viri
2817 4237 3029 4276 nomen
3061 4218 3377 4291 putaverit,
3409 4215 3464 4270 in
3486 4226 3587 4283 quo
3604 4215 3758 4261 secun-

2187 4323 2261 4377 do
2310 4321 2437 4376 sine
2488 4316 2666 4372 dubio
2717 4312 2986 4368 Paeonius
3032 4310 3313 4381 peccavit.
3350 4310 3443 4361 Est
3494 4298 3626 4356 enim
3674 4287 3760 4345 illle

2189 4430 2258 4468 ex
2288 4407 2546 4466 auctoris
2579 4407 2775 4460 mente
2800 4401 3109 4467 actuarius,
3141 4403 3210 4454 ut
3241 4415 3310 4453 ex
3354 4390 3567 4452 Aurelio
3589 4383 3761 4438 Victore

2188 4505 2246 4557 et
2272 4496 2558 4554 Trebellio
2617 4492 2895 4562 Pollione,
2956 4505 3105 4561 quos
3164 4485 3481 4558 Eutropius
3523 4468 3759 4562 exscribit,

2192 4551 2521 4645 clarissime
2545 4586 2704 4655 patet
2734 4596 2848 4635 non
2879 4551 3187 4651 proprium
3220 4551 3601 4648 personae,sed
3617 4551 3763 4632 appel-

2186 4679 2432 4735 lativum
2475 4669 2848 4737 vocabulum,
2908 4666 3037 4722 νίιω
3088 4681 3282 4737 genus
3331 4667 3390 4717 et
3436 4652 3763 4715 conditionem

2185 4765 2541 4838 exprimens.
2577 4764 2654 4815 De
2688 4760 2893 4814 caetero
2938 4735 3272 4810 erraturum
3322 4745 3590 4807 contendo
3627 4735 3765 4794 fuiSSe

2184 4853 2504 4921 Paconium,
2571 4849 2620 4905 si
2671 4838 3248 4919 ὑπομνηματογράφον
3284 4856 3388 4913 pro
3428 4829 3658 4894 actuario
3685 4838 3763 4895 po-

2187 4945 2422 5009 suisset,
2474 4954 2729 4994 errcrem
2795 4950 2999 4991 eorum
3055 4930 3157 5004 qui
3188 4928 3443 5002 speciem
3474 4938 3567 4996 pro
3593 4923 3756 4992 genere

2187 5035 2498 5104 usurpant.
2531 5028 2828 5093 Quantum
2859 5021 3014 5078 enim
3044 5038 3113 5077 ex
3144 5018 3352 5075 multis
3399 5013 3650 5083 colligens
3686 5016 3762 5056 au-

2186 5130 2371 5187 tumo,
2407 5115 2645 5173 actuarii
2679 5111 2999 5167 universim
3030 5110 3333 5172 dicuntur,
3366 5103 3465 5176 qui
3503 5086 3764 5154 ministeria

2190 5174 2503 5268 humiliora
2530 5219 2673 5261 usus
2704 5198 3034 5274 quotidiani
3065 5215 3215 5269 opus
3238 5196 3334 5251 his
3368 5174 3765 5249 habentibusad-

2187 5304 2413 5368 bibent,
2456 5294 2661 5368 quales
2691 5270 2842 5347 servi
2892 5288 3242 5362 plerumque
3290 5282 3573 5340 veteribus
3616 5270 3758 5368 arens.

2188 5348 2413 5368 .....-.-_,
2461 5348 2591 5368 TW,
2892 5348 2911 5362 ⁸
3147 5348 3163 5358 _

2188 5392 2344 5449 unde
2374 5404 2488 5445 non
2521 5399 2709 5454 usque
2739 5380 2881 5436 adeo
2911 5375 3182 5449 imperite
3211 5373 3367 5429 idem
3406 5366 3647 5426 Paeonius
3670 5348 3763 5411 80'5-

2186 5478 2290 5534 λου
2311 5491 2510 5532 vocem
2554 5453 2862 5543 ἀκέουαριῳ
2921 5463 3341 5535 arljunxit.Sub
3389 5460 3493 5515 hac
3522 5453 3761 5511 universa'

2188 5569 2352 5624 litate
2384 5533 2767 5619 familiarium
2795 5533 3768 5621 administrorumputocomprehen-

2187 5674 2286 5718 sos
2311 5648 2892 5717 commentarienses,
2949 5619 3568 5716 ὑπομνηματογράφους,
3610 5622 3693 5684 sed
3725 5619 3766 5673 ei

3876 2434 3882 2463 l
