3978 6182
220 284 348 344 1001

1684 283 2167 341 ϐιωΒΔΒΙΠΜ.

3491 293 3632 349 1002

215 406 545 482 νοσοκόμους
575 407 943 463 infirmorum
978 409 1275 463 curatores
1322 411 1380 464 et
1441 407 1749 479 chirurgos
1806 411 1865 463 et
1893 409 1946 475 Α
1975 408 2219 465 hensus.
2259 410 2365 475 Qui
2398 410 2523 482 ipse
2552 411 2878 468 Salmasius
2909 414 3049 468 dum
3077 415 3319 486 subjicit
3348 418 3627 476 militares

213 506 416 559 horum
450 500 509 553 in
534 498 738 570 quavis
772 496 901 551 vitae
927 497 1277 551 necessitate
1316 502 1418 552 aut
1448 497 1864 553 commoditate

216 590 592 659 subadjuvas.
625 585 897 649 Qualium
927 601 1057 639 cum
1092 585 1403 654 plurimam
1421 603 1549 642 esse
1574 590 1866 658 oporteret

216 679 440 748 copiam
465 677 525 730 in
557 674 843 745 obsequio
876 677 1205 727 castrorum
1239 678 1662 744 Romanorum,
1694 691 1762 731 ex
1793 675 1864 729 iis

216 771 391 825 fuisse
451 782 566 820 non
630 780 807 834 parva
875 779 944 817 ex
1004 767 1167 832 parte
1223 763 1543 819 conﬂatum
1616 765 1867 819 arbitror

215 857 606 915 actuariorum
640 869 874 923 corpus,
930 852 1084 921 quod
1144 852 1418 907 Aurelius
1478 852 1677 909 Victor
1708 852 1865 907 illam

212 949 396 1019 ipsam
426 942 709 998 Victorini
742 941 975 1013 tyranni
1003 957 1103 1010 per
1135 942 1531 997 Attititianum
1548 943 1864 1014 quemdam

214 1035 560 1097 actuarium,
585 1032 755 1100 cujus
787 1030 882 1084 ille
915 1046 1152 1084 uxorem
1200 1036 1590 1101 stupraverat,
1652 1048 1863 1102 procu-

213 1130 392 1180 ratam
443 1122 657 1177 caedem
717 1135 1077 1186 memorans,
1134 1120 1421 1175 describit
1479 1121 1571 1175 his
1630 1120 1861 1174 verbis:

214 1225 437 1279 Tantum
481 1217 882 1282 actuariorum,
931 1232 1167 1287 quorum
1214 1218 1326 1273 loco
1373 1218 1716 1273 Attititianus
1765 1218 1862 1271 ha-

215 1313 463 1371 bebatur,
520 1308 580 1362 in
637 1308 895 1362 exercitu
941 1307 1211 1375 [actiones
1269 1310 1473 1375 vigent,
1511 1317 1571 1362 ut
1616 1309 1866 1362 arduum

210 1400 517 1472 petentibus
547 1395 767 1451 malitia
793 1404 1135 1467 patraretur.
1171 1395 1347 1451 Genus
1385 1397 1691 1463 hominum,
1720 1414 1864 1467 pra:-

208 1491 398 1545 serlim
436 1489 538 1543 hac
595 1487 936 1557 tempestate,
993 1502 1257 1556 nequam,
1312 1487 1521 1551 venale,
1572 1486 1863 1555 callidum,

211 1580 557 1645 seditiosum,
620 1575 860 1632 habendi
916 1576 1182 1647 cupidum
1243 1586 1401 1647 atque
1442 1578 1512 1632 ad
1557 1577 1864 1649 patrandas

208 1669 431 1740 fraudes
458 1666 832 1739 velandasque
857 1682 1014 1736 quasi
1071 1683 1109 1721 a
1144 1675 1349 1721 natura
1394 1671 1624 1737 factum,
1683 1682 1860 1721 anno-

1971 498 2085 552 dici
2128 514 2227 553 eos
2269 499 2370 569 qui
2422 501 2765 556 missionem
2809 521 2842 557 a
2888 502 3097 559 militia
3146 512 3511 577 acceperant,
3565 516 3629 566 ut

1971 587 2313 643 consulares
2345 588 2624 643 dicuntur
2668 590 2767 661 qui
2828 594 3102 647 consules
3162 594 3415 665 fuerant,
3476 599 3622 653 mihi

1970 676 2205 748 quidem
2237 693 2351 731 non
2398 679 2710 747 persuadet
2738 696 2861 733 rem
2902 682 2982 735 ita
3033 698 3267 753 semper
3323 685 3622 753 habuisse,

1970 763 2081 819 etsi
2112 781 2228 819 non
2261 781 2468 835 negem
2527 767 2843 834 aliquando
2900 769 2958 822 id
3020 786 3129 825 usu
3186 773 3435 829 venisse.
3495 775 3621 831 Non

1969 854 2162 919 credo,
2191 855 2463 923 inquam,
2486 856 2715 925 quoties
2745 858 2898 927 apud
2923 860 3245 927 quemlibet
3274 864 3620 933 scriptorem

1967 943 2238 996 militaris
2270 941 2496 1013 aliquis
2544 943 2779 1013 dicitur,
2835 945 3006 1000 toties
3062 945 3309 1019 intelligi
3371 951 3617 1007 militem

1968 1031 2298 1086 emeritum.
2334 1030 2475 1086 Nam
2510 1049 2661 1102 saape
2680 1032 2959 1088 militaria
2993 1051 3061 1090 ea
3083 1043 3366 1092 vocantur
3399 1056 3521 1110 quae
3544 1043 3616 1095 ad

1969 1118 2186 1173 milites
2220 1122 2533 1189 pertinent,
2564 1125 2627 1175 ut
2656 1137 2820 1176 arma
2867 1127 2922 1177 et
2964 1123 3314 1180 vestimenta
3344 1131 3401 1180 et
3455 1128 3614 1197 equi,

1966 1214 2022 1263 et
2053 1208 2347 1276 calonum,
2380 1209 2652 1280 lixarum,
2686 1211 3050 1277 institorum,
3103 1216 3204 1283 qui
3253 1226 3444 1271 castra
3503 1218 3618 1272 fre-

1968 1303 2255 1368 quentant
2294 1304 2359 1353 ut
2406 1298 2694 1353 militibus
2747 1300 3086 1369 inserviant,
3144 1303 3416 1359 militaris
3446 1308 3621 1361 turba

1968 1387 2451 1449 dicitur.,Quidni
2482 1404 2617 1458 ergo
2642 1389 2741 1459 qui
2778 1390 3070 1445 militibus
3105 1408 3457 1463 quocunque
3508 1412 3618 1449 no-

1968 1477 2124 1530 mine
2153 1476 2510 1543 ministrant,
2543 1477 2747 1548 quales
2778 1484 2945 1532 erant
2977 1480 3242 1547 actuarii,
3271 1486 3336 1535 ut
3366 1485 3618 1538 ostendi-

1968 1581 2121 1634 mus,
2157 1564 2440 1619 militares
2473 1564 2587 1619 dici
2622 1565 2973 1636 potuerint?
2996 1571 3144 1622 Sane
3176 1569 3255 1623 ita
3303 1586 3500 1625 vocem
3553 1572 3619 1625 il-

1964 1652 2081 1707 lam
2116 1657 2455 1722 usurpatam
2489 1670 2521 1707 a
2576 1654 2861 1721 Pollione,
2920 1657 3201 1711 attentius
3254 1660 3431 1714 verba
3488 1662 3617 1729 ejus

212 1775 293 1814 nae
327 1760 830 1826 dominans,eoque
854 1755 1024 1809 utilia
1041 1756 1369 1811 curantibus
1390 1761 1446 1809 et
1468 1755 1715 1825 fortunis
1736 1773 1861 1811 ara-
1891 1776 1937 1842 B
1969 1743 2349 1813 Ρθτρθηιλθῐιῒί
2384 1746 2559 1813 Patet
2594 1743 2746 1807 Ωιιίᾶ
2778 1743 2933 1798 enim
2966 1745 3234 1800 dicturus
3280 1752 3405 1801 erat
3458 1750 3616 1803 necis

209 1855 389 1903 torum
446 1850 730 1916 infestum,
784 1844 1025 1915 prudens
1082 1844 1138 1897 in
1200 1854 1441 1915 tempore
1499 1846 1559 1916 [Ρ
1591 1846 1715 1915 367]
1776 1845 1859 1900 his

204 1935 487 2006 largiendi
509 1949 747 2006 quorum
776 1931 1047 1988 vaecordia
1071 1932 1380 2003 damnaque
1410 1949 1533 2002 apes
1563 1937 1858 1988 contraxe-

202 2028 294 2081 rit.
331 2026 463 2081 Haec
495 2023 769 2080 Aurelius
800 2022 1035 2089 Victor;
1068 2039 1195 2093 quae
1228 2027 1438 2078 cuncta
1464 2022 1681 2093 ὑπομνη
1697 2042 1860 2093 ματο-

201 2112 456 2190 γράφοις,
510 2111 973 2167 amanuensibus
1032 2115 1132 2164 aut
1189 2112 1597 2182 exceptoribus
1656 2128 1857 2166 eorum

208 2221 335 2275 quae
372 2202 690 2262 dictantur,
724 2200 1031 2255 convenire
1062 2201 1159 2270 qui
1189 2200 1419 2270 dixerit,
1452 2218 1536 2255 nae
1558 2201 1610 2256 is
1643 2200 1857 2256 milites

206 2292 507 2347 Romanos
559 2288 757 2345 fecerit
816 2288 993 2343 nimis
1046 2289 1353 2343 literatos:
1396 2293 1522 2344 tum
1580 2296 1859 2361 praeterea

203 2379 465 2435 laboravi
523 2377 582 2431 in
656 2376 1015 2446 expedienda
1068 2376 1329 2443 ratione,
1391 2394 1496 2432 cur
1549 2378 1606 2432 id
1670 2394 1858 2449 genus

199 2483 447 2525 annonae
477 2468 913 2522 dominaretur?
963 2483 1136 2534 quam
1189 2466 1677 2522 verisimillimam
1701 2468 1857 2523 540

206 2559 443 2627 reddat,
476 2555 575 2627 qui
608 2555 910 2627 paniﬁces,
936 2556 1207 2626 pistores,
1259 2562 1659 2627 Opsonatores,
1715 2572 1856 2610 cau-

200 2663 415 2718 pones,
477 2661 718 2717 coquos,
779 2644 1084 2714 propolas,
1137 2644 1472 2715 pincernas,
1531 2648 1855 2699 castrorum

203 2734 491 2790 frumenti
527 2734 812 2789 menstrui
847 2733 1231 2799 dimensores,
1256 2738 1311 2788 et
1331 2738 1567 2788 caeteros
1594 2734 1648 2787 id
1672 2750 1857 2804 genus

196 2824 267 2879 ad
301 2822 751 2879 inserviendum
781 2821 1174 2876 militantibus
1207 2825 1563 2889 auctoratos,
1590 2822 1647 2875 in
1680 2821 1858 2875 istum

198 2929 519 2967 numerum
550 2910 1053 2982 compegerit.Ego
1082 2927 1219 2964 vero
1254 2926 1363 2963 non
1392 2926 1627 2980 parvam
1652 2910 1857 2963 talium

197 3011 617 3067 ministrorum
651 3015 872 3080 partem
929 3010 1110 3064 fuisse
1146 3009 1395 3063 arbitror
1425 3025 1711 3078 aegrorum
1761 3015 1858 3062 aut

197 3101 412 3157 morbo
445 3104 548 3156 aut
592 3099 833 3155 vulnere
882 3115 1191 3170 corporum
1247 3102 1568 3164 curatores,
1620 3098 1853 3152 chirur-

1968 1848 2205 1887 causam
2235 1830 2531 1887 Victorino
2564 1832 2750 1886 fuisse
2784 1848 3023 1886 uxorem
3083 1835 3326 1888 actuarii
3380 1841 3615 1907 stupra-

1966 1926 2111 1988 tam,
2135 1920 2489 1991 przemittere
2508 1920 2676 1975 illum
2701 1922 3001 1991 opportuit
3018 1939 3127 1976 non
3146 1922 3397 1978 militum
3421 1925 3613 1981 solum

1966 2012 2067 2064 sed
2100 2009 2440 2064 militarium
2464 2011 2666 2077 etiam,
2690 2010 2997 2065 hominum
3023 2012 3226 2082 quovis
3250 2014 3442 2069 ofﬁcio
3468 2016 3612 2070 mili-

1969 2099 2107 2153 tiam
2135 2098 2530 2169 sequentium,
2563 2115 2631 2153 ex
2654 2115 2767 2169 quo
2795 2116 3002 2169 genere
3022 2103 3265 2157 actuarii
3291 2109 3613 2171 erant,ma-

1965 2188 2257 2242 trimoniis
2275 2188 2723 2258 corrumpendis
2746 2205 2878 2243 eum
2902 2206 3132 2258 Operam
3158 2191 3407 2247 dedisse.
3425 2195 3612 2258 Quare

1962 2278 2298 2331 militarium
2329 2293 2436 2331 vox
2480 2278 2549 2330 ad
2605 2276 2776 2347 paulo
2830 2284 2958 2347 post
2997 2279 3297 2336 inductam
3326 2285 3612 2338 actuario--

1965 2383 2090 2420 rum
2122 2365 2478 2420 mentionem
2510 2365 2762 2435 digitum
2796 2366 3066 2421 intendit.
3118 2369 3213 2423 Hes
3248 2371 3391 2424 mihi
3452 2374 3613 2427 fuere

1966 2454 2305 2524 auspicandi
2339 2470 2550 2519 causas,
2584 2454 2912 2509 Cabasilam
2945 2457 3093 2512 541
3131 2458 3299 2527 cujus
3357 2459 3450 2514 hic
3487 2478 3611 2515 me-

1966 2543 2138 2597 minit
2158 2542 2567 2614 Pachymeres,
2589 2541 2893 2613 νοσοιεόμον
2915 2549 2972 2598 et
2992 2544 3484 2602 valetudinarium
3512 2566 3614 2603 cu-

1966 2638 2215 2687 ratorem
2252 2631 2517 2686 Michaeli
2556 2630 2877 2702 Palaaologo
2902 2632 3256 2688 moribundo
3272 2636 3609 2706 adhaesisse;

1964 2722 2057 2775 cui
2091 2738 2223 2776 cum
2257 2721 2470 2774 intima
2501 2721 2631 2790 ejus
2677 2722 2958 2791 temporis
2990 2723 3326 2779 admoveret
3351 2727 3610 2783 ministe-

1964 2808 2071 2876 ria,
2097 2808 2265 2862 facile
2295 2808 2468 2879 signa
2500 2807 2997 2862 mortisinstantis
3012 2811 3315 2865 observare
3336 2814 3608 2881 potuerit.

1961 2898 2130 2952 Tales
2161 2898 2314 2951 enim
2348 2896 2801 2967 imperatoribus
2830 2899 3485 2970 Constantinopolitanis
3512 2920 3613 2973 per

1962 2987 2082 3041 haec
2114 2991 2376 3057 tempora
2413 2984 2745 3039 ministrare
2780 2986 3170 3055 consuevisse,
3232 2989 3331 3059 qui
3366 2993 3611 3047 actuarii

1964 3075 2200 3131 nomine
2232 3077 2290 3128 in
2325 3073 2600 3129 Palatinae
2636 3074 2945 3145 dignitatis
2976 3075 3255 3130 honorem
3305 3085 3499 3133 evecto
3553 3081 3609 3136 in

193 3207 321 3263 gos,
364 3189 873 3262 pharmacopmos,
919 3150 1417 3255 vaietudinarios;
1465 3150 1726 3257 quélium
1761 3203 1855 3242 as-
1886 3150 1929 3216 C
1971 3165 2105 3220 aula
2134 3169 2509 3220 versarentur
2535 3164 2804 3218 curanda:
2834 3166 3229 3235 Augustorum
3268 3168 3612 3242 valetudini,

197 3279 423 3336 sectari
444 3279 677 3334 solitam
697 3277 982 3333 exercitus
998 3278 1291 3331 Romanos
1307 3275 1854 3332 numerosissimam

198 3368 657 3425 multitudinem
690 3384 757 3421 ex
785 3366 977 3422 ofﬁcio
1001 3370 1059 3420 et
1083 3364 1333 3436 publicis
1364 3364 1649 3435 impensis
1700 3371 1858 3420 extra

200 3473 447 3512 omnem
480 3454 866 3511 dubitationis
896 3454 1081 3509 aleam
1116 3460 1223 3509 est.
1259 3456 1447 3524 Atque
1477 3455 1622 3509 adeo
1653 3470 1721 3508 ex
1751 3454 1859 3510 hac

198 3545 619 3603 observatione
653 3549 791 3615 puto
830 3544 1020 3599 lucem
1052 3542 1275 3598 atl‘undi
1306 3543 1378 3598 ad
1410 3542 1857 3612 intelligendum

198 3636 407 3691 locum
442 3634 755 3706 quemdam
789 3634 848 3688 in
881 3632 1115 3687 Novella
1155 3632 1473 3687 Justiniani
1534 3649 1700 3699 cxvn,
1762 3634 1857 3688 ubi

200 3732 594 3806 praescribeas
624 3731 943 3802 imperator
974 3746 1088 3800 qua
1117 3728 1469 3785 certitudine
1500 3729 1709 3784 debeat
1731 3746 1863 3784 mu-

198 3822 336 3878 lieri
377 3838 538 3876 mors
564 3821 667 3875 viri
696 3823 825 3889 ejus
849 3818 1164 3874 militatum
1189 3818 1428 3889 profecti
1462 3823 1750 3883 constare,
1800 3823 1865 3872 ut

201 3914 316 3968 rite
344 3910 541 3983 possit
571 3910 642 3965 ad
688 3908 901 3964 alteras
961 3907 1198 3979 nuptias
1252 3909 1524 3974 transire,
1585 3906 1862 3976 decernit,

198 4000 489 4073 siquidem
521 4001 581 4054 in
611 3998 1010 4054 scholariorum
1039 3996 1216 4052 classe
1249 3996 1338 4051 uir
1365 3996 1463 4051 ille
1513 3995 1800 4063 meruerit,
1833 4014 1868 4051 a

199 4092 421 4158 primis
450 4089 644 4144 schola:
673 4090 731 4142 in
784 4104 950 4158 quam
989 4090 1226 4156 scriptus
1282 4088 1484 4155 fuerat,
1538 4089 1586 4140 et
1644 4087 1869 4157 insuper

201 4182 273 4235 ab
306 4177 602 4245 actuario,
646 4177 754 4232 hoc
813 4180 923 4244 est,
982 4180 1047 4230 ut
1103 4174 1332 4246 Opinor,
1366 4192 1401 4229 a
1449 4175 1723 4245 chirurgo
1780 4176 1867 4230 vel

204 4266 653 4324 valetudinario
714 4265 1007 4332 ministro,
1041 4265 1141 4334 qui
1204 4262 1467 4319 videlicet
1497 4264 1549 4318 ei
1599 4264 1870 4319 morienti

203 4356 497 4423 astiterit,
528 4356 900 4409 testimonium
920 4352 1299 4425 jurejurando
1358 4352 1649 4419 firmatum
1705 4352 1871 4407 reddi

205 4447 275 4502 de
304 4463 435 4518 ejus
462 4449 655 4499 morte.
687 4443 879 4498 Verba
912 4441 1055 4510 legis
1087 4441 1209 4496 haec
1232 4446 1407 4496 sunt:
1442 4439 1507 4496 Et
1567 4438 1624 4493 δὲ
1654 4438 1867 4514 σχολά-

1967 3256 2136 3310 docet
2166 3270 2272 3308 nos
2304 3252 2466 3307 locus
2499 3252 2729 3323 Georgii
2760 3252 3105 3323 Acropolitaa
3144 3254 3204 3309 in
3238 3257 3397 3322 Hist,
3433 3275 3488 3328 p.
3520 3258 3614 3324 34,

1967 3344 2057 3398 ed.
2093 3343 2231 3413 Reg.
2263 3359 2275 3397 :
2309 3338 2611 3412 Ἀντιλὲγει
2646 3336 2703 3392 δὲ
2747 3344 2863 3400 τοῖς
2898 3338 3213 3413 λεγομένοις
3245 3344 3273 3397 ὁ
3306 3342 3488 3418 ἷατρὸς
3522 3348 3616 3403 Νι.

1966 3430 2168 3491 κόλαος
2204 3474 2217 3496 ,
2276 3428 2411 3502 ἀνὴρ
2471 3426 2667 3496 ἥκιστα
2728 3428 2821 3499 μὲν
2882 3425 3213 3506 φιλοσοφίας
3279 3434 3566 3508 μετασχὼν
3601 3482 3614 3505 ,

1968 3518 2131 3590 ἄκρος
2185 3516 2242 3573 δὲ
2291 3519 2390 3586 τήν
2446 3516 2648 3571 οῗκειαν
2708 3516 2931 3593 τέχνην,
2990 3519 3077 3571 καὶ
3130 3519 3365 3593 μάλιστα
3394 3524 3493 3592 τήν
3528 3522 3616 3581 διὰ

1967 3609 2157 3683 πείρας
2207 3607 2643 3682 γινωσκομένην.
2706 3606 2852 3662 ΙΙάνυ
2912 3604 2969 3661 δὲ
3021 3608 3178 3671 οὗτος
3236 3613 3489 3685 ἠγαπᾶτο
3544 3621 3611 3689 τῇ

1974 3694 2241 3773 βασιλίδι,
2302 3696 2625 3770 ἁκτουαρίου
2670 3693 2727 3750 δὲ
2785 3697 2903 3771 εἶχε
2956 3702 3146 3770 τιμήν.
3204 3704 3283 3757 En
3341 3705 3614 3762 Nicolaug

1973 3788 2233 3845 medicus
2265 3789 2322 3841 in
2358 3793 2479 3841 arte
2510 3804 2617 3842 sua
2658 3788 2967 3853 excellens,
2999 3795 3055 3843 et
3112 3794 3434 3862 praesertim
3484 3798 3614 3865 ejus

1974 3878 2137 3950 praxi
2166 3883 2341 3948 atque
2381 3894 2491 3930 usu
2541 3878 2761 3942 dexter,
2810 3877 2870 3932 in
2919 3878 3199 3949 obsequio
3246 3888 3370 3936 erat
3422 3886 3621 3940 Ireues

1972 3970 2247 4037 Augustae
2275 3964 2520 4019 actuarii
2554 3966 2836 4035 dignitate
2861 3982 2873 4019 :
2911 3968 3114 4037 quidni
3143 3986 3340 4039 parem
3359 3988 3621 4041 operam,

1979 4056 2095 4127 pari
2128 4059 2565 4109 auctoramento
2590 4054 2768 4119 tituli,
2803 4055 3069 4110 Michaeli
3102 4063 3365 4129 Augusto
3399 4076 3624 4115 memo-

1978 4150 2140 4201 ratus
2171 4144 2281 4198 hoc
2312 4143 2435 4199 loco
2466 4142 2764 4199 Cabasilas
2790 4144 3086 4199 navaverit
3107 4146 3134 4199 ?

2050 4266 2317 4343 Ἀλλάγια
2348 4286 2403 4339 p.
2438 4268 2562 4323 3lO.
2620 4269 2682 4339 [P
2739 4268 2868 4339 368]
2925 4269 3029 4324 Hic
3088 4287 3281 4326 vocem
3342 4270 3630 4349 ἀλλαγίοις

1978 4360 2297 4414 Vaticanus
2327 4356 2726 4428 interpolator,
2761 4361 2823 4411 ut
2844 4358 2993 4413 solet
3021 4362 3256 4429 quando
3287 4379 3403 4418 non
3458 4364 3625 4421 intel-

1981 4449 2132 4519 ligit,
2167 4447 2384 4501 omitit.
2420 4446 2502 4501 Ne
2533 4462 2867 4517 quaeramus
2916 4447 3198 4519 originem
3258 4450 3435 4521 hujus
3464 4469 3634 4509 voca-

209 4513 346 4607 ptoc'
404 4530 487 4601 εἴη
547 4529 753 4590 ἐκεῖνος
814 4530 875 4582 οὗ
930 4529 1053 4599 περὶ
1109 4513 1861 4603 τελευτῆςήἆμφισϐήέτησίς

1981 4513 2104 4591 buli
2137 4535 2195 4589 in
2228 4535 2426 4589 Graeca
2457 4513 2679 4606 lingua,
2708 4536 2965 4591 deterret
2983 4513 3187 4592 abctor
3214 4513 3359 4609 ipse,
3382 4543 3481 4611 qui
3516 4560 3633 4597 non

207 4622 355 4691 ἐστι,
422 4619 568 4694 παρὰ
617 4623 725 4673 τῶν
785 4618 1018 4692 πρώτων
1071 4623 1173 4684 τῆς
1222 4613 1436 4689 σχολῆς
1492 4615 1584 4668 καὶ
1640 4615 1869 4669 ἀκτουα-

211 4711 344 4787 ρίου
380 4710 685 4767 etc.Hosce
713 4708 1036 4781 generatim
1062 4707 1358 4762 actuarias
1393 4706 1735 4761 militarium
1770 4724 1871 4761 no-

209 4802 391 4858 mine
438 4800 778 4870 designatos
812 4815 844 4852 a
884 4795 1169 4852 Trebellio
1217 4794 1473 4851 Pollione
1524 4795 1871 4851 crediderim

206 4897 527 4971 equidem,
560 4896 700 4951 dum
757 4894 813 4949 in
874 4892 1023 4948 libro
1083 4894 1157 4947 De
1214 4892 1447 4960 triginta
1500 4892 1758 4963 tyrannis
1806 4892 1877 4948 de

208 4985 550 5051 Victorino,
584 4985 752 5055 cujus
785 4999 964 5053 supra
995 4980 1260 5050 memini,
1291 4980 1375 5035 sic
1424 4979 1626 5035 scribit
1658 4997 1670 5033 :
1714 4980 1877 5036 Solus

210 5074 547 5132 Victorinus
576 5076 633 5128 in
666 5072 899 5143 imperio
942 5072 1225 5135 remansit,
1288 5069 1385 5140 qui
1433 5074 1484 5124 et
1540 5071 1676 5141 ipse,
1738 5070 1879 5142 quod

204 5165 606 5221 matrimoniis
661 5161 907 5217 militum
966 5167 1017 5214 et
1076 5158 1413 5213 militarium
1462 5157 1879 5228 corrumpendis

204 5270 460 5324 operam
516 5251 697 5318 daret,
727 5268 760 5304 a
816 5251 1051 5322 quodam
1104 5250 1377 5313 actuario,
1436 5249 1592 5319 cujus
1641 5264 1880 5303 uxorem

201 5346 618 5413 stupraverat,
650 5341 951 5407 composita
999 5335 1242 5407 factione
1287 5336 1611 5406 Agrippinae
1656 5352 1877 5405 percus-

201 5452 339 5504 sus,
381 5437 488 5487 etc.
518 5434 582 5485 In
614 5430 708 5485 his
740 5426 1015 5484 Trebellil
1045 5427 1238 5483 verbis
1269 5426 1611 5482 alterutram
1636 5427 1879 5482 istarum

200 5537 442 5581 vocum
476 5521 723 5575 militum
749 5524 801 5573 et
832 5516 1168 5571 militarium
1200 5516 1563 5587 superﬂuam
1595 5531 1723 5571 esse
1774 5533 1881 5586 pu-

200 5610 379 5671 tavit
410 5609 811 5675 Casaubonus,
854 5607 990 5676 jure
1037 5605 1095 5660 in
1145 5603 1253 5660 hoc
1282 5621 1317 5659 a
1345 5603 1631 5661 Salmasio
1688 5621 1882 5676 repre-

521 5731 793 5791 ΡΑτιιοι..
842 5728 953 5788 Gn.
1000 5723 1261 5787 CXLIII.

1983 4627 2229 4681 obscure
2283 4624 2503 4678 indicat
2562 4624 2935 4694 peregrinum
2985 4625 3042 4680 id
3078 4641 3208 4682 esse
3258 4629 3310 4682 et
3373 4646 3483 4685 usu
3517 4631 3638 4688 illic

1981 4714 2207 4785 vulgari
2282 4712 2537 4767 militum
2606 4712 2951 4783 plerumque
3010 4720 3344 4773 exterorum
3405 4720 3636 4777 tritum.

1984 4806 2101 4875 Ego
2133 4800 2709 4857 donecverisimilius
2734 4800 2957 4873 aliquid
2978 4804 3180 4860 afferat
3202 4807 3520 4878 quispiam,
3546 4828 3641 4867 su-

1986 4892 2181 4963 spicor
2209 4888 2492 4945 Gallicum
2526 4905 2655 4944 esse
2687 4894 2791 4945 aut
2847 4892 3242 4951 deformatum
3295 4913 3363 4951 ex
3394 4897 3635 4956 Gallico.

1986 4985 2133 5035 Nam
2149 4978 2295 5034 Galli
2315 4977 2673 5047 siveFranci,
2702 4984 2767 5034 ut
2790 4981 3166 5038 notissimum
3208 4989 3316 5052 est,
3364 4991 3640 5059 permulti

1991 5069 2060 5124 ab
2093 5068 2262 5124 annis
2284 5068 2465 5123 ferme
2487 5068 2756 5124 ducentis
2788 5071 3098 5127 occasione
3130 5090 3430 5131 sacrarum
3467 5094 3643 5149 expc-

1992 5158 2280 5212 ditionum
2315 5158 2370 5211 in
2405 5156 2523 5211 illis
2579 5158 2847 5228 partibus
2900 5160 3314 5218 militaverant.
3348 5164 3416 5218 Hi
3472 5183 3643 5236 porro

1990 5264 2123 5302 cum
2159 5246 2384 5302 soleant
2413 5247 2583 5301 sedes
2614 5246 2683 5300 ad
2710 5245 3141 5304 hibernandum
3159 5253 3470 5307 attributas
3485 5255 3644 5308 mili—

1993 5337 2153 5392 tibus
2186 5338 2242 5390 in
2276 5335 2439 5406 pagis
2475 5340 2575 5389 aut
2606 5336 2839 5407 oppidis
2870 5338 3269 5407 allogiamenta
3291 5342 3410 5395 sive
3430 5343 3645 5409 allogia

1990 5442 2197 5481 vocare
2230 5424 2422 5492 (hodie
2453 5424 2657 5479 dicunt
2688 5427 2765 5480 les
2796 5428 3068 5497 logemens
3098 5429 3163 5484 de
3192 5430 3643 5499 gensdeguerre),

1995 5531 2062 5569 ea
2087 5514 2470 5584 Pachymeres
2504 5514 2679 5567 unius
2716 5513 2921 5569 litterae
2954 5517 3279 5572 mutatione
3310 5517 3517 5588 allegia
3552 5536 3646 5574 vo-

1998 5603 2234 5661 caverit.
2269 5602 2380 5659 Res
2404 5606 2603 5659 autem
2636 5603 2781 5658 satis
2814 5606 3023 5659 suadet
3052 5605 3199 5675 ipsa,
3247 5605 3361 5661 ista
3405 5622 3649 5679 corpora

3290 5729 3368 5787 32
