3978 6182
433 315 576 372 1003

1488 301 1552 353 Ρ.
1593 297 1868 354 POSSINI
1903 295 2517 354 OBSERVATIONUM
2556 301 2690 355 LIB.
2732 304 2777 356 Ῑ.

3621 311 3720 370 1004

436 433 650 496 diversi
681 425 912 503 generis
947 422 1198 480 militum
1233 419 1632 476 contuberniis
1690 423 1748 478 et
1801 417 2077 489 hospitiis
2106 418 2160 484 Α
2193 419 2476 476 vetuisset
2523 420 2872 477 nominatim
2917 438 2990 477 ne
3042 422 3218 479 etiam
3261 423 3378 495 ejus
3427 429 3728 493 confessarius

436 528 623 583 fuisse
649 516 857 580 divisa,
890 515 972 569 ita
1031 517 1094 567 ut
1127 511 1530 582 Paphlagones
1562 510 1717 564 verbi
1751 509 1939 580 gratia
1967 523 2081 561 uno

437 616 496 670 in
547 608 760 680 oppido
807 605 1126 660 stationem
1173 601 1478 667 haberent,
1525 599 1779 653 Thraces
1839 597 1894 651 in
1951 595 2085 662 alio,

435 692 1272 770 Phryges,Macedones,Mysi,
1288 689 1461 744 Cares
1482 693 1538 744 et
1560 687 1770 758 reliqui
1792 685 2086 754 similiter,

439 797 617 862 atque
649 787 792 842 adeo
824 788 909 839 tot
935 787 1134 837 essent
1164 795 1409 849 corpora
1437 782 1578 848 quot
1609 775 1822 847 allogia
1852 776 1970 830 sive
1991 774 2091 828 ho-

439 880 616 951 spitia
649 879 751 930 aut
783 872 908 928 loca
942 868 1204 925 hibernis
1239 867 1541 935 attributa,
1573 866 1727 919 unde
1777 863 2092 917 invaluerit

440 973 505 1024 ut
536 967 675 1038 ipsae
708 962 819 1017 illa:
851 960 1112 1031 legiones
1143 955 1362 1029 altogiu
1381 953 2090 1023 siveallagiadicerentur.

442 1062 573 1112 Ilaec
597 1054 645 1110 si
679 1053 873 1110 minus
905 1047 1161 1120 cuipiam
1179 1044 1803 1114 arriserint,remittam
1821 1041 2092 1112 equidem

444 1147 574 1217 ejus
604 1159 783 1199 causa
817 1157 929 1196 non
963 1141 1202 1209 gravate
1248 1135 1317 1189 de
1371 1134 1592 1204 origine
1640 1149 1704 1186 ac
1753 1129 2092 1185 notatione:

446 1237 516 1290 de
549 1233 784 1288 notione
817 1229 1053 1301 quidem
1087 1226 1244 1279 vocis
1276 1240 1476 1278 vereor
1535 1227 1598 1276 ut
1654 1219 1899 1292 possim,
1961 1234 2094 1272 cum

446 1327 576 1396 ejus
608 1325 906 1378 auctorem
942 1316 1184 1372 habeam
1221 1313 1522 1368 idoneum.
1575 1310 1858 1381 Georgius
1889 1311 2096 1378 Acrop.

444 1431 493 1469 c.
525 1413 618 1466 59.
644 1412 818 1473 Ηίδέ..
852 1425 910 1478 p.
943 1406 1013 1460 66
1061 1405 1131 1459 ed
1173 1403 1336 1474 Reg.,
1394 1402 1466 1455 de
1504 1400 1757 1470 quodam
1808 1400 2098 1454 Constan-

445 1502 569 1557 tino
603 1496 935 1569 Margarite,
970 1493 1225 1566 primum
1260 1490 1402 1544 dicit
1426 1489 1608 1543 fuisse
1641 1486 1803 1542 illum
1858 1481 2100 1558 ἄρχοντα

450 1585 720 1662 ἀλλογίου
753 1582 935 1637 αὐτοῦ.
973 1580 1256 1636 nimirum
1291 1578 1433 1649 imp.
1460 1575 1771 1662 Theodori;
1804 1578 1929 1662 tum
1966 1589 2098 1645 pag.

452 1659 733 1750 sequente
764 1674 820 1728 id
853 1673 1048 1744 ipsum
1081 1668 1377 1740 explicans
1400 1666 1516 1732 ait;
1539 1665 1600 1720 '0
1623 1661 1680 1716 δὲ
1709 1660 1960 1737 βασιλεὺς
1981 1659 2106 1714 Θεό-

459 1764 633 1839 δωρος
664 1765 908 1838 ἄρχοντα
929 1765 1030 1827 τῆς
1075 1757 1240 1810 αὑτοῦ
1292 1753 1648 1825 κατωνόμακε
1674 1751 1896 1820 τάξεως.
1953 1751 2106 1806 Con-

456 1838 787 1914 stantinum
820 1848 1187 1921 Margaritem
1211 1861 1386 1918 quem
1420 1849 1552 1899 ante
1585 1844 1810 1897 dixerat
1839 1838 2104 1912 ἀλλαγίου

460 1941 728 2020 βασιλέως
763 1940 1030 2015 ἀρχοντοι,
1067 1953 1221 1992 nunc
1244 1939 1412 1990 vocat
1462 1930 1704 2005 ἄρχοντα
1745 1935 1846 1998 τῆς
1905 1928 2104 1999 τάξεως

458 2017 772 2110 βασιλικῆς.
836 2029 1024 2101 Igitur
1075 2027 1228 2081 idem
1274 2022 1421 2092 τάξις
1465 2027 1522 2076 et
1581 2017 1870 2092 ἀλλάγιον.
1927 2018 2108 2088 Τάξεις

453 2105 651 2180 autem
686 2127 741 2176 et
765 2116 1012 2192 τάγματα
1040 2115 1300 2186 legiones
1332 2116 1435 2168 aut
1464 2110 1734 2166 cohortes
1777 2106 1989 2164 Graecis
2021 2105 2107 2160 di-

455 2220 579 2270 ctas
613 2212 748 2283 quis
779 2208 965 2264 nescit
991 2205 1109 2277 (1)?

528 2301 681 2358 542
711 2290 1031 2353 Ἀλϐανῖται
1067 2310 1120 2363 p,
1153 2292 1280 2361 257,
1315 2289 1446 2362 Agit
1475 2289 1545 2343 de
1595 2287 1802 2342 vicinis
1859 2284 2109 2358 Dyrrha-

456 2390 587 2446 chio
619 2385 874 2459 populis,
908 2389 1010 2439 aut
1032 2382 1227 2454 potius
1260 2378 1623 2435 suburbanis
1655 2375 1910 2430 rusticis.
1944 2373 2108 2429 Alba-

459 2493 672 2534 norum
701 2475 998 2546 regionem
1023 2472 1081 2525 iu
1099 2468 1436 2525 Macedonio
1461 2466 1807 2521 Ptolemaeus
1826 2461 2107 2533 agnoscit.

459 2568 633 2623 Porro
667 2563 909 2634 antiqua
939 2559 1276 2614 Macedonia
1308 2553 1620 2628 postremis
1651 2553 1810 2608 hisce
1841 2551 2107 2606 Orienta-

459 2653 534 2710 lis
564 2650 792 2723 imperii
814 2646 1172 2704 senescentis
1199 2641 1560 2714 temporibus
1585 2641 1639 2694 in
1658 2638 2111 2711 quatuordivisa

459 2749 654 2815 partes
687 2740 945 2813 priscum
973 2751 1181 2790 nomen
1213 2733 1271 2786 in
1305 2731 1431 2786 sola
1477 2730 1904 2785 mediterranea
1963 2727 2108 2781 reti-

460 2837 690 2887 nuerat.
727 2833 862 2883 Pars
893 2841 1024 2880 vero
1052 2824 1180 2894 ejus
1210 2819 1455 2876 conﬁnis
1476 2817 1777 2873 Dalmatia:
1799 2821 1858 2870 et
1885 2815 2110 2887 Illyrico

457 2919 706 2978 Albania
728 2919 855 2989 jam
890 2921 1053 2978 tunc,
1079 2912 1162 2967 uti
1197 2916 1254 2965 et
1295 2909 1486 2976 hodie,
1521 2905 1962 2978 appellabatur;
2011 2905 2110 2959 ubi

464 3015 588 3066 erat
618 3002 1110 3077 Dyrrhachiensis
1137 3001 1362 3066 civitas,
1384 2999 1552 3068 cujus
1567 3011 1738 3051 casus
1762 2999 1927 3049 terrm
1951 2997 2109 3047 motu

463 3115 672 3156 eversae
724 3096 818 3150 hic
870 3096 1254 3149 memoratur.
1311 3088 1392 3143 Ex
1437 3085 1685 3141 Albania
1740 3099 1911 3155 porro
1959 3087 2113 3138 recte

462 3185 680 3260 gentile
715 3199 925 3239 nomen
953 3182 1238 3235 formatur
1267 3175 1575 3231 Albanitae.

532 3267 860 3344 Ἀμηραλῆς
905 3286 962 3340 p.
1012 3269 1136 3322 508.
1199 3265 1443 3318 Videtur
1501 3277 1786 3333 usurpare
1845 3256 2109 3332 ἀμηραλῆ

462 3367 529 3418 ut
562 3360 864 3432 proprium
897 3356 1002 3410 viri
1039 3369 1272 3418 nomen,
1306 3366 1644 3422 quanquam
1663 3348 2114 3418 etvideripossit

463 3447 876 3520 appellativum
909 3441 1257 3498 vocabulum
1285 3438 1606 3511 dignitatis,
1629 3437 1961 3507 praefectum
1988 3452 2108 3491 ma-

465 3538 546 3594 ris
578 3535 881 3601 indicans;
916 3532 1087 3601 cujus
1117 3533 1173 3585 et
1201 3526 1454 3583 notionis
1485 3532 1542 3581 et
1573 3523 1728 3579 vocis
1761 3540 1935 3579 usum
1968 3524 2110 3580 satis

467 3624 753 3680 celebrem
789 3621 942 3693 apud
976 3620 1084 3674 hos
1115 3617 1431 3688 scriptores
1461 3614 1803 3684 Neogriecos
1837 3613 2028 3682 quivis
2050 3611 2110 3667 in

457 3714 533 3770 iis
559 3717 824 3768 versatus
851 3709 1034 3775 novit,
1066 3713 1120 3762 et
1153 3707 1319 3761 docet
1345 3701 1636 3760 Meursius
1668 3703 1841 3757 verbo
1866 3700 2109 3774 Ἀμηρά-

461 3800 584 3865 λιος
614 3807 669 3858 et
699 3802 970 3874 Ἀμηρᾶς,
1004 3803 1118 3870 Ego
1145 3797 1272 3851 sine
1300 3793 1636 3867 praeiudicio
1669 3808 1790 3847 rem
1817 3792 2107 3863 integram

458 3893 517 3948 in
554 3892 745 3947 medio
778 3889 1064 3959 relinquo,
1093 3885 1428 3958 exprimens
1464 3884 1519 3936 in
1571 3881 1836 3937 versione
1892 3880 2106 3936 Latinis

455 3980 664 4038 litteris
694 3996 820 4036 eam
855 3979 1044 4049 ipsam
1078 3991 1301 4042 vocem,
1326 3988 1501 4044 quam
1535 3970 1716 4026 lector
1748 3987 1850 4042 pro
1883 3986 1988 4024 suo
2013 3986 2104 4024 ar-

455 4071 630 4126 bitrio
660 4069 748 4125 vel
780 4067 1013 4140 proprie
1043 4064 1129 4120 vel
1158 4062 1504 4134 appellativa
1536 4076 1770 4115 sumere
1802 4061 2032 4131 poterit.

523 4154 914 4230 Ἀναδὲχεσθαι
979 4152 1068 4207 καὶ
1134 4148 1378 4224 ἀναδοχή
1448 4167 1516 4221 p.
1587 4150 1734 4203 256.
1807 4150 1919 4202 Hoc
1979 4147 2104 4203 loco

2192 507 2405 581 Joseph
2419 527 2486 565 us
2520 512 2714 583 ipsum
2741 528 2956 566 arcano
2989 512 3357 568 confitentem
3379 515 3600 591 deinceps
3616 526 3732 580 audi-

2195 602 2281 653 ret
2301 603 2401 653 aut
2432 599 2776 657 absolveret.
2806 601 2863 656 Id
2897 605 3094 656 tamen
3127 601 3241 656 sibi
3273 603 3437 660 fuisse
3458 608 3728 678 prohibitum

2197 687 2448 756 negabat
2477 687 2792 760 Josephus.
2828 689 2981 744 Sane
3011 690 3234 746 scimus
3257 691 3623 753 dissimulando
3648 719 3736 772 per-

2199 776 2429 831 misisse
2462 777 2852 848 patriareham
2889 787 2948 833 ut
2977 780 3301 850 Augustus,
3333 780 3452 838 licet
3475 801 3503 838 a
3529 802 3577 841 se
3610 788 3737 846 inter-
3774 774 3779 783 ’

2199 864 2387 919 dictus
2405 867 2606 932 sacris,
2635 867 2833 938 aliqua
2855 872 3049 922 tamen
3076 869 3498 939 participatione
3518 891 3740 935 sacrorum

2202 957 2479 1021 uteretur;
2515 960 2579 1010 ut
2609 956 2883 1011 distincte
2914 956 3298 1028 Pachymeres
3322 962 3494 1030 refert,
3536 963 3739 1022 inconse-

2201 1043 2501 1113 quentiam
2537 1045 2664 1114 ejus
2688 1046 2824 1102 facti
2855 1062 3169 1112 excusans,
3220 1045 3260 1103 l.
3295 1064 3374 1115 IlI,
3404 1065 3449 1104 c.
3503 1052 3571 1105 ti.
3608 1055 3742 1120 Quare

2209 1131 2329 1185 fieri
2363 1133 2551 1202 potuit
2583 1138 2646 1187 ut
2675 1135 2802 1188 etin
2827 1134 3211 1206 relinquendo
3240 1135 3324 1191 illi
3353 1153 3452 1193 usu
3479 1139 3623 1196 libero
3645 1159 3743 1199 con-

2209 1219 2477 1276 fessionis
2546 1238 2770 1276 arcanaa
2837 1224 3188 1295 conniverat,
3264 1242 3372 1281 non
3435 1227 3745 1288 interdicendo

2205 1308 2461 1380 Josepho
2491 1309 2620 1380 ejus
2651 1311 3008 1368 confessario
3040 1328 3111 1367 ne
3142 1313 3252 1386 ipsi
3282 1316 3590 1386 paenitentis:
3607 1335 3748 1375 sacra-

2209 1403 2471 1454 mentum
2504 1400 2776 1470 privatim
2810 1400 3194 1458 ministraret.
3242 1403 3383 1460 Vide
3433 1421 3542 1476 que
3576 1407 3751 1464 adnota-

2209 1503 2344 1541 mus
2376 1489 2547 1543 verbo
2577 1487 2964 1560 πνευματικός.

2282 1574 2550 1652 Ἀναφορά
2599 1594 2656 1649 p.
2706 1577 2832 1646 375,
2886 1576 3158 1654 Ἀναφορά
3216 1579 3310 1635 hic
3363 1586 3514 1637 sonat
3557 1584 3754 1654 prolatio-

2212 1681 2360 1729 nem,
2394 1671 2459 1720 ut
2488 1665 2626 1720 alibi
2649 1667 2920 1740 προφορά.
2955 1667 3169 1723 Notum
3201 1670 3355 1724 enim
3380 1672 3660 1746 προφορικὸν
3690 1671 3757 1726 λό-

2212 1773 2310 1826 γον
2342 1755 2556 1825 Opponi
2579 1751 3032 1827 ἐνδιαθὲτῳαρυά
3067 1757 3386 1823 Graecosmt
3422 1763 3554 1830 apud
3590 1761 3758 1816 Latinos

2213 1844 2528 1913 opponitur
2559 1861 2748 1900 sermo
2804 1861 2943 1900 voce
3001 1845 3262 1917 prolatus
3321 1854 3497 1903 mente
3534 1856 3758 1921 concepto.

2212 1930 2413 1986 Videri
2443 1933 2616 1987 etiam
2649 1939 2838 2005 potest
2868 1935 3134 1990 adhibita
3156 1953 3265 1990 vox
3287 1953 3412 2008 quae
3439 1943 3636 2008 pr0pter
3650 1955 3758 1992 com-

2215 2019 2564 2090 positionem
2599 2038 2666 2076 ex
2697 2023 3106 2094 praepositione
3135 2021 3256 2090 ἀνὰ,
3306 2026 3660 2096 repetitionem
3695 2033 3762 2080 aut

2217 2108 2674 2178 resumptionem
2695 2111 3088 2181 significante,
3110 2114 3379 2169 innueret
3399 2114 3552 2169 istam
3573 2131 3760 2186 pronun-

2213 2195 2520 2253 tiationem
2551 2198 2702 2253 inter
2723 2200 2877 2256 543
2909 2217 3078 2256 sacra
3102 2202 3399 2273 publicam
3413 2203 3635 2259 nominis
3652 2219 3767 2276 papa

2215 2300 2332 2338 non
2368 2302 2524 2340 nunc
2555 2286 2811 2357 primum
2838 2289 3192 2357 institutam,
3225 2291 3330 2345 sed
3363 2308 3486 2346 cum
3529 2291 3641 2347 olim
3674 2295 3766 2346 ante

2217 2373 2478 2429 schisma
2509 2375 2692 2430 fuisse
2724 2377 2960 2445 usitata,
2990 2394 3146 2433 nunc
3177 2379 3520 2435 restitutam.

2290 2461 2484 2534 Ἀνὲμα
2514 2463 2717 2538 πύργος
2760 2483 2816 2536 ρ.
2876 2466 3002 2522 378.
3061 2467 3141 2522 De
3196 2468 3421 2524 Joanne
3474 2473 3626 2524 Vecco
3671 2467 3766 2539 agit.

2218 2551 2425 2606 Turris
2458 2552 2578 2608 haec
2608 2557 2863 2621 Anemaz,
2905 2572 3054 2626 quae,
3081 2556 3180 2612 ubi
3210 2563 3269 2612 et
3294 2559 3444 2613 unde
3465 2559 3540 2614 sic
3567 2557 3771 2624 dictasit,

2221 2641 2387 2695 docet
2421 2643 2586 2696 Anna
2611 2646 2926 2712 Comnena,
2959 2644 3098 2700 1.1m
3131 2646 3444 2714 Alexin/Iis,
3474 2665 3522 2718 p.
3565 2647 3667 2714 361,
3705 2645 3770 2699 uni

2219 2735 2530 2800 postquam
2564 2732 2991 2803 deprehensam
3028 2734 3332 2791 Michaelis
3354 2735 3770 2804 Anemaainimpe-

2222 2823 2472 2873 ratorem
2504 2819 2769 2874 Alexium
2797 2822 3265 2892 conjuralionem
3286 2824 3560 2890 retulit,et
3577 2840 3628 2878 se
3648 2823 3774 2892 ipsam

2219 2923 2457 2962 curasse
2489 2908 2934 2980 decretaaipsiin
2957 2928 3188 2982 pinnam
3204 2909 3773 2981 excaecationisgratiam

2221 2997 2497 3050 damnato
2526 2997 2671 3066 fieri,
2697 2997 2898 3053 subdit
2926 3001 3169 3056 ductum
3192 3019 3334 3057 eum
3357 3003 3526 3058 fuisse
3553 3002 3602 3055 in
3628 2999 3774 3054 turrim

2223 3101 2402 3156 prope
2435 3085 2712 3156 palatium
2747 3088 3115 3156 aedificatam,
3149 3096 3206 3145 et
3256 3092 3336 3146 ibi
3372 3092 3612 3147 habitum
3638 3089 3681 3143 in
3704 3103 3772 3141 cn-

2144 3159 2186 3225 C
2229 3174 2705 3229 stodia.Ascribit
2727 3176 2937 3231 deinde
2969 3176 3090 3232 haec
3121 3181 3319 3246 verba,
3355 3175 3776 3251 quaeindicantisti

2221 3262 2497 3332 deinceps
2523 3261 2646 3318 loco
2676 3265 2852 3319 turri:
2882 3267 3105 3323 Anemw
3159 3269 3593 3340 appellationem
3642 3266 3775 3320 adhe-

2221 3351 2388 3406 sisse.
2419 3346 2587 3405 Οῧπω
2620 3347 2666 3404 δ’
2712 3351 2868 3413 οὗτος
2924 3359 3027 3422 τῆς
3055 3353 3279 3429 εἱρκτῆς
3338 3353 3679 3430 ἠλευθεροῦτο,
3721 3349 3776 3404 καὶ

2218 3436 2308 3491 τὸν
2366 3437 2666 3512 Γρηγόριον
2729 3437 2880 3503 αὖθις
2931 3443 2965 3510 ἡ
3022 3446 3120 3496 τοῦ
3194 3444 3399 3517 Ἀνὲμα
3461 3446 3590 3519 εἶχεν
3633 3441 3774 3515 εἱρκτῆ.

2220 3524 2430 3599 Πύργος
2463 3523 2509 3579 δ’
2539 3526 2605 3594 ἦν
2657 3547 2740 3588 τις
2785 3532 2891 3582 τῶν
2943 3529 3119 3606 ἀγχοῦ
3148 3535 3256 3586 τῶν
3312 3531 3364 3587 ἐν
3412 3531 3702 3606 Βλαχέρναις
3728 3525 3777 3580 ει·

2217 3613 2459 3687 ακτόρων
2522 3611 2876 3688 διακειμένων
2924 3623 3127 3694 τειχῶν
3197 3627 3303 3690 τῆς
3375 3621 3612 3689 πόλεως,
3656 3619 3678 3671 ὁ
3719 3617 3776 3668 τοῦ

2216 3703 2426 3775 Ἀνεμᾶ
2454 3700 2820 3775 καλούμενος,
2868 3705 3050 3782 ὥσπερ
3095 3729 3147 3762 τι
3180 3706 3362 3784 λάχος
3405 3713 3501 3780 τὴν
3547 3705 3777 3778 ὲπωνυμίαιι
3878 3737 3879 3742 η

2214 3791 2437 3861 ταυτηνὶ
2496 3790 2931 3867 κληρωσάμενος
2975 3793 3063 3850 διὰ
3108 3797 3171 3851 τὸ
3209 3798 3448 3874 πρώτως
3489 3799 3572 3852 τὸν
3617 3796 3776 3864 Ἀνεμῆ

2214 3877 2562 3955 σιδηρόδετον
2615 3878 2857 3954 δέξασθαι
2918 3883 3007 3938 ἐπὶ
3060 3883 3236 3940 πολὺν
3289 3885 3341 3941 ἐν
3389 3886 3528 3959 αὖτῷ
3572 3900 3780 3962 χρονοτρι-

2214 3963 2456 4038 ϐήσαντα
2489 3969 2711 4043 χρότον.
2745 3977 2877 4028 Hec
2910 3973 2987 4028 ibi
3017 3979 3218 4044 Anna;
3245 3993 3378 4049 quas
3409 3978 3490 4033 sic
3517 3977 3636 4032 olim
3661 3969 3781 4027 verti-

2213 4075 2386 4114 mus:
2422 4060 2673 4115 Nondum
2705 4061 2753 4116 is
2796 4077 2859 4117 eo
2901 4079 3122 4120 carcere
3171 4065 3446 4122 liberatus
3496 4067 3670 4132 fuerat,
3698 4075 3781 4116 cum

2210 4148 2390 4203 otium
2435 4151 2704 4220 hospitem
2746 4149 3070 4220 Gregorium
3111 4153 3232 4211 haec
3277 4171 3406 4226 qua:
3446 4157 3591 4226 prius
3627 4159 3783 4208 Anemz

457 4249 605 4302 duas
638 4247 702 4317 [P
733 4245 858 4316 369]
923 4243 1053 4298 illas
1108 4258 1278 4297 voces
1335 4233 1610 4311 ἀναδοχῆς
1665 4242 1722 4291 et
1778 4233 2102 4308 évaBéxm-co
2206 4238 2396 4306 fuerat
2427 4239 2591 4292 unius
2620 4240 2874 4294 custodia
2903 4245 3140 4312 excepit.
3172 4246 3373 4299 Turris
3393 4249 3563 4299 autem
3592 4245 3686 4297 erat
3707 4251 3781 4291 una

455 4334 734 4409 peculiari
767 4333 1021 4405 quadam
1057 4327 1330 4400 usurpari
1389 4325 1786 4382 ecclesiastica
1842 4327 2101 4394 notions,

451 4424 624 4480 facile
644 4421 922 4479 attentius
935 4420 1135 4476 omnia
1149 4414 1646 4486 circumspicienti
1665 4419 1844 4485 patet.
1861 4413 2104 4468 Videtur

2209 4327 2463 4396 quaedam
2509 4343 2580 4382 ex
2626 4328 2697 4382 iis
2740 4345 2860 4398 quae
2897 4345 2996 4399 per
3041 4331 3313 4387 mnium
3359 4333 3593 4388 civitatis
3626 4335 3783 4400 partem

2215 4415 2650 4470 Blachernarum
2682 4419 2899 4488 regiam
2924 4419 3177 4489 proxime
3203 4426 3535 4492 spectantem
3569 4418 3699 4474 certi:
3730 4415 3784 4467 in-

455 4517 650 4568 autem
679 4511 843 4582 prius
876 4507 1222 4563 vocabulum
1255 4500 1536 4576 ἀναδοχῆς
1565 4502 1623 4557 in
1651 4519 1718 4558 eo
1750 4502 1843 4556 hic
1876 4501 2102 4572 signiﬁ—
2136 4524 2181 4587 Ι)
2213 4503 2467 4559 tervallis
2506 4504 2786 4576 dispositae
2827 4516 2975 4564 sunt.
3032 4509 3110 4563 Ea
3166 4511 3444 4581 insignem
3484 4527 3551 4565 ex
3589 4525 3640 4564 eo
3677 4519 3786 4576 quem

457 4605 588 4657 catu
607 4599 766 4673 poni,
787 4604 850 4654 ut
865 4594 1521 4653 indicetabsolutionem
1541 4591 2028 4647 sacramentalem
2046 4591 2105 4645 in

456 4690 735 4746 tribunali
751 4687 1140 4744 confessionis
1157 4701 1378 4739 arcanae
1395 4680 1670 4752 impertiri
1687 4681 2106 4752 paenitentibus

457 4777 694 4834 solitam
721 4772 1553 4844 asacerdotcjurisdictionem
1575 4770 1644 4824 ad
1670 4770 1725 4823 id
1749 4769 2107 4824 ordinariam

452 4867 541 4924 vel
574 4866 902 4937 delegatam
935 4864 1202 4918 habente.
1249 4859 1535 4916 Similiter
1581 4859 1819 4914 verbum
1853 4854 2108 4931 ἀναδέχε-

456 4957 576 5010 σθαι
601 4953 879 5026 exprimit
895 4953 1184 5008 actionem
1218 4951 1406 5022 ipsam
1441 4947 1759 5003 sacerdotis
1791 4947 2106 5002 absolven-

450 5048 549 5101 tis.
572 5044 848 5100 Continet
877 5046 1077 5097 autem
1113 5037 1400 5112 posterior
1429 5053 1567 5108 pars
1602 5037 1775 5106 hujus
1807 5035 2107 5091 sententiis

450 5135 733 5192 rationem
767 5131 1021 5204 prioris:
1058 5131 1186 5185 ideo
1230 5127 1386 5184 enim
1433 5125 1640 5180 scribit
1668 5130 1869 5180 auctor
1919 5127 2109 5181 incre-

450 5225 642 5298 pitum
662 5221 989 5294 Josephum
1013 5219 1180 5292 quasi
1207 5215 1556 5272 absolvisset
1579 5215 1636 5268 in
1664 5213 1785 5268 foro
1813 5213 2108 5269 conscien-

449 5316 542 5370 tiae
557 5316 886 5384 Augustum
916 5316 1122 5365 contra
1153 5308 1512 5362 voluntatem
1543 5300 1886 5373 patriarchae
1911 5320 1925 5368 ;
1950 5304 2104 5372 quod

445 5410 763 5476 postquam
787 5397 1395 5456 excommunicaverat
1417 5393 1753 5461 Augustum
1777 5390 2108 5460 patriarcha

2216 4611 2514 4648 narramus
2543 4601 2741 4650 eventu
2768 4597 3200 4667 appellationem
3231 4600 3290 4654 in
3321 4616 3480 4655 omne
3505 4609 3682 4668 tempus
3699 4606 3786 4663 Ρω-

2214 4685 2394 4754 μντήηι
2425 4695 2585 4738 nacta
2616 4693 2725 4738 est:
2760 4688 2930 4739 turris
2963 4687 3087 4758 jam
3124 4688 3343 4758 passim
3387 4689 3597 4743 Anima:
3642 4685 3788 4744 υοεαω»

2215 4781 2500 4842 propterea
2535 4773 2674 4842 quod
2705 4775 2970 4828 Anemam
2997 4778 3147 4845 ferro
3176 4780 3425 4832 tinctum
3450 4779 3666 4848 primum
3685 4783 3784 4825 acte-

2216 4859 2361 4931 perit
2387 4862 2588 4930 diuque
2619 4865 2884 4918 tenuerit.

2291 4948 2660 5020 Ἀνιμοπύλαι
2692 4967 2749 5022 p.
2779 4952 2903 5006 410.
2938 4957 3019 5007 De
3077 4953 3262 5010 Ieario
3321 4956 3408 5011 ait
3462 4956 3626 5010 fuisse
3669 4947 3782 5004 illum

2218 5037 2564 5111 κατάρχοντα
2591 5039 2760 5108 νήσου
2797 5039 3056 5112 μεγίστης
3082 5042 3142 5109 ἢν
3184 5041 3531 5114 ἀνεμοπὺλος
3575 5039 3675 5099 ἔθος
3710 5036 3786 5092 107;

2217 5125 2328 5179 ἐκεῖ
2354 5125 2561 5180 καλεῖν.
2595 5129 2718 5184 Non
2750 5146 2879 5184 esse
2904 5129 3013 5186 hoc
3042 5148 3255 5188 ncmen
3281 5133 3442 5187 illius
3476 5130 3660 5187 insula:
3697 5123 3782 5177 vul-

2217 5233 2354 5288 gare
2387 5216 2623 5288 ubique,
2657 5218 2823 5274 docet
2853 5219 2979 5290 ipse
3013 5227 3232 5287 auctor,
3267 5222 3412 5276 dum
3451 5222 3522 5278 ab
3566 5215 3730 5275 incolis
3748 5209 3783 5265 id

2219 5305 2450 5378 proprie
2483 5307 2756 5380 usurpari
2816 5307 3052 5363 solitum
3100 5311 3400 5366 admonet.
3437 5316 3520 5366 An
3573 5308 3784 5362 verumet

2220 5396 2497 5452 omnibus
2529 5401 2733 5451 notum
2757 5395 2939 5468 hujus
2960 5397 3166 5454 insulas
3194 5415 3409 5456 nomen
3434 5400 3626 5472 Lipare
3650 5388 3782 5456 fuerit,

523 5617 600 5686 (1)
633 5616 718 5671 Cf.
751 5613 982 5670 Possin.
1017 5609 1278 5667 Glossar.
1315 5606 1570 5663 alterum
1597 5601 1962 5676 (Andronic.)
1993 5621 2048 5662 v.
2070 5601 2321 5678 ’Δλλαγή
2354 5613 2500 5666 extr.
