3978 6182
216 268 365 327 1005

1693 271 2178 331 GLOSSARIUM.

3502 293 3643 351 1006

214 414 350 470 quae
378 401 606 469 septem
638 395 965 464 aut,utalii,
988 396 1509 452 decemZEoliarum
1536 396 1866 452 insularum

1981 391 2171 451 διιέναι
2230 407 2345 463 τοῖς
2390 406 2789 481 πεφρασμένοις
2821 410 2926 479 (ita
2977 410 3132 467 clare
3184 415 3357 471 ambo
3409 420 3641 478 codices

216 486 480 542 maxima
518 492 575 541 et
626 486 804 541 unica
870 486 1022 540 inter
1080 502 1282 540 omnes
1340 485 1609 541 habitata
1667 487 1874 555 fertur,

220 578 317 646 [P.
352 576 478 646 370]
511 575 765 630 viderint
792 573 1118 645 peritiores.
1162 575 1279 646 Ego
1324 571 1530 647 ἐπέχω,
1574 575 1763 646 quoad
1791 575 1875 628 in-

215 666 441 722 dicium
474 664 801 720 occurrerit
834 663 1141 718 certius.Si
1172 663 1277 717 hoc
1310 662 1405 727 sit,
1427 669 1667 734 apparet
1699 681 1877 719 causa

216 771 327 810 cur
347 755 496 809 hanc
529 753 791 808 insulam
826 752 1209 821 Pachymeres
1254 750 1508 826 μεγίστην
1562 754 1873 809 maximam

214 844 452 910 dixerit,
486 842 621 897 licet
654 858 760 896 nec
790 845 970 896 Cretae
1006 858 1108 896 nec
1138 840 1349 895 Siciliae
1414 842 1869 910 comparabilem

212 938 488 1003 respectu
524 930 805 986 videlicet
836 932 908 986 ad
955 947 1055 986 sex
1086 936 1187 985 aut
1242 946 1450 985 novem
1495 931 1706 987 IEolias
1764 934 1873 987 mi-

217 1038 416 1077 DOl‘GS.

288 1123 630 1199 ’Λντίδωρον
683 1144 740 1198 p.
784 1126 912 1183 561.
972 1126 1196 1182 Rursus
1243 1127 1314 1181 de
1369 1130 1573 1183 eodem
1621 1146 1679 1201 p.
1744 1129 1867 1185 407.

212 1218 465 1274 Eratbic
508 1232 728 1283 merus,
772 1232 888 1271 non
942 1219 1319 1271 consecratus
1376 1222 1479 1271 aut
1539 1216 1597 1271 in
1655 1217 1871 1273 Christi

212 1323 438 1378 corpus
468 1321 786 1360 conversus
818 1303 1010 1375 panis,
1045 1304 1146 1377 qui
1179 1305 1406 1360 cunctis
1424 1306 1756 1377 promiscue
1778 1308 1867 1362 in-

211 1400 310 1452 ter
338 1410 505 1451 sacra
532 1395 591 1448 in
624 1393 873 1449 ecclesia
932 1393 1400 1449 distribuebatur
1446 1395 1867 1467 apudGraacos,

212 1485 302 1541 uti
334 1490 394 1539 et
424 1485 579 1556 apud
616 1484 871 1552 Latinos,
915 1483 1029 1537 ritu
1063 1482 1354 1554 hodieque
1386 1483 1642 1556 vigente,
1676 1485 1869 1541 dictus

209 1571 538 1648 ἀντίδωρον,
570 1575 726 1646 quod
757 1574 877 1629 vice
900 1573 1050 1630 sacri
1082 1574 1219 1629 doni
1242 1573 1867 1648 Euchaeristiaa,dispo-

210 1663 452 1732 sitione,
484 1679 664 1734 quam
706 1660 1235 1733 exquisitissimam
1279 1662 1494 1717 Christi
1535 1679 1748 1735 corpus
1784 1682 1870 1719 re-

1981 488 2326 557 cptimiBet
2359 500 2428 559 A,
2454 512 2587 550 cum
2612 497 3007 567 fragmentum
3049 518 3084 555 a
3129 502 3365 560 Petavio
3410 509 3637 567 editum

1980 579 2387 651 πεφραγμένως
2435 583 2609 657 legat)
2649 584 3143 660 ἀναγινώσκοντας.
3221 592 3350 648 Haec
3428 597 3512 651 sic
3564 602 3641 655 ad

1980 666 2223 723 verbum
2275 677 2488 727 sonat:
2541 674 2604 730 Ut
2650 676 2873 731 omnino
2912 693 3020 731 non
3074 687 3396 738 accusantes
3430 686 3639 757 impie-

1980 756 2110 809 tatis
2150 757 2265 811 sive
2317 759 2583 816 haereseos
2625 765 2813 833 Italos,
2859 768 3152 835 petierint,
3207 772 3432 828 sublato
3482 756 3639 834 modo

1980 843 2349 901 additamenta
2371 865 2399 903 e
2432 852 2699 920 symbolo,
2727 854 2785 907 in
2816 855 3051 925 reliquis
3083 858 3379 929 scripturis
3409 864 3465 918 id
3507 882 3638 921 con-

1974 937 2239 1004 scriptum
2267 939 2544 1007 habentes,
2568 944 2738 997 simul
2768 944 2964 1015 eﬂerre
2992 964 3117 1002 cum
3143 950 3275 1004 aliis
3305 969 3425 1023 qua:
3451 970 3521 1009 ea:
3565 958 3639 1017 iis

1978 1022 2189 1079 chartis
2235 1030 2649 1095 pronuntiando
2691 1034 2949 1102 legerent.
2996 1036 3158 1092 Hanc
3190 1022 3363 1110 plane
3398 1048 3635 1101 senten-

1978 1112 2144 1179 tiam,
2217 1115 2389 1172 Paulo
2465 1117 2723 1175 claribus
2789 1123 3074 1179 duntaxat
3156 1129 3373 1201 verbis,
3453 1132 3635 1190 inter-

1978 1204 2224 1272 pretatio
2256 1207 2384 1275 ejus
2416 1208 2623 1278 capitis
2655 1215 2853 1266 nostra
2884 1214 3173 1283 exprimit.
3210 1217 3448 1274 Transit
3465 1224 3634 1278 deni-

1979 1308 2091 1361 que
2120 1294 2190 1346 ad
2222 1294 2746 1354 demonstrandum
2780 1300 2924 1354 nihil
2956 1318 3085 1357 esse
3117 1303 3311 1360 illiciti
3337 1307 3393 1361 in
3426 1312 3628 1366 admit-

1976 1381 2155 1435 tenda
2185 1387 2743 1442 commemoratione
2770 1390 3030 1445 nominis
3055 1408 3213 1463 papae
3242 1394 3301 1448 in
3340 1395 3632 1469 liturgicis

1976 1470 2412 1539 precationibus
2462 1475 2817 1533 Graecorum.
2879 1480 2949 1533 Et
2977 1482 3045 1535 de
3078 1481 3187 1537 hoc
3220 1485 3410 1554 capite
3436 1487 3520 1543 sic
3548 1488 3632 1543 lo-

1975 1557 2171 1626 quitur
2194 1560 2252 1614 in
2286 1562 2483 1617 codice
2514 1566 2824 1622 Barberino
2860 1584 2873 1621 :
2905 1567 3038 1621 Τινά
3074 1564 3118 1621 δ’
3173 1568 3322 1644 ἔχειν
3364 1575 3463 1641 τὴν
3512 1596 3630 1630 κοι-

1974 1644 2169 1699 νωνίαν
2205 1649 2239 1715 ἡ
2294 1646 2377 1702 ἐπ’
2424 1648 2724 1719 ἐκκλησίας
2756 1653 3002 1731 ἀναφορά
3030 1661 3126 1710 τοῦ
3158 1655 3448 1732 ὀνόματος,
3490 1662 3629 1720 ὅπου

211 1752 428 1824 quirit,
458 1768 574 1807 non
608 1751 970 1823 praeparatis,
1004 1751 1456 1806 ministraretur.
1491 1753 1571 1808 De
1602 1752 1709 1808 hoc
1739 1754 1866 1809 fuse

1981 1755 2033 1807 γε
2063 1736 2153 1789 καὶ
2205 1738 2280 1808 μὴ
2311 1737 2534 1801 πάπποις
2583 1736 2739 1804 ὄντας
2790 1743 2917 1806 τοὺς
2970 1742 3176 1810 ἄλλους
3223 1750 3430 1825 ἀνάγκη
3498 1776 3629 1826 μετ-

209 1848 271 1898 et
302 1842 531 1897 erudite
560 1842 817 1897 Jacobus
849 1840 993 1895 Coar
1024 1840 1161 1896 Grd.
1197 1840 1404 1908 Praed.,
1435 1840 1599 1897 Notis
1648 1843 1716 1897 ad
1752 1844 1863 1897 Eu-

210 1932 473 2003 cholog.,
509 1948 565 2002 p.
602 1930 725 1997 154,
759 1945 931 2000 quem
966 1930 1116 1985 vide.

293 2037 665 2093 Ἀντικανονία
698 2054 754 2109 p.
805 2037 931 2092 561.
983 2036 1144 2091 Hanc
1187 2053 1386 2092 vocem
1432 2055 1466 2093 a
1510 2038 1867 2111 Pachymere

214 2133 281 2183 P.
316 2129 423 2182 373
464 2131 806 2198 usurpatam
836 2126 905 2180 ad
966 2126 1418 2196 significandum
1463 2126 1862 2198 illegitimum,

205 2215 593 2287 irregularem
627 2219 685 2270 et
735 2215 919 2269 sacris
950 2215 1103 2272 54-1
1131 2216 1457 2271 canonibus
1504 2217 1862 2272 contrarium

208 2321 414 2369 usum,
450 2305 787 2375 conjectura
819 2303 1094 2369 divinavi,
1129 2320 1263 2359 cum
1292 2305 1521 2361 codices
1554 2322 1759 2362 omnes
1784 2308 1862 2361 ibi

204 2394 705 2449 manifestissime
745 2394 1002 2465 corrupti
1050 2393 1221 2448 aliter
1276 2411 1381 2449 nec
1415 2394 1866 2466 intelligibiliter

204 2501 343 2540 eum
378 2483 573 2540 locum
604 2482 965 2538 exhiberent.
989 2483 1302 2538 Advertam
1325 2500 1559 2554 zequum
1596 2484 1863 2539 animum

204 2574 473 2646 prudens
506 2572 685 2628 lecter
713 2578 771 2627 et
798 2572 1041 2641 judicet.
1068 2573 1184 2628 Isto
1215 2574 1369 2645 quod
1393 2572 1643 2629 iudicavi
1676 2575 1864 2644 capite

207 2663 352 2717 libri
383 2680 419 2717 v
448 2663 751 2717 disserens
803 2662 1122 2733 imperator
1169 2664 1321 2731 apud
1370 2663 1761 2732 patriarcbam
1809 2669 1866 2718 et

204 2753 505 2825 synodum
537 2752 610 2807 de
631 2750 999 2807 concilianda
1029 2751 1179 2805 inter
1212 2751 1497 2807 Ecclesiae
1531 2753 1790 2807 Latinam
1808 2759 1865 2808 et

208 2843 477 2897 Graecam
512 2857 674 2911 pace,
706 2844 1015 2895 enumerat
1060 2840 1250 2911 capita
1281 2842 1352 2895 de
1401 2841 1616 2911 quibus
1663 2859 1861 2898 conve-

210 2929 500 2985 niendum
534 2933 779 2995 esset,ut
801 2946 909 2999 pax
941 2927 1041 2982 illa
1064 2928 1442 2995 coalesceret;
1468 2935 1526 2984 et
1563 2932 1866 2985 contendit

210 3019 626 3073 demonstrare
658 3016 891 3071 nullum
926 3033 1127 3071 eorum
1163 3016 1275 3072 tale
1304 3034 1485 3073 essea
1507 3035 1619 3089 quo
1650 3018 1862 3073 admit-

209 3108 393 3163 tendo
426 3106 739 3162 abhorrere
764 3106 1078 3177 quisquam
1098 3106 1702 3180 debeatimetuﬁculpae
1721 3126 1858 3164 con-

209 3196 551 3254 sciscendae.
589 3196 853 3250 Primum
885 3195 1041 3250 enim
1064 3192 1400 3270 λειτουργεῖν
1429 3217 1487 3250 τε
1515 3196 1605 3250 καὶ
1640 3219 1746 3269 μνη
1759 3220 1857 3269 μου

206 3285 656 3355 νεύειν,(]ι]ἣ)υ8
688 3284 898 3348 verbis,
945 3290 1119 3357 prout
1164 3303 1231 3340 ea
1278 3286 1401 3341 suis
1451 3285 1593 3341 locis
1641 3289 1698 3341 in
1751 3288 1861 3344 hoc

207 3375 515 3433 Glossario
549 3391 919 3439 enarramus,
968 3374 1339 3445 signiﬁcavit,
1391 3376 1569 3446 priori
1621 3378 1859 3448 quidem

211 3465 535 3522 admittere
567 3464 804 3519 Latinos
834 3463 892 3517 in
930 3464 1404 3520 communionem
1453 3482 1630 3520 sacrae
1663 3468 1861 3523 Litur-

206 3553 348 3625 giae,
382 3552 490 3607 hoc
520 3558 610 3607 est
640 3568 767 3607 eam
800 3551 943 3622 ipsis
978 3551 1365 3622 prasentibus
1392 3556 1444 3606 et
1473 3554 1866 3610 communiter

207 3641 530 3698 orantibus
560 3657 672 3697 non
711 3641 965 3695 aversari
1001 3640 1322 3706 celebrare,
1357 3640 1535 3696 altera
1554 3659 1689 3697 vero
1714 3661 1867 3699 men-

209 3734 440 3787 tionem
477 3748 636 3802 papae
654 3730 840 3785 facere
872 3729 1165 3802 publicam
1187 3730 1244 3783 in
1259 3729 1549 3801 liturgicis
1565 3733 1863 3802 precibus:

212 3838 312 3890 ea,
338 3821 603 3891 inquam,
640 3821 812 3875 ambo
847 3834 976 3874 esse
1006 3818 1167 3873 licita
1186 3820 1431 3874 evicisse
1454 3820 1567 3875 sibi
1596 3822 1758 3877 visus
1782 3828 1872 3878 est

216 3911 571 3967 auctoritate
591 3908 878 3964 Manuelis
922 3908 1264 3980 patriarchas
1293 3926 1427 3964 cum
1451 3927 1558 3965 sua
1581 3912 1800 3982 synodo
1815 3918 1872 3967 et

213 3999 474 4056 Joannis
513 4001 674 4054 ducat
714 3998 1105 4069 imperatoris,
1163 4014 1311 4069 quos
1358 3998 1540 4054 missa
1588 3999 1872 4069 legatione

218 4088 331 4143 illa
363 4087 515 4143 ultro
548 4087 892 4160 promisisse
925 4086 1163 4158 pape,si
1188 4086 1508 4143 abstineret
1537 4106 1570 4143 a
1593 4090 1871 4159 juvandis

220 4177 453 4234 Latinis
515 4177 611 4248 qui
673 4174 1175 4246 Constantinopoli
1265 4180 1405 4231 tunc
1478 4179 1870 4248 potiebantur,

218 4267 483 4324 ostendit
509 4283 577 4322 ex
610 4266 810 4321 codice
842 4264 1108 4321 Ecclesiae
1145 4264 1215 4319 ad
1248 4263 1420 4321 ﬁdem
1454 4268 1580 4337 ejus
1604 4270 1682 4324 rei
1699 4276 1872 4338 gestae

216 4356 557 4413 faciendam
594 4355 838 4426 prolato.
875 4356 1250 4409 Demonstrat
1279 4354 1489 4409 deinde
1529 4360 1870 4415 eorumdem

220 4445 579 4502 auctoritate
616 4444 856 4500 Latinos
880 4447 1119 4515 propter
1140 4444 1499 4499 additionem
1532 4446 1873 4519 inSymbolo

221 4552 344 4591 non
381 4551 508 4591 esse
542 4534 847 4589 habendos
870 4532 1194 4602 haereticos,
1228 4549 1364 4587 cum
1414 4534 1496 4588 illi
1544 4536 1690 4590 nihil
1740 4542 1878 4595 tunc

223 4624 390 4681 aliud
425 4640 459 4678 a
498 4623 721 4679 Latinis
769 4621 1088 4693 exegerint,
1134 4621 1245 4676 nisi
1294 4627 1357 4676 ut
1415 4624 1878 4683 additamentum

225 4714 395 4770 istud
429 4730 462 4767 a
491 4711 767 4783 Symbolo
785 4710 1081 4778 tollerent,
1098 4710 1241 4765 nihil
1260 4710 1634 4781 prohibentes
1653 4716 1882 4785 quomi-

227 4819 351 4860 nus
381 4801 442 4858 in
472 4800 696 4856 caeteris
719 4799 1028 4870 scripturis
1057 4798 1114 4852 id
1140 4798 1455 4855 retinerent
1484 4808 1541 4856 et
1588 4802 1883 4874 legerent;

230 4892 397 4965 quod
430 4889 690 4946 ostendit
719 4888 1047 4944 doctrinam
1080 4886 1270 4959 ipsam
1303 4905 1368 4943 ac
1399 4890 1613 4961 dogma
1662 4909 1888 4965 nequa-

232 4997 419 5054 quam
453 4978 599 5050 ipsis
646 4976 1045 5049 displicuisse,
1094 4993 1159 5031 ac
1204 4986 1631 5048 consequenter
1667 4982 1886 5040 crimen

229 5071 335 5127 hic
368 5068 628 5135 baaresis,
652 5067 882 5139 judicio
915 5081 1143 5134 eorum,
1179 5082 1291 5122 non
1327 5066 1529 5122 fuisse.
1564 5068 1722 5124 Hanc
1749 5078 1886 5141 puto

230 5175 368 5215 esse
398 5157 750 5213 sententiam
788 5153 1022 5210 illorum
1055 5154 1387 5223 verborum,
1413 5155 1674 5229 alioquin
1708 5160 1888 5231 hujus

235 5244 549 5317 scriptoris
580 5260 740 5300 more
773 5259 838 5297 ac
862 5240 1140 5314 peculiari
1185 5242 1354 5312 genio
1400 5260 1539 5299 sane
1591 5246 1889 5317 perplexo-

234 5351 414 5391 rum;
453 5335 576 5393 Πῶς
614 5332 690 5403 μὴ
731 5332 1168 5404 κατηγοροῦντες
1226 5328 1371 5391 ὅλως
1427 5325 1671 5394 ἀσεϐείας
1732 5338 1891 5403 (huic

243 5424 373 5479 voci
408 5422 725 5477 Vaticanus
758 5420 1071 5475 substituit
1119 5417 1339 5491 α’ίρεσιν,
1386 5422 1718 5495 ΠοσωειΙΘ)
1767 5424 1893 5488 τοὺς

235 5508 533 5581 Ἰταλοὺς,
590 5509 777 5579 ἠξίουν
827 5512 1222 5583 παραιροῦντας
1273 5510 1371 5577 τὴν
1426 5512 1746 5582 προσθήκην
1795 5520 1895 5569 τοῦ

192 5664 197 5669 κ
234 5594 555 5677 συμϐόλου,
618 5598 671 5653 ἐν
728 5602 848 5660 ταῖς
884 5595 1108 5659 λοιπαῖς
1136 5597 1479 5672 ἀνάγραπτον
1512 5595 1763 5679 ἔχοντας,
1786 5626 1899 5660 συν.

1973 1827 2118 1898 ἐχειν
2150 1833 2267 1889 τοῖς
2297 1827 2720 1899 ἐκκλησιάζουσι
2768 1836 3192 1907 συνισταμένους
3240 1835 3628 1916 λειτουργοῦν-

1969 1933 2061 1974 τος
2089 1920 2186 1968 τοῦ
2230 1916 2441 1991 ἱερέως,
2473 1918 2564 1973 καὶ
2613 1920 2711 1989 τὴν
2746 1920 2982 1995 Τριάδος
3030 1926 3192 1999 χάριν
3224 1927 3623 2001 παραδιδόντος

1969 2014 2193 2072 κοινῶς.
2226 2014 2553 2071 Allatianus
2584 2018 2642 2072 in
2672 2018 2780 2074 hoc
2832 2024 3065 2075 tantum
3126 2024 3418 2097 discrepat
3465 2031 3618 2086 548

1971 2103 2120 2169 quod
2146 2104 2459 2160 articulum
2479 2108 2914 2178 praepositivum
2936 2110 3035 2178 τήν
3055 2117 3190 2167 ante
3209 2130 3402 2170 vocem
3416 2136 3480 2169 κο
3495 2139 3623 2172 ινω-

1967 2187 2083 2242 νίαν
2120 2209 2231 2247 non
2258 2194 2559 2261 habet;uti
2594 2215 2781 2268 neque
2811 2200 2987 2255 editio
3019 2201 3347 2260 Petaviana.
3387 2208 3611 2281 [P.37lj

1968 2281 2142 2337 Porro
2174 2284 2389 2340 cubare
2420 2286 2479 2340 in
2527 2290 2737 2343 mendo
2786 2290 2961 2345 verba
3008 2291 3109 2347 illa
3140 2285 3263 2366 ἔχεν
3322 2296 3609 2350 κοινωνίαν

1965 2370 2048 2424 vel
2081 2371 2179 2438 τήν
2212 2373 2497 2427 κοινωνίαν
2533 2376 2669 2432 inde
2700 2380 3079 2435 madifestum
3102 2388 3210 2453 est,
3237 2386 3388 2454 quod
3414 2385 3612 2441 inﬁni-

1963 2460 2118 2513 tivus
2140 2454 2284 2533 ἔχειν
2311 2480 2423 2516 non
2460 2468 2652 2534 potest
2683 2466 2991 2535 cohaerere,
3018 2469 3176 2525 salva
3193 2473 3441 2542 syntaxi,
3477 2491 3612 2529 cum

1966 2548 2325 2604 nominativo
2356 2549 2621 2626 ἀναφορὰ,
2658 2554 2758 2625 qui
2782 2557 3069 2627 sequitur.
3103 2558 3267 2615 Unde
3288 2562 3415 2617 sine
3436 2564 3614 2619 dubio

1966 2636 2350 2708 Pacbymeres
2383 2642 2662 2711 scrpserit
2682 2638 2799 2716 ἔχει
2846 2645 2903 2699 in
2955 2648 3260 2715 prasentis
3310 2650 3613 2707 indicativi

1971 2726 2140 2780 tertia
2161 2743 2430 2797 persona.
2467 2730 2616 2793 Quid
2648 2747 2785 2803 ergo
2810 2732 2958 2788 iltud
2991 2752 3023 2788 v
3046 2737 3385 2794 redundans
3410 2740 3464 2794 in
3490 2758 3613 2796 om-

1968 2814 2141 2867 nibus
2193 2816 2649 2887 exemplaribus,
2698 2820 2755 2874 in
2808 2822 3118 2878 Barberino
3170 2842 3304 2880 vero
3347 2830 3613 2885 omnium

1965 2904 2188 2972 optimo
2223 2910 2503 2974 praeterea
2533 2908 2799 2963 articulis
2828 2910 2964 2979 τὴνς
3001 2912 3143 2982 quid
3177 2913 3321 2979 haec,
3346 2916 3610 2987 inquam,

1964 2990 2124 3045 aliud
2163 2992 2408 3047 dixerim
2442 3010 2620 3064 quam
2660 2998 2908 3069 vestigia
2936 2999 2995 3053 in
3030 3003 3385 3073 apographis
3417 3007 3613 3063 adhuc

1971 3080 2262 3135 exstantia
2310 3082 2637 3155 archetypas
2686 3086 3038 3157 scripturas?
3084 3095 3305 3146 Auctor
3346 3093 3618 3152 videlicet

1889 3144 1932 3211 Ο
1973 3168 2056 3222 sic
2088 3168 2253 3224 initio
2287 3170 2614 3242 scripserit,
2642 3170 2762 3226 τίνα
2809 3170 2855 3227 δ’
2886 3172 3003 3249 ἔχει
3059 3177 3425 3234 ἀντικανονίαν
3453 3201 3466 3239 :
3516 3202 3616 3254 pro

1967 3257 2187 3329 quibus
2226 3260 2615 3331 exscriptores
2670 3280 2973 3334 perperam
3036 3276 3359 3338 posuerunt
3403 3269 3525 3326 τίνα
3570 3271 3618 3327 δ’

1968 3342 2113 3419 ἔχειν
2147 3346 2453 3416 κοινωνίαν,
2486 3352 2676 3405 securi
2726 3350 3090 3423 σολοικισμοῦ
3129 3362 3184 3411 et
3230 3363 3616 3430 perturbatio-

1971 3436 2063 3491 nis
2094 3436 2514 3493 inextricabilis
2543 3438 2602 3493 in
2627 3457 2804 3510 quam
2840 3448 2961 3499 tota
2991 3447 3282 3503 sententia
3323 3467 3423 3519 per
3453 3452 3613 3508 istud

1970 3526 2234 3595 ipsorum
2266 3525 2562 3601 παρόραμα
2593 3530 2897 3601 implicata
2927 3540 3228 3605 remanet;
3263 3547 3326 3593 ut
3355 3540 3503 3594 nihil
3537 3543 3621 3597 di-

1973 3632 2100 3670 cam
2117 3617 2186 3670 de
2209 3618 2450 3672 tazdiosa
2480 3620 2826 3690 repetitione
2849 3625 3113 3693 ejusdem
3148 3628 3405 3685 nominis
3427 3650 3621 3685 κοινω-

1973 3702 2060 3755 via
2091 3704 2274 3759 altero
2307 3706 2501 3761 statim
2538 3714 2671 3779 post
2700 3726 2889 3777 versu,
2924 3718 2982 3768 et
3013 3714 3251 3783 quidem
3297 3733 3477 3774 sensu
3533 3721 3619 3777 in-

1976 3792 2334 3847 sulsissimo.
2368 3794 2516 3859 Quid
2540 3796 2698 3851 enim
2722 3799 2912 3870 magis
2943 3797 3339 3875 ἀσυλλόγιστον
3361 3807 3502 3878 ﬁngi
3523 3827 3623 3879 ρο.

1978 3886 2279 3951 testquam
2296 3881 2403 3937 hoc
2419 3884 2589 3939 modo
2616 3889 3016 3957 argumentari
3044 3907 3055 3943 :
3084 3890 3255 3956 Quam
3282 3896 3431 3948 enim
3463 3896 3625 3953 habet

1976 3972 2412 4025 communionem
2443 3974 2686 4042 prolatio
2714 3976 2981 4043 nominis,
3020 3993 3146 4031 cum
3164 3980 3302 4034 alios
3332 3982 3428 4052 qui
3461 4002 3621 4054 papa:

1978 4075 2089 4113 non
2126 4064 2253 4113 sunt
2283 4075 2494 4115 necesse
2531 4060 2605 4115 sit
2648 4065 2989 4134 participare
3045 4071 3464 4127 communioni?
3506 4079 3617 4129 etc.

1979 4150 2104 4204 Non
2130 4165 2221 4203 me
2254 4150 2402 4205 fallit
2433 4151 2614 4206 videri
2646 4153 2821 4207 alicui
2870 4172 3043 4226 posse
3080 4174 3277 4214 vocem
3330 4162 3621 4221 κοινωνίαν

1982 4238 2159 4311 priori
2208 4238 2332 4293 loco
2372 4240 2626 4311 positam
2688 4245 2960 4314 usurpari
3009 4246 3065 4300 in
3116 4264 3183 4303 ea
3231 4252 3468 4308 notione
3512 4272 3631 4326 qua

1978 4327 2156 4380 κοινὸν
2193 4327 2500 4383 interdum
2534 4329 2883 4387 immundum
2913 4341 3104 4405 sonat,
3140 4343 3203 4392 ut
3234 4339 3525 4411 signiﬁcet
3556 4347 3632 4401 la-

1984 4420 2104 4473 bem
2133 4434 2200 4473 ac
2229 4420 2527 4485 maculam,
2547 4422 2839 4476 sententia
2864 4424 2983 4490 jam
3010 4430 3304 4499 utcunque
3323 4430 3637 4506 tolerabili,

1990 4510 2089 4563 sed
2111 4525 2238 4579 quae
2255 4526 2367 4564 non
2399 4509 3141 4572 tollitverisimilitudinem
3160 4518 3329 4591 longe
3350 4524 3631 4594 majorem

1991 4598 2420 4653 emendationis
2453 4604 2684 4664 nostris,
2717 4604 2787 4655 ad
2821 4619 2999 4673 quam
3032 4604 3162 4661 ideo
3195 4610 3320 4675 fnon
3375 4612 3638 4670 dubitavi

1994 4689 2357 4743 conformare
2393 4690 2733 4745 editionem.
2784 4693 2843 4747 Si
2894 4694 3028 4764 quis
3078 4704 3304 4767 qureret
3343 4704 3637 4772 quomodo

1995 4777 2310 4832 Vaticanus
2341 4780 2520 4833 codex
2551 4779 2707 4836 hunc
2740 4780 2934 4838 locum
2967 4789 3341 4858 expresserit,
3376 4792 3524 4847 sciat
3552 4798 3645 4849 to-

1996 4871 2121 4923 tum
2155 4867 2411 4922 omisse:
2447 4869 2530 4923 sic
2580 4868 2940 4943 plerumque,
2994 4892 3129 4932 cum
3183 4880 3326 4949 quid
3379 4882 3645 4955 ambigui

1996 4956 2268 5025 occurrit,
2302 4957 2543 5030 defungi
2576 4958 2806 5017 solitus.

2067 5079 2418 5152 Ἀντιλλάξας
2464 5102 2518 5155 ρ.
2568 5086 2689 5142 140.
2741 5089 2870 5160 Agit
2916 5091 2988 5146 de
3042 5093 3333 5152 militibus
3404 5096 3647 5153 Casaris

1998 5172 2418 5227 insidiantibus
2453 5174 2581 5229 urbi
2612 5177 3303 5253 Constantinopolitanae,
3335 5202 3509 5256 quam
3536 5187 3644 5241 im-

2001 5260 2252 5331 provisio
2285 5261 2631 5335 intercipere
2661 5268 2966 5338 parabant,
2994 5287 3221 5327 summo
3243 5278 3552 5345 propterea
3572 5274 3651 5328 si-

2001 5348 2179 5404 lentio
2195 5355 2534 5422 agentes,ne
2558 5357 3050 5424 responsantibus
3070 5376 3098 5415 e
3116 5378 3282 5417 muro
3298 5362 3652 5430 quibusdam

2004 5439 2409 5509 proderentur.
2436 5442 2613 5496 Codd.
2642 5444 2682 5497 B
2708 5449 2765 5498 et
2785 5447 2830 5499 A
2855 5463 2988 5500 cum
3024 5448 3276 5518 simplici
3302 5446 3333 5500 λ
3357 5450 3649 5521 scribunt,

2004 5526 2190 5583 Vatic.
2240 5528 2490 5584 alterum
2524 5526 2557 5581 λ
2606 5533 2791 5588 addit.
2839 5536 3027 5590 Audio
3054 5537 3111 5590 in
3163 5536 3382 5608 vulgari
3435 5538 3650 5598 Graecis

2008 5616 2183 5673 hodie
2216 5618 2437 5676 usitata
2467 5620 2669 5693 lingua
2700 5619 3017 5695 ἀντιλλάξας
3046 5625 3156 5680 dici
3192 5642 3292 5697 pro
3319 5624 3660 5701 εἱντηλλάξας
