3968 6202
415 366 555 425 1007

1473 345 1536 397 Ρ.
1577 341 1856 398 POSSINI
1895 337 2510 393 OBSERVATIONUM
2550 338 2692 393 LIB.
2736 337 2778 389 ι.

3617 337 3727 398 1008

417 497 492 554 ab
525 479 907 542 ἀπαλλάττω.
943 476 1084 528 noto
1111 471 1238 541 jam
1272 465 1596 532 vocabulo;
1631 461 1786 534 quod
1836 461 2082 515 fortasse
2113 465 2165 527 Α
2199 475 2296 513 cos
2318 457 2564 529 aliquid,
2591 455 2826 513 etallini
2851 456 2966 512 sibi
2997 455 3326 510 Latinorum
3343 471 3438 510 usu
3462 473 3729 528 passosesee

417 549 618 640 noster
670 564 1021 640 expresserit
1075 574 1238 614 more
1289 553 1577 627 populari.
1624 552 1681 605 Si
1733 551 1930 606 minus
1969 549 2079 603 hoc

419 635 633 743 placet,
666 635 869 729 reponi
913 655 1113 724 posset
1157 642 1588 714 ἀντικλαξάντων
1643 640 1713 695 ab
1772 635 2077 704 ἀντικλάζω

423 742 596 832 Quasi
637 742 1006 818 ἀντικλάγγω.

497 846 935 910 ’Λντιστατικῶς.
977 857 1030 910 p.
1083 838 1205 892 480.
1264 833 1545 898 Habebat,
1610 833 1674 884 ut
1713 831 1970 900 apparet,
2021 826 2080 880 in

428 945 628 1002 animo
656 941 773 992 haec
800 925 1463 995 scribensPachymeres
1501 921 1687 973 locum
1707 914 2085 985 Hermogenis

430 1033 556 1090 neci
616 1029 877 1090 στάσεων,
931 1020 1030 1075 ubi
1090 1015 1388 1088 explicans
1448 1011 1600 1082 quod
1655 1009 1730 1064 sit
1782 1005 2086 1064 ἀντίστασις

434 1088 678 1181 scribit:
716 1114 924 1168 Γίνεται
976 1105 1284 1162 ἀντίστασις
1326 1099 1450 1154 ὅταν
1501 1094 1797 1169 ὁμολογῶν
1828 1094 1855 1147 ὁ
1879 1091 2088 1168 cestiva

436 1207 797 1278 πεποιηκέναι
844 1221 898 1254 τι
943 1199 1016 1257 ὡς
1056 1193 1300 1264 ἀδίκημα
1331 1190 1552 1257 ἀνοιστᾷ
1579 1183 1763 1258 ἕτερόν
1791 1205 1841 1237 τι
1876 1180 2088 1256 εὐεργέ-

436 1319 591 1373 τημα
625 1299 812 1370 μεῖζον
847 1287 916 1343 δι’
948 1285 1114 1340 αὐτοῦ
1152 1282 1248 1336 τοῦ
1299 1277 1639 1349 ἀδικήματος
1677 1271 2082 1347 πεπραγμένον.

442 1360 560 1448 Hoc
593 1360 840 1444 estziF-it
882 1374 1271 1432 ἀντιστατικῶς
1297 1372 1411 1425 sive
1461 1367 1818 1437 comparatio,
1879 1360 2094 1432 quando

445 1495 572 1535 reus
594 1474 857 1543 conﬁtens
887 1484 943 1522 se
973 1466 1169 1536 fecisse
1193 1461 1412 1531 aliquid
1443 1456 1583 1530 quod
1612 1454 1951 1523 maleficium
1999 1468 2094 1505 υο-

445 1577 616 1633 cetur,
647 1539 875 1634 opponit
902 1572 972 1610 ex
1011 1552 1238 1606 adverso
1267 1549 1444 1611 maius
1501 1544 1724 1615 aliquod
1776 1539 2097 1634 beneﬁcium

447 1628 613 1728 cujus.
645 1628 835 1706 auctor
879 1646 1053 1717 fuerit
1099 1640 1439 1706 male/icium
1491 1633 1637 1688 illud
1691 1628 2094 1728 committenda.

447 1718 635 1802 Veluti
661 1757 796 1798 cum
813 1734 1155 1809 peregrinus
1188 1732 1490 1784 accusatos
1509 1723 1664 1796 quod
1694 1725 1901 1776 contra
1941 1718 2099 1790 leges

2184 554 2248 601 ut
2279 555 2640 603 armaturam
2673 546 3151 602 etinstrumenta
3179 543 3730 620 inferandiautpmpul-

2185 637 2354 692 sandi
2373 637 2489 692 vim
2522 653 2589 691 ea
2619 635 3043 707 signiﬁcarent,
3068 633 3234 688 docet
3260 632 3488 688 Thomas
3516 635 3722 707 Magister

2188 726 2243 781 id
2278 725 2710 797 reprehendens
2746 724 2833 779 bis
2862 723 3054 778 verbis
3086 737 3100 776 :
3131 721 3308 793 Ἄρμα
3356 719 3402 773 ἐν
3447 721 3487 792 ᾧ
3531 722 3574 774 ot
3607 721 3730 777 imi

2191 813 2519 890 ζεύγνυνται.
2553 813 2620 869 Οἱ
2653 809 2712 866 δὲ
2759 811 2846 866 ἐπὶ
2897 809 3085 865 ὃπλων
3134 805 3477 881 λαμϐάνοντες
3513 808 3563 864 οὐ
3601 811 3736 872 καλῶς

2189 907 2454 980 χρῶνται.
2498 903 2835 960 Percrebuit
2875 903 2931 957 id
2967 908 3163 957 tamen
3226 900 3380 969 satis,
3417 905 3475 956 ut
3512 902 3735 958 adversus

2192 996 2484 1066 ejusmodi
2535 1010 2845 1049 censuram
2903 992 3054 1046 tueri
3105 1007 3166 1046 se
3222 990 3486 1062 quispiam
3529 992 3738 1061 exemplis

2194 1089 2389 1155 queat.
2421 1083 2638 1138 Omitto
2661 1100 2784 1154 qua:
2812 1081 3153 1137 testimonia
3195 1080 3318 1151 eius
3366 1079 3592 1135 nationis
3615 1080 3741 1135 refert

2197 1173 2766 1243 liieursius,quaeque
2788 1171 2943 1242 apud
2961 1169 3273 1240 scriptores
3295 1169 3455 1223 etiam
3475 1185 3570 1223 non
3586 1184 3744 1240 usque-

2199 1279 2432 1334 quaque
2465 1262 2748 1317 barbaros
2769 1261 2938 1317 facile
2961 1259 3555 1314 occurrent.Admoneo
3573 1263 3744 1313 tantum

2198 1351 2635 1422 Pachymerem,
2670 1353 2971 1418 utcunque
2993 1347 3140 1402 alias
3191 1345 3573 1417 antiquarium,
3617 1345 3746 1416 hujus

2201 1442 2537 1512 εωτερισμοῦ
2586 1438 2771 1494 teneri
2827 1437 3158 1493 manifeste.
3211 1437 3331 1492 Duo
3389 1437 3503 1508 ejus
3544 1436 3749 1490 annotavi

2200 1529 2325 1584 loca
2355 1529 2412 1583 in
2447 1529 2663 1600 quibus
2693 1544 2893 1584 vocem
2927 1527 3144 1600 ἅρματα
3173 1527 3223 1582 si
3254 1526 3382 1596 quis
3410 1541 3589 1580 currus
3615 1524 3750 1580 inter-

2204 1623 2555 1691 pretaretur,
2587 1620 2658 1672 ab
2690 1619 2818 1688 ejus
2853 1623 3048 1672 mente
3079 1618 3390 1672 aberraret.
3445 1619 3500 1669 P.
3545 1615 3644 1680 434,
3689 1614 3749 1668 sic

2205 1707 2411 1762 scribit
2439 1710 2510 1762 de
2538 1707 2765 1762 Joanne
2796 1707 2948 1761 duca
2977 1706 3327 1778 imperatore
3360 1722 3372 1759 :
3403 1702 3686 1776 Κατωχύρου
3711 1700 3756 1755 τὰ

452 1851 690 1894 murum
713 1829 877 1886 urbis
910 1821 1338 1883 conscenderit,
1372 1815 1664 1872 fateturid
1698 1831 1730 1868 a
1761 1828 1823 1867 se
1853 1811 2097 1877 factum,

2217 1794 2444 1870 φρούρια
2475 1793 2607 1865 σίτῳ
2628 1794 2718 1848 καὶ
2751 1795 3008 1868 ἅρμασιν.
3038 1797 3187 1851 547
3233 1793 3424 1864 Specie
3467 1793 3577 1864 ipsa
3621 1791 3756 1862 prima

452 1927 552 1984 sed
588 1921 749 1979 addit
778 1935 840 1974 se
873 1917 982 1971 hoc
1014 1912 1236 1984 agendo
1269 1921 1534 1962 servasse
1568 1903 1887 1968 civitatem,
1915 1899 2105 1969 repul-

456 2019 539 2075 sis
569 2013 864 2076 hostibus,
899 2005 998 2076 qui
1029 2009 1171 2058 tunc
1205 2000 1356 2056 546
1385 1995 1543 2052 nullo
1574 1994 1784 2049 civium
1821 1990 2110 2076 sentiente

461 2118 696 2163 murum
729 2075 928 2154 infesti
960 2089 1136 2148 scalis
1187 2085 1439 2142 admotis
1485 2082 1922 2153 snperaverant.
1965 2075 2110 2130 Hinc

468 2198 621 2266 patet
644 2189 744 2262 qui
785 2185 920 2240 velit
955 2182 1063 2236 hoc
1089 2179 1213 2233 loco
1247 2180 1465 2239 noster,
1499 2172 1640 2226 dum
1689 2169 1769 2222 ait
1813 2181 2013 2266 pacem
2039 2163 2111 2218 ab

465 2255 760 2354 lEphesino
792 2279 848 2330 et
873 2271 1002 2327 aliis
1032 2263 1421 2321 ἀντιστατικῶς
1445 2262 1728 2314 duntaxat
1769 2255 2111 2320 admissam,

468 2343 798 2427 conﬁtendo
829 2360 1111 2417 nimirum
1137 2369 1266 2410 eam
1297 2349 1510 2404 malam
1542 2345 1798 2413 esse,sed
1824 2343 2111 2412 majorum

469 2459 760 2514 malorum
792 2448 1162 2506 vitandorum
1196 2457 1375 2496 causa
1409 2442 1560 2492 recte
1610 2434 1915 2490 toleratam
1958 2429 2116 2486 arbi-

472 2545 632 2602 trari.
667 2543 728 2598 In
760 2555 874 2610 quo
909 2534 1200 2602 detegitur
1235 2528 1483 2583 ultimus
1508 2527 1778 2594 receptus
1826 2519 2117 2610 schisma-

467 2636 598 2691 ticaa
628 2606 1029 2693 contumaciae,
1064 2625 1121 2676 et
1152 2617 1488 2673 declaratur
1528 2627 1705 2682 quam
1753 2624 1962 2680 parum
2004 2606 2121 2660 sin-

466 2740 598 2781 cera
629 2721 741 2774 ﬁde
773 2713 1034 2789 plerique
1065 2715 1207 2764 tunc
1241 2707 1573 2760 Grmcorum
1609 2700 1784 2754 istam
1835 2711 1969 2750 cum
2011 2695 2118 2748 La-

475 2815 598 2868 tina
626 2787 882 2864 Ecclesia
907 2797 1283 2856 concordiam
1317 2793 1438 2847 sint
1461 2787 1733 2860 amplexi.

542 2898 854 2969 Ἀποστολή
892 2915 946 2970 ρ.
996 2896 1120 2952 424.
1159 2895 1316 2948 Inter
1368 2902 1578 2944 causas
1629 2900 1758 2956 quae
1811 2882 2124 2952 imperato-

473 3013 596 3053 rem
630 2989 1017 3059 Palaeologum
1057 2983 1363 3036 moverunt
1383 2977 1452 3030 ad
1489 2972 1896 3028 absistendum
1941 2976 2126 3039 carpta

475 3081 914 3158 Oppugnatione
962 3073 1173 3130 Galatae
1211 3066 1695 3158 obsidionemque
1762 3059 2123 3158 solvendam,

476 3149 782 3232 enumverat
813 3179 1082 3238 sparsam
1117 3161 1332 3214 tamam
1365 3153 1717 3210 auxiliorum
1750 3149 1934 3204 asede
1976 3164 2117 3218 apo-
2148 3189 2190 3256 Ο

478 3263 684 3321 stolica
716 3260 841 3329 jam
901 3251 1334 3308 submissorum
1385 3243 1644 3299 obsessis
1690 3239 2015 3294 validorum
2060 3241 2115 3291 et

468 3354 594 3423 jam
626 3325 735 3417 [Ρ.⁷
755 3344 880 3414 372]
927 3335 1412 3396 adventantium;
1456 3325 1735 3423 ἀποστολῄ
1785 3327 1963 3397 igitur
2011 3325 2120 3380 hoc

475 3416 601 3495 loco
632 3416 777 3490 nihil
810 3431 968 3487 aliud
1012 3441 1189 3497 quam
1241 3422 1438 3478 sedem
1481 3416 1856 3491 apostolicam
1906 3419 2119 3469 Roma-

478 3544 616 3584 nam
649 3527 822 3579 sonat

550 3613 850 3687 Ἀπόφασις
885 3626 942 3680 p.
989 3607 1120 3660 268.
1179 3599 1612 3657 Denuntiarunt
1651 3593 1992 3668 patriarchae
2027 3592 2123 3647 da-

478 3681 843 3763 mnatio-nem
878 3697 1064 3769 ipsius
1097 3698 1155 3749 et
1186 3690 1612 3762 depositionem
1657 3684 1880 3756 judicio
1920 3681 2120 3755 synodi

478 3799 795 3852 decretam.
829 3788 992 3845 Unde
1020 3779 1452 3853 intelligiturin
1484 3774 1654 3831 titulo
1687 3791 1813 3844 cap.
1848 3770 2118 3840 sexti,qui

480 3887 564 3942 sic
597 3883 801 3939 habet:
851 3877 1040 3934 ‘Onwc
1100 3869 1470 3943 συναχθέντων
1533 3867 1643 3918 τῶν
1697 3861 2002 3936 ἀρχιερέων
2059 3856 2120 3912 τὸ

476 3973 686 4030 τέλειον
744 3969 971 4042 μήνυμα
1018 3961 1104 4017 καὶ
1161 3958 1248 4013 ἐπὶ
1291 3957 1469 4027 τούτῳ
1513 3955 1547 4022 ἡ
1592 3951 1860 4030 ἀπόφασις
1911 3947 2121 4024 γέγονε,

480 4080 676 4122 vocem
724 4039 994 4130 ἆπόφασις
1051 4047 1492 4106 damnationem
1539 4059 1767 4098 sonare.
1819 4039 1949 4094 Scio
2008 4053 2122 4093 non

481 4171 610 4210 esse
640 4152 790 4206 hanc
815 4127 1114 4214 vulgarem
1149 4139 1328 4208 hujus
1359 4131 1625 4189 vocabuli
1658 4129 1976 4185 notionem.
2012 4127 2120 4182 Ta-

480 4258 616 4297 men
642 4235 863 4307 aliquid
898 4229 1092 4287 simile
1115 4226 1450 4298 signiﬁcare
1480 4217 2124 4307 interdum,ostendunt

477 4330 606 4386 loca
636 4303 1016 4381 classicorum
1041 4322 1373 4380 auctorum,
1409 4309 1749 4380 vulgaribus
1780 4306 1951 4360 etiam
1985 4303 2121 4358 lexi-

477 4419 562 4475 cis
593 4415 796 4472 relata.
834 4411 978 4467 Mihi
1010 4407 1229 4464 sufﬁcit
1250 4394 2119 4474 Hesychius,apudquemlego:

473 4502 786 4581 Ἀπὸφασις,
835 4497 1036 4573 κρίσις,
1084 4495 1289 4569 ψῆφος,
1330 4487 1453 4557 δίκη
1538 4489 1603 4542 Et
1673 4491 1838 4541 vetus
1898 4483 2119 4538 lexicon

2215 1899 2456 1965 apparet
2487 1893 2792 1965 complecti
2811 1909 2942 1947 eum
2963 1893 3079 1947 duo
3101 1891 3348 1946 maxime
3361 1889 3645 1945 necessaria
3661 1904 3757 1960 pre-

2216 1982 2476 2036 sidiariis
2507 1982 2756 2047 arcium,
2789 1980 3067 2035 alimenta
3101 1984 3160 2034 et
3191 1997 3371 2035 arma.
3392 1981 3444 2033 Si
3476 1977 3589 2050 quis
3618 1982 3759 2031 tamen

2215 2070 2634 2125 contentiosior
2654 2087 2865 2124 currus
2895 2069 3071 2124 etiam
3103 2069 3162 2124 in
3199 2066 3759 2140 apparatu'tuendarum

2217 2161 2438 2214 arcium
2472 2176 2588 2214 non
2619 2160 2860 2214 inutiles
2892 2159 3189 2213 interdum
3215 2163 3314 2213 aut
3335 2157 3496 2212 etiam
3523 2156 3582 2210 ad
3609 2169 3756 2209 conve-

2215 2249 2464 2302 ctionem
2499 2253 2934 2303 commeatuum
2969 2247 3330 2302 necessarios
3359 2245 3446 2301 hic
3492 2247 3764 2299 memoratos

2219 2337 2378 2406 velit,
2406 2354 2491 2390 na:
2516 2336 2651 2390 huic
2676 2336 3043 2407 extorquebit
3066 2335 3440 2407 pertinaciam
3456 2333 3590 2405 quod
3609 2331 3765 2386 ibidem

2222 2442 2357 2479 mox
2408 2423 2533 2496 περὶ
2583 2421 2838 2497 ἁρμάτων
2877 2423 3115 2491 dicitur,
3156 2440 3225 2479 ea
3272 2441 3397 2478 esse
3442 2439 3505 2478 ex
3541 2437 3597 2476 eo
3617 2431 3768 2492 genere

2223 2532 2419 2570 rerum
2453 2516 2624 2585 cujus
2652 2531 2955 2586 nunquam
2981 2515 3204 2570 affatim
3230 2513 3514 2569 utentibus
3558 2508 3773 2566 sitzunde

2234 2622 2371 2659 mox
2402 2605 2656 2671 additur,
2706 2605 2761 2658 id
2823 2609 3191 2675 reputantem
3245 2603 3406 2658 illum
3453 2602 3774 2673 imperatorem

2225 2694 2484 2764 jussisse
2508 2693 2644 2747 addi
2683 2691 2962 2764 catalogis
2993 2693 3180 2763 gratis
3232 2691 3728 2764 suppeditandraum
3753 2699 3774 2736 θ

2230 2782 2371 2837 ﬁsco
2396 2780 2567 2835 militi
2593 2797 2785 2836 rerum
2811 2798 2975 2836 arma
2995 2781 3191 2837 omnis
3221 2781 3444 2852 generis
3470 2783 3524 2835 et
3541 2793 3659 2831 usus
3681 2771 3775 2841 ;ubi

2231 2873 2287 2926 in
2320 2871 2515 2926 Graeco
2545 2887 2614 2925 ex
2641 2888 2749 2926 vox
2780 2867 2926 2923 ὅπλα
2958 2871 3266 2926 manifeste
3295 2875 3359 2925 ut
3403 2882 3678 2942 synonyma
3714 2862 3778 2913 τοῦ

2231 2967 2475 3040 ἅρματος
2509 2968 2672 3040 prius
2706 2969 3011 3023 memorati
3046 2968 3261 3039 posita.
3316 2966 3620 3022 Clarissime
3654 2961 3777 3016 etiam

2231 3059 2434 3112 eadem
2469 3074 2576 3112 vox
2608 3055 2822 3129 ἅρματα
2852 3073 2956 3128 pro
2988 3053 3134 3110 ὅπλα
3167 3061 3448 3128 usurpata
3473 3052 3723 3125 reperitur.
3740 3064 3778 3118 p.

2231 3147 2356 3208 419,
2385 3147 2482 3200 ubi
2517 3147 2899 3217 Pachymeres
2918 3145 2998 3200 ait
3019 3150 3278 3201 Nenetos
3296 3144 3584 3215 aliquando
3606 3139 3780 3195 ditiores

2231 3234 2775 3306 splendidioresque
2805 3235 3219 3290 Genuensibus
3246 3234 3479 3298 fuisse,a
3497 3225 3781 3303 quibus,vice

2229 3340 2422 3378 rerum
2449 3324 3075 3394 humanorum,postea
3095 3313 3780 3387 divitiisetcultusmagniﬁ-

2229 3416 2417 3470 centia
2448 3414 2705 3484 superati
2740 3414 2878 3468 sint.
2917 3416 3064 3484 Ergo
3087 3410 3781 3485 prioremillamVenetorum

2232 3503 2668 3576 magniﬁcentia
2733 3519 3091 3569 memorans,
3173 3503 3258 3557 ait
3333 3516 3524 3556 eorum
3582 3489 3782 3564 συνέδριον

2229 3593 2338 3648 hoc
2369 3597 2456 3647 est
2503 3608 2790 3663 proceres,
2813 3591 3108 3662 patricios,
3144 3608 3210 3646 ex
3249 3589 3460 3662 quibus
3515 3589 3565 3641 in
3603 3600 3658 3639 ea
3687 3579 3784 3635 urbe

2231 3688 2469 3738 senatus
2501 3677 3025 3751 constantmkoénp
3043 3678 3133 3732 καὶ
3167 3679 3372 3752 ἅρμασι
3397 3677 3482 3731 καὶ
3533 3669 3786 3745 παρασκευαῖ

2229 3769 2460 3830 ἀπάσαις
2536 3769 2942 3825 Genuensibus
3016 3770 3158 3824 olim
3231 3767 3576 3840 praestitisse.
3614 3760 3693 3816 Hic
3740 3769 3787 3808 ne

2232 3857 2446 3933 ἅρματα
2484 3877 2694 3914 currus
2759 3859 3242 3930 interpretemur,
3291 3856 3566 3930 prohibet,
3605 3850 3645 3905 si
3687 3845 3787 3902 nihil

2231 3950 2413 4016 aliud,
2447 3954 2603 4005 certe
2633 3949 2782 4004 situs
2826 3948 2989 4003 urbis
3021 3947 3251 4002 Venetae
3286 3947 3358 4002 ad
3383 3943 3550 4000 maris
3589 3933 3789 3994 castum-ia

2231 4049 2314 4103 sic
2349 4048 2546 4120 positae
2578 4053 2642 4102 ut
2673 4047 2901 4120 cymbis
2924 4062 3024 4118 per
3044 4063 3197 4116 eam,
3224 4062 3340 4100 non
3373 4042 3556 4099 rhedis
3575 4047 3790 4095 commee-

2231 4145 2347 4194 tur.
2381 4139 2571 4202 Quare
2598 4136 2912 4192 ridiculum
2945 4125 3788 4206 faceretPacbymerem,quieum

2231 4228 2422 4282 dicere
2447 4226 2669 4298 juberit
2699 4232 2998 4282 senatores
3031 4225 3172 4279 olim
3205 4225 3457 4280 Venetos
3487 4220 3541 4274 in
3569 4232 3658 4272 sua
3691 4209 3792 4267 urbe

2233 4317 2423 4387 specie
2452 4316 2769 4371 rhedarum
2801 4320 2858 4369 et
2890 4312 3332 4385 magniﬁcentia
3361 4322 3618 4366 curruum
3645 4298 3789 4387 copias

2232 4385 2658 4462 ostentasse.Ut
2683 4403 2950 4458 omittam
2991 4418 3058 4456 ex
3080 4400 3212 4456 aliis
3241 4401 3423 4471 hujus
3440 4385 3792 4454 historiaelocis,

2233 4496 2316 4564 [P.
2351 4495 2476 4564 375]
2510 4493 2664 4565 quod
2697 4491 2832 4547 alibi
2865 4492 3128 4558 observo,
3152 4505 3457 4562 apparere,
3490 4502 3553 4541 ne
3591 4484 3641 4537 in
3675 4473 3792 4532 urbi-

473 4556 747 4667 anon‘ymi
787 4556 1011 4646 editum
1040 4603 1073 4641 a
1103 4581 1386 4638 Vulcanio
1419 4596 1436 4634 :
1467 4574 1770 4653 Απόφασις,
1805 4574 2114 4630 sententia.
2151 4556 2194 4620 D
2228 4585 2338 4639 bus
2372 4556 2609 4654 qujdém
2644 4582 2702 4635 in
2739 4580 2910 4652 plano
2941 4585 2998 4634 et
3030 4556 3536 4643 Sic'co'édmcatis,
3560 4573 3715 4642 iisque
3732 4577 3794 4617 το.
3884 4649 3885 4658 χ

543 4692 1013 4768 Ἀπροσποιοῦμαι
1049 4706 1103 4759 ρ.
1139 4685 1262 4739 496.
1297 4681 1548 4736 Verbum
1591 4677 1749 4732 istud
1801 4674 1940 4768 alibi
1997 4690 2109 4728 non

471 4762 678 4856 reperi.
700 4783 769 4836 Et
795 4778 1139 4840 Vaticanus,
1174 4781 1233 4828 ut
1267 4769 1491 4826 soletin
1510 4764 1798 4833 obscuris,
1817 4768 1873 4820 et
1915 4762 2024 4818 hoc
2058 4765 2115 4816 et

471 4850 704 4930 comma
733 4885 868 4925 cum
898 4882 964 4920 eo
993 4869 1185 4918 totum
1219 4857 1728 4914 omisit.Caeterum
1753 4853 1934 4922 hujus
1957 4850 2113 4904 notio

472 4969 539 5020 ut
569 4958 862 5018 contraria
889 4957 969 5024 τῷ
999 4950 1412 5023 προσποιοῦμαι
1446 4945 1636 5012 debet,
1661 4941 1886 5014 opinor,
1905 4939 2110 5010 accipi.

469 5058 682 5108 Notum
707 5052 904 5104 autem
936 5059 1052 5097 non
1084 5040 1223 5110 quid
1250 5033 1661 5106 προσποιεῖσθαι
1687 5033 2108 5098 sit,assumere,

469 5143 808 5212 adjungere,
837 5135 1144 5189 admovere
1177 5127 1288 5182 sibi
1315 5144 1328 5194 ;
1363 5129 1427 5177 ut
1458 5122 1646 5178 solent
1679 5119 1968 5190 principes
2010 5134 2108 5172 eos

464 5206 579 5306 quc
612 5207 720 5286 sua
750 5224 935 5299 gratia
968 5220 1178 5292 dignos
1202 5218 1429 5287 putant.
1470 5211 1623 5306 _Ergo
1656 5206 2106 5306 αποοσποιεῖσθαι

457 5295 566 5379 erit
596 5295 903 5376 excludere
935 5327 1000 5366 ac
1032 5307 1288 5377 rejicere.
1324 5301 1484 5366 Quod
1529 5298 1643 5351 huc
1675 5295 2105 5365 bellequadrat,

453 5418 519 5468 ut
547 5405 880 5478 Acropolita
900 5402 1091 5456 favore
1115 5410 1180 5450 ac
1214 5387 1611 5446 familiaritate
1632 5382 2003 5478 imperatoris
2026 5382 2102 5436 si-

449 5502 768 5574 gniﬁcetur
798 5488 1106 5550 excidisse.

519 5598 776 5671 Ἀρματα
832 5591 892 5646 ln
943 5585 1176 5645 notione
1225 5578 1385 5636 vocis
1463 5572 1611 5648 ἅρμα
1683 5587 1798 5671 qua
1866 5588 2102 5671 currum

455 5659 753 5759 designari
784 5681 982 5741 sciunt
1002 5671 1544 5742 omnes,innovasse
1568 5659 1922 5719 recentiores
1945 5661 2102 5720 Grae-

2226 4673 2358 4744 giis,
2396 4675 2757 4742 frequentem
2783 4685 2847 4724 ea
2881 4659 3793 4738 tempestatecurruum,rhedarum

2226 4767 2326 4816 aut
2355 4761 2723 4826 essedorum,
2775 4758 3081 4830 splendide
3131 4756 3455 4828 praesertim
3500 4753 3792 4808 ornatorum.

2225 4877 2398 4915 usum
2453 4859 2655 4913 tuisse.
2704 4859 2852 4930 Ergo
2905 4857 3035 4911 sino
3078 4855 3259 4909 dubio
3301 4851 3522 4921 πλούτῳ
3542 4845 3618 4901 καὶ
3646 4845 3792 4915 ἅρμασι

2223 4948 2411 5004 divitis
2441 4955 2493 5003 et
2521 4948 2696 5002 armis
2727 4945 3072 5001 vertendum
3101 4934 3790 5000 fuit.Nimirumarmispre'

2222 5038 2368 5092 tiose
2399 5036 2620 5091 ornatis
2651 5033 2924 5107 instructi
2955 5033 3295 5104 gaudebant
3317 5043 3601 5103 apparere,
3631 5029 3791 5076 more!t

2223 5127 2482 5199 Satyrico
2496 5125 2792 5192 laudato,d
2804 5139 2899 5178 um
2912 5121 3152 5178 adducit
3164 5136 3232 5175 ex
3247 5119 3494 5176 heroicis
3507 5107 3791 5184 temporibus

2219 5215 2549 5288 exemplum
2584 5214 2894 5284 cujusdam
2930 5211 3180 5283 gemmis
3218 5227 3338 5264 non
3372 5210 3444 5264 ad
3475 5200 3699 5262 ornanda
3722 5208 3794 5288 pt)‘

2216 5307 2369 5369 cula,
2404 5310 2467 5359 ut
2493 5304 2659 5357 Virro
2706 5301 2944 5374 quidam
2981 5298 3247 5368 faciebat,
3279 5304 3343 5354 ut
3375 5290 3645 5360 so!iti,s:.d
3661 5293 3790 5340 casm

2215 5396 2434 5466 vaginae
2465 5395 2653 5448 fronte
2686 5390 3033 5462 ponere,hoc
3065 5393 3154 5444 est
3175 5388 3232 5442 in
3259 5373 3792 5466 capitulo,conspicug

2215 5457 2486 5539 videlicet
2516 5483 2660 5546 loco,
2686 5457 3000 5536 ostendere
3025 5475 3254 5532 :alludit
3288 5457 3444 5530 enim
3467 5471 3600 5527 illud
3623 5457 3795 5546 Virgilii

2214 5574 2491 5628 stellatum
2501 5541 2722 5642 jaspidg
2756 5568 2916 5640 fulva
2945 5582 3145 5622 ensem
3173 5564 3356 5620 {Enea
3385 5557 3688 5619 tribuentis.
3712 5541 3795 5643 ξεξά

2215 5663 2334 5717 haec
2365 5657 2416 5713 ἐν
2447 5635 2718 5734 παρέῥγου
2756 5635 2938 5732 γμὲρει.
2972 5655 3214 5712 Summa
3266 5654 3368 5725 sit,
3412 5651 3610 5722 ἅρματα
3647 5643 3696 5698 in
3723 5635 3792 5693 δίε
