3978 6182
228 305 372 363 1009

1700 308 2185 367 GLOSSARIUM.

3507 315 3645 371 1010

224 434 460 490 duobus
494 434 879 507 Pachymeris
910 434 1054 493 locis
1104 453 1209 509 pro
1253 434 1451 500 ὅπλοις
1501 439 1786 511 positum,
1832 454 1852 492 ε

1959 485 1973 504 ι
2072 438 2157 509 [Ρ.
2218 434 2344 505 374]
2404 431 2956 489 Αὗθεντοπουλεύειν.
3017 435 3167 490 Puer
3221 437 3494 510 princeps
3542 446 3645 499 aut

219 542 390 580 arma
422 526 634 581 Latina
668 526 908 582 notione
940 528 1389 600 designare,nec
1421 531 1492 585 ad
1522 547 1732 586 currus
1764 528 1875 585 nisi
1984 524 2288 596 regnantis
2323 523 2481 579 ﬁlius
2514 541 2890 595 parvus,cum
2918 526 3266 595 procedente
3301 527 3359 580 in
3384 529 3636 597 primam

223 616 483 671 absurde
508 617 678 672 reteri
718 634 891 688 posse
921 619 1018 689 (1).

295 702 575 778 Ἀρπεδὼν
638 724 693 777 p.
751 708 877 761 293.
935 705 1110 767 Αὐτὸς
1168 708 1388 780 πεμψας
1444 707 1533 763 xxi
1582 706 1873 782 ἁρπεδόσιν

214 792 486 858 ἐνδεῖσθαι
554 792 1009 869 παρασκευάσας.
1071 796 1201 852 Haec
1272 799 1403 854 licet
1477 800 1533 853 in
1596 803 1869 855 contextu

213 885 516 954 disjuncta
546 886 630 940 sic
657 887 915 955 aptanda
956 891 1117 941 sunt.
1162 887 1467 958 Signiﬁcat
1511 889 1869 943 Germanum

211 974 613 1045 patriarcham
648 974 838 1029 valida
868 976 939 1030 ad
983 974 1178 1046 ipsum
1215 977 1424 1032 throno
1470 978 1866 1048 dejiciendum

209 1063 465 1119 conﬂata
514 1063 786 1131 factione,
849 1080 1198 1133 persuasum
1261 1066 1475 1137 supina
1522 1067 1867 1122 credulitate

207 1152 449 1207 studere
480 1151 594 1206 sibi
628 1151 1039 1223 imperatorem
1074 1170 1249 1225 quam
1268 1155 1542 1221 maxime,
1567 1157 1865 1211 confiden-

204 1244 301 1295 ter
328 1240 623 1295 indicasse
651 1240 763 1312 ipsi
791 1258 940 1312 opus
968 1242 1078 1296 sibi
1112 1258 1242 1298 esse
1283 1244 1597 1314 donativis,
1650 1246 1863 1314 quibus

207 1328 562 1402 spargendis
608 1330 1045 1385 adversantium
1114 1332 1520 1387 reconciliaret
1588 1333 1859 1389 animos.

211 1420 402 1483 Quam
431 1420 498 1473 ad
533 1435 678 1487 rem,
712 1419 769 1473 in
802 1418 1275 1476 dissimulatione
1321 1422 1647 1491 persistens
1706 1424 1859 1479 548

206 1506 469 1563 Michael
501 1510 819 1576 Augustus,
848 1525 1121 1563 nummos
1151 1510 1199 1564 ei
1225 1527 1406 1565 zereos
1431 1518 1859 1582 argenteosque

207 1597 552 1669 misit,quos
567 1597 706 1652 dum
723 1598 1005 1652 solemnis
1022 1598 1361 1654 litaniarum
1382 1616 1594 1670 pompa
1614 1600 1669 1655 in
1714 1602 1856 1656 festo

203 1685 549 1741 Palmarum
582 1687 940 1758 procederet,
977 1688 1311 1757 patriarcha
1335 1689 1586 1759 jactaret
1612 1689 1668 1742 in
1716 1707 1854 1744 con-

1985 613 2295 685 pueritiam
2330 613 2579 667 infantia
2605 614 2949 668 comitatum
2982 614 3280 669 natalibus
3303 632 3631 687 congruum

1983 703 2195 773 accipit
2226 708 2281 756 et.
2314 702 2638 757 ministerio
2674 720 2738 758 ac
2763 703 3041 759 satellitio
3072 705 3491 771 circumdatur,
3536 706 3629 761 αό-

1982 791 2423 855 θεντοπουλεύειν
2488 794 2702 847 dicitur
2755 794 2984 848 Graeciae
3028 794 3268 863 recenti,
3300 796 3471 864 cujus
3513 814 3624 853 usu

1978 901 2086 938 vox
2134 878 2342 941 ποῦλος
2405 882 2795 955 ὑποκοριστική
2860 888 2967 938 est.
3029 883 3103 938 Ut
3161 900 3298 955 ergo
3367 882 3625 955 αὐθέντης

1976 972 2327 1032 dominum.
2378 971 2461 1026 ita
2514 969 2953 1033 αὐθεντόπουλος
3006 990 3247 1044 parvum
3309 976 3620 1031 dominum

1976 1065 2167 1118 sonat.
2200 1062 2343 1116 Hinc
2381 1060 2728 1132 intelligitur
2760 1063 2913 1134 quod
2948 1063 3158 1119 scribit
3186 1065 3413 1130 Noster,
3440 1082 3495 1137 p.
3527 1067 3620 1135 24,

1974 1153 2043 1205 de
2082 1150 2493 1205 Muzalonibus
2524 1151 2714 1205 tribus
2743 1151 3021 1207 fratribus
3041 1152 3342 1208 Theodoro
3372 1154 3623 1225 impera-

1970 1240 2077 1295 tori
2102 1239 2318 1307 charis,
2351 1241 2506 1311 quod
2540 1240 2614 1305 ei,
2658 1256 2791 1294 cum
2836 1239 3092 1311 primum
3146 1257 3291 1313 puer
3335 1242 3619 1298 familiam

1969 1328 2358 1400 principalem
2394 1328 2610 1384 habere
2633 1328 2826 1399 coepit,
2868 1328 2925 1382 in
2973 1329 3229 1400 ephebos
3274 1330 3619 1386 bonorarios

1966 1420 2119 1475 datis
2152 1420 2428 1474 fuissent.
2461 1416 2693 1491 ’Ἀνδρας
2724 1418 2832 1472 οὐκ
2861 1417 3130 1493 εὐγενείας
3156 1419 3249 1489 μὲν
3285 1420 3614 1493 μετέχοντας

1962 1509 2025 1563 τὸ
2082 1510 2364 1583 παράπαν,
2426 1507 2501 1569 εἷς
2548 1506 2959 1572 παιδοπούλους
2991 1506 3048 1563 δὲ
3116 1508 3614 1564 αὐθεντοπουλευο-

1967 1600 2113 1671 μένῳ
2144 1596 2505 1671 τεταγμένους
2537 1597 2683 1669 αὐτῷ
2694 1641 2705 1654 .

2033 1691 2185 1746 549
2264 1687 2705 1760 Αὐτοπρόσωπον
2795 1687 3201 1764 ἀντιφάρμακον
3278 1706 3362 1761 p.
3431 1691 3603 1745 212.

203 1776 421 1831 fertam
456 1776 705 1847 plebem.
743 1776 870 1831 Hec
899 1778 1050 1832 dona
1081 1783 1246 1833 vocat
1287 1781 1481 1833 noster
1530 1774 1851 1850 ἁρπεδόνας,
1883 1809 1929 1873 Β
1962 1778 2335 1834 Provorbium
2369 1778 2638 1833 indicans
2669 1778 2986 1833 efﬁcaciam
3024 1780 3343 1849 praesentia
3377 1778 3431 1832 in
3483 1785 3607 1834 tra-

203 1881 337 1935 que
368 1882 477 1919 vox
504 1864 734 1937 proprie
760 1866 1052 1937 significat
1075 1866 1259 1921 lineas
1301 1871 1403 1921 aut
1452 1867 1620 1922 funes
1678 1868 1851 1923 hamo

198 1954 720 2025 praeﬁxos,quibus
752 1954 943 2025 pisces
974 1972 1120 2009 escae
1152 1954 1439 2010 inhiastes
1472 1956 1661 2010 infixa:
1687 1957 1854 2011 avide

194 2043 419 2097 voratis
452 2044 606 2114 capti
638 2043 956 2098 trahuntur
982 2045 1038 2097 in
1074 2045 1359 2115 piscantis
1391 2048 1853 2116 manum.Atque

193 2131 359 2187 haud
389 2132 512 2188 scio
543 2149 615 2187 an
650 2149 764 2187 non
798 2138 1103 2204 prapterea
1132 2133 1349 2188 lineam
1383 2134 1623 2189 divitem
1642 2135 1851 2204 hujus-

191 2221 361 2275 modi
391 2221 677 2290 gratuitas
695 2221 1000 2293 rapinasin
1025 2222 1253 2293 plebem
1278 2222 1590 2279 ambitiose
1610 2241 1852 2295 sparsas

195 2308 420 2364 alicubi
450 2309 740 2364 vocaverit
772 2310 1082 2376 Martialis,
1118 2312 1272 2381 quod
1306 2311 1399 2366 his
1457 2312 1619 2367 velut
1678 2312 1848 2368 lineis

194 2399 556 2470 piscatoriis,
592 2401 692 2455 sed
727 2400 920 2456 aureis
951 2406 1007 2456 et
1038 2400 1507 2466 amabilioribus,
1544 2402 1849 2457 hominum

196 2487 399 2543 studia
455 2492 513 2543 et
563 2488 895 2544 voluntates
956 2490 1291 2561 capiantur.
1346 2493 1694 2561 Quanquam
1744 2507 1849 2545 nec

195 2578 408 2649 ignoro
440 2594 547 2633 nec
569 2578 837 2649 improbo
870 2595 999 2650 quae
1029 2578 1144 2635 alia
1173 2580 1387 2635 eruditi
1418 2580 1767 2651 interpretes
1790 2580 1847 2635 in

197 2682 339 2721 eum
371 2666 560 2721 locum
597 2672 1090 2723 commentantur.

272 2754 455 2828 Ἀρχή
510 2773 566 2827 ρ.
628 2756 713 2811 17.
771 2756 1071 2812 Sententia
1128 2758 1236 2813 loc-i
1288 2757 1466 2829 exigit
1516 2756 1696 2831 ἀρχήν
1753 2757 1846 2813 hic

192 2845 394 2899 vocari
430 2843 624 2899 aulam
658 2845 779 2900 sive
810 2845 1151 2902 comitatum
1184 2846 1577 2919 imperatoris,
1610 2850 1711 2901 aut
1747 2863 1845 2901 ur-

192 2933 333 2989 bem
366 2932 597 3006 imperii
630 2935 850 2990 sedem.

270 3020 506 3095 Ἀτηρόν
542 3040 598 3094 p.
631 3024 755 3078 150.
788 3023 897 3079 Pro
928 3021 1130 3097 ἀτηρόν
1177 3024 1287 3080 hoc
1347 3024 1470 3080 loco
1532 3025 1846 3080 Vaticanus

194 3112 381 3167 codex
411 3111 617 3167 scribit
638 3109 906 3185 λυπηρόνε
943 3114 1137 3167 notius
1170 3113 1227 3167 id
1260 3114 1658 3169 enim.Noster
1686 3113 1846 3168 vide-

1964 1869 2193 1923 ctandis
2226 1868 2499 1939 negotiis,
2533 1868 2850 1940 praesertim
2878 1867 3441 1930 reconciliationum,
3477 1884 3604 1937 quae

1963 1957 2135 2029 longe
2150 1957 2325 2012 citius
2339 1962 2393 2012 et
2410 1956 2635 2012 facilius
2652 1974 2891 2012 acoram
2909 1957 3120 2011 atfanle
3138 1961 3193 2011 et
3211 1974 3275 2011 os
3296 1956 3606 2011 acvultum

1964 2052 2168 2103 notum
2203 2047 2513 2102 exhibente
2534 2047 2944 2118 transiguntur
2966 2063 3136 2115 quam
3154 2046 3226 2100 ob
3244 2047 3485 2101 absente
3510 2062 3611 2117 per

1960 2133 2191 2191 litteras
2225 2141 2326 2191 aut
2354 2136 2770 2191 internuntios.
2810 2137 2924 2190 Hoc
2955 2133 3231 2205 adagium
3260 2135 3317 2189 in
3352 2132 3609 2205 vulgatis

1961 2224 2407 2280 collectionibus
2431 2225 2692 2280 nondum
2726 2224 2937 2296 reperi.

2034 2312 2342 2386 Ἀψικορὲω
2371 2314 2558 2384 p.298.
2582 2313 2838 2369 Verbum
2874 2313 2979 2368 hoc
3006 2312 3078 2367 ab
3110 2311 3223 2366 alio
3255 2316 3603 2383 usurpatum

1956 2402 2153 2457 videre
2187 2420 2299 2457 non
2358 2402 2620 2458 memini.
2676 2404 2896 2457 Tamen
2959 2419 3027 2456 ex
3083 2402 3322 2471 vulgata
3373 2401 3602 2455 notione

1956 2493 2368 2547 vocabulorum
2402 2491 2662 2563 ἁψίκορος
2692 2496 2748 2547 et
2786 2488 3043 2563 ἁψικορία
3075 2489 3319 2555 Platoni,
3368 2489 3598 2543 Plutar-

1957 2581 2066 2636 cho
2099 2586 2157 2636 et
2190 2582 2446 2636 Luciano
2476 2583 2773 2649 tritorum,
2798 2580 2966 2635 facile
2988 2579 3251 2650 intelligo
3274 2585 3433 2634 recta
3456 2595 3595 2633 ana-

1954 2670 2111 2741 logia
2134 2672 2451 2726 formatum
2493 2672 2734 2726 verbum
2780 2670 3082 2741 ἁψικορεῖν,
3119 2668 3275 2739 quod
3327 2671 3493 2723 sonet
3537 2667 3597 2720 in

1956 2760 2285 2815 satietatem
2319 2760 2432 2815 cito
2462 2760 2661 2814 venire
2710 2759 2791 2813 rei
2852 2762 2952 2813 aut
3002 2774 3259 2827 personae
3318 2755 3592 2825 alicujus.

1954 2853 2202 2919 Perapte
2234 2850 2302 2903 ad
2339 2850 2688 2904 sententiam
2727 2848 2857 2913 loci,
2899 2863 3015 2917 quo
3065 2845 3431 2915 significatur
3480 2843 3596 2898 cito

1954 2942 2265 3008 pertaesum
2300 2936 2632 3007 imperatori
2664 2935 2937 2991 Germani
2990 2932 3359 3005 patriarchae,
3414 2948 3589 3002 quem

1952 3025 2131 3096 paulo
2161 3034 2293 3081 ante
2318 3030 2481 3081 tanto
2514 3026 2710 3080 studio
2742 3027 3125 3096 promoverat.

2024 3108 2282 3189 Βαρϐἀρα
2314 3133 2369 3186 p.
2400 3116 2527 3169 270.
2563 3115 2675 3169 Res
2696 3113 2915 3168 indicat
2944 3112 3242 3183 regionem
3277 3109 3595 3179 quamdam

188 3200 336 3255 licet
392 3204 653 3256 veterum
726 3202 1076 3274 scriptorum
1138 3198 1502 3259 abstrusiora
1550 3203 1847 3273 vocabula
1875 3198 1917 3223 “
1954 3209 2054 3258 aut
2084 3210 2309 3276 partem
2344 3202 2996 3274 Constantinopolitanae
3029 3202 3192 3255 urbis
3233 3204 3335 3255 aut
3382 3198 3593 3253 subur-

190 3288 483 3344 libentius
516 3296 783 3361 usurpat.
818 3290 1141 3363 Hesychius
1172 3290 1373 3365 ἀτηρόν
1416 3293 1652 3364 exponit
1709 3288 1843 3366 βλα-

192 3373 395 3450 ϐερόν.
457 3380 596 3434 Inde
652 3378 716 3433 fit
764 3377 1068 3453 ἀταρτηρός
1129 3397 1231 3453 per
1282 3382 1681 3453 epenthesim,
1736 3398 1845 3437 vox

189 3471 451 3523 Homero
508 3468 876 3539 Hesiodoque
933 3471 1334 3540 frequentata.
1385 3471 1729 3526 Eustathius
1769 3471 1840 3525 ad

188 3557 367 3613 Iliad.
400 3576 433 3609 α
492 3557 775 3630 originem
834 3559 993 3614 vocis
1050 3557 1250 3632 ἀτηρόν
1311 3559 1473 3615 ducit
1526 3577 1559 3615 a
1607 3559 1841 3614 nomine

183 3647 295 3713 ἄτη
322 3662 493 3711 noxa,
547 3645 878 3711 calamitas,
922 3648 1225 3703 damnum.
1276 3652 1423 3704 Cave
1472 3649 1839 3719 obtemperes

183 3736 657 3792 Constantinoin
692 3736 1138 3806 Lexicojubenti
1172 3755 1272 3809 pro
1296 3734 1498 3810 ἀτηρός
1523 3737 1840 3792 rescribere

171 3824 437 3897 ἀτειρής.
473 3826 609 3890 Quae
643 3825 788 3880 mihi
821 3843 1000 3882 causa
1034 3827 1140 3881 fuit
1170 3826 1291 3881 baac
1321 3827 1430 3881 hoc
1460 3826 1586 3881 loco
1636 3826 1837 3880 admo-

182 3912 406 3978 nendi,
466 3913 683 3985 alioqui
739 3915 985 3971 tacituro
1044 3917 1115 3971 de
1171 3932 1309 3971 voce
1366 3912 1589 3989 ἀτηρός,
1650 3918 1714 3969 ut
1771 3930 1839 3969 ex

175 4001 413 4074 vulgari
447 4003 658 4058 veteris
690 4003 1032 4059 Hellenismi
1067 4005 1275 4060 notitia
1317 4004 1459 4059 satis
1509 4007 1835 4075 perspecta.

260 4087 572 4145 Αττάλλειν
601 4110 657 4163 ρ.
705 4093 794 4148 44.
846 4094 984 4165 Agit
1042 4094 1123 4149 ibi
1180 4093 1429 4163 loquens
1487 4092 1710 4149 Muzalo
1765 4093 1837 4147 de

182 4197 375 4252 puero
404 4180 630 4236 Joanne
664 4184 1143 4253 Augusto;quem
1169 4200 1234 4238 eo
1260 4183 1518 4238 subditis
1532 4180 1834 4236 amabilio-

178 4286 311 4325 rem
342 4269 530 4324 videri
563 4270 774 4325 debere
818 4270 919 4340 ait,
982 4272 1137 4341 quod
1199 4288 1303 4343 per
1360 4276 1590 4326 aetatem
1642 4269 1833 4325 adhuc

174 4358 535 4429 simplicem,
569 4359 695 4416 sine
728 4359 884 4425 fuco,
928 4360 1137 4432 puerili
1181 4359 1496 4415 securitate
1536 4362 1830 4431 operetur.

173 4449 289 4503 Est
320 4444 858 4519 duﬂlswﬁnquit
906 4448 1248 4504 Eustathius
1308 4451 1379 4504 ad
1438 4450 1601 4505 Iliad.
1662 4444 1712 4516 δ,
1773 4444 1832 4500 ἐκ

172 4539 279 4589 τοῦ
345 4529 519 4603 ἅττειν
578 4536 664 4590 καὶ
720 4534 1006 4594 ἅλλεσθαι.
1055 4539 1215 4602 Quod
1277 4538 1428 4594 idem
1490 4537 1702 4609 repetit
1758 4537 1830 4591 ad

178 4624 362 4681 Iliad.
416 4644 459 4689 ι,
494 4625 715 4681 addens
775 4627 847 4682 ob
907 4627 1264 4697 euphoniam
1325 4627 1562 4698 dempto
1629 4644 1745 4682 uno
1800 4645 1830 4678 τ

170 4712 360 4770 scribi
396 4710 677 4781 ἂτάλλειν,
710 4716 866 4786 quod
900 4720 1092 4771 tamen
1154 4720 1359 4771 Noster
1418 4716 1510 4771 hic
1570 4733 1683 4772 non
1743 4719 1833 4771 est

170 4806 447 4858 secutus.
483 4802 667 4857 Sonat
699 4812 891 4858 autem
928 4803 985 4859 id
1017 4805 1259 4859 verbum
1314 4820 1545 4860 movere
1594 4822 1659 4860 ac
1708 4821 1833 4875 pro-

172 4892 301 4947 fere
322 4906 389 4945 se
419 4891 601 4946 libere
652 4891 711 4946 in
764 4908 1000 4948 omnem
1063 4898 1311 4964 partem,
1359 4896 1581 4949 natura;
1634 4892 1834 4948 indul—

172 4979 400 5053 gendo,
428 4978 574 5034 citra
605 4985 831 5036 metum
866 4986 967 5036 aut
1000 4986 1369 5053 respectum;
1419 4983 1573 5053 quod
1627 4988 1682 5037 et
1729 4982 1831 5037 be-

171 5070 433 5125 stiarum
465 5072 555 5123 est
585 5074 642 5124 et
674 5087 1172 5142 puerorum,quos
1200 5074 1459 5127 nondum
1494 5072 1643 5127 ratio
1676 5086 1832 5126 com-

174 5157 393 5231 pescit.
424 5158 793 5214 Vocabulum
830 5159 1002 5231 plane
1036 5160 1480 5232 Pachymeriani
1512 5160 1689 5231 genii,
1713 5159 1832 5229 pri-

174 5263 355 5303 scum
390 5246 754 5318 populariter
784 5249 1167 5320 loquentibus
1200 5251 1567 5318 musitatum,
1600 5266 1628 5304 e
1662 5248 1830 5304 scho-

173 5336 375 5392 liastis
408 5341 711 5407 poetarum
748 5338 804 5393 in
838 5339 1144 5395 historiam
1176 5339 1502 5395 intextum:
1554 5339 1832 5412 qualibus

171 5425 277 5481 hic
309 5430 519 5481 auctor
552 5426 903 5485 delectatur.

250 5636 330 5710 (4)
362 5638 450 5696 Cf.
485 5639 744 5699 Glossar.
779 5643 1028 5700 alterum
1062 5659 1115 5699 v.
1149 5641 1684 5716 Ἀρματοφυλάκιον.

1944 3293 2174 3349 biorum
2232 3295 2357 3362 ejus
2418 3294 2737 3347 Barbaram
2799 3291 3020 3346 dictam
3056 3331 3069 3355 ,
3132 3290 3278 3344 forte
3312 3305 3345 3342 a
3400 3286 3591 3341 vicino

1943 3381 2163 3453 templo
2197 3386 2254 3438 S.
2291 3382 2551 3436 barbarie
2582 3380 2825 3452 martyri
2857 3380 3223 3434 dicato.Sane
3241 3374 3587 3433 Constanti-

1943 3471 2138 3542 nopoli
2174 3471 2354 3545 fuisse
2384 3469 2669 3541 templum
2705 3469 2931 3524 celebre
2964 3470 2997 3522 S
3027 3467 3292 3521 Barbarae
3326 3466 3586 3530 nomine,

1942 3560 2109 3615 docet
2143 3562 2345 3615 Petrus
2379 3560 2614 3627 Gillius,
2646 3558 2683 3612 l.
2721 3576 2782 3623 ιι,
2816 3575 2863 3612 c.
2898 3558 2934 3611 2
2965 3553 3387 3627 Topographiaa
3436 3552 3585 3607 Con-

1943 3648 2377 3720 stantinopol.,
2444 3649 2597 3720 quod
2654 3646 2882 3702 videtur
2931 3644 3214 3700 collocare
3273 3643 3332 3696 in
3394 3642 3586 3713 prima

1944 3737 2197 3809 regione.
2251 3737 2398 3803 Quia
2452 3753 2587 3792 vero
2651 3736 2759 3790 hoc
2797 3730 3148 3807 κελλύδριον,
3183 3733 3254 3787 de
3312 3748 3429 3803 quo
3489 3730 3585 3785 hic

1942 3830 2393 3902 agitur,dicitur
2426 3829 2603 3883 fuisse
2652 3827 2885 3881 mirifici
2936 3824 3177 3883 Nicolai.
3228 3823 3339 3877 hoc
3388 3826 3476 3877 est
3534 3820 3586 3875 ei

1941 3919 2199 3974 dicatum
2252 3922 2308 3972 et
2366 3933 2435 3971 ex
2485 3933 2551 3971 eo
2611 3918 3044 3985 nuncupatum,
3102 3910 3389 3980 suspicari
3452 3908 3588 3962 licet

1940 4008 2201 4080 proxime
2220 4006 2368 4061 illud
2385 4005 2701 4060 adhaesisse
2715 4002 2931 4073 templo
2946 4002 3005 4056 in
3029 4001 3300 4055 honorem
3319 3998 3584 4067 ejusdem

1938 4098 1991 4151 S.
2026 4095 2245 4150 Nicolai
2291 4112 2323 4148 a
2356 4094 2693 4149 Justiniano
2744 4091 2885 4145 olim
2941 4092 3225 4153 extructo,
3286 4091 3352 4141 ut
3408 4086 3585 4139 refert

1938 4186 2279 4256 Procopius,
2311 4183 2352 4249 l,
2374 4201 2392 4238 1
2424 4185 2498 4239 De
2526 4181 2798 4251 aediﬁciis,
2829 4197 2880 4235 c.
2911 4181 2966 4234 6.

2009 4270 2414 4346 Βαρδαρειῶται
2448 4290 2504 4345 p.
2536 4269 3039 4340 32LCorrigenda
3084 4267 3229 4322 forte
3282 4265 3360 4321 sit
3405 4263 3586 4333 hujus

1934 4365 2092 4420 vocis
2125 4363 2437 4435 scriptura,
2500 4365 2723 4415 mutato
2756 4379 2801 4412 ει
2856 4359 2915 4413 in
2949 4378 2984 4427 ι,
3037 4373 3105 4411 ex
3135 4354 3377 4420 Codino,
3424 4370 3474 4408 c.
3525 4354 3579 4417 5,

1944 4453 2042 4509 ubi
2073 4458 2384 4524 postquam
2414 4450 2887 4506 Bardariotarum
2919 4446 3197 4502 vestitum
3229 4448 3284 4499 et
3316 4442 3587 4497 ministe-

1946 4543 2097 4597 rium
2132 4540 2428 4612 explicuit.
2456 4541 2527 4594 de
2559 4539 2631 4593 iis
2662 4537 2784 4592 hzec
2806 4530 3385 4605 subjungitz'l‘oo'rouc
3414 4527 3585 4584 πᾶλαι

1941 4630 2145 4704 Πέρσας
2222 4627 2357 4682 κατὰ
2413 4628 2569 4701 γένος
2622 4626 2650 4679 ὁ
2708 4621 2963 4698 βασιλεὺς
3033 4619 3343 4693 μετοικίσας
3389 4617 3585 4673 ἐκεῖθεν

1941 4718 2017 4780 εἷς
2071 4717 2164 4772 τὸν
2243 4714 2546 4791 Βαρδάριον
2622 4713 2835 4776 ἐκάθισε
2889 4712 3156 4784 ποταμὸν,
3233 4709 3320 4786 ἀφ’
3377 4708 3437 4762 οὗ
3495 4706 3586 4761 καὶ

1943 4804 2314 4883 Βαρδαριῶται
2370 4808 2689 4859 καλοῦνται.
2741 4808 2853 4859 Hos
2905 4817 3103 4873 genere
3157 4806 3357 4855 Persas
3407 4799 3585 4869 impe-

1944 4902 2102 4954 rator
2159 4896 2285 4951 inde
2326 4894 2627 4951 translatos
2682 4892 2969 4949 constituit
3022 4907 3198 4962 prope
3241 4889 3587 4944 Bardarium

1943 5002 2198 5052 omnem,
2254 5001 2325 5040 ex
2382 5000 2486 5055 quo
2534 4982 2853 5039 Badariotae
2898 4983 3200 5036 vocantur.
3261 4978 3581 5033 Bardarum

1944 5077 2097 5131 hunc
2127 5091 2357 5130 amnem
2419 5072 2675 5145 appellat
2732 5076 2902 5125 Anna
2930 5070 3249 5134 Comnena,
3280 5068 3318 5123 l.
3356 5084 3458 5138 i,p.
3492 5069 3583 5133 18,

1945 5160 2199 5231 ubi_eum
2235 5159 2514 5215 describit
2538 5162 2595 5212 et
2644 5157 2705 5211 in
2764 5154 3071 5212 Thessalia
3100 5152 3368 5218 collocat,
3402 5151 3487 5206 uti
3529 5156 3587 5206 et

1944 5254 2298 5305 nostereum
2333 5245 2731 5303 memoransl.
2792 5262 2836 5311 ι,
2885 5261 2934 5300 c.
2998 5244 3084 5298 10.
3147 5243 3290 5297 Eum
3355 5241 3586 5296 Nicetas

1946 5338 2113 5392 initio
2146 5337 2189 5392 1.
2221 5354 2285 5392 ιιι
2310 5337 2540 5391 videtur
2598 5332 2814 5402 νΑξειειν
2874 5338 3099 5389 Axeum
3150 5346 3375 5385 vocare.
3425 5326 3587 5380 Veri-

1945 5426 2141 5484 simile
2170 5431 2261 5483 est
2289 5426 2879 5498 Pachymerem,cum
2898 5416 3311 5495 Βαρδαρειώτας
3328 5413 3585 5485 scripsit.
