3978 6182
457 249 606 349 ,1011

1526 293 1588 342 Ρ.
1632 287 1908 344 POSSINI
1945 288 2555 347 OBSERVATIONUM
2592 292 2706 346 LIB
2770 293 2817 344 Ι.

3635 298 3738 357 1012

469 418 527 472 id
559 415 776 488 gentile
799 428 1012 468 nomen
1045 427 1162 466 non
1197 427 1264 466 ex
1301 411 1594 468 Bardario'
1621 409 1846 478 Codini,
1903 410 2002 466 sed
2057 425 2125 465 ex

2263 414 2552 486 triginalio
2602 413 2708 469 ἀπὸ
2737 416 2835 468 τοῦ
2887 413 3014 488 βοᾷν
3066 417 3124 470 et
3172 409 3392 486 βοάζειν,
3438 416 3561 474 unde
3596 421 3743 482 rectior

476 504 726 558 Bardaro
772 505 942 556 Annae
977 502 1280 570 formasse;
1315 503 1470 557 unde
1503 505 1658 556 recta
1687 499 1956 572 analogia
1985 501 2123 571 Βαρ-

475 586 667 662 δαρεύς
704 595 760 645 et
790 587 1114 665 Βαρὸάρειος
1167 590 1347 647 fluere
1397 598 1660 663 possunt.
1725 587 1866 644 Utut
1922 589 1999 643 sit
2054 587 2124 642 de

468 679 778 748 vocabulo,
811 681 882 736 de
914 697 972 736 re
1006 681 1134 753 ipsa
1164 685 1411 748 constat,
1445 684 1676 753 gentem
1709 679 1861 734 hanc
1899 676 2124 748 origine

471 766 788 838 Persicam,
824 769 1120 826 domicilio
1168 770 1494 840 Tessalam,
1539 770 1612 825 ab
1669 767 2124 840 imperatoribus

473 856 797 914 Bizantinis
830 863 931 914 aut
961 859 1132 915 etiam
1169 861 1510 932 proceribus
1534 860 1743 916 horum
1767 855 2122 927 consangui-

473 949 601 1001 neis
637 947 903 1004 adhiberi
937 948 1171 1005 solitam
1209 950 1280 1005 ad
1339 955 1563 1005 certum
1622 964 1808 1022 genus
1865 943 2128 1001 satellitii

473 1036 731 1107 propriis
766 1037 1103 1110 insignibus
1135 1037 1418 1106 distincti,
1453 1055 1518 1094 eo
1557 1039 1738 1093 ferme
1782 1036 1955 1090 modo
2012 1049 2128 1104 quo

476 1124 774 1198 principes
807 1127 1071 1199 Europaei
1106 1127 1280 1184 hodie
1307 1126 1581 1183 Helvetiis
1617 1131 1885 1181 utuntur.

554 1224 656 1296 [P.
714 1225 861 1299 275]
933 1225 1406 1303 Βασιλογραφεῖον
1462 1243 1497 1298 p
1532 1269 1546 1282 .
1605 1225 1746 1279 492.
1807 1224 1894 1277 Ita
1942 1220 2129 1276 codd.

479 1329 724 1381 omnes,
796 1315 971 1371 etiam
1033 1316 1390 1373 Vaticanus.
1463 1316 1623 1371 Unde
1681 1310 2130 1384 intelligendum

481 1402 703 1458 crimen
733 1404 916 1460 libelli
965 1409 1185 1462 contra
1217 1407 1633 1478 imperatorem
1696 1401 1922 1472 scripti,
1977 1397 2132 1463 lecti,

481 1490 670 1546 habiti
727 1493 1008 1562 peculiari
1068 1494 1352 1550 vocabulo
1427 1490 1884 1566 βασιλογραφεῖον
1954 1486 2136 1542 fuisse

483 1586 778 1648 vocatum,
812 1586 869 1638 et
891 1583 942 1638 ei
975 1584 1179 1639 mortis
1207 1600 1438 1656 poenam
1471 1581 1875 1638 constitutam.

560 1678 716 1734 550
772 1673 1069 1752 Βεϐράναις
1125 1699 1196 1753 p.
1256 1682 1378 1736 492.
1444 1682 1533 1735 Ita
1595 1676 1958 1735 concorditer
2014 1676 2136 1728 tres

2244 503 2513 576 analogia
2543 505 2740 576 potius
2774 503 3018 578 βοασμόν
3051 503 3372 559 formaverit
3405 521 3546 576 quam
3572 507 3746 581 βοασκόν.

2314 594 2523 675 Γαϐρᾶς
2570 619 2627 674 p.
2658 603 2784 658 282.
2839 602 3074 657 Invenio
3127 593 3304 674 Γάϐρα
3346 618 3521 658 nomen
3572 605 3747 663 civitatis

2243 689 2490 746 Persicae
2513 692 2669 763 apud
2692 690 3092 759 Ptolemaeum;
3115 707 3183 746 ex
3197 706 3311 761 qua
3329 692 3542 760 majores
3558 697 3750 750 Germani

2245 780 2610 849 patriarcha,
2652 781 2722 836 de
2775 798 2890 853 quo
2949 780 3043 835 hic
3105 778 3319 852 agitur,
3367 784 3501 834 ortos
3555 784 3750 853 Oportnit.

2253 869 2538 925 Caeterum
2596 871 2744 926 ratio
2802 867 3122 931 ἀντιθέσεως
3181 868 3422 939 exigeret
3465 874 3517 922 ut
3561 886 3588 923 a
3630 869 3757 926 Graba

2246 957 2467 1028 gentile
2499 975 2713 1015 nomen
2749 961 3119 1026 formaretur,
3163 957 3315 1029 quod
3371 958 3672 1028 responderet
3709 963 3757 1027 τῷ

2253 1044 2475 1114 Λάζοςς
2507 1048 2572 1116 (Ρ
2602 1048 2728 1120 376)
2786 1048 2900 1104 nisi
2958 1053 3158 1104 noster
3213 1039 3409 1119 Γαϐρᾶς
3449 1045 3502 1100 in
3536 1051 3654 1100 recto
3693 1064 3759 1117 pro

2253 1127 2490 1209 Γαϐρεύς
2518 1142 2620 1192 aut
2651 1131 2916 1213 Γαϐραῖος
2947 1137 3230 1210 posuerit,
3273 1151 3460 1190 norma
3485 1134 3678 1205 quadam
3693 1151 3760 1190 sua

2257 1225 2513 1296 propria,
2546 1231 2611 1282 ut
2636 1231 2798 1283 amat
2828 1244 2962 1284 cum
2993 1226 3198 1299 paucis
3229 1224 3403 1297 loqui.

2323 1321 2637 1394 Γασμοῦλοι
2722 1329 2780 1380 et
2854 1321 3232 1396 Γασμουλικόν
3303 1339 3335 1394 p
3367 1363 3377 1376 .
3431 1321 3553 1375 309.
3614 1318 3766 1390 Vulgus

2252 1409 2636 1482 Byzantinum
2670 1413 2958 1486 Hybridas
2976 1431 3045 1469 ex
3071 1412 3292 1468 Latinis
3314 1408 3770 1480 patribus,matribus

2252 1500 2465 1555 Graecis
2488 1507 2655 1556 natos
2685 1504 2832 1559 551
2861 1498 3215 1577 γασμούλους
3240 1515 3434 1555 vocare
3473 1501 3771 1561 consueverat,

2257 1591 2321 1641 ut
2349 1590 2521 1645 docet
2553 1608 2656 1647 nos
2679 1592 2788 1649 hoc
2817 1592 2938 1648 loco
2971 1591 3200 1647 Noster.
3232 1589 3397 1660 Origo
3442 1586 3558 1644 talis
3598 1583 3775 1656 appella-

2255 1676 2432 1733 tionis
2463 1680 2688 1736 incerta
2716 1681 3129 1754 est.Suspicari
3151 1686 3347 1735 tamen
3371 1678 3492 1734 licet
3523 1675 3717 1731 allusum
3742 1671 3775 1724 in

487 1767 661 1822 codd.
699 1768 814 1824 nisi
846 1771 1000 1840 quod
1035 1770 1165 1827 Vat.
1201 1771 1273 1825 ad
1309 1763 1594 1844 βεϐράναις
1628 1767 1792 1823 addit
1836 1759 2134 1836 συμπίσσῖιι

2263 1781 2322 1820 ea
2344 1767 2413 1821 ad
2438 1785 2635 1825 vocem
2663 1771 2925 1826 Latinam
2955 1771 3142 1825 mulus
3167 1768 3381 1826 Graecis
3401 1766 3550 1822 etiam
3566 1763 3778 1818 usitatam.

487 1855 709 1913 omissa
767 1875 904 1914 voce
960 1855 1116 1917 οὖσι.
1174 1859 1413 1930 Voluit,
1479 1859 1721 1931 opinor,
1785 1869 1997 1926 ponere
2045 1849 2136 1903 σὺν

494 1943 686 2019 πίσσῃ,
721 1952 786 2003 ut
821 1948 1178 2021 signiﬁcaret
1210 1950 1395 2021 picem
1456 1948 1714 2003 additam
1780 1940 2138 2000 membranis

497 2036 737 2092 urendis
788 2054 969 2110 supra
1019 2044 1196 2111 caput
1252 2038 1546 2104 Caloidaa;
1599 2036 1699 2108 qui
1767 2034 1850 2090 sic
1911 2029 2140 2104 capillis

496 2126 739 2184 flamma
772 2130 1065 2203 applicata
1099 2130 1382 2202 correptis
1415 2134 1736 2186 excecatus
1795 2126 1975 2181 miser
2029 2126 2135 2178 est.

496 2209 790 2291 Βεϐράναις
846 2224 987 2290 puto
1061 2219 1285 2276 dictum
1354 2237 1460 2292 pro
1520 2212 1815 2291 μεϐράναις
1879 2232 1948 2270 ex
2003 2227 2140 2267 voce

499 2306 706 2362 Latina
736 2309 1096 2365 membranae:
1127 2309 1268 2381 quid
1297 2309 1450 2365 enim
1483 2305 1930 2378 aliudsuspicer
1949 2304 1976 2357 ‘?
1999 2299 2141 2374 quin

497 2395 727 2452 nisime
758 2397 1077 2454 deterreret
1130 2415 1458 2455 consensus
1503 2398 1794 2466 codicum,
1847 2393 2139 2450 crederem

499 2500 693 2540 errore
714 2484 1098 2542 librariorum
1124 2487 1478 2559 scriptorum
1507 2479 1791 2560 βεϐράναις
1824 2499 1924 2553 pro
1951 2472 2144 2552 μεδεδῶ

499 2591 640 2642 ναις,
674 2590 740 2629 eo
773 2575 1175 2645 deceptorum,
1205 2576 1358 2646 quod
1390 2575 1448 2629 in
1481 2575 1690 2647 primis
1712 2569 2144 2642 exemplaribus

507 2662 664 2717 unde
691 2667 1077 2735 exscripsere,
1111 2664 1173 2717 τὸ
1211 2663 1241 2737 β
1272 2681 1339 2720 ea
1393 2665 1581 2736 figura
1629 2663 1964 2734 pingeretur
2015 2673 2142 2728 quae

504 2767 713 2822 parum
749 2752 934 2808 distat
964 2770 996 2808 a
1043 2773 1100 2825 μ.
1154 2753 1274 2808 Ηοο
1334 2753 1458 2808 fieri
1502 2752 1848 2824 plerumque
1904 2747 2143 2803 solitum

504 2857 655 2909 esse,
690 2849 907 2897 norunt
941 2842 1040 2914 qui
1076 2843 1135 2898 in
1159 2843 1426 2898 codicum
1460 2843 1788 2898 Graecorum
1819 2855 1996 2894 manu
2019 2853 2143 2892 exa-

501 2934 764 2986 ratorum
821 2932 1066 2988 fectione
1097 2933 1312 2988 versati
1343 2936 1501 3002 sunt,
1527 2932 1740 2987 Locum
1766 2944 1936 3001 porro
1964 2925 2145 2990 hunc,

506 3024 572 3074 ut
605 3019 666 3075 in
692 3021 819 3076 cod.
859 3022 1099 3078 duobus
1137 3023 1175 3077 B
1207 3026 1263 3078 et
1293 3026 1338 3076 A
1388 3021 1713 3094 legebatur,
1745 3015 2147 3074 mandandum

507 3125 575 3164 ex
604 3108 885 3166 Vaticano
916 3111 1136 3182 putavi,
1171 3111 1442 3167 restituto
1473 3110 1533 3165 in
1566 3109 1761 3165 locum
1810 3105 1970 3162 verbi
2028 3099 2140 3156 οὖσι

505 3200 583 3268 τῷ
615 3195 707 3250 σὺν
758 3197 944 3267 πίσση,
1012 3201 1168 3271 quod
1227 3199 1329 3255 ille
1381 3198 1645 3272 suggerit
1696 3196 1844 3253 satis
1893 3195 1965 3251 ad
2024 3208 2148 3248 rem

508 3286 748 3343 faciens.

576 3367 785 3436 Βὲκλας
857 3394 927 3448 p.
977 3377 1086 3432 28.
1145 3376 1216 3430 Τὸ
1285 3370 1496 3448 συμϐὰν
1554 3374 1641 3429 ἐπὶ
1689 3377 1768 3445 τῷ
1819 3369 1991 3426 πάλαι
2047 3369 2148 3427 Βὲ-

507 3460 668 3524 κλας.
694 3464 1012 3521 Notissima
1036 3469 1126 3521 est
1157 3468 1410 3538 impostu
1423 3484 1482 3522 ra
1513 3463 1847 3535 Photii.qua
1867 3461 1960 3518 sui
1991 3477 2154 3517 revo-

507 3551 796 3608 cationem
830 3554 902 3609 ab
933 3555 1136 3612 exsilio
1162 3555 1498 3611 eblanditus
1519 3558 1609 3610 est
1629 3572 1662 3609 a
1682 3554 1921 3624 decepto
1943 3549 2152 3606 Basilio

508 3640 862 3711 imperatore
892 3642 1161 3700 fabulosa
1190 3644 1319 3715 ejus
1344 3643 1684 3716 genealogis
1713 3638 2041 3713 supposita,
2091 3637 2150 3692 in

511 3743 628 3799 qua
657 3729 853 3800 ipsum
889 3730 1173 3787 Basilium
1216 3733 1556 3804 prOphetice
1587 3732 1961 3803 designatum
1993 3744 2152 3784 com-

511 3819 939 3878 miniscebatur
989 3823 1272 3880 vocabulo
1329 3826 1548 3895 Beclasj
1571 3825 1818 3880 formato
1862 3839 1892 3878 e
1944 3819 2152 3892 primis

508 3908 725 3966 litteris
757 3911 1068 3967 nominum
1097 3913 1293 3969 Basilii
1317 3913 1658 3985 ipsius,tum
1682 3911 1861 3983 hujus
1884 3907 2152 3980 conjugis

510 3999 797 4069 Eudociaa,
833 4000 1090 4056 filiorum
1126 4007 1404 4074 preterea
1450 4003 1639 4074 ipsius
1679 4006 1952 4073 quatuor.
1997 3998 2150 4053 Con-

510 4089 777 4156 stantini,
842 4089 1073 4157 Leonis,
1133 4091 1482 4157 Alexandri,
1543 4091 1981 4164 Stephani.,Ea
2024 4089 2152 4143 fuse

504 4181 822 4232 narrantur
851 4195 884 4232 a
912 4177 1111 4234 Niceta
1141 4180 1200 4234 in
1238 4180 1369 4235 Vita
1419 4185 1475 4235 S.
1535 4181 1749 4252 Ignatii
1805 4178 2152 4252 patriarchas

507 4264 616 4320 CP.
650 4271 708 4320 et
728 4283 762 4321 a
790 4266 1185 4324 Constantino
1217 4269 1508 4326 Manasse.

577 4359 865 4436 Βλάγκαρ.
898 4365 1032 4421 365.
1062 4364 1132 4419 Τὸ
1165 4362 1224 4420 δὲ
1253 4365 1390 4440 πρὸς
1447 4366 1539 4421 τὸν
1590 4363 1834 4442 Βλάγκα.
1884 4367 1970 4423 lta
2025 4366 2150 4421 cod.

504 4451 861 4510 Allatianus.
925 4455 1283 4514 Barberinus
1341 4474 1473 4514 vero
1510 4457 1572 4511 τὸ
1604 4457 1739 4531 πρὸς
1791 4460 1870 4528 νῷ
1925 4452 2151 4529 Blatqu

2257 1854 2404 1925 Lego
2449 1858 2604 1914 enim
2666 1861 2724 1915 in
2759 1859 2989 1915 Basilio.
3025 1859 3218 1930 Eclog,
3267 1857 3332 1913 19
3367 1872 3380 1911 :
3417 1854 3505 1908 Καὶ
3534 1853 3558 1905 ὁ
3588 1844 3778 1922 paullum,

2257 1940 2345 1998 ἐὰν
2406 1941 2453 1998 δ’
2508 1945 2754 2022 ἀπειρίαν
2834 1947 2926 2003 καὶ
2975 1942 3248 2012 ἀσθένειαν
3311 1943 3405 2000 οὐκ
3454 1938 3669 2017 ἐκράτησε
3706 1938 3774 1989 τῶν

2261 2031 2508 2104 μουλῶνε
2543 2040 2608 2092 Et
2629 2040 2824 2106 mulio,
2855 2039 2907 2093 si
2924 2039 2990 2095 ob
3022 2037 3362 2109 imperitiam
3388 2034 3465 2090 vel
3492 2029 3777 2102 inﬁrmitatem

2254 2125 2434 2179 mulos
2463 2134 2559 2181 aut
2589 2128 2770 2182 mulas
2811 2136 2989 2183 tenere
3012 2122 3487 2199 nequiverit.0uia
3513 2134 3625 2190 ergo
3650 2112 3780 2169 multis

2261 2205 2465 2286 διγινὶς
2519 2219 2608 2270 est
2637 2216 2878 2285 animal,
2922 2233 2988 2272 ex
3021 2214 3436 2272 commistione
3471 2211 3678 2266 duarum
3699 2215 3784 2272 ape-

2259 2301 2481 2358 cierum
2515 2308 2743 2372 natum,
2774 2323 2842 2362 ex
2863 2306 2992 2376 ejus
3017 2303 3304 2370 vocabulo
3323 2299 3491 2359 Graeci
3512 2289 3785 2353 formaverint

2265 2407 2481 2448 nomen
2514 2410 2628 2466 quo
2659 2397 3052 2467 exprimerent
3091 2394 3252 2450 istud
3288 2407 3465 2465 genus
3497 2383 3788 2459 Hybridaer

2262 2482 2760 2557 Constantinopoli
2793 2489 2988 2541 ortum
3014 2500 3084 2540 ex
3113 2479 3786 2563 conjugiisGraecarum‘cut'n

2265 2569 2510 2626 Latinis.
2544 2553 2824 2629 Universa
2855 2590 3024 2646 porro
3056 2553 3268 2628 talium
3319 2568 3468 2626 natio
3513 2553 3788 2652 resticulam:

2263 2659 2590 2718 dicebatur.
2626 2643 2982 2736 Pachynier.,
3007 2681 3064 2736 p.
3097 2663 3220 2716 188:
3256 2662 3344 2730 Τῷ
3375 2654 3430 2712 δέ
3455 2675 3509 2730 γε
3531 2643 3794 2720 Γασμουλυίῷ

2262 2749 2354 2811 οὓς
2410 2748 2478 2819 δὴ
2538 2752 2877 2826 συμμίκτους
2933 2755 2968 2823 ἡ
3025 2757 3131 2808 τῶν
3188 2750 3413 2807 Ἰταλῶν
3457 2743 3602 2801 εἴπειε
3622 2736 3795 2826 vtinam-

2263 2839 2392 2896 Non
2461 2825 2850 2900 dissimulabo
2926 2845 3283 2900 Vaticanum
3347 2838 3582 2895 codicem
3639 2831 3683 2884 in
3730 2825 3796 2878 hoc

2264 2931 2523 2986 secundo
2553 2931 2678 2987 loco
2709 2933 2870 3004 (nam
2903 2934 3060 3005 prior
3090 2951 3146 3005 p.
3177 2932 3312 2999 309,
3361 2929 3419 2984 in
3463 2942 3524 2982 eo
3565 2935 3656 2978 non
3692 2927 3794 2970 com-

2267 3019 2452 3090 paret)
2497 3021 2847 3077 vocabulum
2907 3021 3065 3078 istud
3098 3037 3200 3094 per
3266 3017 3568 3076 secundam
3619 3008 3796 3100 litterati!

2267 3088 2562 3165 inchoare:
2599 3111 2887 3182 scriptum
2920 3111 3076 3166 enim
3099 3088 3350 3165 exhibet
3385 3108 3462 3177 τῷ
3518 3088 3796 3182 βασμουλίῗίξῖθ·

2267 3197 2512 3269 Reperio
2545 3178 3001 3256 etiam—Nicetam
3033 3199 3380 3256 Choniatem
3427 3194 3523 3250 lib.
3566 3205 3619 3282 in
3658 3184 3701 3282 iu
3729 3178 3801 3234 ΜΡ

2268 3287 2438 3344 nuele
2450 3289 3205 3357 Comneno,describentem
3220 3290 3380 3344 idem
3395 3298 3567 3359 genus
3579 3281 3797 3334 hominum.
3878 3281 3879 3346 1

2279 3375 2630 3450 βασμουΛοὺς
2677 3397 2792 3436 non
2842 3376 3200 3455 γασμούλους
3249 3392 3472 3434 vocare.
3520 3366 3801 3456 Pachl'mirfi's

2272 3471 2467 3524 tamen
2495 3469 2551 3524 in
2586 3451 3094 3544 utroque-meliori
3129 3469 3333 3526 codice
3389 3465 3640 3521 constans
3673 3451 3797 3544 estw

2271 3556 2380 3613 hoc
2430 3559 2667 3616 nomine
2725 3535 2829 3633 per
2885 3561 3120 3617 tertiam
3181 3559 3441 3615 litteram
3506 3535 3802 3639 augsplcfndo“

2272 3644 2471 3702 Utrius
2491 3631 2801 3720 praevalere
2815 3637 3612 3716 debeatauctoritas,arbitrio
3623 3631 3801 3693 relinlluo

2265 3737 2574 3806 prudentis
2607 3738 2862 3796 lectoris.

2338 3833 2750 3905 Γονικευθείσης
2811 3853 2872 3908 p.
2942 3837 3066 3892 164.
3125 3835 3214 3891 Ita
3273 3833 3405 3890 cod.
3464 3810 3804 3910 uterque?“

2267 3921 2330 3977 Δ.
2388 3923 2709 3981 Vaticanus
2739 3930 2983 3982 autem:
3044 3923 3231 3996 τρίτον
3282 3920 3418 3995 ὅπερ
3475 3916 3537 3985 ἦν
3579 3912 3807 3996 tineae?“
3878 3961 3879 3996 γ

2265 4015 2365 4079 τῆς
2393 4017 2498 4087 γῆς
2525 4018 2644 4075 τοῖς
2701 3989 3157 4087 Θεληματαρίοὶς.
3207 3989 3470 4087 Αρρηῦει
3521 3989 3808 4091 verbum.“

2271 4086 2900 4175 esseagrimensorum
2924 4086 3062 4160 arva
3092 4086 3486 4159 dividentium
3505 4098 3557 4152 et
3570 4105 3659 4148 sua
3672 4086 3809 4148 cuii“

2269 4191 2700 4264 assignantium
2726 4195 2957 4266 jugera.
2999 4193 3309 4266 Nusquam
3361 4186 3499 4246 alibi
3529 4184 3622 4239 hoc
3643 4175 3811 4266 νοαξῧηξ

2267 4261 2661 4338 lum'memini
2693 4261 2785 4338 me
2803 4261 3027 4356 legere.
3057 4261 3344 4355 Suspicor
3374 4281 3561 4335 autem
3590 4261 3809 4362 fortnahll11

2270 4387 2305 4425 ⁸
2330 4369 2489 4444 γόνος
2522 4344 2904 4445 Signiﬁcant;
2928 4370 3107 4444 μίτον,
3140 4344 3254 4428 hoc
3305 4373 3399 4426 est
3446 4364 3597 4420 ﬁlum
3637 4353 3727 4409 sive
3756 4344 3810 4398 (υ-

2270 4462 2556 4534 niculum,
2590 4479 2705 4536 quo
2762 4463 2824 4518 in
2882 4463 3298 4536 designatione
3357 4455 3693 4532 praediorum,
3732 4446 3810 4536 ‘1“?

500 4542 906 4598 xovrocméAiov.
944 4544 1265 4602 Vaticanus
1294 4546 1422 4603 sine
1454 4548 1745 4603 mentione
1766 4541 2142 4601 κοντοσκελίου

2269 4551 2484 4624 cuique
2534 4527 2627 4608 in-
2653 4553 2970 4625 partitione
2998 4527 3290 4609 tarrarum
3335 4542 3738 4625 attribuuntur.
3762 4527 3812 4620 Ill

500 4630 586 4686 sic
617 4631 809 4689 habet:
843 4631 912 4686 Τὸ
947 4629 1005 4687 δὲ
1031 4632 1168 4707 πρὸς
1216 4634 1306 4689 τὸν
1342 4634 1613 4711 Βλάγχαν,
1641 4636 1698 4692 id
1757 4637 2014 4692 referens
2070 4635 2142 4690 ad

499 4735 699 4776 vocem
747 4722 997 4793 νεώριον,
1058 4727 1280 4795 navale,
1341 4727 1616 4798 superius
1665 4727 1938 4798 positam.
1995 4725 2143 4793 Quid

500 4809 677 4865 fuerit
703 4810 796 4868 hic
817 4813 1029 4869 Blanca
1059 4813 1148 4870 vel
1181 4816 1440 4883 Blancas,
1481 4816 1538 4871 in
1595 4817 1998 4873 monumentis
2047 4824 2145 4871 aut

499 4898 992 4972 descriptionibus
1019 4905 1686 4977 Constantinopolitanae
1711 4907 1875 4963 urbis
1891 4906 2143 4978 reperire

501 4989 766 5046 nondum
800 4992 982 5063 potui.

571 5087 866 5160 Βοασμούς
899 5107 957 5163 p.
991 5091 1117 5147 355.
1135 5091 1228 5147 Sic
1261 5092 1522 5165 optimus
1554 5093 1734 5150 codex
1760 5093 2141 5164 Barberinus,

502 5177 676 5248 cujus
691 5179 1039 5237 auctoritate
1058 5181 1476 5253 corrigendum
1492 5188 1770 5255 putamus
1782 5183 2139 5240 Allatianum

503 5268 604 5338 qui
644 5265 910 5340 βοασκούς
969 5269 1125 5326 clare
1184 5270 1340 5339 legit.
1402 5272 1548 5327 Nam
1608 5272 1951 5340 Vaticanus,
2008 5272 2143 5328 licet

498 5357 558 5410 in
592 5356 699 5411 hoc
729 5358 1014 5414 vocabulo
1048 5359 1407 5427 balbutiens,
1441 5362 1626 5431 magis
1658 5361 1730 5415 ad
1764 5360 2137 5416 Barberinum

501 5444 770 5516 inclinat,
804 5447 946 5502 dum
981 5448 1067 5503 sic
1096 5447 1331 5504 exhibet
1391 5448 1549 5504 hunc
1605 5449 1844 5506 locum:
1906 5447 2012 5510 Οὓς
2073 5445 2138 5518 δὴ

505 5533 783 5606 βοασμοὺς
815 5534 871 5586 οἱ
901 5533 1078 5588 κοινοὶ
1111 5533 1382 5610 λέγουσιν.
1415 5540 1671 5609 Apparet
1699 5538 1908 5594 boatus
1946 5541 2141 5595 Graeca

496 5619 700 5690 lingua
726 5621 948 5693 vulgari
1007 5622 1284 5697 βοασμοῦς
1342 5627 1549 5694 dictos,
1609 5631 1668 5683 et
1723 5634 1994 5702 prompta
2050 5633 2141 5685 est

2272 4617 3016 4698 coloniarum-deductores
3039 4641 3254 4698 solent.
3314 4637 3478 4696 Unde
3515 4617 3811 4723 sunt

2261 4731 2582 4803 Scripturis
2610 4736 2732 4786 tam
2764 4747 2917 4802 saepe
2947 4730 3216 4804 usurpati
3238 4725 3489 4784 funiculi
3509 4713 3812 4804 hair-editam?

2263 4823 2286 4873 Ι
2337 4788 2528 4882 Paral.
2586 4837 2704 4890 xv1,
2746 4788 3118 4890 18;‘Josue,‘
3149 4836 3292 4886 xvn,
3352 4818 3390 4872 5
3439 4818 3496 4871 et
3552 4809 3634 4876 “3
3678 4788 3811 4890 ια’-9

2263 4913 2321 4965 et
2349 4910 2440 4978 29;
2475 4911 2625 4967 Psal.
2659 4884 2869 4977 ιὲιχνίι,
2921 4911 3014 4979 54;
3045 4884 3161 4976 civ,
3220 4884 3288 4964 η
3339 4911 3398 4962 et
3457 4900 3604 4959 alibi.
3651 4884 3811 4979 Paed"!

2266 4975 2795 5070 mihi'conjecturaa
2827 4975 3150 5073 Hesychius
3198 5002 3296 5055 est
3352 4993 3505 5068 apud
3550 4975 3810 5079 quem

2268 5087 2429 5161 γόνον
2485 5065 2663 5160 μί’ξον.
2723 5065 3154 5146 Posset'etiam
3211 5065 3651 5154 forte'cuipiam
3697 5065 3812 5123 vide“

2262 5160 2582 5236 deductum
2612 5180 2856 5236 verbum
2888 5177 3183 5254 γονικεύειν
3239 5193 3276 5232 a
3303 5190 3446 5231 voce
3500 5163 3642 5244 γονέα
3688 5160 3811 5254 ἴσως

2262 5269 2662 5340 significante,
2693 5274 2759 5325 ut
2787 5239 3078 5327 Meursius
3105 5266 3310 5332 tradit,
3343 5239 3586 5337 quodin
3611 5239 3814 5340 εἱυεωίξδί

2263 5331 2772 5429 assignationibus
2807 5375 3084 5432 agrorum
3118 5331 3383 5428 singulis
3407 5347 3663 5416 focis,hoc
3687 5331 3812 5395 esti"

2263 5446 2465 5514 miliis,
2498 5464 2605 5503 sua
2632 5453 2799 5504 terre
2823 5447 3065 5504 arabilis
3094 5447 3290 5518 portio
3325 5444 3624 5500 tribuatur.

2330 5541 2706 5618 Δαιταλευταί,
2767 5565 2823 5619 p.
2887 5547 2981 5602 161
3036 5545 3142 5601 Pro
3199 5539 3572 5606 δαιταλευτιί,
3623 5521 3813 5622 «100le

2259 5632 2489 5689 duobus
2520 5634 2689 5690 codd.
2725 5638 2768 5690 Β
2796 5639 2854 5692 et
2880 5637 2927 5690 A
2957 5633 3187 5707 legitur,
3215 5635 3537 5692 Vaticanus
3565 5627 3708 5686 habet
3748 5631 3814 5686 μί’

3873 2652 3880 2781 Ι
