3968 6202
250 279 399 337 1013

1728 280 1993 338 GLOSSA
2003 280 2207 335 BIUM.

3533 282 3673 337 1014

249 424 456 479 γειροι,
484 405 639 476 quod
674 408 909 460 secutus
941 421 1075 461 sum
1107 405 1167 461 in
1216 406 1696 478 interpretatione
1725 420 1905 459 voca-
1939 404 1992 469 Α
2023 419 2185 473 quam
2215 402 2404 460 valido
2454 404 2633 460 illisus
2683 404 2897 474 impetu
2949 404 3185 459 interiit.
3238 405 3390 460 Sane
3422 410 3671 462 mortem

248 494 379 549 buli
414 511 446 547 a
480 510 571 548 me
603 494 838 565 quidem
871 494 1009 549 alibi
1034 511 1149 550 non
1179 496 1312 550 visi.
1347 496 1657 567 Reperitur
1677 495 1913 564 quidem

252 579 543 643 δαιταλεύς
575 583 823 652 conviva,
866 583 1077 638 sodalis
1104 609 1117 652 ;
1170 586 1271 640 sed
1322 584 1589 656 ful’ginis
1620 590 1677 639 et
1705 584 1913 639 carbo—

251 690 421 738 num,
452 672 671 743 quibus
706 672 956 745 parietes
985 675 1330 745 deturpatos
1364 675 1433 729 ab
1466 675 1597 730 istis
1630 670 1911 726 δαιταλευ·

245 766 370 823 ταῖς
405 767 607 817 noster
639 762 925 834 queritur,
955 763 1173 818 mentio
1206 764 1402 836 aptius
1433 764 1492 818 in
1526 780 1742 835 coquos
1765 778 1910 832 qua-

252 852 409 907 drat.

320 951 615 1020 Διαϐαινᾶς
645 975 701 1030 ρ.
752 959 876 1014 466.
935 960 1108 1016 Addit
1166 959 1484 1016 Vaticanus
1533 957 1621 1014 ἐπὶ
1669 962 1748 1030 τῷ
1782 964 1905 1011 Δια-

249 1040 415 1115 ϐαινᾷ
440 1046 617 1118 τόπῳ,
647 1049 803 1118 quod
854 1048 1078 1104 indicat
1134 1049 1327 1105 locum
1371 1050 1686 1121 quemdam
1729 1049 1909 1104 fuisse

243 1136 402 1193 circa
431 1137 790 1205 Ternobum,
824 1137 910 1192 ita
941 1142 1225 1195 vocatum.

315 1245 378 1312 (Ρ
434 1244 559 1315 377)
619 1246 945 1319 Διαφωνδῖν.
1010 1245 1309 1316 Duplicem
1381 1245 1667 1302 habemus
1726 1245 1904 1315 hujus

238 1334 409 1390 verbi
467 1349 639 1388 usum
699 1334 857 1404 aqud
922 1334 1359 1406 Pachymerem,
1414 1336 1752 1391 inusitatam
1803 1338 1905 1389 aut

241 1440 447 1480 rarum
506 1428 825 1494 utrumque
864 1442 931 1480 ac
990 1429 1293 1496 propterea
1349 1426 1715 1481 enarratione
1750 1425 1899 1482 552

234 1513 628 1584 indigentem.
688 1513 853 1568 Prior
908 1519 1118 1584 exstat,
1175 1532 1231 1586 p.
1266 1516 1411 1584 ζ145.
1445 1515 1567 1571 Non
1627 1513 1900 1585 usurpari

238 1602 355 1658 hoc
413 1601 540 1658 loco
595 1603 836 1658 verbum
914 1598 1204 1680 διαφωνεῖν
1291 1605 1349 1659 in
1405 1604 1626 1675 vulgari
1682 1604 1897 1658 discre-

239 1692 423 1764 pandi
483 1695 587 1748 aut
640 1691 1027 1748 dissentiendi
1060 1692 1316 1762 notione,
1366 1695 1512 1749 satis
1572 1692 1897 1749 attendenti

238 1739 428 1854 lpatet.
456 1782 596 1852 Agit
625 1787 830 1837 auctor
857 1782 929 1838 de
959 1739 1316 1839 Latinorum,
1329 1782 1893 1854 Constantinopolim
1927 1770 1975 1834 Β

234 1871 637 1927 obtinentium
698 1872 950 1927 exercitu
1027 1873 1432 1943 Daphnusiam
1490 1875 1892 1944 oppugnante,

232 1964 368 2015 tum
428 1977 561 2015 cum
622 1965 795 2031 capta
837 1966 925 2016 est
980 1960 1524 2032 Constantinopolis
1581 1962 1655 2016 ab
1697 1960 1894 2015 Alexio

232 2048 488 2105 Caesare.
544 2048 720 2121 Cujus
771 2049 872 2117 rei,
906 2050 1048 2104 dum
1099 2050 1292 2106 adhuc
1318 2050 1505 2116 fieret,
1540 2050 1697 2105 fama
1724 2049 1893 2120 quasi

231 2137 522 2193 divinitus
554 2140 621 2193 ad
658 2137 886 2193 Latinos
920 2139 1281 2210 Daphnusiaa
1315 2144 1749 2212 oppugnatores
1775 2154 1895 2195 mo-

229 2231 436 2283 mento
484 2226 707 2299 perlata
750 2230 1145 2283 consternavit
1191 2228 1325 2284 illos
1372 2230 1610 2284 horrore
1645 2227 1890 2301 periculi

228 2318 297 2371 in
330 2333 448 2389 quo
466 2317 687 2373 versari
718 2319 1035 2389 apparebat
1058 2335 1265 2374 uxores
1287 2323 1344 2375 et
1374 2318 1590 2375 liberos
1624 2319 1888 2389 ipsorum

231 2407 740 2477 Constantinopoli
791 2406 1047 2463 relictos.
1102 2407 1265 2464 Unde
1314 2410 1517 2464 statim
1567 2407 1887 2477 solverunt,

237 2494 617 2567 suppelias,si
650 2496 1019 2567 pervenirent
1045 2497 1106 2552 in
1155 2496 1889 2569 tempore,laturi.Nullum

237 2585 337 2641 hic
365 2585 651 2640 indicium
696 2585 1087 2642 dissensionis
1117 2586 1273 2642 inter
1311 2588 1493 2659 ipsos.
1545 2588 1733 2651 Quare
1762 2603 1891 2642 ver—

234 2675 382 2729 bum
434 2669 908 2750 διτπεφωνῆκεσαν
962 2674 1110 2731 male
1170 2676 1279 2732 hoc
1322 2676 1448 2732 loco
1476 2677 1890 2747 interpretare-

232 2768 356 2832 tur,
415 2764 517 2833 qui
573 2763 943 2820 discordibus
1000 2765 1395 2821 tumultuatos
1453 2766 1761 2821 sententiis
1817 2766 1887 2819 ad

234 2850 419 2908 talem
456 2852 727 2907 nuntium
763 2853 1000 2909 Latinos
1057 2855 1294 2910 diceret.
1340 2855 1455 2912 Nec
1511 2854 1715 2909 dubito
1748 2854 1886 2925 quin

233 2945 471 3007 auctor,
507 2942 808 2997 studiosus
836 2942 1139 2998 aliectator
1164 2944 1514 2999 eruditionis
1546 2944 1890 3014 antiquaa,et

233 3035 478 3102 captare
510 3032 771 3100 gaudens
820 3032 1088 3089 notiones
1104 3032 1520 3101 abstrusasgrr‘)
1571 3029 1889 3109 δαπεφωνή-

226 3138 393 3173 κεσαν
424 3120 788 3188 usurpaverit
817 3137 883 3176 eo
926 3138 1102 3177 sensu
1137 3139 1250 3193 quo
1280 3139 1313 3178 a
1359 3122 1512 3177 LXX
1546 3121 1796 3194 positum
1828 3121 1884 3175 id
1921 3128 1963 3194 (ζ’,

227 3210 480 3265 verbum
534 3212 624 3264 est
670 3210 987 3266 Ezechielis
1045 3228 1095 3266 c.
1132 3228 1344 3278 xxxvn,
1409 3212 1468 3265 11
1510 3228 1523 3265 :
1567 3205 1888 3267 Ἀπόλωλεν

231 3299 271 3365 ἡ
306 3294 473 3357 ἐλπὶς
499 3298 685 3368 ἡμῶν,
751 3294 1265 3374 διαπεφωνήκαμεν,
1319 3302 1472 3372 quod
1524 3300 1795 3369 vulgatus
1828 3315 1895 3353 ex

236 3386 584 3458 Originibus
614 3389 827 3444 vertit:
883 3389 1055 3444 Periit
1076 3407 1196 3459 spes
1226 3394 1415 3445 nostra
1446 3394 1499 3446 et
1554 3389 1761 3444 abcissi
1796 3405 1894 3443 su-

240 3492 392 3532 mus.
429 3480 528 3531 Est
564 3476 719 3531 enim
765 3477 824 3533 in
873 3479 1114 3533 Hebraeo
1169 3488 1311 3540 117::
1359 3481 1667 3547 nigxarenu
1717 3496 1750 3534 a
1803 3488 1897 3539 11:

242 3583 445 3637 gamr,
479 3566 630 3637 quod
658 3570 747 3621 est
773 3566 1109 3623 abscindere
1134 3585 1147 3635 ;
1177 3573 1233 3622 et
1263 3568 1498 3623 additur
1516 3578 1602 3629 in
1635 3569 1771 3623 lanu
1799 3584 1897 3622 no-

243 3656 354 3716 bis.
416 3654 569 3726 quod
622 3655 735 3710 nisi
793 3657 1072 3723 abundat,
1118 3662 1183 3712 ut
1212 3657 1350 3711 alibi
1383 3674 1498 3713 non
1531 3674 1681 3726 raro,
1718 3656 1901 3711 videri

242 3748 539 3816 potesteo
601 3743 889 3815 pertinere
949 3749 1013 3799 ut
1042 3745 1406 3816 significetur
1453 3746 1660 3802 divisio
1719 3746 1903 3801 animi

244 3834 425 3905 quasi
456 3850 487 3887 a
519 3850 579 3888 se
610 3832 759 3905 ipso,
790 3834 929 3903 sive,
984 3839 1050 3890 ut
1088 3834 1227 3890 alibi
1284 3836 1586 3907 Scriptura
1618 3834 1900 3906 loquitur,

246 3921 575 3978 contractio
608 3922 822 3990 cordis,
857 3923 1048 3993 qualis
1080 3924 1366 3996 contingit
1397 3924 1592 3979 subita
1613 3928 1669 3979 et
1692 3940 1906 3995 magna

246 4011 587 4067 calamitate
627 4011 1090 4083 comprehensis,
1142 4013 1309 4083 cujus
1360 4012 1715 4083 depellenda;
1746 4012 1945 4067 nulla'

246 4104 356 4156 aut
388 4100 586 4155 tenuis
618 4116 751 4171 spes
783 4106 889 4156 est.
924 4100 1208 4157 Vatablus
1238 4102 1444 4157 vertit:
1480 4101 1689 4156 Succz’si
1716 4117 1909 4157 sumus

242 4189 434 4245 nobis.
490 4188 634 4245 Puto
687 4189 972 4261 Hcsychio
1015 4190 1171 4245 hunc
1216 4190 1409 4262 ipsum
1462 4190 1907 4259 LXXinterpre-

245 4282 381 4334 tum
414 4277 609 4334 locum
643 4278 1014 4334 obversatum
1070 4279 1285 4348 animo,
1319 4296 1449 4336 cum
1486 4275 1908 4355 διαπεφωνήκα-

253 4385 354 4438 μεν
385 4365 809 4437 interpretatur
848 4365 1182 4438 ἀπωλόμεθα
1229 4371 1653 4441 periimus,quaa
1686 4375 1776 4425 est
1804 4386 1913 4425 vox

250 4455 724 4526 desperantium,
784 4461 841 4511 et
896 4457 954 4511 in
1025 4473 1271 4512 occursu
1329 4458 1722 4514 ineluctabilis
1767 4458 1908 4514 mali
1941 4483 1984 4546 Ι)

253 4560 535 4613 angorem
570 4545 769 4615 animi,
804 4546 905 4617 qui
941 4546 1113 4601 verbo
1174 4541 1461 4621 διαφωνεῖν
1520 4546 1905 4618 significatur,

252 4632 737 4704 exprimentium.
806 4634 988 4689 Greci
1051 4639 1242 4690 tamen
1306 4636 1679 4707 posteriores,
1712 4653 1778 4692 ex
1809 4636 1907 4692 illo

254 4722 511 4778 fortasse
566 4714 669 4777 aut
722 4722 860 4777 LXX
916 4724 1219 4779 Seniorum
1280 4728 1379 4779 aut
1437 4725 1702 4795 llesychii
1757 4724 1905 4795 loco,

252 4811 440 4868 verbo
474 4805 764 4886 διαφωνεῖν
794 4813 1164 4867 exanimandi
1217 4817 1318 4868 aut
1357 4813 1688 4885 exspirandi
1723 4814 1909 4869 notio-

256 4913 397 4955 nem
434 4898 835 4968 subjecerunt.
867 4901 1083 4955 Auctor
1141 4917 1469 4973 anonymus
1512 4903 1785 4956 Actorum
1822 4902 1911 4956 fu-

257 4986 497 5043 sissime
527 4987 879 5057 scriptorum
936 4988 997 5042 B.
1060 4990 1302 5043 Andreze
1352 4994 1735 5059 cognomento
1768 4990 1908 5058 Sali,

259 5092 395 5148 qua
454 5081 682 5131 exstant
740 5078 933 5132 Greece
966 5078 1021 5131 in
1055 5078 1182 5133 cod.
1219 5077 1501 5134 Vaticano
1534 5080 1690 5147 1574,
1752 5097 1804 5148 p.
1855 5080 1910 5149 5,

257 5163 526 5220 referens
546 5166 858 5235 quamdam
885 5165 1104 5222 luctam
1130 5184 1232 5237 per
1261 5168 1555 5223 somnium
1590 5174 1911 5238 ostensam,

260 5270 385 5326 qua
407 5254 566 5309 idem
589 5255 651 5311 B.
677 5256 939 5311 Andreas
970 5258 1351 5312 commissum
1378 5274 1573 5314 secum
1589 5259 1913 5331 JEIhiopem

260 5344 553 5415 postravit
612 5344 940 5416 occiditque
987 5344 1130 5400 eliso
1160 5346 1288 5415 ejus
1319 5348 1387 5401 ad
1440 5352 1664 5419 petram
1706 5348 1915 5419 capite,

262 5432 355 5489 sic
385 5433 644 5490 scribit:
704 5433 936 5508 Ἔτυχεν
995 5431 1159 5487 αὐτοῦ
1215 5436 1540 5509 (/Ethiopis)
1596 5437 1658 5490 τὸ
1697 5434 1914 5509 κρανίον

263 5517 346 5581 εἷς
406 5519 606 5595 πέτραν
642 5564 657 5592 ,
715 5522 804 5576 καὶ
875 5521 1220 5596 κατενεχθεὶς
1268 5524 1513 5599 παραγ)τᾶ
1568 5522 1869 5601 διεφώνησε
1902 5567 1916 5592 ,

260 5608 377 5667 hoc
408 5616 539 5667 est:
585 5613 742 5669 Forte
800 5628 967 5669 ruens
1000 5612 1201 5669 incidit
1248 5617 1427 5686 capite
1456 5614 1516 5670 in
1568 5624 1800 5688 petram,
1853 5614 1922 5669 ad

2021 492 2179 547 illius
2211 494 2360 565 nigri
2421 493 2636 564 pugilis
2667 510 2733 548 ex
2789 493 2887 548 illo
2920 509 3058 547 casu
3120 498 3382 548 secutam
3425 496 3673 552 indicari

2018 581 2193 636 verbo
2226 578 2527 657 διεφώνησε
2585 582 2841 637 ostendit
2890 582 3134 652 plausus
3178 582 3257 636 ibi
3319 584 3515 638 statim
3547 602 3676 640 me-

2021 678 2281 727 moratus
2316 672 2623 727 favitorum
2681 672 2945 742 Andreae,
2980 674 3079 743 qui
3143 673 3442 727 candidati
3489 690 3555 728 ea
3586 675 3674 729 vi-

2018 761 2181 816 sione
2222 762 2601 832 apparebant,
2652 766 2709 817 et
2770 761 3087 831 gratulatio
3164 766 3443 831 tanquam
3499 762 3671 833 plena

2015 849 2256 905 victoria
2291 866 2430 905 nece
2491 849 2805 905 adversarii
2866 854 3093 920 patrata
3127 866 3139 904 :
3176 847 3379 922 Κράτος
3409 846 3464 903 δὲ
3500 848 3667 924 μέγας

2016 938 2227 1009 inquit,
2285 941 2393 991 τῶν
2437 934 2813 1012 λευχειμόνων
2856 936 2945 991 καὶ
2994 936 3139 1011 χαρὰ
3193 935 3502 1013 γλυκυτόίτη
3547 940 3673 994 τότε

2018 1025 2247 1099 ἐγένετο.
2282 1028 2408 1083 llaac
2441 1044 2551 1082 non
2579 1043 3153 1094 commemorassem,
3186 1027 3297 1082 nisi
3332 1029 3666 1085 necessaria

2015 1122 2213 1173 essent
2245 1118 2314 1172 ad
2363 1117 2543 1172 alium
2597 1116 2965 1188 Pachymeris
3017 1118 3201 1170 nostri
3247 1115 3440 1172 locum
3474 1117 3668 1173 decla-

2014 1207 2285 1274 randum,
2320 1223 2375 1277 p.
2406 1207 2527 1261 486.
2560 1205 2690 1276 Agit
2723 1206 2792 1260 de
2851 1205 3021 1276 Cotye
3052 1206 3330 1276 quodam,
3361 1206 3457 1275 qui
3482 1208 3660 1277 jussu

2013 1295 2385 1367 imperatoris
2445 1300 2750 1366 correptus
2809 1294 3221 1363 atortoribus,
3279 1311 3412 1349 cum
3467 1295 3661 1350 vinci-

2011 1389 2171 1438 retur
2201 1384 2342 1438 diris
2383 1384 2691 1455 suppliciis
2750 1384 3198 1451 exeruciendus,
3256 1399 3455 1437 eorum
3513 1385 3665 1440 553

2009 1473 2135 1543 ipso
2170 1478 2325 1527 metu
2379 1472 2750 1527 exanimatus
2779 1471 3101 1528 conciderit
3155 1475 3443 1527 mortuus.
3498 1471 3662 1528 Unde

2008 1562 2206 1617 statim
2268 1562 2540 1615 eumdem
2619 1560 2782 1615 addit
2832 1562 3060 1630 pondus
3126 1559 3460 1615 miserabile
3518 1560 3659 1615 sub-

2005 1650 2193 1706 latum
2226 1654 2283 1705 et
2315 1650 2492 1704 humo
2548 1650 2893 1703 mandatum
2947 1650 3127 1704 fuisse
3162 1648 3369 1703 multis
3418 1664 3664 1704 cernen-

2173 1781 2185 1792 .
2220 1737 2292 1793 Ut
2323 1755 2435 1792 non
2462 1738 2537 1792 sit
2563 1753 2800 1792 necesse
2833 1737 2902 1789 ad
2930 1734 3371 1807 intelligendum
3408 1741 3657 1792 mortem

2004 1828 2182 1899 hujus
2244 1827 2425 1883 verbo
2486 1822 2832 1901 διαφωνεῖνθ.
2891 1825 3243 1894 Pachymere
3310 1825 3656 1896 significari,

2000 1933 2298 1973 recurrere
2330 1918 2400 1971 ad
2434 1914 2783 1970 Vaticanum
2817 1914 3258 1985 paraphrastem
3286 1912 3653 1968 hunclocum

1999 2006 2082 2061 sic
2140 2006 2605 2073 exprimentem:
2666 2003 2728 2059 Ὁ
2788 1999 2844 2056 δὲ
2904 2001 3027 2075 πρὶν
3065 1998 3236 2062 δεθεὶς
3281 2002 3652 2072 κρεμασθῆναι

1996 2098 2075 2165 τῷ
2107 2089 2261 2171 φόϐῳ
2290 2094 2387 2161 τὴν
2422 2093 2606 2166 ψυχὴν
2640 2090 3020 2158 ἀποστίθησιν.
3055 2092 3172 2146 Hoc
3229 2095 3319 2147 est
3362 2109 3375 2147 :
3422 2093 3470 2145 Is
3522 2106 3648 2145 vero

1996 2186 2318 2255 priusquam
2345 2184 2560 2239 vinctus
2575 2183 3013 2256 suspenderetur,
3037 2190 3181 2237 metu
3203 2184 3457 2236 animam
3486 2180 3640 2248 efﬂa~

1998 2275 2097 2329 vit.

2068 2366 2323 2441 Διδυμὸω
2381 2388 2437 2442 p.
2500 2370 2624 2424 364.
2707 2365 2979 2440 Διδυμοῦν
3048 2384 3152 2440 pro
3210 2365 3493 2436 geminare
3560 2364 3655 2420 vix

1996 2460 2150 2531 apud
2185 2464 2407 2515 veteres
2441 2461 2716 2531 reperias.
2768 2460 2877 2513 Sed
2912 2458 3074 2529 origo
3117 2461 3381 2529 apparet,
3414 2461 3469 2511 et
3500 2461 3655 2511 recte

2000 2553 2235 2604 constat
2263 2548 2555 2619 analogia.

2067 2647 2133 2717 (P
2167 2648 2297 2717 378)
2329 2643 2503 2699 δοκῶν
2564 2663 2617 2716 p.
2673 2646 2791 2700 148.
2846 2647 2925 2701 Ita
2987 2647 3152 2702 codd.
3215 2649 3345 2700 Bet
3402 2649 3467 2699 A.
3544 2644 3654 2699 Va-

1994 2736 2227 2792 ticanus
2262 2741 2455 2790 autem
2523 2753 2684 2790 more
2714 2753 2819 2791 suo
2862 2735 3040 2790 libere
3093 2741 3330 2790 mutans
3362 2750 3488 2805 qum
3547 2734 3655 2788 ob-

1994 2825 2256 2880 scuriora
2308 2830 2497 2897 putat,
2531 2824 2557 2877 ὁ
2618 2828 2839 2897 πρῶτος
2878 2842 2982 2897 pro
3015 2824 3041 2876 ὁ
3072 2820 3246 2877 δοκῶν
3291 2822 3475 2894 ponit,
3536 2839 3651 2877 non

1997 2914 2147 2969 male
2180 2915 2533 2969 sententiam
2568 2914 2978 2985 interpretans.
3043 2913 3194 2967 Sunt
3251 2912 3408 2967 enim
3439 2912 3654 2967 Graecis

1994 3003 2168 3058 etiam
2212 3004 2504 3058 veteribus
2538 3001 2588 3054 oi
2644 2999 2950 3067 δοκοῦντες,
2984 3002 3081 3073 qui
3139 3002 3502 3066 auctoritate,
3536 3001 3655 3054 exi-

2002 3091 2365 3160 stimatione,
2393 3090 2680 3163 dignitate
2710 3094 2767 3145 in
2802 3090 2997 3160 aliqua
3024 3093 3192 3161 gente
3224 3093 3324 3143 aut
3345 3094 3490 3142 coetu
3517 3086 3656 3142 emi-

2004 3186 2163 3247 nent,
2200 3181 2440 3252 antiqua
2492 3186 2548 3235 et
2591 3180 2790 3252 proba,
2844 3179 2944 3234 sed
3003 3178 3202 3232 ratiori
3261 3182 3318 3232 et
3371 3177 3502 3231 ideo
3558 3176 3652 3231 hic

2002 3288 2118 3326 non
2179 3272 2395 3326 frustra
2443 3269 2739 3325 declarata
2788 3268 3043 3323 notione.
3083 3265 3235 3321 Talis
3296 3270 3493 3320 autem
3524 3270 3652 3320 erat

2003 3359 2153 3415 inter
2172 3361 2281 3415 hos
2312 3358 2746 3414 thelematarios
2764 3374 2866 3413 seu
2898 3354 3256 3410 voluntarios
3276 3353 3647 3423 Cutritzaces,

2005 3467 2178 3522 quem
2214 3449 2483 3521 superius
2516 3449 2742 3513 Noster,
2779 3465 2834 3519 p.
2872 3447 2993 3512 138,
3027 3445 3125 3500 ubi
3177 3442 3433 3499 narravit
3461 3443 3649 3498 Caesa-

2004 3557 2124 3595 rem
2183 3536 2311 3598 τοὺς
2371 3534 2657 3597 δοκοῦντας
2715 3532 3135 3607 θεληματαρίων
3189 3549 3558 3597 convocasse,
3591 3529 3653 3586 in

2006 3629 2078 3684 iis
2113 3628 2292 3683 fuisse
2325 3628 2680 3700 praacipuum
2716 3627 3106 3690 demonstrat,
3140 3624 3281 3677 dum
3333 3621 3496 3675 illum
3532 3620 3655 3676 vice

2008 3735 2074 3773 ac
2106 3718 2344 3772 nomine
2377 3718 2640 3771 omnium
2673 3715 2938 3769 locutum
2974 3714 3171 3768 refert.

2082 3812 2216 3883 Δόξα
2266 3832 2321 3886 p.
2378 3815 2503 3867 275.
2560 3817 2683 3867 Vox
2741 3807 2867 3879 δόξα
2932 3810 3027 3864 hic
3085 3808 3363 3879 peculiari
3423 3806 3661 3861 notione

2011 3904 2400 3973 sumiturpro
2431 3902 2698 3972 dogmate
2734 3900 2852 3954 sive
2908 3897 3178 3953 doctrina
3235 3912 3420 3964 sacra,
3482 3910 3660 3965 quam

2013 3993 2425 4048 inconcussam
2488 3994 2709 4055 tenere,
2769 4004 2872 4057 pro
2932 4003 3047 4056 qua
3098 3984 3309 4056 pacisci
3372 3983 3547 4037 vitam
3605 3984 3662 4035 et

2013 4081 2357 4152 sanguinem
2384 4076 2702 4136 Christiani
2725 4075 2986 4146 cujusvis
3009 4073 3264 4129 ofﬁcium
3289 4075 3399 4127 est.
3431 4070 3662 4125 Vatica-

2015 4188 2128 4225 nus
2188 4170 2271 4224 sic
2328 4164 2663 4242 ποιραερράζει
2722 4164 2915 4219 locum
2944 4163 3140 4217 hunc:
3199 4158 3296 4220 Ei:
3324 4156 3376 4213 τί
3414 4156 3514 4231 γάρ
3570 4177 3658 4217 τις

2015 4255 2450 4325 σκανδαλισοείη
2488 4256 2570 4309 ὅτι
2619 4251 2933 4326 μεταλλαγή
2983 4272 3065 4312 τις
3114 4250 3310 4324 γέγονε
3339 4254 3440 4316 τῆς
3489 4265 3667 4319 παρα-

2017 4346 2313 4419 δεδομένης
2368 4348 2502 4416 ἡμῖν
2560 4342 2770 4413 δόξης;
2831 4338 2958 4395 ἀλλ’
3017 4337 3171 4394 οὐδὲν
3210 4381 3223 4406 ,
3285 4340 3661 4413 χορηγοῦντος

2018 4435 2174 4505 Θεοῦ,
2208 4428 2638 4510 παραϐεϐασται,
2671 4439 2782 4489 etc.
2835 4433 2989 4487 infra
3017 4431 3119 4485 lib.
3153 4448 3229 4495 VI,
3263 4446 3312 4486 c.
3348 4430 3371 4483 1
3410 4443 3664 4497 usurpa—

2018 4535 2111 4583 tur
2140 4528 2260 4582 haac
2293 4528 2491 4580 eadem
2526 4540 2632 4579 vox
2663 4523 2866 4578 eadem
2900 4521 3137 4576 notione
3164 4520 3221 4574 in
3281 4518 3374 4573 bis
3428 4516 3661 4574 verbis:

2014 4616 2092 4674 Τὸ
2124 4610 2434 4690 παραϐῆναι
2467 4619 2601 4689 σφᾶς
2632 4614 2730 4681 τήν
2788 4613 2925 4688 πρὸς
2958 4609 3159 4665 ἐκεῖνον
3209 4607 3383 4681 (Θεὸν)
3431 4609 3663 4678 νομιζο-

2019 4707 2183 4780 μένην
2218 4703 2373 4775 δόξαν
2406 4704 2664 4779 ἀρχῆθεν.

2088 4801 2391 4878 Ἐγκόλπια
2451 4821 2507 4874 p.
2574 4803 2702 4857 265.
2786 4800 3182 4874 Intelligimus
3265 4797 3403 4852 hinc
3467 4811 3667 4852 sacras

2016 4894 2345 4958 icunculas,
2405 4892 2609 4963 quales
2669 4891 2955 4946 habemus
3014 4905 3212 4944 cereas
3254 4884 3479 4955 effigies
3531 4882 3669 4955 agni

2018 4984 2143 5052 Dei,
2177 4988 2279 5038 aut
2309 4983 2367 5037 id
2409 4999 2593 5053 genus
2626 4996 2793 5036 sacra
2828 4978 3079 5034 amuleta
3112 4980 3343 5049 gestare
3399 4974 3469 5029 de
3520 4971 3667 5027 collo

2022 5091 2311 5146 suspensa
2342 5073 2569 5129 Graecos
2599 5070 2963 5126 Christianos
2994 5067 3218 5134 solitos,
3250 5069 3307 5121 et
3337 5065 3443 5119 hoc
3476 5059 3669 5132 speci—

2025 5182 2155 5221 men
2190 5169 2365 5236 atque
2395 5162 2676 5217 indicium
2742 5160 2922 5215 fuisse
2953 5158 3291 5212 Christiania
3345 5148 3667 5221 religionis,

2022 5256 2165 5310 Nam
2219 5272 2285 5309 eo
2320 5253 2553 5308 nomine
2608 5251 2721 5306 sibi
2770 5249 2909 5304 talia
2942 5247 3089 5302 mitti
3150 5246 3352 5301 Sultan
3389 5236 3669 5313 postulat,

2026 5353 2091 5403 ut
2121 5347 2205 5403 sic
2260 5347 2531 5419 probaret
2584 5360 2646 5399 se
2703 5341 3098 5396 Christianum
3151 5353 3298 5402 esse,
3338 5336 3407 5388 de
3440 5346 3553 5401 quo
3583 5324 3673 5379 vi-

2028 5438 2203 5493 debat
2228 5435 2501 5491 dubitari.
2540 5435 2700 5489 Patet
2753 5429 2909 5484 unde
2941 5426 3231 5499 ejusmodi
3264 5420 3539 5492 religiosa
3578 5428 3674 5485 ge-

2030 5526 2287 5581 stamina
2327 5519 2594 5598 ὲγκύὶπια
2624 5522 2921 5585 vocentur,
2957 5518 3108 5586 quod
3153 5512 3430 5567 nimirum
3463 5523 3493 5598 e
3524 5502 3672 5598 collo

2031 5619 2167 5686 apta
2196 5616 2254 5670 in
2278 5591 2475 5671 sinum
2500 5610 2838 5684 penderent.
2867 5605 3068 5660 Fuisse
3092 5607 3307 5667 autem,
3342 5596 3496 5670 quod
3530 5591 3674 5663 dixi,
