3978 6182
367 394 372 402 λ
415 323 557 378 1015
1477 328 1540 377 p.
1581 323 1855 380 POSSINI
1894 320 1938 375 o

2158 314 2508 370 VATIONUM
2544 311 2679 365 LIB.
2719 313 2766 363 l.
3624 302 3729 358 1016

415 450 634 505 formas
671 452 769 501 aut
799 445 1021 517 efﬁgies
1051 447 1338 515 quaedam
1371 464 1570 503 sacras
1601 449 1674 503 iis
1725 447 1986 517 impress:

2183 439 2336 510 quod
2400 439 2828 517 Canlacuzenor
2864 428 3081 517 dicitur
3155 419 3412 517 ᾇμπιδοῦν
3461 423 3545 493 τὴν
3591 425 3733 499 πρᾶξιν

419 536 732 592 manifeste
766 513 932 589 docet
961 513 1171 590 Noster
1216 538 1389 607 paulo
1423 542 1572 607 post,
1606 537 1744 592 dum
1779 513 1860 590 ait
1889 535 1988 589 Sul

2185 533 2288 584 aut
2329 525 2424 586 τὰς
2453 517 2770 595 ζσυμόάσεις
2814 516 2886 573 δι’
2933 513 3269 591 ἑγκολπίων.
3315 515 3381 570 Et
3421 513 3537 585 quis
3561 515 3651 570 scit
3681 532 3733 571 an

422 639 560 678 nem
606 623 854 693 petendo
887 641 978 678 res
1011 624 1158 680 tales
1216 600 1282 680 se
1316 600 1752 681 demonstrasse
1775 628 1882 677 τῶν
1918 623 2076 686 θείων
2185 633 2299 672 non
2341 617 2476 670 inde
2528 612 2682 683 apud
2730 604 3136 664 Occidentales
3178 617 3405 693 quoque
3446 600 3735 657 Christianos

424 707 872 782 ἐκτυπωμάτων,
929 715 1311 785 προσκυνητήν
1387 715 1703 770 divinarum
1770 718 1995 783 formari

2182 703 2516 768 invaluerit,
2574 700 2730 772 quod
2790 696 2964 753 hodie
2994 696 3055 749 in
3114 709 3224 748 usu
3258 691 3501 745 videmus
3548 705 3667 757 esse,
3693 696 3738 746 ut

424 780 982 872 veneratorem.Ergo
1005 802 1106 858 illa
1129 780 1820 876 illaquaappellavitiepa‘i
1843 799 2081 874 περιάμ-
2185 812 2362 851 manu
2395 792 2614 865 pectori
2647 791 2885 846 admota
2912 787 3059 842 ﬁdes
3091 782 3275 876 verbi-
3305 786 3401 876 aut
3426 781 3559 854 pacti
3582 780 3738 836 contir-

429 909 576 960 ματα
621 894 679 946 et
709 887 998 964 ἐγκόλπια,
1056 899 1222 948 erant
1278 895 1477 948 eadem
1539 896 1656 954 θεῖα
1694 889 2000 962 ἐκτυπώμαί

2186 889 2382 940 metur
2404 883 2431 937 ‘I
2449 883 2594 937 Tam
2627 875 3015 934 universalem
3051 890 3221 946 porro
3253 870 3425 925 fuisse
3442 869 3739 926 consuetudi-

426 995 713 1050 expressae
750 997 942 1035 rerum
966 998 1268 1037 sacrarum
1298 983 1517 1051 formae,
1558 981 1769 1037 Christi
1802 957 2075 1035 nimirum
2187 989 2323 1028 nem
2355 967 2749 1027 Orientalium
2789 963 3254 1021 Christianorum
3302 957 3546 1032 gestandi
3585 957 3743 1028 hujus-

431 1047 535 1122 aut
566 1073 926 1127 sanctorum.
957 1073 1124 1126 Unde
1154 1088 1257 1142 per
1284 1071 1407 1126 haec
1447 1047 1649 1141 jurare
1678 1070 1883 1125 solitos
1912 1069 2080 1126 Chri-
2185 1061 2348 1117 modi
2376 1056 2684 1130 religionis
2731 1054 2922 1126 signa,
2971 1056 3037 1108 ut
3073 1047 3470 1106 necessitatem
3496 1047 3745 1111 induceret.

431 1156 654 1213 stianos
675 1158 1000 1214 Orientales
1031 1161 1101 1214 ad
1131 1161 1507 1216 sanciendam
1548 1165 1847 1230 pactorum
1881 1159 2080 1226 ﬁdem,
2186 1173 2468 1230 apparere
2527 1158 2723 1227 potest
2777 1169 2847 1207 ex
2901 1166 2970 1206 eo
3001 1149 3156 1220 quod
3216 1146 3422 1202 Noster
3447 1143 3628 1230 innuit,
3651 1143 3682 1199 ι.
3700 1159 3747 1230 ιι,

433 1247 603 1302 docet
660 1249 1046 1304 Cantacuzeni
1105 1248 1294 1320 locus,
1346 1249 1385 1304 1.
1419 1267 1504 1316 ιιι,
1625 1250 1710 1314 17,
1769 1265 1826 1319 p.
1855 1248 1958 1301 403
1988 1263 2004 1301 ε

2187 1224 2364 1313 εἶξε,
2397 1224 2674 1300 distribui
2726 1240 2910 1312 gratis
2966 1237 3169 1294 solitas
3197 1234 3479 1291 militibus
3527 1224 3752 1302 πεασμίας

442 1343 604 1413 Reg»
655 1338 986 1416 Συμϐἀσεις,
1063 1346 1355 1417 inquiens,
1408 1342 1465 1398 δὲ
1543 1342 1754 1416 θέμενοι
1810 1342 1934 1414 περὶ
1988 1361 2013 1394 τ

2189 1333 2402 1394 εἰκόνας
2436 1348 2628 1389 sacras
2674 1333 2894 1396 icones;
2951 1343 3099 1398 quas
3146 1323 3412 1379 videlicet
3452 1338 3481 1377 e
3506 1320 3630 1377 collo
3658 1336 3752 1375 sus-

439 1412 642 1504 γάμου,
695 1412 782 1486 xuii
853 1412 989 1487 κατᾶ
1042 1435 1104 1488 τὸ
1141 1412 1440 1506 -Ῥωμα-ίων
1495 1412 1616 1496 ἕθοξ
1671 1430 1717 1486 δ’
1774 1412 2004 1506 ἐγκὸλπί

2192 1441 2410 1498 pensus
2441 1423 2500 1477 in
2534 1420 2669 1476 ﬁdei
2704 1436 2771 1475 ac
2823 1415 3126 1488 religionis
3182 1419 3457 1469 tesseram
3507 1412 3753 1482 portarent.

442 1497 853 1591 épneotbcav'rec;
883 1523 981 1590 τήν
1033 1497 1462 1598 πρᾶξιν.’νίἀθο
1494 1525 1649 1581 554
1706 1497 1859 1578 ιιι]άο
1892 1523 2013 1577 locu

2192 1515 2357 1570 Dicet
2417 1515 2562 1568 forte
2619 1510 2903 1564 adversus
2961 1505 3246 1598 hactepus
3304 1504 3512 1598 statuta
3558 1497 3756 1594 argutior

443 1625 646 1680 parum
683 1612 978 1668 efﬁcacem
1031 1613 1221 1668 visum
1275 1613 1341 1668 iri
1403 1614 1471 1668 ad
1525 1613 1994 1668 conﬁrmandum

2194 1602 2490 1674 quispiam
2515 1641 2529 1666 ,
2563 1599 2714 1656 555
2772 1597 2948 1651 istam
2975 1587 3286 1664 ἐμπὲδωσιν
3317 1582 3605 1680 συμϐάςεων
3628 1584 3756 1680 γάμοι

449 1673 604 1768 quod
636 1699 856 1767 dixi,de
879 1703 1216 1773 juramento
1239 1701 1546 1757 ﬁrmandis
1570 1702 1753 1772 pactis
1785 1718 1886 1772 per
1907 1698 2020 1774 ἐγκέ

2196 1673 2264 1744 δι’
2299 1687 2637 1762 ἐγκολπίων,
2671 1687 2845 1757 cujus
2871 1687 3318 1740 Cantacuzenus
3348 1673 3760 1743 meminit,relerri

447 1767 546 1839 τξια
600 1788 724 1842 dari
781 1767 978 1860 solito,
1037 1790 1084 1845 si
1139 1790 1323 1846 lector
1385 1792 1456 1846 de
1544 1767 1651 1847 isto
1707 1767 2088 1845 Cantacuzeni
2118 1795 2167 1861 Β
2200 1777 2722 1851 adjusjul‘andum
2767 1791 2885 1830 non
2915 1788 3109 1845 P0555:
3159 1769 3436 1842 quoniam
3480 1767 3643 1822 suum
3669 1767 3762 1861 Ρξξδί

449 1876 785 1934 testimonio
807 1878 1036 1950 judicet
1065 1895 1136 1935 ex
1166 1882 1430 1936 versione
1460 1879 1844 1936 eruditissimi
1892 1876 2092 1933 Jacobi
2118 1851 2163 1861 -
2197 1869 2349 1924 idem
2383 1871 2587 1923 auctor
2635 1867 3113 1937 jurﬂmentowm
3144 1859 3238 1915 δίε
3293 1858 3660 1929 δάἱυυοδοτυω
3680 1851 3763 1950 ᾧ·

455 1968 703 2024 Pontani
733 1969 940 2024 nostri.
977 1970 1030 2024 Is
1062 1970 1220 2025 enim
1254 1969 1400 2025 nihil
1423 1969 1504 2024 ibi
1537 1968 1803 2042 agnoscit
1834 1983 2026 2023 sacrui

2196 1958 2380 2014 tincto
2435 1954 2773 2012 meminerit
2827 1952 2921 2008 his
2976 1949 3172 2006 verbis
3223 1950 3324 2001 τοῦ
3352 1938 3763 2019 παρακοιμωμὲνου

452 2059 523 2114 ad
584 2057 812 2114 civilem
893 2073 1167 2129 mereque
1229 2058 1551 2113 humanam
1627 2057 2023 2113 observatione

2198 2041 2256 2098 δὲ
2328 2044 2420 2098 καὶ
2495 2044 2690 2116 ὅρκους
2756 2040 3090 2114 προσθέντος
3147 2032 3439 2114 φρικώδεις
3492 2031 3572 2086 ἐπὶ
3623 2027 3763 2096 τούτῳ.

452 2153 664 2204 cuncta
693 2148 1067 2218 detorquens,
1098 2149 1237 2202 dum
1269 2147 1354 2202 sic
1383 2148 1561 2203 verba
1601 2148 1772 2202 modo
1804 2144 2023 2216 descrip

2198 2137 2460 2191 Primum
2519 2133 2844 2205 respondeo
2899 2145 3099 2186 vocem
3154 2125 3479 2200 προσθέντος
3529 2122 3590 2178 ad
3626 2118 3766 2192 ὅρκους

451 2237 655 2292 Latine
683 2208 914 2292 reddit:
943 2208 1282 2292 Paciscentes
1311 2239 1555 2308 nuptias,
1595 2245 1647 2291 et
1675 2251 1823 2290 more
1853 2208 2095 2290 Romano
2200 2219 2494 2301 φρικώδεις
2547 2221 2794 2278 relatam
2858 2219 3054 2291 POtius
3120 2216 3468 2272 οοηίίτωειτθ
3526 2208 3657 2308 (Ιυξδίξ
3687 2220 3768 2308 E95

445 2327 714 2398 pronubz‘s
727 2325 1106 2381 monilibusde
1123 2326 1260 2381 collo
1277 2295 1558 2394 gestiandis
1571 2328 1699 2381 acta
1713 2325 2097 2395 confirmantes
2199 2295 2457 2371 diximus
2490 2329 2503 2368 :
2538 2310 2834 2383 signiﬁcat
2860 2308 3018 2364 enim
3061 2303 3501 2378 Apocauchum,
3528 2298 3617 2398 qui
3643 2295 3768 2398 inihi?

449 2385 590 2470 Cum
625 2415 695 2470 ab
728 2415 887 2470 omni
911 2385 1370 2486 reprehendendi
1397 2431 1752 2487 quemquam
1783 2385 2094 2485 supercilio
2200 2406 2486 2478 loquitur,
2517 2421 2652 2460 cum
2709 2400 3039 2458 vehementi
3093 2399 3293 2455 studio
3353 2391 3677 2487 incumberet
3710 2385 3770 2484 ad

451 2513 736 2568 abhorreo
768 2474 995 2581 natura,
1018 2517 1142 2567 tum
1177 2513 1349 2584 hujus
1393 2474 1500 2568 viri
1535 2474 1826 2584 praecipua
1860 2474 1957 2567 ine
1995 2512 2097 2566 du-
2202 2474 2677 2569 Pel‘suadendum
2709 2488 3055 2563 Ρθίτίατοδεθ
3105 2487 3267 2560 (μιοά
3313 2482 3547 2547 νοίθδδίν
3575 2477 3634 2584 δᾳ
3656 2474 3771 2584 Pri?“

454 2602 595 2656 dum
626 2601 917 2656 veneratio
947 2574 1115 2656 valde
1145 2574 1405 2656 alie'num
1440 2574 1576 2657 facit
1619 2574 1848 2671 abejus
1877 2599 2098 2672 cogita—
2201 2595 2348 2650 illud
2389 2591 2803 2664 jusjurandum
2848 2586 3063 2656 lenius,
3115 2589 3291 2658 gestu
3340 2585 3558 2672 tantum
3581 2579 3630 2632 et
3658 2574 3773 2672 tactu

451 2688 611 2744 tione
641 2687 1415 2760 sugillandi.Tamenquia
1443 2655 2097 2744 veritascunctis‘aﬁ'e-
2204 2655 2518 2759 evacirile
2608 2679 2952 2745 exercitum,
3037 2655 3155 2732 alia
3247 2670 3532 2760 horibilia‘
3587 2655 3773 2760 φριῇδη

453 2777 646 2834 ctibus
675 2777 938 2847 antistat,
1009 2795 1124 2832 non
1187 2795 1428 2849 possum
1479 2779 1770 2834 abstinere
1818 2777 1958 2850 quin
2007 2777 2098 2832 hic
2205 2749 2566 2846 adjunxisse,
2596 2770 2727 2826 dira
2753 2769 2861 2825 sibi
2895 2766 3174 2822 nimirum
3207 2758 3572 2835 imprecando
3592 2755 3634 2810 si
3657 2749 3775 2850 falle-

457 2883 653 2922 meum
688 2867 760 2923 ab
780 2838 1229 2938 ejus'sententia
1249 2867 1543 2923 diversum
1569 2838 1858 2938 judicium
1890 2883 2100 2938 propo-
2205 2838 2313 2930 ret,
2352 2861 2728 2934 quo‘certius
2777 2857 2991 2912 faceret
3037 2855 3216 2910 ﬁdem
3271 2852 3575 2938 dictorumt
3619 2838 3778 2938 Βίξίῐιάθ

459 2973 618 3024 nam,
652 2957 977 3029 praesertim
1009 2973 1144 3010 cum
1179 2955 1347 3011 illum
1395 2956 1624 3011 videam
1657 2972 1785 3027 qua:
1829 2955 1885 3009 in
1921 2955 2100 3010 inter-
2205 2954 2296 3009 aio
2325 2931 2471 3008 istas
2498 2949 2822 3006 horrendas
2851 2944 3284 3002 exsecrationes
3333 2945 3390 2998 et
3416 2935 3606 3010 capitis
3653 2931 3776 3029 dero:

454 3016 780 3120 pretatione
811 3047 1024 3118 posuit,
1059 3046 1235 3103 etiam
1269 3046 1326 3101 in
1358 3047 1524 3104 Notis
1555 3016 1849 3102 afﬁrmare
1879 3050 2102 3101 astrue-
2204 3043 2396 3099 tiones
2443 3041 2554 3110 sui,
2615 3039 2688 3095 ab
2744 3035 3094 3109 Apocaucho
3150 3037 3299 3089 tunc
3351 3031 3555 3120 factas,
3596 3037 3687 3079 non
3731 3016 3779 3070 ad

450 3119 628 3209 reque
646 3136 1020 3209 diligentius;
1051 3154 1118 3194 ea
1139 3153 1310 3208 porro
1333 3136 1450 3192 sint
1474 3136 1842 3206 ejusmodiut
1865 3134 1975 3189 nisi
1995 3151 2090 3190 co-
2123 3159 2167 3228 ρ
2208 3135 2377 3204 pacta
2424 3127 2710 3201 nuptialia
2773 3124 3151 3198 pertinuisse,
3201 3122 3305 3178 sed
3355 3120 3425 3175 ad
3469 3119 3650 3172 caetera
3691 3119 3778 3177 qu”

451 3230 792 3296 arguantur,
819 3225 1226 3280 locumtenere
1249 3242 1422 3280 suum
1452 3242 1517 3280 ac
1549 3224 1779 3295 probari
1800 3227 2093 3295 nequeant
2125 3209 2167 3228 υ
2205 3221 2557 3295 persuadere
2587 3216 2928 3290 patriarchae
2959 3213 3255 3286 cupiebat,
3306 3224 3510 3282 nempe
3549 3209 3780 3296 vera‘esse

454 3285 582 3384 quuae
642 3285 841 3368 noster
897 3313 1282 3384 Pachymeres
1338 3313 1433 3368 hic
1482 3285 1758 3368 afﬁrmat.
1816 3285 2098 3368 Accenset
2203 3285 3780 3384 qumdeconsiliismagnidomesticipatriarchamdejicel‘ﬁ
3890 3285 3891 3346 ἕ

452 3404 536 3458 ibi
552 3403 830 3458 nimirum
847 3398 1424 3474 Ροιιιιιιιυεέγκόλπια
1451 3402 1697 3472 nuptiali
1725 3401 2094 3473 supellectili,
2204 3403 2416 3458 throno
2431 3396 2926 3455 meditantisfalso
2947 3391 3457 3450 etcalumniosead
3471 3391 3644 3460 ipsum
3661 3384 3783 3458 patri-

453 3491 660 3546 arrhas
717 3495 775 3546 et
817 3491 1085 3562 pronuba
1144 3491 1516 3561 munuscula,
1566 3507 1633 3546 ea
1684 3491 2096 3562 interpretans,
2207 3477 3778 3559 archamdetulerat;ejusquecalumniaeulﬁdemfaoeret.

452 3586 732 3659 qualibus
761 3588 872 3655 vir,
905 3587 1118 3658 inquit,
1151 3603 1408 3656 sponsam
1433 3604 1528 3644 seu
1551 3603 1784 3644 uxorem
1811 3587 1920 3642 sibi
1945 3590 2098 3657 [αω-
2208 3607 2276 3646 ac
2309 3605 2372 3645 se
2392 3587 2478 3642 illi
2501 3586 2706 3642 intime
2745 3583 3010 3656 jugendo
3048 3579 3276 3636 fraudis
3311 3577 3502 3636 omnis
3521 3580 3668 3647 atque
3685 3570 3784 3626 insi-

452 3694 573 3733 ram
604 3677 970 3748 oppignerare
997 3678 1396 3750 quodammodo
1442 3680 1744 3735 consuevit.
1784 3679 1850 3733 Et
1881 3677 2098 3732 mirum
2210 3679 2437 3733 diarum
2458 3675 2827 3747 suspiciones
2841 3668 3551 3735 amoliretur,afﬁnitatem
3564 3659 3781 3720 obtulerat

453 3766 656 3822 statim
690 3765 746 3821 in
779 3766 863 3838 [P.
896 3765 1023 3840 379]
1054 3766 1262 3822 talium
1294 3782 1487 3822 rerum
1539 3782 1780 3822 numero
1811 3764 2101 3822 nominari
2209 3785 2313 3840 per
2336 3765 2576 3837 nuptias
2599 3780 2718 3819 suae
2740 3761 2872 3817 ﬁliis
2895 3777 3030 3816 cum
3054 3759 3174 3814 ﬁlio
3198 3755 3558 3830 patriarcha;
3577 3753 3782 3822 inquam,

454 3856 764 3924 annulum,
825 3872 1034 3912 manus
1081 3855 1284 3927 utique
1312 3872 1380 3913 ac
1436 3855 1749 3928 digitorum
1781 3859 2103 3927 gestamen,
2210 3861 2276 3912 ut
2307 3860 2398 3912 est
2427 3855 2674 3922 dictum,
2703 3853 2822 3922 jam
2855 3851 3028 3906 ambo
3059 3851 3502 3910 consenserant,
3529 3847 3580 3897 et
3603 3851 3782 3896 consen-

453 3963 570 4002 non
605 3945 772 4002 sinus
824 3962 890 4002 ac
941 3946 1213 4016 pectoris,
1246 3950 1420 4016 prout
1467 3952 1591 4001 erat
1637 3949 1984 4011 necesse,ut
2030 3943 2101 3999 ad
2211 3961 2345 4002 sum
2395 3945 2775 3998 ﬁrmaverant
2821 3935 2890 3992 δι’
2938 3933 3248 4013 ἐγκολπίων
3303 3951 3408 4008 per
3433 3938 3633 3990 tactum
3658 3939 3782 3984 sacri:

453 4033 786 4110 ἐγκολπίων,
822 4050 1018 4090 rerum
1070 4052 1100 4090 e
1130 4034 1276 4090 collo
1321 4036 1380 4090 in
1440 4035 1638 4090 sinum
1699 4033 2101 4106 pendentium,
2211 4033 2421 4103 iconis,
2453 4047 2633 4103 quam
2669 4036 2912 4100 uterque
2957 4028 3223 4100 ipsorum
3272 4026 3347 4081 de
3379 4039 3534 4080 more
3559 4023 3669 4076 ante

456 4102 706 4182 classem
754 4127 1086 4181 referretur.
1151 4125 1365 4181 Contra
1402 4141 1471 4182 ea
1513 4142 1621 4181 nos
1671 4102 1922 4180 dicimus
1971 4139 2104 4178 cum
2213 4126 2311 4178 tus
2343 4102 2663 4193 pendulam
2715 4121 2990 4192 gestaret.
3040 4117 3232 4180 Quare
3272 4119 3427 4170 recte
3480 4111 3591 4166 hazo
3637 4102 3786 4193 ultimi

456 4223 656 4270 nostro
723 4213 1070 4286 Pachymere
1144 4214 1404 4286 vulgaris
1471 4231 1614 4270 usus
1663 4230 1729 4269 ac
1786 4211 2105 4285 promiscui
2214 4191 2389 4266 verba
2419 4191 2806 4265 Ponianusiin
2840 4209 3102 4262 nostram
3134 4202 3488 4260 sententiam
3521 4200 3596 4255 sic
3627 4191 3784 4285 vertit:

457 4299 730 4377 ἐγκόλπια
787 4303 992 4368 fuisse,
1052 4303 1514 4376 plurimumque,
1577 4321 1612 4359 a
1638 4319 1772 4359 vero
1815 4301 2106 4371 aberrare,
2213 4299 2534 4372 Apocaucho
2563 4300 2791 4369 insuper
2816 4298 2979 4367 caput
3025 4310 3187 4350 suum
3215 4290 3506 4349 horrendis
3531 4278 3786 4377 mem

460 4366 599 4450 talia
627 4391 820 4447 solum
854 4409 887 4448 a
912 4366 1104 4464 procis
1135 4393 1194 4448 in
1226 4366 1944 4464 conjugii'pignusdataﬁ
1965 4366 2108 4446 solis
2215 4366 2378 4443 nibus
2401 4366 2715 4453 devovente,
2748 4387 2812 4440 ni
2838 4366 3091 4440 sincerus
3139 4383 3228 4438 sit.
3262 4382 3350 4437 En
3381 4396 3495 4452 quo
3533 4366 3788 4464 smmi

461 4485 700 4552 accepta
728 4455 1064 4552 gestataque
1099 4455 1611 4552 nupturien‘tibusv
1637 4481 1819 4536 fuisse
1850 4455 2028 4535 femin

2219 4475 2444 4550 hio'pxm
2475 4471 2769 4553 φρικώδεις
2801 4472 3064 4545 adjuncti
3095 4466 3405 4543 ἐμπεδώσει
3437 4464 3506 4521 δι’
3533 4455 3786 4540 ἐγιολπῖων,

2368 4579 2379 4592 .
2569 4579 2585 4593 .
2846 4575 2881 4593 .-
2948 4574 3226 4593 ηημημ-
3293 4573 3393 4593 --λ
3451 4571 3515 4593 -.ι
3549 4557 3784 4593 ,μωςηηςε

459 4581 742 4636 Praeterea
816 4579 1225 4635 contendimus
1283 4579 1585 4652 religionis
1640 4579 1757 4634 ista
1828 4577 2108 4650 insignia,
2137 4557 2183 4593 υ
2217 4596 2336 4635 non
2356 4579 2484 4650 jam
2517 4579 2590 4633 ad
2622 4575 2924 4648 sponsalia
2944 4574 3258 4644 ﬁrmanda,
3291 4573 3397 4628 sed
3449 4571 3517 4626 ad
3546 4557 3785 4652 delationis

462 4687 579 4726 non
613 4667 916 4725 muliebris
947 4672 1175 4724 tantum
1223 4672 1325 4725 aut
1372 4668 1558 4725 civilis
1589 4671 1832 4724 ornatus
1863 4667 2108 4724 monilia
2216 4646 2502 4724 sinceram
2544 4646 2848 4722 veri—tatem
2907 4662 3404 4735 persuadendam.
3461 4656 3687 4726 Dedique
3719 4646 3786 4702 0b-

461 4761 686 4826 fuisse;
718 4757 930 4830 quippe
989 4775 1115 4830 qua
1173 4759 1288 4811 Θεῖα
1317 4755 1699 4830 ἐκτυπώματα,
1731 4757 1949 4812 divinas
1977 4759 2032 4826 fa

2215 4761 2408 4812 servet
2437 4755 2696 4828 prudens
2725 4753 2910 4809 lector
2937 4752 3263 4808 evidentem
3299 4755 3359 4806 et
3403 4737 3784 4814 irrefragabilem

460 4866 582 4904 mas
609 4849 930 4920 impressas
965 4853 1066 4903 aut
1093 4847 1419 4918 insculptas
1453 4848 1873 4920 praeferrent,et
1904 4845 2106 4902 merito
2215 4847 2588 4917 horumque
2621 4842 3269 4910 dixi,conﬁrmationem
3319 4857 3389 4895 ex
3420 4839 3540 4911 ipso
3576 4830 3666 4888 loci
3689 4841 3786 4882 cou-

460 4917 1068 4994 idcirco—vocarentur
1095 4936 1215 5011 ἱερὰ
1251 4917 1607 5011 πέριάμ-ματα
1652 4953 1812 4992 sacra
1840 4935 2105 5001 amulela,
2217 4940 2419 5007 spectu
2466 4934 2659 5006 palam
2705 4936 3051 4989 exstantem.
3102 4931 3382 4988 Refertur
3419 4929 3476 4982 in
3527 4923 3614 4980 illo
3660 4917 3789 4973 citato

459 5026 1792 5098 Putamusautemillum,cujusCantacuzenus
1816 5023 2104 5092 meminit,
2216 5025 2464 5081 historia
2512 5022 2900 5080 Cantacuzeni
2949 5020 3138 5092 capite
3187 5019 3542 5089 colloquium
3577 5015 3784 5098 arcanuln

456 5123 835 5175 Romanorum
890 5132 1098 5172 morem
1153 5089 1441 5188 Ῥαῖμαίων
1499 5111 1620 5178 ἔθος
1678 5132 1793 5170 non
1826 5115 1897 5170 ad
1938 5089 2109 5184 pacta
2216 5113 2557 5186 Apocauchi
2614 5129 2750 5167 cum
2812 5089 3192 5184 patriarcha:
3255 5108 3410 5163 inter
3463 5106 3518 5158 id
3571 5099 3653 5156 ille
3694 5089 3785 5188 huic
3890 5089 3891 5150 Τ

460 5207 752 5280 nuptialia
801 5207 1032 5280 proprie
1092 5176 1450 5277 restrictum,
1502 5176 1601 5263 sed
1653 5207 1725 5262 ad
1773 5176 1956 5260 omne
1995 5204 2108 5258 late
2216 5176 2346 5257 ﬁliae
2377 5201 2624 5274 propria:
2654 5216 2789 5255 cum
2813 5176 2953 5271 ejus
2975 5197 3094 5252 ﬁlio
3126 5195 3364 5268 nuptias
3393 5190 3596 5250 obtulit
3623 5203 3635 5240 :
3661 5176 3784 5254 patri-

461 5298 820 5372 pertinuisse
852 5299 1302 5354 conventionum
1333 5314 1539 5370 genus,
1583 5296 1664 5350 ita
1695 5299 1758 5348 ut
1779 5311 1846 5348 ex
1869 5309 2110 5348 consue-
2218 5293 2396 5348 archa
2451 5290 2814 5355 admittente,
2874 5291 3110 5360 pactum
3166 5287 3237 5341 ab
3297 5289 3544 5355 utroque
3582 5279 3785 5372 mutunin

459 5355 667 5445 tudine
697 5355 1857 5460 Constantinopolitano‘rum,quicunque
1878 5380 2106 5452 quidvis
2221 5377 2290 5434 δι’
2319 5377 2624 5455 ἐγκολπίων
2669 5355 2970 5434 ﬁrmatum
3000 5379 3090 5431 est
3120 5375 3190 5430 ad
3227 5374 3458 5430 duobus
3501 5365 3723 5460 patrihus
3740 5355 3786 5460 ξι

467 5440 662 5445 τ---ψ-
706 5440 1416 5460 -.ν-ςητ--ηη-τν--ψηνη
1491 5440 1503 5451 .
1535 5440 1552 5456 .
1761 5440 1779 5454 .
1895 5440 1910 5452 .
2359 5440 2370 5455 .
3505 5440 3516 5441 κ
3757 5440 3766 5455 .

464 5479 714 5534 invicem
777 5478 1160 5551 promiterent
1198 5494 1264 5532 ac
1323 5474 1765 5548 stipularentur,
1822 5487 1998 5525 manu
2033 5473 2100 5526 ad
2214 5471 2536 5526 liberorum
2564 5467 2836 5540 conjugio
2863 5467 2922 5522 in
2952 5465 3164 5521 horum
3197 5461 3464 5519 absentia
3487 5449 3785 5551 transigifnb'

467 5575 672 5641 pectus
721 5538 959 5624 admota
989 5573 1045 5624 et
1089 5567 1372 5624 revorenti
1404 5538 1666 5619 .attactu
1725 5538 2106 5633 pendenlium
2215 5561 2328 5616 bus
2375 5559 2511 5630 jure
2561 5538 2824 5630 paterno.
2859 5559 3040 5624 Quem
3091 5553 3186 5608 hic
3217 5567 3352 5624 ergo
3400 5550 3587 5641 locum
3631 5538 3784 5641 bibe}:

468 5614 589 5715 illic
620 5674 919 5712 sacrorum
944 5614 1338 5714 amuletorum
1365 5614 2106 5726 pollicitivﬁdemfacerent;
2216 5614 2352 5722 post
2375 5614 2712 5703 "arrharum
2769 5614 3127 5718 nuptialium
3184 5614 3314 5696 autv
3347 5630 3591 5710 pronubi
3637 5614 3783 5684 annuli
