3978 6182
267 308 411 365 1017

1737 307 2219 366 GLOBSABIUM.

3542 309 3681 365 1018

266 450 533 517 traditio,
570 465 750 522 quam
783 449 878 507 hic
904 449 1194 523 interpres
1226 451 1501 523 cogitavit
1523 451 1551 506 ?
1579 451 1689 507 Sed
1724 451 1793 507 de
1823 451 1918 507 his
1949 435 2001 500 Α
2032 434 2299 523 expedito
2329 440 2420 491 θεῖ
2450 435 2619 491 Forte
2647 432 2826 523 51°”?
2848 433 3070 523 (“9mm
3096 439 3159 489 ιη
3178 433 3436 523 προσιτόν
3456 453 3490 491 ⁸
3519 442 3675 493 τεοῖο

271 538 411 611 plus
442 539 612 595 satis.

342 648 409 719 [P
438 646 790 723 380]Εἷρκτή
826 649 1006 723 νήθης
1047 666 1105 721 p.
1164 651 1291 704 247.
1348 650 1474 705 Νοη
1536 649 1737 705 dubito
1784 649 1925 720 quin

274 738 396 792 haec
418 738 685 792 scribens
709 737 988 793 habuerit
1016 737 1074 792 in
1094 739 1290 795 animo
1313 739 1698 810 Pacbymeres
1720 739 1926 793 Proco-

268 826 349 898 pii
378 826 574 881 locum
607 826 646 881 l.
674 843 691 880 ι
728 827 798 882 De
829 828 966 883 belle
996 828 1213 883 Persico
1244 845 1293 882 ο.
1325 828 1381 895 5,
1441 828 1540 883 ubi
1607 829 1677 882 de
1741 828 1925 883 Persis

269 914 739 970 deliberantibus
772 916 914 986 quid
951 917 1021 971 de
1056 933 1189 989 rege
1220 917 1447 972 Cabade
1480 918 1708 972 redacto
1738 916 1796 971 in
1831 934 1923 971 or-

268 1002 469 1059 dinem
501 1004 905 1069 decernerent,
938 1010 1141 1061 auctor
1169 1005 1292 1061 ait:
1350 1006 1419 1062 Οι
1467 1002 1525 1058 δὲ
1578 1010 1779 1059 κτεῖναι
1833 1002 1929 1058 ἄν-

269 1088 371 1166 δρα
424 1090 705 1166 βασιλείου
736 1089 969 1165 αἵματος
999 1090 1113 1147 οὐδ’
1148 1090 1407 1167 ἔγνωσαν,
1436 1091 1564 1149 ἀλλ’
1593 1091 1645 1147 ἐν
1679 1095 1927 1171 φρουρίῳ

266 1181 566 1254 καθεῖρξαι,
626 1179 759 1255 ὅπερ
814 1188 914 1251 τῆς
963 1180 1147 1253 λήθης
1204 1181 1391 1238 καλεῖν
1441 1180 1801 1255 νενομίκασιν
1860 1182 1927 1251 ἦν

269 1268 373 1344 γάρ
403 1290 485 1331 τις
514 1268 738 1324 ἆνταῦθα
786 1266 1089 1342 ἐμϐληθεὶς
1135 1270 1278 1345 τύχη
1306 1271 1405 1325 οὐκ
1432 1268 1509 1326 ἔτι
1560 1272 1732 1341 νόμος
1777 1271 1925 1348 σφίσι

271 1360 493 1433 γνήμην
550 1358 716 1413 αὐτοῦ
771 1358 927 1425 εἶναι,
982 1358 1129 1414 ἀλλὰ
1190 1361 1419 1423 θάνατος
1477 1361 1557 1432 τῷ
1615 1360 1925 1431 ὡνομακότι

271 1449 305 1515 ἡ
370 1446 557 1517 ζημία.
614 1448 707 1502 Διὸ
764 1448 853 1502 καὶ
886 1450 986 1517 τήν
1042 1448 1354 1522 ἐπωνυμίαν
1385 1448 1587 1517 ταύτην
1620 1449 1756 1524 πρὸς
1790 1455 1927 1522 Περ-

269 1538 376 1588 σῶν
411 1534 632 1611 ἔλαχεν.
673 1540 784 1593 lloc
816 1544 904 1594 est
933 1556 1002 1594 ex
1022 1539 1344 1595 novissima
1376 1540 1599 1610 optima
1629 1538 1922 1594 versione:

268 1627 614 1683 Abhorruere
671 1628 825 1684 556
901 1632 1083 1683 tamen
1137 1644 1333 1683 eorum
1388 1628 1569 1683 animi
1618 1630 1686 1683 ab
1745 1629 1920 1699 effun-

269 1715 445 1771 denda
476 1719 621 1787 regio
649 1719 942 1788 sanguine,
971 1717 1216 1789 satisque
1274 1719 1586 1773 habuerunt
1644 1731 1930 1771 asservare

273 1804 546 1859 Cabadem
588 1804 651 1860 in
698 1807 929 1862 castello
975 1806 1293 1873 oblivionis,
1323 1810 1403 1862 ita
1459 1807 1607 1862 dicto
1663 1823 1736 1862 ea;
1785 1808 1924 1875 lege,
1956 1804 2004 1869 B

272 1908 403 1965 qua
429 1894 494 1949 de
517 1910 577 1949 eo
607 1897 701 1965 qui
728 1897 902 1965 fuerit
935 1896 1072 1951 illuc
1103 1897 1380 1963 coniectus
1435 1898 1777 1951 mentionem
1824 1912 1924 1949 un-

270 1999 441 2054 quam
468 1985 594 2053 ﬁeri
615 1987 782 2051 vetat,
810 2001 970 2055 poma
1028 1984 1198 2040 etiam
1243 1986 1483 2056 capitati
1515 1986 1585 2039 iis
1642 1986 1927 2055 proposita

270 2073 369 2142 qui
394 2071 574 2143 ipsius
594 2088 793 2128 nomen
811 2074 1165 2143 pertulerint.
1192 2074 1324 2142 Quae
1342 2090 1517 2129 causa
1536 2073 1653 2144 fuit
1675 2074 1925 2145 appella-

269 2160 442 2216 tionis
470 2161 950 2231 ejusmodi.Vides
983 2162 1040 2216 in
1071 2162 1185 2229 his,
1221 2167 1287 2217 ut
1346 2179 1491 2230 rem,
1545 2162 1629 2217 sic
1670 2162 1926 2233 appella-

272 2248 496 2303 tionem
532 2247 751 2322 εἰρκτῆς
793 2245 938 2318 λήθη
972 2267 1039 2305 ex
1074 2250 1308 2307 Perside
1331 2250 1579 2306 venisse.
1618 2255 1683 2305 Et
1744 2252 1926 2307 fuisse

268 2337 352 2392 ibi
384 2338 617 2393 videtur
634 2344 791 2394 certa
822 2341 1113 2406 custodia,
1146 2340 1201 2394 in
1238 2357 1415 2411 quam
1471 2340 1568 2410 qui
1620 2342 1921 2405 darentur,

272 2427 344 2482 de
374 2427 448 2482 iis
494 2427 851 2484 mentionem
902 2428 1111 2485 deinde
1174 2430 1387 2484 inferre
1444 2429 1620 2483 ullam
1679 2428 1923 2499 capitale

269 2516 440 2572 foret.
471 2516 599 2571 Pari
632 2516 898 2588 exemplo
930 2517 1251 2589 imperator
1288 2516 1503 2573 Michal
1536 2517 1921 2589 Pala‘ologus,

272 2605 399 2677 Qui,
424 2606 564 2661 dum
588 2611 744 2661 esset
769 2606 1048 2677 privatus,
1075 2607 1129 2660 in
1148 2608 1383 2662 Perside
1402 2607 1606 2665 fuerat.
1634 2612 1696 2661 ut
1717 2607 1924 2663 Noster

271 2695 444 2750 doeet
474 2694 511 2749 l.
547 2712 585 2757 ι.
618 2694 851 2749 videtur
884 2694 1211 2751 imitatione
1244 2714 1387 2751 usus
1418 2712 1593 2768 quem
1624 2696 1701 2751 ibi
1728 2696 1920 2751 visum

274 2782 1003 2855 probaverat,instituisse
1036 2790 1100 2839 ut
1138 2802 1286 2855 quos
1347 2785 1627 2841 Nicaeensi
1688 2785 1919 2841 cuidam

266 2871 498 2927 carceri
529 2871 947 2943 mancipasset,
972 2874 1029 2927 in
1064 2879 1405 2945 perpetuum
1440 2874 1519 2929 ibi
1562 2880 1921 2941 tenerentur,

272 2976 385 3015 nec
415 2959 728 3031 quisquam
752 2977 917 3017 orare
944 2978 1045 3033 pro
1090 2962 1162 3017 iis
1211 2969 1312 3017 aut
1367 2962 1608 3018 omnino
1658 2968 1923 3035 satagere

264 3048 359 3104 vel
408 3049 702 3104 mentione
761 3054 932 3105 tenus
989 3050 1246 3106 auderet.
1307 3055 1469 3105 Hanc
1534 3050 1921 3107 imitationem

266 3137 469 3193 innuit
500 3137 783 3209 particula
808 3137 1217 3193 similitudinis
1240 3137 1333 3205 ὡς,
1366 3140 1636 3195 indicans
1658 3140 1919 3195 Niczeen-
1950 3150 1993 3219 ρ

265 3243 394 3283 sem
428 3227 754 3283 custodiam
788 3226 1109 3299 Palaaologo
1138 3227 1314 3283 fuisse
1374 3245 1478 3300 pro
1509 3244 1638 3283 arce
1692 3234 1792 3282 aut
1821 3246 1919 3285 ca-

265 3315 464 3385 stello,
485 3333 660 3388 quam
680 3317 862 3372 Persae
881 3316 1807 3388 vocabantnomineequivalente
1828 3317 1921 3374 his

264 3405 487 3461 Graecis
509 3405 749 3462 vocibus
772 3404 1032 3478 φρούριον
1054 3403 1254 3475 λήθης.
1281 3406 1422 3462 Nam
1441 3425 1555 3463 non
1572 3413 1660 3463 est
1676 3408 1918 3463 audien-

263 3496 385 3551 dus
406 3494 859 3566 Christopborus
884 3500 1161 3565 Persona,
1186 3497 1329 3551 dum
1354 3497 1431 3552 ibi
1456 3495 1713 3572 φρούριον
1744 3494 1921 3565 λήθης

264 3584 478 3639 Latine
501 3583 690 3639 reddit
717 3583 1026 3640 custodiam
1055 3600 1181 3657 quae
1211 3585 1364 3640 lethe
1396 3586 1708 3652 vocabatur,
1751 3586 1920 3657 quasi

264 3669 419 3741 λήθη
459 3672 598 3728 lethe
627 3672 948 3739 Persicum,
985 3691 1098 3729 non
1125 3673 1389 3729 Graecum
1438 3674 1785 3729 vocabulum
1821 3674 1918 3729 sit.

260 3760 437 3815 Haud
458 3760 630 3830 paulo
649 3762 999 3831 prudentius
1018 3761 1258 3817 ultimus
1276 3771 1673 3833 tempore,non
1692 3762 1917 3832 merito,

260 3847 561 3919 interpres
584 3849 847 3920 Procopii
870 3848 1151 3905 Claudius
1176 3850 1480 3905 Mallretus
1508 3854 1706 3905 noster
1752 3848 1919 3923 φρού-

262 3955 389 4011 ριον
423 3933 601 4005 λήθης
627 3937 931 3993 castellum
959 3939 1251 3994 oblivionis
1286 3939 1481 3994 Latine
1524 3938 1795 3994 reddidit.
1858 3940 1918 3993 In

260 4041 387 4099 quo
417 4025 599 4081 videri
638 4026 825 4097 possit
855 4026 903 4081 si
936 4044 1073 4083 casu
1107 4028 1363 4098 quodam
1398 4026 1689 4098 praeivisse
1718 4025 1916 4082 Pacbi-

264 4131 487 4183 meres,
520 4115 661 4170 dum
694 4113 731 4171 l.
767 4133 842 4181 ιν,
867 4116 938 4173 de
971 4115 1083 4171 isto
1116 4117 1319 4171 eodem
1362 4132 1542 4188 agens
1599 4115 1917 4188 ergastulo,

262 4204 328 4259 in
367 4204 521 4274 quod
555 4219 623 4258 ea
682 4204 1019 4259 conditione
1076 4205 1385 4260 subibatur
1437 4209 1503 4261 ut
1550 4206 1714 4261 nefas
1765 4208 1919 4261 esset

256 4291 411 4347 illuc
461 4290 639 4347 semel
696 4291 1166 4348 introductorum
1251 4294 1547 4363 memisse,
1598 4294 1743 4349 illud
1819 4289 1915 4347 κᾶ·

257 4398 430 4455 στρον
462 4388 707 4436 castrum
737 4381 856 4436 sive
886 4384 1168 4437 castellum
1197 4381 1691 4454 ἀντονομαπικῶςς
1714 4382 1917 4455 appel-

2033 522 2264 594 προσιτά
2301 524 2637 595 accessibile,
2671 529 2735 579 ut
2784 520 2981 575 εἲσιτόν
3047 522 3337 595 significet
3363 522 3676 581 introduci-

2036 612 2165 677 bite,
2195 618 2259 667 ut
2278 614 2361 669 sic
2380 615 2591 683 dicam,
2617 614 2701 670 vel
2723 614 3004 669 introduci
3018 614 3267 685 dignum,
3293 618 3462 687 quasi
3480 616 3672 671 dicere

2031 700 2267 767 vellent,
2294 704 2645 773 quaestiones
2678 720 2803 775 qua:
2837 721 2869 759 a
2900 707 3087 760 Vecco
3130 709 3520 773 moverentur,
3557 720 3673 758 non

2034 809 2162 848 esse
2185 795 2389 865 dignas
2411 812 2537 866 quae
2556 796 3137 851 introducerenturin
3161 797 3399 852 domum
3426 796 3548 861 Dei,
3569 795 3679 849 hoc

2034 888 2123 938 est
2180 884 2505 940 ecclesiam.
2561 888 2642 939 An
2700 886 2895 956 potius
2950 884 3419 940 existimabimus
3485 880 3675 953 εἷσιτά,

2034 972 2292 1043 positum
2333 989 2436 1045 pro
2494 970 2711 1042 εἰσιτέα,
2769 992 2835 1030 eo
2894 990 3074 1030 sensu
3118 978 3181 1027 ut
3234 989 3445 1045 negare
3500 971 3682 1027 velint

2032 1061 2459 1118 introducenda
2485 1064 2608 1119 haec
2633 1062 2813 1120 fuisse
2835 1064 2895 1119 in
2930 1063 3277 1131 Ecclesium,
3303 1062 3519 1134 quippe
3550 1077 3677 1131 quis

2037 1150 2166 1221 ejus
2198 1152 2457 1224 quietem
2490 1154 2819 1209 turbarent.

2102 1246 2412 1319 Ἐκκλητον
2460 1268 2515 1321 p.
2562 1251 2687 1307 375.
2737 1249 2840 1305 Hic
2898 1249 3210 1306 manifeste
3272 1250 3334 1303 τὸ
3413 1246 3677 1317 ἔκκλητον

2034 1344 2205 1394 sonat
2226 1342 2323 1410 jus
2350 1343 2771 1412 provocationis.
2807 1339 3077 1412 Alioquin
3113 1340 3307 1395 inanis
3344 1344 3499 1395 esset
3556 1354 3681 1408 quas

2033 1427 2272 1483 affertur
2302 1431 2448 1485 ratio
2479 1430 2547 1484 ad
2582 1430 2732 1486 557
2767 1429 3105 1485 leniendum
3149 1426 3213 1498 [P
3260 1428 3386 1499 381]
3441 1441 3684 1481 conces-

2034 1516 2219 1573 sionis
2251 1516 2431 1584 huius
2460 1518 2921 1574 incommodum.
2956 1518 3172 1588 Nempe
3219 1518 3375 1589 quod
3418 1515 3529 1570 tale
3556 1515 3681 1585 jus,

2034 1604 2169 1660 licet
2201 1623 2234 1661 a
2282 1606 2494 1662 Graecis
2543 1623 2914 1669 concessum,
2968 1606 3431 1677 haudquaquam
3483 1608 3680 1659 tamen

2034 1695 2423 1766 redigendum
2441 1695 2499 1749 in
2525 1696 2749 1766 praxim
2772 1694 3107 1762 videretur;
3135 1694 3364 1749 nemine
3384 1692 3679 1748 verisimi-

2035 1784 2169 1840 liter
2197 1794 2467 1842 curaturo
2490 1786 2748 1841 conferre
2780 1802 2842 1841 se
2874 1783 3376 1855 Constantinopoli
3430 1783 3676 1837 Romam

2035 1873 2326 1930 laborioso
2357 1880 2415 1931 et
2464 1874 2792 1947 periculoso
2836 1879 2923 1931 tot
2970 1873 3222 1929 marium
3276 1873 3546 1943 trajectu,
3608 1871 3680 1923 ad

2035 1963 2195 2020 litem
2229 1982 2397 2021 suam
2424 1964 2828 2037 provocatione
2858 1963 2997 2018 illuc
3020 1963 3361 2018 translatam
3385 1961 3465 2016 ibi
3485 1975 3680 2031 perse-

2035 2054 2351 2123 quendam.
2375 2054 2477 2109 Est
2506 2070 2643 2125 ergo
2676 2053 2798 2108 sine
2825 2051 3002 2107 dubio
3021 2049 3083 2104 τὸ
3106 2044 3397 2117 ἔκκλητον,
3424 2049 3524 2118 jus
3544 2064 3678 2119 pro-

2029 2141 2347 2197 vocationis
2379 2142 2640 2212 ajudicio
2663 2140 3011 2212 patriarchae
3039 2137 3675 2209 Constantinopolitani

2031 2240 2087 2287 et
2119 2231 2366 2287 aliorum
2402 2230 2785 2286 Orientalium
2817 2231 2887 2284 ad
2913 2229 3244 2301 pontificem
3301 2228 3623 2282 Romanum
3656 2244 3671 2294 ;

2031 2323 2200 2387 cujus
2226 2321 2381 2389 juris
2405 2319 2625 2391 agnitio
2658 2319 3057 2390 professioque
3080 2334 3262 2373 unum
3284 2321 3410 2371 erat
3442 2318 3674 2370 etribus

2030 2408 2337 2478 praecipuis
2370 2407 2653 2478 capitibus
2687 2423 2812 2477 qua:
2870 2408 2938 2461 ad
2986 2405 3361 2461 ecclesiarum
3396 2402 3675 2457 consilia-

2031 2498 2247 2552 tionem
2298 2515 2330 2550 a
2374 2496 2594 2551 Grzecis
2642 2496 3048 2565 exigebantur.
3083 2494 3161 2548 Ea
3190 2492 3381 2563 capita
3428 2490 3521 2545 his
3568 2489 3673 2543 tri-

2029 2587 2141 2641 bus
2171 2586 2363 2641 verbis
2387 2585 2849 2657 designabantur
2876 2583 2939 2635 τὸ
2988 2585 3282 2655 πρωτεῖον,
3339 2579 3402 2632 τὸ
3466 2576 3677 2649 μνημό-

2029 2696 2207 2743 συνον,
2237 2675 2300 2729 τὸ
2331 2674 2614 2745 ἐκκλητον.
2667 2675 2961 2730 Primatus
2986 2689 3167 2744 papae,
3200 2670 3462 2741 ejusdem
3524 2669 3676 2722 inter

2029 2783 2196 2820 sacra
2219 2765 2452 2834 publica
2481 2763 2982 2829 commemoratio,
3016 2766 3310 2833 postremo
3334 2759 3436 2828 jus
3471 2755 3675 2827 appel-

2028 2853 2262 2909 lationis
2283 2855 2353 2909 ad
2379 2854 2646 2908 eumdem
2666 2870 2699 2906 a
2721 2850 3029 2907 sententiis
3054 2848 3413 2918 synodorum
3438 2850 3539 2900 aut
3571 2861 3669 2915 pa-

2030 2942 2439 2998 triarcharum.

2100 3037 2557 3110 Ἑλλησποντίας.
2592 3040 2804 3112 p.396.
2854 3037 3023 3093 Venti
3084 3052 3320 3104 nomen,
3372 3038 3437 3089 ut
3495 3033 3669 3107 ἀπαρ-

2029 3128 2201 3192 κτίας.
2234 3131 2456 3185 Ventus
2473 3129 2787 3186 vehemens
2808 3127 2956 3183 ﬂans
2973 3127 3043 3181 ab
3066 3125 3457 3196 Hellesponto.

2124 3225 2510 3301 Ἐναιθριάζειν
2562 3245 2623 3300 p.
2686 3227 2807 3280 405.
2870 3225 2993 3279 Non
3070 3228 3159 3279 est
3228 3221 3323 3277 hic
3402 3217 3672 3293 ἐλαιθριά-

2028 3323 2134 3388 ζειν
2182 3322 2280 3377 sub
2322 3322 2411 3376 dio
2454 3336 2615 3376 esse:
2679 3335 2911 3375 summa
2959 3316 3114 3371 enim
3152 3320 3370 3377 aestate,
3409 3318 3474 3368 ut
3529 3321 3671 3366 tunc

2025 3417 2167 3476 erat,
2198 3410 2523 3465 meridiano
2557 3408 2677 3464 sole
2709 3409 2985 3476 fervente,
3013 3406 3168 3462 haud
3197 3407 3353 3459 esset
3382 3401 3482 3457 illa
3512 3417 3671 3455 com-

2027 3500 2203 3554 moda
2234 3497 2426 3554 statio.
2464 3497 2911 3569 Intelligendum
2954 3512 3091 3567 ergo
3150 3493 3558 3564 imperatorem
3593 3491 3662 3543 ad

2025 3603 2227 3642 auram
2259 3603 2289 3642 e
2322 3585 2763 3658 septentrionali
2796 3586 2938 3641 forte
2966 3589 3198 3657 patente
3233 3583 3487 3637 fenestra
3516 3580 3661 3633 flan-

2025 3679 2143 3729 tem
2180 3676 2359 3739 frigus
2390 3679 2678 3746 captasse.
2713 3679 2827 3730 Aut
2857 3675 2905 3729 si
2939 3674 3150 3745 frigore
3166 3670 3319 3727 aeris
3342 3684 3585 3724 camerae
3608 3667 3662 3722 vi

2024 3779 2057 3816 a
2079 3763 2207 3818 coeli
2227 3764 2431 3819 ardore
2454 3763 2677 3818 defensi
2700 3762 2915 3817 clausis
2936 3759 3203 3817 fenestris
3219 3758 3511 3818 utebatur,
3532 3752 3665 3807 ἐναι-

2024 3852 2259 3926 θριάζειν
2313 3870 2417 3925 pro
2468 3852 2793 3921 refrigerari
2846 3854 3097 3923 positum
3154 3848 3373 3914 fuerit;
3444 3860 3510 3899 ex
3594 3859 3661 3897 eo

2024 3944 2179 4016 quod
2215 3942 2563 4013 plerumque
2587 3941 2705 4009 fiat,
2734 3943 2798 3993 ut
2826 3956 2953 4009 quae
2986 3938 3097 3992 sub
3128 3936 3268 3990 caelo
3326 3936 3525 4003 aperto
3557 3932 3660 4000 ja-

2024 4039 2155 4092 cent
2188 4031 2623 4103 refrigerentur,
2657 4026 2942 4083 translato
2964 4044 3030 4082 eo
3059 4025 3233 4081 verbo
3255 4025 3428 4079 etiam
3466 4021 3533 4075 ad
3572 4035 3660 4073 re-

2024 4120 2459 4195 frigerationem
2488 4134 2613 4188 quis
2645 4115 2814 4171 aliter
2843 4114 3052 4169 evenit.
3088 4114 3144 4168 L.
3170 4128 3248 4178 vx,
3290 4126 3340 4164 c.
3380 4108 3470 4174 29,
3497 4122 3660 4161 men-

2019 4214 2099 4268 tio
2130 4204 2409 4267 ῐίιῦδατος
2440 4202 2913 4275 ἐξαιθριαζομὲνου
2969 4217 3128 4273 aqum
3183 4200 3283 4255 sub
3338 4196 3429 4251 dio
3485 4197 3660 4264 refri-

2017 4310 2215 4373 ger-alae
2248 4317 2261 4367 ;
2297 4297 2473 4370 quod,
2492 4300 2550 4351 et
2570 4294 2620 4350 si
2645 4300 2786 4348 tunc
2813 4307 3045 4364 quoque
3067 4295 3241 4345 a-stas
3260 4291 3405 4350 erat,
3431 4282 3658 4338 facilius

2018 4389 2371 4462 iutelligitur
2395 4404 2497 4459 per
2526 4389 2755 4440 noctem
2788 4384 3031 4438 factum.
3060 4383 3129 4435 At
3157 4380 3265 4434 hoc
3287 4383 3410 4431 loco
3442 4375 3661 4428 diserta

254 4471 371 4527 lat.
404 4471 545 4526 Cum
578 4470 735 4525 enim
769 4470 838 4525 de
868 4469 1176 4527 Barlaamo
1229 4474 1507 4543 quodam,
1541 4472 1788 4543 inquieti
1848 4488 1914 4527 ac
1944 4516 1989 4544 η
2020 4484 2085 4537 δι
2115 4480 2229 4537 dici
2288 4476 2530 4543 mentio,
2592 4490 2725 4529 cum
2768 4472 3170 4544 designatione
3216 4466 3368 4522 hom
3414 4462 3663 4535 pomeri-

256 4556 527 4628 suspecti
557 4556 777 4628 ingenii
808 4556 1068 4628 homine,
1102 4559 1397 4614 retulisset
1428 4560 1756 4615 decrevisse
1806 4558 1911 4613 im-

254 4649 595 4718 peratorem
620 4645 872 4701 eximere
902 4645 1015 4701 sibi
1037 4646 1218 4703 semel
1249 4664 1482 4704 omnem
1506 4647 1564 4702 in
1611 4653 1908 4719 posterum

255 4737 337 4792 de
394 4734 495 4789 illo
549 4739 772 4791 metum
819 4734 1301 4804 sollicitudinem,
1348 4754 1463 4809 quo
1523 4737 1579 4792 id
1636 4752 1911 4809 esseque-

255 4828 450 4891 retur,
484 4824 567 4879 ait
596 4824 942 4896 praecepisse
973 4826 1205 4880 cuidam
1239 4843 1269 4881 e
1301 4827 1413 4882 sibi
1447 4826 1754 4883 ﬁdissimis
1779 4843 1910 4881 eum

252 4912 519 4968 Nicaeam
553 4913 864 4981 abducere,
899 4930 964 4968 ac
987 4914 1063 4968 ibi
1098 4914 1203 4985 πρὸ
1231 4917 1326 4967 τοῦ
1359 4913 1434 4974 εἷς
1483 4914 1714 4985 κάπρον
1766 4912 1913 4967 εἷσα-

251 5002 454 5077 γαγεῖν
486 5006 761 5074 περῆσαι,
793 5004 900 5053 τῶν
940 4999 1265 5077 ὀφθαλμῶν,
1322 5005 1651 5076 priusquam
1706 5005 1769 5060 in
1822 5019 1913 5058 ca-

252 5088 490 5146 stellum
522 5089 919 5158 indroduceret,
939 5092 1111 5147 oculis
1138 5094 1378 5163 privare.

341 5193 532 5250 Εἱσιτά
561 5214 617 5269 p.
650 5197 768 5253 478.
830 5197 1012 5254 Multa
1059 5205 1181 5255 toto
1243 5200 1351 5255 hac
1412 5204 1701 5255 commate
1753 5196 1913 5271 ἀνᾶρο

256 5292 404 5350 ιεητα
433 5290 489 5341 et
518 5286 761 5342 invicem
805 5287 1128 5343 inconnexa
1185 5294 1500 5361 ponuntur.
1563 5287 1911 5359 Exprimun-

264 5380 371 5431 tur
401 5373 555 5431 enim
580 5375 847 5446 carptim,
873 5376 1015 5431 solis
1035 5376 1219 5433 initiis
1242 5378 1665 5434 sententiarum
1691 5376 1913 5432 deliba-

257 5461 368 5531 tis,
402 5479 530 5534 quas
565 5463 766 5531 Graeci,
800 5480 1001 5535 pacem
1036 5482 1167 5521 cum
1206 5467 1425 5523 Latinis
1451 5465 1604 5521 haud
1635 5482 1702 5523 ex
1718 5465 1912 5521 animo

261 5553 608 5626 probantes,
640 5553 699 5607 in
732 5552 972 5625 scriptis
1004 5554 1173 5610 Vecci
1206 5555 1729 5629 reprehendebant.
1762 5554 1911 5620 Quid

261 5646 464 5699 autem
496 5640 593 5701 hic
629 5646 801 5699 sonet
827 5647 930 5698 aut
958 5642 1099 5714 quid
1129 5644 1182 5701 si
1221 5661 1329 5704 vox
1383 5641 1577 5717 ιῗσιτόί,
1635 5643 1793 5701 haud
1849 5644 1912 5701 in

1940 4516 1989 4581 D

2021 4572 2228 4629 dianae.

2092 4664 2343 4737 Ἐνδυτή,
2405 4681 2463 4736 p.
2514 4661 2639 4717 385.
2696 4661 2867 4717 Recte
2918 4659 3211 4715 Meursius
3274 4658 3439 4711 docet
3511 4646 3662 4705 ἐνδυ-

2020 4759 2118 4828 τήν
2144 4776 2271 4814 esse
2301 4767 2643 4827 supremum
2676 4767 2853 4805 sacra:
2878 4767 3091 4805 mensas
3144 4748 3480 4802 instratum.
3544 4740 3663 4795 Pri-

2024 4866 2188 4903 mum
2222 4846 2377 4901 enim
2416 4839 2852 4896 insternebatur
2895 4856 3003 4894 arte
3052 4837 3205 4910 quod
3254 4834 3467 4889 dicitur
3514 4829 3663 4883 am-

2028 4937 2264 5009 μίνσιον,
2316 4950 2484 4991 sacra
2547 4949 2780 5006 mappa,
2828 4935 2968 4985 tunc
3025 4932 3257 4983 tantum
3334 4921 3663 4979 necessario

2024 5028 2378 5099 imponenda
2397 5026 2589 5096 altari,
2622 5022 2857 5094 quando
2897 5035 3011 5075 non
3044 5017 3350 5072 constabat
3398 5031 3469 5067 an
3519 5010 3661 5065 illud

2023 5119 2233 5174 fuisset
2252 5120 2684 5173 consecratum.
2710 5113 2899 5182 Supra
2924 5108 3065 5164 illud
3080 5152 3092 5176 ,
3120 5113 3221 5163 aut
3238 5123 3417 5179 supra
3440 5103 3659 5158 nudam

2024 5225 2182 5264 aram
2216 5213 2370 5264 certo
2429 5208 2742 5266 sacratam,
2793 5201 3211 5258 extendebatur
3268 5198 3324 5253 in
3382 5210 3664 5269 praepara-

2023 5289 2182 5345 tione
2230 5289 2485 5345 sacrifici
2535 5285 2807 5351 linteum,
2871 5282 3025 5354 quod
3087 5278 3462 5352 appellabant
3499 5271 3661 5327 κατά-

2024 5387 2216 5453 σαρκα,
2250 5395 2429 5449 supra
2479 5374 2633 5447 quod
2693 5371 2960 5428 videlicet
3014 5367 3227 5443 ἀμίσως
3284 5382 3496 5438 corpus
3542 5359 3661 5416 sive

2023 5485 2157 5525 caro
2191 5467 2417 5525 Domini
2458 5466 2517 5520 in
2563 5460 2920 5519 eucharistia
2971 5464 3103 5533 post
3158 5455 3658 5515 consecrationem

2022 5574 2284 5629 praesens
2316 5552 2729 5613 reclinabatur.
2791 5550 2851 5605 Id
2894 5549 3086 5605 velum
3141 5546 3421 5619 corporale
3476 5544 3660 5601 Latini

2027 5662 2321 5706 vocamus.
2354 5644 2471 5702 Nec
2490 5640 2625 5715 plus
2648 5646 2770 5695 erat
2798 5637 2859 5693 in
2890 5637 3019 5711 ipsa
3044 5637 3341 5695 {unctione
3363 5632 3655 5692 sacriﬁcii.
