3968 6202
421 269 561 327 1019
1482 264 1545 316 p.
1585 261 1872 332 possmi
1902 257 1988 312 os

2151 256 2516 318 VATIONUM
2554 266 2686 320 LIB.
2731 267 2775 318 ι.
3607 267 3718 356 102.0

417 400 490 450 At
520 395 651 466 post
707 390 900 460 ipsam
958 402 1059 442 ara
1115 385 1496 458 operiebatur
1550 382 1918 456 tapete'sive
1976 379 1984 433 ἑ

2173 386 2548 455 confessoris,
2618 389 2720 461 qui
2802 405 2981 461 agens
3050 390 3121 444 de
3208 383 3543 460 ἀντιμινσίοις,
3631 396 3713 450 κυ-

419 481 575 555 δυτῇ,
601 482 793 535 textus
824 476 1173 548 plerumque
1218 474 1554 548 magniﬁci;
1613 476 1769 531 unde
1813 475 1872 529 in
1931 473 1986 529 ill

2173 473 2306 544 ρίως
2336 471 2414 543 δὶ,
2474 477 2687 549 inquit,
2719 476 2803 532 ἐπ’
2832 475 3062 541 ἐκείναις
3089 481 3195 532 τῶν
3225 480 3475 550 τραπεζῶν
3520 487 3717 556 τίθενται,

414 587 520 626 usu
571 567 825 639 pretiosa
878 566 1140 637 stragula
1207 565 1621 633 oﬁ'erebantur,
1683 563 1877 635 qualis
1942 562 1979 617 h

2172 559 2232 623 ἃς
2263 562 2588 638 καθιέρωσις
2618 565 2727 641 οὐχ
2791 566 3034 642 ἡγίασεν.
3090 571 3314 640 Pr0prie
3349 590 3458 629 vero
3491 592 3624 647 super
3660 591 3722 631 ea:

414 658 524 712 fuit
553 651 744 724 ἐνδυτή
780 657 851 710 ab
884 655 1236 726 imperatore
1266 652 1543 711 Michaele
1580 652 1895 724 Palaeologo
1949 652 2066 724 pri-
2170 669 2357 709 sacras
2404 673 2622 712 mensas
2665 661 2968 728 ponuntur,
2999 675 3134 730 quas
3173 667 3458 718 consecrato
3492 680 3582 720 non
3622 681 3719 719 san-

417 763 580 802 mum
614 764 828 819 magno
879 746 1097 818 templo
1155 748 1211 800 S.
1270 745 1500 818 SOpbiaa
1561 746 1799 813 donata,
1859 743 2068 799 deinde
2169 745 2450 814 ctiﬁcavit.
2484 747 2606 803 Non
2640 747 2822 819 igitur
2843 748 3108 806 absolute
3139 749 3272 806 dicit
3299 752 3553 810 Meursius
3587 753 3720 807 τὸκα-

414 835 590 891 etiam
615 837 686 891 ad
722 836 1054 908 pontificem
1080 836 1413 890 Romanum
1445 835 1647 890 missa.
1676 831 1961 888 Credibile

2172 831 2411 908 τασάρκα
2469 853 2645 909 supra
2694 835 3032 910 ἆντιμίνσιον
3084 841 3282 897 sterni.
3337 841 3455 898 Vidi
3491 848 3648 899 autem
3684 846 3726 899 et

415 941 483 980 ex
514 924 624 981 isto
669 930 858 996 tapete
889 940 1068 994 super
1098 940 1260 978 aram
1317 923 1597 995 explicato
1652 921 1912 994 speciose
1968 937 2068 993 pe-
2173 928 2442 980 accurate
2472 926 2750 998 perpendi
2784 927 3108 984 indicatum
3141 928 3360 986 aGoare
3387 937 3562 988 contra
3578 932 3720 987 Meur-

424 1013 700 1084 pendisse
732 1014 788 1068 in
829 1014 1074 1068 frontem
1111 1011 1315 1067 altaris
1342 1011 1626 1074 fimbrias,
1667 1011 1943 1065 tuborum
1967 1015 2068 1066 aut
2173 1011 2328 1068 sium
2361 1013 2662 1086 Symeonis
2704 1015 3248 1074 Thessalonicensis
3305 1018 3500 1087 locum,
3543 1021 3622 1090 qui
3662 1021 3722 1075 sic

415 1101 684 1157 nolarum
741 1100 830 1156 vel
893 1101 1066 1157 etiam
1119 1099 1413 1156 malorum
1466 1099 1671 1156 formis
1719 1101 2064 1168 distinctas;
2171 1102 2369 1173 habet,
2417 1121 2528 1160 ara
2575 1106 2646 1162 ad
2695 1107 3048 1164 sacrificium
3109 1108 3396 1166 instructae
3447 1117 3722 1183 apparatum

420 1199 574 1252 unde
614 1198 938 1270 Hesychius
997 1193 1241 1265 ἐνδύταν,
1285 1197 1333 1252 si
1395 1197 1724 1252 forteidem
1788 1215 1921 1253 cum
1977 1194 1987 1250 ἑ

2173 1207 2508 1250 memorans
2546 1210 2559 1248 :
2593 1194 2912 1268 Κατασάρκα
2942 1191 2999 1250 δὶ
3027 1197 3090 1251 τὸ
3139 1193 3426 1272 λεγόμενον
3480 1197 3622 1265 εὐθὺς,
3663 1197 3723 1252 καὶ

417 1281 551 1357 δυτῇ
585 1286 684 1349 sit.
721 1283 971 1339 αὐλωτόν
1005 1286 1234 1350 dixerit,
1292 1287 1585 1357 quomodo
1640 1283 1922 1346 αύλωτοὺς
1977 1306 1984 1335 ε

2175 1280 2292 1352 μετ’
2347 1280 2476 1336 αὐτὸ
2527 1282 2937 1362 τραπεζοιρόρον
2995 1285 3275 1357 κέκτηται.
3360 1288 3494 1357 Quod
3560 1293 3727 1344 vocatur

421 1371 555 1445 μοῦς
589 1373 786 1430 Pollux
828 1378 1115 1429 memorat
1170 1373 1274 1428 lib.
1324 1391 1379 1437 x,
1439 1374 1536 1428 ubi
1579 1375 1646 1428 de
1705 1374 2064 1430 ornamentis
2173 1374 2897 1443 catasarca,statim;post
2958 1376 3101 1431 illud
3131 1378 3554 1450 trapezophorum
3589 1377 3729 1432 habet.

417 1477 724 1531 equorum.
760 1461 1090 1516 Ἐκαλοῦντο
1123 1457 1181 1514 δὲ
1217 1481 1381 1529 τινες,
1425 1463 1617 1532 inquit
1674 1463 1827 1520 558
1887 1459 1984 1516 αὐλ

2173 1461 2311 1531 Agit
2340 1461 2411 1516 de
2441 1479 2543 1516 ara
2572 1462 2776 1534 utique
2808 1470 3162 1522 consecrata.
3189 1469 3319 1532 Qua
3343 1468 3387 1523 si
3414 1467 3532 1523 talis
3552 1484 3643 1522 non
3667 1482 3732 1521 es-

413 1548 500 1604 τοὶ
533 1548 693 1626 φιμοὶ
749 1547 838 1604 διὰ
883 1550 946 1603 τὸ
1002 1546 1264 1613 κώδωνας
1319 1543 1464 1623 ἔχειν
1510 1549 1950 1624 ἐπηρτημένους,

2173 1554 2261 1604 set
2291 1555 2393 1605 aut
2425 1567 2554 1607 esse
2584 1569 2700 1607 non
2729 1553 2999 1621 sciretur,
3035 1572 3148 1611 non
3183 1562 3414 1627 negaret
3439 1556 3731 1626 superimpo-

413 1634 891 1711 ἐγχρεμετίζοντες
961 1635 1124 1692 ’ἱπποι
1200 1638 1346 1713 ἦχον
1421 1635 1638 1692 ἐποίουν
1724 1639 1976 1714 προσόμο

2173 1639 2445 1695 sitionem
2482 1641 2634 1698 578
2667 1645 3057 1699 necessariam
3089 1643 3441 1717 ἆντιμινσίου.
3486 1650 3627 1701 Hunc
3665 1643 3730 1699 lo-

415 1724 590 1797 αὐλῷ.
627 1731 712 1784 Ita
741 1727 857 1797 ille,
896 1729 966 1784 ad
1005 1745 1215 1784 sonum
1247 1729 1528 1795 referens,
1563 1730 1864 1801 quod.non
1902 1731 2062 1787 inve-
2094 1735 2142 1800 Β
2173 1745 2307 1784 cum
2348 1731 2653 1802 Symeonis
2709 1731 3199 1790 Thessalonicens
3257 1735 3401 1790 Goar
3453 1734 3526 1790 sic
3574 1732 3737 1788 vertit:

416 1816 742 1872 risimilitcr
771 1819 842 1872 ad
877 1817 1130 1889 speciem
1165 1834 1394 1888 quoque
1421 1819 1719 1890 pertinuit.
1743 1819 1888 1875 Nam
1923 1821 2066 1877 alio-
2177 1818 2478 1875 lnterulam
2511 1836 2636 1877 vero
2683 1826 2902 1888 vestem,
2943 1839 3063 1896 qua
3117 1823 3189 1878 ad
3246 1839 3455 1879 carnem
3493 1822 3679 1885 dicitur,
3702 1824 3738 1875 et

416 1905 518 1976 qui
553 1902 850 1972 κωδώνων,
883 1912 1182 1979 utcunque
1221 1907 1550 1963 hinnitibus
1591 1909 2064 1979 responsanlium
2177 1924 2413 1979 superne
2487 1910 2728 1966 mantile
2778 1909 2988 1981 adepta
3036 1920 3134 1968 est.
3197 1912 3334 1967 Tria
3381 1929 3486 1967 non
3563 1910 3739 1982 probo,

411 2010 595 2050 sonus
627 2012 742 2050 non
771 1995 1025 2051 multum
1051 1997 1121 2050 ad
1144 1996 1298 2051 tibias
1325 2001 1562 2051 cantum
1589 1998 1831 2053 accedit.
1857 2002 1978 2053 For]

2175 2001 2327 2071 quod
2360 1998 2422 2053 τὸ
2450 2019 2585 2054 κατα
2624 2001 2794 2072 σάρκα
2845 2002 3164 2067 interulam,
3209 2005 3360 2076 quod
3411 1997 3740 2076 τραπεζοφόρον

413 2098 550 2139 vero
582 2084 708 2139 tubi
741 2090 843 2140 aut
872 2083 1018 2139 nolis
1050 2084 1110 2138 in
1140 2085 1565 2156 appendicibus
1628 2085 2064 2158 ephippiorum,
2171 2089 2423 2160 mentite,
2485 2091 2637 2159 quod
2695 2089 2953 2159 κέκτηται
3005 2093 3210 2148 reddat
3265 2093 3452 2164 adepta
3491 2097 3596 2148 est:
3642 2105 3741 2144 nam

414 2181 499 2236 uti
532 2186 590 2237 et
621 2181 967 2238 militarium
999 2182 1398 2255 chlamydum,
1420 2182 1772 2252 elegantiam
1799 2185 1871 2239 ad
1897 2203 1981 2258 as;

2173 2174 2426 2245 κέκτηται
2459 2179 2568 2234 hoc
2599 2178 2726 2235 loco
2753 2185 2839 2236 est
2865 2181 3108 2252 possidet
3139 2190 3242 2238 aut
3271 2181 3442 2237 habet.
3486 2178 3740 2250 Κατασᾶρκι

419 2276 578 2326 ctum
611 2271 807 2328 habet.
844 2273 956 2328 Has
985 2272 1340 2344 appendices
1397 2271 1702 2329 calliculas
1762 2274 1883 2330 sive
1940 2275 2063 2347 gal-
2171 2283 2385 2322 nomen
2417 2269 2722 2340 proprium
2762 2269 2872 2325 veli
2920 2271 3070 2326 sacri
3114 2270 3171 2325 in
3207 2287 3322 2343 quo
3376 2268 3571 2332 ἀμέσως
3617 2263 3740 2322 recli-

405 2358 621 2415 liculas
669 2361 977 2430 vocabant,
1037 2377 1187 2431 quas
1273 2361 1483 2434 glossaa
1570 2366 1794 2418 veteres
1859 2383 1972 2438 τρο]

2174 2356 2731 2427 ηειυνῖευοὴειεῐειῑει
2762 2358 2879 2414 sive
2911 2375 3121 2430 corpus
3149 2364 3210 2416 et
3239 2377 3368 2416 caro
3426 2355 3638 2421 Domini.
3676 2369 3741 2410 θα·

413 2440 508 2508 δας
534 2449 728 2504 Graece
752 2449 1239 2520 interpretantur,
1272 2467 1340 2506 ea
1384 2468 1520 2507 voce
1578 2455 1896 2510 rotundum
1957 2455 2064 2510 ali-
2171 2444 2499 2501 οιεείειεῐῖοο
2520 2447 2801 2503 νοοεδυιο
2824 2449 3108 2504 debuerat
3124 2446 3640 2520 exprimi-Denique
3655 2461 3746 2516 τρί’

418 2535 562 2606 quid
594 2541 652 2590 et
681 2535 934 2592 volubile
963 2538 1342 2609 designantes
1376 2557 1390 2606 ;
1424 2540 1619 2610 qualia
1648 2551 1816 2598 erant
1861 2543 2064 2598 tintin-
2168 2533 2474 2607 πεζοφόρον
2505 2534 2697 2590 velum
2723 2536 2917 2606 potius
2973 2541 3064 2594 est
3119 2555 3240 2610 quo
3308 2553 3541 2606 superne
3590 2536 3744 2589 sancta

413 2624 632 2679 nabula
661 2628 720 2680 et
751 2624 1152 2698 malogranata
1181 2645 1248 2682 ex
1273 2645 1374 2682 ora
1399 2629 1578 2684 vestis
1606 2631 1902 2686 Aaronicie
1961 2633 2063 2688 de—
2170 2628 2582 2695 conteguntur.
2610 2625 2780 2696 quale
2812 2627 2964 2694 (111οά
3003 2631 3203 2683 UOStPO
3233 2644 3389 2684 more
3433 2641 3593 2698 ευρτει
3637 2619 3742 2676 οθίί·

412 2714 748 2784 pendentia,
782 2714 841 2780 (P
883 2715 1010 2786 382)
1040 2715 1216 2772 Exod.
1246 2732 1439 2782 χχχιχ,
1468 2713 1558 2774 23.
1591 2719 1791 2775 Passio
1822 2720 1880 2775 S.
1934 2725 2061 2777 Per-
2168 2727 2293 2766 σθω
2324 2716 2425 2768 aut
2455 2728 2683 2768 880mm
2717 2715 2981 2785 pyxidem
3013 2715 3230 2771 Christi
3264 2732 3468 2787 corpus
3514 2717 3602 2768 aut
3645 2725 3749 2764 δεῦε

411 2810 594 2872 petum
626 2802 968 2859 describens
987 2804 1262 2860 vestitum
1298 2807 1602 2876 Pomponii
1627 2807 1856 2864 diaconi
1889 2812 1948 2864 in
1971 2811 2061 2864 vi-
2167 2800 2404 2871 Βυίηεῐη
2429 2802 2794 2858 continentes
2809 2821 2986 2874 supra
3004 2821 3159 2860 aram
3184 2797 3747 2861 extenditur-Decum

413 2891 578 2948 sione
599 2893 1124 2964 apparentis:Erat
1145 2894 1372 2950 uestitus
1389 2896 1723 2951 distinctam
1741 2898 2057 2967 candidam,
2167 2887 2276 2944 hoc
2308 2906 2441 2946 mox
2473 2891 3020 2948 ThessaloniCBDSiS
3051 2893 3274 2950 ibidem
3323 2894 3464 2958 Ὅτι,
3511 2887 3746 2962 intime“,

415 2989 629 3046 habens
653 2991 990 3063 multiplices
1018 2992 1325 3048 colliculus.
1385 2993 1512 3049 Haec
1570 2995 1820 3052 candida
1874 2997 1982 3052 νίᾶ‹

2180 2974 2338 3050 τάφος
2382 2976 2492 3032 ἐστὶ
2550 2979 2639 3032 καὶ
2701 2979 2890 3054 θρόνος
2947 2981 3148 3050 Ἰησοῦ·
3230 2983 3560 3053 Signiﬁcat:
3624 2989 3747 3032 sacra

414 3083 602 3147 potest
633 3081 816 3135 fuisse
845 3076 1065 3142 ἐνδύτας
1109 3078 1358 3143 αὖλωτος
1395 3083 1688 3156 Hesycbii.
1747 3087 1830 3140 Ad
1891 3088 1980 3157 cuj

2184 3067 2528 3123 eucharistia
2559 3085 2738 3141 super
2769 3087 2928 3126 aram
2955 3071 3065 3126 isto
3095 3088 3276 3144 quem
3310 3070 3561 3127 describit
3613 3079 3751 3158 appa-_

415 3168 660 3224 formam
691 3165 909 3238 ἐνδυτή,
951 3171 1378 3240 operimentum
1413 3154 1545 3240 am;
1586 3178 1643 3229 et
1701 3174 1831 3246 ipsa
1878 3154 2064 3229 αὐχω,
2103 3154 2134 3158 ”
2174 3162 2304 3213 ratu
2336 3159 2524 3216 oculis
2550 3160 2806 3216 ﬁdelium
2841 3163 3140 3234 proposito
3159 3160 3558 3220 duosindicari
3585 3154 3748 3246 Christi

412 3254 507 3318 τός
533 3255 700 3312 facile
733 3257 927 3320 fuerit,
961 3259 1274 3331 multiplici
1306 3262 1628 3332 appendice
1659 3243 1979 3321 callicuiart

2182 3250 2379 3315 status,
2394 3248 2653 3317 jucentis
2677 3250 2736 3304 in
2764 3251 3032 3323 sepulcro
3067 3256 3123 3307 et
3153 3248 3584 3308 resurrectionis
3612 3243 3749 3320 gloria

413 3342 712 3416 eleganter
736 3349 962 3414 ornata,
994 3346 1230 3402 insertis
1261 3349 1437 3404 etiam
1463 3351 1721 3421 speciose
1746 3353 2063 3409 unionibus
2167 3335 2464 3406 οοηερίουί
2488 3336 3752 3413 “inquamin“"0110-Pergltldemdedmns'

418 3438 483 3487 ut
505 3433 600 3487 hic
633 3433 844 3489 Noster
873 3439 1180 3490 memorat.
1205 3437 1445 3492 Diversa
1476 3456 1510 3495 a
1558 3441 1831 3512 superius
1889 3443 1983 3497 dic

2182 3422 2271 3479 Καὶ
2319 3424 2380 3479 τὸ
2433 3425 2526 3498 μὶν
2573 3428 2924 3504 (κατατάρκα)
2973 3427 3114 3483 ἐστὶν
3171 3430 3250 3491 ὡς
3298 3425 3484 3484 σινδὼν
3595 3441 3749 3497 περιει-

418 3518 542 3594 περῖ
601 3517 824 3588 ἐνδυτῆς
882 3520 972 3574 καὶ
1025 3526 1122 3576 τοῦ
1191 3524 1502 3598 κατασάετκα
1587 3511 1753 3584 docet
1809 3530 1985 3586 Jacob

2185 3513 2349 3580 λήθην
2380 3514 2590 3589 νεκρός.
2644 3518 2716 3572 Ac
2754 3523 3040 3575 catasarca
3089 3521 3334 3590 quidem,
3384 3522 3492 3575 sive
3531 3511 3752 3584 corporale

415 3612 568 3664 Goar
599 3613 668 3664 ad
704 3610 1126 3683 Euchologium
1182 3631 1240 3685 p.
1297 3616 1423 3684 627,
1479 3616 1794 3672 Meursium
1855 3620 2066 3694 corrigi
2167 3602 2841 3694 Sindaamireﬂfgsénitlf
2879 3623 2988 3677 (Ιαα
3016 3611 3274 3694 mort?”
3305 3609 3544 3664 σλνίείυδ
3572 3599 3752 3694 rma":

407 3699 632 3769 jubens
664 3713 679 3753 :
712 3700 812 3755 sed
850 3716 966 3756 non
1014 3705 1354 3772 persuadet,
1397 3705 1674 3776 quoniam
1732 3708 1974 3778 quem'jli

2184 3699 2260 3745 tu:
2287 3695 2384 3746 est.
2433 3691 2509 3747 Τὸ
2562 3688 2618 3746 δὲ
2675 3693 2748 3754 ὡς
2809 3691 2972 3766 δόξης
3036 3691 3337 3770 περιϐολὴ,
3397 3696 3470 3757 ὡς
3506 3693 3585 3748 καὶ
3626 3690 3659 3778 ὃγ
3690 3685 3751 3740 ἐπὶ

417 3787 520 3843 dat
550 3787 800 3843 fundum
835 3806 954 3844 suae
984 3791 1288 3847 sententiae
1356 3797 1696 3865 Symeonem
1751 3777 1984 3854 Thessal

2185 3777 2348 3850 τούτῳ
2418 3778 2470 3832 ἐν
2540 3784 2619 3851 τῷ
2690 3779 2926 3845 τίθεσθαι
2996 3781 3252 3861 ἐμφαίνει
3325 3783 3552 3858 ψαλμὸς.
3603 3777 3752 3851 Κύριος

423 3876 750 3943 nicensem,
783 3883 1099 3952 postquam
1126 3881 1421 3949 consului,
1456 3883 1608 3939 haud
1646 3885 1930 3942 faventem
1955 3887 1990 3960 il

2187 3862 2508 3938 ἔϐασίλευσε,
2559 3867 2761 3943 λέγων,
2829 3871 3152 3947 εὐπρέπειαν
3191 3871 3475 3929 ἐνεδύσατο
3521 3869 3754 3964 Illudrero

422 3966 632 4037 reperi.
662 3966 761 4022 Ait
821 3967 876 4022 in
938 3985 1004 4024 eo
1063 3983 1257 4025 errare
1314 3971 1633 4028 Meursium
1693 3976 1845 4046 quod
1904 3957 1989 4028 xui

2199 3957 2306 4012 hoc
2338 3961 2427 4012 est
2476 3960 2906 4034 τραπεζοφόρον)
2960 3965 3022 4017 ut
3059 3964 3257 4034 gloria:
3301 3965 3530 4018 amictus
3574 3957 3761 4051 (partim.

423 4051 595 4127 σάρκα
626 4073 739 4112 non
773 4055 992 4129 ἆμέσως
1025 4075 1136 4113 arae
1190 4059 1381 4126 nudis,
1433 4060 1532 4116 sed
1593 4045 1774 4134 supra
1820 4060 1985 4136 ἀντιμ

2191 4047 2268 4100 Jic
2300 4046 2464 4101 addit
2488 4047 2558 4102 de
2588 4065 2696 4103 suo
2725 4050 3014 4120 interpres
3045 4053 3248 4108 nescio
3281 4053 3500 4124 quare),
3535 4046 3608 4103 uti
3692 4045 3758 4136 qui

425 4163 545 4196 σιον
580 4146 765 4201 sterni
795 4147 1035 4202 solitum
1087 4152 1332 4204 asserat.
1389 4150 1557 4220 Atqui
1616 4167 1730 4206 non
1783 4151 1890 4208 hoc
1921 4153 1992 4208 8i!

2192 4133 2304 4188 tum
2323 4139 2719 4207 superponitur
2747 4140 2988 4209 (sanctis
3038 4141 3260 4212 velum)
3293 4141 3424 4196 cani
3467 4138 3599 4194 solet
3644 4129 3759 4187 Psal-

427 4231 658 4302 pliciter
713 4237 815 4287 aut
875 4235 1287 4292 universaliter
1336 4238 1624 4294 Meursius
1681 4240 1907 4309 asserit,
1967 4259 1994 4297 s

2196 4240 2294 4277 nus
2316 4223 2671 4295 demonstrat,
2695 4228 2915 4283 dicens:
2955 4229 3226 4285 Dominus
3271 4231 3540 4299 regnavit.
3573 4224 3763 4309 decorem

425 4322 658 4374 tantum
690 4322 929 4391 quando
975 4339 1089 4379 non
1147 4326 1454 4382 constabat
1513 4327 1582 4382 de
1638 4330 2073 4386 consecratione
2175 4311 2375 4366 induit.
2411 4317 2704 4370 Hactenus
2733 4315 3280 4373 Thessalonicensis
3315 4336 3328 4384 ;
3364 4334 3431 4373 ex
3460 4314 3649 4386 quibus
3667 4308 3762 4377 ejus

427 4406 629 4462 altaris
663 4426 676 4478 ;
709 4410 880 4480 cujus
911 4413 1120 4468 asserti
1152 4418 1360 4469 testem
1419 4416 1687 4487 producit
1743 4418 1994 4475 Manuele

2195 4400 2373 4455 verbis
2420 4408 2662 4474 apparet
2711 4404 2856 4460 nihil
2910 4405 3162 4460 Meursio
3244 4403 3762 4462 Thessalonicensem

430 4495 824 4565 patriarcbam
857 4499 914 4555 in
941 4500 1063 4556 haec
1093 4503 1272 4558 verba
1303 4519 1316 4557 :
1349 4501 1429 4557 Τὰ
1485 4502 1794 4578 ἆντιμίνσια
1853 4505 1951 4561 οὐκ

2196 4490 2500 4558 adversari,
2529 4492 2628 4547 sed
2663 4493 2858 4564 potius
2885 4493 3148 4549 refellere
3194 4494 3396 4567 ipsum
3454 4491 3763 4560 interpretem

329 4597 334 4601 '
427 4583 601 4643 πάσας
659 4583 868 4660 ἀνάγκη
936 4590 1143 4645 κεῖσθαι
1213 4591 1311 4654 τὰς
1384 4591 1540 4667 ἅγὶας
1589 4577 1896 4670 εραπέζας,

2196 4577 2538 4650 Euchologii,
2572 4580 2630 4634 in
2664 4597 2730 4636 eo
2759 4583 2915 4652 quod
2947 4583 3018 4638 ad
3050 4583 3325 4639 ordinem
3359 4580 3583 4639 lotionis
3632 4585 3763 4670 sacra!

426 4669 502 4733 sic
566 4670 625 4734 ἃς
683 4673 745 4728 οὐ
799 4676 1077 4751 γνώριμόν
1141 4677 1282 4734 ἐστιν
1337 4663 1444 4734 εἴτε
1489 4663 1896 4758 καθιερωμέναι
1939 4682 1993 4738 εἰς

2200 4683 2420 4730 nensae,
2455 4684 2510 4738 p.
2569 4669 2675 4722 627
2703 4667 3115 4747 τραπεζοφόρον
3147 4671 3405 4758 mantile
3435 4671 3600 4758 fuisse
3647 4663 3767 4758 dicit:

434 4761 544 4817 εἴτε
576 4759 660 4820 οὗ.
691 4767 1181 4846 AntimensiaAnon
1210 4774 1464 4829 omnibus
1485 4777 1696 4846 imponi
1722 4779 1895 4832 sacris
1921 4793 2001 4832 me

2209 4753 2328 4808 llud
2397 4761 2674 4828 praeterea
2737 4744 3100 4815 confundens
3176 4777 3316 4815 cum
3393 4744 3768 4829 év8otﬁ,qU0d

423 4854 503 4910 δίε
529 4869 742 4911 necesse
769 4860 867 4924 εει,
898 4859 991 4914 sed
1022 4836 1081 4913 ὦ
1110 4875 1202 4916 ea,
1237 4861 1302 4916 de
1333 4865 1530 4934 quibus
1562 4836 1683 4920 ἠοη
1728 4869 1807 4920 εει
1863 4870 2076 4932 notum,
2185 4843 2270 4898 illi
2305 4844 2646 4916 neutiquam
2678 4849 3092 4914 concesserim,
3117 4849 3232 4905 nisi
3267 4853 3476 4905 testem
3507 4845 3692 4902 laudet.

423 4955 757 5004 consecratae
810 4947 923 5002 sint
973 4965 1161 5007 necne.
1232 4953 1409 5008 Addit
1461 4955 1662 5010 statim
1739 4956 2027 5012 rationem
2061 4974 2074 5013 :
2259 4951 2322 5027 [Ρ
2351 4951 2476 5025 383)
2509 4951 2723 5028 Ἐνορία
2752 4971 2807 5025 P-
2842 4956 2965 5012 452-
2998 4957 3154 5021 0088
3175 4974 3288 5013 n08
3316 4956 3484 5013 ἣοάἱθ
3502 4952 3652 5025 νυιϐο
3667 4945 3772 5001 ὥσθ’

430 5041 512 5098 Τὰ
557 5043 660 5118 γὰρ
708 5045 1125 5120 καθιερωμένων
1186 5049 1358 5124 ἁγίων
1403 5055 1680 5126 τραπεζῶν
1737 5051 1903 5108 τόπον
1954 5052 1997 5108 ἐπ

2205 5057 2350 5097 :eses
2405 5057 2703 5111 vocamus,
2762 5041 2971 5116 ἐνορίας
3029 5045 3212 5100 Graeci
3272 5047 3496 5110 dicunt,
3565 5039 3772 5130 regiones

434 5149 617 5204 χουσι.
667 5133 1014 5191 Antimensia
1061 5139 1210 5192 enim
1289 5150 1728 5198 consecratarum
1794 5159 2001 5200 sacrari

2202 5128 2448 5200 episcopi
2481 5131 2770 5201 cujusque
2811 5133 3019 5188 ditioni
3082 5151 3147 5190 ac
3205 5133 3482 5206 potestati
3528 5128 3769 5187 ordinaria!

437 5238 762 5279 mensarum
815 5226 992 5280 locum
1041 5225 1307 5282 obtinent.
1359 5228 1521 5285 Unde
1584 5230 1928 5288 concludit:
1981 5238 2004 5286 Ε

2208 5217 2422 5288 )roprie
2453 5219 2752 5291 subjectus
2790 5238 2802 5289 ;
2837 5238 2974 5277 nam
2999 5223 3272 5280 dimcesis
3288 5221 3618 5279 vocabulum
3647 5213 3775 5270 latins

431 5305 558 5374 ἔνθα
614 5308 718 5365 eici
770 5312 1044 5387 γνώριμοι
1104 5313 1503 5388 καθιερωμέναι
1540 5360 1553 5386 ,
1611 5316 1674 5370 οὐ
1731 5318 1892 5393 χρεία
1931 5319 2083 5375 ἀντι·
2193 5305 2333 5362 Olim
2367 5307 2621 5379 ραιεδειι-

431 5405 656 5470 μινσῖων
699 5399 830 5458 ἐκεῖ.
873 5406 939 5460 Et
982 5405 1081 5460 ubi
1119 5415 1457 5478 perspectum
1507 5413 1582 5464 est
1633 5424 1763 5464 aras
1813 5426 1924 5466 esse
1963 5429 1998 5467 σε

2266 5411 2711 5488 Ἐξαυτωρειανοί
2769 5434 2829 5490 p.
2886 5419 2956 5473 66
3027 5419 3170 5492 Πρὸς
3232 5418 3331 5490 μὲν
3389 5421 3493 5472 τῶν
3575 5407 3779 5485 Εβαυτῶ-

430 5495 857 5566 sccratas,opus
903 5495 1255 5550 antimensiis
1330 5512 1442 5552 non
1499 5501 1577 5552 est
1644 5495 1747 5552 ibi.
1799 5499 1976 5555 Addit

2213 5505 2424 5556 >ειανῶν
2483 5501 2852 5579 πατριάρχην.
2912 5507 3025 5562 Hoc
3077 5511 3164 5564 est
3223 5507 3529 5564 Arsenium
3593 5495 3780 5574 patriar“

435 5581 596 5638 aliud
648 5585 1058 5645 testimonium
1121 5585 1437 5661 Nicephori
1509 5585 1903 5662 Homologetaa
1969 5589 2092 5647 sive
2197 5589 2387 5647 cbam.
2425 5591 2518 5648 Sic
2549 5593 2665 5656 duo
2697 5593 2891 5664 codd.,
2940 5592 3222 5650 Vaticano
3283 5597 3597 5660 omittente,
3627 5594 3678 5644 ul
3713 5594 3781 5634 50'
