3978 6182
291 292 430 351 1021

296 508 662 579 cbaquidem
678 507 1211 563 Exautorianorum
1229 509 1551 565 distinctus
1572 528 1605 565 a
1628 510 1963 581 patriarcha

1764 300 2245 361 GLOBSARIUM.

292 416 377 473 let
405 416 466 473 in
507 415 798 474 obscuris.
848 416 1156 473 Manifesta
1187 418 1283 474 hic
1315 423 1673 475 memoratur
1702 420 1946 493 patriar-
1976 424 2031 491 Α

3567 309 3708 365 1022

2130 426 2383 501 Ἐπίχειν
2416 446 2472 501 p.
2522 432 2649 488 256.
2684 434 2931 489 Videtur
2976 433 3084 487 hoc
3118 432 3244 488 loco
3290 429 3508 506 ἐπέχειν
3560 448 3705 489 nove

2069 518 2329 584 positum
2381 536 2484 591 pro
2513 537 2758 577 coercere
2787 528 2837 577 et
2865 524 3137 591 castigare
3186 524 3363 578 verbis
3395 524 3577 592 aspire
3604 522 3715 578 ali-

296 596 651 668 simpliciter
703 601 758 651 et
802 596 919 649 κατ’
946 594 1149 670 ἐξοχὴν
1203 600 1286 653 sic
1335 599 1510 654 dicto.
1560 600 1937 655 Exauctorian

2072 620 2247 676 quem.
2335 607 2480 664 Vide
2532 626 2699 667 voces
2770 607 3125 684 ἀναδέχεσθαι
3186 616 3243 667 et
3321 610 3711 681 πνευματικός.

297 685 400 757 qui
455 685 815 751 dicerentur,
866 685 1163 757 suspicari
1200 685 1334 741 licet
1371 703 1438 742 ex
1489 686 1580 742 his
1609 704 1734 759 qua
1785 688 1962 743 tradit

298 776 603 832 Meursius
641 776 818 832 verbo
871 774 1220 847 ὲξαυτωρεία,
1271 775 1368 831 ubi
1423 778 1591 832 docet
1656 794 1718 832 ex
1781 778 1962 833 Suida

297 862 656 939 ἐξαυτωρείαν
735 864 849 919 dici
918 862 1225 937 ἐλευθερίαν
1302 863 1409 918 ἀπὸ
1484 864 1762 939 στρατείας
1834 868 1961 922 mis-

296 955 517 1008 sionem
564 971 599 1009 a
628 953 861 1008 militia.
917 953 1078 1016 Quod
1116 958 1173 1008 et
1219 953 1417 1009 innuit
1464 955 1568 1011 Leo
1612 955 1670 1009 in
1712 955 1958 1012 Tacticls

300 1041 497 1097 Const.
528 1043 623 1107 20,
674 1041 959 1097 militares
991 1041 1259 1097 dividens
1291 1042 1349 1097 in
1382 1044 1498 1098 duo
1537 1060 1771 1115 genera.
1804 1044 1957 1097 ’Ὀσοι

303 1133 402 1184 τοῦ
433 1133 664 1202 στρατοῦ
719 1129 843 1197 εἱσι,
890 1132 971 1185 ait
1016 1129 1105 1184 καὶ
1149 1128 1268 1184 ὅσοι
1311 1136 1411 1199 τῆς
1462 1128 1766 1205 λεγομένης
1809 1130 1957 1203 ἐξαυ-

305 1218 559 1293 τωρείας.
612 1219 756 1275 Hinc
815 1218 1079 1275 videlicet
1127 1217 1535 1293 ἐξαυτωρειανοί
1604 1222 1958 1278 vocabantur

311 1310 415 1381 qui
447 1308 667 1365 emeriti
702 1312 805 1364 aut
834 1307 965 1364 aliis
1013 1309 1240 1365 idoneis
1271 1310 1468 1365 causis
1499 1309 1759 1383 legitime
1791 1310 1956 1366 missi

307 1416 342 1454 a
374 1399 584 1454 militia
616 1397 873 1454 militum
910 1398 1227 1469 privilegiis
1257 1400 1611 1471 gaudebant.
1649 1403 1801 1455 Inter
1832 1417 1959 1472 quas

303 1488 596 1560 suspicari
646 1488 782 1543 licet
832 1492 891 1542 et
939 1487 1049 1543 hoc
1100 1488 1304 1554 fuisse,
1361 1493 1426 1544 ut
1480 1489 1667 1544 ubivis
1698 1494 1959 1561 agerent,

303 1595 421 1634 non
456 1594 490 1632 a
514 1577 626 1633 loci
659 1578 955 1650 episcopo,
990 1577 1091 1633 sed
1125 1595 1157 1632 a
1193 1577 1525 1648 patriarcha
1554 1578 1612 1633 in
1647 1579 1802 1635 560
1837 1577 1959 1650 spi-

306 1666 621 1722 ritualibus
671 1667 1009 1738 penderent.
1063 1666 1253 1728 Quare
1303 1672 1514 1737 praesto
1549 1666 1845 1722 habebant
1876 1668 1961 1721 vi-

2068 712 2203 751 nam
2234 712 2301 751 ex
2326 697 2403 752 ibi
2426 698 2599 755 dictis
2624 701 2842 772 patebit
2866 701 3009 756 ratio
3029 700 3529 771 interpretationis
3552 716 3712 755 meae.

2137 789 2201 855 [P
2258 786 2385 859 38-1]
2448 790 2757 843 Ἐπευκτεῖν
2820 808 2878 862 p.
2928 790 3053 845 288.
3108 790 3259 861 Lego
3311 789 3406 844 hic
3451 787 3711 856 ἐπευκτη-

2068 872 2298 945 σάμενος
2375 894 2407 931 a
2474 879 2649 935 verbo
2730 877 3001 932 ἐπευκτεῑν
3083 880 3226 933 satis
3294 878 3579 933 inusitato
3648 876 3713 931 ill

2065 965 2328 1035 quidem,
2363 983 2477 1021 non
2509 971 2707 1023 tamen
2741 968 3094 1023 abhorrente
3124 984 3156 1022 a
3187 966 3332 1039 stylo
3364 966 3545 1037 hujus
3576 966 3715 1021 scri-

2064 1054 2248 1122 ptoris
2280 1054 2616 1125 antiquarii,
2663 1056 2710 1111 si
2744 1058 2878 1127 quis
2922 1055 3095 1125 alius,
3135 1060 3192 1111 et
3234 1055 3492 1110 fastidire
3521 1055 3708 1122 obvia,

2064 1141 2273 1197 sectari
2308 1142 2433 1197 avia
2467 1142 2821 1216 palmarium
2864 1144 3148 1216 putantis.
3201 1145 3365 1200 Forte
3400 1144 3455 1199 in
3488 1143 3711 1215 legerat

2022 1291 2026 1294 ,
2064 1231 2217 1300 apud
2253 1231 2402 1286 LXX
2439 1231 2648 1288 Jerem.
2682 1250 2777 1299 xx,
2811 1230 3043 1301 ἰπευκτή
3092 1231 3293 1307 ἡμέρα,
3343 1233 3453 1289 hoc
3502 1237 3610 1298 est,
3646 1236 3712 1287 ut

2066 1319 2386 1392 Hesychius
2428 1320 2867 1393 interpretatur,
2932 1319 3268 1393 ἐπιθυμητή,
3342 1326 3407 1376 ut
3471 1320 3708 1388 Suidas,

2060 1404 2231 1482 ιῦχῆς
2258 1407 2394 1477 ἀξία.
2428 1410 2581 1467 Satis
2611 1412 2720 1467 hoc
2753 1411 2833 1466 illi
2870 1412 3236 1466 fundamenti
3268 1409 3443 1465 fuerit
3475 1409 3546 1465 ad
3572 1426 3705 1464 ver-

2066 1497 2203 1552 bum
2234 1494 2507 1551 ἐπευκτεῖν
2555 1500 2985 1566 fabricandum,
3019 1506 3083 1555 ut
3114 1499 3228 1555 alia
3256 1497 3479 1570 passim
3525 1498 3712 1552 multa

2062 1586 2199 1641 Nam
2234 1588 2373 1659 quid
2404 1588 2519 1659 :hic
2546 1588 2730 1655 aliud,
2765 1591 2919 1658 quod
2951 1590 3021 1643 ad
3073 1606 3191 1644 rem
3227 1587 3421 1653 faciat,
3473 1584 3711 1641 commi-

2068 1675 2412 1731 niscemur?
2457 1678 2643 1732 Codex
2690 1678 2838 1733 56]
2893 1677 3247 1732 Barberinus
3299 1674 3477 1730 habet
3520 1670 3710 1726 ἐπαικ-

304 1756 531 1811 carium
566 1754 929 1826 patriarchas,
974 1755 1045 1809 ad
1078 1771 1252 1825 quem
1288 1755 1384 1810 illo
1416 1756 1661 1811 absente
1692 1773 1937 1829 recurre

2072 1762 2399 1836 τησάμενος,
2450 1765 2778 1823 Allatianus
2831 1764 3264 1837 ἐπικτησάμενος
3291 1808 3304 1833 ,
3348 1763 3667 1819 Vaticanus
3694 1805 3708 1830 ,

301 1848 454 1899 rent.
507 1844 653 1909 Quia
681 1860 815 1899 vero
865 1844 963 1899 ubi
996 1849 1121 1899 erat
1166 1844 1506 1916 imperator,
1556 1849 1620 1899 ut
1668 1850 1808 1901 tunc
1844 1851 1957 1901 Ma-

300 1932 543 2005 gnesiae,
578 1949 831 2005 magnus
863 1938 989 1988 erat
1018 1935 1867 2000 exautorianoruminumerus,
1900 1939 1959 1990 et

301 2039 439 2079 cum
468 2021 585 2077 illis
618 2022 1061 2094 propatriarcba
1092 2023 1365 2094 preprius
1395 2022 1680 2093 ipsorum,
1703 2025 1772 2079 ad
1798 2024 1956 2081 hunc

300 2111 645 2183 congregati
680 2127 947 2183 proceres
975 2111 1219 2165 mittunt
1250 2116 1314 2166 ut
1343 2111 1760 2182 patriarcham,
1786 2115 1957 2185 cujus

301 2205 432 2257 erat
462 2201 735 2264 vicarius,
768 2206 1089 2256 accerseret
1118 2201 1330 2270 Nicaea,
1363 2202 1513 2271 quod
1546 2202 1673 2273 ejus
1697 2219 1871 2274 opera
1901 2207 1958 2257 et

302 2291 654 2345 auctoritate
688 2290 989 2360 presentis
1024 2306 1113 2345 res
1146 2291 1215 2344 de
1237 2306 1352 2361 qua
1375 2292 1735 2346 tractabatur
1765 2296 1957 2362 egeret

305 2385 445 2434 Haec
475 2379 837 2451 opinababar
866 2380 921 2434 in
957 2380 1082 2434 loco
1114 2380 1410 2450 perplexo,
1442 2380 1627 2435 donec
1660 2380 1795 2451 quill
1831 2397 1953 2435 cer-

304 2469 430 2523 tius
461 2468 732 2535 occurrit,
784 2485 898 2523 non
930 2469 1198 2524 nesciens
1249 2474 1447 2523 tamen
1481 2480 1604 2539 post
1656 2474 1889 2540 captam
1923 2489 1955 2524 ιι

303 2556 531 2612 Latinis
562 2555 1130 2627 Constantinopolim
1177 2560 1234 2612 et
1266 2561 1511 2612 mortem
1561 2557 1806 2612 Joannis
1850 2558 1953 2613 Ca-

305 2645 542 2711 rnateri,
576 2645 685 2701 sub
717 2662 833 2717 quo
866 2645 1196 2717 patriarcha
1217 2644 1397 2701 Graaci
1430 2662 1499 2701 ex
1528 2662 1596 2701 ea
1623 2646 1766 2701 urbe
1798 2646 1954 2718 pulsi

299 2750 414 2805 per
454 2735 691 2790 Latinos
723 2739 883 2799 sunt,
935 2734 1184 2790 electum
1220 2735 1292 2789 ab
1342 2734 1551 2789 iisdem
1603 2734 1818 2791 Graecis
1850 2735 1955 2790 im-

295 2824 452 2896 perii
486 2824 684 2880 sedem
732 2824 933 2879 Nicone
964 2823 1321 2879 habentibus
1366 2824 1753 2894 patriarcham
1786 2824 1954 2880 titulo

297 2911 699 2969 nihilominus
724 2912 1467 2985 Constantinopolitanum,
1501 2914 1601 2984 qui
1634 2915 1815 2968 sacris
1839 2931 1955 2986 prie

293 3002 540 3073 sideret,
564 3002 905 3058 Michaelem
930 3002 1374 3068 Auctorianum,
1394 3018 1568 3072 quem
1599 3001 1695 3056 alii
1720 3002 1956 3057 Sauria-

293 3108 446 3146 num
493 3099 697 3147 vocant
748 3111 763 3160 ;
816 3092 957 3162 quin
1017 3091 1193 3146 etiam
1242 3091 1551 3147 Arsenium
1603 3090 1711 3146 hoc
1760 3091 1949 3162 capite

302 3184 728 3249 memoratum,
762 3180 863 3251 qui
910 3198 942 3234 a
972 3179 1256 3236 Michaelo
1306 3182 1626 3235 Autoriano
1657 3179 1947 3251 septimus

298 3271 574 3326 eamdem
598 3269 1046 3343 patriarcbalem
1069 3270 1273 3325 Nicaeae
1299 3270 1495 3325 sedem
1524 3272 1712 3324 tenuit
1734 3269 1957 3341 reperio

300 3359 705 3415 Autorianum
757 3375 990 3430 quoque
1040 3358 1307 3414 dictum.
1356 3359 1465 3414 Sed
1517 3358 1656 3431 quid
1703 3358 1825 3414 haec
1886 3358 1956 3414 ad

301 3447 659 3522 πατόιάρχην
710 3446 1201 3522 Ἐξαυτωρειανῶν,
1250 3449 1320 3503 de
1369 3464 1483 3518 quo
1531 3448 1626 3503 hic
1674 3448 1891 3503 mentio
1932 3447 1960 3502 ?

304 3538 693 3610 quaerendum
737 3537 921 3610 igitur
966 3537 1243 3609 amplius,
1293 3537 1406 3591 nisi
1440 3538 1573 3609 quis
1612 3538 1961 3607 conjecturas

304 3645 344 3683 a
381 3643 472 3681 me
504 3626 666 3696 prius
701 3627 1016 3698 propositae
1046 3626 1542 3697 acquiescendum
1578 3630 1745 3698 puter
1774 3627 1873 3697 (a).

382 3714 738 3771 Ἐπαλαστὲω
825 3733 881 3788 p.
963 3716 1094 3770 298.
1182 3715 1311 3770 Οἴον
1382 3712 1570 3767 ἑαυτὸν
1650 3710 1962 3783 ἐπαλαστή-

299 3825 427 3865 σας.
480 3803 698 3876 Repelii
733 3808 788 3859 et
820 3803 858 3859 1.
910 3822 962 3869 v,
998 3820 1048 3860 c.
1081 3805 1136 3859 6.
1187 3803 1311 3858 Non
1349 3803 1516 3875 posui
1571 3804 1678 3858 hoc
1716 3805 1958 3859 verbum

298 3896 369 3951 in
404 3894 513 3950 hoc
546 3893 806 3965 catalogo
841 3898 903 3947 ut
941 3892 1214 3948 lectorem
1251 3893 1513 3947 decerem
1548 3893 1686 3963 quid
1720 3892 1957 3960 valeret,

297 3985 561 4056 (confido
606 3982 761 4038 enim
803 3982 859 4037 id
896 3982 1092 4053 ipsum
1127 3998 1195 4036 ex
1242 3980 1473 4035 Homeri
1520 3981 1768 4036 lectione
1808 3982 1958 4037 didi-

299 4073 488 4137 cisse,
520 4071 676 4142 apud
728 4088 898 4142 quem
932 4065 1153 4139 Ὀδυσσ,
1187 4090 1241 4135 α,
1270 4086 1323 4124 ν.
1371 4070 1481 4122 252
1510 4068 1733 4141 legerit.
1765 4068 1871 4124 Τὸν
1914 4064 1959 4121 δ’

300 4159 734 4230 ἐπαλαστήσασα
763 4156 1051 4233 προσηύδα
1095 4156 1319 4219 Παλλὰς
1367 4160 1596 4228 Ἀθήνη.
1643 4159 1746 4214 Ubi
1781 4160 1948 4232 Didy-

301 4269 449 4308 mus
480 4251 734 4323 exponit,
786 4248 873 4303 ἐπὶ
926 4253 1041 4309 τοῖς
1083 4245 1384 4323 λεχθεῖσιν,
1437 4246 1511 4309 ὡς
1561 4246 1819 4310 ἀλαστοῖς
1869 4246 1959 4302 καὶ

302 4338 514 4401 δεινοῖς
560 4337 676 4393 οὖσι
724 4382 737 4406 ,
791 4334 1277 4410 δεινοπαθήσασα),
1327 4340 1428 4394 sed
1480 4343 1545 4393 ut
1608 4340 1957 4395 admoneam

302 4432 384 4486 de
423 4430 593 4502 genio
630 4429 1022 4502 Pachymeris,
1058 4445 1229 4501 quem
1264 4428 1517 4484 delectat
1540 4430 1716 4484 verba
1746 4430 1830 4483 vel
1866 4445 1959 4483 se-

2065 1858 2128 1909 ut
2162 1855 2217 1909 in
2250 1855 2546 1912 similibus
2579 1856 2748 1926 solet,
2801 1873 2903 1928 pro
2934 1873 3001 1912 eo
3049 1856 3200 1926 quod
3236 1871 3350 1910 non
3399 1850 3705 1916 intellexit,

2062 1943 2177 1998 alia
2224 1943 2424 1999 omnia
2479 1962 2584 2000 nec
2634 1945 2935 2001 sententiae
2985 1949 3376 2000 consentanea
3425 1940 3708 2010 subjecit.

2059 2033 2435 2089 Manifestum
2490 2044 2683 2090 autem
2734 2040 2823 2089 est
2870 2038 3139 2089 neutram
3204 2032 3444 2087 illarum
3497 2043 3709 2084 vocum

2061 2121 2176 2177 huc
2207 2124 2518 2193 quadrare,
2542 2123 2658 2178 Nec
2681 2122 2839 2178 aliud
2863 2122 3119 2179 occurrit
3140 2122 3297 2193 quod
3351 2121 3420 2175 ad
3451 2122 3709 2173 mentem

2061 2211 2317 2267 auctoris
2356 2212 2741 2268 tolerabiliter
2788 2229 2846 2268 se
2867 2211 3293 2281 accommodet,
3330 2224 3506 2280 quam
3560 2203 3713 2259 ἐπευ-

2057 2300 2417 2372 κτησάμενος.

2132 2385 2429 2453 Ἐπίδοσις,
2492 2407 2547 2462 p.
2606 2390 2735 2445 286.
2804 2388 2954 2444 Κατά
3004 2386 3167 2462 λόγον
3237 2381 3554 2445 ἐπιδόσεως.
3624 2382 3713 2439 Si-

2059 2480 2301 2550 gnificat
2342 2496 2457 2535 non
2490 2481 2854 2536 ordinarium
2889 2484 2945 2535 et
2976 2479 3281 2551 proprium
3317 2475 3503 2531 fuisse
3553 2474 3711 2529 hunc

2058 2568 2465 2624 Proconnesias
2489 2569 2751 2625 ecclesiae
2778 2574 3097 2641 pastorem,
3127 2568 3226 2623 sed
3258 2566 3367 2621 hoc
3400 2566 3460 2619 in
3491 2580 3556 2618 ea
3580 2580 3715 2635 pro-

2059 2662 2324 2729 tempore
2372 2658 2629 2714 ofﬁcium
2662 2658 2991 2714 exercuisse
3022 2674 3087 2712 ex
3147 2654 3562 2711 commissione
3612 2656 3715 2707 aut

2061 2746 2449 2819 delegatione,
2494 2752 2556 2801 ut
2612 2747 2954 2818 loquuntur,
3016 2746 3279 2816 precario
3337 2749 3397 2799 ct
3471 2758 3710 2797 conces-

2060 2837 2245 2904 sione,
2295 2854 2421 2909 quaa
2471 2836 2566 2891 hic
2616 2833 2861 2897 ἐπίδοσις
2912 2841 3190 2901 vocatur;
3248 2832 3335 2888 uti
3370 2837 3426 2887 et
3471 2849 3528 2902 p.
3581 2831 3708 2894 360.

2062 2926 2162 2980 ubi
2198 2928 2268 2981 de
2300 2926 2553 2997 quodam
2589 2926 2794 2981 Latino
2817 2927 3085 2995 episcopo
3118 2923 3413 2994 quondam
3449 2922 3711 2975 Crotona)

2062 3012 2363 3081 scribitur,
2412 3013 2667 3067 voluisse
2713 3012 3124 3083 imperatorem
3157 3007 3245 3061 καὶ
3291 3004 3580 3073 ἐκκλησίαν
3632 3000 3711 3056 δι-

2064 3098 2213 3154 δόναι
2272 3101 2323 3154 οἳ
2379 3105 2459 3173 τῷ
2518 3100 2674 3174 λόγῳ
2736 3107 2836 3169 τῆς
2897 3096 3189 3159 ἐπιδόσεως
3247 3096 3320 3157 ὡς
3379 3091 3711 3170 σχολάζοντι

2066 3196 2164 3259 τῆς
2209 3188 2494 3266 λαχούσης
2531 3193 2920 3247 commendare
2970 3191 3075 3261 ipsi
3119 3186 3411 3245 ecclesiam
3458 3186 3710 3241 admini-

2066 3281 2354 3335 strandam
2404 3298 2473 3337 ex
2518 3281 2890 3349 delegatione,
2942 3294 3051 3335 non
3098 3277 3393 3333 ordinaria
3433 3276 3711 3347 potestate,

2064 3372 2265 3425 cumis
2307 3371 2550 3427 ecclesia?
2579 3386 2744 3442 quam
2792 3368 3008 3423 dudum
3058 3369 3241 3438 fuerat
3286 3365 3534 3431 sortitus,
3567 3378 3706 3417 cura

2058 3464 2184 3531 jam
2210 3461 2445 3514 vacaret.

2140 3546 2485 3618 Ἐπικόμπια
2542 3565 2596 3618 p.
2658 3548 2793 3603 294.
2852 3549 2938 3602 Ita
2989 3547 3125 3602 cod.
3188 3543 3360 3599 Allat.
3398 3585 3413 3608 ,
3474 3558 3544 3596 ex
3600 3558 3715 3612 quo

2068 3637 2266 3709 putavi
2300 3636 2709 3708 corrigendum
2760 3636 3021 3701 Barber.,
3072 3635 3171 3706 qui
3230 3627 3521 3705 ἐπιγκὸπια
3554 3630 3717 3685 exhi-

2070 3726 2184 3781 bet.
2232 3724 2425 3790 Vatic,
2458 3724 2610 3778 clare
2654 3722 2950 3778 Allatiano
2981 3720 3295 3778 consentit.
3329 3722 3474 3774 Sunt
3514 3724 3712 3773 autem

2068 3807 2373 3880 ὲπικόμπια
2421 3826 2489 3864 ea
2536 3826 2659 3879 quae
2714 3810 2787 3864 ab
2835 3808 2969 3863 aliis
3042 3800 3377 3879 ἐπικόμϐρια
3434 3808 3719 3859 vocantur

2070 3915 2103 3953 a
2135 3897 2386 3953 Meursio
2434 3896 2687 3951 laudatis
2720 3912 2786 3951 eo
2816 3898 3014 3964 verbo,
3044 3912 3251 3967 nempe
3287 3892 3583 3949 sudariolo
3614 3894 3717 3945 aut

2069 3985 2223 4041 linea
2273 3988 2596 4055 segmenta,
2646 4002 2773 4056 quae
2825 3984 3023 4055 ligatis
3071 3984 3233 4038 intus
3277 3985 3434 4037 certo
3466 3994 3713 4034 numero

2069 4072 2397 4129 nummulis
2440 4074 2697 4128 materiae
2731 4074 2970 4129 diversa:
3004 4073 3061 4127 in
3108 4072 3335 4140 plebem
3388 4069 3713 4124 confertam

2060 4163 2435 4235 jaciebantur
2482 4162 2959 4217 solemnitatibus
2999 4160 3194 4217 certis.
3225 4159 3315 4215 Jo.
3367 4162 3714 4213 Cantacuze-

2069 4270 2203 4320 nus,
2264 4251 2303 4308 1.
2359 4269 2398 4319 ι,
2448 4269 2496 4306 c.
2548 4252 2636 4317 41,
2672 4269 2728 4324 ρ.
2784 4252 2885 4306 125
2932 4252 3024 4306 ed.
3071 4254 3209 4322 Reg.
3259 4249 3341 4319 Τῇ
3368 4244 3551 4318 ἡμέρᾳ
3591 4243 3715 4305 καθ’

2067 4341 2129 4409 ἢν
2189 4340 2216 4393 ὁ
2269 4336 2525 4415 βασιλεὺς
2560 4338 2803 4413 χρισθεῖς
2847 4336 3003 4410 ἔξεισι
3036 4342 3136 4393 τοῦ
3187 4340 3342 4403 ναοῦ,
3392 4334 3539 4408 παρά
3568 4352 3715 4392 τινος

2066 4432 2176 4483 τῶν
2230 4430 2634 4501 συγκλητικῶν,
2683 4427 2742 4482 ’ὸν
2798 4424 2856 4481 ἂν
2918 4424 3171 4503 βασιλεὺς
3227 4423 3429 4490 ἐθέλοι,
3492 4419 3566 4481 εἷς
3623 4418 3716 4473 τὸν

302 4520 428 4575 mel
464 4523 767 4590 poetarum
803 4517 1061 4589 cuipiam
1106 4522 1370 4573 veterum
1421 4522 1703 4589 usurpata
1734 4521 1792 4573 in
1823 4534 1937 4573 ora-

2072 4515 2244 4590 δῆμον
2327 4516 2606 4593 ῥίπτονται
2667 4518 2699 4571 ἂ
2751 4513 3001 4592 λέγουσιν
3059 4508 3439 4589 ἐπικόμϐρια’
3497 4507 3717 4563 δύναται

296 4609 473 4664 tione
504 4624 609 4662 sua
666 4623 881 4679 ponere
923 4626 936 4674 ;
991 4623 1120 4677 qua:
1169 4623 1286 4661 una
1334 4623 1403 4662 ex
1451 4607 1649 4662 causis
1694 4611 1785 4662 est
1827 4607 1956 4677 ejus

300 4696 713 4754 obscuritatis.
763 4695 870 4750 Sed
923 4695 1117 4751 ethoc
1164 4699 1374 4765 praeter
1426 4695 1655 4751 Homeri
1705 4695 1957 4751 auctori-

307 4789 491 4842 tatem
526 4789 717 4851 novat,
753 4789 817 4839 ut
847 4784 1090 4839 verbum
1135 4785 1289 4856 apud
1327 4783 1491 4839 illum
1525 4789 1798 4839 neutrum
1834 4785 1960 4856 ipse

302 4875 564 4932 activum
652 4874 849 4944 faciat,
932 4874 1058 4931 Non
1147 4874 1302 4929 enim
1389 4873 1583 4943 ἒαυτὴν
1647 4870 1955 4944 ἐπαλαστή-

302 4980 448 5015 σασα
488 4965 774 5017 Homerus
805 4964 1004 5032 posuit
1053 4966 1120 5017 ut
1151 4962 1379 5017 Noster.
1431 4962 1501 5016 Et
1548 4961 1596 5016 si
1630 4962 1731 5033 qui
1776 4963 1833 5017 id
1867 4978 1955 5017 re-

298 5052 443 5118 fert,
502 5050 750 5122 simplex
808 5066 1043 5122 quoque
1100 5050 1328 5121 hujus,
1386 5048 1740 5119 ἀλαστήσας,
1800 5051 1955 5105 idem

298 5139 581 5213 princeps
633 5145 940 5211 poetarum
995 5138 1261 5195 absolute
1292 5141 1420 5195 sine
1452 5140 1733 5211 regimine
1783 5156 1959 5196 casus

299 5228 507 5301 posuit
538 5228 707 5284 Iliad.
746 5249 803 5300 μ,
838 5246 891 5283 v.
942 5230 1064 5296 165,
1098 5229 1195 5283 ubi
1248 5228 1397 5289 ἅσιος
1440 5224 1777 5302 Ὑρτακίδης.
1822 5272 1835 5285 .
1882 5272 1895 5284 .

297 5314 619 5387 ἀλαστήσας
672 5311 801 5379 ἔπος
836 5313 996 5386 ηὔδα,
1033 5336 1151 5374 non
1191 5323 1386 5374 autem
1419 5317 1603 5371 ἑαυτὸν
1649 5314 1959 5387 ἀλαστήσας

298 5410 373 5462 ut
402 5406 496 5461 hic
530 5406 773 5462 Michael
809 5407 1171 5480 Pnlmologus
1204 5424 1239 5463 a
1270 5405 1960 5479 Pachymereinducitur.

2067 4604 2124 4661 δὲ
2179 4610 2340 4661 τοῦτο
2398 4603 2741 4679 ἀποδέσμους
2794 4608 2941 4668 τινὰς
2996 4605 3047 4660 ἐν
3095 4603 3598 4675 ὀθονίωντμήμασι
3632 4596 3719 4653 δε-

2068 4694 2377 4771 δεμένους,
2455 4693 2605 4750 ἔνδον
2677 4692 2910 4771 ἔχοντας
2986 4694 3304 4767 νομίσματα
3372 4693 3551 4767 χρυσᾷ
3608 4690 3717 4742 τῶν

2071 4784 2366 4862 βασιλικῶν
2432 4784 2557 4861 τρία
2626 4784 2715 4839 καὶ
2792 4783 2841 4857 ἐξ
2917 4784 3154 4861 ἀργύρου
3225 4786 3460 4837 τοσαῦτα
3532 4779 3567 4849 ἢ
3627 4775 3718 4832 καὶ

2069 4873 2269 4945 πλείω,
2301 4872 2391 4929 καὶ
2427 4868 2663 4937 ὀϐολοὺς
2706 4874 2811 4929 ἀπὸ
2842 4872 3058 4949 χαλκοῦ
3105 4872 3418 4934 τοσούτους.
3454 4870 3572 4925 Hoc
3631 4870 3720 4921 est

2073 4982 2141 5021 ex
2192 4964 2456 5020 versione
2518 4964 2762 5020 Pontani
2820 4965 3053 5020 nostri:
3106 4965 3202 5019 Die
3260 4977 3364 5034 quo
3419 4961 3718 5031 imperator

2071 5058 2266 5109 unrtus
2324 5054 2585 5125 atemplo
2642 5052 2780 5119 exit,
2840 5054 2907 5109 ab
2960 5053 3149 5126 aliquo
3179 5054 3295 5125 ejus
3342 5049 3711 5121 Optimatium,

2071 5159 2201 5214 qum
2246 5141 2317 5197 ad
2372 5142 2470 5197 hoc
2515 5142 2757 5213 elegerit,
2818 5144 2877 5197 in
2926 5144 3190 5215 populum
3254 5142 3537 5208 iaciuntur
3595 5148 3712 5205 quae

2072 5234 2264 5286 vocant
2309 5231 2637 5302 epicombia.
2685 5231 2834 5286 Sunt
2880 5242 3065 5287 autem
3110 5229 3376 5304 fasciculi
3420 5222 3714 5294 segmenti:

2074 5320 2258 5375 linteis
2282 5320 2508 5393 illigata
2554 5320 2810 5376 habentes
2842 5321 3181 5376 numismata
3211 5334 3383 5375 aurea
3410 5319 3710 5385 imperata-

2073 5411 2166 5465 ria
2194 5412 2325 5473 tria,
2357 5410 2582 5467 totidem
2610 5420 2866 5481 argentea
2898 5420 2994 5467 aut
3038 5412 3224 5483 plura.
3254 5417 3304 5463 et
3332 5405 3514 5463 obolos
3541 5414 3712 5457 aereos

373 5569 442 5628 (α)
473 5565 572 5641 ilic
591 5567 744 5641 locus
774 5566 909 5641 citra
938 5581 1153 5640 causam
1189 5568 1620 5641 nimi-autumavit
1650 5567 1922 5641 hominem

2072 5584 2371 5641 .u_m_;_yam_
2395 5571 2441 5620 si
2472 5570 2839 5641 ἐξαυτωρειανοί
2864 5570 3089 5641 dividas,
3098 5569 3420 5641 limibusque
3450 5566 3499 5624 ἐξ
3519 5564 3714 5641 ,Λύτρῖ

304 5629 512 5695 ριοιανί,
538 5630 633 5695 qui
660 5645 727 5680 ea:
756 5630 1164 5681 Autorianorum
1192 5631 1402 5693 familia
1434 5634 1598 5690 eram,
1630 5632 1807 5681 omnis
1841 5638 2127 5684 evanescot
2150 5628 2441 5686 difﬁcultas
2463 5628 2764 5685 contraius
2793 5635 2847 5682 in
2876 5638 2967 5683 not
2994 5632 3067 5682 ad
3096 5628 3469 5680 Testamentum
3495 5628 3714 5680 Arsem'i
