3978 6182
281 273 422 333 1023
1358 272 1422 323 Ρ.
1461 267 1736 323 POSSINI
1769 261 1852 316 ΟΕ

2106 259 2382 315 TIONUM
2421 262 2552 314 LIB.
2594 261 2640 312 Ι.
3547 259 3677 317 1024

280 402 522 461 totidem.
574 403 706 454 Haec
753 396 872 453 ille.
919 397 1000 450 Ex
1067 393 1285 467 quibus
1337 391 1524 448 obiter
1573 389 1782 462 collige
1831 404 1851 442 ε

2112 405 2123 438 ι
2173 381 2230 439 δὲ
2271 382 2362 440 καὶ
2408 381 2516 439 διπὸ
2567 381 2858 446 ἐλάττονος
2903 385 3074 456 τιμῆς
3104 379 3180 446 εἷς
3229 381 3474 458 μείζονα,
3509 381 3683 454 δηλα-

283 491 413 548 auri
459 504 572 544 non
604 487 709 541 fiat
739 486 796 541 in
844 489 1044 540 nostro
1095 481 1552 554 Pachymeriano
1602 480 1730 535 loco
1762 493 1854 532 me

2133 475 2239 530 ἀπὸ
2271 476 2582 530 ἐπισκοπῶν
2634 473 2713 538 εἷς
2763 473 3134 548 μητρόπολιν,
3178 475 3213 540 ἢ
3245 474 3441 548 ἀνδρὸς
3493 475 3682 551 ἀρετήν

284 581 390 641 tio,
424 577 523 632 sed
557 579 970 646 argenteorum
1004 574 1288 628 duntaxat
1319 585 1720 640 aerearumque
1751 583 1928 622 num-
2031 564 2067 632 ἢ
2119 564 2282 620 πόλιν
2334 567 2544 636 τιμῶν,
2600 566 2726 621 Haec
2783 565 2864 620 ibi
2924 564 3176 636 aliaque,
3243 565 3302 621 in
3357 567 3584 638 quibus
3637 567 3684 622 si

287 665 607 721 mulorum.
651 663 824 719 Aurei
855 662 1078 718 scilicet
1126 660 1353 717 nummi
1382 658 1792 732 largitionibus
1819 655 1928 710 im-
2035 654 2127 711 cui
2163 655 2308 709 forte
2338 654 2388 710 is
2421 659 2626 710 auctor
2655 654 2924 710 videatur
2969 658 3322 726 potestatem
3364 655 3479 711 hoc
3509 657 3682 711 verbo

281 756 620 826 peratorum
654 770 830 809 causa
860 756 918 808 et
960 751 1198 807 nomine
1233 750 1399 805 factis
1430 748 1880 805 reservabantur
1910 761 1922 797 :
2034 743 2349 800 indicatam
2399 744 2708 800 extendere
2741 742 2919 800 latius
2965 759 3143 814 quam
3180 751 3243 799 ut
3271 745 3460 816 possit
3491 744 3676 800 conti-

282 841 404 896 haec
439 847 636 897 autem
669 841 1062 912 patriarchica
1091 844 1232 910 erat,
1267 857 1381 896 non
1410 836 1785 910 imperatoris
1814 832 1931 906 epi-
2036 834 2160 890 neri
2195 835 2347 889 intra
2397 833 2684 890 terminos
2714 833 2897 888 sacris
2947 833 3275 889 canonibus
3307 839 3365 890 et
3393 833 3681 907 exemplis

285 929 652 986 combiorum
685 930 936 1003 sparsio.
2035 923 2492 980 orthodoxorum
2528 922 2880 996 principium
2912 923 3139 977 dudum
3165 923 3331 990 ﬁxos,
3365 928 3580 996 praesto
3602 928 3686 979 est

365 1035 741 1112 Ἐπιλυγάζειν
803 1057 873 1112 ρ.
932 1040 1039 1094 353
1073 1079 1086 1093 .
1144 1037 1228 1094 Τὰ
1278 1034 1685 1111 ὡμολογημένα
1740 1028 1931 1087 ἐπιλυ-

2112 1031 2248 1071 )nea
2298 1015 2360 1070 in
2406 1014 2766 1071 contrarium
2811 1013 3117 1084 exceptio:
3165 1028 3378 1084 nempe
3428 1013 3683 1070 hominis

283 1129 501 1202 γάζετο.
562 1103 682 1184 Duo
741 1103 950 1184 ultima
1005 1129 1181 1184 verba
1233 1103 1394 1184 Vatic
1446 1103 1710 1181 de-more
1754 1139 1929 1196 παρα·
2037 1105 2414 1202 80h_i3mali§i:
2468 1104 2696 1202 (Ιιξειιεξω
2730 1121 2791 1161 39
2835 1103 3169 1202 Πθωθξτίυε
3200 1105 3546 1202 δίθηεῖοῑξθσξ
3577 1105 3684 1202 isto

285 1194 501 1293 ᾧρέῖζων
580 1217 673 1273 his
743 1217 873 1273 aliis
929 1221 1317 1273 commutat:
1384 1214 1452 1269 τὰ
1525 1194 1856 1288 συμπεφωμέ

2112 1195 2257 1268 ripto
2283 1195 2475 1268 palam
2507 1194 2786 1260 declarat,
2811 1194 3219 1251 auctoritatem
3245 1196 3392 1251 nihil
3424 1195 3683 1268 legitime

286 1282 700 1374 ἑὲεεςέκεπάζετο.
783 1305 1089 1378 Signiﬁcat
1169 1309 1373 1362 auctor
1447 1282 1606 1360 hunc
1672 1282 1857 1375 le'gatu

1833 1317 1932 1356 um
2039 1285 2416 1358 praescribere
2443 1287 2646 1341 contra
2676 1282 3001 1339 doctrinam
3029 1283 3397 1339 catholicam.

287 1395 462 1452 cralis
495 1397 708 1451 Serbiae
742 1395 1150 1451 dissimulasse
1179 1395 1238 1450 in
1273 1394 1577 1449 tractando
1609 1393 1773 1465 prius
1804 1407 1936 1447 con-
2110 1383 2424 1458 Ἐπίσχεσις
2474 1401 2531 1457 p.
2592 1384 2716 1438 2‘25.
2767 1383 2905 1455 Agit
2952 1383 3023 1438 de
3076 1385 3377 1439 sacerdote
3436 1383 3539 1456 qui
3599 1387 3684 1438 at-

291 1491 463 1540 venta
504 1491 560 1540 et
609 1485 892 1557 stipulata
936 1486 1090 1540 inter
1137 1485 1546 1556 imperatorem
1594 1487 1650 1538 et
1694 1481 1932 1547 eralem,
2039 1478 2366 1530 tentaverat
2407 1473 2749 1530 benedicere
2790 1473 3013 1545 nuptiis
3045 1473 3172 1528 sine
3204 1474 3483 1530 facultate
3522 1473 3688 1529 char-

289 1579 482 1631 astuto
515 1575 615 1630 illa
663 1574 898 1630 silentio
931 1573 1195 1644 legendo,
1229 1591 1299 1629 ne
1343 1572 1637 1627 mentione
1672 1572 1821 1626 facta
1862 1570 1934 1624 il-
2043 1564 2386 1638 tophylacis,
2436 1565 2531 1620 cui
2563 1564 2690 1618 ideo
2741 1564 2799 1618 in
2847 1580 3078 1634 pcenam
3132 1564 3444 1635 suspensio
3481 1582 3515 1618 a
3556 1565 3690 1619 fun-

287 1664 479 1719 lorum
529 1681 597 1719 ea
641 1669 767 1718 rata
821 1662 1036 1718 habere
1084 1662 1398 1717 videretur.
1448 1659 1598 1732 Λύγη
1644 1660 1934 1730 interpre-
2045 1655 2235 1710 ctione
2299 1655 2611 1710 sacerdotii
2658 1655 2919 1724 irrogata
2969 1653 3067 1709 sit.
3121 1655 3223 1709 Est
3283 1669 3420 1726 ergo
3467 1650 3695 1726 ἐπίσχε-

285 1753 448 1809 tibus
499 1751 736 1808 Homeri
766 1756 856 1806 est
899 1747 954 1803 ἐν
988 1746 1091 1822 ἴσῳ
1141 1754 1220 1821 τῷ
1267 1747 1472 1824 ἡλύγη,
1508 1747 1537 1802 ὅ
1584 1746 1692 1802 ἐστι
1737 1745 1856 1801 σκὲτπ

2123 1766 2124 1771 π
2154 1743 2546 1800 ecclesiastica
2595 1743 2851 1809 notione,
2884 1744 3038 1814 quod
3070 1743 3226 1814 juris
3256 1743 3526 1798 canonici
3553 1759 3694 1798 con-

286 1839 429 1896 σκιά.
463 1839 625 1896 Unde
656 1844 744 1895 est
791 1841 944 1897 562
979 1836 1204 1913 λυγαῖον
1244 1841 1307 1912 [Ρ
1336 1840 1461 1911 385]
1503 1841 1619 1912 φῶς
1669 1838 1857 1910 maligi

2114 1832 2174 1888 lti
2235 1835 2650 1906 suspensionem
2702 1833 2856 1890 568
2904 1840 3133 1899 vocant,
3187 1833 3444 1904 speciem
3497 1831 3685 1888 eccle-

285 1931 406 1987 lux.
444 1929 586 1985 llinc
634 1926 981 2003 ἐπιλυγάζειν
1033 1928 1247 1984 valebit
1291 1929 1634 1996 obsecurare,
1693 1927 1933 2000 caligine
2037 1923 2287 1980 siasticaa
2344 1928 2617 1994 jcensuraa
2694 1922 3301 1979 excommunicatione
3377 1922 3694 1977 minorem.

290 2020 590 2093 oﬁundere,
626 2019 832 2075 artiﬁci
866 2019 1095 2076 silentio
1126 2018 1396 2075 ivolvere.
2035 2013 2196 2077 Quod
2229 2015 2402 2069 etiam
2439 2012 2702 2068 indicant
2729 2011 2906 2067 verba
2933 2028 3068 2066 mox
3099 2010 3450 2083 sequentia:
3483 2012 3692 2066 Τοῦτο-

2035 2101 2140 2176 γᾶρ
2174 2102 2273 2156 οὐκ
2302 2097 2451 2171 ἔδοξε
2475 2104 2722 2154 τοιοῦιον
2755 2100 2790 2170 ἢ
2816 2121 2868 2154 τι
2916 2096 3058 2154 ἄλλο
3094 2097 3310 2174 μέτριον
3345 2102 3427 2169 τῷ
3471 2097 3694 2172 βασιλεῖ

287 2232 401 2272 vox
452 2220 543 2272 est
605 2188 940 2287 composita
997 2188 1066 2271 ex
1139 2213 1456 2287 ἐπιστήμων
1515 2221 1572 2272 et
1624 2188 1858 2289 ἀρχὴίη

2118 2190 2321 2266 γελθὶν,
2371 2188 2496 2246 ἀλλ’
2549 2189 2855 2268 ἆφορισμὸς
2900 2189 3171 2264 ἄντικρυς.
3225 2189 3457 2254 Quibus
3507 2189 3689 2260 signi-

289 2279 766 2377 aignmcandum'
807 2304 1130 2378 principem
1163 2279 1524 2378 cogn'i'torem
1561 2346 1576 2373 ,
1628 2279 1744 2360 go;
1770 2279 1884 2359 ’ρει
1915 2345 1929 2370 ’
2036 2282 2248 2378 ﬁcatur
2278 2282 2699 2378 imperatorem
2723 2279 2930 2378 reus-ibi
2959 2281 3231 2378 nuntiata
3259 2279 3343 2334 ita
3373 2279 3690 2378 exarsisse,

291 2409 427 2450 eum
484 2393 577 2450 cui
634 2394 694 2450 in
752 2371 960 2467 primis
1005 2371 1408 2466 cognoscendi
1469 2371 1658 2450 deire
1736 2392 1935 2464 aliqua
2038 2373 2210 2467 (Ιυεςεί
2262 2390 2380 2467 ἰξοξὶ
2429 2372 2740 2467 ευδΡθηείξ)
2788 2371 2965 2467 “ind:
3009 2372 3112 2427 Sed
3157 2371 3692 2467 θξοοωωυξπίοδῖίο

278 2483 389 2554 jus
443 2459 772 2554 competit:
809 2485 1026 2555 Aptum
1086 2459 1435 2539 vocabulum
1502 2483 1572 2538 ad
1632 2459 1931 2554 explican-
2038 2465 2228 2534 major
2277 2463 2533 2529 inisset:
2593 2461 3007 2555 οοξλίυοάθοίξίξ
3043 2460 3290 2555 ξρθοίθε
3348 2459 3692 2555 Ξ-Ἶὲἀιξ-ῗίῖυθ

287 2548 424 2626 dam
459 2548 790 2643 principum
825 2548 924 2627 aut
955 2571 1405 2645 magistratuum
1440 2548 1808 2628 saecularium
1838 2570 1930 2625 in-
2038 2569 2421 2645 οθηευνετηηξ
2472 2551 2904 2645 canonicarum.
2948 2548 3488 2645 Vaticanuesolita
3510 2548 3691 2645 liber-

289 2636 708 2716 terventionem
739 2661 799 2716 in
827 2636 1086 2732 synodi;
1099 2665 1199 2717 aut
1229 2662 1471 2717 caatibus
1494 2659 1930 2716 ecclesiasticis.
2036 2646 2156 2732 t3th
2199 2642 2357 2697 hunc
2404 2641 2604 2732 locum_
2644 2639 3003 2732 παραφράζξιν
3056 2655 3159 2732 PFO
3212 2638 3329 2732 illi}
3360 2636 3691 2732 verbiskd"

285 2748 412 2805 Non
444 2749 601 2805 enim
635 2749 709 2805 iis
737 2725 1056 2822 praesident
1079 2755 1143 2806 ut
1164 2751 1399 2821 judices
1422 2767 1555 2806 cum
1573 2751 1709 2821 jure
1731 2749 1856 2804 sum

2118 2728 2358 2802 όστιμον.
2405 2773 2419 2787 .
2471 2770 2485 2785 .
2531 2770 2544 2784 .
2587 2726 2865 2802 ἐπίσχεσις
2919 2725 3009 2795 ἦν,
3057 2727 3140 2783 sic
3191 2728 3502 2783 scribens:
3562 2725 3689 2780 Ἐσ-

286 2837 367 2909 gii
400 2837 657 2905 decisivi,
691 2814 792 2894 sed
843 2837 1142 2896 intersunt
1164 2814 1234 2895 ἶιι
1264 2844 1469 2908 testes,
1496 2814 1617 2896 solvo
1648 2837 1857 2912 cogniti

2122 2817 2282 2872 λαστο
2325 2823 2427 2887 τῆς
2471 2814 2771 2889 ἱερωσύνης
2821 2814 2969 2891 παρὰ
3008 2818 3107 2869 τοῦ
3137 2815 3490 2889 πατριάρχου
3551 2814 3693 2888 πρὸς

286 2904 380 2982 nis
430 2926 858 3000 approbatricis
917 2929 1158 2984 arbitrio
1211 2904 1465 2985 decretis
1521 2904 1857 2984 auctoritate

1874 2943 1930 2982 ω
2034 2906 2248 2978 καιρόν.
2278 2913 2360 2964 De
2388 2924 2494 2963 suo
2527 2906 2691 2962 addit
2723 2905 3074 2962 mentionem
3107 2904 3445 2977 patriachae.

285 3016 673 3083 conferentes,
723 3021 778 3072 et
812 3017 884 3072 ad
933 3017 1368 3074 exsecutionem
1409 3018 1588 3072 robur
1619 3015 1856 3072 saecula:

2122 3005 2172 3076 ξΗ
2224 3004 2350 3075 386]
2396 3001 2771 3076 Ἐταιρίαρχοι
2821 3020 2877 3075 p.
2922 3003 3047 3058 321.
3099 3000 3244 3064 Τοὺς
3275 2999 3365 3056 ἐπὶ
3394 3007 3499 3071 τῆς
3545 2999 3693 3056 εἷσα-

281 3104 595 3174 potestatis
642 3105 1051 3179 adjungentes.
1087 3105 1193 3162 Ubi
1240 3106 1563 3162 notandum
1602 3104 1852 3176 primatu

2122 3100 2220 3170 γῆς
2253 3091 2346 3156 οὓς
2393 3091 2778 3168 ἒταιριάρχους
2827 3090 3110 3167 λέγουσιν.
3163 3093 3330 3160 Hinc,
3376 3098 3594 3166 praeter
3624 3110 3693 3149 ea

279 3190 464 3247 istum
490 3192 882 3264 [cognitionis,
907 3194 1006 3266 qui
1029 3199 1356 3266 competere
1389 3194 1778 3266 principibus,
1810 3210 1926 3249 non
2035 3201 2165 3258 quae
2213 3184 2284 3239 de
2331 3183 2440 3238 hac
2485 3198 2623 3239 V008
2673 3187 2838 3238 110th
2897 3182 3232 3252 Meursius,
3293 3181 3694 3255 intelligimus

285 3277 702 3336 ecclesiasticis
732 3281 829 3337 hic
858 3283 1092 3351 dicitur,
1125 3299 1255 3338 esse
1286 3287 1552 3355 respectu
1587 3291 1926 3338 ceterorum
2032 3275 2465 3332 introductores
2541 3274 2662 3331 sive
2739 3273 3190 3330 admissionaies
3258 3273 3693 3345 imperatorum

287 3367 380 3422 sui
429 3367 677 3434 ordinis,
727 3369 836 3424 hoc
883 3374 975 3425 est
1017 3369 1320 3438 laicorum,
1352 3372 1507 3426 inter
1533 3388 1680 3443 quos
1721 3371 1930 3443 primis
2035 3363 2430 3422 heteriarchos
2453 3363 2666 3431 dictos,
2697 3362 2854 3434 quod
2887 3377 3097 3433 nempe
3128 3361 3352 3417 tribuni
3385 3363 3695 3434 praetoria-

286 3455 432 3526 ipsis
463 3457 731 3510 convenit
789 3455 931 3513 talia
982 3475 1174 3514 nosse.
1237 3458 1526 3515 Alludunt
1580 3461 1762 3532 igitur
1813 3461 1929 3515 haec
2037 3471 2272 3520 norum,
2328 3453 2546 3525 quibus
2598 3452 2832 3523 proprie
2881 3451 2937 3506 id
2975 3467 3183 3506 nomen
3233 3452 3536 3518 convenit,
3571 3451 3695 3524 ple-

289 3544 477 3600 nostri
511 3544 765 3601 auctoris
796 3547 971 3602 verba
995 3549 1066 3604 ad
1085 3553 1336 3604 veterem
1370 3550 1713 3605 memoriam
1745 3550 1929 3606 histo-
2037 3559 2290 3615 rumque
2337 3543 2451 3598 isto
2484 3540 2818 3597 admittenti
2867 3541 2941 3596 ad
2973 3539 3295 3612 priDCipem
3329 3540 3530 3595 οΓδοίο
3564 3541 3695 3595 iun-

290 3631 388 3688 riaa
419 3631 850 3701 ecclesiasticae,
902 3651 1029 3707 quae
1063 3636 1497 3694 Constantinos.
1547 3638 1929 3710 Theodosios,
2037 3637 2332 3705 gerentur-

384 2127 916 2200 Ἐπιστημονάρχης
1009 2144 1089 2199 p.
1170 2127 1323 2182 261.
1407 2126 1932 2199 Ἑπιστημοναρχης

291 3721 619 3778 Marcianos
669 3729 771 3779 aut
802 3725 873 3780 ab
903 3725 997 3782 his
1029 3726 1244 3784 missos
1287 3727 1548 3800 legitime
1587 3730 1862 3802 prmaedis

2125 3725 2468 3803 Ετεροθαλής
2541 3745 2600 3800 p.
2675 3729 2801 3784 292.
2869 3727 2983 3794 Τὴν
3066 3725 3366 3799 ὲτεροθαλῆ
3444 3723 3692 3799 ἀδελφὴν

287 3811 556 3867 conciliis
603 3813 778 3869 fidem
811 3815 968 3881 facit,
1003 3816 1114 3873 isto
1147 3817 1429 3874 nimirum
1463 3835 1637 3890 quem
1689 3819 1931 3891 exposui
2036 3819 2236 3886 αὐτῶν,
2288 3835 2499 3891 nempe
2547 3818 2792 3874 Joannis
2853 3822 2910 3873 et
2976 3817 3318 3873 Theodosia;
3371 3817 3698 3873 liberorum

290 3901 482 3956 modo.
521 3904 704 3966 Quare
733 3919 840 3959 vox
885 3903 1155 3978 βασιλέως
1187 3905 1281 3962 hic
1323 3907 1641 3964 universim
1669 3913 1726 3964 et
1763 3909 1932 3963 inde-
2037 3908 2280 3965 Martha
2311 3907 2531 3963 sororis
2571 3906 2964 3978 imperatoris.
2997 3906 3134 3973 Cap.
3169 3905 3445 3977 sequenti
3478 3907 3552 3961 de
3599 3921 3699 3960 ea-

290 3991 456 4047 ﬂnite
485 3995 796 4062 sumenda,
827 4000 1120 4068 quatenus
1152 4015 1267 4054 non
1299 3997 1452 4055 hanc
1483 4000 1933 4056 determinatam
2036 3996 2170 4050 dem
2203 3994 2674 4065 Nostongonissa
2719 3993 2967 4065 loquens
2999 3992 3209 4049 Noster
3239 3993 3420 4048 habet
3453 3993 3695 4059 iterum,

290 4095 622 4153 personam,
643 4084 742 4139 sed
767 4101 1182 4159 quemcunque
1202 4089 1274 4144 ad
1303 4087 1603 4160 imperiale
1633 4088 1861 4161 fastigia

2125 4127 2127 4134 ,
2183 4090 2284 4153 τῆς
2343 4082 2517 4137 αὐτῶν
2573 4083 2930 4156 ὲτεροθαλοῦς
2993 4088 3092 4151 τῆς
3170 4081 3648 4158 Νοστογγονίσσης
3683 4126 3696 4140 .

290 4177 553 4226 evectum
583 4173 827 4229 indicat.
864 4176 1240 4250 Participium
1266 4184 1459 4236 autem
1483 4180 1533 4236 ei
1563 4181 1930 4251 adjunctum,
2039 4175 2186 4240 Quid
2239 4175 2315 4230 sit
2343 4173 2453 4230 hoc
2502 4173 2626 4228 loco
2658 4169 3010 4243 ὲτεροθαλής.
3058 4172 3211 4228 clare
3261 4172 3436 4228 docet
3488 4174 3702 4228 Eusta-

288 4255 700 4333 δικαιουμένου,
735 4264 1005 4336 designat
1025 4268 1130 4338 jus
1159 4268 1294 4324 talis
1323 4269 1679 4342 cognitionis
1705 4273 1762 4325 ct
1787 4286 1859 4341 pr

2135 4279 2203 4318 us
2236 4263 2306 4317 ad
2360 4261 2529 4318 Iliad.
2563 4279 2624 4334 χ,
2659 4279 2714 4333 p.
2751 4261 2893 4316 1283
2941 4260 3034 4315 ed.
3068 4265 3228 4316 Rom.
3263 4257 3465 4320 Παῖδες
3495 4259 3704 4336 πατρὸς

292 4349 478 4404 sentis
512 4349 745 4406 arbitrii
777 4352 834 4407 iu
877 4355 1298 4412 ecclesiasticis
1337 4357 1603 4424 cmtibus,
1637 4375 1750 4412 usu
1780 4373 1863 4412 an‘

2197 4349 2537 4421 ὁμομήτριοι
2618 4345 2957 4420 ἓτεροθαλεῖς
3031 4345 3306 4421 λέγονται.
3389 4350 3536 4405 Filii
3601 4366 3704 4420 pa-

293 4450 425 4529 q-uo
457 4442 514 4491 et
543 4445 781 4508 patrum
815 4441 1083 4498 Ecclesiae
1134 4450 1397 4500 veterum
1430 4461 1744 4514 consensu,
1779 4444 1935 4516 prin-
1964 4464 2010 4529 Ι)
2042 4443 2145 4495 tris
2178 4439 2443 4512 ejusdem,
2474 4439 2566 4495 sed
2595 4440 2789 4495 matris
2819 4437 3073 4495 diversae.
3107 4437 3219 4494 Res
3252 4455 3427 4510 porro
3459 4439 3522 4494 in
3555 4456 3706 4511 pre-

291 4523 523 4593 cipibus
552 4533 912 4598 competens.
950 4530 1197 4603 Reperio
1229 4549 1403 4588 usum
1434 4532 1545 4588 hoc
1572 4533 1852 4590 vocabulo
1873 4533 1934 4587 in
1964 4523 2002 4529 —
2045 4528 2194 4584 senti
2230 4530 2313 4583 sic
2358 4545 2420 4583 se
2450 4528 2680 4593 habuit,
2713 4531 2778 4582 ut
2825 4527 3044 4582 diserte
3075 4527 3256 4582 tradit
3304 4527 3712 4599 Pachymeres

291 4612 494 4668 eadem
528 4615 763 4673 notione
795 4617 1155 4676 Demetrium
1189 4621 1617 4678 Chomatenum
1645 4621 1932 4693 archiepi-
2043 4616 2152 4672 sub
2185 4617 2362 4671 ﬁnem
2396 4633 2444 4671 c.
2483 4617 2567 4670 19.
2603 4615 3020 4680 Tarchaniota,
3051 4614 3141 4670 vir
3169 4615 3410 4670 Martha:
3444 4623 3506 4671 et
3536 4632 3606 4672 ex
3642 4632 3714 4670 ea

291 4716 536 4774 scopum
570 4703 857 4778 Bulgaria:
888 4708 945 4763 in
979 4710 1467 4781 responsionibus
1497 4713 1567 4768 ad
1602 4711 1936 4768 Constanti-
2044 4711 2211 4778 pater
2255 4705 2500 4760 Joannis
2531 4710 2588 4760 et
2619 4704 2983 4772 Theodosiae,
3016 4720 3084 4759 ex
3134 4705 3331 4776 priore
3367 4723 3554 4762 uxore
3605 4721 3712 4777 ge-

289 4807 432 4846 num
465 4794 788 4852 Cabasilam
840 4797 1344 4872 archiepiscopum
1381 4801 1935 4874 Dyrrhachiensem,
2042 4799 2250 4849 nuerat
2299 4799 2466 4850 antea
2495 4793 3014 4865 Nostongonisam,
3067 4794 3159 4848 cui
3193 4794 3430 4850 videtur
3460 4796 3536 4850 ad
3583 4794 3713 4850 dis-

290 4879 492 4938 relatis
524 4899 556 4938 a
607 4883 954 4942 Leunclavio
987 4885 1023 4942 l.
1059 4905 1093 4942 v
1130 4889 1292 4946 Juris
1333 4889 1527 4946 Graeco
1574 4889 1842 4960 Romani,
1876 4907 1933 4962 p.
2043 4883 2385 4939 tinctionem
2437 4887 2770 4938 maternum
2810 4880 3044 4936 familiae
3086 4897 3300 4937 nomen
3352 4883 3709 4939 adhaesisse.

284 4969 391 5024 3l6
423 4974 480 5025 et
512 4987 605 5042 sq.
637 4973 731 5029 ed.
771 4975 1278 5034 Francofurtensis
1316 4995 1411 5034 an.
1455 4981 1632 5048 1640;
1666 4979 1747 5035 ibi
1777 4978 1934 5035 enim
2044 4977 2179 5029 Haec
2209 4989 2275 5028 eo
2307 4971 2637 5028 notavimus
2667 4972 2809 5043 quia
2838 4969 3271 5042 invulgaribus
3302 4971 3517 5028 lexicis
3546 4971 3714 5027 haud

291 5057 414 5113 haec
462 5057 742 5131 leguntur
793 5080 806 5119 :
858 5063 918 5120 Ὁ
982 5063 1236 5139 βασιλεὺς
1290 5065 1390 5142 γὰρ
1450 5068 1539 5121 οἷα
1593 5066 1774 5128 κοινὸς
1827 5087 1857 5120 τ

2143 5063 2191 5117 is
2219 5061 2485 5117 disertim
2508 5059 2856 5133 exprimitur
2880 5058 3000 5114 haec
3031 5059 3205 5115 istius
3229 5061 3389 5118 notio
3409 5059 3714 5117 vocabuli.

291 5142 602 5216 ἐκκλησιῶν
658 5147 1152 5229 ἐπιστημονάρχης
1202 5153 1291 5208 καὶ
1341 5153 1414 5209 ὢν
1459 5156 1549 5210 καὶ
1601 5153 1862 5229 ὀνομαζόι

2146 5157 2360 5234 Εὐλογία
2401 5178 2458 5231 p.
2491 5160 2616 5216 407.
2669 5157 2789 5213 Etsi
2820 5157 3002 5212 videri
3055 5163 3249 5230 potest
3278 5177 3451 5231 agere
3505 5165 3717 5216 auctor

290 5256 381 5299 νος
440 5237 528 5292 ναὶ
584 5239 890 5306 συνοδικαῖς
966 5244 1216 5320 γνώμαις
1263 5244 1536 5302 ἐπιστατεῖ
1586 5246 1676 5302 καὶ
1729 5246 1792 5300 τὸ
1843 5266 1861 5299 ν

2170 5248 2574 5305 benedictione
2617 5263 2652 5303 a
2700 5245 3034 5318 patriarcha
3083 5252 3216 5317 post
3265 5248 3715 5320 perceptionem

292 5347 386 5402 ρος
471 5331 690 5396 ταύταις
774 5335 1058 5411 χαρίζεσαι
1094 5355 1107 5368 ·
1209 5334 1666 5408 ἐκκλησιαστικὰς
1766 5335 1860 5406 τάξ

2143 5338 2318 5404 ultori,
2368 5338 2479 5394 hoc
2536 5341 2648 5403 est,
2682 5340 2747 5391 ut
2795 5351 2902 5392 suo
2958 5334 3084 5391 loco
3137 5337 3714 5401 demonstravimus,

297 5415 569 5493 ῥυθμίζει,
627 5424 715 5479 καὶ
774 5424 1058 5497 νομοτεθιῖ
1116 5421 1223 5499 βίῳ
1273 5426 1365 5480 καὶ
1413 5425 1663 5496 πολιτείᾳ
1691 5429 1789 5480 τοῦ
1835 5425 1867 5500 β

2145 5426 2212 5482 iis
2243 5426 2528 5495 benedicti,
2583 5423 2946 5496 accipienda,
2977 5429 3176 5480 tamen
3208 5427 3595 5481 verisimilius
3622 5428 3716 5480 est

299 5525 489 5577 ματος,
539 5511 627 5566 ναὶ
680 5514 788 5585 μὴν
819 5513 910 5567 καὶ
963 5509 1139 5576 δίκαις
1165 5511 1476 5570 ἐπισκόπων
1523 5514 1614 5571 καὶ
1659 5514 1870 5590 κληρικ‹

2140 5515 2308 5588 ιογίας
2349 5513 2631 5571 vocabulo
2683 5528 2895 5585 panem
2944 5511 3142 5584 ipsum
3190 5514 3568 5572 benedictum
3615 5512 3711 5568 hic

289 5592 383 5648 καὶ
431 5599 568 5672 πρός
623 5621 684 5678 γε
738 5603 1096 5677 χηρευουσῶν
1150 5602 1358 5680 ψήφοις
1411 5602 1740 5677 ἐκκλησιῶν.
1793 5603 1860 5661 ’E‘

2134 5602 2400 5676 gniﬁcari,
2447 5608 2512 5660 ut
2537 5599 2592 5658 ἓν
2643 5597 2734 5656 διὰ
2771 5597 2921 5654 δυοῖν
2967 5599 3288 5660 historicus
3330 5600 3705 5678 expresserit,
