3968 6202
235 314 380 374 1025

1714 316 2192 376 GLOSSARIUM.

3514 324 3654 381 1026

237 445 377 501 dum
434 445 493 499 et
539 436 843 513 ἆντιδώρου
890 441 948 495 et
996 435 1242 511 εὐλογίας
1291 440 1569 496 distincte
1624 441 1895 498 meminit

2021 444 2142 497 ιο.τὰ
2201 447 2362 516 σῶμα
2417 445 2620 521 φυὴ....
2680 445 2835 520 ὲτέρα
2881 443 2939 500 δὲ
2988 448 3125 501 κατὰ
3181 451 3330 518 νοῦν,
3390 446 3507 503 ὅθεν
3568 449 3661 504 καὶ

235 549 354 604 quo
381 532 653 603 ejusdem
686 530 865 585 unius
897 530 979 585 rei
1014 528 1294 585 vocabula
1327 530 1700 586 continuans.
1738 530 1895 585 Reti-

237 621 341 677 nui
391 637 562 693 porro
615 619 819 674 Latine
874 634 1085 673 nomen
1135 617 1392 687 eulogiee,
1427 618 1643 690 quippe
1693 620 1753 673 in
1791 618 1899 674 hac

241 710 486 765 notione
534 709 759 763 Latinis
790 706 1184 763 ecclesiastica
1226 708 1623 763 scribentibus
1670 710 1901 764 tritum.

236 800 434 856 Unum
467 798 644 853 affero
676 795 1014 866 exemplum
1048 813 1078 851 e
1130 795 1403 867 plurimis
1438 798 1658 869 passim
1699 813 1901 852 occur-

238 890 423 954 suris,
453 904 522 942 ex
555 888 789 941 decreto
820 884 906 939 Pii
942 902 1103 956 papa:
1128 886 1257 955 ejus
1285 888 1545 940 nominis
1578 886 1901 958 primi,quo

242 983 489 1051 putatur
535 977 688 1031 hunc
722 991 897 1030 usum
951 974 1217 1030 sanxisse
1271 975 1562 1030 benedicti
1624 976 1791 1046 panis
1842 976 1900 1029 in

240 1067 493 1124 ecelesia
523 1064 916 1121 distribuendi
952 1063 1045 1119 his
1084 1064 1184 1135 qui
1220 1064 1679 1119 adEucharisliaa
1704 1080 1900 1136 perce-

240 1158 505 1230 ptionem
539 1153 725 1227 parati
758 1170 873 1209 non
901 1157 1120 1209 essent.
1161 1153 1223 1207 Id
1252 1153 1336 1208 sic
1387 1153 1565 1209 habet
1622 1153 1902 1208 Concilio-

240 1264 374 1301 rum
429 1250 586 1300 tomo
620 1244 664 1314 Ι,
699 1260 756 1315 p.
812 1243 917 1297 234
947 1243 1037 1298 ed.
1077 1242 1215 1314 Reg.
1252 1243 1325 1297 De
1354 1242 1739 1299 ablationibus
1778 1258 1907 1314 quae

245 1336 556 1406 oferuntur
582 1350 617 1387 a
653 1333 876 1404 populo,
924 1340 976 1387 et
1005 1331 1510 1387 consecrationibus
1558 1348 1684 1403 quae
1712 1349 1905 1403 super-

243 1428 399 1490 sunt,
433 1423 513 1478 vel
558 1421 622 1476 de
642 1421 880 1492 panibus
914 1437 1047 1492 quos
1091 1421 1344 1490 deferunt
1385 1420 1569 1490 ﬁdeles
1618 1421 1687 1476 ad
1725 1423 1902 1478 eccle-

240 1516 415 1581 siam,
448 1512 527 1567 vel
558 1521 704 1567 certe
733 1510 803 1565 de
831 1508 967 1576 suis,
985 1508 1273 1581 presbyter
1299 1511 1691 1565 convenienter
1710 1514 1901 1581 partes

243 1603 459 1657 incisas
512 1600 708 1655 habeat
745 1602 801 1654 in
837 1615 959 1654 vase
1005 1598 1184 1653 nitido
1210 1602 1261 1654 et
1308 1598 1679 1667 convenienti,
1703 1603 1761 1654 ut
1788 1607 1906 1671 post

243 1692 555 1746 missarum
598 1691 893 1758 solemnia,
955 1689 1051 1759 qui
1098 1688 1507 1743 communicare
1549 1705 1655 1745 non
1695 1691 1909 1761 fuerint

242 1782 458 1852 parati,
482 1779 735 1850 eulogias
769 1779 925 1836 564
955 1779 1108 1833 omni
1135 1779 1228 1833 die
1244 1778 1525 1833 Domimco
1541 1788 1591 1833 et
1618 1780 1675 1833 in
1715 1779 1909 1834 diebus
1938 1814 1986 1878 B

243 1872 412 1941 festis
438 1869 637 1925 exinde
667 1867 965 1937 accipiant,
998 1882 1124 1938 quae
1147 1883 1273 1922 cum
1310 1868 1709 1923 benedictionis
1746 1871 1905 1938 prius

244 1960 459 2032 faciat.
480 1958 609 2014 Haec
628 1959 761 2013 Pius
781 1974 933 2030 papa
954 1958 1357 2029 etmartyr,Ex
1374 1958 1593 2028 quibus
1609 1959 1770 2014 vides
1801 1975 1906 2014 cur

249 2048 532 2105 exclusus
567 2047 1015 2119 participatione
1047 2046 1288 2119 eulogias
1324 2047 1381 2100 in
1405 2046 1551 2101 festo
1587 2047 1645 2102 S.
1673 2046 1905 2120 Georgii

245 2138 499 2193 Michael
532 2142 835 2208 Augustus
858 2137 1091 2203 dixerit,
1135 2133 1360 2210 ἀνέορτα
1409 2133 1777 2209 ὲωρτάσαμεν,
1824 2141 1905 2208 fe-

244 2232 403 2283 stum
432 2228 696 2296 infestum
734 2226 1153 2281 celebravimus.
1197 2225 1315 2280 Hoc
1347 2229 1467 2280 est:
1522 2242 1637 2280 non
1678 2225 1737 2280 id
1772 2226 1906 2281 feri-

251 2333 394 2371 mus
426 2316 579 2387 quod
617 2315 741 2370 fieri
802 2314 947 2370 festo
987 2314 1081 2370 die
1130 2314 1199 2369 ad
1242 2315 1369 2389 ejus
1400 2314 1723 2387 legitimam
1759 2314 1905 2370 cele-

250 2404 585 2461 brationem
621 2404 706 2460 l'as
734 2408 824 2459 est
854 2408 910 2459 et
954 2420 1097 2458 usus
1139 2402 1573 2458 ecclesiasticus
1606 2404 1904 2475 poscebat.

322 2528 574 2605 Εὐφυής.
630 2545 686 2600 p.
738 2528 828 2583 32.
878 2528 973 2585 Sic
1003 2527 1411 2599 Pachymeres,
1444 2544 1685 2583 causam
1716 2528 1904 2583 morbi

247 2636 371 2692 quo
402 2618 565 2690 gravi
621 2622 680 2672 et
726 2616 901 2689 longo
949 2615 1239 2671 laboravit
1292 2617 1613 2688 imperator
1646 2616 1905 2673 Joannes

254 2706 843 2771 Lascarisindicans,
871 2705 1111 2776 scripsit
1136 2704 1235 2760 εΤὸ
1263 2702 1308 2757 δ’
1351 2703 1442 2772 ἦν,
1496 2703 1571 2766 ὡς
1618 2700 1812 2775 ἔοικεν,
1847 2704 1905 2759 ἐκ

249 2796 453 2865 ζέσεως
512 2796 742 2863 φυσικῆς
803 2789 1095 2868 ἐγκαρδίου
1131 2834 1143 2848 .
1201 2794 1350 2846 Ὅθεν
1388 2835 1401 2859 ,
1462 2793 1638 2865 οἶμαι,
1698 2793 1786 2846 καὶ
1841 2793 1905 2848 τὸ

246 2884 447 2961 εὐφυὲς
497 2882 683 2955 ἐκείνῳ
740 2881 830 2937 καὶ
881 2882 1012 2957 ὑπὲρ
1059 2883 1120 2936 τὸ
1176 2888 1458 2957 προσῆκον
1491 2882 1581 2951 ἦν.
1613 2888 1747 2939 Haec
1798 2900 1903 2956 ego

245 2978 311 3029 in
349 2975 505 3029 hunc
536 2974 776 3029 modum
802 2976 1087 3028 verteram
1117 2989 1130 3028 :
1176 2972 1351 3043 Origo
1383 2974 1501 3034 eius
1550 2973 1907 3029 versimiliter

245 3063 640 3134 imputabatur
660 3063 911 3117 naturali
941 3063 1359 3133 e/fervescentiae
1385 3062 1602 3128 cardis;
1638 3078 1806 3133 quam
1850 3067 1903 3117 et

235 3169 486 3208 causam
515 3153 765 3223 etfuisse
793 3168 924 3207 reor
974 3152 1192 3206 ruboris
1249 3153 1308 3205 in
1365 3152 1523 3206 vultu
1577 3151 1894 3219 ﬂagrantis.
1929 3180 1972 3246 α

232 3246 436 3314 Super
460 3240 572 3307 his,
604 3242 763 3296 edita
780 3242 905 3311 jam
930 3240 1106 3312 priori
1137 3245 1299 3311 parte
1315 3239 1895 3312 illaPachymerianas

230 3332 531 3398 historiae,
562 3333 937 3386 convenitme
957 3330 1112 3385 viret
1143 3330 1430 3401 dignitate
1453 3329 1898 3386 illustrissimus

231 3428 301 3478 et
332 3421 573 3492 ingenio
597 3437 661 3476 ac
692 3420 1056 3476 eruditiones
1073 3418 1661 3491 praestansﬁdemque
1684 3419 1897 3474 huma-

232 3510 537 3565 nissimus
567 3525 633 3563 ac
666 3507 777 3563 mei
798 3508 971 3580 longe
1002 3524 1183 3579 supra
1215 3509 1491 3562 meritum
1543 3525 1790 3563 amans:
1842 3512 1900 3563 et

238 3596 450 3653 mirari
475 3613 538 3652 se
586 3596 729 3651 dixit
759 3597 915 3669 quod
963 3594 1025 3648 τὸ
1075 3595 1286 3667 εὐφυὲς,
1347 3612 1462 3666 quo
1520 3596 1693 3667 vulgo
1739 3597 1898 3668 inge-

238 3687 420 3742 nium
454 3684 772 3748 industria,
806 3686 959 3739 bona
988 3682 1243 3750 indoles;
1276 3684 1333 3739 in
1354 3684 1619 3739 classicis
1653 3685 1900 3739 auctori-

228 3776 352 3831 bus
386 3773 682 3845 signatur,
716 3789 822 3845 ego
855 3774 926 3828 ad
960 3772 1158 3828 vultus
1190 3774 1464 3828 ruborem
1526 3773 1899 3828 contulerim.

237 3864 398 3920 Huic
430 3879 538 3935 ego
567 3862 775 3934 gratiis
804 3861 1023 3935 prolixe
1053 3862 1296 3930 habitis,
1329 3869 1386 3917 et
1417 3879 1485 3917 ex
1517 3879 1650 3917 vero
1682 3861 1904 3933 signiﬁ-

244 3958 387 4009 catu
424 3951 724 4007 docilitate
750 3967 876 4006 mea
909 3952 976 4006 ad
1005 3952 1533 4023 obtemperandum
1582 3956 1736 4005 recta
1778 3967 1900 4005 mo-

237 4042 559 4107 nentibus,
592 4041 822 4095 ostendi
857 4040 1000 4112 quid
1033 4044 1272 4095 secutus
1306 4057 1338 4094 a
1388 4046 1526 4094 nota
1570 4040 1727 4094 vocis
1776 4040 1905 4109 ejus

236 4131 491 4186 notione
535 4129 920 4184 deﬂexissem.
964 4130 1035 4184 Et
1102 4129 1201 4183 ille
1250 4145 1343 4183 me
1391 4128 1615 4196 audito,
1664 4128 1905 4182 innuere

230 4236 360 4275 non
394 4223 487 4273 est
506 4222 782 4290 gravatus
815 4217 929 4273 sibi
964 4217 1382 4273 satisfactium.
1438 4216 1580 4282 Quia
1615 4233 1748 4271 vero
1769 4232 1902 4271 eru-

232 4307 385 4364 ditis
422 4322 655 4378 quoque
691 4306 824 4362 aliis
854 4305 1172 4361 lectoribus
1224 4306 1416 4361 simile
1464 4306 1768 4377 quidpiam
1810 4321 1905 4360 oc-

237 4413 427 4453 cursu
452 4396 585 4464 ejus
616 4394 725 4449 loci
757 4399 1074 4449 venturum
1109 4394 1165 4448 in
1199 4399 1456 4450 mentem
1489 4400 1581 4450 est
1610 4394 1907 4460 credibile,

242 4503 383 4559 quas
415 4484 499 4540 illi
532 4482 851 4555 respondit,
877 4483 1068 4556 palam
1098 4483 1188 4538 hic
1218 4499 1504 4553 exponere
1546 4499 1733 4555 operae
1776 4499 1909 4555 pre-

236 4575 400 4631 tium
436 4573 677 4646 putavit.
708 4573 833 4628 Non
866 4589 958 4628 me
986 4572 1128 4627 latet
1158 4569 1346 4644 εὐφυὲς
1407 4573 1747 4642 adoptatum
1805 4572 1904 4626 ho-

240 4664 398 4721 mini
455 4662 807 4734 plerumque
855 4677 1064 4717 sonare
1112 4659 1175 4714 τὸ
1228 4656 1502 4728 δέξιὸντοῦ
1557 4664 1653 4713 vos
1708 4658 1796 4713 καὶ
1851 4656 1906 4713 εὗ

230 4750 486 4825 πεφυκὸς
519 4749 657 4822 πρὸς
700 4748 988 4820 τὸμαθεῖν,
1034 4750 1389 4804 industriam
1450 4755 1507 4805 et
1565 4750 1905 4804 facilitatem

235 4841 571 4913 quamdam
621 4838 770 4895 acris
820 4838 1063 4909 ingenii.
1123 4838 1232 4893 Sed
1281 4844 1338 4893 et
1388 4838 1508 4894 scio
1555 4837 1906 4908 Hesychium

231 4928 418 5003 :Bcpuﬁ
446 4927 741 5000 explicare
759 4944 860 4998 per
890 4925 1093 4998 ὡραῖον
1111 4926 1690 4982 formosum.Formae
1713 4932 1907 4981 autem

242 5024 482 5090 partem
517 5018 575 5072 in
608 5017 772 5072 vultu
807 5016 939 5088 quis
973 5023 1140 5086 neget
1172 5015 1443 5070 ruborem
1477 5031 1613 5070 ense
1644 5014 1906 5086 ?etquid

244 5107 417 5162 aliud
451 5106 522 5162 ad
549 5106 794 5161 formam
849 5106 1154 5176 pertinens
1178 5102 1239 5157 ἐκ
1296 5102 1490 5171 ζέσεως
1536 5108 1766 5178 φυσικῆς
1814 5101 1909 5176 ἐγ-

239 5192 504 5269 καρδίου,
550 5210 620 5250 ex
646 5194 907 5251 naturali
934 5196 1150 5263 fervore
1189 5193 1390 5261 cordis,
1434 5209 1606 5263 quam
1658 5194 1910 5248 ruboren

239 5286 349 5340 hic
382 5284 499 5339 dici
532 5284 813 5340 exsistere
871 5282 1267 5339 verisimiliter
1300 5281 1672 5337 comminisci
1705 5282 1912 5353 potui?

241 5376 433 5431 Recte
461 5373 808 5429 Eusthatius
839 5374 911 5428 ad
944 5371 1105 5427 Iliad.
1140 5373 1375 5445 ῇ,ρ.172
1408 5370 1908 5439 οό.Ηοω.Ῥητὲον

237 5463 329 5523 ὡς
364 5457 521 5531 διττὴ
571 5463 607 5531 ἡ
658 5461 789 5535 qui”
845 5463 879 5530 ἡ
937 5460 1032 5532 μὲν
1087 5459 1223 5514 κατὰ
1270 5459 1335 5513 τὰ
1384 5458 1624 5520 ἐκτὸς....
1670 5454 1910 5528 δεξιότης

236 5553 387 5608 οὖσα
418 5551 709 5624 σωματικὴ
754 5549 844 5604 καὶ
879 5549 953 5611 εἰς
993 5548 1187 5603 ταυτὸν
1233 5547 1444 5617 ἥκουσα
1488 5552 1567 5619 τῷ
1616 5545 1905 5607 κάλλει,...

238 5642 349 5719 ἀφ’
414 5640 481 5709 ἧς
529 5641 617 5695 καὶ
685 5638 981 5715 πρόσωπον
1030 5639 1336 5716 adesse"...
1393 5636 1484 5691 καὶ
1532 5636 1667 5705 αὐτή
1728 5637 1821 5709 μὲν
1870 5638 1905 5706 ἡ

2006 529 2207 607 εὐφυὴς
2260 532 2287 584 ὁ
2349 531 2405 585 εὖ
2464 528 2607 607 ἔχων
2668 533 2743 597 εἷς
2798 534 2862 588 τὸ
2921 531 3115 589 εἰδέναι
3162 538 3337 594 Vides
3372 538 3467 593 hic
3507 539 3662 595 clare

2009 621 2610 694 distinguiduplicem
2653 623 2771 679 vim
2818 625 2978 680 verbi
3034 624 3255 702 εὐφυής,
3302 644 3552 697 quarum
3586 630 3657 683 ad

2011 710 2224 765 mentis
2273 711 2655 767 acrimoniam
2708 731 2844 781 una,
2886 715 2958 768 ad
3010 716 3270 786 corporis
3346 731 3412 770 ac
3461 715 3659 772 vultus

2010 798 2263 870 speciem
2299 804 2582 872 pertineat
2612 801 2999 857 altera.Juxta
3018 803 3264 873 priorem
3283 820 3657 875 nequaquam

2010 890 2104 944 hic
2134 890 2545 962 Pachymerem
2582 890 2843 945 locutum
2874 893 3104 958 suadet,
3144 894 3296 963 quod
3350 894 3399 948 si
3450 893 3659 948 incon-

2011 995 2264 1050 sequens
2298 979 2818 1051 promptitudinem
2850 982 3074 1052 ingenit
3110 981 3302 1037 nimie
3323 998 3386 1037 ac
3421 983 3660 1039 morbo-

2011 1084 2089 1122 sa:
2147 1067 2339 1123 cardis
2391 1067 2833 1123 eﬁ'ervescentiae
2872 1074 3156 1140 tanquam
3192 1070 3493 1143 proprium
3519 1072 3657 1127 eﬁ‘e-

2011 1162 2170 1212 ctum
2230 1158 2553 1230 assignare,
2610 1160 2928 1229 praesertim
2979 1176 3111 1214 cum
3163 1177 3296 1216 mox
3329 1162 3507 1217 addat
3533 1180 3655 1217 rem

2013 1246 2186 1319 plane
2207 1248 2587 1317 contrariam,
2612 1265 2819 1320 nempe
2845 1250 3122 1321 [uligines
3148 1266 3217 1305 ea:
3246 1252 3349 1305 isto
3372 1252 3549 1306 cordis
3570 1253 3658 1306 in-

2012 1336 2203 1391 cendio
2247 1353 2473 1391 cursum
2523 1339 2581 1393 in
2638 1339 2925 1393 cerebrum
3016 1342 3258 1408 perlatas
3305 1340 3538 1393 rationis
3602 1342 3662 1394 in

2012 1427 2221 1481 Joanne
2248 1427 2478 1495 Augusto
2509 1443 2667 1481 usum
2697 1427 3063 1497 perturbasse.
3092 1426 3223 1481 Haec
3242 1426 3397 1482 enim
3420 1432 3509 1482 est
3529 1444 3662 1482 sen-

2012 1513 2195 1568 tentia
2239 1516 2547 1569 verborum
2602 1514 2878 1571 illorum:
2913 1512 3271 1588 Οὐστὲγοντος
3314 1518 3412 1569 τοῦ
3470 1514 3666 1587 μορίου

2012 1600 2074 1654 τὸ
2124 1599 2293 1663 πάθος
2348 1601 2626 1655 κάντεῦθεν
2684 1600 3083 1677 ἐκτρεπομένου
3139 1607 3236 1657 τοῦ
3296 1602 3530 1674 εἰκότος,
3590 1605 3666 1665 ὡς

2018 1686 2158 1763 μηδὲ
2206 1690 2520 1764 χρησίμους
2566 1689 2839 1753 πολλάκις
2894 1692 3228 1763 ἀναπέμπειν
3260 1696 3339 1763 τῷ
3382 1692 3667 1770 εγκεφάλῳ

2017 1779 2111 1841 τὰς
2143 1778 2514 1846 ἀναπνεύσεις,
2547 1782 2697 1847 Quin
2730 1786 2787 1837 et
2817 1782 2957 1835 dum
3002 1788 3207 1853 reputo
3248 1782 3663 1854 Pachymerem

2018 1869 2265 1925 lectione
2308 1870 2675 1942 antiquitatis
2729 1870 2967 1941 plenum
3019 1870 3214 1940 potius
3266 1872 3323 1924 in
3357 1871 3664 1926 scribendo

2021 1959 2311 2031 respicere
2343 1960 2485 2028 quid
2518 1960 2670 2030 apud
2706 1963 2972 2014 auctores
3003 1959 3213 2014 viderit
3243 1976 3419 2031 quam
3459 1976 3667 2016 curare

2019 2051 2164 2122 quid
2206 2050 2401 2105 minus
2428 2050 2555 2121 ipso
2584 2049 2758 2106 tritus
2790 2050 2848 2104 in
2882 2050 3061 2107 veteri
3110 2050 3437 2105 eruditione
3487 2050 3668 2106 lector

2016 2138 2421 2194 intellecturus
2445 2138 2644 2193 statim
2672 2138 2763 2209 sit,
2796 2137 2855 2192 in
2889 2137 3107 2208 animo,
3131 2154 3265 2193 cum
3296 2137 3419 2192 huic
3451 2138 3664 2193 chartas

2017 2228 2293 2292 illineret,
2326 2227 2600 2283 habuisse
2624 2227 2801 2281 simul
2828 2226 2959 2282 illos
2990 2227 3225 2282 Homeri
3257 2244 3461 2281 versus
3486 2226 3665 2283 itiad.

2018 2317 2068 2387 δ,
2101 2320 2261 2374 Τοῖοί
2289 2338 2373 2371 τοι
2408 2315 2653 2374 Μενέλαο
2691 2318 2920 2387 μιάνθην
2959 2314 3149 2389 αἵματι
3203 2316 3372 2390 μηροὶ
3424 2315 3669 2393 εὐφυέες,

2015 2406 2196 2462 simul
2227 2406 2520 2462 Plutarchi
2543 2425 2611 2462 ex
2633 2407 2803 2463 libro.
2841 2408 2966 2469 Πῶς
2996 2405 3055 2459 ἃν
3087 2426 3170 2467 τις
3197 2403 3444 2459 αἴσθοιτο
3477 2406 3670 2461 ἑαυτοῦ

2015 2496 2425 2570 προκόπτοντος
2460 2494 2541 2549 ἐπ’
2569 2496 2757 2569 ἀρετῇ,
2791 2497 2985 2552 locum
3009 2496 3165 2550 hunc
3196 2497 3503 2567 dejuvene
3535 2513 3673 2568 pro-

2018 2586 2243 2658 gressio
2265 2587 2392 2655 jam
2426 2586 2484 2640 in
2515 2586 2711 2641 studio
2742 2586 3005 2641 virtutis:
3029 2582 3206 2640 Ἀλλὰ
3252 2583 3344 2638 καὶ
3383 2604 3667 2659 προσαγο-

2015 2674 2221 2748 ρευθεὶς
2255 2674 2337 2751 ὑφ’
2370 2673 2555 2748 ἑτερου
2600 2672 2770 2747 tot-3m
2816 2677 2885 2746 τῇ
2929 2673 3278 2749 προσηγορίᾳ
3319 2672 3672 2748 (φιλοσόφου)

2017 2762 2262 2840 φράσειεν
2314 2761 2375 2817 ἂν
2424 2764 2628 2841 εὐφυὴς
2676 2765 2815 2831 νὲος,
2868 2762 2996 2817 ὥστ’
3047 2762 3217 2817 εἰπεῖν
3257 2760 3539 2835 μειδιάσας
3584 2764 3675 2818 καὶ

2016 2850 2389 2922 ὑποπλησθεὶς
2416 2851 2780 2927 ἐρυθήματος,
2821 2849 2894 2905 Οὸ
2932 2851 3017 2914 τίς
3043 2873 3127 2907 τοι
3182 2853 3300 2915 θεός
3350 2851 3493 2924 εἶμι,
3543 2868 3677 2908 cum

2010 2941 2067 2996 in
2095 2942 2281 3013 primo
2312 2948 2611 2996 cruentam
2644 2942 3012 3009 rubedinem,
3047 2942 3106 2996 in
3140 2941 3322 2996 altero
3366 2957 3649 2997 verecun-

2010 3031 2149 3085 dum
2186 3030 2456 3085 ruborem
2487 3030 2672 3093 faciei,
2717 3031 3035 3099 conjuncta
3079 3046 3213 3085 cum
3243 3029 3525 3084 vocabulo
3557 3027 3649 3082 εὖ·

2011 3120 2152 3191 φυής
2187 3119 2430 3184 videret,
2461 3117 2604 3173 illud
2640 3120 2695 3173 in
2729 3135 2837 3174 sua
2869 3118 3185 3190 scriptione
3235 3118 3504 3190 posuisse
3534 3120 3656 3173 ani-

2014 3226 2105 3265 mo
2136 3207 2436 3263 indicandi
2459 3208 2846 3279 conspicuum
2869 3208 3138 3263 ardorem
3170 3206 3369 3263 vultus
3398 3207 3655 3279 ﬂagran-

2005 3298 2107 3365 tis,
2139 3298 2373 3368 qualem
2406 3297 2464 3351 in
2494 3297 2721 3352 Joanne
2753 3296 2977 3352 Lascari
3010 3313 3077 3352 ex
3100 3296 3292 3352 cordis
3323 3296 3656 3352 inflamma-

2007 3388 2192 3454 tione,
2229 3392 2295 3441 ut
2336 3386 2628 3452 credebat,
2663 3391 2854 3441 ortum
2888 3385 3320 3442 observaverat.

2079 3509 2391 3585 Εὐχὲλαιον
2444 3528 2500 3583 p.
2539 3511 2665 3566 5H.
2699 3511 2781 3565 Ad
2830 3527 3028 3567 vocem
3074 3506 3365 3584 εὐχέλαιον
3394 3509 3517 3565 haec
3554 3526 3661 3565 an-

2005 3606 2165 3657 notat
2210 3600 2658 3656 Meursiuszb‘ie
2693 3599 2978 3655 dicebatur
3007 3601 3042 3667 ἡ
3094 3596 3398 3661 ἀκολουθία
3438 3615 3557 3669 qua?
3600 3601 3660 3654 in

2004 3688 2426 3744 consecratione
2477 3690 2585 3744 olei
2674 3688 3008 3759 psallebatur
3064 3705 3099 3743 a
3160 3691 3358 3759 septem
3406 3688 3660 3743 sacerdo—

2007 3777 2174 3834 libus.
2236 3777 2513 3832 Eruditus
2549 3776 2838 3847 interpres
2854 3775 3191 3846 Eucbologii
3226 3776 3380 3830 notis
3411 3777 3479 3830 ad
3505 3773 3661 3848 εὖχὲ-

2008 3863 2165 3919 λαιον
2198 3882 2255 3935 p.
2279 3866 2374 3920 451
2411 3865 2495 3920 sic
2517 3864 2719 3919 scribit
2746 3882 2758 3918 :
2791 3867 3008 3919 Passim
3045 3868 3229 3918 autem
3266 3880 3459 3918 rursus
3492 3862 3660 3936 εὐχέ-

2009 3953 2163 4008 λαιον
2193 3958 2414 4009 vocatur
2450 3954 2613 4024 quasi
2640 3952 2788 4008 dicas
2836 3953 2965 4023 (non
3010 3952 3118 4006 olei
3163 3953 3660 4021 consecrationem,

2010 4054 2068 4099 ut
2130 4043 2362 4097 barbare
2435 4041 2717 4099 Meursius
2786 4043 2845 4095 in
2906 4040 3197 4110 Glossario)
3272 4040 3463 4095 oleum
3528 4057 3660 4095 cum

2010 4132 2291 4197 oratione,
2322 4129 2637 4200 compositis
2669 4129 2738 4183 ad
2769 4128 3007 4184 invicem
3041 4124 3210 4199 εὐχῆς
3251 4135 3302 4182 et
3349 4123 3535 4178 ἐλαίου
3566 4143 3659 4182 vo-

2008 4223 2182 4276 cibus.
2218 4217 2629 4291 Hascille;qui
2669 4234 2868 4273 vereor
2914 4221 2978 4272 ut
3031 4222 3150 4272 tam
3201 4215 3369 4271 facile
3429 4220 3665 4287 praestet

2011 4308 2346 4381 aequitatem
2371 4325 2488 4363 suae
2502 4324 2768 4363 censuras
2782 4306 3258 4378 quamMeursius
3273 4305 3345 4360 ab
3370 4304 3661 4375 interpre-

2012 4400 2234 4455 tatione
2272 4415 2382 4453 sua
2422 4396 2707 4452 barbarici
2783 4400 2981 4451 notam
3043 4394 3218 4451 cluat.
3270 4393 3416 4449 Nam
3467 4409 3666 4448 revera

2014 4493 2135 4544 tota
2165 4486 2509 4542 caremonia
2529 4502 2593 4539 ac
2618 4485 2767 4539 ritus
2788 4483 2989 4539 multis
3004 4482 3368 4539 orationibus
3399 4498 3466 4537 ac
3486 4481 3665 4536 bene-

2014 4576 2370 4632 dictionibus
2415 4580 2691 4629 constans
2761 4589 2874 4645 quo
2949 4573 3399 4628 consecrabatur
3446 4570 3664 4640 oleum,

2021 4661 2309 4737 εὖχέλαιον
2352 4666 2611 4717 vocatur.
2660 4660 2905 4715 Videtur
2925 4666 3118 4715 autem
3172 4664 3665 4716 auctornotarum

2022 4747 2093 4801 ad
2126 4743 2545 4813 Euchologium
2578 4742 2735 4795 tdem
2768 4740 2877 4796 hoc
2909 4740 3032 4796 loco
3065 4757 3297 4812 passus,
3342 4741 3496 4810 quod
3557 4739 3667 4793 hu-

2024 4834 2282 4890 manitus
2326 4831 2390 4905 [P
2446 4831 2573 4901 387]
2632 4830 2951 4902 contigisse
3010 4829 3185 4885 refert
3235 4829 3460 4886 Gellius
3510 4828 3549 4883 l.
3589 4845 3671 4884 v11

2022 4922 2276 4980 Noctium
2325 4922 2651 4986 Atticarum,
2671 4921 2831 4985 0.17,
2854 4918 3237 4991 grammatico
3252 4919 3489 4974 cuidam
3515 4916 3668 4972 cele-

2026 5011 2111 5066 bri
2165 5028 2197 5065 a
2239 5026 2303 5065 se
2349 5010 2710 5080 interrogato
2756 5008 2827 5063 de
2877 5007 3114 5062 notione
3173 5007 3330 5061 vocis
3379 5007 3667 5062 obnoxius.

2030 5117 2145 5172 quo
2177 5099 2262 5155 sic
2293 5098 2370 5153 ibi
2395 5097 2616 5152 Gellius
2648 5097 2889 5152 scribit:
2927 5098 3045 5165 Qua
3072 5112 3200 5152 vero
3231 5096 3335 5151 ille
3354 5096 3675 5164 grammati-

2025 5206 2118 5246 cus
2147 5190 2405 5260 ﬁnitione
2434 5203 2567 5241 usus
2597 5196 2700 5251 est,
2725 5202 2790 5242 ea
2818 5186 3024 5241 videtur
3060 5186 3119 5240 in
3150 5185 3318 5239 verbo
3346 5188 3459 5239 tam
3478 5183 3671 5235 multi-

2023 5280 2159 5352 plici
2190 5296 2363 5334 unam
2394 5278 2765 5333 tantummodo
2822 5276 3237 5348 usurpationem
3284 5274 3402 5344 ejus
3438 5279 3669 5326 notasse.

2024 5370 2117 5425 Sic
2149 5369 2305 5425 enim
2341 5372 2397 5423 et
2417 5367 2479 5422 P.
2513 5367 2683 5433 Goar,
2712 5382 2844 5421 cum
2877 5365 3074 5436 plures
3110 5359 3400 5435 εὐχελαίου
3447 5358 3670 5429 species

2026 5459 2265 5523 fuerint,
2297 5458 2497 5513 omnia
2529 5456 2598 5511 ad
2634 5471 2811 5511 unam
2845 5452 3046 5519 trahit,
3075 5468 3202 5506 eam
3236 5467 3350 5521 qua
3376 5446 3563 5503 oleum
3599 5444 3669 5500 ad

2027 5547 2364 5604 unctionem
2409 5545 2777 5601 infirmorum
2842 5542 3196 5613 parabatur;
3229 5555 3263 5592 a
3310 5552 3427 5609 qua
3477 5539 3669 5590 tamen

2027 5637 2152 5709 ipse
2203 5635 2342 5692 alibi
2398 5633 2683 5690 diversam
2727 5636 3014 5688 memorat
3065 5645 3121 5701 p.
3164 5627 3287 5698 441,
3341 5624 3512 5695 cujus
3542 5619 3675 5677 ἀκο-
