3978 6182
438 307 578 364 1027

1486 301 1550 354 Ρ.
1589 299 1871 354 POSSINI
1905 295 2527 355 OBBERVATIONUM
2567 300 2700 354 LIB.
2740 301 2787 354 Ι.

3626 306 3726 367 1028

435 427 660 487 λουϐίαν
692 427 811 482 sive
835 421 1091 480 ofﬁcium
1124 438 1190 478 ac
1219 421 1672 478 consecrationis
1721 421 1897 478 ritum
1959 420 2082 477 edi-
2106 425 2165 490 Α
2195 421 2358 478 nulla
2403 426 2626 478 restare
2670 421 2922 490 vestigia
2971 421 3252 494 Zeuxippi
3282 426 3504 482 testatur
3527 428 3726 500 Gyllinsl.

433 525 561 576 tum
594 531 656 572 se
687 513 901 570 vidisse
944 513 1044 581 ait,
1062 511 1172 568 etsi
1206 528 1324 567 suae
1342 511 1668 566 collectioni
1693 527 1807 567 non
1831 527 2074 568 curave-

433 608 512 662 rit
581 605 840 659 inserere
882 606 1121 674 propter
1153 600 1549 672 suspicionem
1582 601 1894 672 cujusdam
1929 601 1988 655 in
2011 617 2078 657 eo

429 691 887 764 ἐθελοθρησκείας
920 697 978 749 et
1006 691 1466 765 superstitionis.
1499 690 1666 746 Certe
1695 691 1804 746 hoc
1846 707 2079 762 quoque

431 785 604 854 cujus
636 783 731 839 hic
757 783 1144 855 Pochymeres
1167 780 1437 837 meminit
1464 775 1777 853 εὖχὲλαιον,
1829 784 1957 835 tum
2007 779 2079 835 ab

431 871 533 929 illo
583 888 703 928 non
754 872 1050 927 immerito
1093 870 1290 937 Goari,
1353 876 1625 940 suspecto
1656 869 1949 924 euchelaao
1974 885 2078 940 pro

432 962 706 1031 mortuis,
732 976 912 1033 quam
959 958 1142 1015 Graeci
1186 963 1400 1014 vocant
1435 955 1660 1027 τελετὴν
1707 955 1893 1011 ἐλαίου
1942 957 2076 1032 ὑπὲρ

427 1054 539 1105 τῶν
570 1046 972 1122 κοιμηθέντων,
1007 1057 1127 1104 tum
1160 1065 1194 1104 a
1223 1048 1657 1104 consecratione
1691 1045 1802 1102 olei
1854 1063 1957 1118 pro
1987 1047 2076 1102 in-

430 1141 644 1209 ﬁrmis,
681 1138 990 1194 manifeste
1047 1137 1345 1192 diversum
1397 1142 1507 1192 est.
1556 1135 1705 1202 Quin
1737 1136 1936 1192 docuit
1987 1153 2080 1192 me

431 1228 860 1287 eruditissimis
892 1226 1144 1282 Allatius
1176 1243 1287 1280 usu
1319 1225 1646 1282 obtinuisse
1675 1226 1828 1296 apud
1853 1226 2080 1282 Graecos

432 1324 498 1376 ut
527 1318 768 1390 quidam
801 1317 950 1372 ritus
984 1311 1248 1388 εὖχέΑαια
1269 1319 1568 1384 vocentur,
1601 1313 1659 1368 in
1680 1313 1894 1385 quibus
1945 1313 2078 1368 nul-

429 1407 523 1465 lus
566 1407 677 1463 olei
731 1423 875 1462 usus
925 1405 1259 1473 intervenit,
1301 1404 1389 1458 uti
1440 1402 1690 1474 exempli
1739 1403 1928 1473 gratia
1972 1401 2079 1457 ali-

432 1495 916 1571 quando,inquit,
949 1493 1152 1550 ﬂorem
1179 1498 1276 1548 aut
1298 1491 1594 1547 ramulum
1639 1492 1826 1548 sancti
1877 1492 2080 1562 cujus-

433 1587 591 1660 piam
625 1583 869 1655 reliquis
903 1588 1003 1639 aut
1043 1581 1285 1654 imagini
1327 1580 1630 1652 praecipuae
1670 1580 2080 1647 {venerationis

433 1677 738 1732 admotum
767 1674 836 1730 ad
869 1688 1088 1745 aegrum
1120 1672 1412 1740 deferunt,
1444 1670 1860 1742 quiconﬁdens
1892 1670 2078 1726 sancti

433 1766 561 1837 ejus
596 1764 864 1837 precibus
889 1761 1107 1834 juvari,
1139 1777 1205 1816 eo
1252 1758 1517 1826 ﬂosculo,
1543 1775 1704 1814 ramo
1749 1763 1851 1813 aut
1897 1759 2073 1814 etiam

657 1819 916 1908 dolentia
968 1819 1399 1906 sibi'membra
1452 1819 1755 1918 contingit.
1823 1848 1957 1912 Hoc,
2011 1853 2073 1902 ut

2189 1819 2407 1839 -.νη-η
2441 1819 2746 1828 ...-.-..----
2781 1819 2942 1844 ιη---
2992 1819 3059 1828 ν-
3105 1819 3217 1828 --.η
3254 1819 3318 1828 ν..
3361 1819 3452 1828 ---ν
3489 1819 3558 1841 .-,
3583 1819 3657 1828 _...
3681 1819 3738 1828 ,η

2187 1861 2400 1934 legitur
2445 1861 2503 1917 in
2563 1861 2850 1918 Allatiano
2910 1862 3093 1916 Ταῦτα
3150 1860 3274 1937 περὶ
3325 1819 3454 1923 :qu
3497 1865 3580 1914 τοῦ
3629 1865 3744 1936 ζυγοῦ

429 1944 530 2016 qui
562 1942 705 1997 vidit
738 1942 848 1996 lide
891 1939 1284 2011 dignissimus
1333 1942 1610 2007 testatur,
1643 1933 1931 2009 εΰχὲλαιον
1970 1954 2074 2009 ap-

431 2031 673 2106 pellant.
710 2030 911 2102 Neque
970 2030 1063 2084 hic
1095 2026 1283 2082 ὲλαίου
1332 2028 1686 2083 mentionem
1758 2025 1959 2100 κυρίως
2010 2044 2075 2082 ac

429 2122 682 2196 proprie,
715 2121 814 2176 sed
832 2121 1106 2191 μυστικῶς
1138 2123 1192 2174 et
1233 2117 1476 2188 figurate
1533 2116 1802 2186 usurpari
1843 2119 2074 2187 putant,

431 2216 726 2284 quatenus
757 2209 866 2265 olei
889 2207 1155 2278 symbolo
1184 2206 1308 2276 Dei,
1333 2223 1461 2278 quae
1492 2205 1585 2261 his
1617 2205 1828 2261 ritibus
1858 2205 2075 2277 implo-

427 2305 611 2370 ratur,
673 2297 1080 2354 misericordia
1135 2297 1548 2369 designaretur
1611 2301 1667 2350 et
1728 2289 1910 2349 ἔλαιον
1966 2291 2073 2347 ἐντὶ

427 2384 584 2442 ἐλέου
615 2387 884 2444 sumitur.

502 2509 804 2579 Ζευξίππου
887 2505 1104 2587 φυλακή
1183 2525 1239 2581 p.
1316 2508 1440 2564 519.
1510 2508 1646 2581 Agit
1718 2509 1788 2563 de
1847 2509 2072 2564 Latinis

426 2600 616 2672 captis
645 2601 715 2654 ad
744 2595 1906 2670 Belidagrama,quosConstantinopolim
1939 2597 2075 2653 due-

418 2692 511 2745 tos
543 2693 600 2744 et
620 2688 741 2744 illic
771 2692 1099 2744 ostentatos
1131 2685 1308 2758 plebi,
1360 2685 1577 2740 deinde
1622 2683 1706 2740 ait
1750 2686 2071 2742 historicus

417 2776 478 2832 in
529 2777 685 2832 hunc
735 2793 908 2846 quem
967 2779 1180 2830 vocant
1243 2779 1344 2841 τῆς
1409 2771 1712 2844 Ζευξίππου
1795 2773 2070 2846 Zeuxippi

421 2882 714 2922 carcerem
748 2866 930 2920 fuisse
962 2864 1289 2920 conclusos.
1317 2861 1561 2917 Nullum
1617 2861 1731 2915 vidi
1784 2860 2065 2916 idoneum

422 2961 722 3012 auctorem
775 2955 874 3027 qui
913 2954 1096 3010 fuisse
1128 2949 1635 3022 Constantinopoli
1667 2967 1959 3005 carcerem
1983 2950 2067 3006 sic

423 3044 654 3099 dictum
688 3041 1270 3113 doceat.Procopius,
1302 3040 1378 3095 1.1
1413 3045 1488 3095 Pe
1523 3039 1646 3095 bell.
1683 3043 1837 3094 Pera.
1900 3056 1957 3110 p.
1999 3039 2070 3093 70

418 3134 508 3189 ed.
546 3138 684 3204 Reg,
708 3137 764 3187 et
794 3131 833 3188 l.
875 3134 1011 3188 item
1048 3149 1066 3186 1
1106 3135 1184 3186 De
1216 3131 1376 3201 aedif.
1420 3130 1570 3200 p.23
1609 3123 1897 3202 βαλανείου
1949 3129 2070 3184 bal-

415 3225 510 3277 nei
564 3223 776 3292 publici
831 3220 1104 3276 meminit
1150 3220 1306 3292 quod
1354 3218 1382 3271 ὁ
1415 3215 1710 3288 Ζεύξιππος
1741 3223 2063 3274 vocaretur.

416 3311 780 3380 Nicephorus
812 3312 952 3365 item
976 3308 1279 3364 Callisti.l.
1305 3324 1386 3375 xx,
1419 3323 1470 3361 c.
1498 3308 1555 3373 9,
1578 3323 1632 3376 p.
1665 3307 1866 3361 697ed.
1888 3306 2070 3364 Paris.

417 3395 687 3470 δημόσιον
719 3395 948 3469 λουτρὸν
984 3393 1281 3472 περιφανές
1329 3413 1386 3448 τε
1416 3393 1504 3448 καὶ
1557 3391 1830 3466 μέγιστον,
1881 3396 2072 3465 publi-

415 3505 544 3544 cum
583 3488 876 3542 lavacrum
923 3487 1288 3556 conspicuum
1336 3487 1390 3539 et
1435 3483 1768 3549 maximum,
1809 3482 1901 3536 τὸν
1935 3483 2070 3536 Ζεύ-

414 3576 608 3647 ξιππον
643 3575 826 3630 fuisse
856 3574 1229 3628 nominatum
1263 3571 1461 3627 tradit.
1494 3570 1778 3628 Thermas
1809 3589 1841 3627 a
1863 3573 2071 3628 Severo

411 3664 676 3720 conditas
733 3663 842 3720 has
909 3665 1105 3719 ferunt
1171 3663 1229 3718 in
1291 3661 1511 3733 templo
1567 3659 1690 3720 Διὸς
1771 3659 2072 3733 Ζευξίππου

413 3752 575 3808 Jovis
607 3767 792 3826 equos
816 3752 1086 3825 jugentis
1132 3769 1231 3808 seu
1290 3767 1467 3807 curru
1526 3751 1858 3819 subjunctis
1905 3751 2073 3820 equis

411 3846 596 3897 tracto
625 3842 918 3910 vehentia,
955 3842 1110 3914 quod
1158 3839 1458 3910 Ζευξίππου
1506 3855 1621 3895 vox
1671 3839 1915 3904 indicat,
1959 3841 2071 3895 for-

409 3939 570 3990 tasse
611 3933 696 3989 sic
741 3933 902 3988 dicto
954 3933 1052 4003 qui
1102 3931 1205 3987 tali
1251 3930 1445 4003 spccie
1478 3930 1711 4001 Jupiter
1747 3929 1886 3985 olim
1913 3929 1974 3984 in
2003 3946 2070 3986 eo

414 4022 636 4096 templo
678 4023 910 4079 efﬁctus
993 4022 1302 4077 videretur.
1371 4021 1449 4076 Ex
1504 4019 1680 4074 veteri
1744 4036 1914 4090 porro
1969 4018 2070 4074 illo

418 4116 552 4169 fano
585 4114 932 4168 vocabulum
969 4111 1278 4168 recentiori
1312 4111 1701 4166 Thermarum
1735 4109 1978 4165 aediﬁcio
2018 4110 2069 4166 ei

414 4203 700 4272 adjuncto
732 4200 1054 4256 adhesisse
1078 4204 1340 4272 apparet.
1369 4203 1584 4271 Estque
1607 4199 1662 4252 id
1690 4197 2070 4256 verisimilius

414 4306 593 4361 quam
638 4291 791 4362 quod
828 4290 924 4344 alii
955 4289 1354 4358 suspicantur,
1390 4306 1423 4343 a
1447 4287 1653 4343 Zeuxis
1695 4287 1937 4359 pictoris
1973 4292 2067 4344 ta-

416 4378 592 4448 bulis,
627 4378 830 4450 quales
863 4377 982 4434 illic
1031 4382 1385 4450 prostarent,
1431 4376 1622 4432 locum
1677 4375 2064 4434 nominatum.

413 4467 638 4524 Statuis
691 4466 848 4522 enim
909 4470 965 4522 et
1016 4466 1203 4539 signis
1261 4466 1445 4522 fuisse
1494 4465 1730 4520 videtur
1778 4465 2067 4537 insignior

420 4573 600 4630 quam
633 4557 854 4612 tabulis
881 4572 893 4610 :
919 4555 1048 4611 vide
1079 4573 1206 4628 qua:
1241 4572 1310 4611 ne
1343 4554 1450 4609 loci
1475 4554 1602 4624 ejus
1626 4558 1834 4610 ornatu
1869 4555 2066 4627 exqui-

2184 4563 2463 4640 ἱερολογία
2493 4571 2550 4622 et
2579 4563 2891 4641 ἱερολοχεῖν
2927 4568 3132 4623 merito
3165 4570 3477 4639 quaeritur.
3508 4567 3602 4623 Vir
3625 4561 3766 4620 erudi-

417 4646 705 4702 sitissimo
747 4645 982 4717 collegit
1028 4662 1058 4700 θ
1105 4645 1403 4700 veteribus
1456 4644 1662 4699 Petrus
1695 4642 1921 4712 Gyllius
1950 4643 1991 4701 l.
2023 4661 2066 4699 ιι

422 4737 497 4792 De
549 4739 725 4808 pogto.
762 4735 997 4791 Constan
1027 4743 1092 4800 1.,
1124 4751 1174 4788 c.
1233 4737 1290 4802 7,
1342 4733 1440 4788 ubi
1495 4734 1782 4805 prolivum
1834 4734 2069 4790 exhibet

421 4825 757 4898 catalogum
791 4829 1122 4879 statuarum
1153 4821 1273 4878 illic
1312 4822 1650 4878 electarum.
1686 4825 2066 4892 Frequentari

424 4914 666 4971 solitum
691 4929 978 4970 concursu
1011 4911 1374 4968 curiosorum
1407 4911 1628 4966 indicat
1669 4911 2067 4970 Nazianzenus

419 5007 572 5059 orat.
601 5003 694 5070 25,
730 5002 828 5057 ubi
870 5003 1235 5072 Zeuxippum
1291 5005 1597 5074 prepterea
1643 5006 1813 5056 vocat
1859 5018 2066 5058 novam

411 5091 763 5161 Jerusalem,
798 5092 954 5163 quod
989 5089 1206 5161 templo
1255 5106 1289 5144 a
1327 5090 1382 5144 S.
1436 5088 1649 5144 Helena
1703 5089 1760 5143 in
1801 5089 2068 5147 Calvario

413 5181 650 5237 condita
696 5181 748 5236 ei
816 5197 963 5235 nova
1019 5177 1350 5234 Jerusalem
1388 5182 1590 5233 vocato
1645 5177 1956 5249 splendore
2003 5196 2071 5236 ae

418 5271 858 5342 magniﬁcentia
891 5286 1008 5324 non
1040 5268 1288 5324 cederet.
1322 5267 1510 5332 Quare
1542 5266 1703 5321 solus
1758 5266 2067 5340 Pachyme-

417 5378 509 5418 res
563 5359 810 5416 articulo
887 5360 1026 5414 fem.
1081 5356 1315 5429 generis
1369 5361 1471 5422 τῆς
1530 5353 1827 5423 Ζευξίππου
1897 5353 2072 5432 φυλα.

413 5452 516 5522 χήν
564 5451 795 5517 dixerit,
853 5465 969 5504 non
1030 5446 1200 5518 plane
1257 5445 1536 5516 comperi.
1590 5443 1940 5515 Suspicabar
1968 5465 2071 5518 po-

414 5541 760 5598 sterioribus
809 5536 1200 5608 temporibus,
1241 5533 1502 5606 collapsa
1551 5549 1668 5589 asvo
1712 5539 1877 5606 parte
1920 5538 2072 5592 anti-

417 5644 666 5698 quarum
713 5626 1063 5683 balnearum
1097 5625 1256 5693 (nam
1289 5626 1424 5680 ante
1455 5621 1563 5679 hos
1606 5626 1842 5682 centum
1887 5645 2072 5692 annos

2189 512 2401 568 rudera
2450 511 2510 568 in
2533 511 2692 566 στοάν
2752 514 3025 584 porticum
3072 511 3387 580 en'ormata,
3426 517 3569 587 juxta
3597 537 3726 591 quam

2182 600 2389 673 spatiis
2450 603 2646 659 vacuis
2690 607 2855 675 septo
2901 601 3281 658 circumdatis
3331 603 3600 664 multitudo
3643 610 3726 668 hac

2181 696 2484 762 captorum
2511 690 2664 748 bello
2698 691 3070 759 Latinorum,
3117 708 3294 763 quam
3326 692 3472 749 urbis
3513 698 3723 756 ordinarii

2182 797 2443 837 carceres
2474 781 2674 836 minus
2703 786 3001 852 caperent,
3044 780 3320 836 conclusa
3361 789 3480 839 tunc
3522 785 3656 841 fuerit
3689 796 3726 845 et

2181 869 2300 926 haec
2331 888 2366 926 ει
2396 876 2595 926 nostro
2623 875 2724 938 τῆς
2756 869 3059 939 Ζευξίππου
3092 869 3364 941 (subaudi
3387 875 3545 940 στοᾶς)
3569 871 3726 950 φυλακή

2180 965 2401 1016 vocata.
2460 961 2555 1016 Sic
2586 959 2760 1015 hodie
2815 960 2969 1031 apud
3029 958 3348 1030 Algerium,
3401 976 3462 1015 ex
3503 965 3643 1018 veteri
3670 966 3728 1020 lol

2179 1052 2415 1106 caesoria
2463 1049 2856 1105 deformatum
2905 1064 3140 1118 nomen,
3192 1065 3225 1104 a
3266 1049 3454 1120 piratis
3500 1052 3625 1123 capti
3658 1069 3730 1108 cu-

2184 1139 2522 1194 stodiuntur
2554 1138 2612 1194 in
2645 1137 2872 1208 balneo,
2905 1137 2998 1194 uel
3027 1139 3224 1206 bagno,
3260 1142 3422 1209 prout
3441 1139 3503 1194 ab
3544 1143 3731 1211 expertis

2184 1227 2518 1283 didicimus.

2254 1329 2490 1399 Ζυγῆνοι
2548 1325 2608 1380 in
2640 1325 2812 1381 titulo
2879 1324 3068 1396 captis
3099 1323 3189 1394 42,
3224 1322 3264 1378 l.
3321 1341 3380 1392 II,
3411 1325 3484 1397 (ρ.
3504 1326 3552 1396 6)
3573 1324 3622 1379 τὰ
3643 1328 3737 1380 nari

2179 1413 2313 1475 τοὺς
2349 1415 2638 1487 ζυγήνους,
2684 1418 2744 1470 et
2782 1413 3060 1471 similiter
3092 1413 3151 1468 in
3183 1412 3349 1469 titulo
3379 1431 3425 1469 c.
3469 1415 3544 1483 13,
3586 1413 3737 1470 amto-

2184 1502 2279 1576 γία
2324 1506 2432 1556 τῶν
2482 1503 2744 1576 ζυγήνων.
2781 1508 2918 1558 Esse
2973 1503 3082 1559 hoc
3130 1519 3334 1558 nomen
3368 1519 3475 1558 non
3507 1505 3736 1576 proprium

2185 1596 2398 1666 gentis,
2459 1596 2557 1650 sed
2618 1594 3054 1666 appellativum,
3107 1599 3172 1649 ut
3230 1591 3448 1668 ἀγρόται
3520 1595 3638 1652 666
3702 1601 3742 1650 et

2187 1687 2447 1756 χωρῖται,
2507 1683 2726 1754 quibus
2783 1684 2928 1738 istos
2986 1681 3134 1739 alias
3195 1683 3484 1740 vocabulis
3533 1684 3743 1756 indigitat

2188 1777 2407 1839 Noster,
2441 1773 2747 1828 manifeste
2780 1776 2944 1844 parte
2990 1788 3059 1828 ex
3105 1772 3218 1828 fine
3252 1772 3452 1845 capitis
3485 1773 3558 1841 l3,
3580 1773 3657 1828 ubi
3681 1774 3739 1828 sic

2185 1949 2629 2027 διαπραξάμενοι.
2690 1957 2769 2008 En
2850 1969 3000 2024 quos
3077 1953 3346 2026 ζυγήνους
3415 1953 3622 2019 dixerat,
3653 1953 3742 2023 jam

2182 2040 2309 2102 τοὺς
2341 2045 2437 2094 τοῦ
2471 2040 2634 2116 ζόγου
2691 2049 2876 2112 vocat,
2940 2043 3050 2097 hoc
3100 2047 3212 2111 est,
3237 2045 3442 2114 jugum
3480 2043 3747 2098 incolentes.

2185 2131 2539 2188 Barberinus
2617 2137 2814 2187 tamen
2898 2136 2956 2188 et
3022 2131 3348 2188 Vaticanus
3409 2149 3584 2188 vocem
3631 2133 3747 2204 ζυγή·

2183 2241 2309 2283 νους
2335 2221 2428 2277 hic
2460 2238 2689 2294 quoque
2722 2222 3001 2278 retinent.

2254 2316 2599 2395 Ἥμιάνδριοι
2669 2338 2722 2392 p.
2801 2321 2925 2376 351.
3007 2321 3156 2386 Quid
3235 2321 3394 2377 aliud
3465 2315 3750 2392 ἡμιανδρίους

2184 2412 2646 2484 interpretemur
2691 2411 2753 2466 in
2801 2410 3084 2466 comitatu
3132 2411 3386 2483 virginis
3434 2411 3585 2482 regia
3622 2425 3750 2481 quam

2185 2500 2492 2556 semiviros
2522 2499 2846 2567 eunuchos,
2876 2499 3210 2556 ministrare
3267 2500 3327 2555 in
3358 2499 3569 2556 Oriente
3593 2496 3752 2570 princi-

2184 2590 2358 2662 pibus
2392 2588 2626 2644 feminis
2653 2587 2858 2644 solitos
2883 2589 2912 2644 ‘I

2255 2685 2520 2761 Θεραπεία
2571 2705 2625 2759 p.
2657 2687 2782 2742 211.
2825 2690 2964 2743 Orat
3009 2688 3336 2759 imperator
3363 2683 3754 2742 excommunica-

2183 2783 2281 2833 tus
2334 2777 2724 2848 patriarcbam
2777 2778 2874 2829 τοῦ
2906 2773 3110 2848 δεσμοῦ
3159 2775 3256 2830 ὸντ
3302 2775 3478 2844 ἱκέτην
3503 2771 3754 2828 ἂνεῖναικαὶ

2187 2863 2547 2940 μετεγνωκότι
2577 2866 2676 2934 τήν
2729 2861 3013 2940 θεραπείαν
3045 2862 3270 2938 ἐπάγειν
3303 2866 3368 2934 ἣν
3402 2864 3584 2924 ἐκεῖνος
3611 2860 3756 2937 βούλι-

2181 2975 2291 3010 ται.
2339 2955 2442 3010 Hic
2498 2953 2754 3026 Θεραπεία
2827 2953 3185 3026 peculiarem
3261 2962 3320 3010 et
3379 2953 3757 3010 ecclesiasticam

2183 3043 2358 3099 habet
2428 3044 2748 3113 notionem,
2801 3043 3143 3116 signiﬁcans
3215 3059 3396 3115 Opera
3440 3059 3558 3114 quae
3608 3044 3759 3096 vocant

2179 3132 2504 3203 satis/iictio,
2539 3137 2681 3204 puta
2723 3133 2972 3203 jejunia,
3020 3131 3467 3188 humiliationes
3507 3136 3559 3187 et
3596 3127 3758 3186 similia

2183 3222 2264 3277 rei
2297 3221 2494 3293 magni
2552 3225 2609 3276 et
2640 3221 2858 3293 publici
2891 3221 3158 3277 criminis
3188 3223 3264 3276 ad
3308 3221 3664 3293 expiationem
3695 3233 3761 3272 cs-

2179 3311 2448 3366 nonicam
2492 3310 2727 3383 injungi
2761 3310 2938 3366 solita
2968 3311 3146 3366 veteri
3178 3311 3456 3367 Ecclesiae
3495 3307 3760 3380 disciplina.

2179 3401 2368 3464 Quare
2390 3398 2646 3473 θεραπεία
2679 3399 2772 3455 hic
2801 3400 2858 3454 id
2893 3401 3092 3471 ipsum
3122 3406 3213 3456 est
3248 3401 3404 3473 quod
3442 3398 3612 3456 Latini
3637 3394 3768 3452 eccle-

2178 3489 2426 3547 siastici
2473 3489 2793 3560 scriptores
2844 3489 3237 3562 paenitentiam
3283 3485 3763 3559 vocant;utipani-

2177 3582 2373 3644 tentes,
2408 3578 2507 3648 qui
2571 3577 2772 3648 culpas
2819 3579 3079 3649 expiant,
3137 3579 3479 3652 snppliciis,
3510 3571 3767 3650 θεραπευτιί

2180 3667 2428 3738 Philoni,
2463 3668 2523 3723 S.
2560 3666 2774 3723 Basilio
2805 3672 2862 3723 et
2890 3667 3022 3724 aliis
3055 3669 3280 3724 Graecis
3313 3668 3591 3724 dicuntur.
3619 3666 3765 3720 Talem

2179 3758 2330 3828 apud
2358 3756 2771 3826 Pachymerem
2803 3773 2932 3813 esse
2963 3757 3381 3830 signiﬁcatum
3425 3757 3590 3828 hujus
3626 3753 3757 3817 vocis,

2177 3849 2544 3902 demonstrat
2593 3847 2747 3918 quod
2791 3845 2947 3902 infra
2995 3849 3198 3902 eodem
3262 3848 3452 3920 capite
3499 3843 3758 3916 patriarcha

2178 3936 2515 4007 imperatori
2544 3933 2825 4010 θεραπείαν
2857 3933 3111 4008 πράττειν
3155 3935 3509 4010 προσέταττε.
3532 3935 3594 3991 Et
3634 3930 3759 4005 paulo

2178 4030 2310 4098 post
2334 4025 2454 4079 haec
2487 4024 2831 4096 patriarcha:
2862 4025 2931 4080 ad
2986 4025 3413 4095 imperatorem
3466 4025 3620 4081 verba
3659 4018 3761 4076 reci-

2177 4118 2417 4170 tantur:
2465 4111 2766 4187 Θεραπείαν
2819 4111 2964 4167 ποίει
3008 4113 3097 4167 καὶ
3147 4110 3425 4186 δέξομαιε
3474 4115 3538 4170 ad
3582 4111 3763 4168 verbum

2173 4207 2266 4272 fac
2322 4204 2714 4274 paenitentiam
2771 4208 2822 4259 et
2873 4205 3167 4275 accipiam.
3201 4203 3374 4262 Unde
3421 4221 3546 4260 mox
3589 4203 3765 4256 vocatur

2177 4291 2494 4353 dvtlrrowoc
2525 4291 2801 4367 θεραπεία,
2835 4297 2891 4347 el.
2920 4292 3155 4348 additur
3187 4309 3324 4350 eam
3359 4294 3601 4366 quadam
3623 4302 3764 4361 aqvi-

2175 4381 2338 4437 litate
2372 4381 2723 4454 respondere
2757 4380 3029 4454 gravitati
3063 4381 3337 4439 criminis
3368 4383 3586 4438 debere.

2247 4478 2333 4552 [P.
2382 4478 2511 4548 388]
2567 4475 2874 4552 Ἱερολογία
2931 4495 2988 4550 p.
3045 4479 3174 4534 225.
3237 4479 3392 4543 Quid
3445 4479 3520 4536 sit
3560 4474 3765 4534 11001060

2174 4661 2290 4728 tus,
2325 4657 2512 4712 editor
2543 4661 2598 4710 et
2653 4656 2976 4711 illustrator
3025 4657 3372 4731 Euchologii
3423 4659 3538 4714 sive
3580 4649 3768 4711 Ritualis

2175 4746 2529 4813 Grecorum,
2560 4742 2869 4819 ἱερολογίας
2900 4761 3068 4801 sacra
3112 4747 3360 4816 registra
3414 4746 3769 4818 interpretatur

2175 4840 2234 4891 et
2261 4829 2573 4906 ἱερολογεῖν
2607 4836 2665 4889 in
2697 4835 2942 4904 νοσέειν-α
2973 4851 3277 4892 recensere.
3309 4836 3640 4893 Describens
3656 4829 3767 4888 enim

2176 4925 2236 4979 in
2283 4923 2635 4994 Euchologio
2669 4940 2724 4994 p.
2774 4923 2882 4979 268
2931 4928 2990 4979 et
3043 4926 3440 4996 sequentibus
3488 4921 3767 4996 opusculum

2177 5013 2269 5068 cui
2304 5011 2510 5068 tilulus
2535 5017 2626 5067 est
2655 5010 2818 5081 Τάξις
2847 5017 2947 5080 τῆς
2995 5011 3152 5087 ἁγίας
3205 5013 3478 5090 Μεγάλης
3523 5007 3768 5078 ἐκκλησίας.

2177 5103 2298 5158 hinc
2327 5119 2394 5157 ex
2424 5118 2490 5156 eo
2520 5102 2695 5156 verba
2723 5102 2796 5157 de
2819 5097 3457 5178 chartophylaceﬁxwv
3487 5100 3639 5162 δὲτὰς
3664 5100 3768 5168 lepo-

2178 5191 2367 5267 λογίας
2423 5193 2840 5262 τὼμνηστειῶν,
2893 5189 3192 5266 ἱερολογῶν
3248 5191 3447 5252 adria
3502 5193 3578 5248 sic
3622 5187 3766 5245 Latine

2179 5281 2405 5338 reddit:
2442 5281 2617 5336 Sacra
2656 5282 2882 5352 insuper
2932 5283 3168 5350 registra
3217 5282 3684 5338 matrimoniorum
3708 5291 3770 5346 μ·

2175 5387 2268 5426 nes
2299 5385 2354 5424 se
2386 5368 2566 5435 habet,
2600 5384 2726 5439 quae
2747 5377 3044 5441 postquam
3090 5370 3151 5424 in
3195 5371 3440 5442 registra
3488 5364 3770 5426 recensuerit

2180 5459 2326 5514 Huic
2356 5459 2706 5528 expositioni
2744 5475 2911 5514 meus
2930 5475 3019 5514 me
3045 5463 3203 5514 vetat
3225 5467 3438 5517 auctor
3459 5464 3773 5531 acquiesco".

2182 5547 2321 5602 dum
2372 5545 2466 5602 hic
2510 5546 3043 5619 scribitupovdpzov
3070 5548 3258 5604 fuisse
3295 5541 3774 5619 chartophylacisul

2186 5641 2335 5694 nutu
2361 5634 2770 5709 arbitratuque
2812 5637 3105 5695 duntaxat
3124 5636 3323 5709 ipsius
3339 5637 3465 5698 ista
3483 5643 3776 5712 quascunque
