3968 6202
217 350 360 409 1029

1696 360 2178 417 GLOSSARIUM.

3506 372 3652 437 1030

218 478 461 534 demum
512 479 639 537 sint
668 482 994 553 Hierologiaa
1028 483 1252 540 fierent.
1308 485 1632 559 Hesychius
1680 482 1884 557 προνό-
1914 486 1970 552 Α
1999 484 2243 542 ecclesia
2276 487 2381 544 rite
2416 492 2792 550 matrimonio
2814 495 3171 569 junguntur;
3224 500 3281 556 id
3340 507 3495 573 quod
3544 507 3652 564 du’

218 587 323 640 μια
356 585 489 625 esse
524 571 693 627 docet
720 572 788 625 τὰ
819 570 1153 648 ὀφειλόμενα
1194 578 1270 645 τῷ
1329 575 1621 647 ἀξιώματι,
1679 576 1889 631 decora

216 662 325 715 aut
354 659 669 732 privilegia
698 678 829 732 quae
859 662 1072 718 eximie
1089 664 1377 720 debentur
1397 666 1570 720 alicui
1591 663 1886 736 dignitati.

226 747 597 820 Splendidus
626 750 684 805 in
718 752 927 822 primis
958 769 1025 807 ac
1058 755 1394 824 praecellens
1419 753 1889 826 chartopbylacis

215 838 616 908 magistratus
649 847 772 895 est:
830 841 921 894 cui
986 848 1291 913 propterea
1344 843 1438 898 vix
1479 848 1568 899 est
1608 848 1672 897 ut
1732 842 1885 897 credi

213 927 409 997 possit
470 928 821 983 attributum
881 929 1007 985 vice
1076 931 1382 1004 προνομίου
1451 937 1507 987 et
1564 931 1886 987 honorarius

214 1018 621 1087 praerogativa;
656 1034 903 1087 pensum
928 1035 995 1074 ac
1032 1019 1288 1075 laborem
1321 1039 1437 1077 non
1480 1020 1674 1076 solum
1711 1036 1886 1092 penes

212 1120 276 1159 se
308 1105 573 1161 habendi
598 1110 835 1179 registra
853 1109 1365 1178 matrimoniorum,
1387 1111 1487 1166 sed
1515 1111 1688 1165 etiam
1706 1126 1882 1165 manu

209 1195 461 1266 propria
491 1196 862 1264 conficiendi,
895 1197 1137 1254 nomina
1170 1200 1523 1254 nubentium
1557 1201 1617 1254 in
1652 1200 1886 1267 registra

211 1284 576 1351 recensendo,
612 1291 678 1340 ut
726 1286 881 1341 idem
942 1286 1233 1358 interpres
1287 1288 1568 1360 loquitur,
1628 1288 1882 1343 reddens

213 1373 574 1429 vocabulum
599 1371 925 1449 ἱερολογῶν,
954 1392 1069 1447 quo
1084 1376 1381 1448 propriam
1408 1376 1880 1449 chartophylacis

218 1462 591 1518 functionem
624 1462 860 1518 Graecus
893 1464 1146 1536 scriptor
1175 1465 1511 1521 declaravit.
1547 1465 1723 1537 Atqui
1758 1465 1879 1520 haec

213 1552 465 1623 quidem
500 1568 747 1607 munera
778 1553 933 1609 506
956 1552 1103 1608 nihil
1137 1554 1527 1610 honoriﬁcum
1560 1559 1664 1609 aut
1713 1558 1876 1609 tanto

216 1641 461 1713 fastigio
492 1642 729 1711 dignum
762 1642 1039 1698 habentia
1070 1644 1363 1699 actuarios
1397 1645 1591 1715 potius
1622 1659 1687 1699 ac
1746 1643 1875 1698 vul-

216 1748 397 1804 gares
426 1732 652 1787 scribas
679 1732 766 1787 vel
800 1733 871 1788 ad
904 1750 1206 1788 summum
1266 1734 1544 1789 tabularii
1604 1734 1877 1789 custodes

220 1821 494 1876 deceant.
548 1821 740 1892 Longe
802 1822 974 1877 aliter
1036 1821 1573 1878 Thessalonicensis
1628 1825 1875 1895 Symeon
1909 1860 1957 1925 Β

218 1909 370 1981 quid
421 1909 787 1964 auctoritatis
844 1912 996 1965 circa
1028 1911 1405 1966 matrimonia
1462 1911 1883 1983 chartopbylax

220 1998 554 2053 exercuerit
585 1998 806 2054 indicat
839 1999 929 2055 his
976 2001 1206 2055 verbis:
1265 1999 1365 2055 Καὶ
1416 1999 1484 2053 τὰ
1538 2004 1644 2052 τῶν
1688 2000 1877 2074 γάμων

213 2084 482 2158 νομίμως
515 2088 789 2162 φροντίζει
830 2084 1090 2161 γίνεσθαι·
1130 2091 1193 2146 Ul
1244 2089 1493 2158 legitime
1536 2089 1884 2145 celebrentur

212 2177 587 2231 matrimonia
617 2186 797 2233 curat.
830 2181 1007 2233 Porro
1059 2178 1428 2233 institutione
1484 2177 1718 2243 Christi,
1779 2176 1880 2249 qui

215 2264 670 2320 matrimonium
698 2282 766 2321 ex
796 2265 947 2321 civili
972 2271 1278 2322 contractu
1322 2268 1378 2322 in
1438 2272 1878 2322 sacramentum

214 2352 433 2418 evexit,
468 2357 533 2407 ut
564 2353 619 2407 id
656 2354 764 2409 rite
797 2359 1158 2425 perpetretur
1191 2372 1339 2426 opus
1367 2360 1456 2410 est
1482 2370 1649 2410 sacra
1681 2354 1880 2425 aliqua

218 2440 609 2496 ecclesiastici
647 2442 901 2497 ministri
937 2443 1255 2507 iunctione,
1289 2460 1424 2513 qua,
1460 2449 1523 2497 ut
1577 2442 1878 2497 Evaristus

214 2530 652 2600 antiquissimis
686 2532 947 2601 pontifex
968 2531 1138 2603 epist.
1165 2532 1235 2586 ad
1268 2532 1526 2603 episcop.
1583 2530 1877 2587 Africanos

222 2620 514 2692 loquitur,
571 2622 857 2675 nubentes
897 2636 992 2676 suo
1048 2629 1288 2691 tempore
1337 2620 1773 2687 sacerdotaliter,
1820 2630 1882 2677 ut

215 2726 338 2764 mos
394 2713 496 2776 est,
543 2724 663 2763 cum
719 2711 969 2780 precibus
1011 2715 1062 2765 et
1118 2709 1484 2765 oblationibus
1515 2728 1548 2764 a
1602 2710 1880 2765 sacerdote

220 2800 641 2855 benedicuntur.
679 2799 868 2871 Hujus
909 2800 1331 2855 benedictionis
1376 2802 1617 2856 etl‘ectus
1647 2802 1745 2872 qui
1778 2801 1875 2869 sit,

217 2890 395 2944 docet
418 2888 662 2943 Siricius
695 2889 832 2944 item
858 2889 1135 2960 pontifex,
1163 2888 1415 2961 epistola
1447 2891 1516 2944 ad
1550 2890 1874 2946 Himerium

212 2978 743 3047 Tarraconensem,
776 2994 824 3031 c.
858 2978 913 3047 Ιι,
943 2978 1039 3031 ubi
1072 2978 1464 3048 interrogatus
1494 2980 1543 3032 si
1579 2978 1875 3049 desponsa-

211 3075 325 3121 tam
359 3065 476 3120 alii
497 3066 745 3137 puellam
774 3066 915 3120 alter
944 3065 1007 3120 in
1056 3069 1476 3121 matrimonium
1533 3069 1702 3137 possit
1733 3067 1875 3123 acci-

209 3172 366 3227 pere,
403 3157 714 3225 respondet
748 3173 760 3210 :
798 3157 902 3211 Hoc
942 3171 1007 3210 n6
1037 3156 1134 3225 ﬁat
1162 3156 1336 3211 modis
1367 3157 1622 3211 omnibus
1656 3157 1869 3212 inhibe-

210 3260 359 3313 mus,
395 3243 526 3314 quia
550 3244 653 3299 illa
704 3244 1025 3313 benedictio,
1083 3261 1247 3316 quam
1304 3249 1567 3316 nupturae
1620 3248 1869 3301 sacerdos
1900 3241 1942 3290 υ

211 3336 460 3405 imponit
507 3334 653 3406 apud
709 3335 917 3406 ﬁdeles,
979 3337 1273 3407 sacrilegii
1319 3338 1497 3391 instar
1534 3346 1627 3406 est,
1678 3336 1728 3391 si
1755 3338 1875 3393 ulla

206 3423 654 3492 transgressione
670 3424 929 3478 violetur.
948 3427 1107 3478 Hauc
1122 3424 1585 3481 benedictionem
1614 3443 1873 3498 praesen-

212 3516 382 3570 tibus
414 3516 475 3569 in
508 3514 756 3570 ecclesia
776 3514 1009 3586 sponsis
1030 3533 1063 3569 a
1094 3517 1397 3571 sacerdote
1428 3518 1677 3573 conferri
1720 3517 1872 3573 anti-

214 3604 499 3675 quissimi
535 3621 634 3674 per
664 3621 867 3659 omnes
907 3603 1184 3659 ecclesias
1246 3606 1426 3659 moris
1482 3613 1590 3660 est.
1650 3606 1871 3661 Concil.

215 3692 603 3763 Carthag.1v,
638 3710 764 3747 can.
799 3708 939 3746 xm:
1000 3692 1236 3763 Sponsus
1289 3704 1340 3748 et
1370 3710 1572 3763 sponsa
1626 3711 1750 3749 cum
1782 3696 1871 3750 be-

210 3782 514 3838 nedicendi
567 3784 677 3837 sint
725 3798 758 3836 a
812 3780 1107 3851 sacerdote,
1166 3798 1200 3836 α
1244 3782 1567 3853 parentibus
1623 3786 1735 3839 suis
1788 3785 1873 3839 vel

215 3870 632 3942 paranymphis
664 3872 986 3942 oﬂerantur.
1014 3869 1160 3934 Quia
1188 3887 1322 3926 vero
1356 3872 1621 3943 episcopi
1655 3880 1741 3927 est
1772 3873 1869 3927 de-

210 3961 457 4033 signare
488 3960 869 4015 sacerdotem.
912 3975 1083 4031 quem
1138 3960 1513 4029 potissimum
1565 3960 1704 4015 velit
1761 3961 1871 4015 ista

209 4066 390 4105 sacra
418 4048 571 4103 circa
602 4049 877 4119 coniuges
909 4049 1255 4102 caaremonia
1302 4049 1561 4117 defungi,
1619 4050 1871 4119 patriar-

210 4140 338 4194 chae
371 4136 1001 4207 Constantinopolitani
1036 4138 1184 4191 hanc
1211 4138 1439 4208 proprie
1470 4154 1669 4192 curam
1704 4138 1870 4192 char-

206 4226 512 4298 tophylaci
545 4227 666 4280 sive
699 4224 1045 4281 cancellario
1078 4243 1189 4280 sua
1237 4225 1756 4295 demandaverant,
1808 4231 1873 4281 ut

210 4317 301 4371 vel
336 4316 466 4386 ipse
492 4330 592 4385 per
622 4330 748 4370 sese
778 4315 1012 4385 sponsis
1044 4313 1153 4370 hoc
1184 4314 1356 4368 modo
1388 4314 1870 4381 benediceret,vel

207 4406 583 4460 sacerdotem
617 4403 855 4474 eligeret
882 4402 983 4473 qui
1032 4402 1089 4456 id
1138 4403 1371 4469 faceret,
1429 4403 1570 4458 adeo
1602 4410 1667 4458 ut
1725 4404 1871 4459 citra

205 4496 341 4565 ejus
375 4508 686 4547 assensum
720 4508 786 4546 ac
810 4492 1048 4562 jussum
1101 4490 1299 4545 nullus
1333 4492 1638 4561 presbyter
1668 4491 1723 4546 id
1760 4494 1869 4549 rite

204 4600 276 4638 ac
306 4581 570 4653 legitime
605 4585 799 4652 posset
826 4596 1016 4651 agere.
1069 4579 1189 4634 Hoc
1222 4584 1311 4635 est
1356 4582 1508 4652 quod
1547 4582 1717 4637 docet
1772 4582 1869 4637 hic
1900 4603 1949 4667 Β

205 4673 449 4731 Noster,
476 4670 618 4725 dum
650 4671 732 4724 ait
778 4667 1081 4742 προνόμιον
1115 4686 1245 4723 esse
1304 4669 1774 4741 chartOphylacis
1802 4670 1865 4725 τὸ

204 4762 557 4835 προ-τροπαῖς
614 4755 813 4811 ἐκείνου
874 4757 970 4819 τὰς
1038 4755 1350 4831 ἱερολογίας
1417 4756 1686 4829 γίνεσθαι,
1753 4777 1865 4816 non

202 4852 333 4905 sine
363 4848 633 4919 facultate
686 4863 750 4901 ac
797 4845 1057 4900 mandato
1115 4861 1230 4917 ejus
1289 4844 1541 4900 adhiberi
1591 4850 1803 4916 sponsis
1833 4865 1866 4902 a

199 4937 485 4994 sacerdote
513 4936 627 4991 ullo
656 4935 937 5006 nuptiales
969 4934 1389 4990 benedictiones.
1424 4937 1611 5000 Quare
1643 4934 1741 4990 ille
1767 4935 1863 4997 τὰς

198 5030 315 5081 τῶν
368 5023 557 5099 ἱερέων
606 5023 665 5085 ὃς
716 5020 846 5097 δίχα
892 5029 993 5091 τῆς
1039 5026 1136 5077 τοῦ
1175 5020 1596 5099 χαρτοφύλακος
1626 5043 1859 5099 προτρο-

198 5121 317 5184 πῆς
362 5112 632 5189 νυμφίους
673 5110 973 5185 ἱερολόγει,
1033 5113 1280 5169 sacerdos
1327 5112 1549 5183 quidam
1601 5117 1696 5184 qui
1720 5118 1861 5172 citra

196 5205 533 5260 mandatum
581 5219 644 5257 ac
672 5206 871 5256 nutum
928 5202 1373 5273 chartaphylacis
1428 5203 1643 5271 sponsis
1702 5204 1862 5259 bene-

199 5296 450 5358 ἀίξαι-αι,
482 5291 888 5362 suspensionis
921 5295 992 5345 ob
1027 5291 1082 5345 id
1120 5308 1289 5362 paena
1336 5298 1428 5346 est
1458 5293 1763 5359 multatus,
1796 5298 1861 5348 ut

198 5399 340 5436 mox
370 5379 756 5449 Pachymeres
792 5379 1120 5449 subjungit.
1180 5379 1277 5434 Est
1333 5380 1514 5451 igitur
1569 5379 1857 5455 ἱερολογία

194 5486 371 5527 sacra
393 5469 614 5525 functio
647 5468 970 5525 sacerdotis
1001 5469 1156 5525 circa
1188 5486 1456 5540 sponsos,
1523 5472 1759 5543 quando
1790 5473 1850 5527 in

268 5685 344 5760 (1)
377 5684 461 5740 Cf.
496 5682 749 5742 Glossar.
785 5682 951 5741 alter.
982 5700 1039 5740 ν.
1073 5680 1435 5757 Ἰχνηλάτης.

1999 576 2138 629 dum
2173 580 2307 631 ante
2335 593 2426 633 me
2456 580 2732 637 docuerat
2761 584 3124 657 Nicephorus
3148 590 3474 661 Bryennius
3532 598 3648 651 Cse-

1999 680 2096 718 sar
2125 666 2236 719 sub
2271 666 2444 721 tinem
2469 666 2681 725 libriin
2704 670 3427 736 Commentariorumame
3461 698 3652 755 nuper

2000 751 2318 822 editorum,
2352 755 2450 809 ubi
2484 773 2729 814 narrans
2759 760 3097 833 illegitiinas
3157 770 3396 839 nuptias
3447 751 3652 829 contra

2001 856 2173 895 omne
2207 843 2289 896 fas
2322 848 2639 903 attentatas
2671 865 2704 901 a
2758 852 3061 908 Botauiate
3094 854 3360 912 invasere
3418 859 3651 932 imperii

1997 945 2132 983 cum
2165 929 2352 986 Maria
2381 934 2644 1003 Augusta
2675 940 2921 1010 conjuge
2954 941 3249 1000 Michaelis
3281 951 3451 1002 Duco:
3504 929 3649 1006 solio

1999 1019 2293 1074 deturbati
2325 1021 2515 1077 adhuc
2568 1024 2836 1091 viventis,
2870 1030 3061 1097 refert,
3110 1049 3242 1088 cum
3269 1036 3395 1105 jam
3447 1039 3649 1109 sponsi

1994 1109 2171 1164 ambo
2189 1110 2245 1164 in
2270 1109 2572 1168 ecclesiam
2590 1116 2907 1184 venissent,
2936 1121 3294 1178 sacerdotem
3316 1125 3414 1195 qui
3433 1128 3502 1181 ad
3519 1143 3649 1184 eam

1996 1198 2274 1254 unionem
2334 1204 2725 1273 peragendam
2787 1212 3023 1275 paratus
3085 1211 3268 1266 fuerat
3318 1213 3367 1284 (ὁ
3422 1212 3645 1285 μέλλων

1990 1287 2091 1354 τήν
2140 1287 2428 1359 μνηστείαν
2485 1287 2725 1361 τελέσαι)
2774 1294 3078 1367 collegisse
3137 1316 3199 1354 se
3245 1305 3302 1356 et
3358 1309 3645 1373 quantum

1992 1374 2206 1446 piaculi
2239 1378 2627 1434 conscisceret
2648 1391 2695 1434 et
2726 1387 3117 1453 reputantem,
3134 1386 3181 1440 si
3203 1388 3525 1459 bigamum,
3544 1408 3649 1446 cu-

1982 1463 2086 1533 jus
2117 1464 2294 1518 etiam
2328 1468 2589 1522 secunda
2639 1486 2782 1523 uxor
2803 1471 2995 1526 adhuc
3028 1474 3264 1543 viveret,
3324 1492 3460 1533 cum
3510 1496 3640 1534 mu-

1990 1550 2130 1607 liere
2162 1553 2331 1622 cujus
2364 1554 2499 1610 ilem
2561 1558 2810 1612 maritus
2862 1559 3053 1616 adhuc
3111 1571 3410 1634 superstes
3469 1573 3644 1638 esset,

1989 1639 2384 1697 ecclesiastica
2406 1642 2811 1700 benedictione
2829 1648 3234 1721 conjungeret,
3267 1653 3330 1726 [P
3350 1656 3475 1726 389]
3499 1674 3640 1711 cun-

1989 1732 2208 1784 ctatum
2241 1746 2370 1785 esse
2401 1732 2634 1802 prodire
2666 1750 2735 1787 ex
2765 1734 2953 1803 altari;
2976 1741 3113 1793 tunc
3140 1746 3335 1796 autem
3362 1745 3634 1800 concilia-

1987 1821 2173 1873 torem
2192 1819 2338 1874 567
2367 1820 2785 1891 sacrilegarum
2824 1824 3166 1894 nuptiarum
3196 1828 3485 1886 lsaacium
3520 1834 3645 1888 Ca:-

1989 1924 2176 1963 sareui
2212 1908 2392 1963 alium
2421 1908 2597 1965 istius
2635 1909 2760 1965 loco
2791 1915 3148 1971 sacerdotem
3174 1919 3546 1990 submisisse,
3579 1920 3639 1982 ὃς

1987 1994 2076 2048 καὶ
2105 1995 2203 2063 τήν
2235 1994 2545 2071 ἱερολογίαν
2582 1995 2844 2067 ἐτέλεσεν,
2889 2005 2986 2072 qui
3016 2006 3287 2075 nuptialis
3310 2010 3447 2063 ritus
3469 2024 3643 2065 caere-

1985 2087 2231 2139 moniam
2256 2088 2489 2156 peregit.
2522 2092 2653 2142 Haec
2702 2089 3009 2147 Briennius
3058 2093 3268 2163 Caesar,
3318 2097 3415 2166 qui
3466 2098 3642 2169 paulo

1987 2179 2119 2228 ante
2152 2174 2510 2229 iunctionem
2543 2177 2808 2232 eamdem
2840 2180 3015 2235 verba
3064 2178 3307 2257 εὐλογεῖν
3363 2186 3640 2257 designa-

1984 2265 2162 2331 verat,
2188 2263 2259 2317 de
2290 2270 2433 2318 testu
2467 2281 2533 2319 ac
2566 2265 2855 2336 fscrupulo
2906 2268 3119 2339 prioris
3171 2274 3492 2329 sacerdotis
3553 2274 3642 2331 sic

1986 2351 2290 2407 scribens:
2346 2352 2673 2427 Συναγαγὼν
2734 2354 2920 2408 ἑαυτὸν
2951 2356 3041 2410 καὶ
3093 2358 3255 2433 γνοὺς
3306 2358 3414 2430 ὅπη
3471 2366 3639 2417 κακοῦ

1984 2437 2197 2514 φέρεται
2244 2440 2498 2514 μοιχείαν
2553 2442 2666 2513 ἅμα
2715 2442 2804 2497 καὶ
2858 2446 3155 2520 τριγαμίαν
3217 2448 3483 2524 εὐλογῶν,
3535 2452 3636 2508 ubi

1984 2526 2227 2603 εὐλογεῖν
2270 2531 2426 2585 idem
2455 2536 2544 2586 est
2574 2535 2731 2602 quod
2764 2532 3108 2609 ἱερολογεῖνε
3162 2543 3483 2608 utrumque
3534 2558 3637 2597 au-

1986 2621 2104 2672 tem
2138 2618 2430 2689 signiﬁcat
2461 2636 2694 2675 sacrum
2731 2621 2895 2677 illum
2946 2625 3125 2680 ritum
3184 2643 3302 2699 quo
3361 2631 3637 2686 sacerdos

1988 2706 2118 2762 illos
2166 2725 2414 2779 sponsos
2464 2711 2523 2764 in
2574 2712 3020 2769 matrimonium
3070 2716 3413 2789 conjungit;
3463 2735 3636 2791 quem

1985 2797 2453 2853 benedictionem
2486 2800 2557 2854 ab
2589 2801 2850 2873 antiquis
2883 2803 3302 2862 ecclesiasticis
3332 2806 3635 2879 scriptori-

1983 2886 2094 2940 bus
2130 2886 2329 2941 Latine
2386 2893 2654 2943 vocatum
2692 2890 2969 2961 vidimus,
3011 2893 3069 2947 in
3112 2910 3228 2965 quo
3288 2900 3486 2951 tamen
3547 2902 3637 2953 est

1982 2978 2259 3043 praeterea
2303 2976 2736 3031 observandum
2776 2995 2904 3034 esse
2950 2985 3009 3035 et
3057 2981 3230 3036 aliam
3277 2983 3632 3039 benedictio-

1982 3079 2115 3116 nem
2142 3062 2488 3132 nuptialem,
2515 3081 2639 3135 quas
2672 3067 3065 3140 conjungibus
3092 3085 3195 3140 per
3224 3071 3418 3141 verba,
3453 3077 3516 3127 ut
3545 3072 3633 3128 lo-

1981 3150 2081 3222 qui
2106 3150 2319 3219 solent,
2353 3152 2424 3206 de
2457 3154 2729 3219 presenti
2762 3160 2883 3210 rato
2904 3157 3028 3226 jam
3064 3158 3437 3215 matrimonio
3473 3178 3507 3216 a
3532 3178 3631 3216 sa-

1982 3240 2211 3295 cerdote
2244 3240 2532 3312 c0pulatis
2564 3242 2712 3299 solet
2742 3243 3004 3300 adhiberi
3034 3264 3047 3314 ;
3080 3246 3150 3301 de
3192 3263 3309 3319 qua
3356 3248 3635 3321 intelligi-

1983 3336 2076 3383 tur
2106 3328 2206 3384 illa
2239 3330 2486 3400 quaestio
2519 3348 2695 3403 quam
2720 3334 2973 3407 theologi
3008 3342 3261 3404 movent,
3293 3338 3375 3393 An
3405 3342 3479 3394 sit
3505 3355 3635 3411 pec-

1979 3428 2161 3474 catum
2230 3434 2617 3476 consummare
2688 3423 3103 3479 matrimonium
3167 3434 3300 3481 ante
3372 3428 3634 3485 Ecclesiw

1982 3508 2442 3577 benedictionem,
2475 3515 2583 3564 etc.
2618 3511 2764 3566 Vide
2794 3512 3073 3569 Saucbez.
3124 3513 3163 3570 l.
3225 3532 3309 3585 ιιι,
3343 3516 3495 3588 disp.
3547 3516 3635 3571 12.

1983 3602 2267 3653 Caeterum
2303 3598 2463 3669 prior
2494 3598 2594 3654 illa
2616 3602 2687 3653 de
2719 3618 2835 3672 qua
2870 3602 3129 3657 diximus
3179 3604 3508 3661 benedictio
3556 3611 3641 3661 est

1982 3704 2109 3758 qua:
2143 3688 2237 3742 hic
2268 3684 2583 3761 ἱερολογίας
2634 3694 2691 3744 et
2748 3688 3049 3765 ἱερολογεῖν
3100 3693 3399 3749 vocabulis
3455 3695 3639 3766 expri-

1982 3778 2183 3830 mitur.
2220 3777 2342 3831 Huc
2377 3776 2511 3831 facit
2562 3778 2797 3849 Georgii
2841 3781 3187 3852 Acropolitas
3246 3780 3432 3852 locus,
3491 3786 3638 3839 Hist.

1980 3884 2040 3920 n.
2096 3866 2197 3920 33:
2254 3864 2537 3937 Πληροΰσι
2600 3866 2698 3931 τήν
2757 3871 2864 3920 τῶν
2919 3865 3131 3922 παίδων
3187 3869 3496 3945 συνάφειαν.
3538 3876 3637 3925 τοῦ

1978 3951 2325 4026 πατριάρχου
2350 3956 2633 4027 Γερμανοῦ
2683 3954 2753 4008 τὰ
2802 3962 2899 4023 τῆς
2947 3954 3260 4030 ἱερολογίας
3296 3957 3631 4022 τελέσαντος.

1978 4045 2110 4114 Agit
2141 4046 2211 4098 de
2265 4043 2491 4113 nuptiis
2541 4044 2828 4099 Theodori
2875 4046 3137 4101 Junioris
3183 4047 3447 4102 Lascaris
3496 4064 3630 4104 cum

1978 4133 2195 4188 Helena
2228 4132 2343 4185 filia
2370 4131 2582 4187 Asanis
2610 4133 2900 4205 Bulgaria;
2932 4136 3102 4205 regis.
3126 4136 3288 4191 Adde
3309 4144 3363 4191 et
3386 4136 3628 4193 titulum

1979 4240 2106 4277 can.
2139 4221 2684 4277 6Neocaasariensis
2727 4223 2948 4278 recitati
2984 4241 3016 4279 a
3072 4224 3338 4279 Mattbaao
3370 4224 3631 4281 Blastare

1977 4310 2153 4365 verbo
2206 4309 2425 4384 γάμος,
2469 4310 2569 4380 qui
2610 4312 2693 4365 sic
2754 4310 2967 4366 habet:
3026 4311 3158 4386 Περῖ
3217 4315 3312 4365 τοῦ
3370 4312 3446 4385 μὴ
3508 4333 3631 4367 cave

1978 4399 2221 4451 πιᾶσθαι
2252 4401 2331 4468 τῷ
2354 4394 2674 4471 διγαμοῦντι
2704 4398 2797 4451 τὸν
2831 4397 3289 4474 ἱερολυγήσαντα.
3628 4416 3633 4422 ”

2050 4484 2476 4561 ’ἰχνηλάτης(1)
2509 4504 2566 4557 ρ.
2616 4488 2739 4543 464.
2794 4488 3139 4544 Καθικετεύει
3183 4488 3242 4544 ἐκ
3295 4494 3404 4546 τῶν
3466 4490 3632 4566 ὶχνη-

1979 4576 2147 4631 λᾶτου
2204 4570 2613 4647 παραϐολικῶν,
2669 4586 2799 4633 etc.
2852 4579 2943 4633 Ait
2996 4580 3432 4651 imperatorem,
3490 4599 3624 4638 cum

1980 4668 2195 4722 videret
2222 4670 2503 4735 quosdam
2555 4664 2885 4723 inconsulto
2935 4667 3059 4724 zelo
3103 4669 3436 4741 improbare
3484 4688 3626 4726 con-

1978 4755 2236 4810 cordiam
2269 4771 2402 4808 cum
2437 4754 2659 4810 Latinis
2702 4755 2930 4827 initam,
2989 4759 3327 4831 congregari
3368 4760 3625 4830 jussisse

1977 4845 2277 4916 episcOpos
2310 4860 2515 4899 omnes
2541 4849 2597 4898 et
2628 4848 2948 4901 monachos
2975 4872 2989 4915 ;
3022 4853 3148 4903 tum
3182 4850 3377 4919 ipsum
3410 4849 3470 4904 in
3524 4850 3623 4906 illo

1975 4950 2256 4990 consessu
2283 4933 2541 4987 medium
2568 4934 2889 4989 orationem
2912 4936 3245 5006 inchoasse,
3269 4939 3527 5009 rogando
3549 4955 3620 4993 ex

1975 5024 2283 5080 Ichnelataa
2315 5022 2685 5089 Parabolicis,
2718 5026 2890 5095 cujus
2946 5025 3057 5082 loci
3117 5028 3189 5082 ad
3220 5028 3329 5083 hoc
3383 5034 3618 5099 tempus

1971 5113 2284 5186 opportuni
2315 5113 2621 5183 plerosque
2647 5112 2910 5184 ipsorum
2941 5117 3228 5171 recordari
3263 5116 3609 5181 confidebat,

1973 5220 2044 5258 ne
2100 5202 2294 5273 potius
2356 5200 2598 5256 mallent
2653 5202 2875 5256 imitari
2932 5204 3097 5259 avide
3149 5203 3611 5275 praefestinantes

1966 5309 2144 5365 quam
2179 5289 2450 5362 prudenti
2485 5291 2763 5361 patientia
2797 5293 3196 5349 maturitatem
3229 5294 3609 5349 occasionum

1966 5387 2023 5437 et
2046 5397 2238 5436 rerum
2271 5385 2606 5450 exspectare
2637 5382 2918 5436 cessando
2942 5383 3164 5437 solitos.
3213 5381 3427 5436 Multos
3458 5379 3606 5445 dies,

1966 5488 2037 5528 ne
2058 5471 2249 5526 dicam
2280 5467 2701 5537 hebdomadas,
2744 5470 2801 5523 in
2855 5471 3029 5540 hujus
3060 5486 3192 5527 sum
3218 5468 3326 5524 loci
3358 5465 3613 5521 medita-
