3978 6182
429 281 560 340 1031

1480 275 1544 328 Ρ.
1584 271 1857 327 POSBINI
1891 272 2511 328 OBBBBVATIONUM
2546 274 2684 329 LIB.
2724 276 2771 328 Ι.

3625 280 3736 340 1032

409 410 570 466 tione
587 405 875 461 versatus.
909 399 1090 469 Cujus
1120 412 1253 452 cum
1288 394 1654 467 intelligendi
1687 413 1805 451 una
1836 412 1971 468 spes
2006 400 2064 452 et
2091 398 2145 463 Α
2174 396 2399 452 Persica
2432 404 2485 453 et
2513 397 2784 466 Arabica,
2816 414 2964 470 quas
2996 396 3180 453 fuisse
3215 396 3455 454 diversas
3505 403 3735 472 ponimus,

414 497 561 554 ratio
594 494 706 548 sita
736 493 892 545 esset
929 488 987 542 in
1020 485 1229 543 notitia
1277 485 1580 557 scriptoris
1625 485 1684 540 in
1715 502 1781 541 eo
1821 484 2069 552 laudati,

408 591 597 642 totum
623 596 712 634 me
743 578 874 633 dedi
905 574 1344 647 investigationi
1394 573 1642 630 istorum
1671 567 2065 643 παραϐολικῶν

407 668 735 746 ’ἰχνηλάτου
757 667 855 722 hic
880 671 1366 732 memoratorum,
1390 662 1745 735 ignotissimi
1769 668 1894 718 tum
1921 663 2067 717 mihi

408 758 822 833 operis,quoad
837 754 1203 811 eruditissim
1217 755 1318 823 usj
1331 756 1467 806 uxta
1481 751 2069 823 humanissimusque

412 850 519 906 Leo
553 845 796 902 Allatius
827 843 855 896 ὁ
885 840 1023 896 πάνυ
1047 843 1241 914 primo
1294 840 1600 907 indicium,
1643 840 1857 895 deinde
1888 840 2066 895 etiam

408 938 636 1010 copiam
669 933 889 1007 perrari
920 934 1049 1003 ejus
1085 934 1142 987 et
1204 930 1423 985 Latinis
1482 946 1721 1000 prorsus
1780 929 2067 984 hactenus

409 1021 689 1097 incogniti
720 1020 1128 1078 commentarii
1173 1020 1328 1074 fecit.
1362 1019 1569 1073 Totum
1604 1018 1768 1073 avide
1801 1017 2019 1090 perlegi
2047 1033 2062 1073 :

411 1126 555 1197 quin
582 1123 789 1190 etiam,
823 1121 982 1192 quod
1016 1118 1099 1174 sic
1132 1117 1409 1189 expedire
1460 1116 1652 1171 visum
1684 1120 1794 1184 est,
1853 1116 2064 1187 raptim

413 1214 728 1270 Latinitate
754 1210 1036 1265 donatum
1070 1206 1130 1261 in
1174 1206 1386 1261 harum
1447 1204 1929 1261 Observationum
1964 1222 2063 1275 ap-

413 1302 720 1377 pendicem
746 1298 990 1368 conjeci.
1025 1295 1110 1351 Ibi
1140 1294 1380 1358 videbit,
1414 1294 1463 1348 si
1492 1292 1901 1363 tantijudicet,
1934 1298 2065 1348 stu-

413 1394 617 1447 diosus
644 1388 822 1444 lector
872 1402 1048 1457 quem
1104 1385 1236 1455 ejus
1284 1384 1377 1438 hic
1427 1382 1703 1453 indigitat
1750 1382 2066 1453 imperator

411 1482 629 1544 locum,
663 1474 1073 1533 dissertatione
1107 1473 1441 1544 parabolica
1472 1476 1654 1538 sexta,
1690 1488 1805 1541 qua
1837 1471 2063 1526 fabellis

414 1572 485 1625 ad
521 1570 579 1623 id
615 1567 767 1639 aptis
799 1564 1021 1620 sultitia
1074 1562 1403 1617 traducitur
1460 1577 1661 1616 eorum
1713 1578 1862 1631 quos
1917 1559 2063 1632 ipsis

413 1659 610 1715 statim
655 1654 908 1711 exordiis
968 1651 1278 1723 longorum
1342 1651 1706 1722 negotiorum
1749 1649 2062 1722 impatiens

2176 502 2291 540 non
2324 502 2439 540 una
2486 502 2685 541 revera
2736 491 2794 542 et
2845 487 3055 542 eadem
3111 486 3286 541 fuerit
3341 488 3531 543 versio.
3574 492 3739 550 Dicitur

2175 573 2329 628 enim
2356 574 2448 629 hic
2478 579 2706 631 tantum
2739 575 2957 631 librum
2983 574 3142 630 hunc
3168 576 3407 631 exIndia
3430 577 3484 632 in
3503 580 3735 639 Persidem

2174 662 2429 718 delatum
2465 681 2497 718 a
2535 670 2763 732 Perzoe,
2799 665 2881 720 ita
2938 669 3003 719 ut
3054 665 3210 736 quod
3244 665 3465 720 additur
3513 668 3574 723 de
3597 672 3740 727 trans-

2173 750 2469 807 lationein
2502 753 2766 825 linguam
2801 754 3136 821 Arabicam,
3172 754 3346 808 tribui
3380 754 3544 809 eidem
3594 757 3736 815 Perzoi

2172 846 2345 910 queat
2360 846 2416 896 et
2436 841 2679 915 intelligi
2698 860 2930 899 versum
2947 844 3022 897 ab
3049 859 3114 898 eo
3128 843 3365 898 Arabice
3383 842 3593 900 Chosroi
3618 848 3740 904 obla-

2170 934 2296 985 tum
2324 935 2379 985 et
2409 930 2711 1003 vulgatum
2746 933 2805 987 in
2838 932 3075 987 Perside
3108 931 3415 994 fuisse,ubi
3444 932 3571 988 l'orte
3590 933 3739 1007 lingua

2168 1019 2417 1073 Arabica
2448 1036 2561 1075 non
2585 1020 2885 1092 incognita
2914 1019 3084 1090 vulgo
3121 1020 3315 1075 fuerit.
3348 1020 3543 1076 Verum
3562 1039 3738 1080 omnem

2170 1108 2616 1179 ambiguitatem
2650 1108 2801 1163 tollit
2837 1110 2990 1181 quod
3014 1110 3083 1164 ad
3113 1109 3331 1163 calcem
3358 1111 3534 1181 operis
3555 1112 3739 1182 subjun-

2169 1195 2328 1267 gitur
2358 1197 2430 1252 ab
2459 1197 2587 1268 ipso
2621 1198 2817 1253 Graeco
2850 1197 3169 1268 interprete
3190 1201 3465 1270 Symeone
3493 1198 3624 1268 Seth,
3652 1206 3743 1272 post

2169 1285 2435 1356 quintam
2472 1287 2762 1342 decimam
2814 1286 3301 1343 Dissertationem
3353 1288 3635 1358 ascriptum
3678 1290 3741 1344 his

2169 1383 2341 1454 plane
2369 1384 2599 1439 verbis:
2633 1386 2816 1440 Ταῦτα
2862 1384 2930 1438 τὰ
2981 1384 3038 1437 ιε’
3082 1386 3350 1456 τμήματα
3380 1384 3407 1437 ὁ
3438 1383 3582 1460 σοφὸς
3608 1383 3744 1459 ἰατρὸς

2167 1472 2388 1545 Περζωὶ
2434 1466 2726 1543 μετέϐαλεν
2779 1471 2837 1526 ἐκ
2878 1480 2977 1542 τῆς
3030 1469 3265 1541 Ἰνδικῆς
3316 1470 3392 1533 εἷς
3441 1472 3531 1540 τὴν
3571 1472 3749 1548 Περσίδι

2168 1557 2475 1628 διάλεκτον,
2531 1560 2900 1634 μετακομίσας
2960 1559 3020 1615 ἐκ
3074 1568 3175 1630 τῆς
3238 1561 3428 1624 Ἰνδίας
3470 1566 3541 1633 τῷ
3587 1561 3748 1635 βασιλεῖ

2166 1649 2407 1724 Χοσρόῃ.
2464 1651 2558 1705 Ἐκ
2615 1647 2673 1704 δὲ
2724 1658 2827 1721 τῆς
2886 1657 3155 1722 Περσικῆς
3217 1649 3295 1712 εἷς
3347 1651 3442 1718 τήν
3498 1652 3626 1708 569
3669 1655 3747 1704 τῶν

415 1747 566 1804 568
590 1745 802 1813 abripit
833 1741 1077 1797 aviditas
1104 1741 1176 1795 ad
1209 1740 1354 1796 ﬁnes
1388 1756 1818 1810 successusque
1849 1756 2058 1810 praevo-

2170 1733 2410 1811 Ἀράϐων
2466 1734 2879 1811 μετεϐλήθησαν
2926 1739 3203 1816 γλῶσσαν,
3261 1738 3322 1793 ἐκ
3360 1736 3415 1793 δὲ
3441 1738 3531 1807 τῆς
3557 1733 3747 1813 Ἀράϐων

412 1836 651 1891 randos.
684 1832 789 1887 Hic
819 1830 1111 1903 agendum
1146 1829 1291 1883 mihi
1324 1834 1462 1899 puto
1492 1830 1561 1883 de
1606 1829 1841 1883 nomine
1889 1826 2052 1901 ἰχνη-

414 1921 609 1994 λάτης,
640 1922 795 1995 quod
819 1937 953 1975 cum
987 1924 1268 1989 tanquam
1302 1919 1601 1989 pr0prium
1635 1916 1808 1972 istius
1839 1917 1925 1971 vel
1950 1935 2058 1972 au-

413 2012 592 2068 ctoris
623 2009 708 2065 vel
729 2008 923 2080 operis
961 2013 1230 2078 ponatur,
1264 2008 1453 2061 neutri
1488 2011 1683 2060 tamen
1737 2022 1805 2060 ex
1835 2006 2059 2077 origine

413 2098 715 2165 convenit;
758 2111 885 2166 quae
920 2094 1063 2148 mihi
1087 2093 1392 2149 fuitcausa
1423 2092 1566 2147 illud
1601 2093 1673 2148 ab
1708 2093 1838 2162 ejus
1888 2091 2057 2147 titulo

412 2188 473 2242 in
512 2187 711 2242 Latina
740 2183 1217 2255 interpretatione
1268 2181 1624 2238 removendi.
1675 2182 1910 2236 Primus
1960 2199 2059 2236 vo-

415 2275 691 2331 sabulum
721 2270 1031 2348 ίχνηλάτης
1064 2289 1129 2327 ac
1170 2272 1327 2326 hunc
1374 2270 1591 2325 librum
1643 2270 2059 2343 appellandum

417 2364 689 2421 adhibuit
716 2364 949 2418 Graecus
974 2361 1132 2417 illius
1156 2361 1448 2432 interpres
1472 2360 1721 2432 Symeon
1744 2359 1900 2428 Seth,
1935 2360 2057 2414 imi.

419 2457 594 2522 tatus,
630 2458 693 2508 ut
723 2453 847 2523 ipse
872 2452 975 2519 ait,
1003 2451 1105 2506 sed
1136 2466 1204 2505 ex
1241 2455 1402 2521 parte
1454 2453 1758 2516 duntaxat,
1809 2450 2061 2504 Arabem

418 2542 877 2609 innominatum,
911 2540 1012 2612 qui
1034 2557 1102 2596 ex
1124 2541 1352 2595 Persica
1373 2538 1643 2605 dialecto,
1668 2539 1726 2594 in
1751 2556 1925 2610 quam
1954 2540 2062 2594 has

418 2631 782 2703 parabolicas
815 2629 1259 2685 dissertationes
1282 2634 1523 2683 Perzoes
1553 2645 1620 2683 ex
1645 2628 1859 2683 Indicis
1889 2628 2063 2698 origi-

421 2724 596 2778 nibus
628 2720 1028 2786 transtulerat,
1063 2718 1297 2773 Arabico
1328 2717 1457 2772 illas
1484 2718 1757 2787 reddens,
1796 2718 1953 2789 operi
1987 2717 2063 2770 ti-

420 2812 611 2867 tulum
638 2808 917 2882 imposuit
938 2810 1327 2879 compositum
1351 2824 1419 2862 ex
1440 2808 1779 2862 nominibus
1810 2807 2062 2861 duarum

422 2914 832 2973 personarum,
890 2913 1139 2968 quarum
1199 2895 1467 2964 dialogus
1528 2896 1805 2965 majorem
1865 2894 2066 2965 implet

425 2994 652 3061 partem
683 2986 1110 3043 dissertationis
1143 2984 1341 3055 prima
1363 2989 1429 3039 ut
1450 2984 1521 3039 ad
1542 2985 1860 3039 secundam
1888 2984 2064 3038 etiam

424 3077 777 3134 extenditur.
809 3078 1023 3131 Earum
1054 3075 1253 3130 Indica
1306 3074 1592 3129 vocabula
1640 3090 1767 3144 qua:
1828 3074 2063 3141 fuerint,

2164 1828 2291 1902 παρ’
2347 1830 2506 1900 ἡμῶν
2562 1828 2637 1891 εἷς
2693 1830 2796 1897 τὴν
2853 1826 3180 1898 Ἑλληνίδα,
3242 1827 3333 1883 καὶ
3392 1827 3749 1899 εῗσὶπιρ’ἠμῑν

2166 1917 2335 1991 μέχρι
2377 1922 2474 1985 τῆς
2523 1919 2763 1991 σήμερον
2815 1916 2893 1981 εἷς
2937 1915 3120 1991 ὠφέλε
3149 1938 3210 1971 αν
3266 1921 3373 1971 τῶν
3422 1916 3747 1991 ἀναγινωσκόν-

2160 2026 2292 2060 των.
2330 2008 2443 2062 Hoc
2468 2012 2556 2062 est
2582 2008 2651 2063 ad
2683 2010 2927 2063 verbum
2956 2025 2968 2062 :
3004 2009 3107 2062 Has
3150 2008 3218 2061 15
3270 2010 3523 2062 sectione:
3572 2008 3743 2076 sapiens

2168 2097 2419 2151 medicus
2449 2097 2677 2152 Perzoes
2731 2096 3019 2152 transtulit
3067 2112 3137 2151 ex
3193 2096 3389 2152 Indica
3436 2097 3489 2149 in
3535 2096 3749 2151 Persicam

2165 2183 2466 2239 dialectum
2496 2202 2529 2239 a
2558 2202 2618 2240 se
2645 2184 2964 2256 deportata:
2994 2202 3067 2240 ex
3096 2186 3258 2241 India
3295 2186 3415 2254 regi
3442 2183 3661 2240 Chosroi.
3690 2188 3749 2239 Bx

2167 2272 2389 2328 Persica
2418 2289 2543 2329 vero
2572 2273 2634 2328 in
2691 2274 2983 2329 Arabicam
3031 2291 3203 2329 versa:
3255 2275 3503 2345 linguam
3543 2282 3664 2341 sunt,
3702 2290 3754 2327 es

2164 2362 2404 2417 Arabica
2431 2363 2651 2418 demum
2680 2380 2714 2418 a
2743 2363 2902 2419 nobis
2950 2365 3010 2419 in
3065 2362 3339 2420 Graecam.
3391 2365 3451 2418 Et
3501 2373 3614 2417 sunt
3651 2362 3757 2432 apud

2165 2468 2263 2507 nos
2292 2468 2466 2522 usque
2495 2454 2556 2506 in
2588 2452 2923 2508 hodiernum
2948 2452 3093 2507 diem
3154 2453 3226 2508 ad
3286 2452 3571 2507 utilitatem
3619 2452 3757 2519 legen-

2167 2540 2334 2596 tium.
2372 2541 2456 2596 Ita
2486 2540 2587 2595 ibi.
2624 2540 2786 2596 Unde
2819 2542 3197 2597 manifestum
3227 2547 3319 2596 est
3350 2540 3615 2596 Persicam
3661 2554 3755 2609 quae

2169 2627 2388 2683 dicitur
2418 2630 2847 2701 Arabicamque
2876 2630 3207 2685 versionem
3235 2630 3419 2685 fuisse
3442 2628 3595 2700 plane
3618 2628 3757 2681 diver-

2169 2734 2289 2772 sas.
2323 2720 2463 2772 Cum
2507 2722 2726 2785 autem,
2775 2723 2839 2772 ut
2886 2734 2954 2773 ex
3006 2718 3171 2790 prius
3222 2718 3515 2786 descripto
3550 2716 3756 2786 ejusdem

2171 2807 2477 2878 Symeonis
2523 2807 2763 2879 prologo
2818 2813 3069 2875 constat,
3121 2809 3339 2864 titulus
3399 2808 3561 2879 Gylilc
3610 2807 3757 2860 Dimse

2178 2904 2430 2959 Arabicae
2460 2905 2748 2960 versionis
2778 2907 3050 2977 proprius
3082 2906 3281 2975 fuerit,
3326 2907 3410 2961 uti
3456 2910 3509 2960 et
3536 2905 3645 2975 ipsa
3688 2901 3761 2955 illa

2171 2994 2455 3049 vocabula
2492 2994 2737 3050 Arabica
2767 3011 2835 3050 ex
2865 2995 3093 3067 origine
3143 3000 3451 3066 putantur,
3508 2992 3759 3050 dicendum

2178 3087 2266 3138 est
2304 3087 2361 3138 et
2392 3084 2590 3139 Indica
2617 3084 2935 3156 archetypa
2956 3092 3013 3140 et
3041 3085 3342 3141 Persicam
3366 3104 3400 3142 a
3427 3091 3617 3141 Perzoe
3658 3097 3758 3137 con-

1656 3136 1675 3144 -
2051 3136 2061 3141 -
2190 3136 2232 3138 η
2470 3136 3611 3156 ρημμη---ηπηηηη---η--ρ
3668 3136 3671 3137 ν

423 3175 718 3231 nescimus
744 3200 758 3239 ;
790 3190 1040 3244 quorum
1072 3178 1269 3227 tamen
1319 3176 1384 3226 ut
1436 3171 1800 3243 propriorum
1832 3170 2066 3227 retineri
2098 3136 2140 3203 Ο
2178 3172 2473 3226 cinnatam
2505 3171 3049 3244 interpretationem
3080 3174 3168 3231 vel
3219 3175 3480 3231 caruisse
3533 3170 3675 3228 titulo
3701 3168 3760 3224 vel

421 3280 604 3319 sonus
621 3267 676 3316 et
697 3260 941 3316 aliarum
977 3261 1189 3315 litteris
1219 3259 1463 3331 exprimi
1504 3260 1787 3314 debuerat
1834 3259 2069 3330 lingua-

420 3367 573 3406 rum.
611 3356 689 3405 Ac
723 3366 794 3402 ne
825 3350 925 3404 illa
949 3349 1189 3419 quidem
1222 3352 1626 3403 memorantur
1677 3364 1805 3419 quis
1838 3348 1896 3402 in
1958 3364 2067 3403 sua

419 3438 895 3508 interpretatione
922 3437 1148 3492 Persica
1163 3436 1356 3508 posuit
1379 3437 1637 3492 medicus
1658 3441 1917 3492 Perzoes.
1943 3436 2065 3490 Pri-

422 3544 556 3582 mus
586 3527 792 3589 Arabs,
823 3526 921 3595 qui
952 3527 1247 3580 secundus
1277 3525 1565 3597 interpres
1597 3528 1682 3594 [P.
1707 3526 1833 3597 390]
1885 3526 2067 3580 fuisse

422 3617 673 3684 dicitur;
708 3632 822 3671 non
855 3616 1050 3671 solum
1075 3615 1224 3669 duos
1255 3614 1400 3669 istos
1424 3613 1868 3670 interlocutores
1923 3616 2065 3668 Ara-

422 3704 569 3761 bicis
601 3721 669 3760 ex
699 3702 923 3775 origine
954 3703 1192 3758 vocibus
1223 3702 1555 3773 indigitavit
1603 3704 1761 3759 hisce
1796 3702 1972 3774 Cylilc
2012 3707 2068 3757 et

420 3796 633 3863 Dimnc,
663 3809 865 3848 verum
905 3792 1080 3847 etiam
1114 3792 1274 3862 operi
1307 3792 1639 3863 quindecim
1699 3793 2067 3848 dissertatio-

422 3902 556 3939 num
585 3883 859 3939 universo
890 3883 1127 3938 easdem
1155 3897 1258 3952 pro
1288 3881 1459 3935 titulo
1484 3881 1819 3952 praeposuit.
1848 3881 1910 3935 Id
1928 3898 2063 3935 con-

415 3979 534 4029 stat
579 3990 647 4028 ex
687 3970 1193 4028 admonitiuncula
1252 3970 1540 4025 Allatiano
1592 3970 1776 4026 codici
1810 3970 2064 4041 praefixa,

418 4079 597 4134 quam
625 4062 717 4117 hic
767 4060 1215 4116 describendam
1248 4059 1384 4113 duxi
1412 4077 1425 4115 :
1461 4052 1683 4113 Βιϐλίον
1744 4060 2069 4133 φυσιολογι-

415 4150 512 4205 κὸν
573 4150 966 4221 μετακομισθὲν
1024 4146 1085 4202 ἐκ
1139 4154 1238 4215 τῆς
1293 4144 1487 4209 Ἰνδίας
1530 4146 1620 4201 καὶ
1671 4143 1823 4201 δοθὲν
1853 4151 1933 4217 τῷ
1966 4148 2066 4221 βα-

418 4236 565 4294 σιλεῖ
620 4236 834 4310 Χοσρόῃ
884 4234 937 4290 ἐν
997 4233 1216 4311 Περσίδι
1264 4234 1409 4310 παρά
1457 4257 1600 4297 τινος
1648 4236 1864 4308 Περζωὲ
1898 4238 2067 4313 conuii

415 4325 507 4379 καὶ
564 4325 749 4398 ἷατροῦ
807 4326 904 4393 τήν
978 4325 1222 4399 τὲχνην,
1289 4324 1380 4379 καὶ
1450 4325 1767 4399 μετενεχθὲν
1832 4325 1907 4386 είς
1965 4325 2064 4391 τήν

414 4409 665 4485 Ἀράϐων
738 4412 987 4488 γλῶσσαν
1025 4458 1039 4483 ,
1115 4412 1262 4485 παρᾶ
1333 4410 1390 4467 δὲ
1464 4414 1692 4485 Συμεὼν
1769 4413 2067 4488 μαγίστρου

417 4503 508 4559 καὶ
567 4487 877 4580 φιλοσόφου
925 4506 1017 4556 τοῦ
1063 4503 1179 4571 Σὴθ
1224 4501 1302 4563 είς
1330 4503 1430 4570 τὴν
1465 4500 1747 4572 Ἑλλήνων
1782 4499 2064 4557 διάλεκτον
2100 4487 2144 4550 D

422 4586 783 4664 μεταϐληθὲν,
832 4588 1173 4662 καλούμενον
1233 4585 1513 4666 Ἀραϐιστὶ
1576 4592 1668 4663 μὲν
1728 4588 1930 4645 Κυλίλε
1976 4590 2066 4645 καὶ

420 4681 587 4754 Διμνὶ
622 4725 636 4749 ,
696 4679 1013 4750 Ἑλληνιστὶ
1072 4677 1129 4734 δὲ
1178 4677 1510 4756 Στεφανίτης
1566 4680 1653 4734 καὶ
1710 4678 2064 4754 Ἰχνηλάτης.

416 4780 576 4853 Ἔχει
636 4775 695 4831 δὲ
747 4776 947 4849 μύθους
992 4775 1362 4849 παμπόλλους
1408 4776 1498 4831 καὶ
1548 4781 1709 4831 πᾶσιν
1762 4776 2068 4851 ἀνθρώποις

421 4864 762 4944 ὠφελίμους.
796 4872 928 4921 Haec
960 4866 1082 4934 ibi;
1125 4883 1252 4938 quae
1298 4866 1382 4921 sic
1432 4865 1635 4922 Latine
1679 4874 1922 4922 sonant:
1974 4869 2062 4921 Li-

418 4957 511 5012 ber
536 4956 950 5029 physiologicus
980 4955 1201 5010 delatus
1231 4971 1301 5010 ex
1328 4956 1485 5010 India
1512 4964 1564 5011 et
1585 4955 1744 5011 datus
1772 4954 1895 5026 regi
1924 4954 2064 5010 Cho-

417 5047 531 5101 sroi
559 5047 617 5100 in
651 5047 881 5101 Perside
910 5062 943 5099 a
973 5044 1209 5117 quodam
1239 5045 1711 5115 Pemoc,sapimte
1737 5055 1791 5099 et
1830 5043 2061 5111 medico,

417 5144 713 5199 translatus
765 5146 933 5199 etiam
991 5143 1053 5198 in
1111 5142 1354 5197 Arabum
1402 5142 1749 5212 linguam,a
1800 5140 2066 5212 Symeone

414 5250 539 5290 vero
569 5235 832 5305 magistro
860 5236 912 5289 et
940 5232 1258 5304 philosOpho
1270 5233 1658 5299 cognominata
1681 5230 1880 5284 Sethtn
1912 5229 2064 5287 Cra?-

415 5340 602 5379 corum
633 5324 925 5379 dialectum
956 5336 1262 5387 conversus,
1293 5330 1518 5375 vocatus
1551 5319 1787 5373 Arabico
1847 5318 2063 5389 quidem

420 5413 594 5485 Cylilc
623 5423 673 5468 et
703 5417 923 5477 Dzmnr,
960 5410 1141 5467 Grzce
1171 5425 1294 5464 vero
1325 5408 1669 5478 Stephanites
1687 5409 1738 5460 et
1758 5406 2063 5463 Ichnelates

420 5504 585 5557 Habet
613 5510 792 5556 autem
824 5499 1056 5568 fabulas
1074 5498 1379 5570 permultas
1396 5500 1450 5551 et
1472 5494 1727 5551 omnibus
1747 5498 2066 5552 hominibus

414 5591 595 5645 utiles.
621 5588 806 5644 Video
837 5605 906 5645 ex
927 5587 1020 5643 his
1039 5588 1232 5644 verbis
1251 5589 1470 5641 restare
1488 5582 1730 5641 dubium
1761 5582 2060 5653 lectori,an

2171 3260 2337 3316 aliter
2380 3260 2666 3333 inscripta
2724 3263 3092 3334 apparuisse.
3152 3263 3322 3320 Unde
3381 3263 3562 3336 quivis
3612 3275 3763 3332 equus

2173 3350 2533 3405 concesserit
2557 3350 2751 3418 nobis,
2769 3351 2869 3423 qui
2902 3353 3547 3425 noninterpretationes
3564 3350 3763 3408 Graecam

2171 3444 2273 3494 aut
2307 3439 2645 3505 Arabicam,
2677 3441 2777 3496 sed
2813 3458 2961 3513 opus
2991 3442 3187 3514 ipsum
3204 3448 3339 3499 ortu
3358 3442 3540 3514 primo
3558 3438 3763 3496 Indicum

2173 3528 2382 3584 Latine
2413 3529 2742 3593 reddimus,
2784 3546 3026 3586 necesse
3059 3548 3173 3587 non
3224 3532 3411 3587 fuisse
3440 3528 3667 3587 Arabica
3696 3528 3767 3580 aut

2172 3620 2385 3673 Graacaa
2418 3618 2907 3675 nomenclationis
2941 3620 3157 3676 habere
3189 3615 3764 3689 rationem,praasertim

2171 3722 2305 3761 cum
2339 3722 2408 3761 ea
2434 3706 2582 3778 parti
2613 3712 2845 3762 tantum
2897 3710 3111 3780 operis,
3146 3710 3259 3767 hoc
3296 3714 3388 3766 est
3417 3708 3631 3765 duabus
3658 3705 3765 3761 dun-

2172 3799 2332 3850 taxat
2348 3796 3133 3867 dissertationibus,conveni
3142 3804 3226 3868 at,
3243 3800 3467 3870 quibus
3488 3794 3713 3853 Coronati
3730 3798 3767 3845 et

2171 3896 2554 3967 Vestigatoris
2585 3896 2876 3969 colloquia
2912 3896 3260 3952 recitantur.
3297 3895 3542 3964 Quaesivi
3568 3910 3627 3950 ex
3672 3905 3765 3945 ma-

2169 3983 2371 4055 gistris
2406 3985 2661 4041 Arabicaa
2688 3985 2906 4058 lingua:
2927 4004 2999 4041 an
3044 3987 3223 4057 Cylile
3274 3993 3336 4042 et
3386 3988 3574 4042 Dimne
3619 3982 3762 4037 Grece

2172 4069 2489 4146 στεφανίτην
2547 4073 2638 4127 καὶ
2696 4072 3031 4149 ΐχνηλάτην,
3089 4075 3199 4130 hoc
3253 4081 3349 4131 est
3407 4073 3598 4130 Latine
3646 4082 3762 4124 coro-

2170 4165 2360 4215 natum
2388 4166 2445 4216 et
2474 4162 2852 4233 vestigatorem
2884 4164 3317 4232 significarent.
3381 4160 3766 4235 Responderunt

2174 4248 2231 4302 in
2265 4248 2440 4321 Cylilc
2469 4251 2699 4319 quidem
2742 4268 3060 4322 agnoscere
3122 4269 3184 4307 se
3244 4251 3469 4324 aliquid
3522 4248 3657 4323 quod
3700 4258 3764 4301 co-

2173 4352 2320 4392 ronae
2367 4337 2667 4394 notionem
2716 4340 2999 4405 redoleat,
3034 4340 3092 4394 in
3125 4341 3336 4397 Dimne
3368 4340 3515 4396 nihil
3571 4333 3765 4407 reperire

2177 4427 2328 4496 quod
2362 4427 2430 4480 ad
2464 4427 2694 4499 vestigii
2728 4428 3124 4499 significatum
3156 4434 3383 4498 vergat.
3433 4434 3508 4483 Ex
3560 4441 3658 4497 quo
3683 4422 3765 4475 for-

2177 4518 2335 4569 tasse
2366 4516 2652 4586 suspicari
2682 4515 2855 4571 liceat
2886 4518 3168 4572 mendum
3201 4516 3582 4589 exscriptoris
3610 4516 3659 4569 in
3688 4511 3770 4565 ista

2179 4604 2484 4675 peregrina
2501 4621 2640 4660 voce
2670 4606 2989 4672 reddenda,
3022 4607 3177 4661 sicut
3206 4609 3454 4663 omnino
3510 4606 3678 4660 inesse
3706 4598 3767 4651 vi-

2175 4694 2348 4749 detur
2374 4694 2433 4749 in
2468 4693 2755 4765 particula
2780 4694 2892 4763 καί,
2926 4694 3224 4767 proutilla
3238 4712 3379 4752 cum
3408 4694 3653 4751 Arabicis
3669 4706 3768 4745 oon-

2168 4784 2441 4854 jungitur
2467 4784 2727 4853 vocibus,
2750 4801 2884 4841 cum
2908 4785 3107 4841 Graeca
3132 4786 3229 4855 sit,
3250 4785 3629 4843 Credibileest
3652 4779 3765 4834 enim

2174 4881 2418 4937 Setbum
2446 4882 2799 4939 scribentem
2845 4882 3060 4940 Graecis
3116 4883 3559 4941 cbaracteribus
3613 4874 3767 4936 Arabi-

2173 4985 2305 5026 cum
2338 4969 2576 5026 titulum
2626 4968 2829 5025 Κυλίλε
2855 4991 2917 5026 ου
2948 4972 3115 5043 Διμνὲ
3149 4974 3427 5045 posuisse
3460 4989 3475 5027 :
3526 4969 3653 5025 illud
3692 4980 3764 5019 ιῠο

2172 5062 2287 5114 tem
2321 5079 2405 5125 ου,
2438 5076 2567 5131 quae
2598 5060 2809 5133 copula
2846 5065 2937 5117 est
2990 5062 3307 5117 Arabibus.
3364 5061 3595 5118 Grecus
3632 5054 3766 5112 libra-

2172 5145 2371 5201 riusin
2401 5143 2490 5198 καί
2521 5148 2889 5203 converterit.
2920 5148 3116 5203 Refert
3140 5148 3527 5204 doctissimus
3566 5140 3763 5201 Altatius

2171 5234 2422 5290 diatriba
2451 5236 2522 5290 de
2559 5240 2913 5307 Symeonum
2974 5237 3211 5309 scriptis
3260 5254 3323 5307 p.
3380 5239 3483 5292 184
3538 5230 3767 5307 prodiisse

2170 5323 2433 5378 Ferraria
2461 5341 2556 5379 an.
2580 5325 2716 5379 1584
2746 5326 3064 5396 quamdam
3097 5325 3277 5397 hujus
3310 5326 3509 5397 operis
3540 5325 3765 5389 interpN'

2170 5412 2449 5467 tationem
2491 5411 2753 5469 Italicam
2792 5414 2994 5469 multis
3025 5414 3169 5470 locis
3210 5415 3507 5481 mutilam,
3538 5413 3592 5467 in
3636 5406 3762 5477 cujus

2172 5500 2411 5572 prologo
2435 5502 3058 5573 legaturhunclibrum
3085 5521 3152 5559 ex
3180 5504 3380 5559 Indica
3403 5505 3461 5559 id
3494 5507 3759 5573 Agarennm

2169 5589 2434 5663 linguam
2467 5608 2499 5646 a
2531 5590 2666 5648 Lelo
2695 5596 2912 5651 Damno
2959 5596 3243 5651 Saracena
3301 5607 3537 5650 versum
3593 5587 3758 5647 fuisse;
