3978 6182
1698 300 2188 367 GLOSSARIUM.

3515 391 3648 414 ινυιο

217 391 473 449 ridiculo
496 412 720 470 errore,
745 417 812 457 ex
835 420 902 460 eo
928 411 1061 462 nato
1086 411 1239 481 quod
1265 413 1414 471 liber
1433 416 1590 475 idem
1609 421 1683 475 ab
1701 424 1888 480 Arabe
1919 428 1972 494 Α
2005 429 2532 502 litteraasacraesine
2554 451 2623 504 ad
2639 452 2758 511 dite
2773 461 3450 535 appellantur,vocabulo
3476 481 3648 540 etiam

219 481 545 540 interprete
567 487 748 540 Culite
778 509 814 540 υ
839 494 1371 540 Πιήτηρὶηαρνῑηθηο
1399 507 1568 540 cum.”
1619 511 1677 540 ιλ
1705 513 1893 540 "ni---
2006 523 2064 540 n,
2167 525 2179 535 -
2350 532 2360 540 .
2442 539 2445 540 ,
2547 539 2586 540 η

1919 481 1972 494 ει
2005 481 2532 502 θ’τ-νηννιινηυοιιισ
2554 481 2758 511 αυυιιυ
2773 481 3450 535 appellanturﬂocabulo
3476 481 3648 540 etiam

219 481 545 556 interprete
567 487 748 560 Cyh'te
778 509 814 546 u
835 494 1372 574 Dz'mneinscriptus
1399 507 1590 563 fuerit.
1619 511 1680 566 Id
1705 513 1894 570 valere
2004 523 2215 580 Graecis
2271 532 2510 591 usitato.
2546 539 2802 614 Usurpat
2832 553 2888 603 et
2915 551 3050 608 alibi
3084 561 3288 616 Noster
3322 569 3649 626 καθοσιώσιν

229 578 428 626 potest
455 576 525 626 ad
561 583 1067 626 cnmnrnhandnm
1106 607 1302 626 mnum
1340 597 1652 626 numnum.
1692 601 1886 626 -1:-_ﬂ
2005 609 2018 626 1
2231 617 2265 626 ..
2437 623 2450 626 -

2144 576 2213 580 ης
2275 576 2510 591 -ν-ιυιιυ.
2551 576 2686 596 uoux
2743 576 2802 600 (Ib
2832 576 2888 603 υιο

229 578 428 644 potest
455 576 525 630 ad
561 583 1070 652 comprobandum
1106 607 1304 647 meum
1340 597 1655 654 consilium
1690 601 1891 658 alienae
2005 609 2112 666 hac
2145 617 2404 689 notione,
2437 623 2475 678 l.
2509 644 2564 696 ν,
2597 647 2647 685 c.
2685 576 2747 686 lii)
2773 653 2784 691 :
2810 637 2912 692 Καὶ

229 664 296 696 ιιι-χ
352 666 688 696 Animi-Hk..-
741 676 1010 696 --.μμ-Λ
1061 679 1098 696 ι’
1191 681 1200 691 ’
1563 689 1575 696 ⁵

2943 640 3006 693 τὸ
3041 650 3224 715 μεῖζον
3252 648 3530 720 ἐκρίνοντο
3561 661 3650 715 καὶ

218 664 296 717 ab
351 666 690 736 originibus
739 676 1235 735 nomenclationis
1269 689 1650 758 removendze,
1681 707 1752 745 ne
1800 709 1840 746 St

227 752 452 803 militer
480 759 714 803 errandi
749 761 1002 803 nnininm
1031 767 1376 803 οςτηηιςηςρηε
1405 777 1640 803 ,ιη-,ιη-
1665 787 1840 803 ,μης

2092 664 2104 666 _
2146 664 2404 689 ----.ν.,ν,
2438 664 2475 678 ..
2518 664 2564 696 ν,
2597 664 2647 685 υ.
2685 664 2747 686 w
2773 677 2784 691 .
2810 664 2912 692 nou
2943 664 3006 693 το
3041 664 3224 715 μειςον
3252 664 3530 720 εκρὶνοντο
3561 664 3648 715 καὶ

2001 696 2078 762 εἲς
2128 706 2496 780 moechum;
2530 724 2586 772 et
2618 736 2666 774 c.
2700 723 2804 780 20:
2839 726 3001 783 Ἀλλ’
3049 734 3152 789 οὐκ
3198 733 3408 795 ἔπειθον
3460 743 3648 803 πολλά

1998 783 2019 803 κ
2209 796 2233 803 _
2420 799 2458 803 -_

227 752 452 808 militer
480 759 714 813 errandi
749 761 1003 833 cuipiam
1031 767 1379 840 simpliciori
1404 777 1641 833 daretur
1661 787 1840 837 occasé

227 843 315 910 [Ρ.
369 845 494 910 391]
557 848 968 910 existimatum
1020 857 1272 910 fortasse
1307 864 1627 910 ίηΙωριηιρη
1673 887 1840 910 nnmn

2062 752 2074 762 ,
2130 752 2453 766 μηυηηνν..
2483 757 2496 780 ,
2530 752 2586 772 υι.
2618 752 2666 774 υ.
2700 752 2804 780 cu.
2858 752 2980 783 MA
3049 752 3152 789 ουκ
3198 752 3408 795 επειυον
3460 752 3641 803 πολλά

1998 783 2375 864 λιπαροῦντες,
2409 799 2540 855 ἀλλ’
2593 803 2845 884 ἄντικρυς
2906 815 3178 893 ἐκρίνοντο
3226 834 3326 896 τῆς
3373 833 3507 906 πρὸς
3541 836 3641 910 βα-

1998 874 2152 910 κιῖιι..
2198 885 2364 910 ..μημΑ
2415 891 2425 909 '
2639 903 2670 910 λ
2763 903 2773 910 ⁸

221 843 315 914 [Ρ.
369 845 494 910 391]
557 848 968 910 existimaturo
1020 857 1272 915 fortasse
1307 864 1627 922 ichnelatcn
1673 887 1840 926 nome

227 949 360 989 esse
390 937 672 994 auctoris.
706 941 803 994 qui
839 943 1064 994 primus
1096 948 1204 994 hnn
1236 955 1587 994 nnnunnlnm
1622 961 1830 994 ρηηιιςλ

2140 843 2154 864 5,
2184 843 2194 845 ν
2220 843 2375 864 ,.--,,
2409 843 2515 855 -..η
2593 843 2843 884 “napo;
2906 843 3178 893 εκρινοντο
3226 843 3326 896 τῆς
3373 843 3507 906 πρὸς
3541 843 3638 910 βα-

1998 874 2153 933 σιλέα
2198 885 2599 955 καθοσιώσεως.
2635 903 2896 974 Denique
2928 914 2993 963 ut
3045 912 3159 968 alia
3190 919 3459 977 omittam
3491 923 3638 994 loca,

1996 964 2012 994 ι
2181 988 2203 994 -
2273 976 2334 994 ιιι
2701 988 2710 994 ·

227 949 360 989 esse
390 937 672 1004 auctoris,
706 941 803 1009 qui
836 943 1064 1013 primus
1096 948 1204 1003 hoc
1236 955 1590 1023 opusculum
1622 961 1830 1015 condid

227 1039 363 1072 cum
399 1024 455 1072 id
492 1025 618 1072 sine
642 1035 798 1072 ωηιξη
833 1034 1138 1072 Qﬂrininrin
1173 1042 1408 1072 “nmina
1442 1045 1659 1072 nam“...
1697 1048 1750 1072 ε-
1791 1051 1840 1072 ι-

2311 937 2599 955 ,μην-νιν.
2635 937 2896 974 uouiun
2931 937 2993 963 ut.
3045 937 3139 968 ωιξ

1995 964 2033 1019 Ι.
2068 985 2141 1032 VI,
2177 988 2226 1025 c.
2273 976 2373 1032 24:
2407 978 2758 1059 Ὑπαγαγαὼν
2813 995 3139 1072 (Μακάριον)

225 1039 363 1078 cum
399 1024 456 1078 id
492 1025 618 1082 sine
642 1035 798 1085 certo
833 1034 1139 1105 scriptoris
1172 1042 1409 1109 nomine
1440 1045 1661 1101 editum
1697 1048 1755 1103 in
1791 1051 1883 1105 In-
1990 1075 2126 1118 σεως
2193 1061 2268 1122 ὡς
2341 1066 2473 1132 τοὺς

227 1113 512 1132 ,μηνί
638 1118 824 1132 η...
1005 1127 1110 1132 .-

215 1113 318 1167 dia
350 1113 603 1186 Symeon
638 1118 775 1174 Seth
809 1120 1043 1191 innuat,
1077 1127 1219 1222 dum
1252 1132 1458 1188 scribit
1491 1135 1660 1191 initio
1683 1141 1840 1210 praef:

1991 1141 2346 1222 διεγείραντα.

207 1201 394 1256 tionis
453 1220 610 1259 suae:
672 1206 735 1260 ἸΙ
793 1214 1040 1284 παροῦσα
1101 1209 1295 1287 βίϐλος
1347 1217 1549 1297 ἐγράφη
1603 1224 1698 1296 μὶν
1733 1229 1878 1299 παρὰ

207 1293 402 1366 σοφῶν
447 1290 550 1346 ἀπό
578 1313 638 1347 τε
688 1294 876 1366 μύθων
928 1300 1018 1354 καὶ
1057 1301 1419 1378 παραλαϐὧν,
1469 1312 1613 1369 hunc
1671 1316 1879 1372 librum

207 1383 579 1451 compositum
629 1385 804 1455 fuisse
831 1406 870 1443 α
899 1393 1245 1461 sapientibus
1274 1413 1344 1452 ear:
1383 1401 1599 1470 fabulis
1630 1409 1682 1459 et
1709 1424 1873 1473 para-

213 1468 401 1535 bolis,-
444 1474 597 1542 quod
638 1474 860 1532 indicat
909 1481 1140 1538 nullum
1183 1485 1234 1538 ei
1283 1468 1466 1544 fuisse
1513 1468 1871 1566 inscriptum

207 1559 536 1631 singularis
568 1567 826 1622 auctoris
873 1586 1110 1642 nomen,
1137 1575 1390 1648 jureque
1421 1578 1550 1636 ideo
1602 1598 1692 1638 me
1726 1585 1870 1641 illud

201 1651 485 1720 specimen
496 1655 786 1724 sapienliw
801 1658 856 1711 In
868 1660 1065 1715 (lorum
1092 1669 1339 1720 veterum
1363 1685 1704 1743 nuncupare
1717 1676 1759 1730 5
1774 1677 1810 1728 7
1823 1678 1871 1730 0

196 1739 492 1810 potuisse.
521 1745 630 1798 Sed
664 1745 734 1800 de
763 1745 856 1802 hic
879 1749 1007 1819 jam
1041 1752 1172 1822 plus
1205 1755 1390 1813 satis:
1425 1758 1542 1814 alia
1568 1739 1746 1818 ienim
1778 1782 1869 1819 vo-

197 1833 368 1884 cant.

273 1920 660 2004 Καϐαλλάριοι
707 1950 764 2004 p.
821 1935 946 1991 328.
985 1937 1222 1995 Retinui
1266 1943 1572 2001 caballarii
1607 1951 1859 2006 vocabu-

190 2015 329 2071 lum
365 2019 422 2072 in
456 2020 743 2090 versione,
776 2023 994 2081 idcirco
1018 2032 1171 2100 quod
1204 2032 1533 2090 existimavi
1556 2037 1711 2094 haud
1734 2041 1860 2099 sine

197 2121 389 2162 causa
411 2107 826 2178 Pachymerem
856 2116 970 2171 ista
989 2135 1123 2173 voce
1148 2120 1238 2176 hic
1261 2139 1433 2178 usum
1455 2126 1650 2196 potius
1679 2147 1854 2201 quam

188 2193 348 2266 ipsis
379 2198 688 2255 notissima
719 2207 774 2256 et
795 2205 964 2260 obvia
995 2206 1229 2265 ἱππέων,
1255 2211 1474 2284 Nempe
1502 2219 1856 2277 caballurius

189 2288 630 2344 consuetudine
654 2291 777 2360 jam
814 2298 939 2349 tum
982 2295 1144 2354 illius
1175 2303 1461 2373 temporis
1502 2323 1616 2362 non
1649 2326 1853 2379 quem-

183 2372 344 2433 libet
374 2378 658 2448 equitem,
690 2383 789 2434 sed
821 2381 1112 2456 insignem
1147 2396 1201 2443 et
1231 2372 1572 2461 primarium
1607 2372 1854 2456 sonabat

179 2469 437 2534 eratque
487 2465 566 2537 (id
602 2471 755 2539 quod
791 2470 1083 2545 hodieque
1114 2476 1172 2531 in
1207 2479 1414 2536 Italica
1463 2483 1664 2556 lingua
1713 2489 1848 2545 inde

178 2552 437 2608 ductum
481 2560 836 2632 perseverat)
862 2562 920 2615 in
946 2579 1011 2617 eo
1035 2567 1208 2622 verbo
1235 2552 1846 2646 nobilitatis‘quardam

176 2642 517 2713 emphasis,
553 2647 798 2703 minime
828 2653 1181 2711 conveniens
1212 2658 1397 2730 equiti
1430 2666 1714 2733 gregario.
1741 2670 1848 2724 Ita-

170 2748 302 2802 que
333 2748 468 2787 cum
489 2739 698 2791 Noster
717 2739 984 2808 ejusdem
1033 2743 1214 2814 hujus
1257 2747 1425 2805 initio
1455 2752 1664 2822 capitis
1688 2756 1845 2812 hunc

171 2820 247 2875 in
301 2822 542 2878 modum
598 2827 822 2894 scribit,
875 2828 936 2884 Ὀ
984 2825 1358 2907 καϐαλλάριος
1406 2837 1655 2908 Ἀλὲξιος
1707 2842 1841 2918 ἀνὴρ

164 2906 451 2983 γεννάδας
489 2910 578 2965 καὶ
628 2911 903 2990 ἀνδρικός,
953 2906 1377 2992 intelligendus
1425 2935 1514 2982 est
1563 2932 1690 3000 ejus
1730 2935 1840 2989 viri

173 2998 558 3057 nobilitatem
610 3004 1054 3081 claritatemque
1102 3012 1213 3068 isto
1259 3016 1496 3073 nomine
1545 3021 1834 3092 signasse.

161 3088 296 3143 Nec
331 3088 476 3144 mihi
503 3097 592 3147 est
624 3094 968 3153 incredibile
999 3105 1288 3158 trecentos
1321 3105 1465 3159 istos
1497 3125 1646 3164 exeo
1671 3113 1834 3183 equi-

162 3183 308 3232 tum
361 3196 573 3251 genere
603 3183 806 3254 fuisse,
840 3187 938 3257 qui
988 3205 1096 3243 usu
1131 3191 1302 3248 hodie
1338 3195 1557 3251 militia
1597 3199 1830 3256 Gallicae
1863 3183 1904 3248 (ἶ

155 3270 444 3323 maz‘slre:
493 3271 759 3344 magistri
807 3276 922 3330 dici
973 3278 1205 3347 solent;
1258 3300 1506 3353 quorum
1556 3289 1826 3347 videlicet

156 3360 593 3432 unusquisque
632 3362 779 3419 alios
828 3366 1056 3437 equites
1107 3372 1216 3426 sub
1262 3390 1324 3428 se
1376 3384 1667 3434 merentes
1716 3381 1822 3436 du-

154 3454 314 3504 ctat.

235 3542 620 3616 Καδδηνάλιοι
662 3568 719 3605 n.
752 3552 878 3609 209.
915 3554 1002 3610 Ita
1031 3561 1372 3616 constanter
1401 3565 1682 3622 scribitur
1713 3569 1821 3625 hoc

155 3638 532 3693 vocabulum
567 3639 624 3694 in
658 3640 848 3698 tribus
874 3645 1042 3700 codd.
1068 3647 1127 3702 in
1161 3648 1270 3704 hoc
1294 3655 1350 3705 et
1371 3653 1501 3708 aliis
1522 3656 1701 3726 hujus
1734 3659 1821 3714 hi-

149 3726 370 3784 storias
419 3725 586 3795 locis,
621 3731 779 3785 unde
810 3749 923 3787 non
967 3735 1199 3791 videtur
1238 3739 1628 3800 dubitandum
1676 3749 1818 3818 quin

144 3833 372 3874 vocem
417 3819 586 3874 nobis
640 3820 919 3877 usitatam
961 3826 1274 3882 cardinatis
1323 3831 1408 3886 sic
1449 3837 1588 3888 tunc
1641 3837 1819 3893 Graeci

145 3906 292 3962 suis
313 3904 526 3962 litteris
549 3910 964 3980 exprimerent.
998 3913 1111 3968 Nec
1137 3915 1193 3969 id
1222 3917 1633 3988 imputandum
1656 3926 1817 3995 igno-

3198 1001 3321 1080 δίκῃ
3370 1012 3638 1067 καθοσιώ-

2541 1069 2791 1140 δυτικοὺς
2843 1079 3114 1158 ἄρχοντας
3177 1095 3313 1150 κατὰ
3361 1097 3638 1172 βασιλέως

2061 1274 2240 1346 Κάνης
2275 1283 2348 1353 (ί)
2383 1301 2438 1376 p.
2472 1287 2596 1345 241.
2635 1293 2758 1350 Non
2788 1298 3032 1357 dubium
3068 1307 3210 1376 quin
3242 1310 3350 1367 hoc
3375 1313 3500 1371 loco
3523 1318 3637 1373 Κά-

1985 1381 2085 1430 νης
2117 1382 2329 1426 nomen
2363 1374 2440 1429 sit
2470 1379 2775 1455 principis,
2809 1405 2841 1441 a
2872 1405 2987 1460 quo
3021 1393 3218 1467 Negas
3250 1416 3383 1457 cum
3418 1405 3637 1464 Tocha-

1984 1453 2067 1507 ris
2095 1455 2316 1514 missus
2349 1463 2541 1522 fuerat
2573 1476 2629 1523 et
2650 1489 2682 1526 a
2709 1476 2879 1544 cujus
2903 1479 3187 1554 dominio,
3208 1494 3271 1542 ut
3302 1493 3478 1561 paulo
3500 1502 3634 1553 ante

1985 1541 2131 1598 dixit
2162 1545 2502 1624 historicus,
2538 1541 2795 1618 deiicere
2818 1541 3516 1642 incipiebat,'57i—suas
3546 1604 3636 1642 res

1983 1647 2161 1702 agens
2194 1641 2250 1690 et
2299 1640 2409 1695 sibi
2447 1649 2676 1717 proprie
2708 1652 3012 1714 vindicans
3056 1678 3186 1733 quae
3230 1667 3380 1724 bello
3433 1677 3635 1746 acqui-

1983 1722 2144 1746 -,,ι...ι
2202 1727 2414 1746 rrum-nr
2469 1739 2478 1746 -
2543 1736 2574 1746 ’-
2845 1744 2852 1746 ‘

1982 1722 2165 1778 rebat.
2201 1727 2266 1797 [P
2288 1730 2414 1800 392]
2453 1736 2659 1806 Agitur
2681 1756 2816 1813 ergo
2844 1744 2934 1800 hic
2967 1749 3035 1805 de
3065 1722 3630 1833 'i‘artaroru—mwpﬁii-

1898 1810 1943 1871 Β
1976 1810 2121 1882 cipe,
2158 1817 2258 1885 qui
2292 1837 2541 1893 magnus
2568 1810 2772 1885 Canes—
2794 1834 3081 1908 hodieque
3111 1810 3621 1920 appellatur

1969 1916 2023 1969 ν,
2058 1921 2107 1956 c.
2139 1905 2193 1972 5,
2248 1910 2526 1969 scribitur
2570 1917 2680 1974 hoc
2722 1926 3068 1984 vocabulum
3102 1949 3206 2003 per
3243 1954 3256 1987 t
3289 1939 3618 1998 etinﬂccti-

1967 1995 2065 2044 tur
2095 1993 2258 2057 Κάνις
2294 1999 2522 2066 Κάνιδος
2561 2028 2574 2059 ι

2036 2133 2278 2245 ξίάστιρον
2331 2159 2386 2214 p.
2427 2146 2554 2205 303.
2603 2151 2677 2207 De
2730 2157 2969 2216 Barbam
3002 2167 3058 2218 et
3103 2166 3307 2224 Tzuila
3355 2172 3613 2245 szcan-

3298 2223 3304 2224 ,
3364 2223 3580 2245 __,-_u

1962 2223 2106 2278 dalae
2141 2229 2211 2282 ab
2246 2231 2589 2301 imperatore
2623 2247 2969 2304 mandatum
3006 2254 3200 2326 refert,
3235 2260 3444 2317 ambos
3475 2264 3613 2336 πρὸς

1962 2314 2153 2336 ,λι-,λη
2257 2317 2269 2332 ,
2479 2323 2490 2336 .
2707 2331 2716 2336 .

3186 2314 3200 2326 ι
3353 2314 3439 2317 ί--
3484 2314 3610 2336 ’1'"

1957 2314 2184 2368 Νικαίαν
2245 2317 2556 2396 ἀπαγαγὼν,
2623 2331 2728 2403 πρὸ
2782 2338 2879 2387 τοῦ
2952 2337 3027 2400 εἷς
3095 2341 3324 2419 κάπρον
3397 2349 3610 2427 εἷσαγα-

3231 2406 3239 2419 ι
3532 2406 3541 2427 ι
3580 2406 3586 2408 Ἴ

1955 2406 2092 2474 γεῖν,
2151 2415 2406 2481 στερῆσαι
2455 2419 2561 2467 τῶν
2619 2417 2941 2495 ὀφθαλμῶν.
3000 2429 3180 2488 Video
3236 2436 3330 2493 hic
3377 2439 3607 2512 κάπρον

1955 2507 2059 2559 pro
2093 2494 2216 2562 ipsa
2241 2501 2381 2555 urbe
2413 2504 2602 2561 Nicaea
2627 2526 2797 2579 posse
2815 2517 2997 2589 accipi
3025 2536 3039 2574 :
3065 2538 3199 2578 nam
3221 2525 3604 2589 Justinianus

1953 2579 2188 2639 Novella
2241 2590 2361 2658 128,
2395 2609 2591 2650 vocem
2635 2598 2866 2675 κάστρον
2915 2623 3302 2682 synonymam
3350 2620 3473 2674 voci
3507 2620 3602 2675 πό·

1953 2664 2041 2731 λις
2087 2672 2310 2730 videtur
2353 2678 2637 2753 indicare,
2673 2689 2811 2746 dum
2864 2697 3071 2753 scribit
3115 2698 3168 2753 ἐν
3198 2709 3316 2764 ταῖς
3365 2706 3595 2764 πόλεσιν

1948 2753 2073 2825 ἤτοι
2121 2761 2395 2837 κάστροις.
2448 2773 2608 2836 Quod
2643 2778 2691 2832 si
2749 2782 3048 2854 recipitur,
3103 2807 3314 2848 sensus
3364 2795 3476 2852 loci
3518 2801 3596 2856 sit

1939 2848 2196 2917 jussisse
2225 2854 2633 2926 imperatorem
2663 2875 2928 2926 excaecari
2956 2875 3324 2938 Barlaamum
3353 2889 3410 2940 et
3427 2888 3593 2943 Tzui-

1946 2935 2063 2991 lam
2109 2939 2168 2993 in
2204 2942 2410 3002 itinere
2464 2952 2807 3025 priusquam
2855 2962 3104 3021 Nicaeam
3159 2969 3468 3031 intrarent.
3521 2980 3591 3034 Et

1945 3033 2086 3080 sunt
2116 3034 2379 3103 exempla
2401 3037 2682 3099 similium
2714 3052 3162 3112 excaecationum
3195 3060 3385 3118 obiter
3415 3067 3588 3122 facta-

1947 3223 2124 3279 prope
2157 3213 2374 3269 fontem
2409 3219 2481 3272 ab
2513 3219 2621 3276 hoc
2653 3239 2792 3280 casu
2825 3229 3037 3288 deinde
3068 3237 3430 3300 nominatum
3457 3245 3585 3320 βρύ-

1947 3314 2018 3320 -.-
2071 3300 2107 3320 n
2137 3319 2141 3320 ν
2209 3297 2227 3320 κ
2322 3302 2333 3320 ¹
2516 3316 2523 3320 ·
2582 3311 2602 3320 ’⁵
2673 3318 2678 3320 -
2758 3318 2764 3320 -

1937 3314 2018 3355 et;
2069 3297 2420 3375 Βασιλακίου,
2468 3316 2533 3364 ut
2578 3311 2686 3368 fert
2739 3318 2906 3375 Anna
2953 3325 3267 3398 Comnena,
3321 3331 3358 3385 l.
3395 3297 3586 3393 t.‘His

1934 3387 2128 3441 tamen
2167 3395 2318 3461 apud
2356 3411 2446 3450 me
2477 3399 2672 3456 obstat
2703 3405 2959 3474 primum
2989 3415 3141 3481 quod
3175 3387 3366 3476 in'illo
3392 3387 3579 3492 justi:

1935 3474 2095 3530 niani
2121 3478 2242 3534 loco
2270 3484 2552 3552 particula
2573 3487 2698 3557 ἤτεο
2726 3511 2838 3550 non
2863 3502 3199 3572 expositive,
3226 3509 3326 3564 sed
3351 3511 3580 3584 disjun-

2938 3565 2947 3569 -
3188 3565 3198 3572 .
3379 3565 3383 3566 κ
3427 3565 3549 3584 νυν-

1934 3565 2082 3620 ctive
2115 3569 2294 3624 videri
2326 3580 2516 3644 potest
2544 3590 2848 3653 usurpata,
2883 3592 2940 3642 et
2969 3590 3052 3645 sic
3084 3598 3440 3656 contrarium
3477 3620 3581 3674 po-

1931 3653 2051 3709 tius
2090 3661 2355 3716 ostendet
2399 3681 2410 3717 :
2465 3684 2673 3740 nempe
2719 3670 2912 3736 πόλεις
2957 3685 3013 3733 et
3058 3680 3261 3757 κάστρα
3316 3653 3577 3749 diversas

1933 3759 2024 3798 res
2057 3763 2204 3803 esse.
2238 3752 2458 3809 Deinde
2491 3760 2670 3826 quod,
2705 3767 3004 3836 utcunque
3037 3770 3182 3828 forte
3227 3776 3480 3836 minores
3518 3787 3577 3837 et

1933 3835 2258 3892 mediocres
2291 3842 2465 3898 urbes
2498 3853 2821 3906 castrorum
2858 3858 3138 3914 vocabulo
3170 3863 3485 3935 designatae
3516 3871 3576 3926 in

1931 3924 2160 3979 terdum
2197 3928 2428 3997 fuerint,
2465 3931 2521 3988 id
2555 3941 2752 3993 tamen
2786 3957 2900 3997 non
2921 3945 3149 4002 videtur
3170 3950 3292 4005 ﬁeri
3312 3956 3579 4023 potuisse

142 3995 308 4052 tioni
369 3998 496 4065 ejus
547 3998 798 4070 originis
828 4017 895 4056 ex
927 4003 1215 4060 vocabulo
1262 4009 1451 4064 cardo.
1488 4016 1626 4068 Nam
1673 4016 1819 4072 hanc

138 4085 322 4140 haud
376 4086 636 4158 ignotam
689 4088 950 4146 declarat
994 4093 1406 4166 Pachymeres,
1466 4100 1504 4154 l.
1558 4119 1612 4168 v,
1663 4121 1711 4159 c.
1761 4109 1815 4162 8.

145 4175 264 4229 ubi
300 4174 373 4229 de
405 4175 759 4248 imperatore
791 4181 1020 4245 scribit,
1065 4182 1162 4237 Καὶ
1199 4187 1400 4258 χρυσὸν
1431 4188 1660 4261 πέμπων
1691 4192 1817 4248 καδ-

151 4261 484 4332 δηναλίοις,
533 4265 844 4344 στρόφιγξιν
879 4269 905 4322 ὁ
935 4268 1147 4341 ’Ἑλλην
1191 4271 1335 4329 εἷ’-λοι
1376 4277 1452 4339 ὡς
1503 4281 1672 4354 θήρας
1727 4281 1817 4338 οὔ·

153 4369 274 4420 σης
304 4356 404 4405 τοῦ
453 4354 666 4411 πάππα.
699 4357 807 4414 Ubi
840 4359 1002 4416 vides
1041 4379 1238 4420 vocem
1287 4368 1532 4425 cardinis
1573 4375 1819 4445 exprimi

157 4442 378 4498 Graeco
404 4445 688 4501 vocabulo
716 4446 1058 4524 στρόφιγγος.

1931 4010 1991 4064 in
2024 4012 2208 4070 Nicaea
2241 4018 2383 4073 urbe
2407 4023 2682 4090 maxima,
2709 4033 2766 4082 et
2791 4046 2936 4098 quae,
2964 4035 3102 4089 dum
3133 4054 3165 4091 a
3186 4041 3409 4097 Latinis
3431 4043 3576 4097 Con-

1931 4101 2347 4173 stantinopolis
2371 4112 2700 4183 tenebatur,
2718 4118 2885 4173 sedes
2908 4120 3220 4181 Orientalis
3243 4127 3576 4188 Graecorum

1931 4188 2160 4261 imperii
2197 4194 2390 4250 fuerit.
2431 4199 2688 4273 Denique
2723 4209 2878 4276 quod
2914 4225 3046 4265 cum
3084 4218 3419 4284 praecedens
3453 4239 3579 4293 par-

1932 4278 2197 4350 ticipium
2234 4282 2551 4360 ἀπαγαγών,
2602 4292 2986 4354 indicativum
3031 4278 3306 4373 prmteriti
3351 4278 3577 4382 tenipo-

1932 4369 2035 4439 ris,
2091 4371 2380 4443 signiticet
2414 4379 2576 4448 prius
2628 4383 2915 4442 abductos
2948 4389 3199 4448 Nicaaam
3254 4397 3402 4453 duos
3441 4399 3574 4458 illos

1934 4474 2109 4528 quam
2144 4473 2594 4536 excaecarentur,
2630 4471 2684 4527 id
2724 4479 2954 4532 tantum
2992 4481 3209 4538 factum
3243 4487 3450 4544 debere
3482 4491 3573 4545 vi-

223 4546 548 4603 Καθοσίωσι
608 4570 664 4624 p.
733 4554 858 4608 284.
921 4557 1314 4622 Καθοσιώσεως
1373 4557 1633 4638 ἔγκλημα
1695 4577 1812 4636 τοῖς

1945 4548 2134 4602 leatur
2180 4551 2427 4626 intelligi
2461 4559 2774 4630 puisquam
2832 4565 2891 4620 in
2939 4585 3130 4625 arcem
3165 4573 3286 4629 sive
3336 4576 3569 4653 κάστρον

138 4637 287 4712 περί
319 4637 412 4691 τὸν
448 4639 901 4716 Φραγγόπουλον.
944 4646 1012 4700 Hi
1061 4653 1316 4706 accusati
1352 4660 1513 4722 sunt,
1550 4665 1611 4713 ut
1663 4663 1816 4718 clare

140 4730 337 4784 docet
367 4735 571 4786 auctor
616 4732 675 4786 in
709 4737 1231 4810 consequentibus,
1285 4746 1710 4815 conjurationis
1754 4755 1813 4810 in

140 4819 607 4889 imperatorem,
632 4839 808 4893 quem
843 4825 1168 4884 interﬁcere
1190 4831 1583 4908 decreverant,
1609 4847 1671 4896 ut
1700 4843 1810 4913 ipsi

131 4906 299 4962 fassi
347 4911 505 4962 sunt.
547 4909 693 4965 Hine
735 4912 1090 4985 intelligitur
1137 4909 1394 4991 ἔγκλημα
1432 4906 1810 4991 καθοοιώσέως

127 4996 265 5052 dici
299 4995 524 5052 crimen
577 4999 726 5055 laesae
759 5004 1116 5074 majestatis,
1149 5013 1207 5062 et
1236 5009 1474 5080 quidem
1519 5015 1573 5069 in
1620 5019 1810 5088 primo

122 5086 364 5158 capite,
412 5093 474 5142 ut
504 5088 695 5146 solent
730 5089 916 5163 loqui.
967 5096 1051 5150 Ad
1085 5095 1194 5153 hoc
1256 5086 1638 5160 indicandum
1681 5109 1809 5165 ideo

121 5177 634 5234 accommodatur
676 5181 1058 5245 καθοσιώσεως
1085 5189 1462 5263 vocabulum,
1503 5196 1639 5266 quia
1679 5200 1809 5256 vitae

116 5283 534 5340 personaeque
566 5269 901 5342 principum
928 5291 1018 5330 res
1047 5293 1225 5333 sacrae
1248 5287 1407 5350 sunt,
1428 5301 1574 5355 quas
1594 5287 1808 5346 violare

122 5357 532 5428 sacrilegium
553 5359 811 5417 immane
832 5362 930 5418 sit.
954 5364 1118 5421 Unde
1137 5371 1359 5440 passim
1386 5376 1678 5446 majestati
1704 5381 1808 5435 im-

119 5450 485 5519 peratorum
519 5449 828 5520 copulatur
871 5455 1222 5523 adjunctum
1259 5477 1474 5532 sacrae;
1511 5470 1568 5520 et
1604 5484 1803 5526 corum

199 5625 285 5698 (1)
316 5625 404 5682 Cf.
442 5623 702 5685 Glossar.
739 5628 904 5688 alter.
940 5648 993 5689 ν.
1029 5633 1214 5702 Κᾶνις.

420 5747 686 5813 Ρλτηοι..
735 5750 848 5813 Gn.
894 5750 1154 5819 CXLIII.

1927 4635 2216 4700 perpetuen
2240 4637 2516 4692 custodiae
2539 4640 2798 4710 ipsorum
2822 4646 3181 4707 destinatum
3208 4635 3573 4716 includeren-

1924 4721 2039 4772 tur.
2078 4725 2248 4775 Docet
2279 4729 2472 4780 autem
2499 4732 2867 4802 Noster§alibi
2891 4736 3092 4793 NiCEBEB
3117 4742 3299 4800 fuisse
3322 4746 3379 4800 in
3416 4748 3570 4805 hunc

1926 4823 2096 4864 usum
2125 4811 2427 4869 castellum
2455 4822 2788 4876 contravim
2818 4827 3134 4895 munitum,
3162 4830 3313 4904 quod
3335 4837 3432 4905 qui
3455 4839 3567 4894 sub

1923 4897 2128 4958 issent.
2185 4918 2380 4958 eorum
2429 4905 2501 4959 de
2551 4907 2897 4969 liberatione
2945 4918 3029 4971 vel
3083 4924 3320 4978 verbum
3377 4927 3566 4985 dicere

1921 4988 2166 5058 capitale
2199 4991 2365 5059 foret,
2421 4996 2576 5051 unde
2609 4996 2794 5070 εἱρκτὴ
2831 4999 3008 5071 λήθης
3042 5025 3232 5067 carcer
3271 5015 3568 5072 oblivionis

1918 5077 2336 5146 voeabatur,ad
2375 5099 2549 5155 quem
2587 5105 2778 5145 vocem
2815 5109 2943 5162 quae
2977 5102 3388 5160 annotavimus
3419 5106 3568 5175 vide,

1920 5165 1969 5220 si
2001 5168 2145 5221 tanti
2176 5175 2264 5225 est
2295 5172 2386 5242 (2).

1991 5290 2168 5346 Κὲλλα
2226 5314 2282 5368 p.
2316 5297 2441 5353 245.
2475 5301 2709 5390 Ἐκεῖνος
2768 5307 2820 5378 (ὁ
2851 5309 3220 5389 πατριάρχης)
3283 5317 3557 5390 Ἀρσένιος

1918 5377 2070 5443 εὐθὺς
2119 5385 2216 5452 τήν
2267 5384 2469 5441 κέλλαν
2539 5389 2932 5466 ὑποδυόμενος.
2986 5401 3139 5459 Cella
3206 5421 3335 5476 ergo
3395 5408 3558 5461 cubi-

1916 5472 2113 5528 culum
2149 5476 2364 5533 dicitur
2394 5498 2509 5536 non
2545 5486 2971 5546 monachorum
3007 5493 3222 5564 solum,
3247 5497 3347 5552 sed
3365 5501 3422 5553 et
3445 5496 3557 5553 alie

1988 5653 2061 5726 (2)
2093 5652 2154 5710 Cl
2186 5654 2442 5714 Glossar.
2477 5658 2642 5717 alter.
2675 5679 2727 5720 ν.
2759 5665 3003 5742 Κάστρον

3188 5793 3266 5852 33
