3978 6182
397 233 535 290 135

1463 219 1524 269 Ρ.
1565 215 1841 270 POSSlNl
1880 213 2500 273 OBSERVATIONUM
2541 219 2674 272 LlB.
2719 219 2764 275 ῐ.

3623 230 3724 290 1036

391 381 524 425 rum
560 377 573 416 :
603 372 739 414 nam
770 346 1106 425 patriarcha
1152 347 1292 399 tunc
1326 358 1438 398 non
1483 341 1715 396 videtur
1744 339 1802 394 in
1837 353 2048 394 mona‘
2079 345 2132 411 Α
2157 340 2423 410 jucunde
2472 342 2767 404 audirent.
2822 345 2907 400 Ad
2963 345 3277 404 blanditias
3325 348 3656 411 titillationem
3688 365 3729 415 et

416 452 571 507 .terio
605 445 804 501 fuisse.

416 497 418 500 .
518 472 533 506 1
647 472 804 498 ιιδξῠ.

393 472 795 608 ἓῐῗὶΐεῖλὲδριον
821 547 877 603 p.
913 529 1035 583 270.
1062 525 1329 582 Collatum
1375 521 1540 578 verti.
1581 521 1684 576 Est
1711 513 2039 591 κελλόὸριον

391 622 807 703 ὑποκοριστικόν
869 621 926 676 in
981 618 1153 673 tertio
1197 613 1610 671 diminutionis
1654 612 1857 683 gradu.
1892 609 2041 703 Puto

385 698 582 776 autem
616 709 938 785 signiﬁcari
983 705 1268 762 sacellum
1319 701 1414 758 cui
1447 702 1725 772 adjuncta
1755 702 1912 754 esset
1942 698 2040 752 do-

388 805 686 863 muneula.
722 802 781 858 Id
835 798 1046 854 suadet
1099 793 1318 850 mentio
1348 796 1405 846 8.
1456 788 1700 856 Nicolai,
1725 789 1817 844 cui
1850 787 2044 841 dicata

385 895 653 952 videlicet
695 893 852 946 esset
901 884 1161 942 aedicula.
1215 884 1362 939 Nota
1388 885 1477 936 est
1518 896 1586 934 ex
1615 875 2041 934 vetustissimis

389 982 775 1057 scriptoribus
805 979 964 1033 cella?
994 973 1304 1046 usurpatio
1339 987 1442 1045 pro
1474 973 1598 1025 loco
1632 966 1902 1039 religioso
1936 981 2041 1018 cu-

384 1076 648 1147 juspiam
682 1068 864 1127 cultui
899 1066 1108 1121 dicato.

466 1176 667 1238 Κελτοί
701 1195 758 1249 p.
787 1175 911 1230 486.
944 1171 1108 1227 Unde
1134 1171 1334 1224 essent
1361 1165 1418 1221 hi
1455 1165 1554 1236 qui
1588 1164 1737 1220 εειίί
1767 1162 2046 1218 vocaban-

395 1281 492 1328 tur
522 1261 1049 1333 Constantinopoli,
1082 1259 1251 1313 docet
1276 1255 1596 1311 Vaticanus
1631 1252 2046 1326 paraphrastcs

397 1363 554 1417 hunc
613 1357 806 1412 locum
857 1352 940 1407 sic
983 1348 1360 1420 eXprimcns:
1411 1345 1563 1401 572
1609 1340 1708 1394 Τὸν
1755 1338 1812 1394 δὲ
1873 1338 2043 1396 Κότυν

395 1453 514 1510 τοῖς
561 1443 898 1522 ,Αλαμάνοις
944 1436 1072 1500 δοὺς
1113 1431 1490 1508 κρεμαννῦειν,
1545 1437 1656 1489 otc.
1712 1433 1857 1503 Ergo
1907 1429 2050 1486 Celti

401 1535 742 1609 Pachymeri
771 1532 1046 1587 dicuntur
1075 1523 1408 1582 Alamanni.

472 1643 640 1716 Κέρας
688 1660 739 1713 p.
801 1639 928 1693 524.
985 1633 1127 1688 Κατὰ
1178 1632 1269 1686 τὸν
1318 1630 1513 1702 λιμὲνα
1564 1628 1625 1682 τὸ
1685 1628 1856 1702 Κέρας
1911 1626 2046 1684 ἀπο-

403 1730 591 1795 ϐάντες
647 1726 803 1798 νηός.
859 1726 994 1798 Agit
1043 1725 1115 1779 de
1171 1723 1397 1779 Joanne
1449 1721 1730 1775 Lazorum
1793 1719 2018 1790 princip

405 1815 971 1889 Constantinopolim
1012 1811 1340 1884 appellente
1394 1810 1464 1864 ad
1505 1813 1739 1880 portum
1773 1807 1934 1862 Ceras
1966 1807 2053 1862 di-

407 1922 588 1971 ctum.
650 1905 865 1963 Κόλπον
914 1906 1112 1960 sinum
1161 1901 1418 1974 appellat
1462 1901 1780 1970 Procopus,
1816 1900 1852 1954 Ι.
1904 1916 1922 1953 1
1983 1899 2058 1953 De

407 2000 684 2072 aediﬁciis,
717 2015 768 2054 ο.
801 1999 857 2061 5,
889 1993 1173 2066 originem
1221 1992 1398 2046 etiam
1433 1988 1689 2044 nominis
1739 1989 2009 2043 indicans
2038 2007 2052 2054 ;

407 2090 574 2164 Ἀμσὶ
628 2087 718 2142 τὸν
774 2081 1006 2152 κόλπον,
1065 2083 1165 2147 ait,
1225 2079 1358 2152 ὅπερ
1417 2078 1590 2151 Κέρας
1651 2076 1704 2128 oi.
1761 2074 2057 2164 ἐπιχώριοι

315 2199 322 2218 ί
409 2178 680 2255 Κεροέσοῃ
735 2177 802 2247 τῇ
849 2171 1120 2240 Βύζαντος
1177 2166 1344 2240 μητρὶ
1401 2170 1498 2221 τοῦ
1553 2167 1652 2234 τῆς
1703 2164 1921 2225 πόλεως
1975 2163 2062 2218 οἷ-

408 2271 597 2324 κιστοῦ
661 2261 968 2334 ἐπωνύμως
1005 2255 1227 2318 καλοῦς.
1301 2262 1420 2312 Hoc
1471 2261 1560 2311 est
1604 2272 1672 2310 ex
1723 2273 1873 2310 nova
1929 2272 2060 2310 vcr-

411 2362 577 2416 sione
609 2355 832 2411 Claudii
879 2350 1178 2407 Maltreti:
1231 2350 1400 2404 Circa
1428 2349 1618 2402 sinum
1660 2349 1727 2402 ab
1780 2347 2060 2415 indigenis

411 2450 615 2502 dictum
644 2450 839 2507 Ceras,
871 2440 937 2495 de
981 2439 1204 2494 nomine
1232 2439 1492 2492 tleroessae
1550 2442 1748 2491 matris
1794 2437 2064 2507 Byzantia

413 2535 510 2609 qui
541 2535 736 2589 urbem
765 2527 1036 2585 condidit.

485 2627 570 2695 (P.
613 2622 738 2691 393)
797 2615 1055 2672 Κλὲπτειν
1113 2634 1168 2687 p.
1225 2614 1350 2670 352.
1408 2617 1566 2669 Inter
1622 2615 1829 2670 sordes
1887 2613 2064 2670 cratis

416 2713 632 2770 Serbiaa
657 2711 926 2764 numerat
943 2704 1211 2759 illantum
1237 2706 1294 2757 et
1311 2700 1762 2756 tumultuarium
1780 2701 2060 2770 cibatum,

417 2801 581 2857 nulla
602 2796 892 2854 munditie
917 2809 1280 2859 mensarum,
1313 2791 1472 2846 nullo
1503 2791 1708 2846 ordine
1727 2791 2062 2846 ministerii:

416 2889 644 2946 cunctis
679 2903 780 2958 pro
819 2901 880 2940 se
909 2897 1144 2955 quoque
1194 2881 1470 2935 aviditate
1519 2883 1838 2947 venatoria,
1891 2881 2064 2950 quid-

416 2980 555 3052 quid
585 2975 754 3050 quasi
786 2973 987 3030 furtim
1028 2971 1417 3040 arripuerunt,
1469 2969 1823 3024 verentibus.
1862 2969 2063 3025 Talem

417 3069 736 3141 quamdam
782 3066 1028 3120 subesse
1080 3059 1366 3131 intelliget
1397 3059 1693 3114 notionem
1724 3060 1896 3114 verbo
1927 3058 2060 3112 κΑὲ-

415 3178 566 3213 πτειν
617 3159 727 3212 hoc
775 3156 901 3211 loco
943 3154 1152 3224 posito,
1199 3151 1250 3207 si
1281 3150 1417 3221 quis
1468 3155 1722 3205 mentem
1763 3151 2068 3205 sententiae

419 3245 796 3319 perspexerit.

488 3332 767 3404 Κλίμακες
802 3347 857 3402 p.
917 3330 1041 3384 411.
1091 3327 1216 3382 Non
1275 3326 1536 3381 dubitavi
1593 3328 1802 3382 Latine
1847 3333 2068 3385 vertere

417 3426 592 3478 scalas
638 3422 935 3490 equestres,
986 3417 1096 3471 hoc
1144 3419 1257 3480 est,
1317 3431 1384 3469 ex
1433 3431 1720 3485 equorum
1772 3417 2068 3487 ephippiis

419 3511 696 3580 utrinque
718 3505 1028 3579 pendulas,
1049 3503 1364 3558 vecentiori
1397 3502 1699 3574 equitandi
1730 3505 2064 3576 disciplina.

419 3606 561 3656 Nam
595 3597 849 3654 heroicis
881 3594 1244 3665 temporibus
1275 3591 1505 3647 Gre-ciae
1550 3592 1812 3664 Latiique
1844 3594 2067 3652 instru-

423 3693 686 3745 mentum
709 3686 864 3741 istud
895 3701 1010 3755 quo
1039 3684 1215 3754 pedes
1235 3681 1633 3751 equitantium
1665 3684 2063 3758 sustinentur,

421 3796 530 3836 usu
565 3780 854 3850 ignotum,
887 3788 1099 3828 nomen
1140 3788 1254 3826 non
1287 3769 1516 3828 habuit.
1575 3771 1813 3828 Postera
1839 3779 1980 3829 aetas
2011 3781 2069 3831 et

420 3887 542 3926 rem
570 3875 627 3923 et
657 3862 1005 3920 vocabulum
1038 3859 1278 3916 invenit.
1310 3860 1524 3914 Graecis
1565 3860 1800 3930 quidem
1833 3862 2064 3919 citerio-

419 3960 502 4014 ris
532 3957 635 4012 αινὶ
679 3955 737 4009 id
795 3945 1099 4010 ἀναϐολεύς
1149 3949 1372 4005 dictum
1431 3955 1539 4018 est,
1602 3949 1821 4006 Latinis
1881 3953 2061 4008 scala.

418 4047 736 4115 Utriusque
767 4041 934 4097 testis
964 4039 1193 4107 Suidas,
1225 4030 1454 4093 Ἀναϐο)
1469 4035 1554 4098 εὺς
1597 4033 1674 4106 δὲ,
1705 4039 2001 4112 inquiens,
2025 4043 2059 4111 ἡ

412 4134 560 4205 παρὰ
588 4129 881 4202 Ῥωμαίοις
933 4125 1204 4201 λόγομὲνη
1260 4123 1453 4180 σκάλα.
1483 4127 1564 4181 Ex
1612 4143 1725 4197 quo
1779 4131 2060 4187 vocabulo

411 4240 552 4280 suas
584 4221 678 4276 hic
727 4217 1003 4290 κλίμακας
1052 4217 1439 4288 Pachymercs
1490 4218 1687 4271 traxit.
1741 4218 1852 4274 Res
1901 4222 2058 4276 enim

408 4313 624 4366 clamat
664 4308 794 4380 ipsa
849 4324 1018 4379 agere
1047 4306 1212 4361 illum
1262 4308 1333 4360 de
1381 4306 1725 4377 stapedibus
1772 4308 1891 4364 sive
1939 4316 2059 4366 sta-

407 4400 572 4471 pedis
605 4403 708 4454 aut
755 4395 980 4467 stapiis,
1014 4412 1162 4467 quas
1193 4393 1427 4451 subices
1480 4396 1772 4465 pedaneos
1798 4398 2049 4455 Budaeus

403 4490 569 4545 dixit.
617 4489 732 4557 Ego
781 4485 950 4540 scalae
1003 4501 1236 4551 nomen,
1286 4484 1618 4540 testimonio
1670 4487 1861 4542 Suidas
1911 4496 2046 4545 ante

405 4579 592 4634 multa
614 4579 738 4648 jam
771 4575 986 4631 saecula
1014 4576 1072 4629 in
1096 4575 1205 4628 hac
1237 4575 1470 4629 notione
1493 4575 1716 4631 Latinis
1740 4578 2044 4650 usitatum,

401 4665 654 4740 κλίμαξιν
689 4665 1160 4736 Pachymerianis
1207 4665 1525 4735 rependere
1573 4665 1768 4721 debui.
1804 4668 1906 4724 Est
1942 4687 2046 4724 au-

398 4763 513 4814 tem
558 4757 704 4812 ratio
753 4755 812 4810 in
865 4758 1135 4826 promptu
1171 4770 1274 4807 cur
1322 4754 1512 4824 stapia
1557 4755 1716 4810 scala
1759 4756 1914 4813 dicta
1943 4760 2041 4830 sit,

395 4846 552 4916 quod
601 4843 868 4899 videlicet
917 4841 1282 4898 inscendenti
1331 4847 1550 4913 equu‘m
1593 4841 1815 4899 homini
1875 4847 2042 4904 scalae

392 4936 576 4991 vicem
611 4937 868 5004 praestet.

463 5022 742 5090 Κνώμενοι
775 5039 830 5094 p.
893 5021 1017 5076 368.
1077 5023 1267 5094 Πτερῷ
1316 5017 1379 5073 τὸ
1434 5023 1530 5073 τοῦ
1577 5016 1766 5096 λόγου,
1814 5022 1880 5077 τὰ
1929 5025 2042 5082 ὦτα

384 5112 687 5186 κνωμένοις
735 5110 1236 5185 ἐῴκεσανηΕναιη,
1268 5113 1483 5181 inquit,
1533 5115 1863 5181 patriarcha
1903 5126 1959 5173 et
1987 5121 2040 5174 ei

386 5209 730 5265 assistentes
762 5205 1042 5278 episcopi,
1078 5205 1144 5258 ad
1200 5202 1558 5257 mentionem
1593 5201 1738 5271 ipsis
1777 5211 2038 5264 reconci-

385 5298 644 5352 liationis
676 5314 808 5351 cum
842 5296 1046 5350 Latina
1097 5290 1353 5345 Ecclesia
1404 5291 1641 5357 factum,
1677 5291 1903 5350 similes
1963 5299 2036 5356 iis

379 5386 596 5455 quibus
629 5384 892 5440 auricula
928 5398 1130 5453 pennae
1163 5378 1391 5432 atl‘rictu
1435 5375 1549 5430 leni
1579 5378 1908 5450 stringitur,
1951 5394 2031 5443 et-

377 5475 423 5528 si
462 5491 658 5527 revera
692 5474 746 5526 id
779 5471 967 5526 obiter
989 5473 1046 5523 et
1088 5464 1502 5537 perfunctorie,
1554 5481 1670 5520 non
1721 5471 1937 5541 autem,
1975 5483 2034 5534 ut

369 5561 553 5615 videri
590 5556 1289 5630 volebant,gratiﬁcantcs
1330 5554 1947 5628 i;nperatori,libcnter
1975 5573 2032 5624 et

2154 428 2531 503 γαργαλισμόν
2566 432 2767 489 referri
2798 434 3247 505 proverbialiter
3277 455 3310 492 a
3349 442 3600 498 veteribus
3625 447 3726 501 stri-

2157 522 2385 573 cturam
2419 521 2816 578 auricularum
2851 524 3078 580 affricta
3113 527 3384 598 pinnulae,
3407 531 3726 591 demonstrare

2157 609 2486 665 accuratius
2520 612 2699 666 debeo
2734 617 2973 684 propter
3016 631 3255 670 causam
3305 633 3466 689 quam
3496 637 3603 677 mox
3620 625 3728 680 rele-

2156 713 2305 752 ram.
2360 698 2655 757 Lucianus
2699 700 2852 757 libro
2885 700 3017 775 Περὶ
3074 700 3352 777 ὀρχήσεως
3398 725 3499 764 non
3539 710 3673 784 longe
3701 731 3724 768 ει

2159 787 2448 860 principio
2495 790 2793 846 Cratinum
2844 792 3077 848 inducit
3125 805 3527 854 successentem
3570 801 3728 873 Lycino

2159 877 2312 947 quod
2347 879 2575 934 sederet
2611 881 2667 935 in
2700 882 2952 936 Theatro
2987 888 3255 952 spectans
3287 885 3546 944 saltantes
3572 897 3615 945 ct
3635 908 3730 948 cum

2156 965 2455 1037 voluptate
2487 969 2735 1024 audiens
2767 970 3050 1026 tibiarum
3106 978 3314 1028 cantus
3345 979 3399 1028 et
3442 977 3662 1033 mollium
3685 997 3731 1035 ao

2156 1053 2509 1112 lascivorum
2555 1059 2886 1114 carminum
2940 1076 3166 1117 sonos:
3223 1063 3452 1133 Κάοησαι
3498 1063 3733 1120 καταυλοῦ.

2163 1161 2322 1215 μενος
2356 1141 2657 1219 θηλυδρίαν
2687 1143 2971 1220 ἄνθρωπον
3006 1147 3149 1222 ὁρῶν
3187 1147 3367 1220 ἐσθῆσι
3403 1149 3636 1224 μαλακαῖς
3671 1154 3734 1208 καὶ

2158 1228 2389 1304 ᾅσμασιν
2447 1233 2775 1298 ἀκολάστοις
2821 1231 3276 1312 ἐναϐρυνόμενον,
3324 1240 3410 1294 καὶ
3466 1241 3732 1316 μιμοῦμενον

2159 1320 2393 1395 ἐρωτικᾶ
2444 1325 2594 1383 573
2645 1324 2841 1400 γύναια
2888 1331 2997 1382 τῶν
3048 1327 3244 1399 πάλαι,
3300 1329 3390 1392 τὰς
3451 1330 3731 1407 μαχλοτάτας

2160 1408 2402 1488 Φαίδρας
2461 1413 2550 1467 καὶ
2610 1415 2960 1489 Παρθενόπας
3014 1417 3107 1471 καὶ
3154 1416 3415 1483 Ῥοδόπας
3465 1421 3627 1491 τινὰς,
3669 1423 3734 1477 καὶ

2155 1504 2324 1556 ταῦτα
2379 1505 2554 1558 πάντα
2623 1505 2725 1559 ὑπὸ
2801 1505 3108 1580 κρούσμασι
3183 1508 3272 1562 καὶ
3331 1510 3633 1586 τερετίσμασι
3671 1511 3738 1566 καὶ

2159 1588 2338 1646 ποδῶν
2356 1593 2568 1666 κτύπῳ,
2585 1597 2867 1652 etc.Tum
2900 1598 3073 1669 paulo
3102 1605 3265 1671 post:
3288 1600 3514 1671 Κάθησαι
3540 1602 3596 1655 τὶ
3619 1601 3742 1674 ὅμοια

2025 1734 2053 1772 e
2080 1699 2130 1765 B
2164 1692 2448 1745 πεπονθὼς
2472 1688 2589 1745 τοῖς
2639 1685 2707 1738 τὰ
2736 1685 2848 1738 ὦτοι
2895 1689 3080 1760 πτερῷ
3124 1689 3436 1762 κνωμένοις.
3482 1692 3551 1746 Ex
3577 1693 3742 1764 quibus

2165 1774 2474 1831 manifeste
2504 1779 2665 1846 patet
2699 1793 2713 1831 :
2750 1777 2954 1833 audire
2986 1795 3118 1835 cum
3154 1780 3445 1852 voluptate
3490 1783 3744 1839 cantilenas

2166 1867 2223 1919 et
2258 1880 2637 1920 numerosum
2692 1866 3000 1938 strepitum
3052 1867 3418 1937 saltantium,
3475 1873 3743 1943 ceterisque

2169 1952 2402 2008 aurium
2438 1953 2662 2008 deliciis
2696 1955 2872 2022 afﬁci,
2907 1974 2940 2011 a
2971 1956 3228 2014 Luciano
3277 1959 3388 2014 dici
3433 1961 3542 2031 pati
3572 1977 3668 2015 rem
3692 1961 3744 2014 si-

2172 2040 2367 2096 milem
2402 2041 2474 2096 iis
2508 2043 2726 2115 quibus
2759 2044 3036 2102 auriculae
3070 2063 3267 2118 penna
3303 2048 3744 2120 strigantur.Con-

2173 2129 2440 2186 ﬁrmatur
2469 2133 2522 2186 id
2555 2133 2746 2205 ipsum
2781 2135 3110 2192 evidentius
3139 2153 3210 2192 ex
3261 2137 3371 2193 alio
3412 2138 3638 2208 ejusdem
3665 2137 3744 2192 Lu-

2172 2218 2321 2274 ciani
2354 2219 2500 2291 loco,
2535 2221 2594 2276 in
2626 2221 2777 2278 libro
2809 2222 2939 2297 Περὶ
2973 2218 3244 2293 διαϐολῆς
3278 2229 3352 2283 De
3380 2228 3650 2296 calumnia,
3674 2227 3743 2281 ubi

2173 2311 2252 2364 ait
2289 2325 2301 2363 :
2335 2305 2464 2363 Οἶδα
2510 2313 2637 2384 γοῦν
2669 2331 2818 2373 τινας
2854 2311 3026 2374 οῧτως
3093 2310 3276 2382 ἡδέως
3324 2314 3748 2391 γαργαλιζομένους

2170 2397 2239 2452 τὰ
2296 2397 2407 2451 ὦτα
2482 2397 2586 2451 ὑπὸ
2652 2403 2758 2452 τῶν
2839 2395 3113 2455 διαϐολῶν
3178 2403 3359 2479 ὥσπερ
3416 2403 3532 2466 τοὺς
3584 2409 3749 2479 πτεροῖς

2173 2487 2508 2559 κνωμένους.
2545 2488 2666 2545 Scio
2698 2490 2871 2561 igitur
2916 2493 3194 2564 quosdam
3240 2499 3358 2550 tam
3398 2497 3623 2551 suaviter
3643 2495 3746 2549 deli-

2173 2580 2293 2632 niri
2321 2577 2512 2634 solitos
2534 2578 2729 2634 auditu.
2750 2581 3256 2652 calumniarum,ul
3277 2585 3322 2640 ii
3341 2586 3526 2657 quibus
3543 2585 3754 2640 auriculae

2171 2685 2354 2739 penna
2383 2671 2755 2739 stringuntur.
2798 2675 2930 2725 Haec
2980 2673 3282 2730 afferenda
3331 2675 3635 2730 testimonia
3665 2675 3752 2727 fue-

2175 2763 2333 2812 runt.
2372 2762 2433 2813 ut
2463 2757 3003 2830 interpretationem
3030 2761 3215 2833 hujus
3259 2764 3647 2820 Pachimeriani
3671 2761 3753 2817 loci

2177 2852 2441 2902 nostram
2476 2852 2778 2904 tueremur
2802 2851 3084 2907 adversus
3117 2855 3470 2909 contrariam
3500 2853 3544 2909 ei
3571 2858 3750 2908 senten-

2175 2935 2311 2991 tiam
2341 2937 2739 3010 paraphrastae
2777 2940 3064 3011 Vaticani,
3095 2942 3195 3012 qui
3250 2960 3353 3015 pro
3383 2941 3472 2998 bis
3501 2960 3610 3016 quis
3637 2940 3749 3014 apud

2091 3066 2134 3132 Ο
2180 3029 2441 3080 uestrum
2473 3029 2848 3083 auctoremin
2899 3029 3130 3085 duobus
3182 3033 3421 3104 optimis
3453 3031 3750 3088 codicibusB

2178 3119 2234 3169 et
2266 3120 2306 3167 Α
2353 3113 2633 3187 leguntur
2680 3118 2750 3172 de
2795 3117 3126 3190 patriarcha
3175 3125 3234 3176 et
3275 3122 3534 3178 Patribus
3575 3120 3748 3195 synodi,

2177 3203 2385 3277 [1τερῷ,
2431 3203 2492 3257 τὸ
2547 3207 2643 3257 τοῦ
2692 3201 2884 3280 λόγου,
2929 3207 2996 3263 τὰ
3047 3205 3160 3262 ὦτα
3213 3211 3510 3284 κνωμένοις
3554 3209 3750 3283 ἐῴκεσαν,

2174 3294 2258 3348 sic
2304 3294 2495 3349 reddit
2529 3311 2540 3351 :
2574 3292 2640 3351 Οἱ
2698 3292 2756 3349 ὗὲ
2815 3293 2931 3351 οὔδ’
2989 3294 3177 3375 ἄκροις
3249 3299 3348 3355 ὠσὶ
3410 3299 3595 3354 ἀκοῦσα
3642 3298 3752 3368 ἦνεῖ-

2173 3401 2363 3457 χοντο.
2397 3383 2499 3438 ιιιί
2527 3394 2710 3441 autem
2738 3403 2806 3442 ne
2834 3391 3064 3444 summis
3103 3391 3324 3462 quidem
3353 3391 3570 3447 auribus
3609 3389 3754 3444 audire

2171 3473 2533 3529 sustinebant.
2595 3474 2906 3548 Perperam
2960 3480 3225 3549 omnino,
3266 3486 3329 3538 ut
3378 3499 3524 3554 saepe
3559 3480 3692 3551 alias,
3717 3483 3754 3533 et

2174 3567 2376 3618 contra
2408 3564 2663 3622 aucturis
2695 3572 2950 3622 mentem
3003 3567 3234 3640 locique
3295 3571 3634 3636 sententiam,
3661 3585 3755 3640 que

2171 3651 2343 3723 plane
2375 3653 2554 3724 exigit
2606 3655 2698 3710 hic
2749 3656 2998 3728 intelligi
3041 3659 3438 3730 patriarcbam
3487 3665 3538 3716 et
3582 3659 3753 3730 episco-

2171 3759 2298 3813 Ροεν
2327 3743 2410 3812 (Ρο
2435 3744 2562 3810 394)
2594 3749 2658 3799 ut
2689 3746 3029 3816 imperatori
3063 3750 3553 3819 gratiﬁcarentur,
3582 3749 3659 3805 cui
3683 3749 3756 3802 oli-

2171 3830 2377 3887 sistere
2435 3849 2549 3888 non
2607 3840 2894 3906 poterant,
2946 3837 3265 3896 simulasse
3328 3840 3565 3895 libenter
3603 3837 3754 3893 audire

2170 3921 2324 3991 quod
2359 3923 2408 3977 is
2440 3924 2802 3995 preponebat
2824 3927 2892 3981 de
2925 3925 3181 3984 ineunda
3213 3946 3347 3985 cum
3409 3928 3607 3986 Latinis
3635 3942 3752 3999 pace,

2169 4026 2301 4064 cum
2337 4027 2530 4066 revera
2561 4011 2720 4069 intus
2752 4013 2808 4068 in
2840 4014 3037 4070 animo
3069 4017 3122 4072 id
3149 4029 3555 4075 aversarentur
3577 4021 3625 4070 et
3651 4031 3752 4069 non-

2170 4097 2279 4152 nisi
2306 4101 2701 4170 perfunctorie
2729 4103 3304 4169 audirent,intimum
3325 4113 3381 4162 et
3409 4123 3593 4163 verum
3619 4100 3754 4159 animi

2165 4203 2406 4242 sensum
2441 4190 2762 4260 exprimere
2794 4209 2909 4247 non
2952 4197 3257 4265 audentes,
3313 4213 3420 4252 nec
3450 4198 3582 4251 adeo
3608 4193 3654 4248 id
3681 4207 3754 4246 ne-

2164 4277 2485 4332 cessarium
2537 4284 2834 4350 putantes,
2869 4284 3022 4354 quod
3070 4284 3439 4342 conﬁderent
3469 4302 3576 4340 rem
3607 4284 3665 4339 ad
3684 4297 3753 4336 ex-

2163 4371 2415 4422 tremum
2452 4384 2729 4426 successu
2756 4372 3096 4430 carituram.
3127 4374 3235 4430 His
3265 4393 3335 4431 ex
3365 4377 3644 4432 occasione
3681 4370 3753 4425 ad-

2083 4447 2403 4529 Djungam
2459 4459 2653 4515 locum
2712 4462 2760 4517 ΙΙ
2821 4463 2890 4517 ad
2921 4463 3072 4518 Tim.
3131 4481 3209 4535 ιν,
3243 4465 3301 4536 3,
3358 4466 3456 4521 ubi
3497 4465 3558 4519 ﬁt
3584 4459 3751 4518 mentio

2156 4546 2463 4602 hominum
2491 4550 2841 4620 κνηθομένων
2873 4552 2972 4619 τὴν
2995 4551 3187 4622 ἀκοήν,
3221 4553 3333 4610 hoc
3365 4561 3474 4624 est,
3511 4560 3571 4609 ut
3598 4551 3752 4621 vulga-

2156 4640 2252 4691 tus
2281 4636 2577 4707 eleganter
2603 4639 2796 4705 vertit,
2843 4643 3224 4712 prurientium
3271 4645 3523 4712 auribus,
3554 4635 3749 4694 ἰσοδυνα-

2158 4727 2274 4796 μεῖν
2328 4725 2465 4780 huic
2515 4733 2785 4784 enarrato
2833 4729 2942 4786 hoc
2993 4730 3116 4788 loco
3162 4733 3429 4788 formulis
3495 4749 3556 4787 ex
3600 4732 3751 4785 niente

2155 4815 2438 4887 Hesyeliii.
2485 4817 2628 4872 Nam
2683 4819 2732 4874 is
2777 4819 2877 4875 ubi
2926 4820 3294 4892 exposuisset
3348 4820 3655 4894 κνηθόμενοι
3679 4815 3752 4881 τήν

2154 4902 2343 4974 ἀκοήν,
2383 4922 2483 4978 per
2520 4905 2642 4962 haec
2674 4909 2884 4964 verba:
2939 4907 3241 4979 Ζητοῦντές
3295 4931 3348 4965 τι
3407 4911 3615 4966 ἀκοῦσαι
3663 4901 3750 4964 καθ’

2151 4990 2379 5067 ἡδονήν,
2448 5003 2746 5068 quaerentes
2803 5000 3022 5072 aliquid
3078 5002 3277 5057 audire
3327 5005 3397 5057 ad
3467 5001 3748 5072 voluptatem

2151 5093 2350 5160 postea
2370 5089 2638 5161 κνώμενοι
2662 5092 3082 5164 interpretatur
3105 5095 3476 5166 equivalenti
3518 5083 3751 5150 vocabulo

2148 5177 2500 5250 κνηθόμενοι.

2217 5301 2424 5358 Κόκκοι
2461 5323 2514 5376 p.
2550 5307 2674 5360 489.
2720 5311 2876 5371 Quos
2905 5308 3064 5362 dicat
3111 5307 3203 5365 hic
3258 5309 3633 5382 Pachymeres
3655 5303 3753 5358 Coc-

2144 5410 2233 5448 co:
2283 5396 2620 5463 monachos,
2674 5396 2992 5451 Vaticanus
3036 5397 3164 5467 ipse
3212 5400 3444 5454 videtur
3491 5398 3746 5466 ignorasse

2144 5484 2556 5553 paraphrastes
2591 5503 2605 5539 :
2641 5504 2774 5541 nam
2810 5487 2920 5541 hoc
2951 5487 3190 5542 verbum
3213 5488 3415 5543 omisit
3448 5505 3460 5541 :
3498 5493 3555 5540 ut
3581 5490 3748 5537 caetera

2141 5573 2260 5628 fere
2307 5589 2436 5643 qua
2498 5591 2610 5630 non
2661 5574 2941 5648 intelligit
2989 5576 3280 5632 transilire
3341 5572 3650 5634 consuevit.
3682 5563 3743 5621 Ne
