3968 6202
188 244 324 302 1037

1667 247 2146 304 GLOSSARIUM.

3481 259 3626 319 1038

187 369 497 445 proprium
531 369 589 425 id
626 385 837 426 nomen
869 372 1097 441 putem,
1131 368 1330 425 obstat
1362 385 1684 426 numerus:
1717 387 1852 425 nam

2006 371 2261 446 ualoqui
2293 373 2398 428 ἀπὸ
2443 373 2659 440 κοιλίας
2706 377 2924 453 φωνεῖν,
2978 380 3351 452 proverbiali,
3393 381 3628 456 opinor,

181 479 305 534 quae
338 461 491 516 ratio
535 459 758 531 patitur
804 463 869 514 ut
902 458 1074 514 multi
1106 459 1346 515 nomine
1380 477 1496 515 uno
1528 458 1686 515 velut
1717 477 1849 531 pro-

184 551 311 624 prio
344 550 468 606 sint
493 549 618 606 usi?
649 567 721 604 an
758 549 1077 622 peculiaris
1123 550 1393 621 quaedam
1430 549 1852 605 monachorum

184 639 474 696 eoladilas
509 639 620 694 hoc
643 638 927 694 vocabulo
972 638 1282 710 designata
1312 643 1420 710 est,
1455 641 1538 695 sic
1570 639 1718 694 forte
1748 657 1854 711 ap-

187 729 546 804 pellatorum
589 746 624 785 a
664 729 856 784 colore
903 729 1082 785 vestis
1131 729 1469 785 coccineum
1513 731 1854 800 przeferente

189 818 549 892 quippiam?
597 819 658 874 Id
712 818 950 888 quidem
1006 819 1400 890 suspicabar;
1460 824 1517 874 et
1575 819 1854 874 fulciebat

189 912 593 981 conjecturam
623 908 779 979 quod
812 908 1012 962 statim
1041 909 1444 979 subjungitur,
1463 908 1731 964 fortassis
1754 925 1850 963 ex~

189 1000 443 1073 positive
473 996 726 1059 καὶτοὺς
753 996 870 1050 κατ’
917 995 1142 1065 ἐκεῖνον,
1186 998 1340 1068 quod
1389 997 1522 1053 licet
1569 998 1852 1069 interpre-

193 1089 302 1145 tari
351 1096 404 1144 et
453 1104 542 1143 eo:
589 1089 685 1158 qui
725 1085 874 1141 circa
922 1085 1110 1154 illum,
1160 1103 1371 1159 nempe
1417 1087 1853 1158 imperatorem,

193 1183 386 1234 erant.
411 1177 538 1233 Non
583 1175 786 1248 paucis
819 1175 998 1246 hujus
1031 1175 1288 1231 historiaa
1319 1175 1485 1242 locis,
1529 1176 1854 1247 praesertim

193 1266 494 1339 capitibus
525 1266 559 1319 2
588 1270 646 1320 et
679 1265 744 1318 18
774 1262 913 1319 libri
943 1281 1018 1333 v1,
1051 1264 1218 1320 video
1252 1264 1496 1319 indicari
1523 1264 1852 1335 Josephum

193 1360 337 1413 ante
388 1353 844 1428 patriarchatum
897 1353 1090 1408 adhuc
1154 1354 1508 1409 monachum
1558 1355 1857 1409 assiduum

190 1448 387 1503 fuisse
412 1445 566 1518 apud
598 1445 1036 1515 imperatorem,
1058 1444 1320 1515 adeoque
1356 1443 1506 1499 574
1531 1447 1685 1514 quod
1718 1443 1856 1498 hinc

193 1537 486 1609 sequitur,
520 1535 580 1590 in
613 1533 830 1607 palatio
863 1533 1463 1604 diversatum,utique
1490 1550 1604 1587 non
1629 1532 1852 1588 solum:

196 1646 339 1685 nam
374 1634 431 1684 et
463 1626 542 1682 illi
577 1625 894 1681 adhaesisse
928 1626 1019 1680 sui
1052 1624 1309 1681 instituti
1333 1625 1578 1680 comites
1602 1640 1854 1695 pronum

195 1724 289 1775 est
317 1717 569 1786 creditu,
601 1721 657 1771 et
685 1715 961 1770 fratribus
994 1719 1094 1768 aut
1123 1713 1259 1768 ﬁliis
1294 1713 1663 1786 imperatoris
1710 1712 1855 1768 alios

197 1806 532 1863 monachos
562 1803 818 1860 similem
849 1819 1085 1874 operam
1120 1819 1365 1858 navasse
1384 1819 1496 1858 non
1512 1806 1603 1858 est
1644 1801 1859 1857 invari-

195 1896 419 1954 simile.
455 1893 602 1958 Quid
637 1893 684 1948 si
716 1892 1028 1964 opinemur
1056 1892 1160 1947 hos
1184 1893 1345 1964 quasi
1392 1891 1684 1963 palatinos
1730 1907 1852 1945 mo-

196 1986 452 2051 nachos,
487 1983 659 2040 etiam
696 1986 759 2037 ut
789 1987 1028 2038 cazteros
1059 1983 1272 2037 domus
1310 1981 1480 2054 regiae
1533 1981 1859 2046 ministros,

193 2078 455 2131 vestitus
479 2072 796 2144 aliquando
829 2088 1042 2144 genere
1070 2077 1170 2127 aut
1201 2070 1391 2128 colore
1427 2087 1460 2129 a
1491 2069 1715 2125 caeteris
1746 2070 1859 2123 dis-

199 2170 421 2230 cretos,
443 2160 677 2222 κόκκους
705 2158 984 2236 μοναχούς
1005 2167 1266 2227 vocatos,
1291 2161 1533 2217 forsitan
1569 2160 1723 2230 quod
1741 2175 1866 2214 εοε-

197 2257 440 2312 cineum
466 2252 687 2324 aliquid
719 2250 1068 2324 gestarent?
1097 2251 1216 2322 Ego
1249 2255 1446 2306 tamen
1479 2247 1684 2323 ἐπέχω,
1727 2249 1862 2320 plus

197 2345 360 2401 lucis
393 2344 453 2397 in
487 2343 596 2398 hac
627 2340 881 2414 caligine
929 2339 1225 2408 alicunde,
1273 2340 1321 2396 si
1366 2341 1512 2396 forte
1561 2339 1864 2411 ati‘ulgeat,

200 2433 525 2508 opperiens
556 2431 655 2503 (l).

283 2514 532 2578 Κόλυϐα.
595 2521 658 2576 L.
720 2537 776 2576 v1
825 2519 1033 2575 titulus
1077 2535 1128 2575 c.
1162 2520 1230 2575 42
1260 2520 1344 2575 sic
1384 2520 1579 2590 habet,
1613 2521 1866 2590 'l‘iu‘cup-

200 2607 381 2667 ϐάντα
428 2611 746 2684 πατριάρχῃ
798 2606 887 2663 διὰ
930 2609 1029 2677 τὴν
1079 2612 1186 2662 τῶν
1231 2603 1484 2663 κολῦϐων
1530 2606 1864 2677 ἀποστολήν.

202 2703 536 2758 Vaticanus
563 2692 863 2771 κολύμϐων
883 2699 1037 2769 legit;
1062 2698 1202 2770 quid
1223 2699 1461 2770 quidem
1488 2699 1594 2754 hoc
1610 2699 1734 2754 loco
1751 2712 1865 2752 non

201 2792 558 2850 describens
589 2795 910 2856 auctorem,
928 2789 1027 2844 sed
1063 2805 1221 2844 more
1243 2789 1670 2860 suoIliberrime
1691 2806 1862 2862 παρα-

203 2880 462 2958 φράζων,
498 2879 581 2934 sic
625 2877 872 2934 scribit:
906 2875 993 2929 Ἐν
1042 2880 1158 2937 τοῖς
1205 2873 1536 2948 ἐκπώμασιν,
1596 2877 1710 2929 οἷον
1760 2875 1866 2928 τῶν

198 2967 445 3045 χαλκῶν
504 2965 766 3035 πινάκῶν,
818 2961 873 3019 a'i
927 2965 1018 3019 τὸν
1067 2964 1226 3041 ἑφθὸν
1276 2970 1422 3020 σῖτον
1474 2965 1746 3043 φέρουσιν,
1797 2965 1870 3026 ὡς

197 3060 557 3133 (legendum
590 3062 730 3130 puto
752 3054 836 3129 ὅν)
866 3058 900 3125 ἡ
935 3056 1172 3126 συνήθης
1203 3053 1422 3131 γλῶττα
1462 3050 1720 3128 κόλυμῧα
1773 3053 1868 3110 λέ-

1965 462 2220 517 formula
2251 481 2318 518 ex
2371 465 2440 520 iis
2474 467 2646 521 ducta
2693 483 2869 522 sacrae
2926 467 3242 538 Scripturaa
3295 469 3438 526 locis
3490 489 3619 543 quae

1963 552 2449 623 Pythonissarum
2501 555 2817 611 mulierum
2892 557 3367 630 ventiloquarum
3408 562 3617 616 memi-

1965 650 2180 698 nerunt
2224 653 2349 701 Act.
2383 663 2497 712 xw,
2535 647 2622 714 16,
2655 655 2712 703 et
2745 647 2765 703 Ι
2798 649 2937 719 Reg.
2991 666 3190 719 xxvm,
3245 651 3342 706 ubi
3404 669 3507 723 pro
3550 669 3617 707 eo

1965 734 2118 803 quod
2156 734 2427 806 vulgatus
2459 737 2656 800 habet,
2686 755 2737 794 v.
2772 739 2841 792 3:
2876 740 3012 793 Saul
3061 740 3292 796 abstulit
3341 758 3526 813 magos
3573 751 3626 798 et

1963 823 2165 878 arzolos
2223 825 2286 880 de
2338 834 2506 892 terra,
2557 827 2702 881 LXX
2743 827 2943 898 legunt
2990 827 3243 902 Περιεῖλο
3292 827 3419 891 τοὺς
3477 827 3624 904 ἐγγα-

1966 909 2320 986 στριμύθους,
2380 917 2606 969 sustulit
2641 916 3028 987 ventriloquos,
3065 919 3131 972 Et
3156 918 3236 974 ib.
3259 935 3312 974 v.
3342 920 3397 974 7.
3441 920 3625 975 Dixit-

1967 1018 2070 1071 que
2099 999 2235 1056 Sani
2256 1006 2430 1058 servis
2459 1003 2574 1058 suis
2597 1022 2616 1058 :
2637 1005 2874 1072 Quaerite
2899 1006 3040 1060 mihi
3077 1008 3363 1064 mulierem
3416 1009 3616 1063 haben-

1967 1099 2072 1145 tem
2127 1092 2445 1162 Pythonem.
2519 1093 2676 1161 LXX,
2746 1091 3125 1164 Ζητήσατέμοι
3192 1100 3420 1170 γυναῖκα
3466 1094 3623 1171 ἐγγα-

1968 1177 2287 1254 στρὲμυῦον.
2339 1181 2596 1253 Spiritus
2651 1181 2843 1236 malus
2895 1184 2993 1253 qui
3045 1184 3270 1255 Phyton
3299 1186 3621 1241 vocabatur

1968 1269 2207 1324 nomine
2241 1271 2417 1325 ducto
2449 1285 2483 1326 a
2532 1271 2728 1327 Graeco
2776 1272 2950 1327 verbo
2997 1272 3255 1334 πυθέσθαι
3307 1289 3377 1328 ex
3426 1275 3621 1336 πυνθά-

1966 1369 2169 1427 νεσθαι,
2204 1361 2360 1432 quod
2413 1377 2696 1431 respousa
2755 1362 3004 1428 cederet,
3038 1361 3294 1417 Hebraeis
3341 1362 3467 1418 loco
3499 1364 3622 1433 illo,

1966 1464 2016 1504 c.
2064 1466 2204 1503 xvxu
2255 1449 2391 1504 libri
2443 1451 2462 1503 Ι
2516 1450 2804 1506 Samuelis
2838 1451 2988 1506 575
3024 1455 3266 1506 vocatur
3291 1452 3477 1507 hebres
3509 1451 3624 1513 0b;

1967 1555 2092 1608 qua”:
2151 1556 2260 1592 vox
2306 1538 2438 1592 libri
2474 1539 2585 1593 Job
2637 1556 2687 1592 c.
2732 1557 2886 1593 χχχιι
2937 1541 3027 1609 20,
3084 1545 3272 1594 utrem
3325 1541 3623 1610 signiﬁcat

1967 1629 2105 1697 quia
2135 1628 2359 1682 scilicet
2389 1629 2612 1682 daemon
2645 1629 2755 1682 iste
2803 1628 3096 1683 insidebat
3154 1635 3412 1683 ventrem
3456 1630 3617 1683 fana-

1964 1717 2211 1771 ticarum
2245 1716 2515 1780 istarum,
2550 1734 2620 1771 ex
2651 1733 2834 1787 eoque
2867 1718 2924 1770 in
2961 1719 3200 1770 modum
3235 1719 3383 1772 utris
3415 1719 3617 1773 inﬂato

1966 1823 2134 1861 voces
2165 1806 2490 1872 emittebat,
2526 1823 2673 1876 quas
2705 1804 2865 1860 stulti
2902 1806 3277 1860 consulentes
3329 1823 3431 1876 pro
3482 1824 3613 1860 ora-

1968 1896 2140 1950 cullis
2172 1895 2486 1950 habebant.
2521 1895 2666 1950 Hinc
2699 1913 2823 1968 quae
2854 1895 2988 1966 quis
3021 1896 3255 1966 rpoprio
3287 1912 3463 1951 sensu
3487 1898 3617 1952 sine

1971 1984 2262 2054 majorum
2313 1985 2662 2039 auctoritate
2707 1984 3048 2039 afﬁrmaret.
3107 1982 3210 2036 ἀπὸ
3257 1981 3476 2046 κοιλίας
3508 2005 3624 2060 φω-

1968 2077 2072 2126 νεῖν
2104 2074 2442 2146 Pacliymeri
2478 2075 2510 2127 d
2523 2073 2712 2128 icitur.

2043 2157 2236 2216 Κοινόν
2291 2181 2344 2234 ρ.
2399 2164 2523 2218 280.
2584 2161 2709 2215 Ὑπὸ
2765 2159 2924 2233 τὸμῳ
2951 2165 3121 2232 κο;νῷ
3152 2161 3420 2237 γεγονόιι.
3467 2163 3618 2219 Cave

1973 2258 2142 2324 putes
2192 2251 2364 2322 κοινῷ
2411 2253 2756 2323 adjunctum
2807 2251 2900 2306 hic
2940 2268 3070 2307 esse
3134 2253 3392 2308 nominis
3437 2252 3615 2324 τόμῳ.

1972 2343 2075 2398 Est
2113 2342 2268 2396 enim
2312 2340 2492 2394 κοινόν
2546 2345 2819 2395 noutrum
2872 2341 3328 2409 substantivum,
3401 2348 3614 2397 emtum

1975 2448 2346 2488 communem
2381 2438 2438 2486 et
2456 2447 2666 2502 cer-pus
2701 2430 3038 2486 universum
3080 2430 3621 2503 Constantinopoli—

1974 2522 2094 2577 tzini
2131 2520 2300 2576 celeri
2337 2521 2395 2575 in
2430 2538 2612 2576 unum
2649 2527 3072 2592 congregatum
3116 2521 3481 2593 signiﬁcans,
3515 2536 3620 2576 no-

1977 2613 2133 2667 tione
2165 2611 2425 2682 antiquis
2449 2609 2624 2666 etiam
2658 2610 2897 2665 usitata.
2930 2611 3076 2675 Quid
3114 2611 3191 2666 sit
3239 2616 3433 2666 autem
3468 2611 3624 2665 hunc

1978 2705 2328 2757 conventum
2379 2700 2581 2755 haberi
2626 2698 2782 2771 τὸμῳ
2820 2701 2919 2754 sub
2968 2705 3137 2771 tomo,
3187 2700 3416 2756 dicetur
3447 2700 3623 2755 verbo

1977 2785 2169 2863 τόμος.
2201 2791 2342 2846 Vide
2373 2790 2551 2845 etiam
2582 2791 2824 2844 verbum
2855 2788 3192 2866 ὑποψήφιος.

2052 2876 2382 2939 Κοινωνικός
2447 2897 2502 2949 p.
2561 2880 2665 2932 378
2713 2877 3049 2938 Κοινωνικὸς
3102 2874 3158 2930 δέ
3216 2898 3346 2952 ελανι
3391 2880 3459 2950 τῇ
3501 2877 3623 2932 Ἐκ-

1977 2966 2199 3037 κλησίᾳ.
2234 2968 2326 3022 Sic
2358 2967 2605 3037 loquens
2665 2967 2888 3022 Vcccus
2931 2985 3046 3021 non
3094 2985 3160 3022 ea
3209 2968 3624 3022 communione

1979 3074 2043 3112 se
2074 3059 2452 3127 conjunctum
2485 3055 2754 3110 Ecclesiae
2794 3055 2956 3127 dicit,
3007 3074 3119 3127 qua
3169 3056 3414 3126 quilibet
3461 3054 3622 3108 Chri-

195 3123 478 3225 iruvliinc
525 3123 828 3204 habemus
856 3123 1014 3219 ἑφθὸν
1055 3123 1228 3200 ῄσῖέονπ
1262 3147 1463 3218 lingua
1509 3123 1704 3202 Grzeca
1743 3147 1864 3202 vul-
1897 3123 1942 3190 (ἶ
1981 3123 2232 3212 stianus,
2258 3144 2433 3199 etiam
2465 3144 2673 3211 laicus,
2702 3146 2750 3200 ei
2803 3123 3083 3215 adhaeret,
3132 3123 3232 3200 sed
3289 3145 3404 3200 alia
3449 3160 3623 3216 pecu-

195 3239 336 3314 gari
390 3230 651 3309 κόλυμόα
703 3238 949 3293 dictum.
999 3236 1111 3292 Sed
1167 3235 1368 3291 multis
1445 3236 1863 3308 experimentis

194 3334 518 3402 comperta
551 3325 692 3382 mihi
716 3327 896 3398 hujus
928 3325 1147 3399 paraph
1159 3329 1330 3380 rastae
1352 3325 1864 3397 indiligentia,non

201 3419 368 3476 satis
408 3417 495 3472 illi
555 3416 733 3472 ﬁdere
780 3432 1047 3488 possum,
1081 3419 1146 3470 ut
1169 3414 1426 3470 auctoris
1458 3416 1648 3487 ipsius
1680 3417 1863 3470 nostri

200 3509 455 3566 duobus
505 3505 936 3578 exemplaribus
985 3504 1220 3577 optimis
1269 3505 1308 3558 Β
1363 3509 1417 3559 et
1463 3508 1507 3559 A
1562 3506 1865 3575 probatam

204 3591 540 3647 lectionem
571 3588 750 3658 hujus
782 3586 1178 3642 vocabulinon
1200 3586 1510 3659 proferam,
1541 3588 1866 3658 prasertim

213 3696 364 3737 cum
391 3677 445 3734 ei
483 3676 672 3750 palam
699 3677 1054 3747 suffragetur
1073 3675 1299 3732 Suidas.
1335 3676 1478 3746 Lego
1510 3672 1871 3748 igiturzoi-s-

209 3764 364 3836 ϐων,
399 3784 519 3823 non
551 3759 870 3836 κολύμϐων,
917 3770 974 3821 et
1019 3782 1154 3821 voce
1184 3759 1396 3818 κόλυϐα
1443 3764 1728 3835 intelligo,
1788 3765 1872 3819 sic

219 3861 485 3915 docente
515 3856 713 3912 Suida.
776 3858 922 3908 σῖτον
970 3851 1193 3926 ἑψητόν,
1242 3855 1586 3927 frumentum
1642 3857 1871 3909 coctum.

213 3948 623 4020 Pachymeres
661 3945 718 3999 in
778 3945 886 4000 hoc
908 3961 956 3999 c.
1017 3948 1162 3997 σῖτον
1196 3941 1353 4020 ἑφθόν
1388 3947 1569 4010 vocat,
1604 3943 1782 4014 idem,
1817 3943 1875 3997 ni

219 4037 429 4105 fallor,
466 4035 616 4107 quod
650 4034 875 4105 antiqui
912 4034 1121 4089 molam
1146 4033 1454 4101 vocabant,
1480 4033 1649 4087 farris
1669 4049 1878 4104 nempe

219 4127 424 4183 moliti
464 4124 990 4196 farinaminspergi
1024 4123 1234 4179 hostiis
1274 4121 1529 4177 solitam.
1577 4122 1882 4193 Signiﬁcat

215 4235 370 4290 ergo
405 4214 688 4271 hiclocus
717 4213 960 4268 solitum
994 4218 1133 4268 tunc
1165 4212 1666 4284 Constantinopoli
1703 4212 1884 4267 fuisse

212 4310 286 4365 in
317 4310 472 4363 festo
508 4307 874 4378 ilypapantes
903 4305 1093 4360 offerri
1147 4303 1484 4375 patriarcha
1531 4305 1714 4359 sacris
1745 4320 1882 4376 ope-

216 4397 393 4454 ranti
428 4395 663 4468 patinas
690 4394 890 4466 plenas
933 4393 1046 4450 isto
1089 4394 1240 4449 farre
1272 4398 1441 4461 tosto,
1498 4393 1714 4466 quibus
1751 4409 1886 4448 cum

1976 3234 2127 3304 liari,
2153 3234 2546 3305 ascriptorum
2579 3234 2732 3289 clero
2757 3235 3015 3306 propria,
3048 3240 3104 3289 et
3122 3235 3505 3306 proventibus
3530 3250 3621 3287 ec-

1977 3324 2327 3380 clesiasticis
2360 3341 2424 3379 eo
2455 3324 2690 3379 nomine
2718 3325 3221 3396 partieipantium.
3270 3326 3392 3389 Quo
3445 3323 3622 3395 perti-

1977 3419 2118 3470 nent
2147 3414 2453 3484 superiora
2481 3412 2572 3467 his
2605 3413 2882 3484 contigua
2921 3413 3369 3483 ejusdech-cci
3404 3413 3616 3466 verba:

1979 3502 2145 3566 Αὐτὸς
2192 3503 2294 3577 γὰρ
2327 3498 2549 3573 ἕτοιμος
2583 3503 2715 3556 εἶναι
2769 3501 2858 3555 καὶ
2892 3502 3143 3580 ὀφφίκιον
3192 3503 3484 3565 ἀποθέσθαι
3533 3498 3624 3554 καὶ

1977 3598 2147 3646 πᾶσαν
2199 3591 2410 3666 ἀφεῖναι
2459 3592 2557 3658 τὴν
2609 3591 2746 3667 πρὸς
2797 3590 2955 3645 αὐτὸν
3030 3588 3318 3668 πρόσοδον.
3382 3591 3628 3647 Videtur

1979 3682 2198 3753 aliquid
2234 3681 2406 3735 hodie
2438 3681 2631 3736 simile
2683 3683 2738 3736 in
2792 3699 2903 3737 usu
2956 3685 3129 3738 curia:
3172 3683 3468 3747 Romanis,
3522 3680 3622 3734 ubi

2010 3771 2217 3826 notarii
2253 3770 2491 3841 quidam
2529 3770 2836 3840 apostolici
2864 3771 3269 3842 participant”
3321 3771 3621 3832 dicuntur,

1983 3877 2110 3930 qua:
2167 3875 2273 3912 vox
2323 3863 2671 3918 κοινωνικοῖς
2722 3861 3055 3930 respondet,
3117 3860 3187 3914 ad
3238 3856 3625 3912 differentiam

1986 3950 2255 4004 aliorum.

2059 4035 2455 4096 Κονοσταῦλος.
2510 4036 2604 4091 Sic
2662 4035 2866 4091 scribit
2923 4035 3140 4107 passim
3211 4035 3320 4090 hoc
3378 4033 3632 4090 vocabu-

1991 4128 2109 4183 lum
2161 4127 2575 4198 Hachymeres,
2621 4125 3181 4197 pronuntiationem,
3236 4131 3298 4179 ut
3374 4129 3635 4196 apparet.

1994 4218 2374 4282 Francorum,
2408 4234 2438 4269 a
2471 4215 2688 4286 quibus
2719 4215 2777 4269 id
2815 4231 3027 4271 nomen
3079 4213 3265 4270 Graeci
3309 4229 3638 4286 sumpsere,

1996 4306 2266 4378 proprius
2294 4304 2636 4360 asscclatus.
2663 4305 2751 4360 Illi
2781 4303 2935 4360 enim
2950 4305 3258 4360 conestable
3280 4304 3430 4360 hanc
3452 4303 3641 4374 digni-

1998 4399 2176 4449 tatem
2211 4398 2438 4448 vocant.
2477 4395 2544 4448 Et
2575 4393 2680 4462 sic,
2717 4398 2778 4448 ut
2809 4410 2869 4448 es
2903 4393 3202 4459 credibile,
3244 4397 3384 4449 tunc
3415 4407 3648 4463 quoque

213 4491 381 4545 bene
417 4488 691 4557 precatus
728 4482 977 4540 solemni
1037 4483 1442 4538 benedictione
1481 4483 1689 4538 fuisset
1741 4483 1887 4538 anti-
1919 4505 1967 4567 ι)
2000 4502 2099 4555 per
2147 4483 2464 4549 Orientem,
2500 4483 2598 4537 ubi
2634 4481 3229 4552 mulliveisabantur,
3255 4481 3647 4554 proferebant.

216 4585 384 4645 stes,
420 4591 502 4630 eae
534 4579 602 4628 ut
632 4589 800 4628 sacra
832 4573 1716 4644 apophoretadistribuebantur
1752 4589 1892 4643 prte-

221 4666 545 4731 sentibus,
579 4668 637 4718 et
667 4680 784 4718 una
815 4679 1015 4717 earum
1052 4662 1398 4716 mittebatur
1427 4663 1496 4714 ad
1538 4666 1895 4732 Augustum,

219 4771 427 4828 quam
463 4769 594 4808 mos
624 4757 750 4806 erat
778 4751 828 4807 ei
861 4751 1166 4822 prandenti
1196 4750 1385 4804 oll‘crri
1435 4751 1546 4804 sub
1579 4751 1898 4806 secundum

215 4859 516 4902 mensam
573 4843 731 4897 inter
787 4841 1050 4896 bellaria.
1105 4843 1223 4895 Hoc
1273 4844 1486 4894 sonant
1546 4840 1668 4893 hinc
1717 4841 1903 4894 nostri

209 4935 424 4991 verba
459 4948 473 4987 :
508 4930 606 4983 'Qv
634 4930 994 5002 (patinarum
1020 4927 1300 4982 nimirum
1332 4945 1534 4982 earum
1559 4945 1708 4999 quas
1735 4926 1908 4980 ἐκπω-

218 5023 436 5097 μάτων
490 5015 756 5080 πλατείας
805 5021 998 5087 vocat)
1052 5015 1127 5077 ὡς
1156 5015 1380 5091 ἀπαρχή
1435 5037 1521 5076 τις
1648 5017 1906 5091 κρείττων

213 5115 323 5181 τῷ
358 5104 586 5184 βασιλεῖ
615 5107 926 5181 προσήγετο
959 5101 1301 5179 ἐπιδόρπιος.
1326 5105 1471 5160 Vide
1504 5123 1631 5178 qua}
1659 5107 1912 5161 dicimus

218 5201 431 5256 verbo
463 5195 719 5250 πλατεῖαι
769 5194 1112 5266 ἐκπωμάτων
1123 5236 1136 5248 .

322 5290 415 5357 [ρ.
487 5287 613 5357 395]

333 5593 413 5666 (1)
449 5592 535 5649 Cf.
577 5590 836 5648 Glossar.
869 5590 1036 5649 alter.
1069 5607 1103 5646 ν
1135 5587 1362 5647 Κόκκοι.
1411 5547 1422 5558 ν

703 5285 834 5340 Ἀπὸ
921 5283 1138 5345 κοιλίας
1199 5289 1397 5360 φωνεῖν
1445 5302 1503 5356 p.
1564 5286 1688 5339 379.
1748 5285 1920 5341 Vocat

227 5377 503 5453 propria
526 5376 876 5431 auctoritate
907 5375 1035 5430 sine
1058 5375 1268 5430 idoneo
1301 5375 1639 5430 testimonio
1664 5374 1724 5427 in
1743 5392 1923 5430 causa

2002 4573 2118 4627 Hoc
2151 4573 2587 4626 admonendum
2622 4572 3127 4643 visum,quoniam
3174 4571 3272 4626 alii
3295 4571 3466 4643 longe
3488 4569 3653 4626 aliter

2003 4662 2062 4717 id
2097 4678 2308 4715 nomen
2341 4662 2610 4728 eﬁ‘erunt,
2638 4667 2694 4715 et
2726 4678 2797 4716 ne
2827 4662 3068 4732 quisme
3091 4660 3151 4716 in
3186 4660 3448 4715 versione
3478 4676 3658 4716 cono-

2011 4747 2271 4805 staulum
2301 4749 2542 4803 reddere
2575 4750 2836 4804 miretur.

2085 4835 2284 4898 nam;
2339 4857 2392 4908 p.
2442 4838 2562 4893 181.
2616 4837 2830 4893 Vocem
2889 4837 3145 4904 comitis,
3194 4843 3259 4893 ut
3309 4837 3660 4910 dignitatem

2018 4933 2203 4997 notat,
2248 4927 2640 4998 scriptoribus
2685 4927 2894 4983 citima:
2941 4928 3248 4984 vetustatis
3300 4929 3522 4992 tritam,
3557 4927 3662 4980 Pa-

2020 5017 2321 5089 cliymercs
2354 5017 2446 5071 hic
2477 5016 2772 5088 exprimit,
2807 5022 2979 5088 prout
3007 5016 3178 5089 vulgo
3204 5014 3569 5088 pronuntiari
3594 5014 3664 5069 ab

2023 5106 2185 5163 Italis
2243 5105 2489 5173 solebat,
2538 5115 2712 5174 conto,
2748 5113 2850 5161 aut
2891 5112 2955 5160 ut
2993 5107 3233 5162 effertur
3280 5106 3452 5160 hodie
3475 5108 3667 5168 conte;

2027 5197 2181 5269 quod
2219 5195 2411 5250 Griece
2442 5192 2634 5247 κόν-εον
2661 5196 2852 5250 reddit
2885 5201 2938 5251 et
2972 5213 3084 5250 non
3119 5200 3345 5250 contum
3376 5191 3672 5262 expressi-

2028 5303 2182 5341 mUS.
2218 5286 2354 5340 Rem
2391 5295 2584 5339 autem
2614 5285 2801 5356 ipsum
2839 5287 2993 5354 quod
3027 5285 3254 5350 attinet,
3301 5281 3406 5334 etsi
3460 5279 3673 5346 Pachy-

2031 5391 2217 5429 meres
2233 5375 2455 5446 passim
2480 5373 2741 5446 iniquior
2766 5374 2986 5428 Latinis
3019 5381 3235 5428 (tantum
3269 5369 3446 5434 hunc,
3469 5367 3537 5420 de
3559 5381 3676 5435 quo
