3968 6202
382 258 523 317 1039
1447 244 1510 297 P.
1550 238 1827 295 possm:
1862 235 2479 298 onsnnva'mouuu
2512 240 2649 293 LIB.
2690 241 2736 293 ι.
3593 252 3690 310 mo

381 386 521 459 agit,
554 375 1142 440 ambitiosevocatum
1163 385 1196 425 a
1218 366 1537 432 suisdicat,
1560 360 1732 436 quasi
1755 360 2031 459 ampliori
2065 365 2119 430 Α
2150 362 2342 459 facere
2373 377 2388 416 :
2415 359 2636 459 alioqui
2678 376 2785 459 nec
2831 361 3123 420 sultanem
3177 364 3415 425 Persidis
3440 386 3527 428 nec
3547 373 3696 433 Canim

376 450 656 531 vocabulo
687 479 863 539 quam
906 461 1118 517 modus
1162 458 1292 529 ejus
1322 453 1669 513 domesticae
1722 450 2031 521 dignitatis
2152 456 2259 505 aut
2287 451 2502 506 Canem
2557 451 2957 509 Tocharorum
2991 469 3098 509 nec
3155 458 3315 527 Mepe
3358 459 3523 517 Iberia
3558 464 3700 522 diem

382 564 575 623 ferret,
624 561 823 611 tamen
874 567 1009 608 cum
1063 548 1615 604 huncGonuensem
1653 541 2031 598 nominatum
2146 540 2526 611 deberemus,
2559 541 2659 596 sed
2688 542 2845 613 regis
2876 559 3091 598 nomen
3125 560 3230 616 pro
3261 544 3380 601 istis
3398 549 3594 608 vocibus
3629 571 3702 626 po-

377 651 533 705 dicat
569 641 899 711 Vintimitia,
925 639 1122 696 andivi
1154 654 1218 694 ex
1256 637 1328 692 iis
1361 635 1457 706 qui
1492 632 1876 704 antiquitates
1910 629 2030 686 Ge-
2144 645 2302 699 neri,
2337 631 2489 703 quod
2526 646 2702 687 nemo
2726 630 3083 702 probaverit.

380 735 690 794 nuensium
738 735 1074 807 perspectas
1120 727 1361 792 habent,
1403 739 1601 780 revera
1649 720 1881 778 comitis
1923 738 1947 774 ε

2211 722 2492 791 Λαμπῖναι
2562 738 2598 793 p
2688 720 2809 778 156.
2882 720 2970 776 Ἐν
3024 718 3337 794 λαμπῖναις.
3409 727 3481 782 Ita
3520 734 3702 803 uterque

378 845 509 885 men
546 826 642 882 isti
680 822 912 879 familiae
966 837 1035 876 ex
1083 815 1482 873 vetustissimo
1536 817 1796 884 tempore
1844 809 2026 865 tribui
2140 809 2267 865 cod.
2302 814 2345 863 Β
2376 814 2432 864 et
2459 811 2538 866 A:
2573 826 2710 865 nam
2742 814 2873 865 Vat.
2908 810 3029 866 haec
3060 813 3326 870 comittit.
3349 815 3563 886 Λαμπίνη
3593 822 3695 891 quid

376 916 774 975 consuevisse.
805 911 892 986 [P.
921 905 1047 973 396]
1076 908 1279 964 Verum
1313 906 1562 961 fortasse
1597 907 1863 958 nostrum
1900 916 2030 956 mo-
2139 897 2238 969 sit,
2273 915 2388 953 non
2423 899 2973 972 reperio.Nimirum
3007 902 3093 974 [P.
3125 901 3255 975 397]
3290 920 3353 959 ex
3391 921 3486 962 usu
3519 909 3702 967 fortasse

375 1008 475 1078 vit,
507 1011 571 1061 ut
600 1005 773 1060 istam
807 1000 984 1057 nimis
1018 998 1387 1071 splendidam
1405 993 1547 1050 civis
1579 990 2024 1061 Genuensisap-
2139 987 2351 1078 linguae
2382 987 2643 1061 vulgaris
2669 990 3009 1063 Pacbymcri
3047 991 3385 1064 obrepserit,
3433 1000 3489 1050 ut
3514 1015 3527 1048 ι
3552 1014 3633 1069 pro
3674 1020 3698 1069 η

388 1076 764 1169 pellatiouem
795 1094 1044 1164 putaret,
1080 1086 1237 1160 quod
1280 1082 1520 1140 maximi
1556 1086 1695 1137 tunc
1728 1078 2027 1152 principes
2137 1076 2195 1131 in
2229 1077 2335 1132 hoc
2368 1077 2652 1169 vocabulo
2685 1084 2964 1152 poneret:
2998 1096 3135 1136 nam
3169 1078 3421 1169 λαμπήνη
3461 1089 3579 1141 nota
3610 1088 3700 1159 jam

382 1166 451 1242 ea
493 1182 775 1241 honorari
825 1180 970 1237 satis
1027 1177 1330 1233 haberent.
1374 1175 1496 1240 Quo
1530 1171 1803 1243 pertinet,
1865 1169 2021 1241 quod
2134 1182 2241 1222 vox
2272 1170 2380 1222 est.
2400 1167 3075 1241 ΗθεγοῢὶυετΛαμπήκη
3127 1166 3269 1232 εϊδος
3322 1171 3509 1244 ἁμάξης
3551 1172 3616 1248 ἐφ’
3657 1174 3704 1243 ἧς

372 1275 640 1347 ejusdem
671 1271 805 1328 libri
836 1286 887 1326 ο.
920 1269 974 1336 8,
1026 1265 1250 1333 scribit,
1295 1265 1367 1320 de
1405 1260 1608 1318 Carolo
1659 1275 1840 1347 agens
1890 1274 1939 1314 re

2136 1254 2396 1330 ὀχοῦνται
2428 1251 2583 1325 ἔνιοι,
2618 1254 2827 1328 ἀπήνη,
2870 1259 2906 1329 ἢ
2966 1257 3115 1335 ἅρμα
3166 1262 3581 1321 σκεπαστόνᾘεο
3616 1264 3703 1336 ille,

370 1342 616 1421 Sicilia):
660 1356 894 1435 ἀδελφὸν
930 1355 1096 1432 ῥηγὸς
1142 1357 1251 1408 τῶν
1304 1349 1686 1427 Φραντζίσιων
1744 1342 1875 1403 ὄντα
1930 1368 1937 1402 1

2137 1362 2458 1418 congerens
2490 1346 2679 1404 multa
2708 1364 2840 1420 qua)
2871 1348 3049 1405 simul
3082 1349 3368 1424 integram
3397 1352 3535 1409 vocis
3577 1370 3704 1424 quam

371 1452 447 1515 εἰς
491 1451 718 1512 κόντους
776 1444 1106 1522 τεταγμένον
1162 1444 1256 1498 τὸν
1306 1439 1619 1514 Κάρουλον.
1657 1439 1938 1495 Carolus:

2139 1435 2383 1507 explicet
2415 1435 2727 1493 absolvunt
2760 1437 3078 1495 notionem.
3114 1441 3178 1496 Et
3209 1457 3345 1497 sane
3374 1443 3545 1498 omnia
3570 1459 3706 1515 quan-

372 1542 610 1608 miwm’
651 1540 828 1595 [τείω-
858 1543 911 1593 s.
956 1534 1232 1593 Ludovici
1265 1532 1419 1605 regis
1452 1532 1832 1599 Francorum,
1868 1530 2021 1587 576
2130 1526 2302 1580 drare
2333 1525 2606 1582 videntur
2647 1526 2706 1583 in
2741 1527 2899 1583 hunc
2925 1529 3116 1585 locum
3146 1539 3204 1586 et
3233 1530 3293 1586 in
3326 1536 3500 1587 mente
3518 1534 3711 1604 scripto-

371 1632 606 1703 quando
638 1633 883 1684 vocatus
917 1628 1003 1682 est
1058 1624 1127 1681 ad
1171 1638 1418 1694 regnum
1461 1619 1911 1693 Neapolitanum
1966 1624 2025 1676 et
2130 1612 2214 1667 ris
2267 1613 2419 1703 57"?
2474 1612 2682 1703 tuisse.
2738 1613 2845 1670 Illa
2927 1633 3099 1689 porro
3178 1619 3380 1675 verba:
3440 1621 3593 1675 Ταῦτα
3635 1619 3709 1696 γὰρ

369 1701 659 1785 Siculum,
714 1733 911 1773 comes
971 1718 1096 1769 erat
1145 1711 1476 1778 Provinciae,
1529 1709 1683 1765 unde
1741 1712 1897 1765 conte
1948 1709 2021 1765 ab
2053 1703 2267 1811 Βῆσαγ
2297 1701 2361 1758 τί)
2392 1701 2906 1811 "ﬁmi'Videnmf
2953 1709 3244 1783 respicere
3304 1712 3503 1811 festum.
3540 1718 3711 1770 Sceno-

371 1809 532 1865 Italis
565 1812 707 1863 tunc
738 1809 982 1861 vocatus
1014 1807 1105 1859 est
1134 1802 1203 1858 ad
1236 1797 1941 1873 regnumNeapalitanum
1969 1804 2027 1853 et
2053 1793 2100 1811 "
2133 1793 2312 1866 pegiae
2363 1798 2467 1850 aut
2512 1796 3048 1854 Tabernaculorum
3101 1817 3134 1856 a
3180 1801 3395 1857 Judaais
3437 1801 3556 1858 olim
3605 1802 3715 1859 cele-

365 1897 653 1966 Siculum,
703 1912 898 1951 comes
943 1898 1069 1951 erat
1127 1891 1463 1958 Provinciae,
1513 1888 1673 1945 unde
1739 1896 1898 1945 conte
1954 1888 2028 1944 ab
2132 1882 2289 1940 brari
2323 1883 2563 1940 solitum
2590 1884 2648 1941 in
2683 1888 3028 1944 memoriam
3061 1890 3190 1946 vitae
3221 1908 3255 1946 a
3290 1892 3537 1964 patribus
3564 1892 3611 1947 in
3652 1896 3715 1947 ta-

371 1987 535 2043 Italis
571 1991 712 2043 tunc
742 1984 1076 2040 vocabatur.
1109 1987 1232 2048 Quo
1271 1981 1449 2037 etiam
1500 1982 1814 2034 contentus
1853 1976 2027 2033 titulo
2129 1972 2466 2030 bernaculis
2516 1979 2826 2032 transacta;
2854 1984 2977 2049 'per
3054 1996 3242 2037 annos
3296 1981 3639 2053 quadraginta
3672 1980 3714 2035 in

372 2081 516 2131 tunc
560 2080 706 2142 erat,
761 2073 1032 2147 princeps
1077 2070 1214 2126 licet
1259 2070 1318 2125 in
1367 2068 1573 2141 paucis
1620 2066 1936 2141 opulentus
1969 2071 2029 2123 et
2134 2063 2381 2120 deserto.
2415 2063 2538 2121 Etsi
2570 2071 2763 2122 autem
2799 2066 3103 2140 Scriptura
3134 2069 3235 2125 ubi
3269 2070 3374 2127 hoc
3392 2071 3581 2126 festum
3610 2087 3717 2141 pra-

372 2169 722 2237 praepotens.
748 2162 997 2235 dynasia
1025 2159 1354 2216 Sabaudiaa.
1388 2162 1849 2225 Cantacuzenus,
1900 2160 1939 2212 Ι.
1984 2173 2027 2223 ι,
2133 2151 2358 2220 scribit,
2392 2153 2728 2211 meminerit
2753 2160 2982 2213 tantum
3011 2159 3227 2216 diserte
3276 2161 3715 2217 tabernaculorum

373 2270 426 2308 ο.
460 2254 548 2321 40,
584 2271 640 2326 p.
678 2252 779 2307 120
809 2252 900 2307 ed.
964 2255 1119 2321 Reg:
1183 2246 1475 2305 Ἐπύοόντο
1534 2246 1609 2310 ὡς
1653 2245 1751 2301 τοῦ
1787 2247 1888 2315 τῆς
1918 2251 1940 2299 ὶ

2148 2242 2454 2295 πεοιοωω
2505 2246 2668 2297 extra
2722 2243 2950 2315 domos,
2977 2244 3120 2300 satis
3149 2249 3347 2303 tamen
3385 2261 3603 2319 pronum
3622 2260 3715 2300 cre-

379 2335 581 2403 ϐωδίας
627 2342 917 2417 ἄρχοντος,
963 2339 1021 2393 ’ὸν
1061 2336 1251 2393 κόντον
1297 2338 1333 2408 ἠ
1392 2337 1638 2392 Λατίνων
1688 2333 1912 2413 γλῶσσα

2147 2328 2257 2384 iitu
2290 2332 2380 2384 est
2412 2328 2681 2386 adhibita
2713 2331 2782 2387 ad
2806 2331 2964 2389 hunc
2992 2351 3167 2390 usum
3200 2336 3453 2408 plaustra
3480 2335 3632 2391 ramis
3654 2334 3714 2388 vi-

377 2427 485 2502 λεῖ,
516 2437 628 2487 διο,
2133 2419 2402 2475 rentibus
2434 2437 2689 2494 superne
2745 2428 2920 2494 tecta,
2972 2429 3029 2480 et
3078 2431 3290 2483 caetero
3341 2427 3618 2500 splendore
3644 2441 3719 2480 va-

446 2513 845 2571 Κοντοσκὲλιον
915 2533 972 2589 p.
1033 2516 1154 2572 365.
1238 2513 1484 2587 Reperio
1565 2514 1722 2586 apud
1782 2517 2020 2569 Petrum
2131 2507 2203 2563 ι’ἱὶ
2256 2513 2505 2566 ornatus
2559 2513 2809 2585 agrestis
2849 2514 3182 2572 festivitatis
3227 2516 3435 2573 latitia:
3482 2516 3722 2572 celebrau-

374 2604 626 2679 Gyllium
670 2605 730 2661 in
776 2607 962 2677 Topog.
1012 2606 1134 2661 urb.
1170 2605 1452 2662 Constant.
1499 2602 1539 2659 Ι.
1573 2620 1614 2669 ι,
1646 2619 1697 2658 c.
1729 2604 1823 2670 20,
1857 2618 2023 2658 men-
2130 2597 2220 2654 dae
2303 2601 2700 2669 accomodata,
2789 2619 2917 2675 quae
3003 2603 3098 2660 hic
3199 2605 3414 2663 Noster
3503 2601 3722 2677 λαμπίνας

373 2696 593 2752 tionem
629 2700 809 2767 porta:
858 2694 1250 2765 Condescalaz,
1302 2710 1430 2765 quae
1478 2692 1673 2749 Graece
1720 2690 2025 2747 Κοντόσκε-
2130 2693 2316 2743 vocat.

379 2799 479 2846 Λος
534 2784 646 2841 dici
687 2785 894 2857 potuit.
924 2784 1091 2840 Forte
1124 2783 1205 2839 illi
1241 2781 1498 2838 vicinum
1530 2788 1586 2838 et
1615 2799 1684 2838 ex
1705 2798 1775 2838 ea
1806 2798 1941 2837 nom

2199 2781 2545 2853 Λειτουργεῖν
2602 2798 2659 2854 p.
2705 2781 2831 2840 374.
2883 2782 3002 2840 Hoc
3058 2783 3185 2842 loco
3219 2803 3315 2843 res
3344 2785 3466 2859 ipsa
3492 2783 3645 2858 exigit
3670 2785 3715 2837 ut

376 2875 597 2931 ducens
627 2874 830 2931 navale
860 2873 1000 2930 olim
1026 2874 1179 2930 istad
1212 2870 1750 2929 fuitContoscclium
1769 2871 2021 2938 dictum,
2125 2865 2188 2919 τὸ
2237 2864 2572 2942 λειτουργεῖν
2631 2886 2746 2926 non
2792 2871 3142 2945 simpliciter
3182 2881 3355 2931 sonet
3384 2875 3603 2931 missam
3629 2872 3725 2928 sive

379 2966 534 3036 quod
579 2970 717 3022 tunc
768 2967 1030 3022 dirutum
1094 2965 1446 3021 rcwdiﬁeare
1467 2963 1721 3020 voluisse
1778 2960 2024 3020 Michael
2128 2972 2354 3012 sacram
2413 2957 2713 3031 liturgiam
2762 2958 3077 3033 celebrare,
3129 2964 3235 3020 sed
3284 2964 3342 3019 id
3367 2965 3541 3020 facere
3585 2959 3724 3018 simul

374 3056 669 3125 Augustus
701 3055 795 3111 hic
824 3054 1058 3112 dicitur,
2058 3119 2089 3126 _
2126 3061 2261 3102 cum
2297 3046 2540 3118 Latinis,
2575 3049 2648 3103 iis
2681 3066 2798 3105 una
2846 3052 3462 3123 communicando;in
3508 3068 3609 3126 quo
3633 3052 3729 3107 erat

438 3119 820 3217 [ξορδοκοΰϐας
852 3163 909 3218 p.
946 3146 1067 3200 450.
1102 3145 1357 3200 Pronum
1391 3143 1695 3216 suspicatu
1755 3147 1843 3199 est
1901 3141 2005 3197 lin.

2157 3134 2244 3189 ita
2276 3135 2673 3193 schismaticis
2701 3138 2918 3195 amotio
2953 3155 2965 3196 :
3020 3158 3157 3198 nam
3187 3142 3542 3200 schismatici
3584 3136 3724 3195 Grani

365 3249 481 3305 sua
519 3238 815 3303 Mysorum
875 3235 1215 3289 οοτάοουδεε
1263 3232 1612 3289 vocabulum
1664 3232 1886 3304 aliquid
1947 3248 2016 3288 ex
2122 3223 2362 3280 Latinos
2396 3231 2460 3280 ut
2490 3243 2558 3282 ex
2590 3228 3062 3285 communicatos
3101 3235 3161 3287 et
3210 3232 3509 3289 haereticos
3545 3230 3597 3286 in
3622 3243 3727 3284 con-

364 3321 539 3376 oleris
562 3322 799 3377 notione
831 3323 1089 3390 duxisse,
1134 3328 1522 3394 propagatum
1566 3323 1712 3376 forte
1767 3338 1836 3377 ex
1865 3338 2013 3393 qua-
2122 3313 2370 3370 sortium
2408 3331 2711 3371 sacrorum
2745 3319 3055 3375 admittere
3084 3320 3460 3379 recusabant.

364 3408 499 3463 dam
530 3412 901 3480 corruptione
931 3414 1137 3465 Graeca:
1159 3410 1314 3466 vocis
1342 3409 1617 3485 κόρχορος
1642 3410 1931 3466 notissima

2192 3402 2371 3463 Λὲπας
2420 3421 2477 3476 p.
2530 3405 2656 3462 385.
2706 3405 2795 3468 Ὦς
2861 3402 3033 3469 λέπας
3086 3408 3313 3486 πέτρας.
3348 3410 3516 3469 Vetus
3541 3421 3725 3483 prover-

361 3496 729 3568 designantis
759 3497 933 3555 oleris
963 3499 1240 3570 speciem,
1272 3504 1329 3555 et
1359 3499 1583 3571 vulgari
1610 3499 1752 3555 olim
1802 3499 1928 3572 adag

2163 3491 2282 3547 ium
2314 3508 2382 3548 ex
2412 3492 2797 3565 Aristophane
2828 3494 2886 3550 in
2919 3496 3113 3568 Pluto,
3147 3499 3253 3556 ubi
3280 3497 3634 3573 Cbremylum
3661 3496 3726 3551 sic

362 3584 651 3643 celebrate
676 3604 690 3642 :
720 3586 818 3641 Καὶ
847 3586 1129 3663 κόρχορος
1155 3586 1209 3642 ἐν
1236 3584 1522 3663 λαχάνοις.

1460 3609 1522 3650 ις.
2117 3582 2460 3657 loquentem
2493 3585 2634 3642 facit
2657 3588 2766 3643 sub
2798 3588 2977 3645 ﬁnem
3005 3607 3017 3646 :

430 3672 780 3753 Κορτινάριοι
805 3695 863 3749 p.
897 3678 1023 3734 321.
1057 3680 1318 3746 Quatuor
1347 3696 1559 3751 genera
1606 3682 1997 3753 palatinorum

1449 3697 1559 3736 ιθΓοι
1606 3682 2006 3784 Paifwnowm
2184 3727 2272 3784 Ὦς
2301 3724 2554 3784 εὐτόνως.
2586 3728 2631 3782 ὦ
2665 3732 2761 3783 Ζεῦ
2795 3729 3016 3784 Basilica

431 3729 475 3731 ‘ﬁ
512 3730 522 3750 ι
613 3729 617 3730 ⁷
642 3729 693 3753 Mr
740 3729 749 3731 ἡ
772 3729 776 3730 ⁷
805 3729 862 3749 r'
900 3729 1023 3734 "—'
1064 3729 1308 3746 ‘—w'—'-
1347 3729 1559 3751 ο⁷““””“”
1606 3729 1923 3753 r'"""“""‘

356 3765 766 3824 ministrorum
796 3769 1085 3840 gradatim
1118 3770 1406 3842 dignitate
1438 3773 1762 3829 crescentia
1784 3792 1923 3831 men:

356 3860 442 3882 ...ιι
502 3856 872 3882 ι)-...ι-..ε-ι--
903 3860 1030 3882 -..ιζζ
1069 3860 1338 3882 -.--L-.I-_
1370 3860 1559 3882 :_-n__
1585 3862 1801 3882 tIJHAn!

1853 3729 2006 3741 ""‘“
2184 3729 2272 3786 Ὦς
2301 3729 2554 3796 εὐτόνως,
2586 3729 2631 3782 ὧ
2665 3732 2761 3783 Ζεῦ
2795 3729 3041 3805 βισιλεῦ,
3073 3732 3136 3787 τὸ
3213 3731 3406 3810 ρᾳδιον

1853 3792 2004 3831 Bmo'
2183 3800 2386 3873 ’Ὠσπερ
2417 3797 2587 3862 λέπας
2617 3805 2699 3874 τῷ
2729 3802 3001 3879 μειρακίῳ
3022 3753 3420 3882 προσῖτχεται·

355 3860 466 3924 rat,
501 3856 874 3915 Bardariotas
899 3860 1033 3915 ostii
1065 3860 1339 3916 custodes
1370 3860 1562 3917 instar
1583 3862 2004 3935 Helvetiorum,

349 3948 720 4018 cortinarios,
753 3948 1146 4006 cubicularios
1175 3956 1230 4006 et
1289 3950 1757 4008 admissionales.
1817 3953 1916 4011 Cor

2161 3943 2182 3997 i
2217 3959 2391 4015 quem
2423 3944 2619 4000 locum
2645 3945 2728 4002 sic
2758 3947 3001 4004 adnotat
3016 3953 3187 4007 vetus
3210 3948 3728 4010 scholiastesnttm:

352 4038 504 4093 uarii
534 4037 717 4094 fuisse
752 4038 812 4094 in
844 4039 1037 4096 aulico
1069 4038 1345 4096 satellitio
1378 4040 1415 4095 ii
1447 4041 1919 4115 videntur,quort

2162 4029 2420 4107 >γχύλιον
2452 4029 2700 4111 ἐφιζάνον
2727 4040 2848 4099 ταῖς
2877 4036 3120 4113 πέτραις,
3156 4039 3240 4094 ὅτ’
3295 4041 3491 4105 αὐταῖς
3516 4035 3729 4115 προσπή-

351 4130 479 4180 erat
502 4142 718 4182 munus
750 4127 822 4181 ad
856 4128 1351 4198 cortinam,extra
1393 4129 1587 4185 velum
1621 4131 1917 4205 intimum,

2157 4140 2319 4190 θυται,
2392 4117 2855 4187 δυσαποσπάστως
2922 4122 3075 4202 ἔχον,
3154 4125 3380 4184 ἐπειδάν
3454 4149 3532 4189 τις
3594 4124 3724 4180 αὐτοῦ

290 4208 307 4215 ’
350 4216 576 4271 Ροιίενα
606 4215 863 4272 cubiculi
895 4219 1060 4289 regii,
1096 4220 1416 4289 praestolari
1449 4221 1675 4278 subitos
1716 4230 1857 4280 nutu

2159 4207 2410 4282 πυληθείη
2449 4207 2657 4266 Λαϐεῖν.
2691 4215 2921 4272 Similia
2970 4217 3124 4273 idem
3187 4222 3363 4277 docet
3405 4221 3477 4277 ad
3534 4231 3726 4275 versum

345 4302 591 4360 fortuita
620 4304 869 4378 imperia
908 4307 1214 4382 principis,
1249 4314 1305 4364 et
1335 4309 1795 4369 admissionibus
1819 4316 1912 4370 mil

2156 4317 2262 4357 uno
2293 4302 2472 4359 alium
2508 4304 2770 4373 ejusdem
2802 4305 3219 4379 Aristophanis
3279 4310 3340 4366 in
3400 4311 3589 4382 Vcspis,
3636 4320 3723 4360 non

345 4397 549 4449 strare.
2102 4390 2275 4465 longe
2304 4410 2338 4449 a
2363 4393 2673 4467 principio.

410 4481 739 4591 Kopupcb‘p.
770 4484 895 4541 508.
929 4486 1032 4543 Est
1088 4487 1184 4544 hic
1243 4488 1475 4566 Κορυφώ
1525 4491 1820 4550 recentius
1881 4512 1977 4552 no-

1252 4488 1475 4566 Κορυφώ
1525 4491 1820 4550 recentius
1881 4512 1985 4552 Μ’
2017 4489 2063 4554 D
2203 4532 2569 4591 Ποοκαθεύδει
2598 4537 2721 4591 nodi
2749 4535 2819 4591 πά

337 4585 470 4626 men
520 4572 725 4630 insulas
783 4574 1060 4649 Corcyrae,
1113 4576 1283 4633 hodie
1337 4555 1413 4634 et.
1445 4595 1515 4635 ex
1565 4579 1787 4653 aliquot
1829 4592 1904 4641 rel

337 4660 564 4687 ann-n‘:-
623 4662 796 4687 -..-I._-
836 4664 995 4687 n---1-_
1060 4667 1215 4687 4:-.k
1286 4668 1430 4687 ᾗ--.)
1490 4670 1542 4687 ει
1717 4671 1751 4687 .-

2207 4555 2569 4609 upoxauauou
2598 4557 2721 4611 πρῳ
2749 4555 2891 4592 πανυ

1767 4587 1787 4638 t
1829 4592 1983 4687 ι’θίξο
2196 4609 2397 4684 Ὠσπερ
2425 4607 2595 4674 λέπας
2624 4610 3041 4686 πράσεχόμενος
3068 4617 3149 4687 τῷ
3181 4614 3334 4673 κίονι

334 4660 566 4718 saeculis
623 4662 800 4735 vulgo
834 4664 997 4734 Corfa
1054 4667 1243 4733 dictas,
1278 4668 1435 4741 quod
1487 4670 1616 4727 ideo
1649 4671 1897 4730 retinere
1927 4676 1985 4734 in
2220 4659 2391 4684 -ΨὝ
2426 4659 2593 4674 mn“
2630 4659 3038 4686 ”Γ””’“·’⁶“”“’
3081 4659 3147 4687 ’τ
3182 4659 3360 4675 """'

334 4747 814 4821 interpretatione
885 4755 1088 4823 debui,
1132 4757 1614 4829 quandoquidem
1682 4761 1739 4816 id
1782 4771 1989 4824 auctor
2097 4754 2257 4811 Idem
2279 4754 2377 4811 alii
2402 4756 2722 4829 scriptores
2768 4759 3038 4818 tradunt.
3084 4760 3374 4834 Lepadem
3416 4764 3565 4823 hanc
3612 4777 3725 4818 con-

330 4838 525 4895 sciens
557 4840 850 4913 insurpat,
883 4844 1060 4899 veteri
1089 4844 1202 4900 sibi
1236 4862 1350 4901 non
1394 4847 1592 4918 ignoto
1650 4854 1983 4925 prmi‘erens,
2094 4844 2265 4901 cham
2298 4845 2543 4903 Plautus
2574 4850 2774 4904 Latine
2801 4854 2970 4905 vocat
3017 4867 3133 4907 non
3165 4853 3385 4911 semel.
3420 4855 3632 4910 Plinius
3663 4858 3727 4904 ta-

329 4928 411 4982 uti
444 4929 621 4985 etiam
653 4929 713 4986 in
749 4928 946 5004 Μορὲῳ
977 4933 1064 4988 vel
1094 4934 1411 5008 Mopéq,pro
1467 4938 1893 5011 Peloponneso,

2158 4951 2226 4989 en
2256 4934 2491 4991 videtur
2520 4936 2812 4993 buccinnm
2845 4938 3158 5011 appellare.
3198 4940 3314 4998 Ubi
3350 4945 3511 5001 enim
3559 4941 3594 4998 ι.
3625 4956 3722 5006 xu,

321 5016 384 5073 in
417 5018 718 5076 similibus
752 5021 909 5079 fecit.
2090 5039 2140 5094 c,
2171 5023 2262 5091 36,
2297 5023 2586 5080 buccinum
2619 5025 2766 5082 dixit
2795 5044 2926 5083 esse
2953 5030 3235 5086 minorem
3267 5020 3542 5088 concham
3559 5032 3634 5086 ad
3658 5029 3722 5084 si-

394 5106 596 5180 Κράλις
654 5108 810 5194 l._v,
869 5128 922 5167 c.
980 5113 1034 5167 6.
1075 5118 1235 5184 Saepe
1295 5115 1563 5173 nominat
1594 5118 1961 5194 Pacbymere:

2152 5112 2465 5169 ititudinem
2489 5116 2603 5184 ejus
2634 5116 2854 5173 buccini
2880 5134 2984 5190 quo
3030 5135 3207 5176 sonus
3244 5121 3423 5190 edita,
3478 5120 3614 5177 unde
3657 5126 3719 5174 est

319 5195 531 5272 Κραλιν
587 5192 861 5273 Σερϐἱαςς
921 5217 1097 5271 quam
1156 5219 1359 5258 vocem
1403 5206 1510 5261 etsi
1546 5224 1661 5263 non
1712 5192 1886 5281 ighon

2158 5220 2255 5258 usa
2286 5203 2521 5270 nomini,
2559 5204 2731 5277 paulo
2765 5212 2898 5280 post
2929 5207 3133 5265 addit:
3171 5210 3483 5269 buccinum
3526 5206 3724 5267 nonnisi

317 5288 679 5359 quibusdam
714 5306 815 5362 pro
848 5289 1202 5362 appellativa
1240 5292 1425 5361 accipi
1461 5295 1846 5366 aequivalente
1876 5316 1974 5358 vo.
2078 5294 2253 5364 petris
2281 5293 2549 5362 adhaeret,
2585 5296 2849 5368 circaque
2868 5300 3113 5370 scopulos
3143 5299 3373 5369 legitur
3402 5303 3499 5374 (1).

315 5379 524 5435 cabulo
552 5375 830 5453 βασιλεύς,
865 5386 1058 5435 tamen
1090 5397 1225 5437 cum
1258 5388 1313 5438 et
1356 5382 1563 5439 Noster
1592 5389 1650 5440 et
1678 5388 1882 5445 Canter

2153 5382 2475 5455 Μακκρίτης
2525 5400 2583 5456 p.
2623 5384 2748 5439 282.
2785 5405 2836 5441 υ.
2888 5385 2982 5441 Ἐκ
3041 5389 3338 5463 Γερμᾶνου
3387 5394 3484 5445 τοῦ
3516 5384 3720 5464 μακαρέ-

310 5482 493 5523 zenus
551 5475 607 5524 et
652 5468 750 5524 alii
813 5485 941 5524 eam
1003 5470 1318 5537 retineant,
1402 5486 1506 5525 nec
1581 5473 1755 5528 verbo
1814 5473 1968 5549 βασι-
2076 5489 2191 5526 τον.
2219 5472 2552 5544 Aliquando
2581 5474 2829 5530 credidit
2859 5476 3159 5548 designari
3197 5479 3317 5536 hoc
3351 5481 3480 5536 loco
3510 5481 3565 5536 S.
3599 5478 3719 5533 Ger-

312 5552 438 5617 λεύς
472 5563 988 5628 commutent,non
1020 5563 1110 5615 est
1130 5559 1285 5632 quod
1316 5576 1423 5616 nos
1445 5560 1789 5620 dubitemus
1811 5567 1963 5624 idem
2076 5577 2321 5618 manum
2353 5565 2418 5617 P.
2452 5563 2513 5619 C.
2542 5564 2781 5638 scriptis
2811 5565 3416 5640 clarum,quiChristi
3449 5566 3719 5631 anno7ii,

382 5673 462 5740 (1)
495 5673 574 5729 Ci‘.
613 5674 872 5733 Glossar.
907 5676 1177 5733 alterum.
