3978 6182
265 366 402 421 1041

1746 369 2224 426 GLOSSARIUM.

3552 376 3687 431 1042

263 493 595 565 imperante
624 490 941 547 Anastasio
974 493 1260 565 Augusto,
1294 510 1362 547 ex
1390 493 1664 565 CyziCeua
1696 495 1832 549 sedc
1866 495 1921 548 in
1956 496 2007 560 Α
2036 494 2171 562 ἦσαν
2229 513 2240 549 ;
2285 498 2557 552 δίηιέὶίίσν
2602 505 2785 553 autem
2820 502 2873 553 et
2917 497 3379 553 Mummachutum
3407 506 3457 555 et
3489 499 3685 559 Meliti-

261 579 970 651 Constantinopolitanam
998 585 1087 635 est
1112 581 1457 637 translatus.
1494 582 1828 653 Impellcbal
1853 585 1924 638 ad

264 672 350 727 sic
382 670 744 743 Opinandum
778 670 996 726 mentio
1028 671 1394 742 antiquitatis
1429 672 1516 727 bis
1550 672 1656 728 hoc
1686 672 1810 728 loco
1845 691 1926 729 re-

258 762 461 834 petita,
487 761 657 834 quasi
680 761 1313 817 indicaosGermanum
1342 762 1498 818 hunc
1528 763 1921 835 patriarcham

261 868 482 906 novum
516 867 583 905 ex
636 849 845 905 ultima
885 855 1172 906 vetustate
1220 854 1487 924 exempla
1535 856 1592 907 et
1635 859 1921 925 prmcepta

264 939 648 996 emendanda
683 939 947 996 Ecclesia:
980 941 1114 996 inde
1147 959 1334 1014 usque
1359 943 1428 997 ab
1453 942 1595 998 actis
1612 947 1666 998 et
1683 943 1917 1015 scriptis

262 1032 455 1086 sancti
480 1029 757 1086 Germani
785 1046 1079 1087 accersere
1111 1032 1432 1087 studuisse.
1466 1036 1682 1087 Verum
1727 1049 1787 1088 re
1833 1036 1917 1087 at-

259 1123 487 1178 tentius
518 1121 891 1177 considerata
916 1122 1276 1194 probabilius
1309 1123 1635 1180 existimavi
1668 1125 1761 1196 agi
1809 1125 1917 1180 hcc

252 1210 387 1267 loco
418 1211 487 1267 de
518 1212 805 1267 Germano
840 1212 1011 1285 longe
1042 1213 1381 1269 recentioris
1413 1216 1707 1269 memorias
1732 1216 1916 1286 patri-

258 1300 461 1370 archa,
493 1301 665 1370 cujus
697 1312 947 1356 mortem
978 1305 1033 1356 et
1065 1301 1317 1373 elogium
1351 1302 1531 1359 babes
1575 1304 1724 1361 578
1759 1304 1911 1375 apud

263 1390 656 1461 Acropolitam
697 1390 753 1445 in
788 1391 1035 1463 imperio
1058 1391 1302 1448 Joannis
1336 1393 1503 1448 Ducze
1524 1398 1769 1449 Batatza:
1803 1394 1912 1449 sub

254 1497 376 1552 quo
411 1480 603 1535 floruit
641 1482 889 1554 ε”Ετυχε
946 1480 1039 1551 μὲν
1098 1481 1204 1555 πρὸ
1261 1486 1455 1556 καιροῦ
1497 1483 1587 1536 τὸν
1638 1483 1911 1557 πατριάρ-

253 1587 367 1641 χην
412 1569 689 1643 Γερμανὸν
736 1568 802 1623 τὰ
849 1567 982 1642 τῇδε
1033 1568 1403 1626 καταλιπόντα
1452 1572 1589 1646 πρὸς
1627 1572 1720 1634 τὰς
1768 1572 1913 1633 θείας

254 1657 461 1730 ἀπᾶραι
524 1657 747 1727 σκηνὰς,
793 1663 979 1720 καλῶς
1024 1659 1113 1713 καὶ
1145 1658 1307 1721 ὁσίως
1357 1661 1624 1735 βιώσαντα
1675 1662 1764 1715 καὶ
1813 1681 1912 1715 κα-

254 1745 372 1809 λῶς
428 1748 529 1815 τὴν
586 1747 753 1802 αὐτοῦ
810 1747 1152 1821 ποιμάναντα
1218 1750 1482 1823 ποίμνην.
1545 1753 1636 1809 Sic
1697 1758 1906 1824 Acrop.

2036 585 2190 654 dem,
2244 602 2451 641 necnon
2522 587 2958 659 Amphictidem,
3017 587 3115 657 qui
3157 588 3390 643 celebres
3458 589 3682 646 insania

2034 676 2214 746 fuere.
2250 675 2356 730 Ubi
2389 677 2681 748 significat
2712 677 2824 732 ista
2856 679 3088 749 propria
3120 678 3298 733 fuisse
3332 679 3563 733 nomina
3594 679 3681 733 in-

2034 780 2312 819 sanorum
2338 768 2892 836 quorumdam,qure
2918 767 3125 821 deinde
3146 768 3200 821 in
3227 767 3509 822 similium
3535 767 3680 838 ipsis

2032 854 2481 924 appellationem
2508 856 2793 911 translata
2822 856 3056 921 fuerint,
3080 860 3251 928 prout
3273 856 3342 910 de
3364 857 3561 912 Sanna
3582 874 3678 911 no-

2033 942 2297 998 minatim
2328 945 2754 1013 observaverat,
2776 946 2859 1001 sic
2882 950 3051 1001 antea
3069 946 3332 1000 scribens
3354 962 3366 1000 :
3386 946 3477 999 τὸν
3493 946 3679 1018 μωρὸν

2029 1028 2251 1104 οἴδαμεν
2288 1031 2489 1087 Σάννοιν
2534 1030 2815 1087 καλεῖσθαι
2855 1034 2926 1093 ὡς
2976 1032 3080 1087 ἀπό
3128 1054 3275 1097 τινος
3316 1032 3507 1106 κυρίου
3558 1033 3678 1088 ὀνό-

2026 1142 2214 1193 ματος.
2279 1124 2520 1179 Slullum
2557 1126 2758 1179 scimus
2807 1126 3060 1181 Sannam
3104 1126 3290 1180 vocari
3340 1134 3605 1196 tanquam
3640 1142 3677 1181 α

2026 1213 2257 1285 quodam
2306 1215 2528 1286 proprio
2588 1217 2829 1270 nomine.
2888 1214 3069 1284 Cujus
3126 1214 3208 1269 rei
3268 1219 3477 1269 testem
3540 1215 3676 1270 facit

2025 1302 2177 1357 579
2202 1302 2498 1357 Cratinum
2536 1302 2845 1368 comicum,
2878 1301 2960 1355 ita
2985 1301 3256 1355 continue
3280 1301 3667 1371 subjungens:

2024 1388 2127 1445 Καὶ
2205 1392 2497 1465 παράγεται
2571 1394 2829 1465 Κρατῖνος
2887 1385 3170 1461 κωμῳδῶν
3244 1391 3495 1442 τοιοῦτον
3576 1388 3667 1442 τὸν

2014 1478 2349 1551 νΘεοδοτίδτμ
2398 1482 2617 1537 Σάνναν.
2652 1484 2800 1547 Quia
2834 1499 2962 1538 vero
2995 1480 3346 1537 Eustathius
3386 1485 3668 1536 constan-

2024 1577 2109 1627 ter
2129 1573 2279 1628 hanc
2311 1590 2506 1629 vocem
2549 1590 2680 1628 cum
2707 1572 2925 1644 duplici
2964 1592 3003 1644 μ
3034 1571 3259 1638 scribit,
3312 1570 3457 1625 forte
3488 1569 3570 1623 sic
3603 1587 3671 1625 ea

2021 1664 2175 1734 apud
2212 1663 2643 1735 Pachymerem,
2675 1668 2731 1718 et
2762 1663 2807 1718 si
2846 1661 3020 1717 ambo
3052 1661 3219 1717 codd.
3242 1660 3446 1730 optimi
3474 1660 3511 1714 Β
3537 1664 3593 1714 et
3624 1664 3670 1715 A

2020 1753 2385 1807 concorditer
2405 1769 2537 1807 cum
2574 1753 2745 1808 unico
2780 1772 2818 1823 μ
2848 1751 3126 1815 scribant,
3157 1750 3665 1804 emendandafue-

252 1855 315 1909 p.
374 1838 443 1891 39
474 1838 611 1893 Hist.
673 1838 742 1894 Ut
782 1838 940 1895 hunc
1000 1842 1194 1913 potius
1246 1841 1492 1897 indicari
1542 1842 1635 1897 hic
1684 1847 1906 1914 putem,
1938 1874 1985 1939 B
2022 1842 2115 1897 rit.
2151 1842 2467 1898 Vaticanus
2500 1841 2681 1897 solitas
2714 1841 2822 1896 sibi
2859 1840 3105 1895 licentia:
3152 1839 3208 1892 in
3244 1838 3348 1893 hoc
3414 1855 3525 1910 prae
3560 1855 3663 1892 ca:-

251 1928 467 1983 suadet
497 1944 606 1983 vox
638 1925 943 1998 μακαρίτης
976 1929 1205 1985 civilem
1258 1932 1446 2002 magis
1488 1932 1658 2003 quasi
1700 1949 1905 2004 quem-

253 2017 419 2083 dam,
450 2033 519 2072 ex
550 2034 658 2072 usu
694 2017 1050 2085 Grecorum,
1084 2037 1260 2090 quam
1296 2020 1656 2092 religiosum,
1714 2020 1906 2092 qualis

246 2106 473 2161 sanctis
515 2106 587 2160 ab
639 2105 894 2163 Ecclesia
941 2108 1249 2163 declaratis
1304 2111 1570 2180 debetur,
1623 2111 1900 2166 honorem

245 2196 595 2267 designans,
624 2196 686 2267 [P
712 2197 839 2268 398}
874 2202 1151 2269 praeterea
1178 2200 1557 2256 recentiorem
1582 2201 1902 2272 quamdam

246 2285 667 2340 defunctorum
701 2287 1045 2343 memoriam
1089 2288 1376 2345 indicans.
1420 2291 1541 2346 Non
1588 2292 1743 2346 enim
1801 2291 1901 2362 qui

246 2379 387 2429 ante
409 2373 593 2429 multa
625 2374 841 2430 sazcula
873 2381 1014 2432 sunt
1042 2378 1282 2435 mortui.
1319 2395 1453 2434 cum
1510 2381 1898 2446 nominantur,

248 2465 546 2535 μακαρῖται
598 2462 713 2517 dici
760 2463 965 2529 solent,
1014 2467 1115 2521 sed
1160 2464 1211 2518 oi.
1264 2466 1592 2541 προσφάτως
1648 2464 1900 2537 τελευτή·

242 2571 455 2618 σαντες,
490 2569 638 2624 quos
671 2552 769 2625 qui
804 2553 1054 2609 viderint
1080 2556 1272 2611 adhuc
1315 2558 1529 2613 vivant.
1570 2559 1663 2613 Sic
1721 2558 1899 2629 hujus

240 2640 382 2696 libri
416 2658 465 2696 c.
497 2642 588 2711 23,
623 2644 849 2698 Irenem
893 2648 1220 2716 Augustam
1251 2645 1496 2702 Joannis
1532 2649 1699 2703 Ducze
1759 2664 1897 2703 uxo-

239 2746 394 2798 rem,
446 2748 576 2803 quas
614 2734 988 2788 commodum
1035 2735 1237 2790 eodem
1287 2752 1421 2791 eum
1454 2736 1564 2792 hoc
1609 2738 1897 2793 Germano

238 2820 479 2875 vixerat
527 2826 791 2893 tempore
821 2826 874 2877 et
906 2828 1039 2879 ante
1084 2822 1273 2879 virum
1334 2826 1684 2889 decesserat,
1724 2845 1897 2897 μακα-

247 2904 433 2983 ρίτιδα
466 2918 643 2966 vocat.
688 2911 857 2967 Nullo
889 2912 1084 2985 agitur
1114 2916 1285 2970 modo
1319 2916 1434 2981 agit
1465 2916 1573 2971 hoc
1619 2916 1741 2972 loco
1792 2917 1896 2971 Pa-

243 2998 557 3070 cbymeres
588 3000 658 3055 de
688 3006 892 3056 sancto
924 3002 1209 3058 Germano
1232 3003 1564 3076 patriarcha
1607 3005 1704 3060 illo
1736 3011 1897 3060 vetu-

238 3086 537 3159 stissimo,
568 3106 743 3160 quem
775 3091 823 3146 si
871 3092 1220 3161 nominaret,
1268 3111 1381 3150 non
1436 3092 1762 3167 μακαρίτην,
1794 3096 1895 3150 sed

240 3175 515 3252 μακάριον
549 3179 785 3246 diceret,
819 3198 1017 3237 verum
1050 3183 1120 3237 de
1162 3182 1273 3239 isto
1322 3183 1502 3240 altero
1535 3185 1635 3255 qui
1692 3184 1895 3256 viginti

2018 1932 2159 1987 teris
2190 1932 2377 2004 capite
2408 1931 2741 2003 indulgens,
2776 1946 2907 1986 cum
2942 1929 3056 1984 alia
3082 1930 3295 2000 passim
3328 1928 3386 1981 in
3427 1943 3492 1981 eo
3523 1927 3665 1981 scri-

2017 2026 2112 2093 pta
2146 2022 2335 2077 verbis
2368 2023 2586 2093 quibus
2628 2021 2799 2075 libuit
2840 2020 3023 2085 effert,
3070 2023 3191 2073 tum
3251 2018 3307 2071 in
3368 2016 3476 2071 hac
3527 2031 3662 2070 voce

2016 2112 2255 2182 quidam
2304 2114 2644 2183 καινοτομεῖ.
2705 2110 2797 2165 Sic
2855 2108 3008 2164 enim
3064 2107 3296 2162 habet:
3375 2102 3661 2161 Μάκουοοί

2011 2219 2150 2261 τινες
2183 2200 2349 2262 ὅντες.
2384 2199 2631 2255 Videtur
2660 2203 2854 2255 autem
2891 2214 2956 2253 ex
2988 2196 3097 2252 alia
3128 2195 3353 2267 origine
3392 2194 3543 2250 banc
3569 2211 3664 2249 vo-

2014 2307 2139 2346 cem
2172 2306 2490 2357 accersere,
2526 2306 2630 2344 nec
2656 2289 2763 2343 viri
2795 2286 3114 2360 singularis
3145 2285 3282 2341 olim
3317 2284 3498 2339 fuisse
3559 2301 3659 2339 no-

2014 2397 2145 2436 men
2179 2379 2479 2451 proprium
2511 2394 2847 2451 agnoscere,
2883 2378 2983 2432 sed
3026 2378 3403 2446 propagatam
3457 2378 3661 2445 putare

2010 2486 2077 2525 ex
2110 2470 2281 2525 verbo
2344 2472 2573 2541 μακοᾷν,
2619 2469 2773 2541 quod
2822 2465 3143 2539 Hesychius
3200 2463 3438 2535 exponit
3484 2481 3658 2535 παρα-

2010 2564 2249 2635 φρονεῖν,
2291 2559 2709 2633 προσποιεῖσοαι
2764 2578 2837 2630 μη
2890 2554 3126 2622 ἀκούειν,
3170 2553 3441 2624 desipere,
3488 2552 3660 2606 simu-

2010 2651 2128 2705 lare
2159 2665 2214 2705 se
2246 2666 2352 2705 non
2384 2650 2599 2705 audire.
2643 2649 2708 2703 Et
2739 2648 2890 2702 hanc
2924 2645 3298 2717 potissimum
3340 2642 3659 2697 secundam

2011 2739 2368 2795 dissimulati
2400 2739 2637 2793 auditus
2670 2737 2965 2793 notionem
3001 2734 3137 2789 huic
3160 2733 3244 2787 sic
3270 2750 3303 2786 a
3343 2748 3404 2786 se
3449 2731 3661 2785 decur-

2011 2834 2126 2885 tato
2158 2829 2437 2885 vocabulo
2470 2825 2798 2898 imputandi
2821 2824 3183 2881 occasionem
3223 2823 3467 2877 fortasse
3498 2836 3659 2874 sum-

2009 2920 2190 2989 pserit
2221 2935 2288 2973 ex
2311 2934 2398 2984 eo,
2433 2917 2587 2988 quod
2624 2914 2793 2986 paulo
2817 2914 3088 2984 superius
3119 2911 3339 2982 legerat
3367 2909 3520 2979 apud
3555 2924 3656 2962 au-

2006 3012 2246 3074 ctorem,
2292 3006 2687 3079 patriarcham
2735 3020 2867 3059 cum
2902 3001 3120 3074 synodo
3172 2999 3244 3054 ab
3304 2998 3657 3068 imperatore

2007 3101 2344 3169 provocatos
2377 3096 2449 3151 ad
2482 3095 2631 3151 serio
2669 3092 3045 3165 cogitandum
3088 3090 3159 3145 de
3208 3088 3465 3143 ineunda
3521 3102 3653 3140 cum

2010 3187 2211 3242 Latina
2269 3186 2524 3241 Ecclesia
2590 3182 2902 3240 concordia
2971 3175 3308 3237 ἐπιπολαίως
3366 3174 3655 3242 ἆκῆκοὲναι

235 3268 479 3323 circiter
509 3269 677 3324 annis
710 3270 873 3341 prius
905 3272 1253 3341 decesserat,
1284 3275 1625 3331 memoriam
1659 3274 1750 3330 sui
1774 3275 1894 3330 lau-
1925 3248 1969 3311 δ
2009 3275 2383 3349 perfunctorie
2428 3274 2668 3341 audisse,
2721 3276 2775 3327 et
2846 3287 2979 3327 cum
3047 3286 3166 3325 rem
3225 3269 3651 3331 aversarentur,

230 3356 501 3413 debilem
536 3358 893 3432 relinquens.

310 3445 683 3519 Μαμάκουθος
731 3450 808 3521 (l)
866 3467 922 3522 p.
978 3450 1107 3506 369.
1166 3452 1472 3526 Vituperat
1526 3453 1619 3511 hic
1676 3454 1896 3527 Pachy-

234 3554 440 3594 meres
472 3540 867 3611 patriarcham
914 3546 971 3597 et
1020 3542 1333 3615 antistites,
1385 3546 1484 3617 qui
1524 3546 1575 3601 ei
1634 3547 1894 3614 aderant,

231 3628 402 3700 quod
459 3645 573 3684 non
625 3630 840 3686 acriter
887 3632 1219 3689 obstiterint
1256 3635 1457 3705 prima
1516 3636 1897 3708 propositioni

233 3717 743 3774 reconciliationis
801 3720 1070 3777 Ecclesia:
1113 3726 1319 3778 Graeca:
1369 3742 1501 3780 cum
1560 3725 1779 3791 Latina,
1813 3725 1896 3780 sic

234 3822 427 3861 suum
460 3805 723 3862 animum
774 3811 1089 3866 ostendens
1131 3812 1436 3869 schismati
1490 3814 1790 3869 addictum
1842 3818 1899 3869 et

238 3912 520 3950 aversum
555 3913 587 3951 a
620 3914 779 3966 pace,
814 3903 1113 3972 utcunque
1155 3901 1316 3957 aliud
1359 3903 1674 3974 aliquando
1709 3904 1898 3957 simu-

237 3983 477 4040 laverit.
508 3983 914 4057 Μαμακούθους
944 3995 1139 4045 autem
1174 3994 1402 4047 Grzecos
1437 3991 1566 4047 illos
1618 3994 1897 4064 prmsules

234 4078 438 4140 vocat,
472 4074 735 4131 stultitiae
769 4078 901 4134 illos
932 4078 1306 4151 insimulans,
1342 4086 1404 4136 ut
1435 4082 1713 4150 ostendit,
1741 4082 1895 4152 quod

237 4180 389 4219 mox
418 4165 687 4236 adjungit
717 4168 885 4237 quasi
938 4170 1274 4226 declarandi
1328 4171 1532 4243 gratia,
1558 4169 1895 4241 ἀναισθήτως

228 4255 348 4305 τῶν
402 4253 792 4325 πραττομένων
822 4251 1066 4331 ἔχοντες.
1112 4261 1171 4315 ld
1229 4278 1398 4332 porro
1449 4262 1715 4317 vocabuli
1769 4280 1896 4317 mu-

230 4346 449 4398 tuatus
482 4344 713 4400 videtur
742 4363 776 4401 a
808 4365 914 4404 suo
945 4349 1252 4422 Hesychio,
1286 4368 1457 4421 quem
1511 4352 1727 4407 librum
1786 4351 1898 4424 ipsi

232 4433 434 4487 fuisse
494 4432 839 4491 familiarem
899 4454 966 4492 ex
1014 4438 1145 4494 aliis
1198 4440 1341 4496 locis
1373 4441 1797 4513 {intelligimus
1833 4444 1895 4497 In

238 4521 520 4593 Hesychii
553 4540 686 4580 vero
721 4524 903 4583 lexico
936 4526 1107 4583 hodie
1140 4528 1353 4601 legitnr
1386 4531 1746 4602 Μαμάκυθος,
1778 4552 1895 4603 μω-

2010 3382 2123 3421 non
2154 3378 2351 3421 tamen
2384 3364 2706 3428 obstitisse,
2740 3362 2842 3416 sed
2884 3359 3055 3431 quasi
3113 3354 3559 3413 dissimulantes
3592 3370 3654 3408 se

2010 3455 2513 3528 percepisse§quod
2541 3453 2762 3507 dictum
2788 3451 2994 3519 fuerat,
3016 3452 3209 3504 astuto
3232 3444 3461 3500 silentio
3485 3442 3657 3498 lucri-

2010 3544 2507 3616 fecisseinvidiam
2534 3540 2973 3613 autpericulum
3001 3537 3190 3609 palam
3222 3532 3553 3591 resistendi:
3579 3529 3655 3586 Οὐ

2007 3633 2109 3708 γὰρ
2142 3633 2208 3701 ἦν
2236 3633 2417 3693 αὐτοῖς
2439 3631 2772 3699 ἀντιστῆναι,
2790 3646 2898 3684 ηοη
2920 3630 3065 3684 enim
3084 3626 3155 3681 iis
3170 3626 3351 3680 inerat
3373 3620 3662 3678 resistendi

2005 3726 2106 3780 vis.
2141 3725 2252 3778 Eos
2290 3729 2482 3777 tamen
2517 3738 2631 3776 non
2666 3737 2727 3775 se
2750 3718 3110 3773 continuisse
3135 3715 3289 3769 intra
3314 3715 3457 3768 lines
3484 3728 3652 3765 merae

2007 3812 2502 3868 dissimulationis
2535 3814 2635 3864 aut
2667 3808 2905 3874 silentii,
2931 3806 3031 3862 sed
3067 3813 3340 3875 praeterea
3370 3802 3569 3865 etiam,
3592 3803 3654 3853 ut

2008 3900 2347 3974 imperatori
2380 3899 2870 3971 gratiﬁcarentur,
2888 3894 3253 3967 significasse
3276 3890 3503 3960 placere
3537 3886 3648 3941 sibi

2009 3992 2363 4047 mentionem
2389 3988 2611 4043 illatam
2638 3988 2707 4041 ab
2741 4001 2805 4040 eo
2841 3984 3021 4056 pacis,
3056 3980 3363 4036 manileste
3395 3978 3653 4032 afﬁrmat

2007 4082 2239 4147 Noster,
2273 4084 2337 4135 ut
2366 4076 2733 4134 ostendimus
2795 4072 3067 4144 superius
3123 4070 3298 4125 verbo
3355 4065 3653 4136 κνώμενοι.

2008 4172 2195 4235 Quare
2227 4186 2341 4224 non
2399 4166 2532 4223 illos
2596 4160 2981 4237 μαμακοῦθους
3048 4164 3149 4215 aut
3209 4153 3518 4230 μακούθους
3569 4154 3660 4208 id-

2009 4262 2161 4316 circo
2212 4257 2456 4323 vocavit,
2511 4258 2568 4324 [P
2601 4256 2724 4326 399]
2761 4254 2914 4324 quod
2970 4247 3375 4306 simulaverint
3424 4261 3485 4302 se
3544 4260 3657 4298 non

2008 4351 2234 4417 audire,
2270 4351 2370 4404 sed
2404 4347 2562 4419 quod
2594 4343 3017 4400 declaraverint
3048 4340 3159 4395 sibi
3210 4335 3445 4415 probari
3502 4334 3658 4405 quod

2008 4440 2463 4512 proponebatur,
2516 4436 2672 4491 haud
2715 4434 2859 4490 satis
2909 4431 3276 4503 providentes
3326 4426 3466 4497 quid
3525 4423 3661 4478 inde

2008 4534 2459 4584 consecuturum
2498 4530 2673 4589 esset,
2710 4524 2766 4577 in
2800 4516 3425 4593 qu0ponitstultitiam
3458 4528 3657 4569 eorum

240 4609 373 4685 ρὸς.
400 4612 608 4669 Verum
656 4632 761 4688 ego
804 4635 918 4672 non
973 4619 1177 4675 dubito
1219 4621 1358 4691 quin
1415 4621 1475 4675 in
1509 4638 1615 4677 suo
1674 4622 1901 4677 meliori
1929 4607 1977 4673 Ι)
2011 4618 2120 4674 hoc
2143 4619 2314 4673 verbo
2347 4615 2785 4688 reprehensam.

236 4701 571 4773 exemplari
619 4703 1008 4779 Pacbymercs
1076 4709 1282 4781 legerit
1318 4709 1715 4782 μαμοὶκουοοςε
1753 4712 1904 4766 unde

237 4788 345 4845 hic
373 4791 572 4861 posuit
605 4795 974 4865 μαμάκοοθοι.
1010 4798 1073 4852 Id
1107 4798 1315 4870 colligo
1348 4817 1414 4854 ex
1448 4801 1771 4865 Eustathio,
1804 4801 1903 4871 qui

231 4878 342 4949 (ad
376 4895 429 4933 V.
459 4880 567 4934 562
598 4887 653 4936 et
680 4884 785 4937 563
828 4886 933 4941 0d.
966 4905 1020 4955 κ,
1058 4884 1349 4960 Ἐλπήνωρ
1394 4884 1448 4940 δέ
1485 4908 1568 4947 τις
1610 4885 1729 4941 in:
1767 4888 1903 4941 νεώ-

226 4986 429 5037 τατος,
484 4964 606 5023 οὔτε
652 4991 703 5024 τι
755 4970 880 5041 λίην
937 4972 1173 5047 ἄλκιμος
1223 4973 1536 5048 ἐνπολέμῳ
1569 4973 1691 5030 οὔτε
1718 4975 1899 5052 φρεσὶν

228 5053 370 5130 ᾖσιν
409 5055 649 5131 ἀρηρώς)
703 5063 921 5119 multos
970 5081 1324 5122 enumerans
1374 5068 1613 5122 stultitas
1660 5067 1906 5123 infamia

230 5144 530 5213 celebres,
548 5152 973 5223 postSannam,
996 5156 1324 5224 Coroebum,
1343 5157 1625 5229 Margiten
1651 5175 1901 5230 quorum

234 5234 562 5293 notissima
595 5240 885 5297 dementia
936 5244 992 5298 in
1028 5245 1399 5315 proverbium
1432 5251 1488 5301 et
1535 5263 1795 5302 scomma
1822 5245 1903 5300 si-

231 5324 375 5380 mili
408 5324 547 5381 vitio
600 5327 999 5387 laborantium
1043 5334 1362 5403 transierit,
1426 5335 1545 5390 haec
1590 5334 1899 5406 adjungit:

225 5412 493 5484 ⁶Ομοίως
549 5412 606 5469 δὲ
662 5417 752 5472 καὶ
800 5419 892 5473 τὸν
955 5421 1368 5495 Μαμμάκουοον
1428 5423 1638 5477 καὶτὸν
1672 5420 1907 5478 Μελιτί-

229 5499 345 5571 δην
404 5502 493 5557 καὶ
547 5506 641 5559 τὸν
704 5507 1080 5585 Ἀμφιετίδην,
1143 5509 1195 5567 o'l
1252 5507 1536 5584 διαϐόητοι
1582 5511 1669 5567 ἐπὶ
1723 5510 1904 5588 μωρίᾳ

322 5718 403 5791 (1)
436 5720 520 5776 Cf.
556 5722 814 5782 Glossar.
842 5727 1088 5813 alterum
1123 5730 1231 5807 sub
1264 5731 1457 5813 verbo.

2090 4704 2343 4768 Μανδύας
2375 4724 2430 4778 p.
2462 4705 2589 4757 262.
2623 4700 2870 4771 Hesych.
2924 4693 3178 4757 Μανδύας
3239 4691 3381 4755 εἶδος
3439 4690 3662 4764 ἱματίου

2013 4800 2233 4872 Περσῶν
2262 4790 2588 4865 πολεμικόν.
2630 4793 2792 4846 Forte
2821 4786 3150 4860 πολεμικοῦ.
3203 4783 3537 4872 Eustathius
3585 4782 3661 4872 ad

2014 4871 2118 4944 0dr.
2152 4906 2206 4955 τ,
2265 4884 2375 4940 sub
2408 4881 2803 4955 principium;
2839 4875 3032 4938 Α’ίλιος
3072 4872 3352 4936 Διονύσιος
3382 4871 3525 4945 λέγει
3577 4871 3659 4924 ὅτι

2015 4975 2274 5051 Περσικὸν
2334 4971 2510 5045 ὄνομα
2567 4969 2656 5025 καὶ
2712 4970 2738 5023 ὁ
2806 4965 3065 5041 μανδῦας.
3129 4966 3313 5020 Ἔοικε
3371 4959 3447 5030 δὲ,
3504 4959 3659 5037 φησῖ,

2016 5063 2269 5143 emax-ﬂ.
2305 5066 2398 5121 Ait
2427 5062 2605 5118 .xElius
2635 5060 2930 5132 Dionysius
2959 5055 3244 5113 Persicum
3291 5069 3405 5108 esse
3458 5066 3660 5105 nomen

2013 5138 2333 5226 mandyam.
2366 5154 2579 5207 Similis
2600 5154 2783 5206 autem
2812 5156 2891 5203 est
2920 5147 3155 5218 penulae.
3188 5144 3422 5199 Veteres
3453 5138 3659 5211 glossae

2014 5246 2325 5302 verborum
2352 5242 2527 5314 juris,
2567 5236 2805 5313 μανδῦας
2838 5236 3079 5309 ἱμάτιον,
3110 5233 3171 5287 τὸ
3219 5229 3519 5306 λουρίκιον.
3550 5227 3659 5282 Sed

2017 5335 2139 5390 haec
2175 5339 2238 5389 ut
2268 5333 2421 5388 tiara
2450 5336 2506 5387 et
2537 5330 2649 5385 alia
2679 5345 2811 5385 cum
2846 5345 2936 5382 res
2960 5331 3083 5380 tum
3119 5323 3357 5378 nomina
3386 5319 3455 5373 ad
3489 5332 3658 5370 usnm

2017 5440 2313 5479 sacrorum
2345 5426 2485 5477 sunt
2513 5419 2820 5475 translata.
2846 5419 3019 5471 Docet
3044 5409 3477 5468 eruditissimus
3496 5408 3665 5459 Pater

2015 5515 2167 5570 Goar
2197 5513 2261 5570 Ο.
2296 5511 2552 5581 P.(notis
2572 5509 2642 5566 ad
2668 5509 2902 5563 Missam
2927 5505 2983 5560 S.
3013 5501 3257 5559 Joannis
3271 5491 3663 5567 Cbrysostomi
