3978 6182
370 371 511 428 1043

1422 359 1484 408 Ρ.
1527 355 1806 410 POSSINI
1844 349 2462 406 OBSERVATIONUM
2501 351 2635 406 LIB.
2679 353 2718 403 Ι.

3601 354 3707 408 to“

371 515 429 570 Ρ,
463 494 554 551 sui
585 485 922 558 Euchologii
955 484 1099 556 113),
1136 481 1317 538 fuisse
1349 478 1662 570 mandyam
1693 476 2020 570 interponi
2042 471 2096 538 Α
2126 473 2418 546 virginum
2451 473 3092 547 patriciarum,quibus
3125 473 3213 529 illi
3252 473 3509 548 deinceps
3542 482 3712 534 matro-

373 563 617 640 tiflcales
646 580 836 633 vestes
868 576 924 630 id
957 574 1111 645 quod
1138 588 1384 644 cappum
1405 569 1523 626 sive
1548 565 1804 641 pluviale
1835 563 2024 620 Latini

376 668 845 726 Christianorum
881 665 1104 719 rituum
1150 661 1512 732 expositores
1554 661 1782 713 vocant.
1835 660 1880 708 A
1915 671 2027 724 qua

2137 565 2230 620 nis
2261 563 2440 635 ampli
2463 581 2529 620 ac
2559 565 2710 620 beati
2747 565 2954 620 forent.

2210 647 2707 729 Μεγαλοϐλαχῖται
2743 655 2920 726 p.83.
2982 654 3046 709 In
3106 653 3201 709 his
3260 655 3579 725 apponenda
3619 664 3721 728 post

376 774 484 814 nec
508 759 693 812 forma
715 770 819 809 nec
851 754 1086 808 notione
1105 751 1356 806 multum
1383 749 1549 804 abest
1574 745 1824 818 penula;
1850 757 2027 815 quam
2137 742 2856 816 xalaivdistinctiunculaa,
2873 745 3077 803 notula
3102 746 3229 812 fuit,
3252 763 3373 816 quae.
3396 763 3526 801 mss.
3548 747 3720 816 deerat;

381 848 454 903 ad
488 860 788 902 sacrorum
823 860 992 898 usum
1019 842 1144 912 jam
1177 847 1296 895 tum
1334 839 1404 893 ab
1446 835 1782 909 apostolicis
1803 849 2030 890 accom-

383 937 680 993 modatam
712 932 1079 1005 temporibus
1112 947 1226 985 non
1261 927 1554 983 immerito
1571 925 1678 980 viri
1705 920 2030 980 doctissimi

385 1025 764 1098 suspicantur
795 1039 863 1078 ex
893 1020 1060 1078 Pauli
1092 1020 1215 1075 loco
1249 1018 1296 1074 II
1329 1018 1401 1073 ad
1432 1016 1582 1072 Tim.
1632 1033 1707 1082 1v,
1761 1013 1844 1068 13.
1904 1010 2036 1066 Fuit

387 1120 666 1188 praeterea
698 1113 981 1184 mandyas
1010 1109 1245 1182 propria
1279 1107 1698 1162 monachorum
1759 1101 1935 1158 vestis
1969 1117 2038 1155 ex

387 1203 654 1260 humeris
694 1202 765 1257 ad
799 1201 975 1272 pedes
999 1214 1186 1268 usque
1213 1196 1472 1251 deﬂuens
1489 1199 1544 1249 et
1559 1196 1744 1247 totum
1770 1189 2037 1245 ambiens

391 1309 625 1364 corpus,
681 1309 714 1345 a
761 1294 925 1362 parte
983 1286 1108 1343 sola
1164 1284 1441 1340 anteriori
1501 1287 1754 1354 aperta;
1805 1276 2038 1350 qualem

392 1383 570 1438 etiam
630 1379 688 1434 in
739 1377 998 1434 Ecclesia
1055 1377 1252 1432 Graeca
1320 1374 1568 1429 retinere
1627 1371 1683 1426 in
1744 1369 2040 1442 ponfieatu

396 1472 552 1528 580
583 1469 620 1524 ii
654 1467 922 1524 solebant
952 1467 1052 1538 qui
1099 1469 1266 1521 erant
1296 1481 1363 1518 ex
1424 1459 1730 1516 monachis
1768 1454 2040 1530 promoti.

395 1561 476 1616 Ex
496 1575 608 1631 quo
639 1574 849 1630 genere
881 1573 1013 1610 cum
1046 1559 1198 1610 esset
1229 1551 1507 1608 Arsenius
1539 1567 1606 1605 ex
1638 1543 2042 1620 Apolloniensi

397 1648 752 1706 monasterio
811 1647 882 1701 ad
944 1646 1220 1700 thronum
1268 1640 1717 1714 patriarchalem
1780 1637 1918 1693 olim
1951 1652 2043 1690 as-

401 1743 699 1811 sumptus,
732 1740 797 1790 ut
824 1734 1004 1790 tradit
1036 1737 1322 1804 Gregoras
1364 1731 1402 1786 l.
1436 1747 1522 1800 ιιι,
1558 1747 1672 1784 non
1732 1727 1944 1782 mirum
1995 1723 2047 1779 si

404 1827 718 1899 mandyam
749 1824 925 1880 etiam
973 1829 1135 1879 extra
1184 1838 1380 1876 sacras
1412 1822 1665 1892 gestaret
1697 1815 2043 1872 functiones.

403 1917 552 1973 Nam
584 1913 737 1970 civili
769 1918 825 1969 et
855 1910 1148 1968 ordinario
1172 1910 1382 1966 vestitu
1410 1908 1590 1963 fuisse
1614 1912 1752 1962 tunc
1775 1905 2050 1959 indutum

303 1997 310 2002 ’
413 2005 607 2072 illum,
641 2019 775 2059 cum
827 2001 1097 2074 privatim
1147 2003 1205 2054 et
1254 1997 1618 2054 familiariter
1648 1995 2060 2066 imperatorem

417 2091 578 2148 domi
604 2108 724 2147 suae
758 2089 1054 2158 inviseret,
1087 2104 1181 2142 res
1209 2086 1338 2158 ipsa
1382 2085 1583 2156 exigit.
1641 2083 1914 2138 Nondum
1969 2096 2063 2134 me

418 2180 660 2256 pcenitet
693 2175 1164 2250 μανδῦανείιοιιιιηι
1198 2174 1471 2248 penulam
1499 2173 1609 2228 hoc
1637 2173 1762 2228 loco
1795 2169 2061 2235 vertisse;

412 2278 471 2329 et
501 2271 602 2343 qui
634 2269 1196 2342 perpenderintquze
1225 2266 1296 2322 de
1327 2263 1553 2338 penula:
1587 2264 1775 2318 forma
1799 2266 1856 2318 et
1889 2276 1999 2315 usu
2032 2275 2062 2312 a

408 2361 706 2418 veteribus
738 2359 1075 2427 traduntur,
1107 2360 1163 2412 et
1193 2373 1260 2412 ea
1285 2371 1418 2410 cum
1452 2352 1685 2409 traditis
1715 2352 1786 2406 de
1816 2349 2066 2420 mandya

407 2449 786 2514 contulerint,
816 2447 975 2502 haud
1010 2445 1286 2515 multum,
1321 2449 1386 2499 ut
1425 2459 1596 2515 spero
1626 2439 2062 2512 repugnabunt.

406 2537 556 2593 Vide
591 2542 647 2592 et
675 2536 964 2592 Godinum
994 2533 1210 2606 sapius
1241 2549 1439 2589 vocem
1491 2525 1724 2603 μανδύας
1778 2543 2064 2598 usurpan-

409 2632 553 2684 tem.

481 2711 850 2788 Μαρμούτζας
886 2732 940 2787 p.
980 2713 1106 2768 283.
1169 2707 1536 2786 Μαρμούτζαν
1599 2705 2065 2782 προσωνόμαζον.

414 2805 823 2880 προσάπτοντες
896 2797 1072 2875 ὄνομα
1138 2799 1436 2874 Περσικόν.
1500 2801 1636 2855 Erat
1687 2797 1863 2869 igitur
1915 2796 2072 2868 Μαρ-

423 2894 661 2970 μούτζας
695 2911 909 2951 nomen
943 2894 1133 2949 Persis
1159 2891 1483 2958 familiare;
1518 2889 1674 2962 quod
1706 2887 1764 2941 in
1806 2901 1870 2940 ea
1901 2890 2072 2956 gente

415 2986 588 3043 multi
623 2984 926 3058 proprium
961 2984 1261 3038 haberent.
1298 2981 1358 3036 Id
1384 2985 1578 3035 autem
1605 2977 1819 3033 ideirco
1843 2992 1876 3030 a
1897 2973 2073 3029 male-

419 3079 569 3135 dicis
600 3078 892 3133 Germano
925 3075 1358 3148 imponebatur,
1378 3071 1533 3144 quod
1565 3071 1634 3139 is,
1654 3074 1719 3125 ut
1741 3066 1914 3140 paulo
1943 3069 2074 3137 post

417 3168 650 3234 dicitur,
675 3166 1044 3222 remotiorem
1065 3163 1350 3236 originem
1383 3161 1614 3233 generis
1645 3177 1676 3214 a
1709 3158 1900 3214 Gabra
1931 3155 2074 3209 urbe

420 3257 697 3326 Persidis,
744 3257 1222 3329 propinquiorem
1271 3271 1303 3308 a
1354 3253 1516 3308 Lazis
1567 3251 1826 3306 duceret.
1887 3247 2073 3302 Codex

418 3347 590 3402 Allat.
617 3348 970 3419 Μαρκουτζᾶν
1003 3345 1162 3416 legit,
1198 3358 1523 3414 anonymus
1558 3356 1691 3395 vero
1735 3355 1847 3392 ms.
1902 3352 2074 3407 quem

419 3435 668 3493 Allatius
699 3435 977 3490 exscribit
1007 3433 1065 3487 in
1115 3431 1361 3486 Exercit.
1405 3435 1608 3484 contra
1657 3429 2074 3499 Creygtonum,

420 3542 479 3598 p.
542 3525 670 3590 605,
733 3519 1122 3597 Μαλχουτζάν.
1184 3521 1256 3574 Et
1331 3521 1576 3576 fortasse
1631 3520 1974 3592 μαρκουτζᾶς
2018 3517 2077 3570 in

420 3614 1065 3686 Barberinolegendum
1093 3613 1221 3682 fuit,
1239 3610 1544 3667 fallentein
1566 3628 1674 3666 ms.
1693 3608 2082 3666 similitudine

425 3707 834 3763 characterum
870 3727 909 3778 μ
938 3711 994 3762 et
1013 3726 1046 3759 κ
1070 3707 1168 3774 (1).

499 3794 730 3870 Μάρπου
763 3796 912 3868 p.28
945 3799 1000 3850 et
1034 3796 1152 3851 102.
1180 3791 1629 3866 Dyrrhachiensi
1655 3789 1928 3862 episcopo
1980 3803 2082 3858 pro

428 3885 707 3942 Michaele
741 3883 1060 3956 Palaeologo
1091 3883 1285 3938 adhuc
1320 3881 1541 3952 privato
1590 3885 1646 3936 et
1673 3885 1800 3935 tum
1853 3874 2084 3949 pericli-

430 3979 593 4032 tante
626 3992 691 4032 ac
723 3973 973 4031 sollicito
1007 3973 1188 4028 Deum
1227 3972 1414 4028 oranti
1466 3970 1664 4026 audita
1700 3985 1810 4024 vox
1842 3967 2088 4021 refertur

428 4066 748 4141 incognita,
791 4065 1014 4121 nullam
1051 4065 1120 4121 ad
1174 4064 1435 4136 linguam
1493 4062 1810 4134 pertinens,
1844 4059 2085 4130 Marpou,

431 4173 608 4227 quam
646 4157 755 4211 sibi
793 4155 1092 4210 recitatum
1127 4153 1356 4209 Manuel
1403 4152 1718 4224 Disypatus
1773 4149 2087 4220 episcopus

429 4242 976 4299 Thessalonicensis
1002 4244 1085 4299 sic
1117 4247 1206 4297 est
1238 4241 1684 4312 interpretatus,
1717 4241 1780 4292 ut
1814 4235 2087 4308 portendi

434 4348 537 4404 per
567 4349 696 4388 eam
729 4332 1040 4404 imperium
1068 4330 1336 4386 Michaeli
1369 4330 1623 4385 diceret:
1652 4325 1897 4382 indicari
1930 4323 2088 4380 enim

433 4423 549 4479 isto
577 4423 875 4495 vocabulo,
911 4439 979 4478 ex
1005 4421 1211 4494 primis
1255 4436 1353 4477 sex
1401 4418 1816 4476 vocabulorum
1876 4415 2090 4470 litteris

437 4511 782 4588 ἀκροστίχως
837 4513 1108 4581 conflato,
1170 4513 1320 4567 hanc
1388 4511 1738 4567 sententiam
1799 4506 2091 4562 divinitus

2141 853 2212 891 ne
2244 836 2359 891 dici
2382 837 2677 892 videretur
2715 835 2998 891 Achillem
3025 837 3152 906 jam
3188 841 3312 890 tum
3365 852 3463 890 suo
3514 839 3722 909 tempore

2141 927 2450 984 Phthiotas
2483 946 2621 984 suos
2652 926 3171 1000 Megaloblachitas
3213 925 3543 998 appellasse.
3571 927 3658 982 Sed
3684 933 3726 983 et

2145 1033 2271 1072 cum
2307 1017 2681 1090 participium
2713 1015 2897 1071 καλῶν
2938 1017 3154 1073 Joanni
3213 1015 3558 1087 adjungitur,
3586 1015 3632 1071 id
3665 1015 3726 1070 ita

2145 1107 2621 1181 intelligendum,
2656 1113 2720 1164 ut
2743 1127 2857 1164 non
2891 1107 3052 1164 solus
3085 1107 3168 1162 ita
3196 1123 3297 1162 eos
3333 1114 3546 1162 vocaret
3570 1123 3582 1161 :
3608 1124 3727 1162 com-

2149 1200 2405 1255 muniter
2431 1199 2571 1258 581
2633 1201 2791 1256 enim
2839 1217 2908 1256 ea
2954 1201 3309 1271 tempestate
3354 1196 3642 1253 invaluerat
3683 1203 3730 1252 ut

2146 1289 2464 1346 Thessaliae
2528 1295 2807 1346 montana
2859 1289 3072 1362 Magna
3147 1287 3387 1344 Blacbia
3432 1292 3734 1344 vocarentur.

2150 1377 2386 1434 Nicetes
2432 1379 2489 1434 in
2532 1378 2820 1434 Balduino
2876 1378 3158 1447 Frandro,
3211 1394 3265 1448 p.
3298 1376 3404 1431 313
3456 1377 3560 1432 ed..
3600 1375 3733 1431 Basil.

2153 1485 2246 1523 an.
2286 1469 2422 1522 1557
2456 1485 2469 1522 :
2507 1465 2626 1522 Ἐπὶ
2679 1463 2736 1520 δὲ
2792 1464 3008 1527 τούτοις
3059 1463 3150 1518 καὶ
3183 1460 3357 1518 ἄλλος
3414 1484 3490 1526 τις
3540 1463 3598 1517 τὰ
3643 1469 3740 1517 Θετ-

2151 1552 2343 1616 ταλίας
2400 1555 2648 1630 κατέχων
2714 1554 2959 1631 μετέωρα
2993 1599 3006 1624 ,
3069 1551 3104 1608 ἂ
3158 1557 3249 1607 νῦν
3321 1551 3520 1629 μεγάλη
3572 1550 3741 1626 {Dialis

2153 1641 2530 1715 κικλήσκεται,
2572 1647 2865 1720 τοπάρχης
2897 1645 2963 1713 ἦν
2989 1647 3097 1699 τῶν
3131 1641 3262 1701 ἐκεῖ.
3295 1643 3498 1715 Hujus,
3523 1643 3609 1717 qui
3636 1648 3743 1698 tem-

2158 1752 2295 1806 pore
2328 1736 2596 1790 Balduini
2624 1735 3136 1807 Megaloblacbitis
3167 1733 3602 1806 imperitaverat,
3631 1749 3744 1788 unus

2079 1847 2128 1912 Β
2156 1840 2187 1879 e
2217 1825 2658 1881 successoribus
2694 1823 2804 1880 fuit
2835 1823 2926 1880 hic
2947 1823 3203 1880 Joannes
3230 1823 3522 1879 Michaelis
3550 1823 3748 1894 despote

2172 1914 2505 1982 nothus,de
2549 1931 2662 1986 quo
2695 1913 2791 1970 hic
2847 1914 3258 1987 Pachymeres.
3321 1912 3572 1970 Meminit
3615 1911 3746 1967 etiam

2176 2000 2417 2076 μεγάλης
2448 1999 2699 2077 Βλαχίας
2757 2004 3042 2076 Georgius
3072 2005 3343 2077 Acropol.
3370 2005 3499 2060 Hist.
3545 2005 3665 2058 sect.
3691 2000 3754 2065 t5,

2173 2111 2230 2166 p.
2262 2095 2335 2148 23
2370 2095 2460 2150 ed.
2493 2100 2636 2167 Reg.
2671 2099 2724 2149 et
2759 2099 2898 2150 sect.
2933 2097 3023 2158 38.
3056 2113 3112 2167 p.
3143 2096 3232 2150 33.

2245 2181 2454 2238 Μὲλεοι
2499 2201 2554 2256 p.
2589 2186 2714 2242 478.
2746 2184 2816 2237 Τὸ
2851 2181 2908 2238 δὲ
2957 2190 3058 2252 τῆς
3111 2183 3300 2260 μάχης
3358 2215 3426 2226 -
3479 2181 3564 2255 μὶν
3607 2177 3760 2255 ἐφεῖτο.

2175 2275 2303 2330 Hinc
2334 2275 2504 2330 valde
2536 2274 2811 2347 perplexa
2844 2280 3002 2344 sunt,
3036 2291 3200 2330 more
3232 2292 3297 2331 ac
3334 2274 3523 2330 indole
3538 2271 3760 2334 auctoris,

2177 2381 2292 2420 non
2325 2380 2457 2419 raro
2508 2367 2772 2436 quaedem
2808 2363 3111 2420 dimidiata
3163 2364 3546 2438 congerentis.
3574 2360 3764 2416 Videtur

2177 2457 2372 2510 autem
2408 2453 2501 2509 hic
2522 2454 2864 2510 summatim
2893 2458 2952 2510 et
2997 2453 3250 2526 fastagia
3281 2469 3523 2526 carpens
3566 2451 3766 2505 indicare

2179 2561 2308 2616 quae
2367 2547 2566 2598 essent
2622 2547 2764 2598 tunc
2811 2542 3117 2599 hominum
3169 2541 3422 2615 querela
3473 2543 3539 2598 de
3581 2536 3762 2610 scriptis

2177 2633 2366 2689 Veeci.
2424 2633 2598 2688 Porro
2647 2650 2755 2688 vox
2806 2631 2994 2705 μέλεοι
3044 2633 3128 2690 sic
3175 2633 3258 2689 ibi
3301 2635 3547 2706 abrupta
3588 2629 3766 2703 pendet,

2180 2725 2418 2796 punctis
2448 2723 2645 2778 clausa
2678 2723 2734 2778 in
2769 2727 3018 2795 utroque
3052 2740 3142 2778 ms
3176 2723 3216 2778 Β
3243 2727 3305 2778 et
3361 2725 3406 2778 A
3437 2739 3450 2776 :
3509 2736 3626 2776 nam
3655 2715 3768 2771 Vati-

2181 2828 2365 2868 canus
2397 2811 2554 2867 hunc
2585 2811 2802 2878 locum,
2834 2817 2898 2867 ut
2927 2813 3317 2869 fere‘caateros
3350 2810 3765 2878 difﬁciles,secu-

2181 2918 2284 2957 rus
2313 2901 2588 2957 transilit.
2627 2899 2866 2971 Μὲλεον,
2901 2907 2965 2957 ut
2989 2906 3192 2958 notum
3227 2906 3342 2973 est,
3400 2899 3664 2972 signiﬁcat
3700 2896 3766 2949 in-

2182 3008 2434 3054 cassum;
2462 2993 2615 3048 unde
2650 2997 2707 3048 et
2739 3009 2950 3048 nomen
2999 2990 3197 3065 μέλεος
3229 2997 3342 3058 est,
3371 3007 3574 3047 vanum
3602 2993 3649 3044 et
3695 3001 3764 3040 su-

2184 3098 2610 3154 pervacaneum
2643 3099 2883 3138 sonans.
2910 3083 2968 3138 Si
2987 3082 3401 3137 emendatione
3417 3079 3679 3136 curandus
3702 3073 3769 3128 hic

2191 3172 2353 3226 locus
2386 3176 2559 3242 esset,
2594 3175 2794 3243 posset
2825 3172 3064 3226 rescribi
3092 3168 3313 3241 μέλεον,
3339 3176 3403 3225 ut
3423 3167 3772 3234 intelligeretur

2190 3261 2470 3331 dogmata
2497 3260 2996 3328 moverirfrnstrn,
3029 3261 3356 3328 incassum,
3410 3253 3768 3328 intempestive.

2187 3351 2298 3406 Sed
2333 3349 2543 3405 melius
2573 3348 2718 3404 citra
2749 3347 2930 3404 uliam
2964 3349 3020 3403 in
3045 3354 3322 3405 contextu
3347 3347 3694 3404 mutationem
3710 3341 3770 3394 in-

2190 3437 2446 3510 telligem
2458 3454 2525 3493 us
2539 3435 2983 3493 commemorari
3003 3437 3331 3494 summarie
3345 3442 3401 3493 et
3426 3452 3513 3509 per
3535 3430 3769 3489 inchoalss

2188 3532 2419 3582 tantum
2452 3527 2685 3590 seetias,
2719 3543 2846 3597 qua
2879 3531 3018 3581 tunc
3077 3543 3176 3582 ore
3231 3525 3396 3599 vulgi
3445 3528 3630 3581 contra
3671 3521 3772 3571 Vw

2192 3633 2321 3672 cum
2356 3621 2413 3671 et
2444 3618 2492 3671 ei
2528 3617 2890 3689 adgerentes
2913 3617 3322 3688 jactabantur,
3373 3615 3495 3670 base
3535 3609 3772 3668 nimirum,

2191 3706 2395 3762 moveri
2407 3707 2477 3761 ab
2492 3706 2561 3761 ad
2573 3705 2708 3778 ipsis
2721 3707 3098 3778 intempestive
3116 3706 3404 3776 dogmata.
3438 3706 3594 3759 Varios
3611 3695 3773 3755 (δεξιω-

2193 3798 2370 3852 mines
2400 3802 2448 3851 et
2480 3797 2676 3851 inania
2730 3797 3014 3852 miscentes
3062 3795 3276 3868 jurgia,
3332 3806 3444 3852 etc.
3504 3788 3776 3863 Explerique

2195 3885 2549 3958 incomplete
2575 3885 2760 3941 oratio
2796 3890 2995 3958 posset
3025 3885 3342 3956 repetendo
3373 3883 3432 3937 τὸ
3461 3883 3538 3936 ὅτι
3569 3875 3775 3951 superius

2195 3975 2476 4047 positum,
2527 3975 2586 4030 in
2639 3975 2795 4030 hunc
2840 3975 3109 4042 modum,
3157 3971 3240 4027 ὅτι
3296 3966 3775 4041 κινοῦνταιδόγματα,
3886 3979 3887 4047 l

2198 4061 2279 4117 ὅτι
2313 4062 2500 4136 μέλεοι
2533 4061 2656 4130 εἰσι,
2691 4069 2799 4119 etc.
2855 4067 2982 4120 Mox
3014 4063 3213 4120 recitat
3240 4064 3426 4120 verba
3481 4061 3598 4135 ipsa
3637 4067 3777 4126 repre-

2197 4154 2584 4210 hendentium
2615 4152 2869 4209 Veccum
2910 4157 2967 4209 et
2997 4169 3276 4226 sequaces
3310 4153 3440 4225 ejus
3492 4168 3504 4206 :
3535 4148 3650 4206 Εἶτα
3693 4142 3780 4213 ὑμῖν

2198 4240 2401 4319 ἐφεῖτο,
2435 4248 2545 4300 etc.

2275 4330 2532 4400 Μεσάζων
2589 4350 2646 4405 p.
2717 4333 2844 4388 352.
2924 4333 3257 4389 Chronicon
3347 4318 3778 4393 Constantinopnl.

2205 4420 2506 4493 μεσάζοντα
2528 4438 2740 4478 nomen
2777 4421 3082 4494 dignitatis
3128 4423 3420 4493 agnoscit,
3481 4431 3638 4492 quam
3685 4422 3778 4465 cum

2205 4513 2402 4585 magni
2435 4513 2622 4582 ducis,
2657 4514 2854 4586 magni
2889 4512 3194 4569 domestici
3238 4517 3299 4568 et
3330 4503 3726 4584 protostratoris
3746 4500 3783 4552 et

437 4586 738 4661 ostensam
780 4621 791 4658 :
828 4603 1064 4660 Michael
1121 4602 1398 4671 Augustus
1456 4602 1821 4656 Romanorum
1878 4596 2092 4651 Palaeo-
2125 4586 2171 4649 D
2204 4603 3034 4676 protovestiariidignitatibus
3055 4601 3443 4673 amplissimis
3471 4593 3781 4669 comparat,et

441 4695 594 4766 logus
623 4695 772 4750 ocius
800 4695 1100 4750 vocabitur.
1142 4693 1235 4747 Sic
1266 4692 1470 4746 Latine
1513 4688 1909 4760 expressimus
1967 4701 2090 4740 ser-

441 4790 574 4841 vata
622 4786 1043 4841 elementorum
1107 4782 1349 4838 veritate
1400 4781 1499 4836 illa
1552 4781 1793 4836 Graeca:
1853 4771 2092 4849 Μιχαὴλ

443 4871 570 4946 ἅναξ
599 4875 890 4947 Ῥωμαίων
925 4870 1306 4945 Παλαιολόγος
1337 4869 1500 4943 ὀξέως
1537 4867 1928 4942 ὑμνηθήσεταιο

514 4967 599 5040 [Ρ.
636 4968 760 5039 400]
793 4964 1066 5040 Ματρώνα
1096 4983 1154 5037 p.
1188 4965 1278 5018 33.
1312 4969 1588 5020 Matronae
1618 4977 1828 5016 nomen
1854 4955 2096 5013 inveteri

440 5074 553 5113 usu
579 5057 975 5112 Romanorum
998 5057 1168 5111 sonat
1191 5052 1490 5108 mulierem
1517 5050 1823 5124 patriciam
1846 5053 1902 5104 et
1924 5051 2096 5120 gente

441 5146 721 5202 nobilem.
755 5146 1025 5202 Clemens
1072 5144 1129 5199 in
1165 5143 1319 5198 Actis
1362 5142 1515 5198 Petri
1545 5141 1653 5201 εὩς
1712 5136 1940 5192 καὶτῶν
1999 5133 2093 5188 εὖ-

437 5239 605 5312 γενῶν
656 5239 924 5312 γυναικῶν
977 5233 1071 5294 τὰς
1120 5229 1595 5306 περιφανεστὲρας,
1637 5228 1727 5282 καὶ
1759 5225 1818 5287 ἃς
1850 5226 1876 5280 ὁ
1924 5223 2094 5298 λόγος

444 5325 732 5399 ματρώνας
768 5322 876 5379 οἶδε
908 5321 1118 5380 καλεῖν.
1157 5323 1239 5379 Ait
1267 5339 1402 5395 ergo
1426 5322 1625 5378 Coster
1649 5317 1886 5374 solitum
1919 5316 2098 5370 Theo-

441 5417 651 5472 dorum
686 5419 1018 5488 Augustum
1070 5414 1210 5468 viris
1259 5415 1432 5468 domo
1485 5410 1726 5464 minime
1777 5403 2096 5472 nobilibus,

445 5510 719 5563 caeterum
777 5505 933 5579 apud
966 5521 1029 5561 se
1046 5501 1346 5576 gratiosis,
1375 5498 1686 5556 conciliare
1723 5493 2099 5551 matrimonia

528 5722 605 5791 (1)
635 5721 720 5777 Cf.
749 5719 1006 5776 Glossar.
1039 5717 1208 5773 alter.
1243 5734 1296 5771 v.
1334 5711 1744 5776 Μεσιτιύοντις.

2204 4707 2332 4745 eam
2362 4695 2503 4746 tunc
2536 4692 2815 4748 tributam
2851 4697 3136 4747 memorat
3165 4691 3402 4747 cuidam
3435 4690 3784 4747 Cantacuzeno,

2207 4784 2491 4852 quef’erat
2524 4781 2745 4837 familia
2778 4797 2846 4836 ex
2879 4780 3202 4854 primariis.
3255 4779 3421 4835 Unde
3473 4771 3781 4842 intelligimus

2209 4869 2658 4941 magistratusid
2680 4887 2891 4926 nomen
2917 4869 3100 4926 fuisse
3123 4870 3181 4923 in
3205 4861 3785 4936 Constantinopolitana

2207 4957 2340 5013 aulo
2373 4959 2432 5014 in
2477 4959 2684 5032 primis
2715 4959 3034 5031 splendidi,
3069 4960 3161 5014 cui
3197 4957 3567 5030 proportione
3595 4945 3783 5008 similem

2208 5050 2362 5120 apud
2387 5066 2527 5106 suos
2558 5050 2771 5105 Serbos
2797 5049 2886 5103 hic
2912 5053 3274 5104 memoratus
3298 5045 3578 5119 Georgius
3603 5034 3785 5114 gereret.

2205 5142 2584 5210 Sequestrum
2619 5139 2820 5194 Latine
2851 5137 3043 5194 dicere
3068 5142 3328 5210 poteram
3359 5155 3371 5194 :
3407 5136 3504 5192 sed
3536 5147 3649 5188 cum
3671 5123 3786 5190 sit,nt

2209 5227 2322 5282 dixi
2357 5233 2413 5282 et
2451 5228 2746 5284 Meursius
2776 5227 3071 5297 observat,
3101 5227 3408 5299 dignitatis
3440 5219 3663 5298 proprias
3683 5214 3785 5270 (ir-0'

2208 5333 2407 5372 corum
2443 5333 2680 5385 nomen,
2714 5316 2998 5372 usitatum
3035 5317 3178 5389 ipsis
3211 5315 3553 5372 vocabulum
3602 5305 3784 5365 retineri:x

2209 5406 2394 5462 satius
2427 5412 2515 5461 est
2543 5406 2733 5461 visum
2761 5405 2856 5475 (2).

2282 5494 2344 5567 [P
2376 5495 2502 5568 401]
2534 5491 2833 5558 Μεσοθινία
2859 5492 2950 5548 καὶ
2981 5497 3328 5559 Μεσοθινῖται
3390 5511 3450 5567 p.
3482 5491 3598 5548 3|0.
3645 5482 3785 5542 ΑΙὶιεο

2283 5712 2362 5784 (2)
2386 5713 2467 5768 Cf.
2499 5710 2856 5770 Glossarium
2887 5709 3158 5770 alterum.
