3968 6202
260 370 405 425 1045

1738 379 2219 437 GLOSSARIUM.

3546 389 3683 444 1046

254 514 388 563 nas,
422 496 544 552 sive
568 502 631 553 ut
654 496 993 555 Eustathius
1021 499 1394 556 scribendum
1420 502 1679 574 praecipit
1707 503 1912 575 pleris-
1942 506 1996 571 Α
2027 506 2202 573 dicta,
2237 508 2583 579 eurupeudio
2618 508 3343 580 militariterloquentihus
3374 514 3499 566 tum
3536 513 3680 572 forte

255 604 381 659 que
424 604 537 642 non
573 588 1140 659 obtemperantibus,
1179 590 1505 659 llalizonos,
1560 596 1914 648 memoratos

252 678 853 748 Homero,Horodoto,
870 680 1159 749 Straboni,
1176 680 1467 750 Stephano
1491 689 1541 737 et
1565 681 1909 753 aliis,quan-

254 784 438 841 quam
472 784 608 824 cum
632 768 831 841 aliqua
860 769 1164 841 scriptura:
1200 770 1502 841 varietate,
1531 771 1776 844 Scythiae
1806 773 1915 827 Eu-

256 876 463 931 ropeeae
486 859 755 931 populos,
779 858 1078 913 communi
1104 860 1329 915 Graeciaa
1364 862 1687 933 Byzantina:
1710 877 1913 917 recen-

254 949 428 1005 tioris
460 948 709 1003 dialecto
728 948 1097 1004 Mesothinitas
1111 950 1296 1005 dictos
1311 951 1665 1005 credendum
1690 950 1915 1006 scilicet

248 1038 631 1110 Pascbymeri
663 1042 772 1094 est.
804 1039 889 1093 Ad
922 1038 1365 1111 intelligendam
1414 1044 1612 1095 autem
1646 1041 1775 1111 ejus
1809 1058 1909 1113 ap-

247 1125 593 1199 pellationis
629 1128 911 1184 rationem
949 1127 1226 1199 effulgere
1257 1128 1410 1185 582
1448 1130 1595 1185 forte
1615 1129 1715 1185 lux
1740 1130 1910 1184 nobis

247 1234 282 1272 a
316 1215 508 1273 Plinio
541 1218 771 1289 poterit,
797 1217 894 1289 qui
933 1215 974 1271 l.
1024 1234 1077 1287 v,
1111 1235 1160 1272 c.
1226 1218 1295 1272 30
1353 1217 1709 1274 Halisernem
1773 1219 1909 1290 (nisi

245 1322 418 1362 error
447 1306 505 1361 in
537 1307 831 1379 scriptura
861 1306 969 1378 est)
1008 1323 1208 1362 eorum
1258 1306 1550 1363 civitatem
1602 1307 1660 1362 in
1713 1324 1779 1363 ea
1811 1325 1910 1364 ora

246 1397 498 1454 collocat
526 1416 697 1471 quam
720 1399 882 1454 idem
916 1398 1128 1454 deinde
1159 1414 1187 1454 c
1218 1400 1285 1454 32
1316 1417 1348 1453 a
1389 1399 1611 1471 Thynia
1663 1401 1906 1456 univer-

244 1504 379 1543 sam
405 1489 570 1543 docet
596 1488 945 1552 habitatam,
981 1488 1135 1543 unde
1161 1490 1316 1559 quod
1345 1488 1403 1544 in
1442 1490 1636 1544 media
1677 1490 1907 1562 Thynia

242 1582 452 1633 essent
484 1577 646 1633 facile
663 1576 989 1650 Mesothyni
1021 1596 1053 1632 a
1083 1577 1293 1633 Graecis
1339 1579 1449 1635 diei
1513 1580 1828 1651 potuerint.
1864 1583 1903 1635 A

240 1685 367 1738 qua
396 1667 751 1739 etymologia
780 1667 826 1723 si
854 1666 988 1739 quis
1022 1667 1332 1724 abhorreat
1364 1670 1435 1724 ob
1461 1669 1902 1741 discrepantem

244 1757 609 1829 scripturam
644 1756 819 1826 vocis,
848 1757 1073 1829 Thynia
1104 1774 1206 1828 per
1239 1775 1272 1829 y
1333 1759 1575 1830 scripta,
1608 1776 1641 1814 a
1696 1759 1904 1814 Thinia

2025 595 2265 664 usitato;
2291 596 2462 667 quale
2490 598 2752 653 adhiberi
2780 598 3068 670 hodieque
3089 598 3281 654 videre
3317 617 3406 655 me
3432 605 3675 658 memini

2024 683 2082 737 in
2119 686 2559 742 narrationibus
2593 688 2924 758 praeliorum
2949 693 3048 742 aut
3079 690 3581 761 oppugnationum
3612 693 3670 747 in

2026 778 2224 828 nostra
2242 774 2446 842 Gallia,
2481 776 2577 830 ubi
2605 776 3171 848 legiones,Navarica
3193 778 3442 850 exempli
3470 797 3668 848 causa,

2021 862 2109 917 vel
2134 863 2571 935 Nortmannica,
2596 869 2847 921 Navarra
2878 871 2935 921 et
2974 867 3359 922 Nortmannia
3407 869 3519 923 dici
3553 888 3664 925 non

2023 968 2154 1007 raro
2186 952 2482 1024 leguntur.
2509 954 2637 1009 Jam
2674 955 2817 1010 satis
2845 955 3093 1011 cobzeret
3115 958 3268 1027 quod
3304 955 3665 1025 additum-mi.

2024 1039 2197 1094 αὐτῶν
2234 1040 2575 1115 ὀπτιμάτων,
2600 1043 2657 1097 in
2688 1060 2801 1116 quo
2826 1045 3032 1100 modus
3069 1044 3483 1116 ipseloquendi
3532 1064 3664 1119 gra-

2020 1131 2316 1187 dationem
2348 1132 2588 1199 indicat,
2622 1133 2920 1204 utaliquid
2946 1134 3203 1204 amplius
3229 1134 3434 1190 licetin
3459 1137 3663 1192 eodem

2020 1236 2228 1292 genere
2260 1221 2572 1293 optimates
2603 1221 2702 1276 isti
2738 1222 2919 1277 fuisse
2969 1222 3396 1293 intelligantur.
3446 1224 3665 1297 Nempe

2019 1328 2132 1365 non
2159 1309 2349 1365 solum
2384 1312 2701 1382 imperator
2721 1310 3059 1366 Michaelem
3093 1312 3245 1367 583
3279 1312 3662 1384 Palaeologum

2015 1397 2229 1470 legioni
2262 1400 2601 1456 Ilalizonum
2628 1400 2989 1455 Mesothinia:
3010 1401 3181 1472 vulgo
3206 1407 3553 1473 nuncupatas
3586 1402 3661 1464 εἷς

2014 1486 2256 1564 κεφαλὴν
2288 1484 2465 1558 ἔταξεν
2498 1493 2630 1545 meit
2660 1507 2727 1544 en
2759 1494 2913 1559 (este,
2949 1494 3007 1544 ut
3042 1488 3187 1544 Galli
3222 1490 3395 1544 hodie
3418 1490 3663 1561 loquun-

2015 1582 2130 1643 tur,
2163 1579 2272 1634 boc
2296 1584 2404 1646 est,
2451 1580 2655 1635 ducem
2715 1579 3067 1651 praeposuit:
3130 1580 3228 1634 sed
3269 1579 3467 1646 etiam,
3502 1581 3657 1651 quod

2012 1665 2495 1722 honorificentius
2520 1667 2647 1735 fuit,
2681 1668 2925 1722 subesse
2948 1667 3135 1722 eidem
3158 1666 3340 1721 voluit
3358 1667 3652 1723 cohortem

2013 1753 2327 1827 ὁπτιμάτων
2363 1756 2602 1825 dictam,
2631 1756 2700 1810 de
2732 1773 2844 1826 qua
2875 1773 3010 1811 voce
3033 1756 3272 1825 videsis,
3305 1757 3503 1826 lector,
3530 1775 3655 1828 quae

242 1846 1141 1918 Pacbymerimemorata,quam
1170 1847 1897 1920 illeubiqueperiscribit,
1932 1869 1979 1934 Β
2012 1845 2183 1916 paulo
2215 1845 2458 1902 inferius
2507 1845 2940 1901 adnotabimus.
2987 1846 3109 1901 Non
3157 1846 3655 1934 omittamadmo-

233 1935 494 2007 accipiat
525 1934 680 1991 aliud
716 1935 1103 2007 veriloquium
1140 1935 1197 1990 in
1232 1937 1539 1992 Strabonis
1564 1939 1898 1995 testimonio

238 2025 582 2080 fundatum.
608 2026 661 2080 Is
687 2023 865 2090 enim,
895 2024 932 2078 l.
962 2040 1086 2089 xm,
1116 2024 1174 2080 in
1218 2024 1459 2081 Troadis
1509 2025 1899 2096 descriptione

234 2113 612 2169 Allazonium
645 2113 925 2185 oppidum
951 2113 1294 2169 Halizonum
1314 2114 1582 2182 istorum,
1603 2132 1751 2186 quos
1774 2115 1897 2182 alii,

232 2207 301 2258 ut
333 2202 610 2271 indicavi,
644 2201 952 2258 Allazonas
1002 2206 1229 2271 vocant,
1282 2203 1526 2259 collocat
1574 2206 1643 2260 ad
1697 2203 1895 2261 laevam

227 2291 433 2364 .rEsepi
458 2292 683 2348 amnis:
720 2291 851 2365 quia
884 2292 1037 2347 enim
1091 2290 1172 2355 θίν
1220 2292 1386 2349 littus
1440 2294 1651 2349 Graecis
1702 2299 1894 2364 sonat,

230 2381 547 2437 Halizones
581 2383 731 2437 inter
776 2381 973 2437 littora
1016 2381 1155 2437 hinc
1196 2382 1459 2439 fluminis
1508 2384 1698 2456 JEsepi
1759 2384 1895 2439 hinc

228 2471 611 2542 Propontidis
630 2471 803 2527 sitam
837 2471 1131 2544 regionem
1154 2471 1476 2529 incolentes
1509 2474 1714 2529 merito
1740 2494 1895 2546 μεσοο

226 2561 435 2614 θινῖται
466 2560 605 2617 dicti
644 2562 877 2617 iuerint.
931 2561 1043 2617 Nec
1083 2562 1409 2619 omittenda
1465 2580 1532 2619 ex
1590 2565 1895 2620 occasione

226 2651 557 2707 declaratio
582 2651 692 2707 loci
728 2651 909 2707 nostri
944 2650 1222 2723 auctoris,
1257 2669 1305 2707 c.
1359 2654 1413 2721 9,
1458 2652 1497 2710 l.
1534 2671 1574 2721 ι,
1617 2654 1709 2709 cui
1763 2671 1892 2726 quae

224 2740 331 2796 hic
379 2740 635 2796 diximus
691 2741 874 2797 facem
934 2741 1271 2813 praeferunt.
1321 2741 1610 2797 Seribitur
1656 2742 1733 2797 ibi
1768 2743 1888 2800 sic:

221 2829 377 2887 Τότε
428 2826 495 2898 δὴ
545 2828 635 2883 καὶ
683 2832 780 2883 τοῦ
831 2825 1217 2904 Παλαιολόγου
1251 2829 1325 2891 εἷς
1353 2829 1597 2907 κεφαλὴν
1635 2832 1892 2905 τεταγμὲο

216 2942 326 2974 νου
358 2919 686 2983 Μεσοθινίας
715 2918 803 2972 καὶ
836 2917 1009 2973 αὐτῶν
1061 2919 1378 2991 ὀπτιμάτων
1412 2918 1621 2973 ἐκεῖνοι)
1652 2919 1891 2993 προστά-

215 3011 441 3082 ξαντος,
474 3008 563 3063 καὶ
591 3007 659 3063 τὰ
688 3004 874 3063 πολλὰ
919 3009 1037 3063 κατ’
1084 3009 1312 3063 Ἰταλῶν
1359 3010 1716 3084 πράττοντος,
1777 3016 1887 3065 etc.

214 3104 512 3156 Narratur
561 3098 682 3155 illic
727 3099 1066 3155 Michaelem
1128 3099 1519 3173 Palaaologum
1578 3107 1702 3155 tum
1754 3117 1886 3155 cum

215 3191 491 3246 maxime
547 3206 614 3245 ac
672 3194 908 3245 strenue
968 3194 1257 3246 exerceret
1316 3190 1720 3261 praefecturam
1774 3188 1885 3244 sibi

215 3280 516 3335 creditam
552 3279 945 3335 Romanarum
982 3278 1284 3351 copiarum
1318 3284 1519 3335 contra
1554 3278 1729 3334 Italos
1781 3295 1885 3349 pu-

216 3368 572 3442 gnantium,
625 3367 917 3423 monitum
974 3384 1007 3423 a
1047 3367 1189 3440 Coty
1230 3368 1484 3439 quodam
1529 3369 1600 3423 de
1648 3366 1891 3423 consilio

216 3458 612 3530 imperatoris
645 3474 931 3513 excaecare
962 3458 1157 3529 ipsum
1192 3457 1453 3529 parantis
1488 3458 1707 3529 fugisse
1753 3473 1885 3513 cum

220 3548 530 3605 monitore
560 3547 619 3601 in
652 3546 969 3602 Persidem.
1020 3547 1129 3602 Sed
1191 3546 1331 3618 quid
1390 3546 1501 3601 sibi
1548 3546 1672 3601 vult
1729 3547 1884 3618 quod

220 3636 602 3707 Paleologus
632 3633 710 3698 εἷς
760 3632 1005 3713 κεφαλὴν
1060 3634 1391 3709 τεταγμένος
1448 3635 1664 3691 dicitur
1723 3656 1884 3707 μεσο-

214 3728 407 3790 θινίας
435 3724 526 3779 καὶ
560 3724 732 3779 αὐτῶν
785 3724 1152 3797 ὁπτιμάτωνὲ
1200 3726 1495 3781 Traditam
1556 3725 1640 3779 illi
1702 3726 1883 3781 fuisse

209 3819 545 3889 regendam
589 3815 1002 3872 Mesothiniam
1038 3815 1393 3887 provinciam
1441 3814 1602 3869 nulla
1630 3831 1878 3886 usquam

205 3906 357 3963 alibi
394 3910 484 3962 est
514 3905 755 3961 mentio.
802 3909 874 3960 Et
913 3904 1268 3977 provinciam
1305 3903 1399 3958 hic
1430 3903 1547 3958 sive
1581 3903 1879 3975 regionem

202 3991 547 4057 Μεσοθινίας
582 3994 864 4050 vocabulo
916 3992 1185 4060 indicari,
1248 3992 1342 4046 vix
1400 3993 1546 4048 ferat
1603 3991 1877 4047 continue

201 4086 502 4156 adjuncta
534 4083 753 4139 mentio
784 4081 1135 4154 optimatum,
1157 4091 1210 4137 et
1242 4082 1478 4154 quidem
1504 4098 1636 4136 cum
1671 4097 1876 4152 prono-

201 4177 377 4231 mine
435 4176 704 4246 ipsorum,
760 4174 851 4226 καὶ
910 4170 1087 4226 αὐτῶν
1145 4170 1505 4243 ὀπτιμάτων.
1576 4170 1720 4236 Quid
1783 4170 1875 4224 hic

204 4265 487 4320 dicemus
512 4263 539 4318 ?
570 4263 741 4317 Aliud
777 4277 940 4331 sane,
974 4267 1287 4333 postquam
1322 4261 1508 4316 multa
1538 4259 1868 4331 disquisivi,

199 4372 327 4411 non
374 4352 632 4410 occurrit
665 4352 774 4407 nisi
812 4350 1126 4423 μοσοθινίαν
1174 4351 1269 4406 hic
1318 4351 1454 4423 poni
1511 4367 1614 4422 pro
1651 4349 1870 4421 legione

200 4444 476 4517 quadam
511 4446 611 4497 aut
668 4448 831 4514 parte
890 4441 1279 4495 Romanarum
1334 4440 1635 4511 copiarum
1673 4454 1738 4493 ex
1795 4437 1867 4492 iis

199 4534 474 4591 conﬂata
503 4531 793 4587 militibus
826 4530 924 4601 qui
962 4529 1347 4585 Mesothinitae
1378 4528 1604 4601 vulgari
1666 4527 1867 4598 lingua

2010 1951 2145 1989 nere
2177 1937 2328 2007 apud
2364 1935 2760 2008 Acropolitam
2791 1952 2838 1989 c.
2868 1935 2936 1989 64
2968 1935 3127 1988 Hist.
3175 1932 3533 2003 Μεσοθυνίαιν,
3585 1936 3655 1989 de

2008 2040 2125 2095 qua
2175 2024 2268 2080 hic
2322 2030 2539 2080 actum.
2592 2041 2725 2080 cum
2758 2043 2789 2079 υ
2837 2024 3035 2079 scribi.
3091 2023 3331 2079 Codices
3378 2024 3651 2096 Pachym.

2007 2130 2140 2168 cum
2179 2112 2541 2176 ιΜεσοοινίαν
2575 2118 2911 2170 constanter
2940 2114 3223 2168 scribunt.
3260 2112 3319 2185 [P
3351 2113 3475 2184 402]
3538 2113 3653 2168 Hos

2007 2220 2114 2259 nos
2144 2204 2558 2275 expressimus,
2594 2204 2687 2259 Sic
2737 2208 2793 2258 et
2852 2204 2911 2258 in
2961 2203 3357 2258 Tocharorum
3415 2207 3471 2257 et
3522 2202 3654 2257 aliis

2007 2294 2362 2366 quibusdam
2395 2294 2695 2350 vocabulis
2718 2293 3048 2364 AcrOpolita
3087 2311 3119 2348 a
3167 2293 3376 2349 Nostro
3436 2293 3651 2362 differt,

2006 2401 2110 2440 nec
2142 2385 2321 2441 nostri
2351 2384 2551 2456 iudicii
2585 2388 2673 2439 est
2695 2384 2935 2439 delinire
2967 2388 3095 2437 uter
3137 2382 3435 2438 erraverit.
3464 2382 3650 2446 Quare

2005 2491 2124 2529 rem
2161 2475 2443 2545 integram
2470 2474 2882 2544 relinquimus:
2910 2474 3063 2545 quod
3081 2473 3647 2545 reperimusdamus.

2070 2563 2219 2617 Μὲπε
2249 2582 2305 2636 p.
2338 2564 2443 2618 216
2482 2565 2575 2618 Ait
2623 2564 2782 2635 Mope
2828 2562 3024 2617 Iberia:
3078 2562 3279 2617 Davidi
3340 2563 3533 2617 datam
3589 2561 3647 2616 in

2004 2670 2241 2708 uxorem
2277 2652 2455 2707 tiliam
2491 2653 2750 2724 spuriam
2786 2652 3054 2724 conjugis
3086 2653 3341 2724 despotae
3382 2650 3645 2707 Joannis.

2002 2741 2107 2798 Ubi
2144 2743 2284 2815 quid
2319 2743 2689 2814 suspicemur
2746 2740 2904 2796 aliud
2969 2758 3145 2813 quam
3202 2757 3537 2812 supremam
3589 2741 3646 2795 in

2001 2832 2189 2887 Iberia
2223 2836 2562 2903 potestatem
2598 2830 2875 2887 vocabulo
2908 2830 3017 2885 isto
3042 2830 3360 2902 designari,
3395 2834 3457 2883 ut
3498 2830 3650 2884 sicut

2000 2920 2173 2975 cratis
2206 2922 2263 2975 in
2300 2921 2524 2986 Serbia,
2558 2919 2754 2973 sultan
2788 2919 2845 2973 in
2885 2919 3122 2974 Perside
3153 2924 3293 2973 tunc
3319 2918 3645 2984 dicebatur,

2000 3011 2099 3080 qui
2134 3010 2308 3064 rebus
2334 3009 2452 3064 illic
2486 3012 2743 3080 praeerat,
2779 3010 2861 3063 sic
2895 3008 3195 3063 Iberorum
3225 3006 3645 3062 Asiasticorum

1999 3102 2188 3152 rector
2216 3099 2361 3169 Mepe
2390 3100 2716 3152 vocaretur.
2751 3097 2829 3152 De
2861 3114 2974 3168 quo
3006 3102 3202 3152 tamen
3237 3095 3495 3167 amplius
3519 3111 3648 3166 pro-

2000 3188 2229 3255 nuntio,
2261 3187 2453 3260 quoad
2487 3186 2704 3242 certius
2735 3186 2861 3256 ejus
2907 3187 2988 3242 rei
3040 3186 3445 3242 testimonium
3505 3202 3645 3257 sup-

1999 3281 2158 3348 petat
2189 3277 2281 3348 (1).

2068 3364 2393 3440 Μετάληψις
2446 3384 2515 3438 ρ.
2569 3370 2712 3424 361.
2775 3367 2868 3423 Ait
2925 3366 3217 3422 admissos
3276 3365 3345 3419 ad
3408 3381 3641 3420 omnem

1994 3458 2469 3513 communionem
2504 3476 2805 3515 sacrorum
2848 3456 3085 3512 Latinos
3116 3474 3148 3510 a
3208 3454 3422 3511 Grzncis
3472 3455 3639 3524 jussu

1992 3546 2384 3618 imperatoris,
2430 3547 2965 3603 reconciliationem
2997 3544 3388 3601 Ecclesiarum
3430 3560 3639 3614 procu-

1988 3637 2196 3701 rantis,
2230 3641 2465 3707 excepta
2500 3634 2824 3708 μεταλήψει,
2884 3652 3058 3708 quam
3121 3651 3236 3690 non
3296 3633 3639 3705 quaerebant

1988 3724 2053 3778 Et
2084 3730 2280 3781 tamen
2314 3730 2485 3780 antea
2515 3727 2738 3781 dixerat
2761 3742 2857 3781 eos
2890 3724 3358 3779 communicasse
3386 3723 3557 3777 etiam
3584 3719 3636 3774 ἐν

1989 3811 2293 3887 μεταλήψει
2315 3818 2410 3868 τοῦ
2444 3814 2590 3877 θείου
2624 3812 2809 3889 ἄρτου,
2842 3813 2897 3867 ὅν
2932 3811 3227 3888 ἀντίδωρον
3273 3813 3541 3887 λέγουσιν,
3578 3815 3634 3867 in

1978 3907 2340 3976 perceptione
2368 3905 2522 3960 sacri
2541 3905 2705 3976 panis
2753 3921 2909 3976 quem
2939 3905 3256 3958 anlidorum
3287 3903 3495 3957 dicunt.
3526 3902 3634 3965 Qui

1982 3995 2153 4066 panis
2185 4011 2317 4049 cum
2362 3998 2807 4065 repraesentaret
2850 3992 3302 4059 Eucharistiam,
3364 3991 3635 4045 videntur

1980 4083 2156 4138 etiam
2184 4083 2377 4139 Latini
2409 4101 2523 4138 non
2562 4081 2886 4138 recusaturi
2919 4099 3045 4137 eam
3082 4098 3215 4136 cum
3265 4080 3475 4135 Graecis
3507 4096 3632 4149 per-

1980 4173 2191 4244 cipere.
2227 4173 2518 4227 Nimirum
2557 4168 2865 4245 μετάληψις
2894 4187 2961 4226 ex
2992 4188 3101 4226 usu
3136 4170 3463 4226 Graecorum
3504 4185 3628 4238 pro-

1978 4263 2101 4334 prie
2124 4262 2419 4334 significat
2477 4262 2875 4332 sumptionem
2942 4259 3057 4314 vini
3108 4257 3452 4325 consecrati,
3513 4257 3632 4312 sive

1976 4351 2307 4423 specierum
2341 4351 2649 4424 sanguinis
2675 4350 3099 4421 Cbristi,quam
3127 4350 3253 4404 ideo
3279 4349 3336 4402 in
3370 4364 3629 4402 comnm-

1977 4441 2149 4496 nione
2197 4440 2344 4496 laica
2394 4440 2585 4495 Latini
2644 4456 2753 4495 non
2806 4440 3154 4510 qua’rrbimt,
3217 4436 3319 4490 οὐκ
3374 4429 3629 4510 ἔχρῃζον,

1977 4532 2129 4601 quod
2165 4547 2231 4585 ea
2263 4530 2376 4586 sibi
2413 4529 2631 4585 sciebat
2664 4529 3039 4583 interdictum
3074 4527 3183 4582 ritu
3241 4524 3629 4582 Occidentalis

197 4624 587 4679 dicebantur.
621 4620 738 4676 Hoc
770 4620 999 4675 videtur
1032 4637 1135 4674 nos
1181 4620 1386 4674 docere
1418 4626 1613 4674 noster
1642 4622 1865 4683 auctor,
1900 4599 1945 4662 Ῐ)
1978 4619 2271 4675 Ecclesiaz.
2307 4619 2515 4675 Docuit
2548 4635 2638 4672 me
2665 4618 2818 4673 hanc
2844 4616 3261 4689 proprietatem
3284 4616 3442 4671 vocis
3470 4612 3630 4687 μετά-

194 4713 353 4768 dum
418 4710 518 4766 illo
577 4727 626 4765 c.
677 4709 769 4775 27,
818 4708 855 4763 l.
916 4725 971 4763 xv
1031 4707 1114 4763 sic
1171 4707 1433 4779 loquitur
1475 4725 1541 4762 ex
1598 4706 1862 4762 versione

197 4800 519 4870 nostra,de
551 4798 827 4854 Romanis
855 4814 1033 4867 agens
1057 4796 1239 4868 cepiis
1268 4796 1646 4851 validissimis
1684 4797 1861 4850 Joan-

200 4891 308 4948 nis
372 4889 630 4960 despotzs
689 4888 892 4942 ductui
962 4885 1306 4957 permissis:
1370 4886 1723 4957 Conﬂabalur
1777 4884 1866 4939 hic

200 4980 497 5037 exercitus
526 4993 595 5031 ex
623 4974 1006 5047 diﬂerentibu:
1040 4975 1359 5046 corporibus
1380 4983 1431 5029 et
1463 4974 1606 5029 velut
1637 4972 1867 5043 collegii

197 5070 465 5127 militum
508 5108 519 5120 .
565 5108 579 5123 .
625 5082 833 5120 .unum
869 5073 992 5119 erat
1053 5065 1507 5136 Paphagonieum
1541 5105 1553 5118 .
1600 5107 1612 5120 .
1659 5063 1869 5117 .aliud

195 5176 342 5217 cum
372 5167 426 5214 et
453 5157 634 5227 ipsum
663 5152 1022 5209 multitudine
1051 5159 1171 5208 tum
1217 5152 1273 5207 vi
1320 5156 1369 5207 et
1426 5161 1545 5208 arte
1598 5162 1889 5224 praestans»

191 5246 438 5305 bellica.
499 5262 567 5299 ea:
619 5244 991 5299 Halizonibus
1042 5258 1170 5314 quos
1228 5241 1601 5298 Mesolhinilas
1645 5242 1871 5313 vulgare

192 5338 370 5395 dicat
418 5334 647 5390 idioma.
696 5334 779 5388 En
835 5332 975 5405 quid
1027 5332 1352 5387 Mesothina
1396 5332 1517 5388 haec
1556 5333 1729 5388 fuerit
1775 5329 1867 5386 cui

184 5434 262 5483 tu
280 5442 351 5481 uc
387 5423 739 5497 praepositus
770 5421 1011 5477 Michael
1039 5421 1392 5495 Palazologus
1425 5423 1494 5477 ab
1522 5422 1872 5494 imperatore

185 5518 444 5575 fuerat:
479 5530 597 5571 non
629 5510 809 5586 regio,
842 5512 943 5568 sed
1001 5510 1151 5585 legio
1206 5510 1481 5585 μεσοθινία
1531 5511 1872 5586 Pachymeri

290 5735 368 5807 (t)
402 5730 487 5790 Cf.
521 5729 887 5789 Glossarium
915 5728 1186 5786 alterum.

1977 4704 2147 4781 ληψις
2172 4710 2261 4763 vir
2293 4708 2668 4781 pereruditus
2698 4712 2752 4762 et
2784 4707 2839 4761 in
2871 4707 3079 4777 primis
3095 4706 3282 4761 sciens
3299 4705 3629 4760 Graecorum

1977 4798 2199 4853 rituum
2232 4798 2488 4853 Jacobus
2521 4796 2672 4852 Goar
2702 4796 2766 4852 Ο.
2802 4797 2858 4850 l‘.
2888 4796 2987 4865 qui
3022 4794 3176 4850 uotis
3207 4794 3277 4849 ad
3310 4791 3628 4865 Lilurgiam

1973 4891 2030 4941 S.
2064 4888 2304 4943 Joannis
2328 4887 2627 4958 Chrysost.
2666 4903 2720 4957 p.
2760 4886 2857 4939 150
2890 4884 3175 4955 Euchalog.
3208 4884 3381 4939 refert
3404 4886 3630 4938 Graecos

1972 4958 2036 5031 in
2069 4976 2202 5049 ipsa
2233 4976 2434 5032 altaris
2466 4976 2687 5032 concha
2719 4976 3035 5047 depingere
3060 4974 3373 5047 imaginem
3416 4973 3626 5029 Christi

1976 5066 2209 5121 Domini
2237 5066 2548 5138 pontiﬁciis
2567 5065 2830 5120 vestibus
2853 5064 3061 5131 ornati,
3087 5063 3411 5120 decussatis
3442 5060 3627 5117 mani-

1979 5156 2090 5211 bus
2136 5173 2342 5227 panem
2377 5160 2782 5211 consecratum
2816 5155 3037 5221 dextra,
3075 5154 3315 5209 calicem
3366 5169 3501 5207 vero
3552 5152 3627 5207 si-

1982 5246 2168 5300 nistra
2203 5244 2547 5318 proferentis
2580 5243 2861 5314 inscripto
2887 5245 2955 5297 ad
2986 5244 3283 5299 dexteram
3317 5247 3371 5296 et
3412 5256 3637 5296 sacrum

1981 5334 2187 5389 Christi
2222 5351 2433 5406 corpus
2464 5332 2743 5388 vecabulo
2779 5328 3084 5403 μετάδοσις,
3121 5333 3190 5387 ad
3254 5333 3455 5385 lazvam
3497 5344 3629 5382 vero

1982 5427 2038 5479 et
2065 5423 2302 5479 calicem
2339 5428 2539 5479 nostra
2570 5423 2677 5477 huc
2712 5438 2847 5477 voce
2884 5418 3212 5493 μετάληψις.
3257 5419 3400 5472 Ilinc
3454 5416 3628 5470 habe-

1984 5530 2118 5569 mus
2154 5508 2518 5586 μεταλήψεως
2547 5511 2897 5568 vocabulum
2933 5510 3246 5581 aliquando
3277 5504 3507 5579 proprie
3537 5521 3632 5561 ac-
