3978 6182
244 285 393 341 1049

1721 289 2203 345 GLOSSARIUM.

3539 299 3677 353 1050

245 413 468 466 πάντων
521 410 610 466 καὶ
644 416 850 467 πασῶν.
903 413 962 469 Ὀ
1018 414 1206 486 χορός·
1264 414 1359 466 Καὶ
1406 412 1615 467 πάντων
1667 413 1756 468 καὶ
1807 433 1880 466 πα

2038 430 2218 469 :onem
2255 416 2651 472 obedientiam
2703 417 2763 472 in
2792 420 3113 488 posterum,
3166 422 3266 474 sed
3319 438 3384 475 ea
3417 426 3675 494 prompti

246 504 383 556 σῶν.
423 506 486 557 Et
535 501 800 557 diaconus
846 502 916 557 ad
962 503 1195 571 ianuam
1241 513 1390 558 stans
1436 504 1669 559 dz'cz'tz...
1730 505 1789 557 Et
1815 518 1914 574 pro

248 593 516 662 o/ferentc
546 608 713 647 sacra
742 608 979 647 munem
1007 592 1127 648 haec
1149 593 1498 649 devotissimo
1526 593 1823 648 sacerdote.
1842 595 1895 646 Ν
1900 635 1914 661 ,

246 700 361 754 pro
390 684 569 738 salute
587 684 939 755 piisz'morum
985 693 1035 739 el
1065 702 1103 739 α
1157 685 1257 739 Deo
1288 687 1688 740 custoditorum
1738 687 1915 753 impe-

251 777 498 827 ratorem
546 777 883 842 nostrorum,
961 778 1012 827 et
1082 782 1400 828 cunctorum
1457 779 1507 829 et
1572 783 1913 829 cunctarum.

256 863 471 918 Chorus
501 862 752 936 [repelitz
790 865 853 916 Et
900 868 1222 918 cunctorum
1267 869 1322 919 et
1378 868 1718 919 cunctarum.
1773 863 1919 928 Quia

259 954 420 1008 enim
486 953 905 1023 imperatorum
959 954 1111 1008 586
1171 954 1455 1009 vocabulo
1508 956 1804 1025 Augustus
1863 958 1920 1007 et

252 1044 529 1113 Augusta
561 1058 694 1097 cum
725 1041 927 1097 liberis
960 1058 1161 1097 eorum
1199 1043 1704 1113 signiﬁcabantur,
1738 1044 1915 1097 addo-

252 1131 436 1187 batur
465 1130 578 1186 ista
610 1130 919 1203 utriusque
954 1148 1125 1186 sexus
1158 1133 1477 1203 expressio.

329 1226 479 1283 Μνῖα
529 1244 583 1300 p.
633 1228 758 1283 293.
809 1234 928 1283 Non
981 1228 1171 1283 solum
1223 1232 1354 1299 alga
1413 1235 1470 1285 et
1518 1247 1780 1297 muscus,
1816 1230 1914 1284 sed

258 1318 552 1391 quidquid
586 1320 865 1373 innatans
896 1319 1064 1390 aquis
1098 1318 1455 1374 soliditatem
1488 1326 1726 1392 aspectu
1755 1336 1915 1375 men-

250 1410 404 1464 titur
437 1409 777 1480 quamdam,
815 1406 984 1477 μνίων
1019 1408 1309 1463 vocabulo
1351 1409 1715 1482 designatur,
1738 1425 1915 1479 quan-

256 1501 391 1553 tum
426 1516 491 1554 ex
523 1497 755 1553 collatis
782 1497 1297 1569 Hesychii,Suidze,
1345 1498 1615 1570 Oppiani,
1646 1496 1916 1553 Nicandri

254 1592 317 1642 et
349 1586 601 1642 aliorum
634 1586 779 1641 locis
811 1587 987 1641 datur
1019 1587 1282 1659 intelligi.

333 1675 549 1747 Μάριον
585 1694 638 1748 p.
694 1676 815 1730 180.
869 1676 1003 1739 Quae
1055 1676 1193 1731 olim
1258 1675 1694 1747 Peloponnesus
1754 1676 1915 1731 dice-

252 1766 455 1834 batur,
510 1782 637 1820 eam
688 1765 859 1820 hodie
900 1764 1079 1819 Graeci
1157 1765 1329 1833 vulgo
1391 1766 1625 1821 Mai-eam
1682 1771 1913 1821 vocant.
1952 1790 1995 1855 B

257 1854 503 1909 Videtur
537 1858 733 1908 autem
764 1853 1142 1925 Pachymeris
1170 1859 1339 1909 aetate
1379 1853 1440 1906 τὸ
1474 1852 1686 1928 Μόρεον
1723 1856 1916 1921 dicta;

254 1943 419 1998 unde
449 1949 507 1997 et
533 1942 687 1997 hanc
722 1959 915 1998 vocem
940 1942 1345 2015 supplevimus
1377 1944 1433 1997 in
1470 1943 1680 1999 lacuna
1707 1943 1918 2015 capitis

252 2033 289 2085 9
325 2033 596 2103 ejusdem
631 2032 732 2087 lib.
770 2048 854 2087 ιιι.
886 2032 966 2087 Ad
1002 2049 1175 2104 quem
1212 2034 1403 2087 locum
1431 2033 1561 2087 vide
1596 2037 1783 2088 notas.
1808 2032 1921 2087 Ali-

252 2122 395 2178 cubi
434 2132 622 2176 tamen
673 2121 1059 2193 Pachymeres
1090 2118 1303 2196 Μορέαν
1349 2122 1590 2177 scribit:
1645 2124 1744 2178 sed
1778 2139 1915 2177 con-

255 2212 526 2267 stantius
556 2211 614 2266 in
650 2216 857 2267 neutro
893 2212 949 2266 id
978 2212 1329 2267 vocabulum
1366 2217 1631 2285 usurpat.

332 2298 572 2361 Μὸτυνες
604 2319 659 2373 p.
713 2303 837 2357 311.
872 2300 1003 2357 Scio
1044 2300 1193 2357 alios
1242 2302 1555 2373 scriptores
1620 2303 1915 2374 Mosynos,

257 2409 378 2446 non
435 2391 706 2463 Mosynas
762 2391 867 2446 bos
926 2390 1172 2462 populos
1242 2408 1490 2448 vocare:
1532 2398 1725 2447 tamen
1781 2409 1913 2447 cum

254 2478 476 2536 Μόσυσι
539 2497 655 2535 non
716 2480 903 2551 possit
960 2497 1146 2536 essea
1204 2485 1360 2536 recto
1429 2478 1825 2547 Μόσυνοι,εςθὰ
1883 2498 1916 2536 a

258 2568 528 2634 Μόσυνες,
565 2569 698 2641 plus
729 2586 933 2641 sapere
966 2587 1142 2641 quam
1178 2587 1345 2625 mens
1368 2574 1573 2625 auctor
1604 2570 1782 2625 nolui.

332 2665 683 2740 Μουγούλιοι
720 2684 775 2740 ρ.
810 2668 932 2722 344.
966 2667 1209 2724 Videtur
1260 2668 1450 2724 dicere
1482 2686 1581 2724 eos
1632 2686 1779 2740 quos
1814 2670 1917 2741 By-

252 2757 483 2813 zantini
523 2756 817 2812 Tocharos
864 2763 1153 2827 vocarent,
1207 2758 1470 2829 ipsorum
1518 2758 1915 2813 Tocharorum

260 2862 382 2905 usu
416 2851 474 2902 et
504 2846 707 2919 lingua
736 2846 1030 2917 Mugulios
1053 2847 1168 2902 dici
1203 2847 1599 2904 consuevisse.

327 2942 643 3019 Μυριοστῦς
704 2962 758 3016 ρ.
821 2946 943 2999 470.
1004 2945 1123 3000 Hoc
1178 2945 1527 3000 vorabulum
1591 2943 1920 3017 μυριοστύας

263 3036 361 3090 sic
396 3035 678 3089 scribitur
716 3034 772 3089 in
805 3035 1036 3090 duobus
1070 3051 1239 3104 mss.,
1287 3033 1559 3089 Vaticano
1590 3035 1916 3090 omittente.

258 3125 549 3180 Flectitur
579 3122 844 3179 videlicet
874 3141 906 3180 a
943 3127 1097 3179 recto
1156 3121 1469 3197 μυριοστῦς.
1505 3125 1627 3189 Quo
1661 3142 1775 3178 non
1810 3126 1917 3179 du-

260 3215 415 3282 bito,
448 3212 558 3268 etsi
591 3212 729 3268 alibi
761 3212 1093 3285 exemplum
1129 3230 1243 3267 non
1280 3213 1488 3285 reperi,
1523 3214 1665 3285 quin
1701 3213 1920 3285 Pachy-

263 3318 468 3358 meres
518 3297 750 3375 μυριάδα
802 3302 1119 3375 signiﬁcet,
1166 3302 1317 3358 sicut
1350 3319 1398 3358 c.
1455 3304 1544 3369 38,
1597 3301 1636 3358 1.
1687 3320 1763 3369 vr,
1797 3301 1924 3355 ἐκα-

254 3388 471 3445 τοστῦα
518 3391 839 3447 centuriam
888 3389 1165 3464 appellat,
1216 3391 1302 3445 sic
1352 3391 1617 3447 scribens
1651 3409 1663 3447 :
1697 3392 1790 3452 Ἐς
1840 3389 1922 3445 ὅτι

268 3478 538 3535 πλεῖστον
618 3484 846 3555 συχναῖς
911 3478 1223 3534 ἓκατοστύσι
1303 3477 1610 3550 διείληπτο.
1671 3483 1740 3537 Et
1796 3483 1925 3553 ejus

258 3568 515 3642 aequalis
575 3570 823 3641 scriptor
890 3569 1172 3641 Georgius
1231 3569 1557 3641 Acropolita
1630 3567 1925 3643 χιλιοστῦα

258 3659 588 3717 chiliadem
622 3659 890 3715 nominat
921 3660 975 3713 in
1011 3658 1101 3714 hls
1134 3660 1324 3714 verbis
1350 3676 1404 3730 p.
1440 3659 1471 3713 4
1502 3661 1589 3714 ed.
1630 3660 1768 3730 Reg.
1809 3675 1819 3714 :
1854 3657 1920 3713 Oi

258 3746 323 3802 δὲ
368 3746 669 3819 αὐτομόλοι
728 3747 866 3819 πρὸς
921 3746 1048 3807 τοὺς
1108 3745 1414 3818 πολεμίους
1462 3750 1705 3820 χωροῦσι
1765 3745 1924 3821 χλίο-

261 3834 427 3897 στύες
461 3833 688 3890 πολλαί.
723 3836 831 3891 Ubi
875 3847 1027 3891 recte
1067 3836 1447 3891 doctissimus
1495 3836 1781 3907 interpres
1817 3841 1923 3891 Leo

260 3926 521 3981 Allatius
551 3922 875 3998 χιλιοστῦας
906 3922 1121 3985 πολλάς
1158 3925 1382 3992 reddit;
1418 3925 1591 3979 multa
1622 3926 1819 3979 millia.

341 4020 522 4082 Νοσιά
542 4042 597 4095 p.
630 4024 756 4079 515.
817 4022 1181 4078 Vocabulum
1236 4023 1416 4075 νοσιάν
1468 4022 1551 4077 sic
1582 4022 1735 4078 clare
1783 4022 1925 4077 scri-

254 4115 432 4171 bitur
464 4113 520 4171 in
553 4113 721 4168 codd.
756 4112 992 4168 Barber.
1043 4118 1100 4167 et
1128 4112 1312 4168 Vatic.
1366 4111 1693 4168 Allatianus
1724 4117 1921 4168 autem

255 4204 499 4261 videtur
530 4202 721 4274 legere
746 4200 976 4262 νοετάςε
1019 4202 1118 4257 sed
1170 4218 1238 4257 ex
1288 4203 1509 4257 castoris
1559 4218 1793 4273 quoque
1822 4218 1919 4257 ve-

258 4292 463 4364 stigiis
492 4291 808 4346 titubantia
839 4290 961 4345 illic
984 4290 1191 4346 calami
1220 4291 1367 4347 satis
1393 4296 1638 4364 apparet
1667 4308 1921 4347 errorem

259 4397 400 4437 esse
431 4397 497 4436 ac
529 4380 769 4436 omnino
801 4380 1241 4435 rescribendum
1267 4380 1485 4453 ubique
1519 4379 1721 4434 νοσιοὶν.
1744 4380 1922 4436 Vide-

258 4475 370 4524 tur
400 4475 595 4524 autem
627 4468 785 4521 νοσιᾶ
840 4468 1099 4539 positum
1132 4486 1165 4523 a
1196 4468 1547 4540 Pacbymere
1578 4470 1920 4542 συγκοπικῶς

261 4575 377 4632 pro
426 4556 683 4625 νεοσσία.,
730 4574 861 4628 qua:
910 4560 990 4626 (Ρ.
1042 4558 1166 4629 405)
1220 4575 1327 4613 vox
1381 4558 1675 4630 signiﬁcat
1726 4557 1921 4611 nidum

260 4665 398 4704 cum
426 4646 607 4719 pullis
634 4645 1010 4718 implumibus.
1048 4647 1465 4719 Perstringitur
1493 4647 1648 4702 enim
1684 4664 1919 4719 prover-

262 4736 414 4793 biali
456 4736 849 4792 similitudine
880 4735 1236 4791 conﬁdentia
1266 4736 1630 4806 Latinorum,
1667 4736 1766 4808 qui
1803 4736 1921 4791 Ro-

264 4826 554 4895 maniam,
588 4825 698 4880 hoc
737 4829 827 4879 est
878 4824 1248 4896 imperatoris
1290 4824 1920 4896 ConstantinOpolitani

264 4916 555 4972 ditionem
580 4914 939 4982 universam,
964 4919 1083 4969 tam
1110 4913 1277 4969 facile
1308 4931 1369 4969 se
1397 4913 1921 4985 comprehensuros

266 5007 577 5079 sperarent
607 5020 786 5077 quam
817 5002 1144 5060 ludibunde
1178 5020 1211 5060 a
1242 5004 1386 5060 forte
1410 5002 1747 5060 iucurrente
1778 5003 1923 5059 tolli-

262 5100 372 5153 tur
402 5093 767 5151 avioularum
810 5110 1012 5149 recens
1044 5094 1167 5150 ovis
1217 5093 1589 5150 exclusarum
1637 5097 1756 5150 tota
1787 5110 1919 5149 cum

259 5187 402 5259 ipso
437 5185 575 5240 nido
606 5184 849 5240 familia.

251 5282 265 5287 '
339 5272 723 5347 Οῗιιειόχειρος
758 5291 813 5346 p.
849 5274 971 5328 497.
1005 5274 1076 5329 de
1123 5273 1421 5329 Muzalone
1479 5271 1653 5328 malis
1711 5271 1922 5327 inﬂexo

262 5365 341 5422 ad
379 5364 825 5435 obsequendum
858 5362 1219 5433 imperatori.
1246 5368 1378 5429 Quae
1414 5362 1533 5417 sint
1564 5361 1689 5415 istae
1723 5357 1923 5413 οἰκειό-

264 5472 454 5527 χειροι
501 5449 791 5528 ἀσφάὶειαι
854 5452 1283 5507 divinandum:
1340 5468 1475 5505 nam
1525 5449 1672 5504 illud
1723 5447 1925 5503 οἰκειό-

262 5561 465 5617 χειρον
498 5541 641 5599 alibi
671 5558 785 5598 non
826 5540 1037 5614 reperi.
1098 5542 1254 5598 Licet
1300 5538 1529 5611 opinari
1560 5538 1814 5595 voluisse
1844 5540 1923 5595 si-

263 5632 551 5707 gniﬁcare
582 5636 903 5701 auctorem,
940 5648 1055 5689 non
1082 5630 1271 5688 solum
1307 5628 1697 5704 spopondisse
1728 5629 1922 5686 Maza-

2027 502 2291 574 obsequii
2325 506 2677 561 documenta
2704 507 2759 560 in
2794 523 3048 578 praesens
3068 507 3431 575 exhibuisse,
3468 528 3591 583 quae
3618 519 3689 567 li-

2027 593 2156 648 dem
2192 596 2423 650 abunde
2450 596 2699 651 facerent
2730 597 2878 652 581
2908 598 3210 668 sponsioni
3246 604 3301 653 et
3335 601 3679 671 imperatori

2028 689 2248 739 metum
2279 703 2515 741 omnem
2550 688 2895 753 adimerent,
2932 705 3003 743 ne
3037 690 3346 759 promissis
3386 690 3485 745 ille
3519 700 3680 762 post-

2028 774 2267 827 modum
2331 792 2441 830 non
2505 780 2705 831 staret.
2742 777 2871 831 Sint
2928 794 3063 849 ergo
3096 774 3454 851 οἷ’κειόχεροιι
3505 776 3681 853 ἀσφά-

2026 858 2517 931 )tuou,cautiones
2560 870 2615 920 et
2661 867 3006 921 securitates
3038 866 3208 936 quasi
3262 869 3395 923 dato
3440 868 3683 939 pignore

2026 966 2092 1004 ex
2122 952 2375 1023 propriis
2409 953 2467 1007 in
2503 959 2868 1010 antecessum
2888 956 3319 1027 repraesentatis
3338 958 3684 1028 spondentis

2027 1041 2237 1095 ol'liciis
2274 1048 2547 1113 acceptae.

2097 1130 2273 1199 Ὀξεῖα
2306 1132 2509 1201 p.385.
2576 1136 2693 1186 Duo
2744 1132 2837 1187 hic
2870 1138 3008 1188 sunt
3052 1136 3336 1205 adjective.
3394 1134 3677 1191 feminina

2028 1219 2153 1275 sine
2201 1221 2327 1276 suis
2373 1223 2788 1289 substantivis,
2840 1224 3189 1295 supplendis
3229 1226 3497 1281 videlicet
3529 1244 3563 1281 a
3594 1228 3676 1282 1c-

2027 1314 2295 1374 ctore,ut
2328 1312 2391 1365 ﬁt
2445 1329 2578 1366 cum
2630 1312 2844 1383 frigida
2883 1313 3231 1383 simpliciter
3290 1316 3526 1385 ponitur
3576 1334 3677 1386 pro

2027 1415 2181 1470 aqua
2215 1399 2445 1471 frigida.
2470 1400 2608 1454 Voci
2644 1400 3029 1475 χρυσόπαστος
3062 1403 3353 1458 videretur
3386 1420 3453 1457 ex
3485 1410 3682 1459 aucto-

2029 1487 2107 1542 ris
2168 1494 2363 1543 mente
2413 1490 2824 1562 subjungenda
2884 1488 3043 1559 ἐσθής
3099 1498 3199 1546 aut
3248 1490 3420 1559 ξυστίς
3471 1510 3538 1546 ex
3570 1498 3679 1547 Eu-

2029 1576 2165 1631 bulo
2203 1578 2450 1649 comico,
2503 1580 2674 1649 cujus
2724 1580 2924 1635 Pollux
2974 1581 3140 1635 initio
3194 1580 3324 1637 libri
3377 1582 3525 1636 sexti
3558 1582 3681 1636 hazc

2028 1666 2199 1721 refert
2278 1670 2498 1723 verba:
2580 1672 2707 1730 Ταῖς
2791 1666 2992 1736 ξυστίσι
3058 1674 3177 1729 ταῖς
3263 1670 3677 1742 χρυσοπάστοες

2029 1755 2413 1829 στρώννυνται.
2450 1757 2706 1812 Verbum
2743 1757 3101 1830 στρώννυνται
3142 1754 3332 1830 ἐνδύτῃ
3386 1761 3680 1824 convenit,

2030 1862 2154 1915 quas
2189 1846 2519 1918 stragulum
2546 1852 2646 1902 aut
2676 1849 2988 1902 lustratum
3031 1863 3372 1918 supremum
3407 1853 3533 1903 erat
3569 1866 3679 1903 ara:

2031 1934 2319 2003 maximae,
2353 1940 2417 1990 ut
2457 1954 2559 1991 suo
2591 1936 2713 1991 loco
2766 1936 3151 1992 declaramus.
3204 1936 3497 1992 Vocabulo
3532 1935 3680 2005 ὀξεῖα

2027 2024 2298 2094 equidem
2336 2024 2513 2098 βαφήν
2544 2026 2943 2097 adaptaverim
2977 2042 3045 2081 ex
3066 2025 3358 2081 Eustatbii
3393 2025 3520 2081 loco
3546 2043 3679 2080 mox

2028 2113 2422 2169 describendo
2473 2116 2647 2170 verbo
2699 2112 2985 2186 ὀξύλευκος
3020 2133 3032 2169 :
3066 2133 3133 2171 ex
3181 2132 3296 2187 quo
3340 2115 3689 2188 intelligitur

2031 2199 2202 2271 ὀξεῖαν
2232 2202 2411 2276 βαφήν
2445 2220 2673 2259 roseam
2706 2222 2834 2260 esse
2863 2205 3203 2262 tincturam.

2791 1666 2992 1736 ξυστίσι
3058 1674 3177 1729 ταῖς

2098 2306 2393 2376 Ὀξύλευκα
2434 2327 2491 2381 p.
2542 2312 2666 2365 322.
2722 2312 2877 2366 Verti
2908 2328 2937 2367 ε
2985 2328 3144 2368 roseo
3190 2311 3484 2367 candentia
3534 2314 3677 2369 insi-

2024 2399 2177 2469 gnia,
2212 2399 2418 2454 doctus
2464 2399 2536 2454 ab
2588 2399 2890 2456 Eustathio
2940 2402 3009 2455 ad
3054 2401 3159 2455 Od.
3206 2418 3265 2467 n,
3316 2401 3412 2455 ubi
3449 2418 3580 2455 cum
3617 2418 3685 2457 ex

2025 2487 2399 2542 Chmremone
2428 2487 2728 2543 retulisset
2776 2486 2858 2541 ὅτι
2885 2492 3084 2551 κοινῶς
3119 2489 3211 2560 μὲν
3242 2488 3311 2541 τὰ
3346 2486 3478 2557 ἄνθη
3514 2483 3670 2561 ἔαρος

2022 2574 2182 2627 τέκνα
2235 2572 2506 2643 ἐκάλεσεν,
2561 2572 2711 2636 ἰδίως
2764 2572 2820 2629 δὲ
2865 2575 2931 2630 τὰ
2975 2574 3107 2651 ῥόδα
3138 2577 3410 2652 ὀξυφεγγῆ
3460 2577 3550 2629 καὶ
3594 2575 3687 2631 ἕα-

2029 2682 2121 2735 ρος
2152 2664 2527 2736 τιθηνήματα,
2574 2666 2657 2721 sic
2689 2666 2968 2722 continuo
3017 2668 3333 2723 admonet:
3383 2668 3550 2729 ’Ένθα
3581 2666 3683 2741 ὅρα

2025 2754 2086 2807 τὸ
2120 2752 2387 2829 ὀξοφεγγῆ
2422 2756 2701 2829 χρήσιμον
2752 2754 2811 2808 ὃν
2863 2754 2938 2816 εἷς
2983 2756 3045 2809 τὸ
3089 2762 3282 2823 νοῆσαι
3312 2753 3557 2828 τοῦνομα
3584 2763 3683 2823 τῆς

2026 2841 2198 2911 ὀξείας
2249 2843 2444 2920 βαφῆς.
2504 2846 2604 2901 Ubi
2647 2845 2874 2899 observa
2926 2862 3111 2901 vocem
3156 2844 3429 2920 ὀξυφεγγῆ
3484 2846 3681 2900 utilem

2026 2932 2094 2987 ad
2114 2933 2535 3001 intelligendum
2549 2950 2803 3004 quaenam
2818 2950 2939 2988 vere
2966 2933 3039 2988 sil
3054 2935 3294 2989 tinctura
3312 2950 3477 3004 quam
3511 2933 3684 3004 ὀξεῖαν

2026 3024 2341 3077 nominant.
2395 3022 2619 3086 Quibus
2662 3023 2859 3078 verbis
2910 3024 3054 3078 satis
3108 3023 3330 3078 indicat
3374 3020 3548 3090 ὀξεῖαν
3586 3022 3687 3095 βά-

2035 3110 2140 3183 φήν
2174 3109 2404 3166 trahere
2436 3110 2660 3183 aliquid
2694 3128 2723 3166 e
2754 3110 2944 3166 colore
2976 3111 3224 3183 vigentis
3256 3128 3422 3175 rosae,
3456 3117 3555 3166 aut
3578 3128 3681 3183 po-

2036 3203 2181 3257 tium
2206 3204 2474 3259 eumdem
2501 3203 2698 3276 ipsum
2723 3220 2870 3259 esse.
2900 3204 3267 3275 Itaquejure,
3298 3204 3529 3275 opinor,
3553 3220 3682 3259 meo

2039 3287 2326 3360 65-5/.auxov
2382 3308 2517 3347 sum
2564 3292 2981 3363 interpretatus
3009 3308 3038 3347 ε
3084 3308 3236 3347 roseo
3266 3291 3532 3347 candens.
3570 3291 3681 3347 Ne-

2034 3397 2149 3452 que
2179 3380 2292 3436 tale
2327 3381 2504 3436 fuisse
2552 3380 2779 3452 imperii
2831 3381 3011 3450 gradu
3060 3380 3323 3436 inferiori
3358 3398 3389 3435 a
3442 3380 3684 3451 despeta

2035 3470 2365 3542 participati
2399 3470 2628 3542 insigne
2674 3487 2889 3525 novum
2944 3475 3054 3538 est,
3106 3487 3239 3526 cum
3284 3475 3341 3526 et
3370 3472 3588 3525 rubens
3628 3474 3686 3524 et

2034 3559 2336 3630 candicus,
2380 3576 2446 3615 ex
2502 3560 2719 3632 quibus
2770 3555 3060 3628 ὀξῦλευκος
3110 3560 3321 3615 mistus
3367 3564 3477 3629 est,
3510 3560 3680 3615 ambo

2035 3650 2201 3719 regiae
2253 3649 2559 3720 potestatis
2585 3648 2983 3705 characterem
3035 3666 3147 3704 usu
3196 3648 3441 3719 antiquo
3474 3650 3681 3720 praefe-

2034 3744 2165 3793 rant
2198 3738 2399 3808 utique
2443 3755 2578 3793 cum
2626 3756 2891 3809 purpura
2938 3738 2995 3792 in
3041 3743 3199 3793 veste
3242 3740 3427 3809 regia,
3467 3738 3687 3791 candor

2032 3828 2090 3881 in
2124 3826 2452 3881 diademate
2481 3826 3011 3881 commendaretur.
3039 3827 3147 3880 Sed
3182 3831 3238 3880 et
3269 3826 3557 3881 habemus
3581 3826 3683 3881 Pa-

2032 3915 2321 3988 chymeris
2352 3914 2540 3986 ipsius
2565 3914 2972 3969 testimonium
3006 3914 3113 3969 hoc
3146 3914 3571 3980 conlirmans,l.
3606 3931 3681 3980 v1,

2031 4022 2081 4063 c.
2114 4005 2203 4069 34,
2237 4004 2337 4058 ubi
2369 4020 2503 4058 cum
2543 4002 2843 4059 retulisset
2891 4003 3215 4058 decrevisse
3265 4003 3677 4073 imperatorem

2032 4110 2241 4150 ornare
2294 4093 2577 4148 Joannem
2640 4092 2964 4164 principem
3001 4093 3303 4161 Sazorum,
3363 4099 3676 4163 postquam

2031 4184 2081 4239 ei
2120 4184 2297 4238 ﬁliam
2333 4181 2647 4237 Eudociam
2679 4182 3108 4252 despondisset,
3155 4182 3490 4253 insignibus
3549 4198 3677 4252 quae

2032 4271 2701 4342 tribuerenturdespotis
2716 4287 2824 4326 usu
2844 4270 3675 4342 aulzeConstantinopalitanw,

2033 4360 2697 4432 moxillaipsainsignia
2719 4360 2975 4430 despotaa
3013 4366 3179 4415 vocat
3206 4359 3273 4412 τὰ
3303 4360 3363 4413 ὲκ
3391 4358 3678 4435 πορφύρας

2033 4446 2255 4524 δίχροα,
2291 4449 2559 4505 bicoloria
2587 4464 2658 4503 ex
2673 4464 2948 4520 purpura,
2982 4447 3091 4503 hoc
3133 4452 3242 4514 est,
3276 4452 3339 4503 ut
3368 4447 3464 4504 hic
3494 4447 3683 4518 loqui-

1953 4537 1999 4601 D
2034 4545 2148 4607 tur,
2184 4535 2469 4611 ὀξύλευκα,
2510 4555 2583 4593 ex
2611 4536 2845 4593 candido
2877 4541 2924 4592 et
2955 4554 3105 4593 roseo
3136 4539 3319 4593 misla.

2102 4647 2430 4717 Ὀπτιμᾶτοι
2474 4664 2529 4718 p.
2582 4645 2671 4701 24.
2722 4646 2928 4699 Docuit
2978 4662 3083 4701 nos
3135 4646 3360 4717 pridem
3406 4646 3682 4701 eruditis-

2030 4738 2214 4794 simus
2258 4737 2545 4809 Rigaltius
2604 4736 2663 4791 in
2714 4735 3030 4803 Glossario,
3085 4737 3240 4808 quod
3290 4737 3416 4808 ipse
3464 4736 3682 4791 didice-

2031 4832 2122 4883 rat
2176 4830 2248 4883 ab
2310 4826 2649 4883 auctoribus
2703 4824 2930 4881 idoneis
2981 4826 3061 4879 ibi
3113 4826 3389 4892 laudatis,
3442 4823 3684 4898 ὀπτιμά-

2030 4936 2155 4977 τους
2204 4932 2405 4972 vocem
2455 4932 2585 4971 esse
2634 4922 3015 4984 castrensem,
3065 4920 3291 4971 certum
3337 4932 3525 4987 genus
3583 4918 3687 4969 aut

2032 5006 2297 5062 ordinem
2348 5003 2605 5059 militum
2661 5005 3016 5076 signantem.
3080 5004 3242 5060 Unde
3290 5010 3453 5060 tanto
3496 5003 3685 5074 magis

2032 5096 2458 5152 conﬁrmantur
2489 5110 2609 5164 qua:
2642 5093 2712 5148 de
2741 5092 3023 5149 vocabulo
3076 5092 3364 5165 μεσυθονία
3397 5093 3680 5165 legionem

2033 5190 2133 5242 aut
2161 5184 2459 5241 cohortem
2492 5184 2574 5238 sic
2619 5181 2981 5238 nominatam
3034 5184 3329 5239 indicante
3370 5200 3547 5254 supra
3578 5198 3683 5235 suo

2034 5277 2159 5330 loco
2190 5274 2469 5329 diximus.
2501 5274 2563 5343 (P
2596 5271 2720 5343 406)
2752 5272 3004 5327 Omnino
3027 5272 3127 5328 illo
3175 5270 3525 5343 Pachymeris
3557 5270 3681 5324 loco

2031 5363 2335 5421 Michaelis
2368 5361 2667 5431 Palaeologi
2724 5361 2997 5416 militaris
3044 5361 3241 5417 Italico
3292 5364 3496 5415 navata
3529 5356 3678 5411 bello

2031 5454 2329 5508 indicatur
2384 5470 2579 5525 opera.
2631 5450 2794 5506 Unde
2842 5451 2943 5506 illa
2992 5452 3167 5506 verba
3215 5450 3280 5503 τὰ
3337 5444 3522 5501 πολλὰ
3563 5445 3680 5498 κατ’

2031 5538 2258 5596 Ἰταλῶν
2308 5542 2640 5616 πράττοντος
2688 5544 2757 5594 de
2803 5540 3092 5593 industria
3142 5540 3226 5595 sic
3274 5536 3442 5602 verti,
3497 5540 3560 5590 ut
3607 5537 3678 5593 de

2035 5629 2262 5687 bellicis
2292 5631 2421 5701 ejus
2450 5646 2566 5701 quo
2617 5629 2687 5683 de
2713 5627 2909 5699 agitur
2956 5628 3312 5683 facinoribus
3344 5641 3678 5682 sermonem
