3978 6182
375 289 508 345 1051

1429 283 1490 331 Ρ.
1533 279 1809 332 possm
1847 261 2461 333 OBSERVATIONUM
2501 280 2633 333 LIB.
2673 282 2719 332 1.

3600 274 3710 330 1052

376 414 471 469 hic
499 425 624 466 esse
658 407 837 462 lector
878 402 1184 475 intelligat.
1235 402 1511 466 Quanam
1540 417 1676 457 vero
1725 405 1782 457 et
1810 417 1878 456 ex
1908 416 2023 473 quo
2052 401 2110 467 Α
2137 400 2372 458 videtur
2401 403 2700 458 Pontanus
2733 405 3044 456 assecutus
3071 397 3238 454 initio
3256 395 3346 452 sui
3368 396 3709 470 Cautacuzeni,

379 498 529 557 588
564 510 772 568 genere
823 493 1130 548 hominum
1177 491 1386 547 cohors
1444 491 1564 547 haec
1609 491 1826 562 legiove
1873 491 2027 561 cpti-

379 591 596 642 mntum
634 583 783 638 dicta
817 582 873 636 in
930 583 1191 638 Romano
1243 587 1382 637 tunc
1431 585 1585 638 esset
1627 581 1841 648 excitu,
1875 579 2026 634 difﬁ-

375 675 486 729 cile
526 675 785 728 divinatu
822 671 892 728 sit
925 672 982 727 in
1016 672 1359 744 sei-iptorem
1385 672 1513 742 ejus
1548 670 1830 742 temporis
1860 685 1926 724 ea
1960 668 2029 723 de

375 781 436 818 re
484 763 740 818 silentio.
785 761 929 816 Fieri
988 761 1175 831 potuit
1225 765 1289 816 ut
1335 759 1559 815 nobiles
1609 758 1924 815 voluntarii
1956 760 2032 812 iet

376 869 484 908 suo
518 857 758 921 sumptu
796 851 1117 906 militantes
1149 850 1233 905 sic
1265 851 1700 921 appelarentur,
1733 848 1844 920 'qui
1877 847 2030 919 opti-

381 947 604 996 matum
637 939 984 995 vocabulum
1017 941 1188 994 domo
1224 938 1496 994 afferrent
1546 938 1828 992 indicium
1863 941 2027 993 nata-

379 1031 521 1085 lium
559 1029 935 1102 patrieiorum
964 1033 1066 1083 aut
1086 1044 1299 1083 census
1331 1026 1831 1083 domestici.Forte
1854 1026 2027 1082 etiam

379 1121 478 1191 qui
506 1117 816 1173 militarem
844 1117 1245 1172 fortitudinem
1269 1115 2032 1187 experimentisillustribus

383 1210 755 1279 probassent,
804 1207 862 1260 in
925 1211 1142 1260 certam
1204 1205 1444 1261 honoris
1502 1205 1693 1277 gratia
1746 1205 2029 1276 segregati

379 1297 670 1368 legionem
722 1297 828 1350 hoc
879 1295 1344 1365 designabantur
1395 1297 1677 1362 nomine;
1740 1294 2033 1365 quomodo

383 1392 587 1442 auctor
617 1389 706 1440 est
726 1383 1178 1456 Olympiodorus
1203 1385 1263 1438 in
1285 1384 1584 1455 Excerptis
1608 1384 1908 1438 Pbotianis
1927 1384 2036 1435 τῶν

383 1470 740 1548 Ῥοδογαΐσου
790 1474 1002 1527 Γότθων
1026 1471 1153 1534 τοὺς
1203 1470 1547 1545 κεφαλώτας,
1591 1473 1784 1545 capita
1822 1474 1953 1545 ipsa
1983 1465 2036 1527 ei

385 1563 909 1637 praestantissimos
941 1579 1175 1634 quoque
1225 1562 1479 1618 Gotthici
1529 1563 1819 1618 exercitus
1865 1577 2033 1632 quem

389 1654 666 1708 ductabat
719 1652 1108 1722 Rodogaisus,
1173 1654 1488 1722 optimatos
1546 1653 1665 1708 sive
1723 1652 2035 1724 Optimates

2134 493 2286 550 589
2321 509 2389 548 ex
2418 493 2588 562 cujus
2616 491 2906 549 sententia
2947 490 3316 560 interpretor,
3348 493 3410 541 ut
3438 487 3707 560 άὶχὶ,παρι-

2131 582 2481 653 κοιμώμενον
2535 583 2644 638 hoc
2691 581 2817 637 loco
2850 579 3105 637 cubiculi
3161 579 3504 650 praefectum,
3549 593 3710 650 nempe

2133 672 2517 744 imperatorii,
2553 672 2673 726 sive
2708 677 2773 726 ut
2811 671 3110 725 interdum
3163 667 3395 736 dicitur,
3426 667 3561 720 sacri
3585 668 3710 721 cubi-

2134 760 2271 815 culi.
2306 760 2452 828 Quia
2499 777 2632 816 vero
2665 760 2845 830 hujus
2892 764 3018 814 erat
3067 757 3324 813 ofﬁcium
3357 755 3610 810 excubare
3634 773 3708 812 no-

2135 857 2227 904 ctu
2278 849 2616 923 imperatori
2664 855 2767 904 aut
2807 847 3070 904 excubiis
3114 862 3382 918 praeesse,
3427 844 3714 916 παρακοιμώο

2139 959 2300 1011 μενος
2358 944 2596 995 vocatur
2643 938 2776 1010 plus
2842 937 3214 1008 signiﬁcante
3264 931 3531 989 vocabulo
3580 949 3713 1004 quam

2138 1034 2326 1097 sonet,
2359 1028 2515 1085 haud
2549 1029 2621 1083 ad
2663 1025 3214 1099 interpretationem
3264 1024 3559 1079 sull‘ecturo
3583 1038 3716 1076 excu-

2137 1121 2348 1176 bitoris
2380 1119 2638 1184 nomine,
2671 1119 2735 1190 (P
2765 1118 2889 1186 407)
2919 1117 3075 1188 quod
3121 1131 3286 1186 aeque
3315 1112 3490 1169 cuivis
3515 1111 3718 1166 cohortis

2136 1211 2380 1283 vigilum
2431 1209 2695 1281 gregario
2747 1207 3104 1264 conveniret.
3154 1203 3545 1276 Bachymeres,
3595 1202 3626 1256 l.
3665 1219 3719 1270 vx,

2139 1317 2189 1356 c.
2234 1302 2346 1356 12:
2401 1298 2488 1368 Ἐξ
2549 1298 2721 1365 αὐτῆς
2765 1294 2968 1368 πέμπει
3015 1295 3108 1349 τὸν
3154 1297 3253 1348 τοῦ
3297 1294 3546 1351 κοιτῶνος
3583 1309 3721 1359 παρα-

2137 1400 2487 1463 κοιμώμενον
2521 1389 2613 1442 τὸν
2665 1385 2948 1462 βασιλικὸν
2983 1382 3297 1440 Βασίλειον.
3337 1384 3418 1438 En
3470 1387 3527 1437 ut
3565 1381 3722 1452 singu-

2140 1481 2246 1536 lari
2271 1481 2506 1535 nomine
2531 1479 2768 1534 eﬂ‘ertur
2799 1477 2907 1532 hoc
2940 1492 3148 1531 nomen
3184 1488 3484 1546 personam
3514 1471 3722 1524 indicans

2141 1576 2542 1644 praestantem;
2569 1568 2931 1641 maiorisque
2962 1565 3273 1638 dignitatis
3305 1579 3466 1634 quam
3498 1565 3721 1633 quantam

2140 1660 2332 1732 capiat
2360 1659 2712 1716 excubitoris
2735 1657 2982 1728 simplex
3004 1654 3244 1710 mentio.
3274 1651 3504 1706 Videtur
3523 1647 3723 1704 cilicium

388 1743 566 1797 fuisse
615 1745 868 1796 vocatos.
920 1741 1215 1796 Habemus
1264 1741 1438 1796 etiam
1492 1758 1560 1797 ex
1599 1740 1888 1803 Mauritio,
1923 1739 1960 1795 l.
1996 1757 2037 1794 ιι
2067 1771 2114 1836 Β
2144 1748 2339 1804 simile
2369 1750 2498 1818 ejus
2555 1748 2710 1819 quod
2772 1746 2828 1801 in
2872 1745 3005 1800 aula
3061 1748 3330 1799 Romana
3386 1740 3544 1795 hodie
3570 1742 3725 1794 vocant

386 1833 649 1897 Strateg.,
701 1846 751 1883 ο.
813 1831 868 1895 3,
922 1846 1410 1901 unumquemque
1467 1831 1820 1902 optimatum
1881 1828 2035 1882 mili-

388 1925 505 1974 tem
539 1919 650 1974 sibi
673 1919 1088 1990 obsequentem
1133 1935 1332 1974 secum
1374 1920 1632 1989 duxisse,
1667 1918 1767 1990 qui
1793 1915 2036 1992 ἀρμάτος

392 2014 646 2063 armatus
675 2009 995 2064 dicebatur.
1047 2007 1208 2070 Quod
1252 2009 1445 2080 ipsum
1502 2013 1916 2081 argumentum
1951 2012 2042 2062 est

393 2096 821 2153 excellentioris
848 2114 1027 2169 supra
1047 2097 1260 2169 vulgus
1286 2097 1537 2153 militum
1565 2093 2041 2168 dignitatisémt-

399 2184 604 2258 μάτων,
640 2188 708 2241 ad
758 2203 929 2257 quam
984 2187 1219 2258 respicit
1261 2204 1370 2242 vox
1405 2186 1580 2241 αὐτῶν
1624 2188 1718 2242 hic
1750 2205 1782 2242 a
1811 2186 2038 2257 Pachy-

395 2293 543 2332 mere
575 2276 788 2348 posita,
815 2277 1089 2333 indicans
1112 2278 1472 2349 superiorem
1499 2277 1739 2333 honoris
1757 2281 1814 2332 et
1837 2276 2040 2348 digna-

397 2366 575 2421 tionis
597 2366 846 2437 gradum
869 2367 928 2420 in
957 2367 1302 2437 praefectura
1325 2368 1676 2439 optimatum
1699 2384 1878 2439 supra
1896 2382 2042 2438 pre:—

397 2455 684 2509 fecturam
719 2454 1082 2510 Mesothinise
1116 2455 1315 2511 fuisse.

469 2556 664 2616 Οὐδὲσι
723 2577 778 2632 p.
844 2562 969 2616 222.
1030 2561 1276 2617 Videtur
1331 2563 1427 2618 hic
1500 2579 1646 2618 nove
1698 2566 2044 2635 usurpatum

396 2649 677 2720 adjective
707 2650 1050 2705 vocabulum
1094 2647 1274 2704 οὖδὲσι
1326 2653 1384 2707 in
1429 2653 1547 2708 dat.
1596 2651 1806 2723 plurali
1846 2653 1919 2708 ob
1953 2651 2043 2705 ού-

400 2733 510 2798 δείς
559 2739 629 2794 ad
678 2739 1134 2811 signiﬁcandum
1183 2740 1325 2797 viles
1375 2741 1767 2798 homunculos
1799 2743 1871 2797 de
1913 2741 2046 2796 fmce

396 2827 582 2899 plebis
616 2844 681 2882 ac
735 2827 924 2885 nihili.
977 2833 1116 2885 Nam
1166 2834 1282 2889 τοῖς
1333 2827 1512 2884 οὐδέσι
1565 2831 1760 2887 statim
1805 2829 2048 2904 opponit

402 2912 697 2991 μεγάλους,
763 2919 847 2973 sic
909 2919 1324 2992 subjungens:
1369 2917 1624 2995 μεγάλων
1685 2919 1772 2974 ἐπὶ
1830 2917 2045 2980 τούτοις

396 3004 744 3080 τεταγμένων
777 3006 839 3061 τὸ
869 3008 1157 3084 πρότερον.
1204 3015 1261 3067 L.
1296 3028 1380 3080 ιιι,
1415 3028 1462 3067 c.
1500 3013 1586 3082 18,
1618 3010 1911 3084 Josephus
1944 3010 2048 3066 Ga-

2141 1848 2378 1892 maestro
2394 1836 2453 1892 di
2482 1835 2857 1903 camera,etin
2880 1832 3105 1890 Gallica
3127 1830 3374 1904 premier
3401 1827 3727 1900 gentilitatum:

2144 1927 2210 1982 de
2259 1927 2314 1982 la
2362 1926 2636 1982 chambre.
2688 1925 2800 1980 Sed
2844 1930 2900 1979 et
2971 1919 3472 1996 παρακοιμώμενον
3519 1914 3727 1988 generale

2144 2017 2442 2071 interdum
2473 2015 2828 2071 vocabulum
2867 2029 3016 2082 esse,
3051 2027 3262 2067 omnes
3305 2007 3555 2064 indicans
3581 2005 3658 2076 qui
3683 2021 3728 2057 ex

2146 2110 2196 2161 ot
2210 2106 2335 2161 licio
2351 2105 2407 2159 in
2425 2103 2697 2162 cubiculo
2721 2103 3098 2176 imperatorio
3112 2100 3426 2157 stationem
3440 2094 3726 2153 ordinarium

2147 2194 2464 2261 habebant,
2516 2192 2866 2265 intelligitur
2913 2207 2981 2246 ex
3027 2191 3099 2246 iis
3148 2206 3281 2261 quae
3339 2188 3648 2242 adnotamus
3677 2183 3728 2237 ad

2147 2301 2346 2340 vocem
2379 2279 2669 2360 σφενδόνη.

2220 2386 2694 2464 Παραπληκτίζειν
2749 2406 2806 2460 p.
2859 2388 2983 2442 372.
3045 2391 3131 2442 Ex
3192 2384 3425 2440 abunde
3492 2384 3730 2454 perspecta

2150 2482 2386 2536 notione
2444 2474 2857 2534 vocabulorum
2929 2472 3230 2550 παραπλήε
3290 2478 3346 2528 et
3381 2469 3728 2545 παράπληκτος,

2147 2569 2316 2625 licuit
2371 2569 2769 2639 significatum
2855 2566 3121 2622 divinare
3185 2563 3347 2618 verbi
3423 2553 3729 2635 παραπληκτῖ·

2152 2661 2258 2727 ζειν
2287 2657 2716 2728 lexicographis
2774 2654 3116 2726 vulgaribus
3177 2651 3386 2708 indicti
3435 2657 3489 2705 et
3531 2655 3731 2703 tamenn

2149 2751 2351 2802 sancto
2377 2745 2652 2818 Gregorio
2684 2744 3048 2800 Nazianzeno
3080 2740 3378 2812 usurpati,
3408 2740 3561 2810 cujus
3584 2737 3728 2790 locum

2148 2837 2405 2894 Joannes
2433 2835 2766 2904 Parastron,
2793 2834 2893 2905 qui
2917 2833 3011 2888 hic
3035 2835 3285 2892 loquens
3306 2824 3732 2891 inducitur,tacito

2150 2926 2406 2982 auctoris
2438 2925 2676 2980 nomine
2725 2923 2946 2979 recitat.
2984 2923 3242 2978 Sanctus
3293 2919 3443 2976 enim
3476 2915 3560 2972 ille
3585 2915 3735 2968 doctor

2151 3015 2422 3072 Oratione
2441 3015 2510 3068 de
2533 3014 2753 3085 Spiritu
2781 3019 2982 3068 sancto
3008 3022 3141 3067 ante
3177 3009 3457 3074 medium,
3489 3022 3600 3061 cum
3624 3003 3731 3057 hanc

395 3092 928 3187 lesii-‘Germanum
981 3098 1373 3170 patriarcham
1430 3099 1734 3171 alloqueus
1775 3099 1888 3155 ait:
1939 3098 2035 3151 Καί
2070 3119 2112 3187 C
2154 3103 2558 3176 proposuisset
2597 3099 3119 3171 interrogationem
3173 3095 3428 3153 haeretici
3460 3093 3734 3149 Pneumato-

399 3203 495 3237 σου
528 3181 893 3258 ὀλιγωροῦσιν
926 3185 1000 3249 ὡς
1047 3184 1298 3259 μηδεικός.
1347 3190 1449 3246 Hie
1497 3207 1730 3262 quoque
1773 3188 2037 3262 positive,

397 3279 462 3328 ut
505 3273 587 3328 sic
619 3273 845 3345 loquar,
898 3283 1219 3348 usurpatur
1263 3277 1323 3330 τὸ
1376 3275 1566 3350 μηδείς
1601 3296 1613 3334 :
1673 3295 1882 3350 nempe
1922 3296 2039 3334 non

397 3363 698 3430 verus,sed
727 3362 988 3419 intrusus
1019 3369 1075 3419 et
1105 3366 1515 3437 supposititius
1548 3368 1880 3440 patriarcha
1908 3368 2042 3423 Ger-

401 3468 614 3506 manus
631 3451 972 3509 habebatur.
1007 3455 1120 3510 Hoc
1151 3456 1426 3527 exprimit
1447 3463 1644 3514 noster
1665 3458 1835 3515 verbo
1857 3458 2044 3513 nullus

407 3535 621 3612 μηδείς.

478 3625 688 3688 Παπίας
740 3645 794 3700 p.
845 3629 968 3686 350.
1028 3635 1100 3687 De
1155 3649 1368 3705 magno
1414 3635 1585 3707 papia
1634 3637 1718 3692 sic
1763 3636 2046 3699 Codinus,

405 3734 453 3772 c.
489 3717 544 3784 5,
586 3735 643 3772 n.
694 3719 763 3772 34
798 3735 810 3773 :
862 3718 923 3775 Ὁ
957 3717 1125 3794 μέγας
1171 3721 1416 3784 παππίας
1455 3724 1563 3796 (sic
1611 3726 1767 3781 enim
1819 3726 2046 3795 scribit,

404 3827 532 3866 cum
567 3809 777 3866 Noster
805 3831 845 3864 π
875 3812 1124 3886 simplex
1157 3816 1354 3888 ponat)
1385 3815 1500 3890 εἶχε
1542 3817 1637 3889 μὲν
1684 3813 1853 3870 πάλαι
1909 3816 2050 3886 ὑπη-

407 3897 586 3975 ρεσίαν
634 3897 1057 3976 ἀνεπίγνωστον,
1089 3907 1178 3957 νῦν
1230 3901 1287 3958 δὶ
1335 3902 1614 3979 οὐδεμίαν·
1645 3909 1870 3977 Magnus
1903 3925 2051 3980 pap-

403 3992 528 4062 pias
559 3991 754 4047 habuit
776 3992 910 4048 olim
930 3997 1301 4051 ministerium
1331 3996 1847 4067 incognitum,nunc
1869 4003 2055 4054 autem

407 4081 648 4135 nullum.
684 4081 903 4138 Tamen
941 4084 1234 4142 Pontanus
1270 4091 1465 4141 noster
1494 4088 1564 4143 ad
1586 4090 2051 4144 Cantacuzenum

413 4169 580 4224 docet
611 4185 679 4224 ex
709 4170 930 4228 Zonara
953 4189 1230 4245 magnum
1257 4175 1530 4246 pappiam
1564 4175 1782 4231 dictum
1809 4177 2056 4247 judicen

410 4256 578 4313 illum
613 4275 903 4317 summum
941 4263 1007 4317 ad
1033 4280 1206 4334 quem
1241 4265 1800 4321 commentarienses
1833 4266 1902 4320 de
1927 4282 2056 4337 per-

411 4345 573 4402 sonis
606 4363 839 4405 reorum
871 4355 928 4407 et
960 4369 1225 4420 numero,
1277 4354 1346 4409 de
1377 4353 1660 4425 qualitate
1709 4354 2054 4411 delictorum

411 4436 484 4491 de
516 4435 845 4496 clausorum
876 4441 1183 4498 ordinibus
1214 4443 1425 4500 referre
1448 4443 1755 4500 debebant.

486 4546 989 4620 Παρακοιμώμενος
1043 4568 1098 4621 p.
1146 4551 1271 4606 206.
1334 4552 1432 4608 "Ov
1483 4551 1988 4626 παρακοιμώμσνος
2026 4551 2054 4605 ὁ

411 4635 625 4706 κρατῶν
677 4633 813 4709 εἶχε,
863 4641 918 4693 et
948 4639 1122 4710 paulo
1157 4644 1287 4711 post
1335 4641 1425 4694 καὶ
1476 4641 1568 4694 τὸν
1625 4642 2057 4718 παρακοιμώμι-

411 4741 502 4775 νον
534 4723 850 4797 Μακρηνόν.
915 4733 1172 4800 Apparet
1217 4747 1286 4784 ex
1316 4729 1408 4786 his
1431 4731 1606 4787 officii
1665 4733 1840 4789 aulici
1871 4733 1929 4788 id
1961 4751 2057 4790 vo-

411 4811 688 4868 cabulum
737 4831 898 4885 esse;
960 4819 1114 4874 unde
1153 4824 1210 4874 et
1254 4835 1386 4874 mox
1417 4837 1482 4875 eo
1522 4821 1648 4877 sine
1682 4823 1917 4894 pr0prio
1950 4841 2056 4879 no-

409 4899 566 4954 mine
624 4900 712 4957 vir
750 4902 905 4960 idem
957 4905 1319 4978 designatur,
1354 4908 1495 4964 dum
1528 4910 1766 4966 additur
1791 4913 1854 4980 ἧν
1889 4908 1935 4965 δ’
1967 4911 2060 4966 εὐ-

408 4981 651 5060 δοκιμῶν
688 4989 715 5044 ὁ
766 4990 1287 5066 παράκοιμώμενος.
1340 4997 1478 5052 Erat
1536 5015 1744 5072 nempe
1821 5002 1934 5070 hic,
1995 5006 2059 5057 ut

409 5076 672 5148 loquitur
719 5082 999 5150 Codinus,
1062 5084 1558 5142 cubiculariorum
1609 5094 1666 5143 et
1700 5089 2057 5161 epheborum

413 5167 784 5237 imperatoris
841 5178 1017 5244 caput
1050 5191 1060 5202 '
1121 5176 1176 5224 Ὀ
1242 5174 1734 5247 παρακοιμώμενος
1791 5182 1887 5231 τοῦ
1938 5199 2060 5233 κοι-

411 5259 584 5318 τῶνος
635 5257 934 5334 εὑρίσκεται
978 5261 1190 5340 κεφαλή
1243 5267 1351 5316 τῶν
1397 5261 1449 5316 ἐν
1503 5267 1582 5334 τῷ
1609 5269 1833 5321 κοιτῶτι
1864 5265 2058 5322 παιδο-

414 5344 636 5400 πούλων
697 5347 785 5403 καὶ
814 5353 921 5404 τῶν
973 5349 1370 5425 κοιτωναρίων.
1415 5353 1740 5420 Quodcirca
1785 5359 2058 5429 equidem

413 5437 751 5508 praefectum
780 5440 1044 5496 nuhiculi
1075 5441 1268 5498 Latice
1301 5440 1440 5510 dixi,
1466 5440 1601 5496 licet
1623 5442 1879 5504 viderem
1908 5449 2061 5506 Wol-

411 5524 557 5582 ﬂum
580 5527 640 5582 in
661 5530 945 5600 excerptis
964 5535 1229 5602 Gregoras
1272 5530 1608 5600 subjunctis
1629 5535 2060 5598 cubicularium

414 5613 806 5683 interpretari.
835 5617 947 5672 Sed
979 5635 1172 5674 veram
1198 5621 1324 5691 ejus
1353 5617 1513 5675 vocis
1545 5621 1840 5683 notionem
1872 5630 2062 5702 magis

2153 3192 2370 3260 machi,
2403 3189 2495 3251 Τίς
2549 3189 2638 3242 οὗν
2672 3191 2706 3258 ἡ
2758 3187 3114 3262 ἐκπύρευσις;
3158 3203 3292 3258 quae
3321 3185 3492 3256 igitur
3532 3185 3597 3237 est
3638 3193 3732 3248 ρνο·

2147 3281 2357 3338 cessio?
2415 3280 2776 3352 respondet:
2855 3277 2989 3334 Εἰπὲ
3045 3275 3107 3330 σὺ
3176 3277 3280 3344 τήν
3339 3269 3621 3348 ἆγεννησὶαν
3663 3268 3730 3319 τοῦ

2149 3370 2380 3442 Πατρὸς,
2428 3366 2581 3442 κάγὼ
2637 3367 2734 3435 τήν
2786 3367 3030 3441 γέννησιν
3075 3368 3175 3419 τοῦ
3236 3365 3362 3418 Υἱοῦ
3409 3356 3726 3439 φυσιολογήσω

2149 3461 2241 3514 καὶ
2270 3454 2368 3526 τὴν
2405 3457 2718 3531 ἐκπὸρευσιν
2745 3461 2839 3511 τοῦ
2889 3453 3227 3528 Πνεύματος.
3284 3454 3520 3510 Edissere
3545 3459 3595 3505 tu
3628 3443 3727 3500 mihi

2153 3549 2696 3619 ingenerabilitalem
2743 3547 2949 3613 Patris,
2982 3555 3032 3601 et
3073 3561 3170 3616 ego
3232 3541 3616 3614 generationem
3640 3533 3734 3590 Filii

2155 3639 2434 3696 enarrabo
2454 3646 2505 3694 et
2531 3639 2925 3710 processionem
2955 3634 3223 3704 Spiritus.
3258 3638 3403 3688 Tum
3437 3629 3641 3687 subdit:
3661 3619 3733 3678 Καὶ

2157 3726 2685 3804 παραπληκνίσομεν
2761 3722 2926 3802 ἄμφω
2991 3723 3067 3787 εἷς
3115 3727 3254 3778 Θεοῦ
3311 3725 3564 3794 μυστήρια
3609 3731 3736 3783 παρα-

2157 3818 2472 3878 κόπτοντες.
2516 3819 2577 3872 Et
2609 3819 2949 3872 insaniemus
2993 3816 3150 3870 ambo
3183 3816 3246 3868 in
3295 3814 3388 3868 Dei
3415 3808 3641 3883 mysteria
3664 3805 3736 3858 im-

2158 3911 2440 3964 mittentes
2464 3907 2664 3962 oculos.
2702 3907 2789 3961 Ita
2823 3905 3100 3961 scribitur
3145 3902 3438 3958 hiclocus
3468 3901 3519 3953 in
3547 3893 3737 3952 editione

2162 4014 2321 4053 mere
2377 4001 2573 4052 Graeca
2619 3995 2940 4052 Basileensi
2992 3992 3131 4048 anni
3189 3992 3349 4060 1550,
3402 4007 3452 4060 p.
3488 3987 3598 4049 221,
3637 3998 3675 4036 ν.
3701 3977 3736 4040 1,

2160 4085 2333 4156 longe
2394 4085 2602 4139 melius
2652 4100 2830 4155 quam
2878 4083 2934 4137 in
3011 4081 3303 4136 Parisensi
3369 4071 3736 4156 Graeco-Latina,

2163 4155 2290 4231 ubi,
2311 4171 2853 4248 παραπληκτ’ήσομεν
2908 4172 3126 4242 legitur
3173 4169 3350 4242 quasi
3405 4183 3469 4222 ex
3511 4155 3739 4234 παραπλη-

2163 4264 2326 4332 κτέω,
2360 4264 2515 4336 quod
2550 4268 2773 4319 rectum
2805 4279 2920 4318 non
2953 4266 3062 4316 est.

2235 4367 2540 4444 Παροχεῦς,
2589 4387 2645 4442 p.
2696 4371 2818 4424 155.
2874 4366 2975 4421 Τὸν
3027 4364 3212 4439 μὲντοί
3273 4385 3338 4440 γε
3396 4349 3739 4444 πρύτανιν

2083 4487 2134 4555 D
2162 4481 2271 4514 των
2302 4441 2672 4533 διαὶ-ἠπαροχὲα
2701 4457 2776 4520 ὡς
2835 4454 3056 4511 δυνατὸν
3113 4453 3482 4555 ἐμεγάλυνεν..
3511 4453 3586 4506 Ita
3618 4441 3737 4500 codd.

2164 4552 2206 4607 B
2235 4555 2290 4606 et
2340 4551 2397 4604 A.
2449 4549 2792 4604 Vaticamus
2840 4565 2944 4620 pro
2976 4546 3069 4602 his
3119 4545 3299 4601 habet
3319 4541 3406 4597 καὶ
3435 4541 3519 4594 τὸν
3546 4547 3738 4620 γραμμ-

2163 4638 2499 4712 τοκομιστὴν
2561 4619 2869 4712 ἐγεγάλυνε.
2926 4641 3324 4708 Praeterquam
3400 4646 3548 4688 error
3588 4628 3658 4682 est
3700 4619 3738 4671 in

2167 4729 2460 4800 scriptura
2491 4727 2519 4780 Θ
2569 4727 2796 4783 intruso
2836 4727 2895 4782 in
2945 4728 3134 4783 locum
3166 4744 3194 4777 τ
3225 4725 3286 4778 in
3324 4738 3459 4778 voce
3485 4726 3738 4804 γραμμαξξ-

2164 4799 2457 4890 κομιστήν,
2506 4817 2680 4872 etiam
2739 4816 2990 4885 videtur,
3042 4819 3106 4870 ut
3163 4830 3282 4869 non
3341 4827 3467 4867 raro
3511 4805 3635 4862 solet
3674 4799 3738 4890 hic

2167 4889 2550 4981 interpolator
2583 4907 2781 4979 potius
2830 4923 3008 4979 quam
3064 4904 3390 4976 descriptor
3417 4889 3736 4981 Pachymerisl

2168 4980 2440 5055 aberasse
2471 5014 2504 5052 a
2534 5002 2729 5053 mente
2759 4996 3017 5055 auctoris
3051 5012 3064 5052 :
3098 4993 3356 5068 quicum
3387 4989 3520 5047 dicit
3544 4980 3734 5068 πρύτανιν

2165 5085 2372 5142 τούτων
2433 5085 2522 5140 καὶ
2583 5085 2832 5159 παροχέα
2913 5067 3344 5158 μεγαλυνθῆναι,
3415 5081 3667 5134 auctorem
3700 5067 3735 5116 εί

2169 5177 2536 5250 praebitorem
2569 5176 2778 5231 horum
2834 5174 3272 5247 magniﬁcatum
3307 5171 3482 5226 fuisse
3521 5164 3584 5218 ab
3607 5159 3737 5250 ἱΨΡθ·

2169 5273 2382 5334 ratore,
2415 5285 2527 5322 non
2561 5266 2684 5322 vult
2715 5266 3264 5338 signiﬁcareipsum
3291 5258 3516 5334 praemio
3543 5246 3737 5338 all'eeisse

2168 5331 2528 5425 tabellarios,
2587 5357 2688 5426 qui
2741 5331 2938 5411 laetum
2999 5331 3306 5410 nuntium—
3353 5331 3736 5426 attulerantgldb

2169 5445 2436 5503 mercede
2492 5423 2711 5517 quippe
2769 5445 2899 5502 istis
2945 5441 3266 5500 liberaliter
3327 5433 3592 5511 persoluta
3623 5423 3735 5518 diu:

2169 5539 2260 5591 rat
2324 5537 2496 5590 antea
2545 5549 2560 5591 :
2612 5531 2716 5590 Καὶ
2783 5529 3071 5589 ἀντεδίδου
3146 5528 3239 5603 μὶν
3309 5529 3414 5582 τῶν
3487 5518 3636 5595 λόγων
3689 5521 3735 5560 τι

2175 5621 2389 5698 μείζω),
2423 5622 2525 5678 sed
2573 5623 2662 5678 vel
2710 5623 2832 5697 agit
2861 5625 2935 5681 de
2983 5623 3223 5688 Cresam,
3277 5615 3377 5690 qui
3427 5626 3536 5669 rem
3563 5605 3730 5662 tantam
