3978 6182
270 321 415 376 1053

1757 324 2239 381 GLOSSARIUM.

3566 325 3701 383 1054

262 449 513 505 feliciter
546 449 890 521 fortiterque
914 456 1239 523 peregerat,
1271 452 1361 506 cui
1398 454 1707 523 propterea
1730 468 1793 508 se
1834 453 1937 507 dc-
1968 452 2022 517 Α
2053 446 2456 504 sanctimoniae
2489 448 2810 517 hominem,
2843 449 3285 522 suspicionibus
3316 450 3700 524 impudicitia

264 538 402 594 bere
436 538 1157 611 proﬁtereturiimperator
1188 556 1529 596 successum
1554 541 1708 598 500
1731 540 1934 609 istum,

264 633 320 682 et
352 629 486 699 ejus
514 627 800 683 virtutum
837 645 901 683 ac
927 630 1199 685 meritum
1262 648 1326 684 eo
1387 631 1621 686 nomine
1682 630 1936 686 celebra-

266 724 387 772 ret:
436 717 527 772 vel
590 734 691 790 per
750 734 918 774 voces
979 716 1240 791 πρύτανιν
1300 718 1385 772 καῖ
1446 718 1698 794 παροχὲα
1750 727 1933 776 Deum

265 807 550 862 indicavit
585 808 870 862 bonorum
906 810 1167 863 omnium
1223 810 1466 878 fontem,
1527 812 1619 865 cui
1680 810 1934 882 peculia-

267 897 412 951 riter
443 901 746 969 acceptam
787 898 1047 953 referens
1078 902 1193 954 tam
1248 899 1538 971 insignem
1598 899 1931 956 felicitatem

267 1002 405 1041 eum
442 986 921 1057 magniﬁcaverit.
961 988 1073 1043 Hoc
1106 989 1439 1044 conﬁrmari
1501 994 1694 1061 potest
1749 1007 1815 1045 ex
1861 991 1933 1046 iis

267 1092 395 1146 qua:
429 1092 563 1130 mox
594 1075 796 1130 subdit
831 1092 844 1132 :
878 1074 1177 1129 Συνεκάλεέ
1206 1077 1409 1138 πάντας
1452 1076 1526 1139 εἰς
1587 1076 1930 1153 εὐχαριστίαν

266 1167 371 1217 τοῦ
418 1162 752 1237 Κρείττονος.
797 1166 1131 1221 Provocabut
1181 1171 1405 1222 cunctos
1451 1167 1524 1222 ad
1554 1171 1767 1237 gratias
1816 1170 1929 1225 Nu-

270 1255 424 1309 mini
479 1253 733 1323 agendas.
786 1256 853 1308 Et
912 1255 1094 1325 hujus
1153 1256 1565 1328 gratulationis
1626 1258 1934 1313 occasione

281 1340 489 1397 habita
520 1342 741 1408 concio,
777 1359 903 1413 qua
937 1343 1124 1414 capite
1146 1345 1413 1415 sequenti
1436 1345 1729 1413 recitatur,
1752 1346 1934 1401 multa

275 1429 460 1485 habet
490 1429 549 1483 in
572 1430 721 1484 hanc
763 1433 1137 1486 sententiam.
1200 1432 1357 1496 Quod
1414 1434 1506 1489 hic
1566 1434 1936 1507 peculiariter

275 1520 605 1573 notandum
641 1519 817 1581 venit,
855 1523 944 1573 est
974 1537 1079 1574 vox
1110 1520 1388 1594 παροχεύς
1415 1522 1623 1592 posita,
1666 1529 1729 1577 ut
1772 1524 1931 1579 vidc-

269 1610 395 1673 tur,
430 1623 533 1678 pro
574 1606 825 1681 πάροχος
863 1608 1145 1679 ρνκὸίιον,
1192 1612 1448 1681 largitor.
1500 1612 1681 1683 Cujus
1736 1613 1931 1668 formas

272 1698 615 1769 exemplum
649 1698 804 1753 haud
845 1700 1061 1770 passim
1098 1702 1373 1771 reperias.
1409 1703 1644 1773 Legitur
1665 1707 1858 1758 tamen
1880 1709 1936 1757 et

275 1786 528 1843 inferius
558 1786 597 1841 l.
632 1804 688 1843 v1
721 1804 769 1842 c.
801 1788 891 1856 23,
922 1790 1021 1843 ubi
1056 1791 1291 1846 recitato
1326 1791 1389 1846 D.
1426 1791 1765 1848 Dam'isceni
1806 1792 1933 1847 loco

276 1875 506 1930 Patrem
570 1882 848 1931 teternum
906 1871 1189 1951 προϐολὲα
1248 1877 1342 1933 τοὺ
1396 1877 1709 1955 ἐχντορικοῦ
1767 1879 1936 1934 Πνεύ-

276 1984 453 2036 ματος
469 1966 809 2037 prolatorem
840 1966 957 2022 sive
988 1971 1307 2024 emissorrm
1346 1972 1708 2027 enuntiatorii
1754 1971 1932 2043 Spiri-

275 2060 369 2110 tus
402 2055 662 2111 vocantis
694 2056 775 2111 ait
800 2058 1081 2128 quosdam
1109 2062 1173 2113 ut
1207 2059 1351 2114 falso
1395 2060 1657 2116 afﬁctum
1722 2063 1932 2116 Dama-

271 2161 453 2199 sceno
512 2145 620 2200 hoc
674 2145 897 2201 dictum
958 2147 1239 2218 rejicisse,
1289 2151 1576 2220 quosdam
1638 2155 1823 2206 autem
1876 2150 1931 2205 id

273 2233 607 2305 legitimum
632 2236 761 2306 ejus
794 2236 979 2291 sancti
1005 2238 1261 2294 doctoris
1293 2238 1699 2295 testimonium
1754 2256 1933 2309 agno-

271 2328 506 2378 scentes
562 2323 622 2378 in
673 2340 739 2379 eo
807 2324 1159 2381 vocabulum
1231 2320 1539 2400 προϐαλεῦς
1619 2327 1677 2383 in
1763 2346 1931 2401 παρο-

270 2409 411 2487 xta-5c;
441 2417 720 2469 mutasse.

352 2501 443 2574 (P
472 2498 843 2574 408)11ηλε·5ς
875 2503 1026 2577 (I)p.
1090 2505 1211 2561 450.
1268 2504 1494 2560 Peleum
1558 2505 1653 2561 hic
1716 2522 1933 2561 memo-

274 2591 397 2645 rari
432 2595 653 2662 patrem
678 2592 898 2647 Achilis
952 2598 1007 2647 et
1066 2594 1123 2649 in
1183 2594 1514 2667 exemplum
1576 2594 1932 2650 castimonia

272 2679 528 2752 proponi
552 2685 811 2754 apparet,
847 2685 911 2737 ut
942 2683 1144 2738 statim
1174 2688 1303 2754 post
1343 2684 1654 2739 Aristidem
1691 2684 1746 2738 in
1798 2701 1935 2756 spe-

282 2770 479 2825 cimen
513 2770 878 2826 abstinentia:
906 2790 937 2826 a
973 2773 1127 2827 furto
1160 2773 1553 2829 alienissimae.
1583 2774 1707 2829 Non
1740 2779 1933 2829 tamen

282 2859 546 2913 occurrit
564 2859 754 2915 adhuc
777 2860 921 2914 mihi
944 2861 1350 2917 testimonium
1376 2862 1605 2933 antiqui
1631 2862 1936 2934 scriptoris

285 2946 469 3003 istam
503 2948 775 3004 eximiam
807 2950 1103 3020 pudicitiae
1134 2949 1369 3006 laudem
1396 2952 1562 3007 Peleo
1594 2950 1933 3017 asserentis,

280 3038 621 3107 cujusmodi
656 3038 972 3109 quodpiam
1001 3042 1373 3096 obversatum
1402 3042 1597 3097 animo
1629 3040 1937 3096 scribentis

278 3127 414 3181 haec
448 3127 817 3199 Pachymeris
853 3129 1139 3201 suspicor.
1195 3131 1395 3201 Neque
1452 3130 1607 3187 enim
1667 3129 1939 3185 videlicet

2051 551 2229 605 quam
2261 535 2310 589 si
2342 535 2539 590 ﬁctum
2571 552 2637 591 ex
2670 538 2816 595 59!
2857 541 3011 592 creta
3042 542 3099 593 et
3128 537 3250 593 luto
3293 556 3524 611 corpus,
3577 560 3693 597 non

2049 624 2242 675 autem
2272 638 2337 676 ex
2364 638 2556 678 carme
2581 630 2913 679 concretum
2938 625 3261 681 habuisset.
3290 628 3525 682 Invenio
3548 628 3695 683 allu.

2048 709 2231 764 sionis
2263 727 2376 765 non
2413 728 2836 784 usquequaque
2859 713 3150 768 absimilis
3171 714 3505 786 exemplum
3539 718 3692 787 apud

2044 799 2422 855 Eustathium
2454 802 2543 869 (ad
2578 802 2743 859 Iliad.
2781 822 2875 874 tp.
2907 805 3013 857 772
3045 804 3135 858 ed.
3171 804 3363 873 Rom.)
3402 804 3695 876 explican-

2046 891 2163 943 tem
2216 888 2437 944 dictum
2494 892 2747 945 facetum
2808 890 2865 946 in
2935 909 3258 964 cauponem
3321 893 3422 964 qui
3497 895 3697 949 venale

2043 976 2241 1033 vinum
2272 978 2510 1034 turbare
2534 979 2759 1035 fascium
2810 981 3164 1037 admistione
3215 981 3427 1037 solitus
3474 982 3694 1037 audivit

2044 1083 2076 1121 a
2105 1069 2354 1138 quodam
2390 1084 2403 1123 :
2440 1068 2530 1136 Μή
2583 1066 2725 1122 ποίει
2764 1069 2854 1123 τὸν
2897 1068 3059 1125 Οἰνέα
3108 1067 3316 1140 Πηλέα,
3376 1071 3452 1126 Ne
3504 1071 3693 1141 facias

2041 1155 2279 1212 CEneum
2310 1158 2553 1214 Peleum.
2592 1158 2752 1221 Quod
2787 1164 2850 1214 ut
2880 1157 3227 1230 εὖτραπὲλως
3283 1162 3425 1215 salse
3470 1160 3689 1215 dictum

2043 1246 2098 1299 hi
2125 1253 2328 1302 auctor
2358 1248 2577 1317 laudat,
2612 1250 2697 1304 sic
2728 1266 3011 1304 enarrans
3045 1267 3058 1305 :
3089 1248 3182 1315 Μὴ
3239 1248 3458 1323 τρυγίαν
3511 1254 3690 1302 κυκῶν

2038 1334 2125 1387 καὶ
2178 1345 2222 1412 ᾦ
2279 1338 2565 1413 τεῖρητῆρι
2623 1339 2986 1411 παραμιγνὺς,
3033 1331 3342 1409 μετάϐαλλε
3398 1338 3487 1390 τὸν
3550 1338 3691 1391 οἶνον

2040 1430 2114 1491 ὡς
2174 1450 2251 1490 εις
2306 1426 2512 1497 πηλὸν,
2558 1424 2602 1497 ᾧ
2636 1423 2785 1480 δοκεῖ
2816 1424 3248 1501 παρωνομάσθαι
3295 1424 3689 1499 παιγνημὸνως

2041 1522 2069 1575 ὁ
2100 1517 2337 1590 Πηλεύς.
2370 1520 2445 1574 Ne
2464 1521 2624 1589 faeces
2653 1519 2870 1572 diluens
2892 1521 2943 1573 et
2964 1516 3172 1573 crateri
3201 1517 3511 1572 admiscens
3545 1525 3695 1571 muta

2042 1612 2230 1666 vinum
2254 1607 2411 1664 velut
2448 1607 2509 1662 in
2561 1608 2735 1661 lutum
2769 1626 2786 1660 :
2838 1607 3049 1661 ludicra
3100 1608 3244 1661 enim
3305 1605 3699 1677 paronomasia

2037 1700 2254 1755 videtur
2273 1698 2434 1754 verbo
2464 1699 2663 1752 Peleus
2695 1697 2873 1751 lutum
2922 1695 3210 1751 indicasse.
3247 1697 3372 1750 illeo
3421 1696 3519 1767 qui
3577 1712 3692 1749 non

1966 1834 2011 1898 B
2043 1789 2322 1862 probarit,
2357 1786 2662 1842 condoleat
2692 1784 3005 1839 infeliciter
3035 1784 3405 1852 conantibus,
3466 1790 3522 1839 et
3572 1801 3690 1839 me-

2049 1879 2182 1898 I!____
2247 1876 2289 1898 ,Ξ
2323 1876 2498 1898 ι.-ι.-ι.
2556 1877 2829 1898 ---....--..ι
2866 1877 3017 1898 η.-..ι,.
3053 1873 3380 1898 -ΑΑΑ-.ι..-ἕη

2046 1879 2213 1943 liora,
2244 1876 2291 1933 si
2323 1876 2521 1939 habet,
2555 1877 2832 1946 suggerat
2863 1877 3020 1943 grate
3051 1873 3403 1943 acceptoris.

2116 1964 2375 2021 Ιιλατεῖαι
2450 1961 2780 2018 ἐκπωλάτων
2842 1981 2897 2036 p.
2983 1962 3101 2017 453.
3185 1961 3521 2027 Quaerebam
3594 1960 3688 2015 hic

2043 2056 2181 2127 quid
2243 2058 2441 2111 essent
2497 2050 2836 2124 ἐκπωμάτων
2892 2048 3169 2117 πλατεῖαι,
3230 2066 3376 2121 quas
3436 2064 3504 2104 ex
3580 2066 3690 2103 tero

2041 2145 2223 2200 fuisse
2252 2161 2384 2199 mox
2413 2143 2637 2198 indicat
2658 2146 2858 2197 noster
2888 2142 2958 2196 de
2989 2140 3199 2195 iisdem
3234 2139 3445 2195 iterum
3506 2155 3685 2209 agens

2041 2234 2133 2289 his
2182 2233 2417 2290 verbis:
2479 2228 2703 2291 Χαλκᾶς
2775 2228 2982 2290 ἐκείνας
3032 2225 3293 2289 πλατείας
3379 2224 3683 2300 ὑποδοχάς.

2048 2323 2222 2379 Solus
2253 2322 2573 2378 Vaticanus
2607 2318 2819 2394 χαλκᾶς
2850 2317 3077 2379 πίνακας
3100 2316 3377 2390 appellat,
3420 2317 3519 2372 sed
3548 2315 3684 2370 huic

2040 2413 2186 2468 ﬁdes
2221 2413 2371 2483 apud
2403 2428 2495 2466 me
2528 2412 2767 2483 quidem
2794 2411 3017 2465 dudum
3050 2414 3138 2463 est
3169 2425 3235 2463 ex
3274 2424 3387 2478 quo
3439 2405 3691 2469 decoxit,

2041 2502 2206 2558 Certe
2234 2500 2389 2573 πίναξ
2414 2501 2591 2557 nimis
2620 2499 2887 2573 generale
2912 2497 3260 2554 vocabulum
3323 2501 3448 2553 est:
3503 2512 3692 2566 neque

2042 2591 2099 2648 in
2133 2592 2351 2646 tabulis
2384 2594 2484 2645 aut
2515 2591 2755 2646 laminis
2781 2588 2947 2644 aereis
2977 2587 3277 2643 commode
3316 2586 3375 2641 id
3433 2587 3692 2655 frumen-

2042 2690 2160 2737 tum
2212 2684 2442 2744 coctum,
2510 2681 2630 2735 sive
2690 2681 2809 2750 iam
2862 2677 3156 2741 molitum,
3219 2675 3373 2730 mola
3428 2673 3697 2728 videlicet

2045 2769 2216 2825 farris
2246 2771 2409 2833 tosti,
2442 2774 2506 2823 ut
2554 2767 2781 2839 antiqui
2842 2767 3254 2836 loquebantur,
3317 2763 3435 2818 sive
3497 2761 3701 2833 granis

2043 2857 2290 2929 integris
2324 2857 2575 2912 naturali
2603 2858 2809 2919 forma,
2843 2854 3152 2910 commode
3208 2853 3419 2923 gestari
3478 2850 3694 2923 potuit,

2044 2948 2125 3004 Ne
2156 2946 2361 3001 multis
2399 2963 2412 3001 :
2448 2945 2591 3001 mihi
2624 2948 2846 3000 attente
2873 2941 3269 2997 consideranti
3314 2941 3465 2995 hunc
3499 2939 3696 2994 locum

2041 3038 2311 3092 veniebat
2358 3036 2418 3092 in
2478 3039 2734 3091 mentem
2808 3030 3148 3103 ἐκπωμάτων
3220 3028 3480 3090 πλατείας
3557 3049 3697 3103 πγαο

2039 3125 2186 3187 τείας
2221 3121 2503 3199 ὑποδοχάς
2541 3124 2656 3179 dici
2704 3122 2799 3178 hic
2828 3140 2860 3177 a
2890 3121 3247 3192 Padhymere
3276 3136 3414 3174 vasa
3463 3135 3698 3175 mensa-

272 3216 480 3271 omnia
510 3234 639 3289 qua;
668 3217 764 3273 ille
796 3218 938 3290 legit
960 3220 1018 3274 in
1053 3226 1288 3277 nostras
1315 3237 1524 3277 venere
1561 3238 1774 3275 manus
1811 3238 1824 3288 ;
1868 3237 1934 3275 ac
1965 3218 2008 3286 C
2050 3216 2134 3271 ria
2161 3232 2287 3287 quas
2319 3220 2629 3286 solloeoppe
2671 3212 2833 3268 Italis
2858 3210 3032 3266 hodie
3063 3210 3385 3276 dicuntur;
3443 3224 3700 3280 quorum

271 3308 530 3362 fortasse
555 3324 627 3362 ne
658 3325 813 3363 nunc
843 3309 1082 3380 quidem
1115 3317 1452 3380 supersunt.
1501 3314 1687 3377 Quam
1742 3311 1929 3367 multa

272 3397 439 3452 enim
471 3398 780 3454 vetustatis
812 3400 1018 3454 Graecae
1050 3406 1435 3457 monumenta
1466 3402 1803 3475 quingentis
1845 3402 1936 3457 his

274 3487 403 3540 fere
418 3486 609 3553 annis,
626 3492 828 3559 quota
850 3488 1222 3559 Pachymeris
1244 3494 1408 3546 aetate
1422 3493 1489 3546 ad
1508 3492 1659 3547 hanc
1674 3498 1935 3549 nostram

270 3575 673 3644 intercedunt,
708 3578 895 3651 perire
918 3580 1178 3636 funditus
1202 3582 1466 3655 contigit.
1493 3586 1595 3637 aut
1624 3588 1774 3639 certe
1796 3583 1938 3639 hac—

271 3669 458 3721 tenus
488 3663 747 3720 ἀνέκδοτα
777 3669 1015 3725 servari.
1063 3670 1171 3725 Sed
1230 3687 1333 3726 nec
1391 3676 1602 3727 cuncta
1650 3672 1806 3727 edita
1852 3671 1938 3727 vi-

275 3754 502 3810 dimus.
520 3756 1180 3814 Adnimadvertotamen
1204 3761 1514 3815 Homerum
1540 3761 1743 3815 crebra
1762 3778 1936 3832 quam

274 3844 461 3901 infert
501 3846 796 3902 mentione
830 3846 980 3903 Pelei
1040 3847 1391 3918 frugalitatis
1450 3849 1499 3904 ei
1588 3850 1939 3921 virtutisque

272 3932 513 3989 laudem
548 3934 664 3988 fere
696 3935 953 3991 tribuere
984 3936 1165 3991 videri
1200 3953 1489 4008 ;quarum
1523 3936 1788 3993 videlicet
1816 3955 1936 3993 me-

272 4023 395 4078 rito
427 4023 500 4077 ab
526 4027 727 4079 Actore
760 4024 981 4080 Phthiae
1014 4030 1311 4095 regnante,
1347 4027 1416 4081 ad
1451 4043 1622 4098 quem
1648 4044 1713 4082 ex
1739 4028 1940 4100 (Egina

272 4111 644 4183 confugerat,
698 4115 951 4186 propriis
1010 4114 1147 4170 ﬁliis
1201 4115 1475 4186 praelatus
1534 4132 1822 4188 generque
1871 4134 1938 4173 ac

272 4202 444 4273 regni
478 4218 783 4258 successor
807 4202 1029 4259 electus
1062 4204 1256 4271 fuerit,
1298 4210 1363 4260 ut
1394 4205 1736 4260 Eustathius
1765 4205 1940 4261 refert

275 4292 354 4347 ad
382 4291 547 4347 Iliad.
576 4291 606 4363 β
631 4309 686 4365 p.
716 4293 907 4348 321ed
936 4294 1123 4359 Rom.,
1144 4295 1215 4348 ad
1240 4310 1416 4365 quam
1453 4295 1599 4350 forte
1630 4294 1937 4350 historiam

274 4380 595 4436 alluserint
628 4382 833 4437 fabula
866 4398 996 4453 quae
1031 4382 1336 4454 praelatum
1373 4383 1486 4440 diis
1517 4384 1662 4456 ipsis
1716 4384 1937 4454 judicio

274 4470 569 4543 principis
592 4471 835 4527 deorum
869 4471 927 4526 in
960 4472 1235 4527 felicitate
1264 4473 1629 4543 nuptiarum,
1662 4490 1940 4529 concessa

2044 3310 2133 3362 est
2154 3322 2299 3360 usus
2325 3304 2384 3359 in
2408 3303 2646 3377 scyphis
2674 3299 3062 3374 porrigendis.
3083 3299 3314 3354 Habent
3335 3315 3402 3354 ea
3445 3314 3698 3369 superne

2043 3394 2415 3450 latitudinem
2445 3408 2718 3464 capacem
2750 3389 3103 3464 scyphorum
3139 3386 3317 3442 simul
3374 3385 3694 3442 multorum

2045 3485 2225 3555 (unde
2255 3486 2508 3536 πλατεῖαι
2554 3478 2893 3552 ἐκπωμάτων
2956 3481 3109 3534 recte
3152 3477 3477 3549 vocentur),
3535 3475 3701 3531 labro

2044 3591 2148 3645 per
2177 3572 2490 3628 circuitum
2524 3573 2594 3626 ad
2658 3571 2915 3642 aliquam
2948 3566 3314 3623 latitudinem
3346 3565 3698 3638 resupinato

2044 3672 2402 3729 coronatam,
2437 3661 2787 3715 innitentem
2806 3658 2937 3731 pedi
2966 3657 3271 3729 supposito
3294 3657 3564 3720 rotundo,
3588 3656 3684 3727 qui

2044 3759 2103 3810 et
2127 3753 2621 3808 manubriiusum
2677 3753 2912 3821 praestat
2970 3746 3329 3802 ministranti
3380 3745 3690 3815 pincernae.

2043 3845 2185 3913 Ejus
2220 3844 2417 3897 forma:
2450 3841 2668 3903 lances,
2704 3843 2804 3894 aut
2836 3838 2883 3893 si
2908 3837 3098 3892 dicere
3121 3836 3315 3903 liceat,
3349 3834 3682 3904 capedines,

2046 3939 2331 4006 argenteas
2357 3935 2417 4005 [P
2446 3933 2575 4004 409]
2606 3934 2721 3987 fere
2752 3931 2922 3987 hodie
2953 3929 3227 3983 visuntur
3276 3927 3331 3980 in
3387 3942 3690 3997 procerum

2044 4024 2379 4083 conviviis:
2430 4022 2729 4077 tenuiores
2796 4017 3075 4073 ﬁctilibus
3162 4018 3429 4071 utuntur.
3512 4015 3698 4070 {Etate

2045 4113 2422 4188 Pachymeris
2453 4114 2713 4168 nondum
2748 4109 3023 4167 Peruanis
3052 4107 3235 4162 ditata
3260 4105 3511 4161 metallis
3539 4120 3696 4159 terere

2044 4205 2455 4260 increbuerant
2482 4218 2495 4259 :
2532 4202 2631 4257 sed
2658 4199 2912 4255 materias
2934 4197 3130 4253 vilitas
3149 4199 3427 4251 encausto
3460 4194 3697 4266 picturae

2044 4293 2219 4349 variae
2243 4293 2467 4348 fructus
2489 4288 2858 4346 autumnales
2915 4284 3321 4343 assimulantis
3374 4284 3699 4354 tegebatur,

2046 4386 2111 4437 ut
2133 4383 2301 4437 docet
2331 4380 2440 4436 hoc
2473 4379 2596 4436 loco
2630 4382 2842 4435 noster.
2879 4375 3088 4448 Negari
3139 4390 3254 4429 non
3316 4376 3504 4444 potest
3556 4372 3700 4442 quin

2046 4470 2462 4542 percommode
2493 4468 2672 4524 fuerit
2700 4463 3038 4523 istiusmodi
3063 4463 3220 4519 vasis
3252 4462 3439 4517 forma
3460 4461 3529 4515 ad
3559 4461 3703 4515 istas

275 4559 399 4630 ipsi
434 4558 490 4614 in
526 4576 802 4631 sponsam
836 4560 1082 4616 Thetide
1114 4578 1289 4634 quam
1316 4563 1549 4634 Jupiter
1583 4563 1710 4636 ipse
1741 4579 1843 4635 pro
1876 4578 1938 4618 se
1971 4581 2015 4645 Β
2046 4562 2293 4630 eulogias
2338 4561 2635 4633 frumemti
2689 4558 2828 4614 cocti
2877 4561 3005 4611 tum
3056 4551 3705 4645 decoreuadmovendas

278 4648 511 4704 ambire
533 4649 842 4719 potuisset,
874 4649 1168 4706 celebrant
1194 4651 1427 4707 Peleum
1465 4669 1477 4706 :
1513 4653 1681 4724 cujus
1707 4652 1939 4724 generis

286 4737 394 4794 illa
415 4744 555 4793 sunt
572 4738 788 4796 Catulli
821 4755 835 4795 :

440 4843 607 4917 Teque
633 4844 785 4917 adeo,
807 4844 1016 4901 eximie
1045 4845 1199 4901 laedis
1225 4846 1481 4917 felicibus
1511 4855 1687 4911 aucte,

434 4915 721 4989 Thessaliae
752 4916 1041 4989 columem,
1072 4915 1264 4989 Peleu,
1298 4919 1389 4973 cui
1416 4919 1629 4989 Jupiter
1656 4917 1791 4987 ipse,

426 4987 547 5059 Ipse
572 5004 699 5045 suos
728 4988 920 5045 divum
948 4988 1168 5059 genitor
1194 4991 1459 5047 concessit
1483 4987 1721 5057 amores,

268 5094 395 5151 Nec
426 5094 574 5151 forte
620 5112 654 5150 a
700 5094 870 5167 genio
914 5094 1288 5166 Pachymeris
1318 5094 1585 5151 ’multum
1643 5097 1939 5151 aberraret

277 5183 381 5254 qui
418 5184 819 5256 suspicaretur
848 5184 928 5241 ita
958 5185 1303 5242 meminisse
1331 5184 1502 5241 illum
1533 5184 1685 5240 Pelei
1743 5184 1934 5239 herois

272 5270 591 5341 inculpati,
626 5277 690 5327 ut
706 5271 974 5329 alluserit
992 5274 1061 5329 ad
1076 5278 1309 5346 etj‘mon
1344 5273 1594 5330 nominis
1608 5274 1734 5344 ejus
1758 5271 1816 5326 ἐκ
1838 5277 1935 5327 τοῦ

273 5356 496 5431 πηλοῦ,
529 5362 682 5433 quod
715 5361 891 5416 lutum
952 5362 1265 5433 signiﬁcat,
1318 5362 1571 5431 formati,
1630 5362 1788 5418 velut
1843 5362 1935 5417 in-

277 5467 476 5507 nuens
510 5467 627 5507 non
658 5450 847 5523 magis
876 5453 1111 5508 afﬁnem
1144 5452 1328 5510 tuisse
1361 5452 1629 5519 Veccum,
1665 5455 1936 5524 spectatas

366 5670 445 5744 (1)
475 5669 558 5728 Cl.
592 5669 955 5729 Glossarium
988 5666 1258 5728 alterum.

2049 4651 2188 4716 aris,
2218 4654 2345 4705 tum
2386 4650 2521 4705 inde
2563 4652 2697 4721 post
2727 4644 3047 4702 sacerdotis
3096 4640 3559 4698 benedictionem
3608 4640 3707 4695 de-

2050 4739 2369 4811 portandus
2394 4741 2451 4793 in
2486 4739 2692 4793 domos
2718 4740 2865 4801 tuto,
2901 4732 3230 4798 latitudine,
3284 4747 3353 4785 ex
3401 4746 3516 4801 qua
3562 4725 3699 4782 πλα-

2042 4831 2181 4882 τεῖαι
2201 4825 2807 4899 dicuntur,paulisper
2828 4840 3101 4892 concava,
3120 4826 3175 4878 et
3199 4819 3475 4891 coupacis
3501 4823 3701 4875 rotun-

2048 4919 2268 4985 ditatis,
2322 4918 2489 4974 facile
2549 4916 2895 4973 admittente
2955 4913 3260 4970 materiam
3308 4909 3511 4973 talem,
3561 4914 3618 4965 et
3669 4928 3695 4962 a

2047 5007 2216 5079 lapsu
2250 5008 2595 5079 prohibente
2630 5004 2910 5061 beneﬁcio
2943 5002 3081 5059 editi
3113 5001 3332 5056 circum
3393 4997 3703 5069 marginis.

2047 5098 2211 5153 illius
2233 5112 2441 5168 nempe
2468 5097 2537 5151 de
2561 5112 2676 5166 qua
2700 5094 2839 5163 dixi,
2866 5091 3092 5149 modice
3119 5090 3368 5145 reductas
3396 5092 3451 5143 et
3474 5086 3590 5140 alte
3612 5101 3711 5155 per

2047 5186 2359 5243 circuitum
2373 5184 2657 5241 exstantia
2674 5183 3131 5239 loriculae.Voces
3145 5194 3377 5251 quoque
3392 5181 3512 5231 tum
3538 5172 3706 5232 ἐκπω,

2045 5275 2186 5331 άτων
2220 5281 2344 5331 tum
2379 5270 2631 5347 ὑποδοχή
2659 5272 2968 5345 aptissime
3016 5272 3075 5325 in
3135 5275 3399 5323 nostram
3458 5266 3693 5318 senten-

2046 5367 2188 5421 tiam
2223 5366 2520 5422 accidunt.
2551 5363 2816 5418 Indicant
2839 5361 2991 5417 enim
3023 5374 3194 5414 usum
3232 5355 3404 5409 istius
3435 5350 3588 5405 vasis
3626 5365 3696 5404 eo

2048 5455 2185 5511 facti
2217 5459 2283 5511 ut
2313 5454 2543 5527 pocula,
2576 5450 2896 5523 ἐκπώματα,
2931 5447 3205 5520 imposita
3248 5442 3557 5512 exciperet,
3610 5437 3695 5493 sic
