3968 6202
415 344 424 354 .
453 306 591 361 1055

1504 308 1565 358 Ρ.
1609 304 1880 359 POSSINI
1921 305 2537 360 OBSERVATIONUM
2575 310 2706 362 LIB.
2751 313 2792 362 Ι.

3647 318 3745 372 1056

448 433 742 489 oﬂ‘erenda
775 428 1228 484 convivismanu
1274 428 1650 500 pocillatoris.
1711 429 1888 485 Porro
1945 425 2088 482 πλα-
2121 431 2171 496 Α
2204 447 2376 502 porro
2434 431 2576 503 quid
2633 433 2927 506 Josephus
2969 435 3359 507 responderet,
3416 450 3745 500 commemorat

445 524 583 579 τεῖαι
617 519 890 572 videntur
914 517 1287 573 substantive
1312 517 1447 584 diei,
1481 519 1633 575 592
1666 518 1779 573 nisi
1803 519 1937 589 quis
1971 534 2088 573 ma-

445 609 529 674 lit,
565 624 698 660 cum
732 608 856 663 sola
888 607 1008 662 haec
1042 624 1146 661 vox
1200 607 1456 678 ponitur,
1516 609 1979 663 subaudiendum
2035 611 2092 662 et

444 696 616 751 tacite
646 697 1036 767 supplendam
1074 695 1232 750 illam
1261 697 1500 751 alteram
1539 693 1827 770 ὑποδοχαί.

536 820 909 892 Πνευματικὸς
984 819 1073 874 καὶ
1133 819 1508 891 πνευματίζων
1593 839 1648 894 p.
1714 825 1840 878 256.
1923 824 2087 880 Jose-

441 910 623 981 pbum
661 909 1016 966 monasterio
1055 910 1284 977 _GJleSii
1344 911 1720 982 praepositum
1765 917 1928 968 vocat
1979 919 2091 969 Pa-

438 997 740 1072 chymeres
793 995 960 1073 ἄνδρα
1015 998 1378 1070 πνευματικοί
1430 999 1520 1053 καὶ
1579 999 1655 1062 εἰς
1723 999 1929 1076 πατέρα
1999 1023 2092 1056 τε-

432 1085 700 1161 ταγμένον
731 1091 812 1158 τῷ
847 1084 1080 1154 βασιλεῖ.
1145 1089 1338 1144 Primo
1387 1096 1626 1162 aspectu
1682 1109 1785 1146 vox
1847 1111 2089 1164 πνευμα-

430 1176 583 1238 τιιός
616 1178 724 1234 hoc
756 1178 879 1232 loco
911 1179 1142 1232 videtur
1169 1177 1322 1234 idem
1356 1197 1563 1235 sonare
1587 1197 1720 1236 cum
1777 1198 1843 1237 eo
1903 1183 2086 1254 quod,

437 1265 476 1321 l.
510 1283 594 1334 ιιι,
625 1284 674 1320 c.
711 1267 795 1333 19,
842 1271 1202 1322 memoratur
1259 1288 1521 1340 πνευματι
1580 1274 1684 1338 ζῶν
1741 1271 1943 1342 spiritu
1998 1288 2084 1327 vt-

436 1357 762 1424 vens,quod
795 1355 874 1410 ibi
923 1356 1137 1412 dicitur
1194 1358 1264 1412 de
1320 1359 1624 1414 monachis
1682 1362 2085 1417 sanctimoniae

438 1443 710 1514 Opinione
758 1447 1127 1515 venerandis,
1179 1452 1415 1518 sumpta
1477 1464 1543 1503 ex
1592 1448 1772 1504 Paulo
1822 1451 2085 1520 apostolo

438 1535 692 1590 formula
723 1534 1026 1606 loquendi,
1061 1535 1266 1607 quales
1298 1538 1618 1608 imperator
1649 1557 1750 1610 pro
1799 1557 1859 1595 se
1917 1541 2087 1596 adhi-

439 1623 562 1682 buit
623 1623 842 1694 μεσίτας
916 1621 1182 1696 πνεύματι
1251 1629 1455 1693 ζῶντας
1526 1626 1615 1680 καὶ
1693 1629 1943 1698 συνήθεις
2007 1634 2085 1701 τῷ

435 1710 773 1786 πατριάρχῃ.
808 1714 1024 1768 Tamen
1057 1716 1108 1770 si
1139 1715 1271 1786 quis
1303 1716 1689 1787 introspiciat,
1723 1719 1881 1774 aliud
1928 1719 1987 1774 in
2018 1737 2085 1775 ea

2199 519 2604 592 Pachymeres,
2640 524 2911 594 quamvis
2942 524 3297 580 subobscure
3326 525 3378 580 in
3412 528 3544 597 cod.,
3569 529 3662 585 Bet
3697 535 3744 587 A.

2202 610 2310 664 Sed
2349 611 2403 665 in
2466 613 2620 668 593
2681 613 2962 670 Vaticano
3013 613 3246 682 clarius,
3291 622 3537 694 negatum
3583 620 3632 690 [Ρ
3657 622 3742 692 4101

2201 716 2409 772 nempe
2439 703 2510 756 ab
2544 702 2670 774 ipso
2704 704 2918 759 factum
2947 721 2959 759 :
2987 705 3358 776 pertendisse,
3389 707 3612 778 inquam,
3632 709 3744 766 haud

2199 804 2264 843 eo
2298 790 2602 847 devenisse
2643 793 2953 848 Arsenium
2981 794 3360 865 patriarcham
3392 803 3448 850 ut
3490 797 3571 850 ubi
3616 798 3744 866 juris-

2198 878 2514 936 dictionem
2547 883 2830 938 adimeret
2860 889 2916 939 et
2959 884 3195 939 omnino
3254 886 3585 941 interdiceret
3623 887 3746 942 abso-

2198 968 2424 1025 lutione
2459 969 2852 1043 imperatoris.
2882 974 3072 1029 Verba
3102 973 3220 1029 hinc
3246 980 3376 1030 sunt
3404 973 3629 1029 historici
3671 977 3747 1031 sub

2199 1057 2374 1113 ﬁnem
2407 1059 2535 1130 ejus
2567 1061 2780 1134 capitis
2817 1078 2836 1116 :
2870 1061 2977 1117 Κᾶν
3017 1062 3092 1134 μὴ
3138 1062 3358 1138 γεγονὸς
3402 1061 3653 1140 ἐφημίσθη,
3696 1063 3748 1124 ὡς

2196 1145 2285 1199 καὶ
2352 1147 2379 1200 ὁ
2444 1148 2646 1224 Ἰωσὴφ
2705 1150 3146 1226 πατριαρχεύσας
3213 1150 3444 1225 ὕστερον,
3503 1151 3749 1226 italo-{oti-

2200 1256 2362 1307 μενος
2393 1237 2525 1313 ὑπὲρ
2555 1243 2740 1308 τοῦτο,
2773 1237 3164 1316 διισχυρίζετο.
3200 1243 3294 1298 Sic
3347 1243 3403 1297 in
3457 1244 3602 1297 codd.
3647 1243 3750 1298 duo-

2197 1326 2327 1382 bus.
2384 1331 2455 1382 Αἱ
2511 1329 2830 1386 Vaticanus
2888 1331 2972 1387 sic
3031 1332 3250 1388 habet:
3301 1331 3547 1404 Ὅμωςὸ
3606 1331 3750 1408 Ἰωσὴφ

2195 1416 2636 1492 πατριαρχεύσας
2714 1418 2934 1493 ὕστερον
3005 1417 3366 1496 διισχυρίζετο
3427 1416 3597 1493 ψεῦδος
3659 1420 3753 1473 eiut

2193 1503 2284 1557 τὸν
2300 1504 2467 1579 λόγον
2487 1509 2679 1580 Ioseph
2691 1511 3036 1580 postmodum
3054 1511 3481 1582 patriarchatum
3500 1527 3655 1580 gerens
3666 1527 3755 1581 per-

2195 1595 2451 1652 lendebat
2494 1597 2708 1668 [alsum
2767 1615 2880 1655 esse
2931 1602 3072 1672 quod
3145 1619 3179 1656 a
3255 1602 3437 1656 muttis
3499 1599 3754 1672 jactabatur

2196 1682 2414 1756 Nempe
2452 1693 2516 1742 ut
2549 1687 2722 1760 paulo
2755 1691 3031 1761 superius
3054 1691 3300 1754 dixerat,
3324 1689 3394 1751 ὡς
3417 1687 3666 1765 χωρὶςτῆς
3689 1690 3756 1741 τοῦ

433 1774 610 1858 latere
640 1774 1040 1872 deprehendet
1069 1774 1227 1858 haud
1254 1774 1617 1876 negligentiae
1649 1774 1928 1864 n'otionis.
1989 1774 2061 1864 Ᾰι

2198 1774 2546 1850 πατριάρχου
2610 1774 2820 1852 βουλῆς
2875 1779 3289 1850 ἀντιποιήσοιτο
3350 1779 3643 1853 (Josephus)
3685 1783 3756 1843 τῆς

434 1894 714 1960 gumento
745 1890 822 1945 sit
852 1892 1006 1962 quod
1042 1892 1216 1964 paulo
1245 1899 1374 1964 post
1404 1896 1604 1950 eodem
1639 1896 1826 1968 capite
1878 1898 2087 1954 scribi-

432 1982 551 2046 tur,
588 1980 803 2034 famam
838 1997 1161 2037 emanasse.
1186 1981 1560 2040 interdictum
1579 1986 1832 2056 Josepho
1865 1987 2084 2043 buicab

425 2068 672 2124 Arsenio
697 2070 1027 2140 patriarcha
1053 2071 1232 2127 fuisse
1258 2089 1328 2128 ne
1357 2075 1697 2146 fungeretur
1714 2077 1903 2132 ofﬁcio
1925 2097 2083 2131 πνευ-

432 2161 664 2227 ματικοῦ
689 2164 776 2213 est
794 2159 1008 2216 Graecis
1032 2159 1115 2214 sic
1131 2159 1384 2217 habent:
1411 2163 1484 2224 ὡς
1507 2163 1597 2218 καὶ
1613 2162 1986 2238 ἐπιτιμήσειεν
2007 2152 2086 2244 ἐφ’

424 2243 470 2316 ᾧ
506 2242 645 2316 μηδὲ
675 2247 1040 2318 πνευματικὸς
1084 2246 1436 2324 ἀναδέχοιτο.
1498 2254 1788 2311 Nimirum
1848 2242 2084 2328 πνευμά-

423 2334 576 2395 τικός
611 2341 702 2391 est
751 2337 966 2394 Graecis
1024 2338 1376 2396 Christianis
1426 2343 1580 2398 idem
1635 2346 1791 2414 quod
1855 2345 2082 2402 Latinis

425 2423 843 2481 ecclesiasticis
875 2429 1262 2499 confessarius,
1299 2435 1362 2485 ut
1418 2433 1592 2487 etiam
1650 2438 1806 2489 recte
1855 2435 2078 2490 dudum

427 2513 717 2570 Meursius
748 2515 1095 2572 observavit.
1130 2517 1334 2589 Itaque
1361 2522 1630 2592 suspicor
1653 2523 1716 2577 τὸ
1744 2521 1834 2576 καί
1892 2524 2077 2580 abun-

428 2599 587 2665 dare,
613 2606 676 2656 ut
705 2619 857 2674 saepe
887 2603 1024 2659 alibi
1058 2606 1211 2676 apud
1246 2613 1536 2676 nostrum,
1571 2610 1657 2665 sic
1687 2611 1747 2666 in
1804 2612 1930 2669 loco
1980 2615 2078 2669 de-

423 2689 643 2759 scripto
679 2708 692 2757 ;
725 2695 782 2746 et
813 2709 946 2747 cum
978 2694 1340 2765 πνευματικὸς
1370 2696 1458 2750 καὶ
1493 2696 1569 2760 εἷς
1623 2699 1829 2774 πατὲρᾳ
1882 2722 2080 2776 τεταγ-

427 2773 587 2847 μένος
637 2782 718 2850 τῷ
781 2779 997 2855 βασιλεῖ
1054 2783 1350 2857 Josephus
1406 2787 1644 2856 dicitur,
1706 2773 1852 2845 nihil
1913 2773 2071 2848 aliud

423 2867 670 2923 indicari
703 2870 819 2926 nisi
850 2889 982 2928 eum
1018 2879 1232 2946 patrem
1253 2877 1644 2949 spiritualem,
1677 2879 1786 2936 hoc
1817 2886 1905 2937 est
1936 2899 2071 2939 con-

426 2959 742 3015 fessarium
776 2961 1114 3034 imperatori
1146 2965 1347 3023 fuisse.
1379 2973 1463 3024 Ex
1496 2986 1614 3040 qua
1661 2972 2070 3028 observatione

417 3045 518 3102 lux
552 3049 792 3122 effulget
822 3053 1246 3122 posterioribus
1277 3074 1310 3111 a
1343 3073 1434 3112 me
1477 3059 1789 3131 descriptis
1846 3061 2068 3134 Pachy-

415 3137 590 3194 meris
619 3140 832 3194 verbis.
867 3143 1082 3198 Horum
1114 3144 1270 3200 enim
1298 3145 1434 3201 hinc
1461 3154 1620 3220 patet
1648 3165 1778 3205 esse
1836 3155 2070 3206 senten-
2103 3181 2145 3247 ρ

417 3225 587 3292 tiam,
621 3228 839 3283 iratum
874 3230 1212 3302 imperatori
1261 3236 1654 3306 patriarcham
1686 3239 1942 3295 vetuisse
2000 3258 2071 3296 ne

411 3313 709 3384 Josephus
739 3318 1015 3391 deinceps
1042 3321 1214 3378 etiam
1241 3325 1496 3394 privatas
1515 3327 1642 3397 ejus
1671 3328 2067 3384 confessiones

415 3403 709 3472 exciperet
739 3402 1135 3480 (ἀναδέχοιτο,)
1166 3412 1237 3465 de
1257 3428 1374 3482 quo
1405 3415 1581 3470 verbo
1614 3432 1739 3486 qua
1769 3434 1876 3472 suo
1941 3417 2067 3474 loco

414 3495 713 3557 notamus,
747 3493 860 3548 huc
887 3497 1100 3554 confer)
1137 3503 1238 3553 aut
1258 3500 1450 3571 ipsum
1475 3505 1532 3557 in
1554 3507 1697 3574 foro,
1724 3510 1788 3560 ut
1815 3506 2066 3578 loquun-

421 3582 519 3633 tur
550 3582 908 3639 conscientiae
937 3585 1259 3652 absolveret,
1291 3588 1574 3647 hactenus
1601 3593 1892 3666 siquidem
1936 3601 2068 3667 post

415 3666 730 3722 anathema
760 3668 1099 3741 imperatori
1132 3675 1366 3746 publice
1419 3677 1643 3734 dictum
1694 3681 1752 3736 in
1814 3666 2062 3753 quibus-

412 3755 548 3811 dam
581 3773 708 3828 quae
742 3759 1020 3831 antiquus
1053 3779 1199 3820 usus
1248 3767 1481 3822 vetabat
1537 3771 2062 3828 excommunicatis

409 3848 704 3918 permetti,
737 3849 1167 3908 connivendum
1226 3861 1530 3926 putaverat
1587 3859 1937 3929 patriarcha,
2001 3868 2063 3916 ut

409 3934 789 4008 Pachymcres
832 3940 1104 4011 superius
1162 3944 1490 4004 admonuit.
1554 3950 1629 4004 De
1685 3949 1794 4004 hoc
1851 3967 2062 4023 genere

415 4023 644 4082 videtur
672 4027 859 4084 ethoc
890 4029 1098 4100 fuisse,
1133 4031 1412 4090 nimirum
1439 4036 1687 4094 tolerare
1720 4043 1783 4092 ut
1806 4038 2061 4110 privatim

409 4116 787 4172 conﬁteretur
815 4122 871 4173 et
919 4118 975 4173 in
1001 4121 1123 4177 foro
1152 4124 1517 4180 conscientias
1551 4127 1966 4184 absolveretur.
1994 4129 2057 4184 Id

403 4205 555 4289 quod
591 4222 747 4260 nunc
779 4208 1015 4263 tandem
1039 4210 1298 4267 offensus
1331 4212 1616 4271 instantia
1637 4217 1876 4288 Josephi
1921 4235 2056 4289 pro-

407 4288 666 4346 hibuerit
697 4312 710 4361 ;
740 4299 796 4349 et
825 4295 1094 4353 videlicet
1116 4301 1586 4369 jurisdictionem
1621 4288 1937 4362 abstulerit
1955 4324 2058 4362 ne-

400 4379 716 4436 cessariam
742 4383 812 4438 ad
864 4385 1295 4446 absolutionem
1355 4392 1545 4449 valide
1576 4394 2050 4466 impertiendum.

406 4465 570 4522 Unde
591 4485 723 4525 cum
758 4471 939 4528 nihilo
971 4477 1165 4533 secius
1198 4485 1401 4550 postea
1429 4465 1724 4554 Josephus
1768 4485 2051 4555 perrexis-

404 4561 494 4647 set
525 4558 684 4647 dare,
720 4565 783 4615 ut
811 4563 974 4632 prius
1009 4582 1244 4638 operam
1303 4573 1606 4628 conﬁtenti
1667 4575 1950 4647 Augusto,
1997 4581 2055 4631 et

399 4642 565 4737 illum
601 4645 866 4706 videlicet
895 4653 966 4708 de
999 4671 1159 4713 more
1176 4658 1544 4730 absolvisset,
1575 4642 1786 4720 ansam
1809 4661 2050 4737 Josephi

398 4733 747 4792 criminandi
776 4742 1085 4798 Arseniani
1116 4745 1188 4801 ab
1220 4764 1286 4803 eo
1324 4751 1450 4819 jam
1511 4753 1842 4824 patriarcha
1892 4733 2046 4811 scibi-

397 4829 589 4879 smate
620 4826 855 4884 discissi
889 4841 1290 4904 sumpserunt,
1326 4840 1495 4910 quasi
1526 4847 1873 4899 attentaeset
1924 4863 2047 4901 rem

398 4912 683 4970 nefariam
717 4917 952 4975 ferendo
984 4925 1334 4982 sententiam
1392 4929 1786 4988 absolutionis
1846 4951 2047 4990 sacra-

399 5002 668 5059 mentalis
700 5003 826 5062 sine
857 5013 1143 5079 potestate
1180 5014 1638 5089 jurisdictionis,
1693 5039 1808 5094 quo
1871 5025 2044 5080 modo

392 5087 512 5146 lata
539 5090 677 5148 talis
708 5095 997 5151 sententia
1017 5098 1143 5154 sine
1183 5102 1361 5158 dubio
1421 5105 1582 5163 irrita
1612 5087 1728 5178 est,~
1779 5111 1936 5166 unde
1983 5111 2043 5165 id

394 5184 714 5239 attentasse
744 5182 801 5238 in
826 5198 1192 5244 sacramento
1217 5191 1363 5247 nihil
1398 5193 1593 5252 minus
1626 5199 1703 5254 sit
1737 5216 1915 5269 quam
1947 5218 2040 5257 sa-

394 5269 723 5343 crilegium.
775 5273 879 5329 Est
911 5280 1106 5330 autem
1138 5276 1196 5332 id
1228 5284 1390 5337 extra
1435 5283 1708 5352 dubium,
1769 5304 2042 5345 emanare

395 5358 467 5414 ab
525 5359 817 5432 episcopis
871 5363 1076 5418 ordine
1143 5365 1505 5427 hierarcbico
1559 5374 2040 5444 jurisdictionem

389 5447 585 5508 istam.
637 5452 824 5516 Quare
865 5452 915 5508 si
969 5470 1098 5510 eam
1145 5456 1252 5512 rite
1302 5461 1638 5530 patriarcha
1685 5472 2039 5540 revocasset,

391 5542 615 5595 certum
644 5547 767 5596 erat
799 5559 914 5597 non
947 5544 1209 5615 potuisse
1261 5547 1472 5604 deinde
1532 5547 1948 5621 imperatorem
2007 5572 2039 5611 a

392 5627 648 5700 Josepho
681 5630 870 5687 audiri
903 5637 1000 5689 aut
1022 5632 1242 5690 absolvi
1269 5639 1790 5696 sacramentaliter.
1825 5641 1909 5698 Ad
1979 5642 2035 5700 id

2202 1860 2471 1934 βασιλέως
2502 1863 2802 1940 ἀναδοχῆς,
2859 1869 2985 1924 sine
3028 1876 3178 1925 nutu
3211 1875 3266 1925 et
3295 1886 3523 1925 assensu
3574 1867 3759 1941 patriar-

2197 1954 2320 2010 cha:
2349 1955 2642 2028 Josephus
2679 1957 2988 2027 ingesserit
3025 1976 3086 2014 se
3119 1960 3192 2014 ad
3251 1959 3573 2014 audiendam
3621 1973 3760 2011 sacra-

2196 2043 2533 2098 mentaliter
2563 2047 2992 2102 confessionem
3031 2047 3419 2120 imperatoris.
3474 2046 3665 2121 Φέρεται
3702 2041 3758 2108 δὲ,

2193 2133 2502 2204 subjungit
2534 2135 2756 2206 statim,
2789 2135 2875 2189 καὶ
2927 2134 3097 2210 λόγος
3145 2137 3292 2209 ποιρὰ
3336 2136 3553 2199 πολλοῖς
3599 2135 3656 2194 ὡς
3695 2131 3757 2185 καῖ

2194 2219 2565 2293 ἐπιτιμήσειεν
2654 2224 2681 2278 ὁ
2767 2224 3118 2300 πατριάρχης
3198 2223 3395 2280 ἐκεῖνον
3467 2223 3758 2296 (Josephum)

2193 2309 2329 2364 ὥστε
2389 2312 2465 2384 μὴ
2525 2311 2658 2366 εἶναι
2709 2317 2805 2368 τοῦ
2837 2313 3108 2390 βασιλέὦς
3156 2314 3586 2388 ἑωπνευμκτικόν.
3619 2315 3761 2368 Fertur

2187 2399 2402 2456 scilicet
2432 2418 2679 2458 sermone
2709 2405 3011 2460 multorum
3065 2407 3441 2477 patriarcham
3476 2402 3760 2470 interdixit“

2186 2491 2415 2562 Josepho
2440 2508 2508 2547 ne
2535 2498 2673 2548 esset
2731 2497 3099 2564 con/essarius
3162 2496 3526 2568 imperatoris.
3572 2495 3639 2549 lta
3681 2491 3761 2546 cla-

2190 2580 2336 2649 rius,
2373 2587 2438 2636 ut
2468 2583 2608 2652 dixi,
2645 2583 2959 2639 Vaticanus
2993 2585 3406 2658 paraphrastes
3437 2602 3450 2652 ;
3479 2603 3508 2640 a
3547 2599 3643 2655 quo
3667 2596 3759 2653 ger-

2189 2685 2423 2726 manam
2457 2672 2713 2728 auctoris
2743 2674 3099 2730 sententiam
3131 2675 3232 2730 hic
3255 2690 3566 2748 expressam
3600 2670 3761 2727 conﬁr-

2189 2767 2302 2812 mat
2370 2759 2747 2831 Pachymeres
2798 2761 2943 2832 ipse,
2995 2770 3175 2834 prout
3233 2765 3360 2835 ejus
3412 2766 3670 2818 contextus
3710 2757 3760 2811 ab

2185 2847 2425 2918 Optimis
2459 2851 2758 2905 codicibus
2791 2851 3119 2919 exhibetur,
3157 2853 3335 2919 infra,
3364 2853 3402 2910 l.
3434 2869 3501 2921 iv,
3529 2868 3573 2907 c.
3597 2850 3652 2903 28
3698 2846 3760 2901 sic

2185 2940 2254 2992 de
2284 2940 2532 3010 Josepho
2566 2941 2767 2996 dicens
2801 2959 2814 2997 :
2857 2941 2957 2997 Ὅν
3012 2940 3324 3018 ἀφωρίσθαι
3383 2938 3553 3016 ἔλεγον
3601 2937 3669 2992 ἐπὶ
3701 2938 3756 3003 τῷ

2184 3026 2260 3098 μὴ
2324 3027 2414 3080 τὸν
2485 3026 2713 3100 βασιλέα
2784 3027 2858 3090 εἰς
2935 3033 3310 3104 πιευματικὴν
3383 3031 3586 3100 uitiante
3648 3023 3757 3098 δέχε·

2187 3116 2328 3170 σθαι.
2365 3119 2498 3184 Quae
2533 3118 2609 3173 ibi
2671 3120 2756 3173 sic
2810 3121 3029 3177 vertit:
3086 3123 3239 3190 Quod
3290 3123 3446 3178 illum
3492 3120 3683 3175 aiebant
3719 3117 3758 3167 in

2185 3207 2810 3264 excommunicationem
2843 3211 3177 3280 incurrisse,
3210 3213 3310 3267 sub
3340 3213 3487 3283 cujus
3500 3205 3759 3265 intermina-

2173 3294 2319 3350 tione
2343 3296 2574 3352 vetitum
2601 3299 2654 3352 ei
2713 3299 2847 3354 olim
2888 3317 2928 3354 α
2975 3302 3314 3371 patriarcha
3387 3303 3568 3373 fuisset
3610 3296 3759 3350 habere

2173 3384 2436 3457 deinceps
2465 3388 2864 3458 imperatorem
2899 3389 3010 3446 loco
3048 3391 3364 3462 spiritualis
3419 3391 3537 3461 ﬁlii,
3585 3391 3629 3443 et
3667 3383 3762 3438 illus

2171 3475 2560 3543 confessiones.
2593 3481 2653 3532 ut
2687 3485 2854 3534 antea
2892 3487 3278 3550 consueverat,
3320 3485 3379 3538 in
3421 3485 3669 3554 posterum
3697 3488 3760 3528 ac-

2168 3562 2367 3634 cipere.
2395 3565 2519 3620 Non
2555 3567 2768 3636 poterit
2799 3575 2996 3624 autem
3046 3587 3142 3626 me
3195 3570 3525 3643 quisquam,
3576 3565 3751 3637 opinor,

2169 3652 2614 3723 reprehendere,
2649 3658 2801 3728 quod
2836 3659 3204 3730 πνευματικόν
3251 3658 3640 3716 conlessarium
3687 3653 3752 3706 in-

2165 3745 2468 3814 terpreter,
2502 3744 2642 3816 quin
2677 3747 2840 3818 prius
2872 3754 3081 3820 arguat
3124 3749 3425 3822 vulgatum
3476 3741 3753 3802 Florentinis

2165 3832 2534 3887 meumenicaa
2601 3836 2806 3906 synodi
2861 3835 3267 3909 interpretem,
3344 3839 3441 3910 qui
3489 3837 3665 3908 pagina
3710 3829 3753 3883 17

2163 3919 2304 3974 femi
2336 3920 2562 3989 XXXII,
2587 3924 2677 3977 ed.
2712 3927 2882 3980 Cone.
2918 3925 3085 3998 R‘eg.,
3111 3926 3213 3982 illa
3263 3929 3436 3983 verba
3488 3922 3755 3995 τιμιώτατος

2161 4009 2527 4081 πνευματικὸς
2582 4011 2739 4085 κύρις
2800 4012 3105 4087 Γρηγόριος
3161 4017 3248 4072 sic
3308 4016 3502 4072 Latine
3572 4009 3754 4068 reddit:

2161 4098 2525 4154 Honorabitis
2556 4117 2586 4155 a
2617 4104 3055 4170 confessionibus
3080 4104 3327 4160 domnus
3349 4104 3636 4174 Gregorius.
3657 4100 3755 4191 Erat

2160 4185 2383 4242 scilicet
2413 4190 2808 4246 contessarius
2866 4193 3246 4264 imperatoris
3307 4195 3636 4259 Grecorum,
3679 4185 3754 4256 qui

2159 4275 2407 4332 concilio
2437 4277 2794 4348 {Florentino
2853 4281 3144 4338 interfuit.
3205 4283 3276 4339 Ut
3357 4283 3602 4339 omittam
3671 4274 3755 4330 alia

2158 4363 2418 4433 ejusdem
2452 4367 2708 4423 notionis
2757 4370 2928 4425 verbo
2987 4371 3361 4444 πνευματικός
3421 4368 3755 4444 subjectaate-

2159 4453 2437 4510 stimonia
2469 4473 2500 4510 a
2529 4458 2798 4526 Meursio,
2845 4463 2907 4514 ut
2938 4460 3079 4530 dixi,
3115 4464 3386 4534 recitata,
3417 4480 3535 4534 qua:
3564 4459 3606 4514 si
3655 4455 3755 4526 (illis

2084 4543 2132 4607 D
2162 4543 2360 4598 omnia
2386 4545 2862 4616 consideraverit,
2896 4567 2981 4604 nae
3016 4550 3065 4606 is
3101 4551 3259 4607 haud
3296 4551 3502 4624 poterit
3542 4545 3754 4621 judicare

2163 4632 2457 4689 addidisse
2498 4651 2590 4690 me
2621 4637 2947 4708 quidquam
2980 4641 3171 4695 sensis
3203 4642 3465 4697 auctoris
3493 4639 3615 4702 mei,
3647 4637 3754 4688 dum

2161 4721 2233 4775 ab
2265 4738 2330 4776 eo
2363 4730 2748 4780 memoratam
2796 4727 3167 4799 πνευματικὴν
3221 4729 3450 4799 υἱότητα
3503 4729 3566 4784 ad
3619 4717 3756 4779 mini-

2157 4810 2498 4867 strationem
2562 4813 2849 4885 privatam
2909 4820 3268 4874 sacramenti
3349 4816 3669 4892 poenitentia:
3715 4815 3756 4864 et

2157 4901 2516 4973 exceptionis
2549 4909 2905 4961 secretarum
2933 4908 3377 4965 confessionum
3409 4907 3614 4965 retulit.

2225 5115 2462 5203 “vitim:
2498 5136 2552 5189 p.
2605 5121 2731 5178 362.
2791 5123 2925 5196 Παρ’
2977 5122 3006 5178 ’ὁ
3063 5124 3151 5180 καὶ
3211 5127 3246 5197 ἡ
3308 5120 3636 5203 προσηγορία
3679 5112 3753 5180 τῆς

2151 5201 2445 5274 ποιότητος
2477 5204 2756 5277 εἴληπται.
2786 5211 2905 5270 Hoc
2933 5220 3025 5271 est
3053 5217 3102 5272 si
3134 5217 3210 5272 ad
3240 5201 3481 5276 verbum
3541 5213 3750 5270 reddas:

2149 5293 2316 5349 Juxta
2346 5297 2486 5366 quod
2515 5305 2569 5353 et
2589 5300 2891 5371 appellatio
2921 5305 3212 5374 qualitatis
3235 5311 3458 5378 sumpta
3489 5311 3584 5361 est.
3635 5293 3749 5378 Ουίά

2149 5388 2346 5438 autem
2371 5385 2529 5442 istud
2553 5394 2644 5444 est
2670 5388 2906 5447 relativo
2927 5376 3416 5464 quodindieatum
3443 5396 3470 5450 ?
3499 5394 3691 5461 Nempe
3710 5376 3753 5439 I1t

2146 5478 2393 5542 apparet
2405 5491 2472 5530 ex
2486 5480 3288 5554 praeeedentibuspbliquum
3305 5482 3556 5556 adaptari
3576 5483 3626 5535 et
3637 5489 3750 5532 exn-

2147 5561 2315 5631 quari
2339 5563 2549 5622 debere
2581 5568 2650 5623 ad
2689 5574 2936 5638 rectum,
2965 5587 3082 5628 non
3113 5589 3143 5628 e
3172 5589 3455 5630 converso
3479 5579 3669 5660 rectura

2148 5647 2455 5721 obliquum
2490 5691 2505 5711 .
2536 5656 2771 5714 Conﬁdo
2799 5657 2888 5714 vel
2917 5675 2987 5716 ex
3017 5658 3125 5718 hoc
3152 5658 3306 5735 loco,
3348 5675 3442 5719 cui
3494 5654 3647 5716 multi
3671 5647 3747 5709 alii
