3968 6202
202 269 340 326 1057

195 485 357 540 brosi
393 503 495 557 per
527 486 677 543 hanc
712 489 1020 547 historiam
1083 501 1421 562 occurrunt,
1472 515 1852 556 assensurum

200 577 348 632 mibi
380 576 657 634 lectorem
693 583 1040 652 prudentem
1077 585 1122 639 si
1157 585 1852 663 dixer05940Edipum,

196 683 315 720 non
353 671 578 722 Davum
616 685 745 724 esse
778 676 1040 740 oportere
1066 673 1438 746 interpretem
1457 679 1851 752 Pachymeris,

191 756 532 827 scriptoris,
567 757 617 812 si
653 758 972 830 quisquam
1027 762 1205 829 ullus,
1252 766 1592 837 antiquarii,
1640 770 1853 837 cuique

191 845 583 918 meliorijure
615 866 787 919 quam
828 851 933 905 illli
983 854 1041 907 in
1089 859 1511 925 quemLatinus
1558 861 1853 931 epigram-

192 938 486 992 matarius
520 937 628 992 hoc
658 956 825 995 versu
851 940 1015 1011 lusit,
1050 945 1490 1015 exprobraveris
1523 966 1540 1002 :

318 1042 435 1099 Non
469 1045 667 1101 lectore
698 1047 811 1102 tuis
840 1065 976 1119 opus
1006 1054 1105 1117 est,
1139 1051 1231 1106 sed
1261 1054 1508 1125 Apolline
1539 1056 1723 1112 libris.

184 1152 299 1206 Sed
347 1152 664 1227 παρεργωέν
686 1154 1054 1228 ἤςπροοιμίων
1084 1156 1228 1220 ἅλις.
1258 1160 1416 1233 Opus
1445 1170 1609 1219 vocat
1632 1165 1848 1237 ipsum;

182 1245 240 1296 et
273 1246 540 1297 attentus
582 1258 901 1300 consessus
960 1248 1074 1303 dici
1105 1266 1138 1303 a
1164 1266 1256 1304 me
1287 1268 1525 1308 causam
1555 1262 1852 1327 exspectat

184 1347 299 1384 cur
330 1332 391 1385 in
425 1331 721 1400 ποιότητος
745 1335 1028 1391 vocabulo
1051 1354 1189 1405 non,
1226 1346 1289 1394 ut
1318 1340 1492 1413 vulgo
1524 1348 1848 1414 consuevit,

178 1421 515 1491 qualitatem
564 1423 665 1478 sed
712 1426 971 1493 regulam
1020 1428 1671 1489 intellexerim.Vereor
1691 1436 1846 1492 enim

183 1517 248 1566 ut
279 1513 441 1583 apud
470 1513 779 1586 plerosque
806 1517 949 1572 satis
984 1519 1059 1572 sit
1086 1518 1525 1593 aliegare,quod
1546 1525 1850 1583 verissime

184 1618 463 1673 possum,
495 1605 875 1661 manifestum
910 1624 977 1661 ex
1003 1608 1366 1681 inspectione
1392 1616 1846 1682 praecedentium

178 1693 521 1759 verborum,
555 1692 664 1749 loci
709 1697 1060 1752 sententiam
1094 1698 1148 1752 id
1185 1699 1502 1771 ﬂagitasse.
1530 1704 1653 1758 Non
1688 1707 1846 1761 enim

184 1782 445 1837 deerant
473 1785 573 1854 qui
605 1785 840 1856 exigant
870 1786 1043 1841 etiam
1079 1788 1478 1846 aberrationes
1536 1801 1589 1847 et
1640 1794 1844 1851 deliria
1876 1804 1923 1867 Β

175 1869 553 1941 scriptorum
588 1871 660 1926 ab
693 1873 1109 1945 interpretibus
1157 1876 1445 1948 exprimi;
1481 1888 1653 1950 atque
1705 1884 1849 1939 adeo

178 1959 235 2013 in
273 1960 395 2015 isto
430 1977 643 2032 genere
667 1978 841 2033 quam
878 1965 1463 2035 superstitiosissime
1498 1970 1750 2043 ineptire
1783 1974 1847 2027 ti-

176 2050 310 2105 dem
367 2055 596 2107 vocent.
631 2052 736 2106 Aio
790 2051 969 2123 igitur
1007 2054 1313 2125 Opinatum
1346 2073 1476 2113 esse
1515 2075 1607 2113 me.
1631 2061 1847 2118 vidisse

178 2138 410 2205 aliquid
446 2140 677 2212 uspiam
712 2142 1131 2213 Pacbymerem
1166 2161 1281 2215 quo
1316 2151 1513 2202 motus
1544 2150 1613 2203 ad
1647 2151 1846 2205 existi-

181 2228 475 2283 mandum
492 2227 867 2299 εἱῐ,ποιότητα
886 2232 1145 2303 regulam
1171 2234 1359 2289 interd
1372 2252 1401 2288 ι]
1414 2254 1466 2290 m
1490 2238 1845 2310 signiﬁcare,

175 2316 485 2389 istamque
520 2324 580 2373 ut
606 2318 773 2387 solet,
800 2322 1068 2391 quamvis
1094 2326 1615 2393 raram,notionem
1646 2328 1846 2384 oblata

172 2406 592 2479 qualicunque
652 2409 959 2464 occasione
1019 2428 1305 2484 usurpare
1357 2415 1683 2471 affectasse.
1718 2417 1841 2472 Non

174 2500 263 2551 est
315 2496 707 2552 inverisimile
756 2498 1391 2558 hominiobsoletorum
1412 2506 1718 2561 verborum
1740 2524 1843 2561 au-

172 2585 314 2657 cupi
353 2584 561 2640 talium
586 2586 951 2643 collectorem
977 2592 1034 2643 et
1054 2597 1455 2648 enarratorem
1489 2594 1841 2667 diligantum

177 2673 537 2729 familiarem
570 2675 925 2748 Hesychium
974 2680 1201 2737 fuisse:
1253 2682 1424 2751 cujus
1480 2686 1839 2741 vocabularii

171 2764 333 2819 haud
374 2765 551 2836 paulo
585 2767 936 2823 correctiora
1000 2771 1502 2841 Constantinopoli
1551 2778 1685 2828 ante
1734 2775 1841 2831 hos

179 2854 655 2925 quadringentos
689 2855 753 2927 [P
774 2856 899 2927 4H]
932 2875 1139 2926 annos,
1167 2859 1275 2914 hoc
1304 2865 1392 2915 est
1420 2867 1587 2917 aetate
1617 2863 1835 2935 Pachy-

178 2943 396 3015 meris,
424 2945 785 3015 exemplaria
817 2946 998 3001 fuisse
1030 2964 1200 3015 quam
1230 2948 1373 3003 illud
1410 2966 1475 3004 ex
1510 2968 1624 3023 quo
1656 2952 1834 3008 Aldus

168 3032 481 3087 Manutius
513 3034 831 3089 editionem
865 3037 1155 3107 expressit
1185 3055 1554 3107 suam,nemo
1574 3044 1834 3112 prudens

165 3123 1064 3195 dubitaverit.Suspicoritaque
1094 3127 1509 3199 Pachymerem
1552 3131 1608 3184 in
1658 3132 1831 3186 verbo

164 3209 408 3280 ποιότης
441 3214 594 3283 apud
630 3213 979 3284 Hesychium
1018 3214 1187 3286 longe
1220 3217 1375 3271 aliud
1407 3218 1618 3290 legisse
1649 3238 1827 3292 quam

165 3301 271 3357 hoc
308 3301 395 3355 ibi
429 3301 604 3357 hodie
625 3320 913 3375 apparens
938 3304 1159 3359 nullius
1185 3306 1351 3376 pretii
1377 3325 1390 3361 :
1416 3310 1653 3377 Ποιότης
1675 3313 1825 3384 χρῶ-

166 3410 237 3458 μα
267 3386 459 3457 ἡδονή
499 3390 675 3451 νότος.
712 3392 857 3457 Quid
895 3411 1089 3463 quaeso
1111 3396 1288 3464 νότος,
1346 3398 1485 3468 quid
1536 3395 1708 3467 ἡδονὴ
1752 3404 1822 3456 ad

158 3479 444 3549 ποιότητα
475 3480 501 3533 ?
532 3481 675 3545 Quid
711 3481 879 3536 illum
912 3482 1106 3554 ipsum
1139 3487 1390 3557 χρῶμαιῖ
1430 3504 1607 3559 quam
1632 3490 1821 3563 inopi-

161 3576 376 3624 natum
412 3574 492 3635 et,
543 3576 607 3625 ut
636 3570 815 3627 libere
846 3570 1058 3643 dicam,
1091 3570 1516 3647 ἀπροσδιόνυσον
1542 3578 1569 3632 ‘t
1610 3596 1675 3633 ac
1719 3598 1822 3651 pro

160 3658 275 3715 illis
310 3660 563 3731 quidem
594 3655 762 3728 ἡδονή
792 3660 947 3721 νότος
1011 3666 1405 3734 reponendum
1442 3669 1722 3739 putarim,
1755 3687 1823 3725 ex

154 3749 221 3803 iis
252 3765 395 3821 qua}
425 3750 493 3803 ad
529 3750 769 3805 verbum
800 3750 1093 3825 γονικεῦειν
1115 3755 1406 3825 adnotavi,
1440 3754 1473 3823 ἢ
1508 3754 1688 3830 γόνος,
1726 3758 1819 3830 μί-

152 3858 264 3898 τος.
330 3839 501 3901 Quod
538 3856 695 3895 nunc
721 3842 948 3911 attinet,
979 3841 1179 3915 γρώμα
1211 3862 1311 3916 pro
1345 3844 1550 3919 χρῶμα
1603 3851 1659 3902 in
1710 3853 1818 3904 Hc-

153 3927 825 4000 sychioPachymeriano
853 3931 1118 4004 suspicor
1148 3935 1430 4005 scriptum
1451 3938 1814 4006 apparuisse.

156 4021 367 4071 Groma
397 4034 505 4072 vox
535 4022 623 4071 est
654 4035 721 4073 ex
736 4021 1250 4094 quaquiagrorum
1274 4025 1697 4081 metiendorum
1720 4045 1813 4082 ra-

158 4107 385 4163 tionem
412 4106 725 4176 tradidere,
758 4109 814 4163 in
851 4127 1035 4165 unum
1069 4112 1293 4167 collecti
1326 4131 1556 4185 corpus,
1582 4133 1813 4187 groma-

153 4195 245 4249 tici
297 4198 653 4267 scriptores,
717 4215 925 4254 nomen
984 4200 1353 4257 invenerunt.
1416 4204 1517 4259 Est
1565 4206 1721 4261 enim
1758 4207 1812 4261 id

154 4286 542 4341 instrumenti
572 4287 927 4343 vocabulum
960 4289 1075 4344 ista
1104 4291 1163 4345 in
1195 4297 1319 4346 arte
1365 4294 1659 4365 praecipui,
1696 4314 1810 4368 quo

153 4375 218 4427 ad
250 4374 604 4446 dirigendae
634 4376 893 4432 limitum
921 4377 1106 4434 lineas
1137 4379 1196 4434 in
1222 4386 1510 4438 terrarum
1547 4386 1811 4456 partione

154 4469 250 4518 aut
300 4463 680 4520 dimensione
740 4468 1081 4522 utebantur.
1125 4468 1319 4525 Groma
1345 4472 1464 4527 sive
1492 4491 1709 4543 gruma,
1747 4482 1810 4531 ut

1676 288 2153 355 GLOSSARIUM.

193 394 375 452 simili
400 394 695 469 ἀσοστασίᾳ
760 404 817 456 et
872 400 1280 475 insuspicabili
1327 406 1654 463 cohaesione
1701 414 1865 466 tene-

3485 332 3624 388 1058

1892 417 1946 484 Α
1978 434 2088 523 quo
2148 424 2471 490 Vulcanius
2530 436 2642 511 legi
2670 439 2837 509 jubet
2872 459 3133 513 grumare
3164 450 3313 507 595
3352 449 3618 527 διορθῶσ,

1966 510 2047 617 pti
2074 529 2176 582 pro
2208 534 2273 572 eo
2298 524 2451 591 quod
2492 526 2709 583 ibidem
2746 546 2879 586 mox
2919 535 3181 591 cernitur
3222 557 3425 609 gruma
3462 544 3614 617 βασι-

3222 594 3245 609 α
3462 594 3513 617 ιη
3540 594 3584 599 --

1962 594 2091 668 λικῆ
2121 605 2317 678 γνώμη
2354 618 2765 683 reponendum
2793 626 3097 680 contendit
3127 645 3332 698 gruma
3382 627 3613 707 διόπτρα

1961 695 2275 764 τεκτονική.
2331 699 2573 758 Videtur
2630 709 2979 765 vocabulum
3081 714 3235 771 istud
3296 722 3609 793 antiquum

1961 796 2161 845 gruma
2193 802 2223 838 a
2258 788 2468 857 priscis
2503 793 2725 849 Latinis
2776 814 2842 852 ex
2901 799 3095 858 Grmco
3126 804 3357 878 γράμμα
3408 810 3624 865 forma-

1966 870 2117 925 tum.
2170 874 2269 929 Est
2320 884 2513 935 autem
2557 884 2806 955 γράμμα,
2861 893 2925 942 ut
2975 891 3099 947 alia:
3130 895 3335 964 glossze
3394 898 3625 956 Graeco-

1966 957 2184 1015 Latinze
2221 970 2444 1023 veteres
2479 972 2707 1041 docent,
2736 972 2762 1025 ὁ
2797 978 3036 1048 σταθμός
3079 985 3403 1055 scripulum.
3438 990 3617 1044 Scru-

1966 1047 2168 1115 pulum
2233 1059 2428 1109 autem
2489 1059 2609 1115 sive
2662 1064 3009 1135 scripulum,
3064 1076 3127 1125 ut
3160 1089 3227 1127 ex
3275 1075 3531 1133 Varrone
3562 1086 3617 1136 et

1963 1136 2283 1197 Columella
2314 1143 2481 1200 libris
2515 1150 2585 1203 de
2615 1167 2675 1204 re
2707 1155 2927 1209 rustica
2953 1157 3059 1211 viri
3104 1162 3257 1217 docti
3307 1166 3616 1239 colligunt,

1963 1240 2243 1284 mensura
2272 1235 2663 1305 estaadhiberi
2694 1241 2866 1297 solita
2886 1248 3195 1305 metiendis
3218 1235 3617 1329 agris,nempe

1959 1334 2157 1384 gruma
2192 1321 2312 1377 sive
2368 1343 2588 1398 groma,
2629 1347 2754 1401 quae
2787 1339 2912 1388 erat
2943 1336 3407 1398 instrumentum
3441 1348 3615 1417 cujus

1957 1421 2063 1474 Ope
2097 1407 2463 1481 dirigebatur
2486 1418 2692 1473 oculus
2726 1422 2794 1475 ad
2829 1421 3015 1479 lineas
3073 1428 3370 1487 ducendas
3420 1444 3614 1491 exacte

1960 1499 2171 1565 rectas,
2200 1504 2519 1570 promiscui
2557 1525 2701 1563 usus
2734 1511 3071 1570 architectis
3099 1522 3151 1572 et
3186 1521 3610 1590 agrimensori-

1961 1583 2092 1654 bus,
2128 1590 2282 1643 unde
2315 1586 2547 1666 διύπτρα
2575 1601 2861 1668 τεκτονική
2896 1602 3071 1673 dicta,
3105 1611 3169 1660 ut
3217 1609 3496 1666 vidimus.
3533 1614 3615 1667 EX

1958 1671 2049 1727 his
2098 1674 2283 1747 liquet
2319 1698 2513 1748 groma
2551 1686 2670 1741 sive
2717 1706 2919 1756 gruma
2948 1692 3101 1748 idem
3128 1712 3256 1751 esse
3298 1701 3451 1769 quod
3476 1702 3616 1775 γνώ-

1959 1780 2097 1831 μων,
2161 1767 2423 1839 σταΟμὸς,
2485 1768 2715 1846 διόπτρα
2760 1781 3067 1849 τεκτονική,
3109 1785 3457 1856 scriptulum
3492 1794 3613 1847 sive

1961 1855 2329 1926 scrupulum,
2364 1875 2490 1929 qua:
2524 1865 2721 1920 omnia
2750 1870 3051 1924 vocabulis
3080 1873 3301 1930 Latinis
3341 1882 3607 1950 amassis,

1959 1958 2173 1999 norma:
2204 1949 2414 2017 regula:
2453 1956 2900 2025 respon:lent,et
2927 1958 3323 2018 instrumenta
3373 1966 3607 2039 signiti-

1959 2037 2112 2100 cant,
2148 2036 2367 2104 quibus
2401 2040 2559 2095 visus
2584 2044 2878 2101 humanus
2910 2050 2981 2103 ad
3014 2051 3492 2121 dijudicationem
3528 2076 3610 2114 re-

1957 2120 2030 2174 cti
2074 2138 2106 2176 a
2136 2140 2308 2181 curvo
2341 2133 2441 2182 aut
2463 2131 2532 2184 ad
2557 2136 3016 2204 exa'quationom
3051 2140 3270 2213 obliqui
3308 2146 3378 2200 ad
3409 2156 3605 2206 exacte

1957 2209 2240 2268 directum
2278 2216 2463 2272 utitur
2494 2237 2509 2288 ;
2541 2223 2611 2275 ad
2639 2225 2791 2292 quod
2826 2242 2957 2280 cum
2985 2235 3139 2284 esset
3166 2249 3307 2288 usus
3329 2244 3606 2308 opportu-

1956 2314 2067 2354 nus
2122 2301 2541 2373 funicolorum,
2602 2312 2774 2366 etiam
2828 2312 3011 2387 γόνος,
3064 2316 3219 2385 μίτος
3251 2322 3606 2382 hocinstru-

1954 2394 2214 2446 mentum
2265 2393 2379 2449 dici
2415 2398 2644 2468 potuit;
2680 2418 2805 2472 quae
2856 2408 3029 2460 verba
3088 2408 3370 2480 Hesychia
3402 2414 3602 2474 funem

1951 2484 2164 2534 sonant
2184 2484 2697 2554 agrimensorium.
2737 2493 2908 2547 Porro
2941 2513 3073 2551 cum
3107 2502 3457 2571 Hesychius,
3493 2509 3598 2577 qui

1953 2570 2068 2621 tarn
2104 2570 2288 2625 multa
2314 2574 2481 2629 nobis
2513 2576 2713 2648 ignota
2737 2592 3121 2641 monumenta
3146 2570 3338 2646 vetera
3356 2593 3599 2661 viderat,

1948 2655 2161 2711 alicubi
2188 2660 2333 2716 forte
2366 2669 2676 2735 reperissct
2715 2670 2823 2726 hoc
2853 2671 3339 2748 instrumentum,
3372 2655 3600 2757 γρώμαν

1947 2745 2067 2801 sive
2100 2748 2360 2821 γράμμαν
2380 2753 2621 2825 dictum;
2657 2758 2885 2829 ποιότην
2920 2770 3021 2819 aut
3066 2766 3334 2835 ποιότητα
3382 2776 3598 2845 vocari,

1946 2843 2003 2892 et
2025 2838 2133 2893 hoc
2170 2841 2321 2897 inter
2340 2847 2605 2903 notiones
2641 2852 2947 2910 abstrusas
2971 2860 3411 2932 vocabulorum,
3443 2882 3593 2937 qua-

1944 2925 2027 2980 les
2059 2928 2402 2987 innumeras
2433 2951 2604 3005 opere
2636 2938 2735 2993 illo
2768 2958 2874 2996 suo
2933 2947 3364 3017 complectitur.
3400 2956 3595 3025 expri-

1944 3018 2219 3071 mendum
2256 3025 2545 3092 putasset,
2580 3026 2704 3080 fieri
2736 3028 2903 3084 facile
2930 3033 3115 3103 potuit
3155 3041 3220 3091 ut
3272 3056 3340 3093 ex
3368 3056 3434 3095 eo
3475 3018 3596 3098 Ῥα-

1945 3103 2265 3176 chyrneres,
2310 3116 2573 3181 captator
2625 3117 2875 3187 cupidus
2934 3122 3243 3180 verborum
3327 3128 3592 3188 inusitati

1944 3193 2336 3264 signiﬁcatus,
2388 3199 2686 3270 ποιότητος
2736 3208 3084 3269 vocabulum
3145 3213 3253 3270 hoc
3303 3216 3428 3273 loco
3488 3238 3591 3292 pro

1939 3283 2138 3352 regula
2172 3288 2451 3355 posuerit.
2478 3294 2770 3348 Hactenus
2802 3297 3021 3369 scripta
3053 3317 3183 3357 cum
3218 3308 3586 3365 ostenderem

1939 3370 2339 3429 illustrissimo
2372 3377 2437 3432 D.
2474 3380 2670 3435 abbati
2697 3383 2931 3440 Octavio
2978 3389 3333 3463 Falconerio,
3397 3397 3587 3467 ipsius

1935 3478 2001 3515 ea
2030 3460 2405 3521 limatissimo
2431 3468 2653 3536 judicio
2693 3473 3341 3553 subjiciens,suggessit
3371 3484 3467 3541 ille
3497 3488 3581 3543 vi-

1935 3551 2056 3605 deri
2092 3560 2282 3621 posset
2317 3557 2624 3629 antiquum
2658 3562 2967 3619 Etruscum
3001 3551 3347 3628 vocabulum
3376 3577 3531 3645 piata
3556 3595 3585 3633 e

1934 3640 2127 3695 Graeco
2159 3642 2394 3713 ποιότης
2419 3650 2692 3719 expositae
2724 3651 2818 3707 hic
2879 3656 3133 3713 notionis
3183 3666 3400 3730 ortum,
3450 3683 3581 3736 pro-

1932 3728 2157 3782 miscuo
2217 3736 2357 3786 tunc
2416 3750 2526 3789 usu
2586 3740 2844 3806 gentium
2879 3744 3212 3813 ambarum,
3256 3754 3312 3803 et
3366 3752 3581 3808 Latinis

1929 3817 2050 3870 sive
2084 3818 2242 3873 Italis
2278 3823 2585 3891 permultis
2617 3826 3126 3904 ConstantinOpoli
3171 3841 3225 3890 et
3272 3838 3329 3892 in
3373 3842 3579 3897 multis

1928 3904 2058 3961 aliis
2090 3906 2401 3965 Orientalis
2433 3912 2661 3984 imperii
2683 3916 2895 3974 insulis
2926 3927 2981 3975 et
3012 3924 3153 3978 locis
3204 3930 3579 3997 peregrinan-

1926 3996 2085 4050 tibus
2109 4002 2209 4052 aut
2241 3999 2611 4069 degentibus,
2647 4010 2703 4059 et
2733 4007 2986 4064 vicissim
3021 4028 3135 4065 non
3171 4016 3373 4083 paucis
3422 4019 3575 4072 Gras-

1925 4085 2009 4138 cis
2042 4085 2205 4140 Pisas
2263 4095 2436 4159 atque
2494 4093 2785 4149 Etruriam
2846 4096 3198 4163 visentibus,
3229 4103 3385 4159 varie
3418 4122 3574 4163 com-

1924 4174 2275 4230 merciorum
2300 4178 2441 4233 vice.
2475 4180 2716 4236 Constat
2774 4201 2913 4239 sane
2971 4190 3126 4258 apud
3175 4190 3420 4248 Dantem
3456 4195 3575 4249 Ali—

1922 4264 2219 4335 gherium,
2277 4268 2585 4339 antiquum
2645 4277 2701 4325 et
2756 4274 2995 4330 maximi
3053 4280 3309 4337 nominis
3342 4289 3572 4355 poetam

1921 4351 2245 4423 Thuscum,
2270 4372 2468 4441 vocem
2496 4360 2650 4429 piata
2681 4376 2782 4431 pro
2808 4365 2953 4434 pede
2978 4351 3570 4443 usurpari.Videejus

1876 4492 1877 4495 η
1917 4443 2203 4512 In/ernum
2224 4438 2333 4499 sub
2360 4447 2533 4502 tinem
2569 4454 2774 4506 cantus
2803 4470 2918 4509 xIx.
2954 4438 3227 4515 Vocabuli
3259 4468 3454 4518 autem
3475 4480 3570 4534 pes

150 4552 319 4625 vulgo
377 4552 693 4624 explicant,
752 4573 1010 4612 mensura
1069 4559 1331 4630 quaedam
1382 4566 1459 4616 est
1492 4532 1597 4633 qua
1644 4532 1811 4634 ﬂexa?
1840 4549 1884 4613 D
1917 4536 1970 4585 et
1997 4532 2516 4634 wqfivil'entinup
2550 4539 2609 4634 ίὲ
2642 4542 2872 4634 clinatis
2912 4543 3132 4617 linguis
3182 4566 3289 4607 usu
3324 4558 3412 4607 est
3446 4554 3568 4609 fre-

149 4641 245 4697 viz
277 4644 354 4699 ad
417 4644 624 4699 lineam
670 4644 1018 4715 diriguntur,
1054 4653 1173 4716 aut,
1212 4655 1275 4703 ut
1329 4652 1552 4706 Nonius
1610 4653 1807 4725 habet,

147 4731 261 4787 loca
310 4733 506 4789 media
557 4732 615 4787 in
676 4752 792 4806 qua:
831 4736 1054 4793 directa:
1114 4743 1350 4809 quatuor
1395 4749 1810 4813 congregantur

145 4820 265 4889 vice,
302 4823 464 4894 quod
500 4822 783 4878 nimirum
809 4825 981 4880 inillo
1013 4832 1210 4881 centro
1243 4830 1435 4899 campi
1467 4831 1804 4888 dimittendi

143 4910 583 4981 agrimensores
606 4930 849 4985 grumas
882 4932 1020 4970 suas
1043 4916 1498 4987 intenderent,et
1526 4920 1595 4975 iis
1618 4923 1805 4992 adiuti

140 5000 222 5054 vel
252 5000 447 5056 lineas
472 5001 587 5073 ipsi
614 5003 819 5074 primis
849 5009 1035 5060 rectas
1058 5007 1437 5078 designarent
1460 5010 1806 5067 velcurvita-

139 5094 319 5145 tatem
371 5091 534 5162 prius
573 5092 1004 5164 descriptarum
1065 5097 1494 5168 deprehensam
1551 5102 1799 5173 corrige-

139 5186 286 5233 rent.
314 5182 574 5235 Istorum
601 5180 750 5236 hanc
781 5183 1069 5239 actionem
1119 5188 1371 5257 expresit
1402 5188 1631 5245 Ennius
1672 5208 1802 5247 cum

136 5284 398 5335 grumam
452 5269 720 5340 dirigere,
754 5272 1014 5343 scripsit.
1048 5277 1111 5329 In
1145 5274 1460 5333 Glossariis
1503 5281 1800 5337 veteribus

134 5358 204 5411 ab
238 5359 492 5415 Henrico
515 5360 813 5432 Stephano
840 5368 895 5416 et
918 5366 1613 5424 BonaventuraVulcanio
1628 5371 1801 5426 editis

134 5445 353 5518 legitur
381 5465 580 5517 gruma
608 5449 864 5522 γνώμων.
900 5454 1063 5509 Unde
1092 5456 1332 5511 verbum
1365 5462 1609 5527 grumat,
1646 5461 1800 5530 quod

133 5537 209 5591 ibi
244 5538 575 5610 explicatur
606 5557 708 5613 per
739 5541 839 5597 illa
869 5543 1067 5599 Graeca
1117 5551 1321 5619 μετρεῖ,
1384 5546 1574 5617 ἐξισοῖ.
1622 5551 1799 5608 Paulo

134 5634 270 5698 post
299 5628 387 5685 ibi
418 5631 660 5702 ponitur
687 5632 944 5704 grumari
970 5633 1332 5711 καταστρέψαι
1377 5641 1645 5713 Δορῶται,
1692 5658 1797 5712 pro

1919 4622 2349 4689 quentissimus
2402 4627 2470 4679 ad
2534 4628 2987 4699 signiﬁcandam
3048 4654 3387 4697 mensuram
3446 4643 3568 4699 sive

1919 4709 2381 4768 instrumentum
2437 4718 2738 4777 metiendi.
2797 4721 2959 4779 Unde
2990 4725 3086 4781 ille
3131 4730 3308 4787 tritus
3340 4732 3561 4788 Horatii

1917 4815 2153 4856 VBPSUSI

1952 4890 2140 4945 Metiri
2177 4908 2234 4947 se
2280 4910 2548 4967 quemque
2603 4915 2699 4956 suo
2729 4903 2946 4960 modute
2975 4923 3040 4963 ac
3065 4909 3200 4979 pede
3240 4928 3427 4969 verum
3459 4924 3558 4972 est.

1916 4979 2194 5049 Ejusdem
2227 4984 2460 5053 generis
2502 4992 2559 5041 et
2614 4990 2870 5048 nominis
2929 5003 3095 5052 erant
3162 4999 3563 5061 instrumenta

1915 5069 2111 5138 plures
2143 5070 2321 5126 simul
2364 5076 2541 5145 pedes
2572 5079 2968 5152 demetientia,
3013 5087 3076 5159 [Ρ
3105 5089 3229 5161 412]
3265 5108 3391 5163 quae
3458 5112 3563 5165 pro

1915 5158 2137 5213 ratione
2167 5163 2421 5231 numeri,
2457 5171 2682 5224 retento
2714 5172 2880 5241 pedis
2926 5177 3181 5247 nomine,
3233 5180 3561 5254 distingue-

1914 5248 2143 5303 bantur.
2170 5254 2249 5305 Ex
2280 5250 2371 5307 his
2424 5260 2549 5311 erat
2589 5259 2947 5332 decempeda
3004 5266 3380 5325 dimetiendis
3422 5248 3558 5327 vasi-

1914 5342 2031 5393 tata
2063 5341 2386 5410 porticibus
2418 5359 2485 5399 ex
2519 5346 2751 5405 Horatio
2784 5354 3016 5408 eodem:

2466 5505 2634 5563 Nulla
2666 5509 3010 5580 decempedis

2372 5582 2579 5634 Metam
2604 5581 2838 5651 privatis
2869 5600 3089 5652 opacam

2312 5652 2568 5705 Porticus
2604 5654 2916 5723 excipiebat
2935 5657 3157 5713 Areten.
