3968 6202
409 233 547 290 1059

1463 225 1524 276 P.
1567 219 1846 276 POBSINI
1879 213 2499 270 OBSERVATIONUM
2536 215 2672 268 LIB.
2713 217 2758 268 Ι.

3597 226 3698 282 1οΰ0

405 361 558 420 596
583 357 751 421 Nam,
785 357 850 408 ut
897 367 1077 423 supra
1104 349 1382 418 vidimus,
1411 341 1745 402 architectis
1785 344 1841 397 et
1893 336 2049 411 agri-
2079 337 2134 405 Α
2162 338 2250 393 vir
2304 337 2666 394 Theodosius
2711 342 2972 408 vocatur,
3024 339 3112 394 uti
3141 343 3194 396 et
3221 357 3268 396 c.
3289 341 3370 411 22,
3399 342 3434 401 l.
3463 361 3513 400 ιι.
3538 347 3601 406 Ex
3633 349 3703 408 bis

407 446 773 507 mensoribus
797 439 1196 495 cominmunia
1226 440 1394 492 erant
1441 431 1782 504 hujusmodi
1832 431 2052 486 instru-

409 541 605 594 menta
636 545 1070 587 mensurarum.
1105 527 1251 591 Quia
1283 541 1453 597 porro
1505 523 1853 596 plerumque
1896 519 1960 573 ﬁt
1991 522 2055 574 ut

413 637 702 682 mensurae
735 636 944 675 nomen
977 617 1058 672 rei
1089 618 1437 671 mensurataa
1463 613 1779 678 tribuatur,
1813 615 1870 666 et
1895 609 2052 663 dica-

411 721 506 769 tur
561 709 812 782 exempli
861 707 1050 781 gratia
1105 722 1198 778 pes
1257 704 1666 775 lerr.22,palmus
1728 701 1847 755 sive
1919 699 2054 753 ulna

405 801 598 876 panni,
629 806 761 870 etc.,
795 799 875 854 ita
906 797 1172 852 videmus
1207 795 1476 850 Italicum
1502 789 1848 848 vocabulum
1907 788 2056 861 plola

406 899 572 948 terra:
601 889 896 945 interdum
946 886 1144 951 tribui,
1175 886 1320 939 forte
1374 901 1442 938 ex
1473 880 1838 937 dimensione
1902 877 2053 950 agri-

409 983 704 1038 xnensoria
772 979 939 1048 cujus
1000 977 1460 1031 iustrumentum
1515 974 1668 1043 picta
1729 972 2052 1024 vocaretur.

409 1075 586 1138 Picta,
621 1070 786 1126 aiunt
818 1072 1085 1122 auctores
1118 1061 1546 1120 accuratissimi
1581 1059 1768 1115 Lexici
1803 1056 2054 1124 Etrusci,

407 1162 646 1218 diciamo
691 1157 746 1213 In
777 1157 918 1213 zotla
966 1154 1025 1209 di
1081 1159 1231 1209 terra
1282 1153 1375 1208 che
1406 1151 1532 1207 abia
1584 1167 1705 1204 seco
1745 1147 1930 1203 l’crba.
1969 1145 2054 1200 Ad

410 1251 566 1323 quod
598 1249 781 1305 citant
801 1246 985 1302 Pietro
1021 1245 1198 1299 Veteri
1230 1242 1476 1298 Tratiato
1500 1259 1574 1306 v1,
1607 1239 1663 1294 in
1690 1239 1810 1293 hinc
1843 1237 2052 1291 verba:

410 1347 535 1400 Non
577 1353 815 1408 vengono
846 1355 882 1391 α
939 1338 1054 1390 star
1083 1333 1242 1389 molto
1281 1335 1414 1402 fuor
1451 1331 1597 1386 delia
1631 1338 1776 1384 terra
1819 1343 1917 1396 per
1960 1341 2052 1381 ca-

412 1431 563 1486 varsi
587 1428 676 1483 del
703 1426 1054 1481 semenzario
1085 1439 1184 1478 con
1214 1440 1358 1492 esse,
1391 1421 1502 1477 eice
1536 1423 1591 1475 in
1609 1436 1722 1473 una
1751 1417 1910 1489 piota
1941 1420 2049 1471 etc.

409 1521 571 1575 Picta
603 1514 943 1587 ergoltalice
972 1513 1127 1568 idem
1143 1513 1296 1584 quod
1315 1511 1601 1583 pes,unde
1621 1508 2052 1564 etinstrumen-

411 1615 536 1665 tum
553 1607 709 1679 agris
723 1603 1035 1660 metiendis
1060 1603 1280 1658 dictum
1304 1603 1386 1658 sic
1413 1601 1668 1667 luerit,et
1687 1615 1793 1653 vox
1818 1594 2050 1664 ποιότης

2165 426 2452 482 habemus
2477 429 2557 482 ita
2589 427 2774 483 fuisse
2805 428 3096 500 pecullare
3143 431 3397 504 Principis
3426 451 3598 492 nomen
3631 440 3706 511 dy-

2164 517 2350 573 nastis
2383 517 2789 589 Peloiionnesi,
2825 522 2887 572 ut
2916 536 3018 590 pro
3060 520 3328 577 vocabulo
3351 523 3546 579 familia
3563 528 3705 584 adhe-

2166 614 2310 662 rerel
2345 606 2597 679 singulis
2629 624 2694 662 ex
2727 624 2792 662 ea
2826 608 2999 664 domo
3034 610 3340 681 prognatis,
3371 629 3466 668 usu
3501 615 3703 672 videlicet

2165 697 2520 761 Graecorum,
2537 712 2736 751 verum
2753 701 2811 752 et
2832 696 3046 768 gentile
3074 715 3276 755 nomen
3291 699 3434 756 illius
3451 705 3704 776 stirpisoric

2165 786 2299 858 gine
2330 785 2619 840 Francicae
2650 785 2822 858 vulgo
2847 803 3022 842 nosse
3052 787 3706 865 minuscurantium,quan-

2166 891 2341 948 quam
2367 873 2507 929 illud
2544 873 2832 930 doctiores
2863 893 2975 931 non
3011 877 3311 934 nescirent.
3341 879 3469 934 Nam
3497 881 3710 954 Georgius

2166 964 2515 1037 Acropolita,
2547 967 2810 1023 Historia
2867 984 2986 1022 sua:
3018 984 3068 1022 c.
3125 969 3212 1035 48,
3271 971 3497 1026 Arcbaia
3531 978 3575 1027 et
3597 974 3711 1029 Pelo-

2165 1055 2411 1129 ponnesi
2445 1057 2768 1129 principem
2806 1054 3135 1131 Βιλαρδουΐν
3175 1060 3534 1118 Villarduinem
3575 1066 3709 1120 nomi-

2167 1151 2369 1202 natum
2396 1147 2578 1202 docet.
2607 1146 2893 1219 Gregoras
2920 1165 3055 1204 vero
3087 1148 3126 1204 l.
3163 1167 3261 1217 νιι,
3291 1169 3344 1224 p.
3394 1153 3502 1219 109,
3535 1154 3712 1209 titulum

2166 1234 2454 1308 Principis
2477 1235 2875 1308 Peloponneso
2893 1237 3361 1311 imperitantibus
3387 1242 3630 1296 tributum
3653 1243 3711 1297 ait

2155 1327 2281 1398 jam
2309 1343 2342 1381 a
2372 1333 2630 1397 tempore
2661 1327 3243 1401 ConstantiniMagni,
3271 1330 3350 1386 uti
3367 1335 3418 1386 ct
3435 1331 3716 1388 Athenarum

2165 1416 2423 1487 dynastas
2459 1433 2672 1470 nomen
2703 1417 2903 1489 magni
2936 1418 3105 1473 ducis
3127 1424 3184 1473 et
3214 1419 3510 1476 Thebarum
3537 1422 3717 1476 Boeotia-

2165 1523 2295 1560 rum
2329 1505 2568 1560 domino
2600 1506 3051 1578 appellationem
3083 1510 3276 1581 magni
3306 1510 3720 1583 primiceriipeyi-

2163 1589 2264 1646 λου
2294 1612 2656 1668 πριμικηρου,
2692 1613 2821 1668 qua:
2852 1603 3056 1668 postea
3087 1614 3200 1654 usu
3227 1599 3374 1672 vulgi
3429 1600 3478 1655 in
3534 1599 3718 1672 μεγάλου

409 1699 584 1754 Graeci
637 1696 736 1751 invi
789 1693 1080 1765 sequioris
1174 1693 1370 1747 eadem
1430 1690 1664 1746 notione
1743 1692 2049 1757 usurpata,
2088 1682 2352 1785 onploo
2413 1685 2914 1756 nuncupationem
2959 1688 3421 1759 degeneraverit;
3496 1689 3721 1744 obtinenti

409 1788 587 1844 istum
622 1801 793 1840 usum
821 1783 1105 1856 Hesychia
1124 1787 1360 1836 notante
1393 1785 1447 1834 et
1466 1780 1814 1849 Pachymere
1839 1775 2057 1832 exscri-

408 1877 608 1940 bente,
644 1877 816 1945 prout
845 1871 1130 1926 hactenus
1167 1870 1445 1939 diximus,
1499 1887 1611 1923 non
1673 1869 2056 1931 afﬁrmantes,

410 1966 513 2022 sed
546 1971 871 2036 quaerentes
898 1968 954 2018 et
975 1961 1145 2033 quasi
1184 1961 1471 2016 micantes
1516 1962 1572 2013 in
1599 1957 1876 2013 tenebris.

484 2071 782 2146 Πραγματα
865 2087 921 2140 p.
994 2069 1116 2122 448.
1175 2068 1293 2123 Hoc
1379 2067 1502 2122 loco
1589 2082 1695 2120 vox
1769 2063 2060 2137 πράγματα

411 2161 670 2220 similem
718 2158 1012 2214 notionem
1075 2157 1264 2212 habet.
1316 2157 1445 2227 ejus
1477 2157 1546 2212 de
1602 2171 1719 2227 qua
1748 2155 2060 2208 adnotasse

409 2250 632 2323 aliquid
692 2248 932 2303 memini
990 2245 1232 2301 scholiis
1290 2247 1362 2300 ad
1417 2245 1691 2300 Catenam
1725 2244 2057 2298 Graecorum

410 2348 648 2397 Patrum
683 2338 740 2392 in
764 2336 1150 2409 Evangelium
1178 2336 1235 2392 S.
1263 2335 1464 2390 Marci.
1500 2334 1681 2402 brevi,
1706 2333 1817 2388 nisi
1851 2332 2057 2387 littera)

405 2431 732 2484 amicorum
755 2426 987 2493 fallunt,
1023 2425 1275 2480 Parasiis
1303 2425 1613 2479 edendam.
1647 2423 1939 2488 Similem,
1967 2421 2054 2474 in-

412 2535 613 2590 quam,
645 2533 760 2572 non
795 2515 950 2570 enim
980 2513 1287 2586 pecuniam
1336 2518 1652 2584 signatam,
1710 2512 1811 2567 sed
1865 2511 2054 2582 signa,

409 2625 569 2677 vasa,
602 2622 868 2678 gemmas
899 2610 955 2659 et
985 2605 1112 2674 ejus
1143 2603 1374 2675 generis
1405 2602 1719 2672 pretiosam
1752 2606 1808 2655 et
1832 2599 2054 2671 specio-

409 2714 536 2754 sam
595 2693 1018 2766 supellectilem
1076 2693 1167 2747 hic
1224 2709 1291 2747 eo
1340 2693 1514 2746 verbo
1572 2690 1867 2760 designari
1944 2688 2056 2744 loci

411 2786 758 2843 sententiam
784 2783 979 2855 exigit.
1004 2782 1085 2838 De
1115 2799 1176 2838 re
1204 2780 1334 2853 ipsa
1355 2781 1448 2836 hic
1469 2779 1965 2848 indicata,hocest
1985 2779 2056 2833 do

409 2878 573 2934 clade
607 2874 808 2932 Isaacii
840 2872 1288 2946 Augusti,cujus
1311 2870 1617 2927 occasione
1648 2871 1762 2925 ista
1793 2868 2057 2924 venerint

408 2971 465 3025 in
497 2963 1532 3041 potestatemBulgarorum,dicimus
1566 2963 1623 3017 in
1661 2961 1816 3016 notis
1836 2961 1905 3016 ad
1922 2977 2053 3016 eum

2167 1773 2420 1845 denique
2452 1773 2707 1828 Siciliam
2743 1775 2897 1846 regis
2928 1793 3166 1832 nomen.
3203 1777 3720 1850 Ridicule,quasijam

2169 1870 2295 1919 tum
2329 1868 2497 1920 aetate
2529 1864 2896 1920 Constantini
2923 1865 3118 1938 Magni
3143 1866 3358 1939 Sicilia,
3379 1868 3574 1933 Thebe,
3601 1867 3725 1923 Athe-

2170 1971 2275 2022 nae,
2301 1953 2736 2025 Peloponnesus
2767 1954 2970 2010 avulsa
2992 1973 3026 2010 a
3051 1973 3288 2028 corpore
3319 1956 3723 2029 Romaniimperii

2168 2045 2434 2116 dynastis
2455 2043 2708 2115 propriis
2739 2045 3203 2116 subessent,uon
3236 2047 3397 2102 modo
3427 2047 3476 2100 id
3508 2046 3725 2102 tolerante

2169 2149 2326 2188 novae
2360 2133 2554 2188 Romae
2581 2133 2900 2202 conditore,
2927 2135 3026 2190 sed
3062 2135 3263 2206 etiam,
3303 2136 3349 2192 si
3399 2136 3600 2208 superis
3637 2134 3725 2207 pla-

2169 2227 2279 2292 cet,
2311 2222 2456 2277 istos
2485 2222 2717 2293 regulos
2746 2222 2962 2295 amplis
2992 2224 3275 2282 honorare
3317 2225 3726 2298 appellationibus

2167 2319 2430 2368 curante.
2491 2312 2666 2368 Porro
2721 2312 2760 2368 Ι.
2818 2329 2904 2378 ιιι,
2959 2330 3009 2368 c.
3072 2315 3159 2383 16,
3195 2315 3342 2372 hanc
3391 2331 3564 2370 vocem
3605 2313 3727 2369 aliter

2168 2402 2548 2474 Pacbymeres
2607 2400 2812 2456 scribit
2856 2402 2916 2456 in
2949 2401 3042 2458 his
3101 2404 3330 2460 verbis:
3392 2399 3728 2476 Καθημερινοίις

2165 2488 2591 2564 πολέμουςπρὸς
2673 2490 2763 2544 τὸν
2823 2489 3089 2566 Πρίντζην
3164 2491 3340 2568 ἐξῆγε.
3397 2493 3641 2565 Loquitur
3680 2491 3730 2544 de

2167 2581 2627 2640 sebastocratore
2660 2581 2840 2638 frater
2866 2582 3242 2654 imperatoris
3291 2585 3434 2640 circa
3462 2579 3726 2637 Monemba-

2166 2676 2314 2729 siam
2349 2671 2709 2743 quotidianis
2740 2671 3184 2728 velitationibus
3219 2675 3482 2729 adversus
3514 2671 3727 2742 PeIOpon-

2166 2763 2289 2818 nesi
2323 2761 2651 2833 Principem
2683 2761 3050 2832 decernente,
3073 2779 3252 2834 quem
3288 2761 3532 2838 Πρίντζην
3571 2758 3730 2815 Priati-

2163 2868 2287 2907 zem
2321 2857 2503 2918 vocat,
2538 2850 2818 2905 vocabulo
2852 2851 3124 2924 proprius
3157 2854 3457 2908 accedente
3486 2852 3545 2906 ad
3582 2863 3730 2904 vocem

2168 2941 2536 2997 Franciscam
2571 2940 2787 3008 Prince,
2811 2957 2988 3011 quam
3022 2941 3284 2998 Francici
3320 2952 3445 2998 tunc
3476 2939 3640 2996 incola:
3663 2937 3731 2991 Pe-

405 3059 620 3115 locum.
664 3062 774 3112 Pro
809 3072 942 3112 voce
971 3050 1245 3108 κάλλιστα
1269 3053 1326 3109 in
1352 3054 1478 3110 cod.
1532 3051 1850 3123 Barbarino
1899 3050 2052 3121 lege-

407 3149 419 3158 .
488 3154 496 3158 .
667 3144 712 3158 ,ις
990 3145 1004 3158 ς
1079 3150 1087 3158 .
1127 3143 1140 3156 ο
1249 3144 1258 3153 ο
1361 3143 1376 3158 ι
1680 3157 1687 3158 ,
1714 3157 1723 3158 κ
1750 3140 1821 3158 )2,
1840 3141 1879 3158 εκ
1968 3135 2009 3158 ’Ἰ

2166 3031 2466 3102 loponnesi
2497 3029 2799 3101 proprium
2833 3029 3140 3086 dominum
3167 3032 3553 3104 indigitabant.

406 3149 580 3203 batur
615 3144 874 3218 μάλιστα,
907 3145 1006 3199 sed
1041 3150 1096 3198 et
1127 3143 1184 3197 in
1209 3143 1476 3212 ejusdem
1537 3157 1639 3196 ora
1668 3140 1886 3196 codicis
1916 3135 2054 3192 κάλ-
2087 3135 2126 3159 υ

405 3235 566 3290 λιστα
592 3241 868 3304 tanquam
894 3233 1085 3287 verior
1117 3231 1283 3286 lectio
1315 3229 1782 3301 agnoscebatur;
1827 3233 1884 3282 et
1918 3244 2053 3281 cum

406 3339 535 3379 eam
588 3320 773 3376 solam
826 3320 1087 3391 optimus
1155 3326 1212 3373 et
1258 3319 1383 3389 ipse
1413 3319 1591 3372 codex
1629 3316 1959 3371 Allatianus
1992 3315 2054 3370 in

408 3414 743 3467 contextum
778 3409 1200 3478 reciperet,non
1221 3406 1480 3460 dubitavi
1514 3406 1656 3476 quin
1694 3405 2056 3477 praeferenda

408 3505 581 3557 esset.
608 3500 926 3555 Vaticanus
959 3498 1135 3553 solita
1166 3497 1798 3567 securitateutramque
1812 3495 2051 3552 omittit.

409 3595 688 3645 Convenit
717 3593 910 3643 autem
945 3587 1290 3656 adjunctum
1324 3583 1592 3639 κάλλιστα
1622 3587 1764 3641 satis
1808 3588 1940 3657 apte
1979 3585 2052 3643 ad

411 3679 860 3752 signiﬁcandam
895 3677 1147 3748 speciem
1175 3676 1466 3747 insignem
1527 3691 1776 3744 coronae,
1816 3674 2050 3746 sceptri,

412 3784 683 3823 vasorum
717 3782 1050 3834 aureorum,
1084 3765 1407 3837 torquium,
1432 3763 1762 3834 monilium,
1790 3778 2054 3835 gemma-

413 3875 543 3913 rum
580 3857 950 3928 vestiumque
979 3854 1513 3927 imperatoriarum,
1538 3871 1664 3925 quae
1679 3853 1788 3908 hoc
1811 3855 1933 3909 loco
1957 3854 2056 3908 dc-

413 3949 724 4021 signantur
756 3947 930 4001 verbo
975 3941 1335 4018 πραγμάτων.
1398 3943 1545 3999 Galli
1590 3943 1763 3999 hodie
1819 3963 1927 4000 usu
1971 3947 2056 4001 si-

419 4035 544 4092 mili
597 4040 803 4092 vocant
831 4035 984 4106 eﬂ‘els
1011 4050 1102 4089 res
1137 4033 1318 4106 pretio
1342 4034 1680 4104 aestimatas,
1715 4040 1888 4105 prout
1931 4037 2055 4090 dis-

408 4128 766 4197 tinguuntur
796 4142 829 4179 a
861 4122 1045 4196 pretio
1078 4123 1204 4196 ipso
1236 4128 1291 4178 et
1314 4121 1591 4177 nummis.

481 4233 566 4303 [P.
625 4231 749 4300 413]
809 4229 1046 4302 ΙῙρίγκιψ
1120 4226 1210 4282 καί
1263 4227 1557 4304 ΙΙρίντζης,
1646 4246 1700 4300 ρ.
1788 4230 1911 4285 402.
1963 4231 2057 4286 Ait

414 4320 673 4392 plurium
705 4319 1001 4390 suifragiis
1031 4321 1390 4375 destinatum
1429 4319 1848 4392 patriarchatui
1906 4321 2055 4377 Con-

405 4407 924 4479 stantinopolitano
958 4409 1138 4464 fuisse
1167 4409 1522 4464 monachum
1556 4409 1792 4464 nomine
1835 4409 2054 4466 Princi-

411 4513 541 4569 pem
593 4515 660 4552 ex
703 4497 925 4552 familia
979 4499 1317 4570 Principum
1382 4497 1786 4568 Peloponnesi.
1824 4501 1951 4570 Agit
1986 4503 2055 4557 de

406 4587 610 4641 eodem
644 4586 682 4640 l.
717 4603 802 4655 ιιι,
835 4604 884 4642 c.
919 4589 973 4652 3,
1007 4588 1235 4653 Noster,
1261 4589 1401 4643 dum
1424 4588 1579 4643 hunc
1608 4590 1679 4643 ab
1703 4590 2051 4660 imperatore

413 4675 662 4730 missum
694 4675 774 4730 ait
797 4677 866 4730 ad
893 4676 1116 4732 Challia
1166 4677 1498 4734 Tachorum
1532 4677 1918 4734 Orientalium
1950 4681 2053 4753 dy-

414 4769 640 4818 nastam
671 4765 986 4820 deduxisse
1017 4766 1197 4821 ﬁliam
1237 4767 1477 4822 r.otham
1517 4767 1884 4839 imperatoris
1941 4770 2051 4841 ipsi

405 4853 625 4910 Chalau
659 4857 1011 4925 desponsam
1039 4873 1052 4922 ;
1086 4863 1427 4925 quaetamen
1447 4875 1580 4912 cum
1595 4874 1660 4913 eo
1675 4861 2052 4930 pervenisset,

407 4949 634 5014 reperto
672 4950 903 5013 mortuo
946 4943 1187 5011 Chalau,
1229 4948 1356 5014 ejus
1412 4945 1533 4999 ﬁlio
1582 4954 1638 5000 et
1694 4949 2054 5005 succcessori

407 5037 617 5104 Apagae
643 5032 727 5087 vel
781 5033 1038 5105 Apagani
1093 5035 1379 5105 nupserit.
1437 5035 1622 5089 Verba
1679 5038 2055 5110 Pachymcris

409 5122 713 5190 sunt.sz
780 5121 872 5192 μὲν
962 5118 1186 5174 Χαλαοῦ
1245 5123 1379 5192 μετὰ
1403 5126 1499 5175 τοῦ
1548 5123 1796 5198 μοναχοῦ
1826 5127 1912 5180 καὶ
1973 5127 2052 5181 ἱε-

405 5209 540 5285 ρέως
590 5209 894 5284 Πρίγκιπος
929 5206 1170 5281 ἐξεδίδου
1195 5210 1293 5277 τὴν
1326 5209 1384 5264 ἐκ
1412 5217 1513 5279 τῆς
1555 5209 2054 5285 Διπλοϐατατζίνης

401 5321 465 5375 εκ
510 5299 719 5362 νοθείας
771 5297 938 5354 παῖδα
987 5299 1219 5375 Μαρίαν·
1274 5300 1363 5353 καὶ
1415 5301 1442 5354 ὁ
1489 5299 1729 5374 ΙΙρίγκιψ
1777 5303 2056 5377 ἀρχιμαν-

402 5389 590 5462 ὃρίτης
653 5385 725 5444 ὤν
783 5391 905 5444 τότε
955 5397 1056 5458 τῆς
1111 5394 1208 5443 τοῦ
1259 5389 1699 5466 παντοκράτορος
1737 5396 2054 5464 μονῆς,θιο.

400 5482 457 5536 ls
488 5486 693 5552 postea
745 5488 977 5538 creatus
1017 5480 1418 5536 Antiochenus
1462 5479 1798 5552 patriarcha
1836 5482 2054 5538 ibidem

402 5570 646 5640 dicitur,
705 5576 764 5628 et
823 5587 917 5629 res
979 5574 1254 5628 narratus
1285 5569 1435 5629 597
1489 5568 1528 5650 l_.
1562 5586 1638 5642 v1,
1671 5586 1722 5640 c,
1744 5571 1799 5644 5,
1847 5571 1948 5629 ubi
1969 5571 2061 5630 hic

2237 3150 2555 3229 Προϐολεύς
2615 3172 2670 3225 p.
2705 3155 2829 3210 482.
2872 3155 3079 3212 Merito
3112 3157 3210 3214 hic
3259 3158 3468 3214 Veccus
3493 3155 3548 3209 τὸ
3576 3147 3732 3228 προϐο-

2164 3242 2290 3305 λεὺς
2349 3243 2424 3304 εἷς
2478 3245 2540 3298 τὸ
2597 3241 2771 3306 αἶίειος
2824 3240 3256 3318 μεταλαμϐάνει,
3305 3247 3408 3304 hoc
3449 3251 3546 3313 est,
3593 3243 3736 3298 inesse

2161 3335 2446 3390 vocabulo
2504 3329 2813 3407 προϐολεύς
2875 3335 2991 3389 vim
3067 3339 3474 3409 notionemque
3526 3329 3733 3406 principii

2162 3426 2330 3480 activi
2364 3441 2428 3478 ac
2451 3441 2638 3478 causae
2671 3425 3199 3481 contendebat.Sic
3229 3426 3378 3482 enim
3429 3425 3574 3493 plane
3615 3437 3731 3476 eam-

2163 3517 2294 3569 dem
2347 3531 2541 3570 vooem
2593 3513 2880 3568 intellexit
2926 3521 2983 3568 et
3007 3519 3316 3586 usurpavit
3359 3515 3728 3586 Gregoriusb’a-

2159 3605 2493 3669 zianzenus,
2547 3603 2818 3658 Oratione
2875 3603 2945 3658 de
2997 3603 3165 3670 Filio,
3217 3607 3275 3660 in
3323 3606 3410 3659 bis
3439 3593 3729 3658 verbiszlia?

2159 3692 2320 3746 τοῦτό
2371 3691 2509 3746 ἐστίν
2557 3693 2693 3762 ἡμῖν
2741 3690 2769 3745 ὁ
2821 3692 3004 3765 Πατὴρ
3053 3691 3144 3746 καὶ
3199 3694 3228 3747 ὁ
3262 3694 3384 3756 Υἱὸς
3422 3690 3583 3745 καὶτὸ
3625 3687 3732 3761 ἅγιον

2165 3785 2402 3852 Πνεῦμα,
2434 3781 2462 3834 ὁ
2499 3779 2591 3852 μὶν
2619 3782 2923 3852 (nimirum
2967 3783 3152 3854 Pater)
3219 3784 3484 3858 γεννήτωρ
3527 3779 3603 3833 καὶ
3642 3793 3736 3846 προ·

2163 3865 2360 3932 ϐολεὺς
2415 3867 2586 3942 (λέγω
2629 3865 2686 3923 δὶ
2715 3869 2936 3933 ἀπαθῶς
3000 3869 3090 3924 καὶ
3150 3871 3402 3946 ἀχρόνως
3454 3871 3533 3924 καὶ
3575 3866 3737 3935 ἀσωμά-

2161 3961 2314 4028 τως)>
2367 3963 2475 4011 τῶν
2531 3955 2589 4011 δὲ
2649 3962 2725 4030 (et
2759 3959 2886 4014 Filii
2940 3969 2993 4015 et
3048 3961 3304 4032 Spiritus
3363 3960 3550 4027 sancti)
3596 3955 3644 4008 τὸ
3671 3949 3737 4024 μέν

2161 4049 2430 4122 γέννημα,
2488 4048 2550 4101 τὸ
2609 4044 2668 4100 δὲ
2722 4042 3047 4121 πρόϐλημα.
3086 4050 3207 4106 Ubi
3241 4051 3392 4106 clare
3412 4051 3563 4105 Pater
3602 4064 3740 4118 γεννη·

2161 4157 2273 4213 τωρ
2307 4138 2435 4194 Filii
2477 4138 2699 4205 azterni,
2733 4131 3043 4210 προϐολεῦς
3075 4144 3276 4194 autem
3310 4138 3486 4195 sancti
3541 4132 3738 4207 Spiritus

2165 4228 2400 4296 dicitur,
2433 4227 2690 4283 vicissim
2725 4234 2921 4282 autem
2955 4227 3132 4283 Filius
3167 4228 3356 4285 Patris
3383 4227 3620 4302 γέννημα,
3645 4220 3740 4293 Βρὶο

2166 4318 2315 4372 ritus
2342 4322 2534 4372 autem
2567 4321 2806 4372 sanctus
2838 4317 3100 4388 ejusdem
3131 4311 3456 4390 πρόϐλημα.
3487 4317 3557 4372 Ex
3577 4312 3741 4385 quibus

2170 4413 2328 4479 patet
2356 4407 2594 4461 verbum
2619 4401 2958 4480 προϐάλλειν
2974 4424 3086 4462 non
3109 4423 3519 4480 quamcunque
3539 4399 3742 4461 emissio-

2169 4513 2297 4552 nem
2334 4496 2526 4551 Latine
2559 4497 2912 4568 signiﬁcare,
2945 4498 3045 4552 sed
3078 4513 3208 4553 eam
3244 4515 3371 4570 quae
3403 4498 3474 4551 sit
3521 4510 3630 4549 cuni
3676 4489 3739 4541 in-

2163 4587 2318 4641 ﬂuxu
2354 4585 2536 4641 activo
2568 4587 2916 4657 conjuncta;
2941 4587 3132 4657 qualis
3147 4593 3241 4644 est
3259 4587 3492 4643 emissio
3508 4590 3744 4640 ramorum

2162 4693 2228 4731 ex
2257 4676 2486 4732 vivente
2510 4680 2738 4732 trunco.
2773 4676 3043 4741 Qualium
3076 4677 3465 4733 emissionum
3507 4678 3585 4730 est
3624 4683 3744 4723 men-

2162 4767 2242 4822 tio
2295 4769 2459 4821 Cant.
2520 4782 2596 4833 1v,
2658 4765 2764 4820 45:
2825 4767 3154 4822 Emissiones
3204 4773 3323 4824 tua?
3348 4765 3621 4840 paradisus
3664 4770 3746 4810 πται

2163 4857 2345 4912 torum
2400 4857 2757 4910 Punicorum.
2846 4857 3034 4920 Quare
3122 4857 3264 4912 mihi
3348 4858 3567 4911 videtur
3640 4843 3746 4902 satis

2163 4946 2308 5002 bene
2368 4946 2717 5017 respondere
2776 4945 2971 5001 Graeco
3029 4945 3169 5002 huic
3241 4946 3414 5002 verbo
3469 4933 3743 5018 προϐάλλειν

2166 5036 2435 5091 Latinum
2466 5035 2780 5106 producere,
2815 5035 2968 5107 quod
3002 5035 3272 5108 etipsum
3297 5051 3480 5092 causa
3510 5031 3744 5087 notionem

2165 5125 2360 5192 habet,
2393 5125 2536 5180 adeo
2570 5130 2631 5179 ut
2660 5118 2970 5196 προϐολεῦς
3003 5132 3154 5182 recte
3185 5126 3501 5198 explicetur
3527 5111 3745 5174 vocabulo

2163 5213 2471 5285 productor,
2507 5213 2703 5283 sicque
2736 5214 2792 5268 in
2816 5214 3153 5271 testimonio
3206 5215 3586 5270 Damascenus
3623 5209 3750 5262 Pater

2165 5309 2417 5359 aeternus
2449 5303 2763 5374 productor
2794 5306 2982 5358 sancti
3017 5304 3271 5375 Spiritus
3302 5321 3400 5376 per
3428 5301 3614 5357 Filium
3630 5293 3747 5348 dira-

2165 5399 2281 5449 tur.
2317 5393 2500 5448 Multa
2533 5394 2600 5447 de
2635 5392 2933 5448 vocabulis
2967 5387 3276 5467 προϐολεύς
3307 5399 3364 5449 et
3391 5383 3622 5466 προϐολή
3651 5397 3749 5438 eru-

2165 5481 2475 5551 ditissime
2510 5481 2773 5554 disputat
2829 5483 3097 5540 Petavius
3143 5488 3347 5539 noster
3374 5498 3424 5538 ο.
3471 5481 3521 5548 8,
3550 5478 3584 5534 l.
3621 5491 3665 5537 ν,
3697 5469 3748 5554 DQ

2171 5572 2437 5630 Trinitate
2497 5553 2648 5632 598
2703 5577 2762 5629 et
2815 5572 2955 5630 alibi
3014 5573 3072 5632 in
3106 5589 3170 5630 eo
3231 5589 3424 5647 opere,
3474 5583 3587 5643 qua
3610 5553 3750 5621 videri
