3978 6182
212 248 349 304 1061

1681 250 2166 308 GLOSSARIUM.

3489 260 3628 317 1062

213 377 373 447 apud
400 391 537 431 eum
575 379 847 447 possunt.
879 376 997 431 Hoc
1030 376 1182 431 enim
1216 376 1368 448 quod
1400 374 1675 444 diximus,
1701 377 1870 432 nobis
1900 438 1902 443 ς

2056 374 2232 431 Πύλαι
2287 377 2375 432 καὶ
2433 377 2584 434 πύλα
2642 399 2697 453 p.
2756 383 2881 438 365.
2945 382 3047 439 Hic
3114 402 3314 443 vocem
3373 386 3631 463 ἀραρυίας

216 482 325 535 pro
356 463 653 529 instituto,
679 470 737 519 et
766 464 875 519 loci
913 482 1082 537 quem
1116 470 1439 520 tractamus
1472 465 1879 538 intelligentia,

220 555 446 611 sufficit
474 554 530 608 in
564 569 841 624 przesens.

302 663 381 730 [Ρ.
418 662 569 734 413.]
600 657 988 733 Προσελῶντες
1018 679 1079 733 p.
1108 662 1235 717 20$).
1270 661 1541 734 Remiges
1588 661 1696 717 hos
1737 661 1883 717 fuis-

223 770 310 821 se,
345 752 445 824 qui
482 747 857 823 προσελίύντες
890 750 1057 822 quasi
1090 751 1321 823 proprio
1355 752 1498 805 artis
1530 756 1631 806 aut
1662 751 1886 806 ordinis

221 841 508 898 vocabulo
543 841 918 909 dicebantur,
940 846 997 896 et
1028 841 1156 912 ipsa
1187 841 1347 912 origo
1369 842 1575 896 suadet
1604 841 1757 895 vocis
1781 839 1886 892 ἀπὸ

220 936 322 987 τοῦ
355 927 751 1005 προσελαύνειν
788 928 907 985 sive
951 927 1221 1001 προσελᾷν
1273 947 1524 1002 prorsum
1576 929 1885 1001 impellere,

222 1028 285 1079 et
317 1024 534 1078 diserte
586 1020 797 1075 Noster
856 1020 1029 1089 tradi,
1064 1025 1188 1074 tum
1249 1020 1343 1074 hic
1400 1025 1527 1074 tum
1560 1036 1608 1075 c.
1643 1020 1732 1087 30,
1767 1020 1804 1075 l.
1832 1036 1888 1087 ν,

226 1112 330 1167 ubi
362 1127 539 1183 quem
600 1107 781 1163 semel
844 1103 1201 1181 προσελῶντα
1259 1110 1503 1175 dixerat,
1536 1113 1738 1180 postea
1766 1128 1889 1161 συν-

226 1199 468 1272 ωνύμως
528 1202 695 1254 vocat
751 1194 1109 1271 προσερέτην.
1171 1196 1415 1252 Wolﬁus
1475 1198 1533 1252 in
1603 1199 1888 1269 excerptis

223 1287 709 1360 Pachymerianis
756 1291 1024 1357 Gregoraa
1092 1287 1371 1356 subjectis
1402 1288 1674 1343 vitiosam
1709 1288 1889 1358 hujus

228 1376 501 1433 vocabuli
534 1376 885 1445 scripturam
912 1374 1207 1445 exprimit,
1232 1392 1301 1430 ex
1324 1377 1603 1430 mendoso
1626 1375 1893 1432 videlicet

227 1468 452 1530 codice,
486 1466 627 1520 dum
662 1464 813 1519 hanc
840 1465 1051 1518 recitat
1081 1481 1149 1518 ex
1180 1464 1290 1520 hoc
1344 1464 1500 1520 haud
1558 1465 1735 1520 dubie
1768 1466 1892 1520 loco

225 1555 586 1616 sententiam
623 1569 635 1607 :
671 1552 1044 1610 Gasmulic-um
1085 1553 1155 1608 ad
1205 1554 1343 1609 bella
1391 1564 1511 1609 erat
1559 1557 1890 1626 animosum,

223 1645 562 1718 Pyzytontes
592 1659 719 1698 vero
748 1642 976 1711 agendis
1005 1644 1178 1697 remis
1208 1643 1445 1711 strenui,

299 1750 602 1827 Προσπαίω
636 1769 690 1823 p.
722 1750 849 1806 276.
886 1750 996 1804 Vix
1036 1748 1173 1805 alibi
1237 1751 1491 1822 reperies
1550 1750 1894 1825 προσπαὶειν,

229 1842 345 1899 etsl
403 1838 606 1908 παίειν,
655 1840 741 1895 uti
796 1839 909 1894 alia
961 1856 1030 1895 ex
1087 1856 1152 1895 eo
1212 1841 1559 1912 composita.
1622 1843 1896 1913 frequens

231 1930 515 1993 sit.0uid
549 1929 707 1984 aliud
769 1937 1047 1999 putemus
1106 1945 1283 2000 quam
1341 1930 1741 2000 metaphoram
1802 1930 1896 1985 hic

238 2037 375 2075 esse
405 2036 438 2074 a
468 2018 685 2090 sagitta
716 2018 774 2071 in
810 2034 1053 2089 scepum
1087 2016 1318 2073 intenta
1371 2018 1434 2091 [P
1466 2020 1590 2091 413]
1622 2023 1679 2074 et
1728 2018 1895 2075 illum

237 2110 487 2165 feriente
519 2109 757 2163 ductam
782 2106 809 2161 ?
830 2107 913 2162 sic
945 2106 1103 2162 enim
1128 2107 1209 2161 ait
1236 2107 1492 2162 fabulam
1518 2109 1817 2163 incurrere
1839 2111 1897 2165 in

237 2216 445 2255 verum
506 2214 572 2253 ac
620 2197 760 2251 illud
814 2200 1135 2268 percutere,
1165 2202 1229 2251 ut
1260 2197 1573 2269 saggittam
1630 2215 1894 2270 scopum.

236 2286 449 2345 Simile
483 2286 762 2359 quiddam
795 2303 1096 2341 sacrarum
1153 2286 1493 2341 Litterarum
1550 2287 1899 2360 interpretes

243 2379 537 2433 aduotant
570 2376 640 2430 ad
676 2375 816 2429 illud
852 2380 908 2429 S.
944 2374 1104 2430 Pauli
1141 2375 1211 2429 ad
1248 2375 1415 2430 Rom.
1448 2394 1503 2442 x,
1533 2378 1605 2431 Ii:
1640 2378 1792 2432 Finis
1821 2378 1892 2433 le-

238 2468 334 2538 gis
365 2466 635 2523 Christus.
675 2465 781 2519 Lex
826 2464 907 2518 ibi
964 2468 1208 2519 vocatur
1258 2469 1382 2520 tota
1434 2465 1679 2523 historia
1733 2473 1901 2523 vetus

248 2556 438 2611 sacris
469 2554 635 2609 libris
668 2554 1098 2622 commendata,
1120 2554 1338 2625 quibus
1370 2559 1425 2609 et
1452 2572 1541 2611 res
1573 2575 1605 2610 a
1637 2556 1903 2628 patribus

244 2650 430 2721 gestas
451 2650 508 2699 et
530 2660 830 2699 sacrorum
857 2647 1173 2714 apparatus
1198 2661 1263 2699 ac
1288 2646 1647 2701 cazrcmoniae
1666 2647 1905 2700 tradun-

248 2743 371 2803 tur,
405 2735 603 2791 omnia
640 2734 934 2790 Christum
980 2738 1291 2789 venturum
1348 2736 1803 2807 praztigurantia.
1840 2737 1905 2791 In

237 2845 362 2903 quo
392 2826 663 2881 allusisse
694 2824 1012 2901 Apostolus
1063 2829 1304 2896 putatur
1335 2827 1403 2880 ad
1436 2826 1717 2899 originem
1752 2828 1907 2883 vocis

249 2916 549 2973 Hebraicas
585 2916 758 2986 legem
808 2914 1198 2985 signiﬁcante,
1232 2924 1380 2975 mm
1440 2915 1600 2970 thera
1659 2915 1812 2971 enim
1876 2933 1909 2971 a

255 3008 455 3066 radice
510 3008 671 3062 iarah
738 3010 827 3060 est
884 3006 1052 3075 cujus
1111 3005 1301 3076 prima
1381 3007 1541 3062 notio
1602 3013 1691 3062 est
1739 3007 1908 3078 jecit,

241 3099 502 3173 profecit.
528 3096 831 3167 Undeejus
847 3099 936 3149 est
960 3111 1103 3150 usus
1122 3096 1394 3166 proprius
1420 3096 1477 3150 in
1498 3096 1899 3165 cjaculationc.

244 3192 265 3246 Ι
305 3193 528 3260 Regum
562 3203 655 3249 xx,
688 3186 779 3251 36,
812 3185 882 3239 de
913 3183 1242 3239 Jonathane
1275 3185 1547 3256 sagittam
1579 3186 1906 3255 ejaculante

246 3279 533 3337 scribitur
570 3286 720 3336 tamn
760 3284 857 3337 ΠἾἽ
886 3282 1060 3333 -ΝἹΠἹ
1119 3273 1258 3328 vehu
1317 3275 1485 3330 iarah
1545 3275 1791 3331 hat-limi
1812 3295 1829 3330 :
1859 3280 1908 3330 et

242 3368 515 3440 ipsejecit
543 3366 826 3436 sagittam.
846 3366 968 3427 Quo
1002 3362 1291 3434 pertinere
1315 3368 1567 3433 putatur
1591 3364 1909 3420 multorum

244 3456 617 3516 Psalmorum
656 3452 1001 3524 inscriptio:
1051 3453 1112 3506 In
1142 3452 1327 3523 ﬁnem,
1364 3452 1472 3508 hoc
1532 3459 1621 3509 est
1658 3453 1715 3508 in
1749 3454 1911 3509 Chri-

247 3549 519 3603 stum.In
551 3560 725 3617 quem
758 3542 959 3616 procul
987 3541 1371 3597 indicandum
1405 3548 1461 3598 et
1489 3545 1658 3615 quasi
1692 3545 1909 3617 indigi-

246 3636 502 3694 tandum
564 3634 843 3706 pleraque
901 3632 980 3687 ibi
1041 3633 1260 3703 scripta
1320 3632 1743 3703 dirigebantur.
1799 3635 1913 3689 Nec

248 3727 517 3793 frustra;
548 3724 794 3778 veritate
826 3722 1044 3794 quippe
1076 3720 1379 3792 prophetis
1439 3726 1638 3776 exacte
1672 3738 1914 3793 respon-

250 3817 451 3883 dente,
505 3814 690 3885 tigure
719 3812 779 3867 in
811 3828 932 3866 rem
996 3811 1391 3866 incurrerunt.
1424 3810 1639 3867 Fabule
1696 3812 1917 3868 morale

252 3908 620 3978 praceptum
682 3900 1055 3957 adumbratis
1114 3918 1220 3972 par
1275 3901 1423 3956 ratio
1482 3905 1588 3955 est.
1640 3900 1711 3955 Ut
1760 3902 1915 3956 enim

254 3997 450 4079 ﬁgura
474 3992 833 4064 prephetica,
854 4008 987 4046 eum
1012 4006 1104 4045 res
1131 3991 1379 4062 ﬁgurata
1401 3989 1724 4056 exhibetur,
1750 4010 1917 4064 προσ-

251 4082 437 4138 παίειν
475 4079 727 4151 ἀληθείᾳ,
762 4082 823 4136 in
852 4080 1137 4135 veritatem
1189 4079 1431 4135 incidere
1485 4079 1718 4146 dicitur,
1752 4081 1832 4135 sic
1864 4085 1921 4136 et

256 4173 568 4245 apologus,
604 4187 739 4225 cum
773 4187 839 4226 eo
872 4170 1269 4241 significatum
1304 4168 1479 4224 ofﬁcii
1514 4170 1797 4225 monitum
1827 4171 1922 4226 de-

250 4264 516 4319 claratur
561 4266 617 4316 et
648 4259 817 4332 quasi
847 4260 919 4313 ad
952 4274 1073 4313 rem
1108 4258 1294 4329 ipsam
1331 4257 1677 4330 applicatur.

331 4353 559 4423 Ηρῶτος
639 4367 695 4421 p.
766 4350 889 4401 298.
964 4347 1107 4422 Πρὸς
1171 4345 1262 4400 τὸν
1326 4350 1543 4418 πρῶτον
1618 4345 1922 4419 ἐκθέμενος.

255 4442 371 4497 Hie
408 4442 627 4513 πρῶτος
672 4437 937 4492 absolute
969 4442 1023 4492 et
1078 4436 1411 4492 suhtantive
1445 4442 1762 4508 usurpatur
1820 4454 1924 4509 pro

252 4545 540 4602 supremo
572 4526 693 4583 illic
739 4526 988 4599 preside
1048 4542 1348 4580 sacrorum
1407 4542 1613 4596 nempe
1674 4527 1920 4597 patriar-

254 4620 403 4676 cha.

334 4704 707 4781 Ηρωτοκῆρυξ
763 4722 817 4777 p,
851 4705 975 4775 476,
1018 4706 1201 4770 Quem
1262 4707 1435 4759 antea
1491 4708 1795 4760 vocaverat
1826 4701 1922 4757 80.

260 4798 524 4873 μὲστικον
585 4792 904 4864 ἐκκλησίας,
964 4811 1122 4849 nunc
1182 4793 1439 4866 appellat
1500 4795 1922 4867 πρωτοκήρυκα,

255 4904 657 4963 synouynam,
674 4886 1258 4959 opinior,ursurpens
1278 4902 1406 4940 eam
1428 4902 1622 4940 vocem
1651 4902 1751 4953 pro
1772 4904 1927 4958 πρω-

254 4975 575 5051 τσψάλτης.
610 4977 757 5031 Nam
818 4980 880 5030 ut
962 4974 1246 5029 Cordinus
1304 4974 1478 5029 habet
1536 4992 1585 5029 c.
1624 4976 1708 5041 17,
1746 4992 1801 5028 n.
1837 4975 1924 5045 40,

256 5068 337 5122 Οὐ
402 5064 810 5139 πρωτοψάλτην
873 5060 987 5139 ἔχει
1022 5062 1312 5134 ἐκκλησία,
1373 5060 1519 5117 ἀλλὰ
1578 5060 1925 5135 δομὲστικον.

260 5157 499 5224 Quibus
532 5155 821 5227 significat
854 5159 1291 5226 praecentorem,
1318 5153 1424 5209 hoc
1457 5158 1566 5225 est,
1594 5172 1727 5210 eum
1760 5157 1928 5227 cujus

259 5249 533 5308 ofﬁcium
568 5252 656 5302 est
681 5252 918 5302 cantum
954 5245 1229 5301 inchoare
1260 5247 1317 5300 in
1350 5245 1550 5314 choro,
1572 5263 1686 5301 non
1719 5266 1929 5318 πρωτο.

273 5337 499 5410 ψάλτην
535 5336 722 5391 solere
754 5336 888 5405 dici,
924 5341 988 5391 ut
1020 5352 1111 5390 res
1144 5335 1419 5407 exigeret,
1442 5337 1539 5389 sed
1578 5335 1932 5392 domesticum

269 5429 556 5486 Ecclesiae.
619 5432 753 5481 Haec
815 5426 958 5480 mihi
1018 5442 1197 5481 causa
1259 5425 1363 5480 fuit
1396 5426 1549 5481 599
1600 5428 1931 5497 opponendi

264 5522 335 5576 in
374 5517 639 5573 versione
677 5516 1104 5591 πρωτοκήρυκος
1140 5515 1422 5572 vocabulo
1477 5515 1752 5572 Latinum
1784 5534 1929 5588 prae-

309 5606 524 5667 entoris
557 5622 791 5662 nomen.

1953 4490 2000 4554 D

1990 466 2431 524 emendavimus
2497 469 2713 525 indicio
2780 472 3064 543 syntaxis,
3122 490 3257 529 eum
3331 474 3631 550 ἀραρυίαις,

1992 557 2145 627 quod
2170 557 2226 611 in
2250 558 2475 613 codd.B
2498 564 2555 614 et
2575 563 2641 629 A,
2668 562 2938 617 Vaticano
2963 565 3287 632 omittente,
3312 565 3631 641 legebatur,

1994 646 2274 716 quadrare
2292 649 2361 701 ad
2384 664 2577 703 vocem
2602 646 2778 712 πύλας
2803 669 2911 706 non
2938 657 3145 722 potest.
3186 655 3445 710 Probain
3479 656 3634 712 hunc

1992 733 2184 790 locum
2218 742 2302 791 est
2332 737 2671 813 παράφρασις
2710 740 2973 797 Vaticani
3014 742 3227 798 codicis
3261 743 3351 799 his
3403 746 3635 805 verbis:

1992 824 2094 880 Καὶ
2126 822 2302 887 πύλας
2333 825 2384 879 ἐν
2415 832 2533 889 ταῖς
2566 829 2780 903 πέτραι,
2812 826 2980 905 ἤγουν
3016 828 3178 885 ἅλυον
3241 833 3391 906 (lego
3422 832 3636 909 ἅλυσιν)

1994 910 2219 989 σιδηρᾶν
2269 916 2361 970 καὶ
2421 915 2651 993 ἰσχυρὰν
2702 918 3077 989 κατεσκεύαζε.
3113 922 3235 977 Non
3296 941 3432 996 ergo
3464 936 3637 997 portm

1994 1010 2094 1060 aut
2134 1005 2309 1062 valva:
2341 1024 2407 1063 ex
2440 1009 2588 1064 ferro
2622 1009 2819 1065 solida
2869 1011 3257 1084 intelligendas
3314 1013 3406 1069 hic
3438 1015 3637 1074 fuere:

1994 1106 2363 1177 nequeenim
2411 1107 2466 1161 id
2522 1107 2665 1164 sinit
2722 1110 2805 1164 rei
2863 1111 3142 1182 subjectis
3205 1117 3432 1169 natura.
3490 1116 3637 1187 Non,

1996 1196 2261 1267 inquam,
2321 1197 2535 1269 portui,
2586 1206 2648 1253 ut
2706 1200 2903 1255 domui
2963 1205 3063 1256 aut
3117 1202 3371 1258 conclavi
3429 1206 3639 1262 obduci

1998 1284 2249 1340 solidum
2284 1287 2501 1342 ostium
2536 1292 2747 1360 potest.
2782 1290 2891 1354 Qui
2930 1289 3086 1345 enim
3138 1296 3238 1346 aut
3267 1294 3483 1362 quibus
3515 1311 3636 1351 mo-

1998 1375 2175 1430 liendi
2208 1376 2498 1432 machinis
2556 1383 2730 1433 tanta:
2788 1379 3118 1435 latitudinis
3176 1390 3369 1452 postes
3421 1391 3638 1456 essent,

2001 1471 2221 1536 quanta
2250 1465 2479 1537 explere
2510 1472 2683 1539 atque
2732 1468 3024 1540 obturare,
3060 1486 3234 1540 quam
3288 1477 3445 1528 vaste
3497 1473 3640 1543 hiat,

2000 1554 2257 1610 valerent
2304 1561 2489 1611 totum
2524 1575 2587 1612 os
2639 1565 2863 1629 portus,
2899 1576 3012 1630 quo
3073 1577 3296 1632 magnas
3350 1578 3416 1619 ae
3459 1562 3647 1637 longas

2005 1661 2181 1700 naves
2214 1645 2538 1717 praelongos
2571 1646 2706 1702 hinc
2766 1648 2901 1703 inde
2961 1651 3370 1721 protendentes
3429 1669 3643 1722 remos,

1929 1759 1973 1822 Β
2004 1751 2199 1807 eaeque
2232 1752 2346 1789 non
2381 1736 2707 1806 singulares
2740 1738 2840 1793 sed
2875 1737 3070 1810 plures
3114 1740 3410 1797 interdum
3444 1742 3646 1812 simul,

2004 1823 2230 1879 aditum
2263 1823 2601 1897 exitumque
2651 1827 2863 1882 h..bere
2922 1831 3296 1885 commodum
3355 1831 3648 1886 debeant?

2005 1922 2155 1993 Ergo
2188 1922 2281 1977 hic
2333 1923 2538 1979 Noster
2596 1941 2725 1979 cum
2783 1922 2961 1987 πύλας
3018 1926 3181 1995 dixit,
3213 1928 3643 1986 intellecturum

2006 2014 2232 2082 putavit
2263 2015 2609 2084 prudentem
2637 2021 2908 2071 teetorem
2926 2016 3039 2072 tale
3053 2018 3267 2072 ostium
3287 2020 3439 2089 quod
3459 2020 3646 2091 portui

2007 2101 2331 2158 claudendo
2346 2104 2558 2175 apponi
2577 2110 2791 2175 posset,
2808 2111 3069 2161 catenam
3088 2108 3366 2163 nimirum
3384 2110 3647 2166 ferream.

2004 2192 2231 2246 Addam
2266 2191 2358 2246 hic
2390 2194 2538 2248 satis
2578 2211 2770 2248 raram
2830 2194 3127 2250 notionem
3179 2198 3445 2253 vocabuli
3499 2197 3648 2268 πύλη

2008 2284 2107 2335 aut
2137 2277 2303 2347 πύλα,
2338 2288 2508 2352 cujus
2540 2300 2712 2337 usum
2768 2286 2953 2356 reperi
3013 2286 3068 2339 in
3125 2286 3322 2343 Graeca
3390 2290 3653 2344 versione

2007 2369 2353 2441 Speeiminis
2384 2372 2689 2443 Sapientia
2724 2375 3023 2443 Indorum,
3053 2392 3226 2446 quem
3260 2376 3476 2433 librum
3510 2378 3657 2432 Lati-

2010 2461 2191 2516 nitate
2268 2479 2302 2516 a
2377 2479 2467 2517 me
2547 2464 2827 2519 donatum
2905 2466 3043 2520 huic
3096 2467 3352 2522 historiae
3425 2468 3657 2539 imperii

2010 2551 2312 2608 Michaelis
2371 2553 2695 2626 Palaeologi
2755 2557 3026 2628 Augusti,
3060 2574 3093 2612 a
3150 2574 3265 2628 quo
3297 2559 3352 2613 id
3412 2576 3558 2628 Opus
3602 2560 3659 2614 in

2014 2641 2267 2711 quadam
2327 2643 2605 2697 concione
2660 2643 2969 2715 allegatur,
3032 2646 3263 2701 hortatu
3334 2646 3657 2703 amicorum

2013 2735 2295 2800 tanquam
2362 2729 2803 2805 παρεμπύρευμα
2867 2735 3129 2805 adjunxi.
3205 2737 3289 2792 Ibi
3354 2738 3413 2791 in
3475 2738 3665 2809 prima

2018 2819 2408 2890 praeventione
2436 2838 2560 2890 qua:
2595 2822 2897 2877 historiam
2933 2824 3284 2880 inventionis
3313 2831 3369 2881 et
3401 2827 3665 2898 deporta-

2018 2909 2193 2962 tionis
2225 2909 2353 2978 ejus
2384 2908 2517 2963 libri
2540 2912 2788 2966 exlnutia
2812 2911 2871 2965 in
2904 2912 3201 2968 Persidem
3220 2914 3667 2986 recitat,pagina

2019 2997 2232 3052 codicis
2265 3014 2379 3068 quo
2414 2998 2617 3053 utebar
2647 2999 2824 3055 Graeci
2874 3017 3047 3065 nona,
3080 3000 3164 3055 sic
3223 3000 3475 3071 legitur:
3512 3000 3663 3070 ιιλὴν

2020 3081 2108 3137 διὰ
2153 3080 2214 3137 τό
2274 3105 2359 3138 σοι
2411 3085 2631 3158 ἀρεστὸν
2691 3084 2943 3160 λήψομαι
3009 3089 3131 3159 μίαν
3206 3087 3382 3142 πύλαν
3443 3088 3501 3144 ἐκ
3552 3094 3665 3144 τῶν

2016 3174 2345 3251 ὑφασμάτων
2403 3183 2503 3245 τῆς
2550 3175 2745 3247 κώμης
2794 3178 3085 3244 Φουϊστὰν,
3112 3176 3200 3232 ’ίνα
3230 3178 3279 3232 ἐν
3337 3179 3473 3253 αὐτῇ
3507 3177 3669 3250 δοξα-

2016 3268 2289 3337 σθήσεμαι
2347 3266 2503 3340 κάγὼ
2561 3264 2757 3328 δοῦλός
2816 3289 2910 3321 σου
2970 3267 3020 3321 ἐν
3081 3270 3225 3342 πάσῃ
3267 3272 3337 3342 τῇ
3388 3271 3670 3345 συγγενείᾳ

2023 3376 2149 3428 μου.
2210 3351 2402 3410 Λαϐὼν
2455 3354 2513 3410 δὲ
2574 3357 2601 3410 ὁ
2655 3359 2873 3433 Περζωὲ
2926 3357 2984 3411 ἐκ
3039 3362 3145 3413 τῶν
3204 3355 3503 3432 βασιλικῶν
3542 3359 3671 3432 ἱμα-

2016 3445 2147 3501 τίων
2179 3459 2289 3503 ete.
2320 3450 2405 3519 [Ρ.
2439 3449 2566 3520 414]
2604 3451 2665 3503 1n
2725 3449 2817 3504 his
2878 3449 3071 3504 verbis
3128 3452 3382 3520 primum
3448 3454 3672 3506 occurit

2021 3537 2400 3605 quaerendum
2430 3537 2573 3606 quid
2601 3535 2674 3591 sit
2706 3534 2858 3589 πύλα
2917 3533 2975 3589 ἐκ
3004 3538 3111 3588 τῶν
3145 3534 3498 3611 ὑφασμάτων.
3524 3538 3668 3592 Nam

2018 3636 2198 3702 pm'tae
2228 3632 2407 3699 notio,
2443 3650 2569 3703 qua:
2596 3633 2882 3687 naturalis
2915 3638 3003 3687 est
3032 3631 3204 3705 πύλῃ,
3237 3650 3413 3706 quam
3472 3634 3567 3689 hic
3599 3635 3679 3689 sit

2026 3722 2438 3791 intempestiva
2470 3739 2639 3776 nemo
2675 3739 2787 3775 non
2847 3722 3022 3777 videt.
3057 3723 3308 3777 Omnino
3350 3741 3675 3795 agnoscen-

2026 3810 2163 3864 dum
2195 3815 2285 3863 est
2312 3807 2462 3861 πύλα
2504 3810 2601 3863 hic
2657 3826 2760 3879 pro
2816 3807 2995 3861 πτύλα
3043 3811 3299 3880 positum
3360 3829 3393 3865 a
3450 3810 3673 3863 πτύστω

2025 3897 2173 3969 plico
2204 3898 2440 3964 involvo,
2475 3904 2539 3951 ut
2568 3897 2837 3952 volumen
2867 3903 2968 3951 aut
2997 3915 3208 3968 scapus
3260 3898 3435 3967 panni
3468 3900 3666 3967 cujus-

2030 3989 2182 4057 piam
2244 3988 2351 4041 hoc
2409 3986 2695 4040 vobabulo
2756 4003 2912 4040 nunc
2975 3986 3358 4056 signiﬁcetur.
3407 3988 3672 4041 Fundum

2030 4078 2210 4131 habeo
2238 4076 2583 4146 conjecturas
2618 4075 2969 4139 Eustatium,
3003 4076 3098 4145 qui
3133 4076 3203 4129 ad
3236 4074 3403 4129 illum
3446 4092 3677 4130 versum

2030 4167 2129 4220 411
2192 4165 2409 4229 Iliadis,
2470 4173 2520 4232 θ,
2580 4164 2827 4237 πρώτῃσι
2906 4160 2961 4217 δὲ
3035 4161 3239 4236 πύλῃσι
3315 4159 3681 4238 πολυπτύχου

2032 4252 2470 4326 οὐλόμποιο,8ἱο
2500 4260 2738 4309 annotat
2762 4272 2817 4326 p.
2840 4255 2940 4310 721
2976 4255 3067 4309 ed.
3084 4255 3251 4310 Rom.
3272 4259 3683 4328 Παρηχητικῶς

2033 4341 2091 4398 δὲ
2143 4365 2259 4405 πως
2320 4342 2354 4411 ἢ
2416 4340 2827 4419 ἐτυμολογικῶς
2878 4344 3205 4411 παράκειται
3259 4346 3293 4412 ἡ
3325 4341 3495 4397 πύλαι
3532 4343 3620 4398 καὶ
3654 4344 3681 4397 ὁ

2032 4432 2413 4508 πολύπτυχος·
2467 4436 2612 4508 παρά
2658 4435 2719 4488 τὸ
2768 4432 3018 4487 πτύσσειν
3068 4433 3171 4507 γὰρ
3222 4434 3311 4487 καί
3362 4434 3549 4512 ἄμφω,
3594 4433 3686 4488 ’ίνα

2034 4527 2071 4597 ᾖ
2101 4523 2465 4599 πολύπτυχος
2523 4526 2550 4578 ὁ
2606 4521 2950 4585 πολύπυλος.
2987 4525 3115 4579 Haec
3175 4525 3313 4591 ille;
3349 4526 3406 4580 in
3466 4527 3685 4597 quibus

2033 4622 2192 4681 vides
2249 4622 2432 4693 πύλην
2468 4620 2802 4679 {ardeam
2852 4625 3080 4690 deduci,
3115 4624 3320 4680 extrito
3370 4626 3688 4693 subjuncto

2032 4735 2081 4769 τ.
2120 4717 2341 4772 Addam
2392 4731 2462 4769 ex
2518 4715 2785 4770 occasine
2844 4714 2913 4769 de
2965 4731 3159 4785 panno
3214 4713 3307 4768 hic
3367 4720 3685 4771 memorato

2036 4806 2169 4878 pagi
2203 4804 2492 4875 Phuistan,
2528 4805 2683 4875 quod
2717 4804 2773 4857 in
2809 4802 2910 4858 illo
2939 4804 3211 4859 videlicet
3259 4820 3406 4875 pago
3459 4808 3684 4859 texere-

2036 4902 2166 4950 tur:
2201 4896 2349 4949 forte
2395 4894 2531 4948 inde
2592 4898 2793 4947 natum
2852 4892 3091 4965 vulgare
3123 4910 3336 4947 nomen
3397 4893 3569 4948 hodie
3626 4895 3680 4947 in

2036 4984 2222 5039 Gallia
2270 4984 2447 5053 panni
2508 4983 2816 5049 cujusdam
2873 4999 2939 5037 ex
3001 4982 3275 5053 gossypio
3332 4983 3491 5046 texti,
3530 4984 3683 5053 quod

2036 5073 2311 5145 fustaine,
2344 5071 2656 5142 fustanium
2679 5071 3027 5142 appellatur.
3063 5076 3141 5125 Ex
3187 5073 3687 5141 consequentibus

2040 5180 2211 5234 porro
2240 5162 2432 5217 verbis
2464 5160 2815 5233 intelligitur
2845 5177 3032 5232 genus
3056 5160 3162 5214 hoc
3196 5160 3373 5230 panni
3406 5162 3560 5232 regis
3591 5165 3691 5213 aut

2040 5252 2212 5321 regiae
2270 5250 2504 5305 familiae
2566 5250 2774 5305 usibus
2837 5251 3020 5304 fuisse
3076 5254 3457 5314 reservatum,
3493 5248 3578 5302 ita
3624 5252 3691 5302 ut

2040 5342 2241 5398 vestiri
2268 5358 2333 5395 eo
2367 5356 2538 5395 nemo
2571 5344 2768 5410 posset
2797 5339 2923 5393 sine
2967 5354 3252 5393 concessu
3286 5335 3563 5407 peculiari
3597 5352 3688 5389 re-

2041 5432 2152 5505 gis.
2189 5431 2351 5487 Unde
2382 5430 2773 5484 characterem
2810 5429 3048 5482 haberet
3074 5429 3229 5482 600
3260 5424 3454 5480 eximii
3506 5424 3689 5478 hono-

2040 5521 2122 5576 ris
2149 5529 2202 5576 et
2248 5520 2405 5592 apud
2466 5518 2783 5591 principem
2845 5517 3046 5589 gratia:
3107 5516 3517 5570 indumentum
3550 5512 3689 5569 tale.

2042 5612 2358 5683 Propterea
2386 5610 2542 5665 enim
2590 5607 2749 5663 addit
2807 5612 3047 5661 Perzoes
3106 5604 3365 5675 accipere
3394 5618 3457 5659 se
3514 5602 3693 5661 istam
