3978 6182
391 266 532 323 1063

390 397 629 452 vestem
664 391 736 445 ob
764 383 1206 459 praerogativam
1260 382 1507 441 honoris
1544 382 1595 438 ei
1646 381 1853 438 annexi
1887 398 2044 438 com-

397 483 560 540 muni
591 475 972 534 aestimatione
997 492 1009 530 :
1037 470 1150 544 'lva,
1181 473 1380 547 inquit
1409 473 1459 527 ἐν
1513 471 1647 543 αὐτῇ
1707 468 2038 540 δοξασθῆσο-

393 592 488 644 μαι
529 566 681 639 κάγὼ
743 561 941 625 Boii/J5;
1000 583 1096 616 σου
1157 562 1206 617 ἐν
1268 563 1414 637 πάσῃ
1479 558 1761 635 συγγενείᾳ
1819 581 1944 632 μου.
1975 562 2036 616 In

393 675 505 733 quo
537 658 711 714 etiam
735 656 1032 727 significat
1067 673 1176 710 non
1213 673 1320 711 sua
1363 672 1425 711 se
1451 653 1632 710 solius
1654 669 1830 707 causa
1856 652 2036 706 istum

389 745 671 805 sdmitere
702 745 1008 812 honorem,
1034 743 1134 797 sed
1161 742 1396 798 familiae
1421 759 1485 797 ac
1504 739 1872 812 cognationis
1902 738 2036 793 inde

385 834 714 906 conspicuae
739 834 969 900 futurae,
989 832 1073 888 sic
1104 832 1446 890 ambitionis
1488 829 1767 884 invidiam
1803 827 2036 899 pietatis

383 931 441 983 et
457 925 761 983 charitatis
775 925 832 978 in
847 925 1314 996 consanguineos
1331 919 1638 977 laudabilis
1652 919 2039 975 ostentatione

385 1016 683 1072 redimens
714 1018 814 1068 aut
843 1013 1050 1069 saltem
1096 1013 1388 1068 minuens.
1425 1010 1781 1066 Confirmant
1839 1012 2031 1062 autem

384 1105 540 1177 quod
573 1103 830 1159 diximus
859 1104 929 1158 de
963 1105 1354 1159 reservatione
1385 1098 1725 1171 hujusmodi
1752 1097 1928 1168 panni
1963 1098 2030 1152 ad

385 1213 531 1252 usus
563 1194 777 1266 regios,
802 1193 901 1248 illa
926 1197 1186 1249 extrema
1207 1193 1416 1247 verba:
1447 1183 1644 1244 Λαϐὼν
1673 1183 1730 1240 δὲ
1763 1187 1789 1240 ὁ
1821 1185 2035 1260 Περζωὶ

384 1283 444 1340 ἐκ
482 1287 591 1339 τῶν
655 1279 954 1358 βασιλικῶν
1012 1280 1270 1353 ἱματίων.
1304 1282 1418 1337 Cur
1473 1279 1650 1345 enim,
1687 1295 1813 1348 quae
1874 1277 2036 1349 prius

388 1375 792 1431 nominaverat
825 1371 1114 1448 ὑφάσματα
1141 1377 1243 1440 τῆς
1294 1370 1491 1441 κώμης
1552 1364 1846 1436 Φουϊστάν,
1884 1384 2038 1423 nunc

387 1462 544 1535 ἱμάτι
577 1461 835 1537 βασιλικά
864 1467 1118 1532 vocaret,
1151 1462 1264 1517 nisi
1297 1461 1450 1534 quod
1484 1459 1557 1514 iis
1608 1458 1692 1513 uti
1752 1456 1870 1529 regi
1929 1456 2037 1512 soli

387 1559 445 1610 et
468 1553 706 1610 familiae
739 1553 926 1624 ipsius
956 1552 1240 1618 licereret,
1267 1557 1322 1606 et
1342 1550 1390 1605 si
1421 1549 1635 1620 quibus
1671 1546 2036 1618 privilegium

387 1644 541 1712 idem
576 1660 610 1698 a
640 1657 774 1714 rege
805 1641 1002 1696 eximii
1038 1639 1275 1697 honoris
1309 1639 1496 1711 gratia
1527 1639 1884 1693 tribueretur
1904 1637 1931 1691 ?

456 1748 593 1810 Ῥώς
642 1767 698 1820 p.
730 1751 854 1804 509.
887 1748 982 1804 Ait
1029 1750 1235 1804 ducem
1293 1748 1662 1816 Latinorum,
1699 1762 1871 1816 quem
1934 1745 2034 1800 de-

389 1839 631 1912 scripsit
660 1841 872 1905 ferum,
902 1841 1202 1895 ardentem
1229 1843 1285 1894 et
1300 1839 1489 1910 capite
1507 1835 2038 1905 rufum,hominem

391 1935 566 1986 vastas
597 1934 856 1996 staturas,
890 1929 982 1984 cui
1015 1934 1141 1984 erat
1173 1944 1383 1983 nomen
1446 1927 1606 1982 Rhos
1636 1925 1924 1998 Solymas,
1957 1924 2044 1978 vi-

389 2018 511 2074 deri
547 2022 750 2073 natum
782 2017 1195 2088 apellationem
1230 2032 1297 2071 ex
1356 2016 1746 2070 similitudine
1801 2031 1932 2068 cum
1975 2028 2041 2068 eo

387 2109 542 2178 quod
587 2111 754 2162 vocat
808 2105 944 2166 Ῥώς
1006 2105 1170 2162 Rhos.
1205 2106 1352 2170 Quid
1412 2111 1608 2159 autem
1667 2109 1757 2159 est
1787 2103 1939 2158 hoc?
1969 2118 2040 2156 an

391 2195 692 2268 scripserit
748 2195 1130 2267 Pachymeres
1187 2193 1324 2256 Ῥώς
1383 2211 1486 2266 pro
1548 2191 1870 2268 ῥώξὲῬώς
1903 2207 2043 2247 sane

389 2291 728 2342 constanter
759 2286 1021 2340 scribunt
1051 2286 1167 2340 duo
1213 2285 1376 2339 codd.
1416 2283 1618 2354 optimi
1654 2284 1712 2337 B.
1750 2291 1805 2338 et
1836 2284 1896 2336 A.
1932 2281 2042 2336 Va-

392 2375 585 2431 ticano
638 2375 746 2430 hoc
803 2391 1035 2430 comma
1091 2372 1418 2428 omittente.
1451 2374 1625 2443 Atqui
1684 2371 1817 2431 Ῥώς
1871 2370 2038 2439 nihil,

390 2467 545 2538 quod
578 2465 920 2534 sciam,huc
952 2465 1168 2520 faciens
1203 2464 1517 2534 signiticet.
1547 2461 1689 2530 Ῥώξ
1747 2467 1941 2517 autem
1975 2479 2040 2517 ex

393 2555 701 2610 Eustatbio
759 2547 1142 2628 Παρεκϐολαῖς
1175 2555 1245 2609 ad
1276 2553 1382 2607 Od.
1411 2573 1426 2604 ι
1460 2572 1513 2625 p.
1551 2553 1688 2607 1633
1746 2552 1835 2605 ed.
1873 2551 2040 2605 Rom.

399 2649 491 2699 est
513 2640 824 2719 φαλαγγίου
847 2639 1017 2711 εἶδος,
1040 2642 1264 2715 species
1285 2641 1558 2697 animalis
1578 2641 1730 2696 noxii
1754 2641 1890 2694 dicti
1908 2640 2044 2711 pha-

394 2734 596 2806 langii.
631 2734 710 2789 De
742 2733 849 2789 hoc
883 2733 1131 2802 Plinius,
1155 2732 1193 2787 l.
1219 2748 1375 2801 χχιχ,
1399 2747 1449 2787 c.
1483 2732 1550 2785 li:
1580 2731 2041 2800 Phalangium....

392 2832 477 2878 est
529 2824 788 2895 plurium
842 2839 1132 2893 generum,
1165 2837 1338 2876 unum
1389 2821 1577 2875 simile
1635 2821 1906 2891 formicae,
1955 2817 2044 2872 sed

396 2913 574 2966 multo
605 2913 804 2983 majus,
838 2913 963 2982 rufo
1021 2911 1217 2981 capite.
1250 2909 1395 2964 Huic
1451 2913 1853 2979 comparatum
1887 2907 2044 2962 hunc

399 3002 606 3056 ducem
644 3018 676 3054 a
708 3001 1059 3070 Pacbymere
1104 2998 1727 3055 crediderim.Dixerat
1748 2997 1900 3052 enim
1936 3014 2041 3050 an-

403 3095 496 3145 tea
524 3097 581 3144 et
611 3088 741 3144 rufa
788 3105 921 3143 eum
980 3105 1150 3144 coma
1208 3087 1390 3143 fuisse
1449 3093 1507 3142 et
1561 3086 1720 3142 vultu
1771 3087 2037 3152 rubente,

1459 261 1522 313 P.
1563 259 1835 315 POSSINI
1871 258 2482 319 OBSERVATIONUM
2517 266 2655 320 LIB.
2696 267 2742 319 Ῑ.

3601 274 3705 330 1064

2074 398 2128 465 Α
2161 385 2535 444 immobilibus
2559 388 2996 458 possessionibus
3038 388 3391 459 subjectorum
3435 393 3527 463 ipsi
3563 412 3708 454 mona-

2153 477 2473 548 steriorum,
2506 478 2596 533 sed
2624 481 2789 534 etiam
2820 478 2876 532 in
2899 477 3224 534 dicecesibus
3277 483 3593 552 metropoleon
3618 486 3710 557 ipsa

2147 581 2294 635 rum,
2318 567 2413 620 ubi
2448 567 2708 624 videlecet
2733 569 2801 624 ab
2827 571 3012 640 aliquo
3045 567 3313 639 templum
3354 570 3616 640 zdiﬁcante
3637 579 3708 634 ad-

2145 656 2352 710 vocati:
2371 655 2569 726 fuerit.
2607 659 2684 712 Ex
2715 657 2808 712 his
2849 656 3046 712 licebit
3101 657 3413 728 intelligere
3467 680 3715 735 σταυροπῃ.

2146 742 2284 816 γίων
2317 747 2553 802 nomine
2585 746 2680 801 hic
2711 746 3055 818 significari,
3079 747 3172 818 jus
3200 765 3511 819 supremum
3530 755 3720 822 patriar.

2147 833 2268 888 cbas
2314 834 2369 889 in
2433 836 2712 892 ecclesias
2771 836 3196 908 patiarcbatus,
3258 837 3365 905 sui,
3422 855 3522 910 quo
3570 853 3721 912 posset

2145 923 2400 980 eximere
2432 939 2562 997 quas
2596 925 2723 981 loca
2752 941 2971 997 quasve
3004 942 3282 996 personas
3337 927 3488 983 vellet
3529 946 3556 984 a
3596 939 3718 1002 pote-

2144 1016 2294 1068 state
2324 1014 2584 1087 episcopi
2613 1016 2896 1086 cujusvis,
2955 1019 3012 1070 et
3069 1013 3223 1068 intra
3261 1014 3396 1069 ﬁnes
3449 1017 3713 1078 dioeceseon

2146 1118 2322 1157 suum
2358 1103 2494 1158 licet
2525 1104 2847 1159 antistitem
2881 1104 3223 1160 habentium
3258 1109 3407 1158 certa
3435 1106 3532 1160 sibi
3561 1125 3720 1165 mona-

2149 1193 2330 1247 steria
2359 1191 2444 1248 vel
2477 1192 2753 1249 ecclesias
2785 1193 3024 1262 valeret,
3069 1193 3320 1264 exipere,
3379 1194 3509 1250 citra
3557 1203 3718 1255 nutum

2148 1286 2252 1336 aut
2282 1298 2590 1338 assensum
2615 1283 2830 1354 proprii
2863 1282 3126 1338 locorum
3146 1280 3374 1337 illorum
3393 1286 3722 1358 metropolite.

2151 1372 2307 1426 Hanc
2339 1377 2533 1426 autem
2569 1377 2919 1443 potestatem
2952 1371 3181 1427 videtur
3210 1374 3517 1429 exercuisse
3543 1378 3727 1447 patriar-

2149 1460 2256 1515 cha
2281 1461 2648 1531 frequentius
2675 1463 2732 1516 in
2760 1461 2996 1535 prmdiis
3026 1467 3084 1517 et
3106 1462 3266 1534 agris
3289 1463 3394 1517 sibi
3413 1466 3725 1537 vectigalibus

2148 1557 2206 1607 et
2236 1553 2293 1606 in
2327 1552 2567 1624 templis
2597 1553 2667 1608 de
2699 1570 2844 1608 nevo
2876 1553 3106 1621 erectis,
3142 1570 3387 1624 quorum
3441 1547 3726 1620 fundator-es.

2150 1642 2218 1695 ad
2257 1641 2452 1714 operis
2493 1642 2947 1714 amplitudinem
3007 1648 3064 1698 et
3117 1643 3642 1701 commendationem
3688 1647 3729 1701 id

2153 1731 2262 1785 sati
2299 1731 2610 1802 pertinere,
2645 1731 2993 1787 affectabunt
3027 1736 3090 1786 ut
3123 1733 3222 1786 uni
3283 1730 3487 1804 ἀμέσως
3537 1735 3728 1804 patriar-

2153 1819 2270 1873 chae
2302 1819 2398 1874 illa
2430 1820 2881 1891 subjicerentur,
2941 1838 2974 1876 a
2995 1821 3406 1893 jurisdictione
3432 1824 3729 1893 propriorum

2155 1909 2263 1964 loci
2323 1910 2643 1981 praesulum
2699 1915 2991 1983 exempta.
3047 1912 3154 1976 Qui
3208 1928 3361 1981 vero,
3416 1928 3534 1967 cum
3584 1913 3727 1968 locum

2150 1998 2407 2070 aliquem
2439 1998 2496 2052 in
2531 1997 2721 2054 aliena
2742 1999 2976 2055 dimcesi
3009 2001 3213 2071 situm,
3236 2001 3474 2056 eximere
3498 2001 3561 2055 ab
3590 2011 3734 2062 aucto.

2149 2087 2316 2142 ritate
2347 2087 2629 2142 ordinarii
2661 2093 2719 2142 et
2747 2088 2862 2143 sibi
2890 2105 3186 2144 reservare
3221 2089 3536 2161 patriarcha
3584 2091 3730 2159 vellet,

2149 2177 2207 2231 id
2235 2175 2532 2232 declarare
2563 2177 2789 2233 solebat
2821 2179 2936 2232 ﬁxa
2963 2177 3045 2233 ibi
3096 2195 3270 2234 cruce
3327 2195 3453 2234 cum
3497 2185 3629 2235 certa
3668 2182 3732 2234 in-

2149 2265 2488 2336 scriptione,
2517 2268 2689 2337 cujus
2713 2267 3028 2322 formulam
3055 2268 3257 2323 videre
3280 2267 3413 2323 licet
3433 2270 3570 2339 apud
3589 2274 3732 2325 Meur-

2147 2353 2325 2424 sium,
2350 2354 2480 2410 ideo
2533 2355 2662 2425 ipsa
2718 2356 3010 2426 exemptio
3057 2362 3116 2411 et
3160 2357 3265 2427 jus
3321 2356 3452 2412 illus
3497 2376 3736 2432 σταυροπη-

2145 2441 2276 2518 γίων
2307 2445 2912 2517 νεὼοξίοᾱὶοαὺθὶυιι.
2947 2447 3007 2502 Id
3042 2446 3197 2502 clare
3257 2452 3409 2520 patet
3461 2466 3521 2503 ex
3565 2448 3654 2504 hoc
3694 2452 3733 2503 in

2149 2550 2264 2604 quo
2291 2550 2598 2590 versamur
2627 2533 2754 2590 loco
2788 2536 2971 2590 nostri
3004 2535 3294 2592 historici.
3330 2540 3382 2592 Is
3405 2535 3544 2592 enim
3574 2538 3733 2592 cumin

2148 2621 2317 2677 titulo
2351 2623 2561 2695 capitis
2585 2624 2942 2681 mentionem
2977 2626 3271 2696 potuisset
3319 2626 3545 2682 Novella:
3593 2627 3734 2698 impe~

2149 2712 2372 2766 ratoriae
2418 2714 2570 2767 circa
2636 2714 3028 2787 σταυρνπήγια,
3089 2714 3222 2784 ejus
3267 2714 3508 2770 Novella:
3556 2722 3732 2770 senten-

2149 2800 2292 2855 tiam
2325 2799 2381 2855 in
2415 2801 2543 2872 ipso
2575 2802 2764 2874 capite
2796 2803 2882 2857 sic
2921 2804 3094 2858 refert
3125 2819 3136 2858 :
3172 2799 3462 2876 Ηροϐαίνει
3491 2803 3630 2878 νεαρά
3664 2804 3735 2876 βα·

2146 2885 2354 2950 σίλειος
2387 2887 2512 2944 ἄλλ’
2545 2888 2675 2944 ἄττα
2705 2888 2936 2945 πλεῖστα
2993 2889 3350 2964 διοριζομενη
3399 2894 3484 2947 καὶ
3523 2895 3730 2946 τάττουσι

2145 2976 2234 3030 καὶ
2294 2978 2356 3031 τὸ
2412 2977 2476 3032 τὰ
2531 2976 2948 3049 ὁπουδηποτοῦν
3009 2983 3406 3057 πατριαρχικᾶ,
3465 2983 3554 3036 ὅσα
3581 2981 3623 3036 ἐν
3649 2980 3731 3055 χώ-

2149 3086 2266 3140 ραις
2318 3066 2406 3120 καὶ
2462 3073 2674 3140 μοναῖς,
2729 3069 2831 3123 ὑπὸ
2871 3068 3001 3131 τοὺς
3033 3069 3368 3132 ἐπισκόπους
3391 3072 3460 3125 ὧν
3486 3073 3535 3125 αἱ
3561 3069 3732 3140 ἐνοριαί,

2073 1783 2121 1848 Β

394 3179 610 3250 quippe
641 3195 886 3234 accenso
919 3177 1169 3232 naturali
1199 3178 1425 3232 ardore.
1461 3176 1624 3232 Unde
1654 3175 1930 3230 credibile
1961 3149 2039 3229 sit
2069 3149 2113 3216 (ἶ
2149 3154 2350 3250 Ἑελεῖνν
2385 3159 2605 3250 Prom“
2649 3163 3018 3250 τήιρεντιιονία
3072 3161 3304 3250 Novella
3357 3180 3461 3234 qua
3502 3179 3612 3218 cum
3651 3159 3734 3216 αίία

391 3268 478 3323 vel
510 3267 533 3337 ξ
564 3269 622 3323 in
658 3288 681 3328 ς
716 3269 969 3323 scienter
993 3272 1285 3322 mutatum
1313 3269 1383 3321 ab
1408 3267 1744 3338 antiquario
1787 3266 2038 3336 scripto-

387 3373 451 3414 re
477 3357 809 3429 exemplum
841 3357 970 3428 ejus
999 3356 1345 3412 mutationis
1379 3354 1594 3410 alicubi
1618 3356 1762 3409 forte
1789 3357 2037 3425 scripto-

387 3464 516 3502 rum
550 3453 811 3502 veterum
847 3444 1134 3513 nacto,vel
1166 3461 1360 3500 errore
1390 3445 1485 3500 hic
1515 3443 1738 3499 librarii
1773 3441 1882 3519 ῥώς
1931 3461 2036 3516 pro

389 3533 496 3610 ῥώξ
529 3536 808 3607 positum.

460 3621 741 3685 Σάλπακις
787 3643 842 3697 p.
875 3625 1005 3680 472.
1044 3624 1140 3679 Ait
1170 3622 1451 3696 Salpacin,
1486 3623 1642 3694 quod
1669 3626 1794 3678 erat
1823 3638 2034 3694 cogno-

389 3720 650 3771 mentum
719 3713 1057 3770 Mantachiaa
1117 3714 1428 3784 cujusdam
1508 3712 1673 3768 ducis
1750 3713 2037 3768 exercitus

386 3805 719 3872 Persarum,
754 3805 987 3860 Persica
1016 3803 1218 3875 lingua
1249 3803 1618 3876 signiﬁcasse
1647 3803 1876 3858 fortem.

459 3911 868 3986 Σταυροπτςγια.
906 3912 961 3968 L.
993 3929 1071 3978 γι,
1104 3911 1314 3966 titulus
1345 3916 1435 3966 est
1465 3910 1672 3981 capitis
1705 3911 1764 3965 ll
1799 3927 1812 3965 :
1845 3911 2034 3971 Ὅπως

387 3998 645 4074 βασιλικὴ
721 3998 881 4073 νεαρᾶ
931 3993 1219 4073 προϐαίνει
1275 3998 1361 4052 ἐπὶ
1421 4003 1537 4059 τοῖς
1595 3998 1988 4074 σταυροπηγίοι
2021 4043 2034 4054 .

377 4091 546 4160 Apud
580 4089 897 4144 Mathaaum
958 4090 1277 4144 Blastarem
1308 4089 1521 4144 tituius
1554 4094 1642 4144 est
1668 4105 1681 4142 :
1706 4088 1831 4143 ’Ὀτι
1883 4087 2036 4160 μόνῳ

377 4181 458 4248 τῷ
518 4177 831 4251 πατριάρχῃ
897 4172 1524 4236 Κωνσταντινουπόλεως
1603 4173 1809 4229 δίδοται
1886 4196 2036 4229 σταυ-

389 4267 636 4340 ροπήγια
664 4269 866 4320 παντοῦ
914 4263 1170 4337 πέμπειν.
1204 4268 1322 4322 Soli
1373 4265 1711 4337 patriarchae
1769 4265 2035 4320 Constan-

385 4357 684 4428 tinopoleos
737 4372 1049 4412 concessum
1123 4371 1237 4410 esse
1299 4357 1654 4425 slauropegia
1722 4370 2038 4425 quocunque

384 4448 620 4502 mittere.
683 4451 828 4501 Tum
888 4462 1009 4502 rem
1068 4445 1258 4516 ipsam
1318 4444 1402 4499 sic
1441 4444 1728 4516 explicat:
1763 4442 1929 4516 Μόνῳ
1957 4448 2036 4516 τῷ

385 4535 703 4611 πατριάρχῃ
813 4531 1453 4596 Κωνσταντινουπόλεως
1581 4531 1640 4587 ἐκ
1762 4533 2043 4602 συνηθείας

384 4627 490 4698 [Ρ.
551 4627 678 4696 415]
739 4623 943 4700 ἐφεῖται
1010 4626 1217 4695 μακρᾶς
1278 4619 1664 4698 σταυροπήγιά
1717 4642 1776 4677 τε
1833 4619 2041 4678 διδόναι

383 4712 473 4768 καὶ
523 4714 622 4782 τὴν
676 4713 942 4787 ἀναφορὰν
992 4711 1083 4766 καὶ
1139 4712 1365 4783 μνήμην
1418 4714 1517 4766 τοῦ
1556 4713 1824 4785 ὀνόματος
1876 4712 2042 4767 αὐτοῦ

385 4800 558 4878 ἔχειν,
609 4802 674 4856 οὐ
706 4802 867 4874 μόνον
917 4800 968 4856 ἰν
1003 4803 1086 4861 οἷς
1117 4801 1373 4870 κέκτηται
1420 4798 1580 4863 ἰδίοις
1616 4802 1845 4877 χωρίοις
1875 4803 2045 4856 ὁπου-

387 4891 595 4962 δήποτε
649 4892 919 4965 κειμένοις
993 4890 1082 4944 καὶ
1140 4895 1257 4954 τοῖς
1310 4890 1590 4962 ἀκινήτοις
1637 4895 1878 4964 κτήμασι
1931 4897 2039 4947 τῶν

389 4982 764 5054 ὑποκειμένων
818 4980 996 5053 τούτῳ
1051 4979 1455 5056 μοναστηρίων,
1506 4979 1652 5036 ἀλλὰ
1688 4982 1776 5036 καὶ
1823 4980 1872 5037 ἐν
1921 4988 2040 5044 ταῖς

388 5070 496 5124 τῶν
572 5069 972 5146 μητροπόλειυν
1035 5069 1214 5124 αὐτῶν
1276 5067 1531 5141 ἐνορίαις,
1596 5065 1718 5123 ἔνθα
1770 5069 1828 5124 ἂν
1897 5070 2043 5143 παρᾶ

382 5164 479 5215 τοῦ
543 5161 635 5213 τὸν
691 5161 823 5214 νεὼν
904 5159 1280 5234 ἀνεγείροντος
1341 5155 1557 5228 δηλαδή
1616 5157 2037 5233 προσκληθείη.

385 5251 505 5306 Soli
559 5253 899 5318 patriarchae
959 5249 1468 5319 Constantinopolis
1525 5249 1672 5303 601
1734 5266 1808 5304 ex
1875 5249 2041 5319 longa

385 5343 785 5398 consuetudine
812 5341 1162 5414 permittitur
1190 5338 1564 5409 stauropegia,
1599 5337 1717 5392 sive
1776 5339 2037 5395 crucium

386 5430 651 5499 fixiones,
680 5431 974 5488 concedere
1003 5439 1055 5485 et
1083 5429 1404 5483 relationem
1425 5442 1490 5480 ac
1520 5428 1842 5483 memoriam
1866 5433 2038 5486 nomi-

387 5524 476 5577 nis
505 5521 584 5577 ibi
614 5522 837 5587 habere,
869 5536 977 5576 non
1008 5519 1187 5574 solum
1218 5519 1274 5573 in
1307 5517 1534 5585 praediis
1562 5526 1658 5574 aut
1693 5521 1860 5575 terris
1913 5537 2041 5594 quae

385 5609 659 5680 peculiari
703 5610 837 5682 jure
891 5605 1146 5681 possidet,
1207 5605 1518 5679 ubicunque
1574 5607 1683 5664 sita
1721 5609 1852 5678 sint,
1882 5614 1936 5667 et
1976 5612 2039 5668 in

2146 3245 2582 3303 decernebantur
2609 3249 2883 3320 quaedam,
2914 3254 3032 3304 tum
3057 3249 3202 3305 illud
3234 3253 3290 3305 in
3311 3252 3517 3322 primis,
3557 3259 3605 3304 ut
3648 3263 3736 3320 qua

2146 3335 2458 3407 ubicunque
2489 3338 2749 3408 cujusque
2776 3338 2924 3393 modi
2948 3338 3164 3409 pra'dia
3187 3341 3274 3394 vel
3330 3339 3642 3396 monasteria
3661 3356 3736 3410 pa-

2146 3427 2390 3481 triarcha
2466 3427 2583 3496 iuri
2633 3431 2904 3483 reservata
2955 3438 3334 3496 censerentur,
3419 3447 3487 3486 ea
3545 3430 3736 3498 deinceps

2145 3515 2431 3586 episcopis,
2465 3532 2696 3587 quorum
2725 3518 2787 3570 in
2823 3519 3071 3588 propriis
3118 3520 3465 3575 ditecessibus
3490 3520 3576 3574 illa
3613 3525 3740 3573 essent

2144 3606 2252 3659 sita
2280 3606 2710 3675 subjicerentur.
2746 3607 2829 3660 lta
2860 3605 2994 3675 ille;
3030 3607 3254 3679 quibus
3277 3609 3463 3664 verbis
3497 3607 3632 3662 vides
3667 3606 3736 3659 de-

2145 3693 2350 3748 clarari
2385 3694 2526 3766 quid
2557 3693 2615 3749 in
2643 3693 2811 3750 titulo
2844 3712 2980 3751 voce
3031 3697 3453 3770 σταυροπηγίων
3496 3694 3733 3752 intellexe-

2147 3783 2240 3837 rit.
2269 3781 2444 3837 Plura
2475 3784 2545 3838 de
2577 3783 2670 3838 bis
2702 3801 2815 3840 non
2849 3785 3001 3852 dico,
3035 3787 3188 3856 quod
3217 3793 3277 3842 et
3308 3787 3580 3842 Meursius
3606 3784 3734 3839 verbo

2145 3871 2550 3944 σταυροπήγιον
2581 3877 2637 3927 et
2666 3879 2798 3944 post
2829 3872 2995 3928 illum
3029 3874 3117 3928 vir
3140 3877 3513 3946 pereruditus
3537 3871 3733 3930 Jacobus

2146 3962 2298 4017 Goar
2327 3962 2390 4017 Ο.
2427 3967 2488 4017 P.
2527 3979 2657 4034 pag.
2682 3965 2809 4027 612,
2843 3968 2899 4018 et
2927 3965 3036 4019 615
3066 3967 3157 4020 sui
3191 3967 3527 4039 Euchologii
3557 3964 3735 4035 cepisse

2147 4067 2212 4106 ac
2243 4051 2554 4122 diligenter
2585 4052 2694 4106 hoc
2725 4052 3074 4109 vocabulum
3106 4055 3461 4124 edisserant,
3516 4053 3658 4127 plane
3693 4051 3731 4103 in

2147 4141 2500 4196 sententiam
2539 4141 2726 4196 nostri
2761 4143 3152 4215 Pacbymeris.

2245 4264 2451 4339 Στύψις
2511 4264 2601 4319 καὶ
2656 4266 2976 4341 στυπτηρία,
3037 4287 3095 4341 p.
3155 4272 3283 4326 420.
3348 4271 3469 4328 Non
3547 4265 3733 4324 dubium

2147 4356 2287 4426 quin
2343 4361 2592 4427 utroque
2651 4355 2760 4412 hoc
2819 4357 3096 4414 vocabulo
3145 4358 3387 4416 alumen
3443 4359 3736 4429 designetur.

2150 4463 2314 4500 merx
2361 4446 2614 4517 expetita
2667 4447 2738 4501 ob
2799 4464 2972 4502 usum
3033 4448 3326 4505 celebrem
3387 4450 3444 4505 in
3495 4443 3732 4518 tingendis

2074 4523 2117 4587 D
2150 4534 2361 4605 pannis
2394 4534 2600 4600 laneis,
2632 4541 2694 4589 ut
2724 4536 2806 4590 ait
2837 4535 2929 4591 hic
2975 4537 3353 4610 Pachymeres
3414 4544 3609 4601 noster,
3655 4529 3738 4585 ἐπεὶ

2153 4620 2342 4696 πολλῇ
2397 4622 2505 4677 τινί
2551 4628 2795 4698 χρῶνται
2843 4627 3012 4699 ταύτῃ
3058 4625 3123 4679 τὰ
3173 4625 3224 4697 ἐξ
3275 4626 3436 4702 ἐρίων
3492 4627 3737 4704 ὑφάσματα.

2152 4717 2313 4781 Quod
2339 4714 2680 4770 distinctius
2705 4716 2931 4772 Plinius
2961 4734 3315 4789 exsequens,
3348 4721 3509 4774 docet
3532 4718 3565 4771 l.
3611 4728 3738 4773 xxxv,

2151 4823 2200 4862 c.
2236 4807 2321 4876 15,
2356 4822 2490 4860 cum
2524 4805 2644 4860 sint
2675 4805 2957 4862 aluminis
2990 4807 3216 4879 species
3249 4811 3406 4876 due,
3453 4805 3657 4863 candidi
3701 4805 3740 4855 et

2151 4895 2323 4968 nigri,
2358 4894 2689 4950 inficiendis
2713 4894 2870 4951 claro
2895 4895 3254 4953 colorelanis
3287 4899 3588 4953 candidum
3613 4891 3738 4963 liqui-

2152 4988 2414 5056 dumque
2446 4984 2829 5040 utilissimum
2889 5002 3038 5052 esse,
3107 4992 3428 5058 contraque
3481 4987 3623 5040 fusco
3669 4982 3740 5034 aut

2152 5076 2400 5132 obscuro
2435 5075 2564 5128 fuco
2598 5074 2804 5129 iisdem
2839 5074 3178 5132 imbuendis
3208 5077 3446 5148 nigrum
3471 5085 3738 5130 accommo-

2151 5166 2371 5219 datum.
2404 5166 2530 5217 Mox
2559 5161 2776 5218 ibidem
2810 5163 3037 5220 Plinius
3067 5165 3218 5221 602
3269 5163 3398 5220 loca
3451 5171 3736 5237 percenseas

2149 5254 2247 5308 ubi
2277 5253 2510 5308 alumen
2546 5252 2831 5324 provenit,
2866 5253 3115 5309 Pontum
3164 5259 3470 5322 memorat,
3512 5251 3645 5306 unde
3668 5246 3734 5300 hic

2149 5343 2356 5398 Noster
2385 5342 2563 5397 refert
2594 5342 2814 5398 solidos
2847 5343 2993 5398 illud
3041 5360 3144 5414 per
3173 5344 3465 5398 Euxinum
3493 5343 3737 5411 expertam

2146 5437 2501 5489 Genuenses.
2533 5432 2784 5488 Phocaeae
2815 5438 3012 5489 tamen
3049 5450 3162 5489 non
3197 5433 3487 5501 meminit,
3516 5430 3603 5487 ubi
3626 5425 3738 5482 fodi-

2147 5541 2254 5579 nas
2286 5522 2565 5578 aluminis
2615 5522 2783 5594 ponit
2837 5523 3236 5596 Pachymeres,
3287 5525 3476 5579 serius
3529 5516 3737 5575 videlicet

2148 5613 2404 5670 detectas
2436 5628 2542 5669 nec
2574 5610 2890 5684 Pliniijam
2914 5621 3042 5671 tum
3072 5617 3237 5671 etate
3269 5612 3539 5671 celebres.
