  <div class='ocr_page' id='page_1' title='image "/cluster/home/n/w/nwhite01/storage/ocr_20150623/143/hvd.32044073502585/538.png"; bbox 0 0 3978 6182; ppageno 0'>
   <div class='ocr_carea' id='block_1_1' title="bbox 224 244 365 299">
    <p class='ocr_par' dir='ltr' id='par_1_1' title="bbox 224 244 365 299">
     <span class='ocr_line' id='line_1_1' title="bbox 224 244 365 299; baseline 0.014 -1"><span class='ocrx_word' id='word_1_1' title='bbox 224 244 365 299; x_wconf 83' lang='grc'><strong>1065</strong></span> 
     </span>
    </p>
   </div>
   <div class='ocr_carea' id='block_1_2' title="bbox 1694 253 2171 312">
    <p class='ocr_par' dir='ltr' id='par_1_2' title="bbox 1694 253 2171 312">
     <span class='ocr_line' id='line_1_2' title="bbox 1694 253 2171 312; baseline 0.013 -5"><span class='ocrx_word' id='word_1_2' title='bbox 1694 253 2171 312; x_wconf 76' lang='lat' dir='ltr'><strong>GLOSSARIUM.</strong></span> 
     </span>
    </p>
   </div>
   <div class='ocr_carea' id='block_1_3' title="bbox 3502 273 3637 326">
    <p class='ocr_par' dir='ltr' id='par_1_3' title="bbox 3502 273 3637 326">
     <span class='ocr_line' id='line_1_3' title="bbox 3502 273 3637 326; baseline -0.015 0"><span class='ocrx_word' id='word_1_3' title='bbox 3502 273 3637 326; x_wconf 72' lang='lat'><strong>1066</strong></span> 
     </span>
    </p>
   </div>
   <div class='ocr_carea' id='block_1_4' title="bbox 333 378 1860 477">
    <p class='ocr_par' dir='ltr' id='par_1_4' title="bbox 333 378 1860 461">
     <span class='ocr_line' id='line_1_4' title="bbox 333 378 1860 461; baseline 0.008 -24"><span class='ocrx_word' id='word_1_4' title='bbox 333 378 604 457; x_wconf 76' lang='grc' dir='ltr'>Σύμϐολα</span> <span class='ocrx_word' id='word_1_5' title='bbox 663 382 985 440; x_wconf 73' lang='grc' dir='ltr'>δεσποτικοῦ</span> <span class='ocrx_word' id='word_1_6' title='bbox 1055 386 1306 456; x_wconf 82' lang='grc' dir='ltr'>θανάτου,</span> <span class='ocrx_word' id='word_1_7' title='bbox 1369 408 1425 461; x_wconf 90' lang='lat' dir='ltr'><strong>p.</strong></span> <span class='ocrx_word' id='word_1_8' title='bbox 1482 392 1607 446; x_wconf 84' lang='grc'><strong>350.</strong></span> <span class='ocrx_word' id='word_1_9' title='bbox 1695 393 1860 448; x_wconf 68' lang='grc' dir='ltr'><strong>Μαηί·</strong></span> 
     </span>
    </p>
   </div>
   <div class='ocr_carea' id='block_1_5' title="bbox 1976 378 3629 477">
    <p class='ocr_par' dir='ltr' id='par_1_5' title="bbox 1994 397 3629 477">
     <span class='ocr_line' id='line_1_5' title="bbox 1994 397 3629 477; baseline 0.012 -27"><span class='ocrx_word' id='word_1_10' title='bbox 1994 397 2205 452; x_wconf 86' lang='lat' dir='ltr'><strong>Joanni</strong></span> <span class='ocrx_word' id='word_1_11' title='bbox 2239 401 2394 455; x_wconf 89' lang='lat' dir='ltr'><strong>duci.</strong></span> <span class='ocrx_word' id='word_1_12' title='bbox 2434 402 2594 458; x_wconf 85' lang='lat' dir='ltr'><strong>Unde</strong></span> <span class='ocrx_word' id='word_1_13' title='bbox 2648 404 2998 477; x_wconf 79' lang='lat' dir='ltr'><strong>intelligitur</strong></span> <span class='ocrx_word' id='word_1_14' title='bbox 3051 410 3408 466; x_wconf 87' lang='lat' dir='ltr'><strong>additionem</strong></span> <span class='ocrx_word' id='word_1_15' title='bbox 3470 414 3629 470; x_wconf 86' lang='lat' dir='ltr'><strong>illam</strong></span> 
     </span>
    </p>
   </div>
   <div class='ocr_carea' id='block_1_6' title="bbox 222 476 1879 550">
    <p class='ocr_par' dir='ltr' id='par_1_6' title="bbox 222 476 1879 550">
     <span class='ocr_line' id='line_1_6' title="bbox 222 476 1879 550; baseline 0.004 -21"><span class='ocrx_word' id='word_1_16' title='bbox 222 477 372 531; x_wconf 82' lang='lat' dir='ltr'><strong>fests</strong></span> <span class='ocrx_word' id='word_1_17' title='bbox 404 476 463 529; x_wconf 91' lang='lat' dir='ltr'><strong>in</strong></span> <span class='ocrx_word' id='word_1_18' title='bbox 498 476 591 529; x_wconf 91' lang='lat' dir='ltr'><strong>his</strong></span> <span class='ocrx_word' id='word_1_19' title='bbox 625 493 793 530; x_wconf 85' lang='lat' dir='ltr'><strong>sacra</strong></span> <span class='ocrx_word' id='word_1_20' title='bbox 831 477 1194 532; x_wconf 79' lang='lat' dir='ltr'><strong>Eucharistia</strong></span> <span class='ocrx_word' id='word_1_21' title='bbox 1226 480 1575 550; x_wconf 80' lang='lat' dir='ltr'><strong>designatur</strong></span> <span class='ocrx_word' id='word_1_22' title='bbox 1606 481 1722 535; x_wconf 87' lang='lat' dir='ltr'><strong>illis</strong></span> <span class='ocrx_word' id='word_1_23' title='bbox 1752 500 1879 536; x_wconf 83' lang='lat' dir='ltr'><strong>ver-</strong></span> 
     </span>
    </p>
   </div>
   <div class='ocr_carea' id='block_1_7' title="bbox 218 556 1877 633">
    <p class='ocr_par' dir='ltr' id='par_1_7' title="bbox 218 556 1877 633">
     <span class='ocr_line' id='line_1_7' title="bbox 218 556 1877 633; baseline 0.005 -16"><span class='ocrx_word' id='word_1_24' title='bbox 218 564 311 618; x_wconf 85' lang='lat' dir='ltr'><strong>bis</strong></span> <span class='ocrx_word' id='word_1_25' title='bbox 345 608 357 619; x_wconf 95' lang='lat'><strong>.</strong></span> <span class='ocrx_word' id='word_1_26' title='bbox 394 556 664 633; x_wconf 64' lang='grc' dir='ltr'>Σύμϐολα</span> <span class='ocrx_word' id='word_1_27' title='bbox 698 568 1031 618; x_wconf 59' lang='lat' dir='ltr'><strong>Ascraeum?)</strong></span> <span class='ocrx_word' id='word_1_28' title='bbox 1094 564 1325 626; x_wconf 72' lang='grc' dir='ltr'>θχνάτου</span> <span class='ocrx_word' id='word_1_29' title='bbox 1382 568 1680 625; x_wconf 69' lang='lat' dir='ltr'><strong>dominica?</strong></span> <span class='ocrx_word' id='word_1_30' title='bbox 1735 588 1877 625; x_wconf 65' lang='lat' dir='ltr'><strong>mor»</strong></span> 
     </span>
    </p>
   </div>
   <div class='ocr_carea' id='block_1_8' title="bbox 220 653 1875 731">
    <p class='ocr_par' dir='ltr' id='par_1_8' title="bbox 220 653 1875 731">
     <span class='ocr_line' id='line_1_8' title="bbox 220 653 1875 731; baseline 0.004 -23"><span class='ocrx_word' id='word_1_31' title='bbox 220 656 289 708; x_wconf 80' lang='lat' dir='ltr'><strong>tis</strong></span> <span class='ocrx_word' id='word_1_32' title='bbox 319 654 590 724; x_wconf 77' lang='lat' dir='ltr'><strong>symbolo,</strong></span> <span class='ocrx_word' id='word_1_33' title='bbox 625 671 751 724; x_wconf 63' lang='lat' dir='ltr'><strong>qua:</strong></span> <span class='ocrx_word' id='word_1_34' title='bbox 783 655 984 708; x_wconf 88' lang='lat' dir='ltr'><strong>statim</strong></span> <span class='ocrx_word' id='word_1_35' title='bbox 1024 660 1154 727; x_wconf 90' lang='lat' dir='ltr'><strong>post</strong></span> <span class='ocrx_word' id='word_1_36' title='bbox 1188 655 1315 729; x_wconf 75' lang='grc' dir='ltr'>ἅγια</span> <span class='ocrx_word' id='word_1_37' title='bbox 1348 653 1495 730; x_wconf 67' lang='grc' dir='ltr'><strong>δῶρα</strong></span> <span class='ocrx_word' id='word_1_38' title='bbox 1555 667 1875 731; x_wconf 73' lang='lat' dir='ltr'><strong>nuncupat.</strong></span> 
     </span>
    </p>
   </div>
   <div class='ocr_carea' id='block_1_9' title="bbox 222 741 1878 816">
    <p class='ocr_par' dir='ltr' id='par_1_9' title="bbox 222 741 1878 816">
     <span class='ocr_line' id='line_1_9' title="bbox 222 741 1878 816; baseline 0.003 -20"><span class='ocrx_word' id='word_1_39' title='bbox 222 742 407 810; x_wconf 87' lang='lat' dir='ltr'><strong>Cujus</strong></span> <span class='ocrx_word' id='word_1_40' title='bbox 438 741 851 812; x_wconf 80' lang='lat' dir='ltr'><strong>appellationis</strong></span> <span class='ocrx_word' id='word_1_41' title='bbox 907 746 1191 797; x_wconf 88' lang='lat' dir='ltr'><strong>rationem</strong></span> <span class='ocrx_word' id='word_1_42' title='bbox 1253 761 1422 799; x_wconf 91' lang='lat' dir='ltr'><strong>nemo</strong></span> <span class='ocrx_word' id='word_1_43' title='bbox 1483 748 1759 816; x_wconf 82' lang='lat' dir='ltr'><strong>requiret,</strong></span> <span class='ocrx_word' id='word_1_44' title='bbox 1815 748 1878 816; x_wconf 89' lang='lat' dir='ltr'>[P</span> 
     </span>
    </p>
   </div>
   <div class='ocr_carea' id='block_1_10' title="bbox 224 830 1876 903">
    <p class='ocr_par' dir='ltr' id='par_1_10' title="bbox 224 830 1876 903">
     <span class='ocr_line' id='line_1_10' title="bbox 224 830 1876 903; baseline 0.003 -18"><span class='ocrx_word' id='word_1_45' title='bbox 224 832 352 901; x_wconf 76' lang='grc'><strong>416]</strong></span> <span class='ocrx_word' id='word_1_46' title='bbox 388 832 487 901; x_wconf 91' lang='lat' dir='ltr'><strong>qui</strong></span> <span class='ocrx_word' id='word_1_47' title='bbox 524 830 855 885; x_wconf 90' lang='lat' dir='ltr'><strong>meminerit</strong></span> <span class='ocrx_word' id='word_1_48' title='bbox 888 831 1036 885; x_wconf 92' lang='lat' dir='ltr'><strong>illud</strong></span> <span class='ocrx_word' id='word_1_49' title='bbox 1090 833 1346 902; x_wconf 82' lang='lat' dir='ltr'><strong>Apostoli</strong></span> <span class='ocrx_word' id='word_1_50' title='bbox 1406 834 1476 887; x_wconf 90' lang='lat' dir='ltr'><strong>ad</strong></span> <span class='ocrx_word' id='word_1_51' title='bbox 1512 835 1531 888; x_wconf 94' lang='grc' dir='ltr'>Ι</span> <span class='ocrx_word' id='word_1_52' title='bbox 1589 836 1876 903; x_wconf 88' lang='lat' dir='ltr'><strong>C0rinth.,</strong></span> 
     </span>
    </p>
   </div>
   <div class='ocr_carea' id='block_1_11' title="bbox 220 919 1878 991">
    <p class='ocr_par' dir='ltr' id='par_1_11' title="bbox 220 919 1878 991">
     <span class='ocr_line' id='line_1_11' title="bbox 220 919 1878 991; baseline 0.002 -18"><span class='ocrx_word' id='word_1_53' title='bbox 220 938 299 983; x_wconf 68' lang='grc' dir='ltr'><strong>χι,</strong></span> <span class='ocrx_word' id='word_1_54' title='bbox 329 921 401 973; x_wconf 81' lang='grc'><strong>26</strong></span> <span class='ocrx_word' id='word_1_55' title='bbox 435 937 447 974; x_wconf 92' lang='lat'>:</span> <span class='ocrx_word' id='word_1_56' title='bbox 486 919 926 989; x_wconf 74' lang='lat' dir='ltr'><strong>Quotiescunque</strong></span> <span class='ocrx_word' id='word_1_57' title='bbox 951 920 1356 975; x_wconf 66' lang='lat' dir='ltr'><strong>mundae/ibitis</strong></span> <span class='ocrx_word' id='word_1_58' title='bbox 1404 940 1604 991; x_wconf 83' lang='lat' dir='ltr'><strong>panem</strong></span> <span class='ocrx_word' id='word_1_59' title='bbox 1634 924 1781 979; x_wconf 86' lang='lat' dir='ltr'><strong>hunc</strong></span> <span class='ocrx_word' id='word_1_60' title='bbox 1829 928 1878 979; x_wconf 86' lang='lat' dir='ltr'><strong>et</strong></span> 
     </span>
    </p>
   </div>
   <div class='ocr_carea' id='block_1_12' title="bbox 220 1010 1877 1080">
    <p class='ocr_par' dir='ltr' id='par_1_12' title="bbox 220 1010 1877 1080">
     <span class='ocr_line' id='line_1_12' title="bbox 220 1010 1877 1080; baseline 0.003 -15"><span class='ocrx_word' id='word_1_61' title='bbox 220 1010 455 1065; x_wconf 74' lang='lat' dir='ltr'><strong>calirem</strong></span> <span class='ocrx_word' id='word_1_62' title='bbox 497 1010 713 1076; x_wconf 70' lang='lat' dir='ltr'><strong>bibatis,</strong></span> <span class='ocrx_word' id='word_1_63' title='bbox 739 1020 967 1065; x_wconf 81' lang='lat' dir='ltr'><strong>mortem</strong></span> <span class='ocrx_word' id='word_1_64' title='bbox 990 1012 1207 1065; x_wconf 82' lang='lat' dir='ltr'><strong>Domini</strong></span> <span class='ocrx_word' id='word_1_65' title='bbox 1229 1015 1662 1080; x_wconf 75' lang='lat' dir='ltr'><strong>mznuntiabilis,</strong></span> <span class='ocrx_word' id='word_1_66' title='bbox 1708 1016 1877 1070; x_wconf 84' lang='lat' dir='ltr'><strong>donec</strong></span> 
     </span>
    </p>
   </div>
   <div class='ocr_carea' id='block_1_13' title="bbox 220 1095 1875 1170">
    <p class='ocr_par' dir='ltr' id='par_1_13' title="bbox 220 1095 1875 1170">
     <span class='ocr_line' id='line_1_13' title="bbox 220 1095 1875 1170; baseline 0.004 -17"><span class='ocrx_word' id='word_1_67' title='bbox 220 1109 449 1154; x_wconf 70' lang='lat' dir='ltr'><strong>mental.</strong></span> <span class='ocrx_word' id='word_1_68' title='bbox 487 1099 676 1153; x_wconf 92' lang='lat' dir='ltr'><strong>Unum</strong></span> <span class='ocrx_word' id='word_1_69' title='bbox 714 1100 864 1153; x_wconf 85' lang='lat' dir='ltr'>addo</span> <span class='ocrx_word' id='word_1_70' title='bbox 896 1099 965 1152; x_wconf 86' lang='lat' dir='ltr'><strong>de</strong></span> <span class='ocrx_word' id='word_1_71' title='bbox 1014 1116 1144 1153; x_wconf 82' lang='lat' dir='ltr'><strong>voce</strong></span> <span class='ocrx_word' id='word_1_72' title='bbox 1178 1095 1493 1170; x_wconf 72' lang='grc' dir='ltr'>Σύμϐολον,</span> <span class='ocrx_word' id='word_1_73' title='bbox 1537 1120 1669 1157; x_wconf 90' lang='lat' dir='ltr'><strong>cum</strong></span> <span class='ocrx_word' id='word_1_74' title='bbox 1732 1104 1875 1159; x_wconf 88' lang='lat' dir='ltr'><strong>sim-</strong></span> 
     </span>
    </p>
   </div>
   <div class='ocr_carea' id='block_1_14' title="bbox 219 1188 1873 1263">
    <p class='ocr_par' dir='ltr' id='par_1_14' title="bbox 219 1188 1873 1263">
     <span class='ocr_line' id='line_1_14' title="bbox 219 1188 1873 1263; baseline 0.004 -22"><span class='ocrx_word' id='word_1_75' title='bbox 219 1190 450 1258; x_wconf 87' lang='lat' dir='ltr'><strong>pliciter</strong></span> <span class='ocrx_word' id='word_1_76' title='bbox 482 1189 697 1241; x_wconf 92' lang='lat' dir='ltr'><strong>dicitur</strong></span> <span class='ocrx_word' id='word_1_77' title='bbox 722 1204 1017 1242; x_wconf 91' lang='lat' dir='ltr'><strong>summam</strong></span> <span class='ocrx_word' id='word_1_78' title='bbox 1041 1188 1504 1244; x_wconf 86' lang='lat' dir='ltr'><strong>Christianorum</strong></span> <span class='ocrx_word' id='word_1_79' title='bbox 1531 1192 1873 1263; x_wconf 87' lang='lat' dir='ltr'><strong>dogmatum</strong></span> 
     </span>
    </p>
   </div>
   <div class='ocr_carea' id='block_1_15' title="bbox 221 1276 1873 1349">
    <p class='ocr_par' dir='ltr' id='par_1_15' title="bbox 221 1276 1873 1349">
     <span class='ocr_line' id='line_1_15' title="bbox 221 1276 1873 1349; baseline 0.002 -18"><span class='ocrx_word' id='word_1_80' title='bbox 221 1277 486 1331; x_wconf 90' lang='lat' dir='ltr'><strong>indicare</strong></span> <span class='ocrx_word' id='word_1_81' title='bbox 512 1277 663 1345; x_wconf 88' lang='lat' dir='ltr'><strong>apud</strong></span> <span class='ocrx_word' id='word_1_82' title='bbox 702 1276 859 1329; x_wconf 88' lang='lat' dir='ltr'><strong>hunc</strong></span> <span class='ocrx_word' id='word_1_83' title='bbox 892 1286 1155 1330; x_wconf 88' lang='lat' dir='ltr'><strong>nostrum</strong></span> <span class='ocrx_word' id='word_1_84' title='bbox 1203 1296 1457 1349; x_wconf 84' lang='lat' dir='ltr'><strong>quoque,</strong></span> <span class='ocrx_word' id='word_1_85' title='bbox 1519 1286 1581 1334; x_wconf 92' lang='lat' dir='ltr'><strong>ut</strong></span> <span class='ocrx_word' id='word_1_86' title='bbox 1639 1298 1771 1335; x_wconf 89' lang='lat' dir='ltr'><strong>cum</strong></span> <span class='ocrx_word' id='word_1_87' title='bbox 1825 1284 1873 1335; x_wconf 94' lang='lat' dir='ltr'><strong>is</strong></span> 
     </span>
    </p>
   </div>
   <div class='ocr_carea' id='block_1_16' title="bbox 220 1364 1871 1440">
    <p class='ocr_par' dir='ltr' id='par_1_16' title="bbox 220 1364 1871 1440">
     <span class='ocr_line' id='line_1_16' title="bbox 220 1364 1871 1440; baseline 0.004 -21"><span class='ocrx_word' id='word_1_88' title='bbox 220 1382 359 1420; x_wconf 84' lang='lat' dir='ltr'><strong>mox</strong></span> <span class='ocrx_word' id='word_1_89' title='bbox 392 1366 551 1418; x_wconf 81' lang='lat' dir='ltr'><strong>addit</strong></span> <span class='ocrx_word' id='word_1_90' title='bbox 585 1364 995 1419; x_wconf 88' lang='lat' dir='ltr'><strong>meribundum</strong></span> <span class='ocrx_word' id='word_1_91' title='bbox 1032 1366 1443 1436; x_wconf 81' lang='lat' dir='ltr'><strong>imperatorem</strong></span> <span class='ocrx_word' id='word_1_92' title='bbox 1476 1370 1534 1423; x_wconf 92' lang='lat' dir='ltr'><strong>in</strong></span> <span class='ocrx_word' id='word_1_93' title='bbox 1570 1370 1871 1440; x_wconf 85' lang='lat' dir='ltr'><strong>procinctu</strong></span> 
     </span>
    </p>
   </div>
   <div class='ocr_carea' id='block_1_17' title="bbox 216 1453 1873 1530">
    <p class='ocr_par' dir='ltr' id='par_1_17' title="bbox 216 1453 1873 1530">
     <span class='ocr_line' id='line_1_17' title="bbox 216 1453 1873 1530; baseline 0.003 -22"><span class='ocrx_word' id='word_1_94' title='bbox 216 1455 371 1508; x_wconf 81' lang='lat' dir='ltr'><strong>sacri</strong></span> <span class='ocrx_word' id='word_1_95' title='bbox 402 1454 748 1524; x_wconf 64' lang='lat' dir='ltr'><strong>{accipiendi</strong></span> <span class='ocrx_word' id='word_1_96' title='bbox 805 1453 996 1508; x_wconf 79' lang='lat' dir='ltr'><strong>viatici</strong></span> <span class='ocrx_word' id='word_1_97' title='bbox 1055 1454 1116 1505; x_wconf 84' lang='grc' dir='ltr'><strong>τὸ</strong></span> <span class='ocrx_word' id='word_1_98' title='bbox 1178 1453 1329 1527; x_wconf 78' lang='grc' dir='ltr'>ἅγιον</span> <span class='ocrx_word' id='word_1_99' title='bbox 1373 1453 1622 1525; x_wconf 68' lang='grc' dir='ltr'>διεξιέναι</span> <span class='ocrx_word' id='word_1_100' title='bbox 1653 1455 1873 1530; x_wconf 75' lang='grc' dir='ltr'><strong>Σάμϐο-</strong></span> 
     </span>
    </p>
   </div>
   <div class='ocr_carea' id='block_1_18' title="bbox 215 1541 1872 1614">
    <p class='ocr_par' dir='ltr' id='par_1_18' title="bbox 215 1541 1872 1614">
     <span class='ocr_line' id='line_1_18' title="bbox 215 1541 1872 1614; baseline 0.006 -18"><span class='ocrx_word' id='word_1_101' title='bbox 215 1541 340 1609; x_wconf 82' lang='grc' dir='ltr'>λον,</span> <span class='ocrx_word' id='word_1_102' title='bbox 397 1543 742 1614; x_wconf 84' lang='lat' dir='ltr'><strong>Symbolum</strong></span> <span class='ocrx_word' id='word_1_103' title='bbox 801 1542 1070 1595; x_wconf 83' lang='lat' dir='ltr'><strong>videlicet</strong></span> <span class='ocrx_word' id='word_1_104' title='bbox 1126 1546 1508 1614; x_wconf 85' lang='lat' dir='ltr'><strong>apostolicum</strong></span> <span class='ocrx_word' id='word_1_105' title='bbox 1567 1547 1697 1603; x_wconf 79' lang='lat' dir='ltr'><strong>fidei</strong></span> <span class='ocrx_word' id='word_1_106' title='bbox 1751 1568 1872 1605; x_wconf 66' lang='lat' dir='ltr'><strong>sua:</strong></span> 
     </span>
    </p>
   </div>
   <div class='ocr_carea' id='block_1_19' title="bbox 214 1630 1869 1705">
    <p class='ocr_par' dir='ltr' id='par_1_19' title="bbox 214 1630 1869 1705">
     <span class='ocr_line' id='line_1_19' title="bbox 214 1630 1869 1705; baseline 0.006 -21"><span class='ocrx_word' id='word_1_107' title='bbox 214 1631 555 1702; x_wconf 59' lang='lat' dir='ltr'><strong>proﬁtendae</strong></span> <span class='ocrx_word' id='word_1_108' title='bbox 581 1633 879 1685; x_wconf 89' lang='lat' dir='ltr'><strong>recitasse.</strong></span> <span class='ocrx_word' id='word_1_109' title='bbox 909 1630 1059 1684; x_wconf 85' lang='lat' dir='ltr'><strong>Alibi</strong></span> <span class='ocrx_word' id='word_1_110' title='bbox 1109 1648 1259 1702; x_wconf 67' lang='lat' dir='ltr'><strong>saepe</strong></span> <span class='ocrx_word' id='word_1_111' title='bbox 1318 1634 1373 1687; x_wconf 93' lang='lat' dir='ltr'><strong>in</strong></span> <span class='ocrx_word' id='word_1_112' title='bbox 1436 1635 1541 1689; x_wconf 89' lang='lat' dir='ltr'><strong>hac</strong></span> <span class='ocrx_word' id='word_1_113' title='bbox 1601 1636 1869 1705; x_wconf 83' lang='lat' dir='ltr'><strong>historia,</strong></span> 
     </span>
    </p>
   </div>
   <div class='ocr_carea' id='block_1_20' title="bbox 213 1720 2848 1821">
    <p class='ocr_par' dir='ltr' id='par_1_20' title="bbox 213 1720 2848 1821">
     <span class='ocr_line' id='line_1_20' title="bbox 213 1720 2848 1821; baseline 0.005 -46"><span class='ocrx_word' id='word_1_114' title='bbox 213 1720 563 1791; x_wconf 75' lang='lat' dir='ltr'><strong>Symbolum</strong></span> <span class='ocrx_word' id='word_1_115' title='bbox 592 1721 888 1774; x_wconf 71' lang='lat' dir='ltr'><strong>Niczenum</strong></span> <span class='ocrx_word' id='word_1_116' title='bbox 926 1721 1191 1776; x_wconf 88' lang='lat' dir='ltr'><strong>absolute</strong></span> <span class='ocrx_word' id='word_1_117' title='bbox 1220 1724 1556 1793; x_wconf 84' lang='lat' dir='ltr'><strong>Symbolum</strong></span> <span class='ocrx_word' id='word_1_118' title='bbox 1592 1730 1872 1790; x_wconf 80' lang='lat' dir='ltr'><strong>nominat,</strong></span> <span class='ocrx_word' id='word_1_119' title='bbox 1906 1737 1951 1800; x_wconf 86' lang='grc' dir='ltr'><strong>Β</strong></span> <span class='ocrx_word' id='word_1_120' title='bbox 1983 1720 2133 1805; x_wconf 60' lang='grc' dir='ltr'><strong>ΒῙίυε</strong></span> <span class='ocrx_word' id='word_1_121' title='bbox 2165 1767 2194 1805; x_wconf 70' lang='grc' dir='ltr'><strong>ρ</strong></span> <span class='ocrx_word' id='word_1_122' title='bbox 2224 1720 2517 1808; x_wconf 53' lang='grc' dir='ltr'>οιθειξηῂίε</span> <span class='ocrx_word' id='word_1_123' title='bbox 2550 1720 2768 1821; x_wconf 38' lang='lat' dir='ltr'><strong>schola,</strong></span> <span class='ocrx_word' id='word_1_124' title='bbox 2808 1720 2848 1810; x_wconf 48' lang='grc' dir='ltr'>ξι</span> 
     </span>
    </p>
   </div>
   <div class='ocr_carea' id='block_1_21' title="bbox 218 1807 1870 1884">
    <p class='ocr_par' dir='ltr' id='par_1_21' title="bbox 218 1807 1870 1884">
     <span class='ocr_line' id='line_1_21' title="bbox 218 1807 1870 1884; baseline 0.005 -21"><span class='ocrx_word' id='word_1_125' title='bbox 218 1808 670 1879; x_wconf 89' lang='lat' dir='ltr'><strong>Intelligebatur</strong></span> <span class='ocrx_word' id='word_1_126' title='bbox 698 1807 852 1862; x_wconf 87' lang='lat' dir='ltr'><strong>enim</strong></span> <span class='ocrx_word' id='word_1_127' title='bbox 886 1810 957 1862; x_wconf 91' lang='lat' dir='ltr'><strong>de</strong></span> <span class='ocrx_word' id='word_1_128' title='bbox 1009 1825 1125 1879; x_wconf 92' lang='lat' dir='ltr'><strong>quo</strong></span> <span class='ocrx_word' id='word_1_129' title='bbox 1184 1810 1420 1879; x_wconf 87' lang='lat' dir='ltr'><strong>diceret,</strong></span> <span class='ocrx_word' id='word_1_130' title='bbox 1482 1830 1550 1866; x_wconf 82' lang='lat' dir='ltr'><strong>ex</strong></span> <span class='ocrx_word' id='word_1_131' title='bbox 1607 1817 1870 1884; x_wconf 87' lang='lat' dir='ltr'><strong>subjecta</strong></span> 
     </span>
    </p>
   </div>
   <div class='ocr_carea' id='block_1_22' title="bbox 217 1899 1870 1963">
    <p class='ocr_par' dir='ltr' id='par_1_22' title="bbox 217 1899 1870 1963">
     <span class='ocr_line' id='line_1_22' title="bbox 217 1899 1870 1963; baseline 0.006 -12"><span class='ocrx_word' id='word_1_132' title='bbox 217 1899 489 1963; x_wconf 82' lang='lat' dir='ltr'><strong>materia,</strong></span> <span class='ocrx_word' id='word_1_133' title='bbox 523 1914 654 1951; x_wconf 91' lang='lat' dir='ltr'><strong>cum</strong></span> <span class='ocrx_word' id='word_1_134' title='bbox 683 1902 1031 1951; x_wconf 84' lang='lat' dir='ltr'><strong>tractaretur</strong></span> <span class='ocrx_word' id='word_1_135' title='bbox 1059 1900 1451 1955; x_wconf 79' lang='lat' dir='ltr'><strong>controversia</strong></span> <span class='ocrx_word' id='word_1_136' title='bbox 1479 1902 1547 1956; x_wconf 91' lang='lat' dir='ltr'><strong>de</strong></span> <span class='ocrx_word' id='word_1_137' title='bbox 1572 1905 1870 1961; x_wconf 89' lang='lat' dir='ltr'><strong>additione</strong></span> 
     </span>
    </p>
   </div>
   <div class='ocr_carea' id='block_1_23' title="bbox 212 1986 1867 2063">
    <p class='ocr_par' dir='ltr' id='par_1_23' title="bbox 212 1986 1867 2063">
     <span class='ocr_line' id='line_1_23' title="bbox 212 1986 1867 2063; baseline 0.005 -22"><span class='ocrx_word' id='word_1_138' title='bbox 212 1989 469 2057; x_wconf 68' lang='lat' dir='ltr'><strong>Filioque</strong></span> <span class='ocrx_word' id='word_1_139' title='bbox 496 1986 765 2059; x_wconf 70' lang='lat' dir='ltr'><strong>Symbolo</strong></span> <span class='ocrx_word' id='word_1_140' title='bbox 793 1986 1041 2050; x_wconf 62' lang='lat' dir='ltr'><strong>Niczeno,</strong></span> <span class='ocrx_word' id='word_1_141' title='bbox 1067 1988 1151 2042; x_wconf 85' lang='lat' dir='ltr'><strong>vel</strong></span> <span class='ocrx_word' id='word_1_142' title='bbox 1186 1989 1234 2042; x_wconf 91' lang='lat' dir='ltr'><strong>si</strong></span> <span class='ocrx_word' id='word_1_143' title='bbox 1258 1990 1516 2045; x_wconf 83' lang='lat' dir='ltr'><strong>exactius</strong></span> <span class='ocrx_word' id='word_1_144' title='bbox 1548 1991 1867 2063; x_wconf 88' lang='lat' dir='ltr'><strong>loquimur,</strong></span> 
     </span>
    </p>
   </div>
   <div class='ocr_carea' id='block_1_24' title="bbox 209 2078 1866 2158">
    <p class='ocr_par' dir='ltr' id='par_1_24' title="bbox 209 2078 1866 2158">
     <span class='ocr_line' id='line_1_24' title="bbox 209 2078 1866 2158; baseline 0.003 -24"><span class='ocrx_word' id='word_1_145' title='bbox 209 2078 886 2148; x_wconf 77' lang='lat' dir='ltr'><strong>Constantinopolitano,</strong></span> <span class='ocrx_word' id='word_1_146' title='bbox 924 2098 955 2132; x_wconf 89' lang='lat' dir='ltr'><strong>a</strong></span> <span class='ocrx_word' id='word_1_147' title='bbox 987 2079 1211 2133; x_wconf 84' lang='lat' dir='ltr'><strong>Latinis</strong></span> <span class='ocrx_word' id='word_1_148' title='bbox 1246 2080 1486 2138; x_wconf 88' lang='lat' dir='ltr'><strong>inserta.</strong></span> <span class='ocrx_word' id='word_1_149' title='bbox 1538 2084 1680 2139; x_wconf 91' lang='lat' dir='ltr'><strong>Vide</strong></span> <span class='ocrx_word' id='word_1_150' title='bbox 1741 2103 1866 2158; x_wconf 64' lang='lat' dir='ltr'><strong>qua:</strong></span> 
     </span>
    </p>
   </div>
   <div class='ocr_carea' id='block_1_25' title="bbox 206 2167 940 2235">
    <p class='ocr_par' dir='ltr' id='par_1_25' title="bbox 206 2167 940 2235">
     <span class='ocr_line' id='line_1_25' title="bbox 206 2167 940 2235; baseline -0.001 -14"><span class='ocrx_word' id='word_1_151' title='bbox 206 2172 567 2222; x_wconf 78' lang='lat' dir='ltr'><strong>annotamus</strong></span> <span class='ocrx_word' id='word_1_152' title='bbox 600 2168 667 2222; x_wconf 79' lang='lat' dir='ltr'><strong>ad</strong></span> <span class='ocrx_word' id='word_1_153' title='bbox 697 2167 732 2220; x_wconf 94' lang='lat' dir='ltr'><strong>l.</strong></span> <span class='ocrx_word' id='word_1_154' title='bbox 766 2183 821 2235; x_wconf 82' lang='grc' dir='ltr'>ν,</span> <span class='ocrx_word' id='word_1_155' title='bbox 857 2169 940 2220; x_wconf 87' lang='grc'>11.</span> 
     </span>
    </p>
   </div>
   <div class='ocr_carea' id='block_1_26' title="bbox 286 2262 1863 2337">
    <p class='ocr_par' dir='ltr' id='par_1_26' title="bbox 286 2262 1863 2337">
     <span class='ocr_line' id='line_1_26' title="bbox 286 2262 1863 2337; baseline 0.007 -21"><span class='ocrx_word' id='word_1_156' title='bbox 286 2264 607 2337; x_wconf 75' lang='grc' dir='ltr'><strong>Συγχωρὲω</strong></span> <span class='ocrx_word' id='word_1_157' title='bbox 636 2262 725 2315; x_wconf 70' lang='grc' dir='ltr'>καὶ</span> <span class='ocrx_word' id='word_1_158' title='bbox 758 2262 1137 2337; x_wconf 76' lang='grc' dir='ltr'><strong>συγχώρησις,</strong></span> <span class='ocrx_word' id='word_1_159' title='bbox 1174 2283 1228 2336; x_wconf 88' lang='lat' dir='ltr'><strong>p.</strong></span> <span class='ocrx_word' id='word_1_160' title='bbox 1278 2268 1402 2321; x_wconf 85' lang='lat'><strong>385.</strong></span> <span class='ocrx_word' id='word_1_161' title='bbox 1438 2274 1551 2323; x_wconf 85' lang='lat' dir='ltr'><strong>Aut</strong></span> <span class='ocrx_word' id='word_1_162' title='bbox 1602 2272 1863 2327; x_wconf 89' lang='lat' dir='ltr'><strong>oblatum</strong></span> 
     </span>
    </p>
   </div>
   <div class='ocr_carea' id='block_1_27' title="bbox 208 2355 1865 2427">
    <p class='ocr_par' dir='ltr' id='par_1_27' title="bbox 208 2355 1865 2427">
     <span class='ocr_line' id='line_1_27' title="bbox 208 2355 1865 2427; baseline 0.005 -18"><span class='ocrx_word' id='word_1_163' title='bbox 208 2358 284 2410; x_wconf 89' lang='lat' dir='ltr'><strong>ab</strong></span> <span class='ocrx_word' id='word_1_164' title='bbox 320 2356 673 2427; x_wconf 84' lang='lat' dir='ltr'><strong>imperatore</strong></span> <span class='ocrx_word' id='word_1_165' title='bbox 706 2370 871 2407; x_wconf 88' lang='lat' dir='ltr'><strong>sacro</strong></span> <span class='ocrx_word' id='word_1_166' title='bbox 905 2355 1121 2423; x_wconf 91' lang='lat' dir='ltr'><strong>templo</strong></span> <span class='ocrx_word' id='word_1_167' title='bbox 1147 2356 1640 2425; x_wconf 85' lang='lat' dir='ltr'><strong>pretiosissimum</strong></span> <span class='ocrx_word' id='word_1_168' title='bbox 1666 2360 1865 2417; x_wconf 84' lang='lat' dir='ltr'><strong>altaris</strong></span> 
     </span>
    </p>
   </div>
   <div class='ocr_carea' id='block_1_28' title="bbox 207 2442 1865 2511">
    <p class='ocr_par' dir='ltr' id='par_1_28' title="bbox 207 2442 1865 2511">
     <span class='ocr_line' id='line_1_28' title="bbox 207 2442 1865 2511; baseline 0.002 -14"><span class='ocrx_word' id='word_1_169' title='bbox 207 2444 431 2509; x_wconf 82' lang='lat' dir='ltr'><strong>velum,</strong></span> <span class='ocrx_word' id='word_1_170' title='bbox 467 2460 599 2497; x_wconf 90' lang='lat' dir='ltr'><strong>cum</strong></span> <span class='ocrx_word' id='word_1_171' title='bbox 639 2442 1040 2497; x_wconf 86' lang='lat' dir='ltr'><strong>absolveretur</strong></span> <span class='ocrx_word' id='word_1_172' title='bbox 1096 2444 1168 2497; x_wconf 90' lang='lat' dir='ltr'><strong>ab</strong></span> <span class='ocrx_word' id='word_1_173' title='bbox 1242 2446 1865 2511; x_wconf 82' lang='lat' dir='ltr'><strong>excommunicatione,</strong></span> 
     </span>
    </p>
   </div>
   <div class='ocr_carea' id='block_1_29' title="bbox 204 2532 1863 2603">
    <p class='ocr_par' dir='ltr' id='par_1_29' title="bbox 204 2532 1863 2603">
     <span class='ocr_line' id='line_1_29' title="bbox 204 2532 1863 2603; baseline 0.002 -17"><span class='ocrx_word' id='word_1_174' title='bbox 204 2535 461 2603; x_wconf 84' lang='lat' dir='ltr'><strong>dignum</strong></span> <span class='ocrx_word' id='word_1_175' title='bbox 497 2550 557 2587; x_wconf 84' lang='lat' dir='ltr'><strong>se</strong></span> <span class='ocrx_word' id='word_1_176' title='bbox 591 2551 655 2588; x_wconf 92' lang='lat' dir='ltr'><strong>ac</strong></span> <span class='ocrx_word' id='word_1_177' title='bbox 690 2532 789 2587; x_wconf 90' lang='lat' dir='ltr'><strong>tali</strong></span> <span class='ocrx_word' id='word_1_178' title='bbox 816 2533 1206 2603; x_wconf 83' lang='lat' dir='ltr'><strong>gratulatione</strong></span> <span class='ocrx_word' id='word_1_179' title='bbox 1239 2535 1481 2588; x_wconf 85' lang='lat' dir='ltr'><strong>donum.</strong></span> <span class='ocrx_word' id='word_1_180' title='bbox 1518 2534 1586 2588; x_wconf 88' lang='lat' dir='ltr'><strong>Ut</strong></span> <span class='ocrx_word' id='word_1_181' title='bbox 1620 2535 1730 2601; x_wconf 87' lang='lat' dir='ltr'><strong>hic,</strong></span> <span class='ocrx_word' id='word_1_182' title='bbox 1782 2537 1863 2591; x_wconf 83' lang='lat' dir='ltr'><strong>sic</strong></span> 
     </span>
    </p>
   </div>
   <div class='ocr_carea' id='block_1_30' title="bbox 204 2622 1860 2694">
    <p class='ocr_par' dir='ltr' id='par_1_30' title="bbox 204 2622 1860 2694">
     <span class='ocr_line' id='line_1_30' title="bbox 204 2622 1860 2694; baseline 0.001 -19"><span class='ocrx_word' id='word_1_183' title='bbox 204 2628 264 2675; x_wconf 85' lang='lat' dir='ltr'><strong>et</strong></span> <span class='ocrx_word' id='word_1_184' title='bbox 300 2622 439 2676; x_wconf 83' lang='lat' dir='ltr'><strong>alibi</strong></span> <span class='ocrx_word' id='word_1_185' title='bbox 478 2623 713 2676; x_wconf 81' lang='lat' dir='ltr'><strong>verbum</strong></span> <span class='ocrx_word' id='word_1_186' title='bbox 746 2638 1053 2694; x_wconf 55' lang='lat' dir='ltr'><strong>aoyxwpelv</strong></span> <span class='ocrx_word' id='word_1_187' title='bbox 1090 2623 1145 2675; x_wconf 89' lang='lat' dir='ltr'><strong>in</strong></span> <span class='ocrx_word' id='word_1_188' title='bbox 1180 2622 1289 2676; x_wconf 90' lang='lat' dir='ltr'><strong>ista</strong></span> <span class='ocrx_word' id='word_1_189' title='bbox 1324 2624 1555 2677; x_wconf 90' lang='lat' dir='ltr'><strong>notione</strong></span> <span class='ocrx_word' id='word_1_190' title='bbox 1587 2625 1860 2678; x_wconf 89' lang='lat' dir='ltr'><strong>sumitur.</strong></span> 
     </span>
    </p>
   </div>
   <div class='ocr_carea' id='block_1_31' title="bbox 206 2709 1864 2784">
    <p class='ocr_par' dir='ltr' id='par_1_31' title="bbox 206 2709 1864 2784">
     <span class='ocr_line' id='line_1_31' title="bbox 206 2709 1864 2784; baseline 0.003 -20"><span class='ocrx_word' id='word_1_191' title='bbox 206 2712 305 2767; x_wconf 89' lang='lat' dir='ltr'><strong>Uti</strong></span> <span class='ocrx_word' id='word_1_192' title='bbox 344 2717 401 2765; x_wconf 89' lang='lat' dir='ltr'><strong>et</strong></span> <span class='ocrx_word' id='word_1_193' title='bbox 434 2709 789 2782; x_wconf 65' lang='grc' dir='ltr'>συγχώρησις</span> <span class='ocrx_word' id='word_1_194' title='bbox 822 2728 924 2780; x_wconf 90' lang='lat' dir='ltr'><strong>pro</strong></span> <span class='ocrx_word' id='word_1_195' title='bbox 972 2710 1099 2779; x_wconf 89' lang='lat' dir='ltr'><strong>ipsa</strong></span> <span class='ocrx_word' id='word_1_196' title='bbox 1157 2711 1520 2766; x_wconf 71' lang='lat' dir='ltr'><strong>absolutione</strong></span> <span class='ocrx_word' id='word_1_197' title='bbox 1570 2712 1677 2768; x_wconf 91' lang='lat' dir='ltr'><strong>hoc</strong></span> <span class='ocrx_word' id='word_1_198' title='bbox 1736 2714 1864 2784; x_wconf 90' lang='lat' dir='ltr'><strong>ipso</strong></span> 
     </span>
    </p>
   </div>
   <div class='ocr_carea' id='block_1_32' title="bbox 203 2796 1867 2871">
    <p class='ocr_par' dir='ltr' id='par_1_32' title="bbox 203 2796 1867 2871">
     <span class='ocr_line' id='line_1_32' title="bbox 203 2796 1867 2871; baseline 0.002 -20"><span class='ocrx_word' id='word_1_199' title='bbox 203 2799 404 2870; x_wconf 86' lang='lat' dir='ltr'><strong>capite</strong></span> <span class='ocrx_word' id='word_1_200' title='bbox 438 2814 449 2852; x_wconf 96' lang='lat'>:</span> <span class='ocrx_word' id='word_1_201' title='bbox 486 2798 765 2870; x_wconf 78' lang='grc' dir='ltr'>ἀντειχετο</span> <span class='ocrx_word' id='word_1_202' title='bbox 797 2796 870 2857; x_wconf 83' lang='grc' dir='ltr'><strong>ὡς</strong></span> <span class='ocrx_word' id='word_1_203' title='bbox 908 2796 1074 2857; x_wconf 76' lang='grc' dir='ltr'>λεπὰς</span> <span class='ocrx_word' id='word_1_204' title='bbox 1132 2796 1335 2850; x_wconf 77' lang='grc' dir='ltr'>ἐκείνου</span> <span class='ocrx_word' id='word_1_205' title='bbox 1374 2800 1631 2870; x_wconf 86' lang='lat' dir='ltr'><strong>(Josephi</strong></span> <span class='ocrx_word' id='word_1_206' title='bbox 1692 2801 1867 2871; x_wconf 89' lang='lat' dir='ltr'><strong>patri-</strong></span> 
     </span>
    </p>
   </div>
   <div class='ocr_carea' id='block_1_33' title="bbox 202 2887 1858 2958">
    <p class='ocr_par' dir='ltr' id='par_1_33' title="bbox 202 2887 1858 2958">
     <span class='ocr_line' id='line_1_33' title="bbox 202 2887 1858 2958; baseline 0.002 -16"><span class='ocrx_word' id='word_1_207' title='bbox 202 2890 398 2942; x_wconf 74' lang='lat' dir='ltr'><strong>archa:</strong></span> <span class='ocrx_word' id='word_1_208' title='bbox 431 2888 586 2951; x_wconf 88' lang='lat' dir='ltr'><strong>novi,</strong></span> <span class='ocrx_word' id='word_1_209' title='bbox 618 2887 718 2958; x_wconf 88' lang='lat' dir='ltr'><strong>qui</strong></span> <span class='ocrx_word' id='word_1_210' title='bbox 752 2904 883 2941; x_wconf 89' lang='lat' dir='ltr'><strong>eum</strong></span> <span class='ocrx_word' id='word_1_211' title='bbox 918 2888 988 2941; x_wconf 89' lang='lat' dir='ltr'><strong>ab</strong></span> <span class='ocrx_word' id='word_1_212' title='bbox 1020 2890 1613 2945; x_wconf 78' lang='lat' dir='ltr'><strong>excommunicatione</strong></span> <span class='ocrx_word' id='word_1_213' title='bbox 1673 2891 1858 2945; x_wconf 81' lang='lat' dir='ltr'><strong>solve-</strong></span> 
     </span>
    </p>
   </div>
   <div class='ocr_carea' id='block_1_34' title="bbox 208 2972 1863 3050">
    <p class='ocr_par' dir='ltr' id='par_1_34' title="bbox 208 2972 1863 3050">
     <span class='ocr_line' id='line_1_34' title="bbox 208 2972 1863 3050; baseline 0.002 -19"><span class='ocrx_word' id='word_1_214' title='bbox 208 2979 333 3047; x_wconf 78' lang='lat' dir='ltr'><strong>rat)</strong></span> <span class='ocrx_word' id='word_1_215' title='bbox 366 2972 455 3028; x_wconf 77' lang='grc' dir='ltr'><strong>διά</strong></span> <span class='ocrx_word' id='word_1_216' title='bbox 508 2995 567 3028; x_wconf 85' lang='grc' dir='ltr'>τε</span> <span class='ocrx_word' id='word_1_217' title='bbox 624 2975 723 3042; x_wconf 78' lang='grc' dir='ltr'><strong>τὴν</strong></span> <span class='ocrx_word' id='word_1_218' title='bbox 787 2974 877 3028; x_wconf 81' lang='grc' dir='ltr'><strong>ἀπ’</strong></span> <span class='ocrx_word' id='word_1_219' title='bbox 923 2974 1130 3029; x_wconf 79' lang='grc' dir='ltr'>ἐκείνου</span> <span class='ocrx_word' id='word_1_220' title='bbox 1189 2977 1564 3050; x_wconf 78' lang='grc' dir='ltr'><strong>συγχώρησιν,</strong></span> <span class='ocrx_word' id='word_1_221' title='bbox 1628 2986 1863 3049; x_wconf 76' lang='lat' dir='ltr'><strong>prOpter</strong></span> 
     </span>
    </p>
   </div>
   <div class='ocr_carea' id='block_1_35' title="bbox 1988 488 3632 570">
    <p class='ocr_par' dir='ltr' id='par_1_35' title="bbox 1988 488 3632 570">
     <span class='ocr_line' id='line_1_35' title="bbox 1988 488 3632 570; baseline 0.013 -32"><span class='ocrx_word' id='word_1_222' title='bbox 1988 488 2192 555; x_wconf 75' lang='lat' dir='ltr'><strong>primae</strong></span> <span class='ocrx_word' id='word_1_223' title='bbox 2220 490 2455 560; x_wconf 79' lang='lat' dir='ltr'><strong>syllabze</strong></span> <span class='ocrx_word' id='word_1_224' title='bbox 2486 493 2555 546; x_wconf 89' lang='lat' dir='ltr'><strong>ad</strong></span> <span class='ocrx_word' id='word_1_225' title='bbox 2585 510 2794 549; x_wconf 88' lang='lat' dir='ltr'><strong>nomen</strong></span> <span class='ocrx_word' id='word_1_226' title='bbox 2824 497 2981 551; x_wconf 80' lang='lat' dir='ltr'><strong>istud</strong></span> <span class='ocrx_word' id='word_1_227' title='bbox 3009 514 3122 553; x_wconf 92' lang='lat' dir='ltr'><strong>non</strong></span> <span class='ocrx_word' id='word_1_228' title='bbox 3158 501 3469 570; x_wconf 88' lang='lat' dir='ltr'><strong>pertinere,</strong></span> <span class='ocrx_word' id='word_1_229' title='bbox 3532 507 3632 558; x_wconf 90' lang='lat' dir='ltr'><strong>sed</strong></span> 
     </span>
    </p>
   </div>
   <div class='ocr_carea' id='block_1_36' title="bbox 1987 576 3634 665">
    <p class='ocr_par' dir='ltr' id='par_1_36' title="bbox 1987 576 3634 665">
     <span class='ocr_line' id='line_1_36' title="bbox 1987 576 3634 665; baseline 0.01 -37"><span class='ocrx_word' id='word_1_230' title='bbox 1987 576 2322 646; x_wconf 87' lang='lat' dir='ltr'><strong>adjunctam</strong></span> <span class='ocrx_word' id='word_1_231' title='bbox 2357 581 2408 634; x_wconf 92' lang='lat' dir='ltr'><strong>ei</strong></span> <span class='ocrx_word' id='word_1_232' title='bbox 2441 587 2866 639; x_wconf 86' lang='lat' dir='ltr'><strong>consuetudine</strong></span> <span class='ocrx_word' id='word_1_233' title='bbox 2888 586 3123 642; x_wconf 89' lang='lat' dir='ltr'><strong>illarum</strong></span> <span class='ocrx_word' id='word_1_234' title='bbox 3156 591 3419 659; x_wconf 88' lang='lat' dir='ltr'><strong>gentium</strong></span> <span class='ocrx_word' id='word_1_235' title='bbox 3452 593 3634 665; x_wconf 86' lang='lat' dir='ltr'><strong>origi-</strong></span> 
     </span>
    </p>
   </div>
   <div class='ocr_carea' id='block_1_37' title="bbox 1986 665 3635 743">
    <p class='ocr_par' dir='ltr' id='par_1_37' title="bbox 1986 665 3635 743">
     <span class='ocr_line' id='line_1_37' title="bbox 1986 665 3635 743; baseline 0.012 -27"><span class='ocrx_word' id='word_1_236' title='bbox 1986 665 2076 717; x_wconf 86' lang='lat' dir='ltr'><strong>nis</strong></span> <span class='ocrx_word' id='word_1_237' title='bbox 2108 667 2415 733; x_wconf 68' lang='lat' dir='ltr'><strong>Francicae,</strong></span> <span class='ocrx_word' id='word_1_238' title='bbox 2450 669 2535 723; x_wconf 92' lang='lat' dir='ltr'><strong>vel</strong></span> <span class='ocrx_word' id='word_1_239' title='bbox 2561 687 2625 724; x_wconf 87' lang='lat' dir='ltr'><strong>ex</strong></span> <span class='ocrx_word' id='word_1_240' title='bbox 2661 672 2831 743; x_wconf 88' lang='lat' dir='ltr'><strong>longa</strong></span> <span class='ocrx_word' id='word_1_241' title='bbox 2865 691 2997 728; x_wconf 91' lang='lat' dir='ltr'><strong>cum</strong></span> <span class='ocrx_word' id='word_1_242' title='bbox 3034 676 3268 731; x_wconf 82' lang='lat' dir='ltr'><strong>Francis</strong></span> <span class='ocrx_word' id='word_1_243' title='bbox 3319 688 3635 735; x_wconf 85' lang='lat' dir='ltr'><strong>consuetu-</strong></span> 
     </span>
    </p>
   </div>
   <div class='ocr_carea' id='block_1_38' title="bbox 1984 752 3627 838">
    <p class='ocr_par' dir='ltr' id='par_1_38' title="bbox 1984 752 3627 838">
     <span class='ocr_line' id='line_1_38' title="bbox 1984 752 3627 838; baseline 0.013 -34"><span class='ocrx_word' id='word_1_244' title='bbox 1984 752 2139 821; x_wconf 78' lang='lat' dir='ltr'><strong>dine,</strong></span> <span class='ocrx_word' id='word_1_245' title='bbox 2172 772 2381 810; x_wconf 89' lang='lat' dir='ltr'><strong>nomen</strong></span> <span class='ocrx_word' id='word_1_246' title='bbox 2416 757 2564 827; x_wconf 81' lang='lat' dir='ltr'><strong>Syre.</strong></span> <span class='ocrx_word' id='word_1_247' title='bbox 2602 764 2752 830; x_wconf 85' lang='lat' dir='ltr'><strong>quod</strong></span> <span class='ocrx_word' id='word_1_248' title='bbox 2790 778 2858 816; x_wconf 84' lang='lat' dir='ltr'><strong>ex</strong></span> <span class='ocrx_word' id='word_1_249' title='bbox 2905 768 3101 818; x_wconf 70' lang='lat' dir='ltr'><strong>Graeco</strong></span> <span class='ocrx_word' id='word_1_250' title='bbox 3158 766 3349 838; x_wconf 72' lang='grc' dir='ltr'>κύριος</span> <span class='ocrx_word' id='word_1_251' title='bbox 3408 770 3627 825; x_wconf 88' lang='lat' dir='ltr'><strong>factum</strong></span> 
     </span>
    </p>
   </div>
   <div class='ocr_carea' id='block_1_39' title="bbox 1985 846 3635 928">
    <p class='ocr_par' dir='ltr' id='par_1_39' title="bbox 1985 846 3635 928">
     <span class='ocr_line' id='line_1_39' title="bbox 1985 846 3635 928; baseline 0.013 -35"><span class='ocrx_word' id='word_1_252' title='bbox 1985 846 2241 911; x_wconf 81' lang='lat' dir='ltr'><strong>putatur,</strong></span> <span class='ocrx_word' id='word_1_253' title='bbox 2276 862 2381 899; x_wconf 91' lang='lat' dir='ltr'><strong>suo</strong></span> <span class='ocrx_word' id='word_1_254' title='bbox 2415 847 2661 918; x_wconf 88' lang='lat' dir='ltr'><strong>principi</strong></span> <span class='ocrx_word' id='word_1_255' title='bbox 2697 854 3291 910; x_wconf 81' lang='lat' dir='ltr'><strong>accommodantium.</strong></span> <span class='ocrx_word' id='word_1_256' title='bbox 3356 857 3635 928; x_wconf 87' lang='lat' dir='ltr'><strong>Suspicor</strong></span> 
     </span>
    </p>
   </div>
   <div class='ocr_carea' id='block_1_40' title="bbox 1982 931 3619 1015">
    <p class='ocr_par' dir='ltr' id='par_1_40' title="bbox 1982 931 3619 1015">
     <span class='ocr_line' id='line_1_40' title="bbox 1982 931 3619 1015; baseline 0.012 -32"><span class='ocrx_word' id='word_1_257' title='bbox 1982 931 2135 985; x_wconf 90' lang='lat' dir='ltr'><strong>idem</strong></span> <span class='ocrx_word' id='word_1_258' title='bbox 2164 951 2392 1003; x_wconf 87' lang='lat' dir='ltr'><strong>nomen,</strong></span> <span class='ocrx_word' id='word_1_259' title='bbox 2421 936 2553 991; x_wconf 90' lang='lat' dir='ltr'><strong>licet</strong></span> <span class='ocrx_word' id='word_1_260' title='bbox 2586 940 2822 1007; x_wconf 84' lang='lat' dir='ltr'><strong>paulum</strong></span> <span class='ocrx_word' id='word_1_261' title='bbox 2847 942 3070 997; x_wconf 89' lang='lat' dir='ltr'><strong>diverse</strong></span> <span class='ocrx_word' id='word_1_262' title='bbox 3102 945 3409 1015; x_wconf 87' lang='lat' dir='ltr'><strong>scriptum,</strong></span> <span class='ocrx_word' id='word_1_263' title='bbox 3434 949 3619 1004; x_wconf 88' lang='lat' dir='ltr'><strong>fuisse</strong></span> 
     </span>
    </p>
   </div>
   <div class='ocr_carea' id='block_1_41' title="bbox 1982 1023 3620 1095">
    <p class='ocr_par' dir='ltr' id='par_1_41' title="bbox 1982 1023 3620 1095">
     <span class='ocr_line' id='line_1_41' title="bbox 1982 1023 3620 1095; baseline 0.013 -25"><span class='ocrx_word' id='word_1_264' title='bbox 1982 1023 2355 1093; x_wconf 78' lang='grc' dir='ltr'>Συριωάννης,</span> <span class='ocrx_word' id='word_1_265' title='bbox 2390 1026 2543 1095; x_wconf 90' lang='lat' dir='ltr'><strong>quod</strong></span> <span class='ocrx_word' id='word_1_266' title='bbox 2586 1028 2817 1082; x_wconf 88' lang='lat' dir='ltr'><strong>cuidam</strong></span> <span class='ocrx_word' id='word_1_267' title='bbox 2874 1030 3052 1084; x_wconf 91' lang='lat' dir='ltr'><strong>nobili</strong></span> <span class='ocrx_word' id='word_1_268' title='bbox 3097 1032 3350 1090; x_wconf 90' lang='lat' dir='ltr'><strong>Comano</strong></span> <span class='ocrx_word' id='word_1_269' title='bbox 3401 1038 3459 1090; x_wconf 92' lang='lat' dir='ltr'><strong>in</strong></span> <span class='ocrx_word' id='word_1_270' title='bbox 3519 1038 3620 1092; x_wconf 54' lang='lat' dir='ltr'><strong>bac</strong></span> 
     </span>
    </p>
   </div>
   <div class='ocr_carea' id='block_1_42' title="bbox 1982 1108 3521 1191">
    <p class='ocr_par' dir='ltr' id='par_1_42' title="bbox 1982 1108 3521 1191">
     <span class='ocr_line' id='line_1_42' title="bbox 1982 1108 3521 1191; baseline 0.014 -31"><span class='ocrx_word' id='word_1_271' title='bbox 1982 1108 2197 1179; x_wconf 86' lang='lat' dir='ltr'><strong>ptismo</strong></span> <span class='ocrx_word' id='word_1_272' title='bbox 2230 1112 2479 1168; x_wconf 91' lang='lat' dir='ltr'><strong>inditum</strong></span> <span class='ocrx_word' id='word_1_273' title='bbox 2513 1116 2686 1170; x_wconf 84' lang='lat' dir='ltr'><strong>refert</strong></span> <span class='ocrx_word' id='word_1_274' title='bbox 2717 1118 3177 1189; x_wconf 87' lang='lat' dir='ltr'><strong>Cantacuzenus,</strong></span> <span class='ocrx_word' id='word_1_275' title='bbox 3203 1121 3242 1175; x_wconf 94' lang='lat' dir='ltr'><strong>l.</strong></span> <span class='ocrx_word' id='word_1_276' title='bbox 3279 1140 3317 1191; x_wconf 79' lang='grc' dir='ltr'>ι,</span> <span class='ocrx_word' id='word_1_277' title='bbox 3351 1141 3400 1178; x_wconf 93' lang='lat' dir='ltr'><strong>c.</strong></span> <span class='ocrx_word' id='word_1_278' title='bbox 3432 1129 3521 1182; x_wconf 68' lang='lat' dir='ltr'><strong>is.</strong></span> 
     </span>
    </p>
   </div>
   <div class='ocr_carea' id='block_1_43' title="bbox 2054 1216 3630 1295">
    <p class='ocr_par' dir='ltr' id='par_1_43' title="bbox 2054 1216 3630 1295">
     <span class='ocr_line' id='line_1_43' title="bbox 2054 1216 3630 1295; baseline 0.013 -29"><span class='ocrx_word' id='word_1_279' title='bbox 2054 1220 2290 1289; x_wconf 62' lang='grc' dir='ltr'><strong>Σφαῖρος</strong></span> <span class='ocrx_word' id='word_1_280' title='bbox 2352 1216 2804 1290; x_wconf 73' lang='grc' dir='ltr'><strong>Ἐμπεδόκλειος,</strong></span> <span class='ocrx_word' id='word_1_281' title='bbox 2880 1241 2934 1295; x_wconf 88' lang='lat' dir='ltr'><strong>p.</strong></span> <span class='ocrx_word' id='word_1_282' title='bbox 3018 1227 3143 1282; x_wconf 78' lang='lat'><strong>203.</strong></span> <span class='ocrx_word' id='word_1_283' title='bbox 3233 1228 3427 1285; x_wconf 89' lang='lat' dir='ltr'><strong>Primo</strong></span> <span class='ocrx_word' id='word_1_284' title='bbox 3481 1232 3630 1286; x_wconf 88' lang='lat' dir='ltr'><strong>mihi</strong></span> 
     </span>
    </p>
   </div>
   <div class='ocr_carea' id='block_1_44' title="bbox 1981 1302 3628 1377">
    <p class='ocr_par' dir='ltr' id='par_1_44' title="bbox 1981 1302 3628 1377">
     <span class='ocr_line' id='line_1_44' title="bbox 1981 1302 3628 1377; baseline 0.01 -21"><span class='ocrx_word' id='word_1_285' title='bbox 1981 1302 2087 1359; x_wconf 92' lang='lat' dir='ltr'><strong>loci</strong></span> <span class='ocrx_word' id='word_1_286' title='bbox 2120 1306 2297 1377; x_wconf 85' lang='lat' dir='ltr'><strong>hujus</strong></span> <span class='ocrx_word' id='word_1_287' title='bbox 2329 1325 2575 1364; x_wconf 91' lang='lat' dir='ltr'><strong>occursu</strong></span> <span class='ocrx_word' id='word_1_288' title='bbox 2608 1311 2765 1365; x_wconf 83' lang='lat' dir='ltr'><strong>venit</strong></span> <span class='ocrx_word' id='word_1_289' title='bbox 2812 1313 2869 1366; x_wconf 92' lang='lat' dir='ltr'><strong>in</strong></span> <span class='ocrx_word' id='word_1_290' title='bbox 2932 1320 3184 1369; x_wconf 89' lang='lat' dir='ltr'><strong>mentem</strong></span> <span class='ocrx_word' id='word_1_291' title='bbox 3248 1316 3471 1372; x_wconf 89' lang='lat' dir='ltr'><strong>laudari</strong></span> <span class='ocrx_word' id='word_1_292' title='bbox 3534 1320 3628 1373; x_wconf 86' lang='lat' dir='ltr'><strong>hic</strong></span> 
     </span>
    </p>
   </div>
   <div class='ocr_carea' id='block_1_45' title="bbox 1980 1397 3625 1475">
    <p class='ocr_par' dir='ltr' id='par_1_45' title="bbox 1980 1397 3625 1475">
     <span class='ocr_line' id='line_1_45' title="bbox 1980 1397 3625 1475; baseline 0.007 -26"><span class='ocrx_word' id='word_1_293' title='bbox 1980 1397 2329 1451; x_wconf 89' lang='lat' dir='ltr'><strong>sententiam</strong></span> <span class='ocrx_word' id='word_1_294' title='bbox 2366 1398 2698 1470; x_wconf 89' lang='lat' dir='ltr'><strong>philosophi</strong></span> <span class='ocrx_word' id='word_1_295' title='bbox 2730 1400 2942 1456; x_wconf 87' lang='lat' dir='ltr'><strong>veteris</strong></span> <span class='ocrx_word' id='word_1_296' title='bbox 2972 1419 3001 1457; x_wconf 89' lang='lat' dir='ltr'><strong>e</strong></span> <span class='ocrx_word' id='word_1_297' title='bbox 3032 1403 3344 1475; x_wconf 89' lang='lat' dir='ltr'><strong>discipulis</strong></span> <span class='ocrx_word' id='word_1_298' title='bbox 3376 1412 3478 1460; x_wconf 89' lang='lat' dir='ltr'><strong>aut</strong></span> <span class='ocrx_word' id='word_1_299' title='bbox 3533 1424 3625 1461; x_wconf 90' lang='lat' dir='ltr'><strong>se-</strong></span> 
     </span>
    </p>
   </div>
   <div class='ocr_carea' id='block_1_46' title="bbox 1980 1485 3622 1561">
    <p class='ocr_par' dir='ltr' id='par_1_46' title="bbox 1980 1485 3622 1561">
     <span class='ocr_line' id='line_1_46' title="bbox 1980 1485 3622 1561; baseline 0.008 -23"><span class='ocrx_word' id='word_1_300' title='bbox 1980 1485 2177 1539; x_wconf 89' lang='lat' dir='ltr'><strong>ctariis</strong></span> <span class='ocrx_word' id='word_1_301' title='bbox 2222 1486 2607 1557; x_wconf 85' lang='lat' dir='ltr'><strong>Empedoclis.</strong></span> <span class='ocrx_word' id='word_1_302' title='bbox 2667 1489 2760 1542; x_wconf 91' lang='lat' dir='ltr'><strong>cui</strong></span> <span class='ocrx_word' id='word_1_303' title='bbox 2832 1507 3042 1545; x_wconf 91' lang='lat' dir='ltr'><strong>nomen</strong></span> <span class='ocrx_word' id='word_1_304' title='bbox 3122 1493 3361 1561; x_wconf 69' lang='lat' dir='ltr'><strong>Sphaaro</strong></span> <span class='ocrx_word' id='word_1_305' title='bbox 3448 1503 3622 1551; x_wconf 87' lang='lat' dir='ltr'><strong>esset.</strong></span> 
     </span>
    </p>
   </div>
   <div class='ocr_carea' id='block_1_47' title="bbox 1978 1574 3628 1651">
    <p class='ocr_par' dir='ltr' id='par_1_47' title="bbox 1978 1574 3628 1651">
     <span class='ocr_line' id='line_1_47' title="bbox 1978 1574 3628 1651; baseline 0.01 -27"><span class='ocrx_word' id='word_1_306' title='bbox 1978 1574 2191 1637; x_wconf 90' lang='lat' dir='ltr'><strong>Quidni</strong></span> <span class='ocrx_word' id='word_1_307' title='bbox 2222 1576 2375 1628; x_wconf 93' lang='lat' dir='ltr'><strong>enim</strong></span> <span class='ocrx_word' id='word_1_308' title='bbox 2403 1576 2536 1631; x_wconf 89' lang='lat' dir='ltr'><strong>talis</strong></span> <span class='ocrx_word' id='word_1_309' title='bbox 2566 1578 2979 1648; x_wconf 85' lang='lat' dir='ltr'><strong>appellationis</strong></span> <span class='ocrx_word' id='word_1_310' title='bbox 3040 1582 3330 1651; x_wconf 83' lang='lat' dir='ltr'><strong>quispiam</strong></span> <span class='ocrx_word' id='word_1_311' title='bbox 3397 1585 3628 1640; x_wconf 89' lang='lat' dir='ltr'><strong>dedisse</strong></span> 
     </span>
    </p>
   </div>
   <div class='ocr_carea' id='block_1_48' title="bbox 1977 1664 3630 1743">
    <p class='ocr_par' dir='ltr' id='par_1_48' title="bbox 1977 1664 3630 1743">
     <span class='ocr_line' id='line_1_48' title="bbox 1977 1664 3630 1743; baseline 0.008 -28"><span class='ocrx_word' id='word_1_312' title='bbox 1977 1678 2212 1731; x_wconf 89' lang='lat' dir='ltr'><strong>operam</strong></span> <span class='ocrx_word' id='word_1_313' title='bbox 2248 1664 2575 1734; x_wconf 87' lang='lat' dir='ltr'><strong>Empedocli</strong></span> <span class='ocrx_word' id='word_1_314' title='bbox 2601 1668 2659 1734; x_wconf 79' lang='grc' dir='ltr'>[Ρ</span> <span class='ocrx_word' id='word_1_315' title='bbox 2701 1668 2825 1738; x_wconf 84' lang='grc'>417]</span> <span class='ocrx_word' id='word_1_316' title='bbox 2853 1669 3153 1738; x_wconf 84' lang='lat' dir='ltr'><strong>potuisset,</strong></span> <span class='ocrx_word' id='word_1_317' title='bbox 3187 1687 3320 1725; x_wconf 90' lang='lat' dir='ltr'><strong>cum</strong></span> <span class='ocrx_word' id='word_1_318' title='bbox 3352 1673 3630 1743; x_wconf 67' lang='lat' dir='ltr'><strong>Sphaerus</strong></span> 
     </span>
    </p>
   </div>
   <div class='ocr_carea' id='block_1_49' title="bbox 2856 1760 3627 1815">
    <p class='ocr_par' dir='ltr' id='par_1_49' title="bbox 2856 1760 3627 1815">
     <span class='ocr_line' id='line_1_49' title="bbox 2856 1760 3627 1815; baseline 0.008 -5"><span class='ocrx_word' id='word_1_319' title='bbox 2856 1763 2987 1811; x_wconf 90' lang='lat' dir='ltr'><strong>otus</strong></span> <span class='ocrx_word' id='word_1_320' title='bbox 3042 1768 3245 1813; x_wconf 84' lang='lat' dir='ltr'><strong>auctor</strong></span> <span class='ocrx_word' id='word_1_321' title='bbox 3304 1760 3627 1815; x_wconf 91' lang='lat' dir='ltr'><strong>multorum</strong></span> 
     </span>
    </p>
   </div>
   <div class='ocr_carea' id='block_1_50' title="bbox 1980 1842 3629 1913">
    <p class='ocr_par' dir='ltr' id='par_1_50' title="bbox 1980 1842 3629 1913">
     <span class='ocr_line' id='line_1_50' title="bbox 1980 1842 3629 1913; baseline 0.007 -19"><span class='ocrx_word' id='word_1_322' title='bbox 1980 1858 2245 1911; x_wconf 89' lang='lat' dir='ltr'><strong>operum,</strong></span> <span class='ocrx_word' id='word_1_323' title='bbox 2280 1842 2518 1913; x_wconf 84' lang='lat' dir='ltr'><strong>Diogeni</strong></span> <span class='ocrx_word' id='word_1_324' title='bbox 2549 1845 2775 1899; x_wconf 90' lang='lat' dir='ltr'><strong>Laertio</strong></span> <span class='ocrx_word' id='word_1_325' title='bbox 2800 1852 3157 1901; x_wconf 86' lang='lat' dir='ltr'><strong>memoratus</strong></span> <span class='ocrx_word' id='word_1_326' title='bbox 3184 1849 3259 1903; x_wconf 90' lang='lat' dir='ltr'><strong>sit</strong></span> <span class='ocrx_word' id='word_1_327' title='bbox 3289 1849 3316 1902; x_wconf 87' lang='lat'>?</span> <span class='ocrx_word' id='word_1_328' title='bbox 3347 1849 3629 1905; x_wconf 87' lang='lat' dir='ltr'><strong>Animad-</strong></span> 
     </span>
    </p>
   </div>
   <div class='ocr_carea' id='block_1_51' title="bbox 1979 1929 3627 2004">
    <p class='ocr_par' dir='ltr' id='par_1_51' title="bbox 1979 1929 3627 2004">
     <span class='ocr_line' id='line_1_51' title="bbox 1979 1929 3627 2004; baseline 0.007 -23"><span class='ocrx_word' id='word_1_329' title='bbox 1979 1929 2120 1983; x_wconf 88' lang='lat' dir='ltr'><strong>verti</strong></span> <span class='ocrx_word' id='word_1_330' title='bbox 2157 1935 2353 1999; x_wconf 91' lang='lat' dir='ltr'><strong>postea</strong></span> <span class='ocrx_word' id='word_1_331' title='bbox 2384 1932 2650 1987; x_wconf 87' lang='lat' dir='ltr'><strong>obortam</strong></span> <span class='ocrx_word' id='word_1_332' title='bbox 2700 1935 3034 2004; x_wconf 83' lang='lat' dir='ltr'><strong>opinionem</strong></span> <span class='ocrx_word' id='word_1_333' title='bbox 3095 1938 3360 1991; x_wconf 89' lang='lat' dir='ltr'><strong>eamdem</strong></span> <span class='ocrx_word' id='word_1_334' title='bbox 3423 1938 3627 1993; x_wconf 86' lang='lat' dir='ltr'><strong>Hiero-</strong></span> 
     </span>
    </p>
   </div>
   <div class='ocr_carea' id='block_1_52' title="bbox 1981 2019 3626 2095">
    <p class='ocr_par' dir='ltr' id='par_1_52' title="bbox 1981 2019 3626 2095">
     <span class='ocr_line' id='line_1_52' title="bbox 1981 2019 3626 2095; baseline 0.006 -24"><span class='ocrx_word' id='word_1_335' title='bbox 1981 2034 2155 2089; x_wconf 83' lang='lat' dir='ltr'><strong>nymo</strong></span> <span class='ocrx_word' id='word_1_336' title='bbox 2188 2019 2397 2074; x_wconf 83' lang='lat' dir='ltr'><strong>Wolfio</strong></span> <span class='ocrx_word' id='word_1_337' title='bbox 2432 2020 2588 2074; x_wconf 88' lang='lat' dir='ltr'><strong>hunc</strong></span> <span class='ocrx_word' id='word_1_338' title='bbox 2623 2020 2811 2076; x_wconf 91' lang='lat' dir='ltr'><strong>locum</strong></span> <span class='ocrx_word' id='word_1_339' title='bbox 2848 2023 2905 2076; x_wconf 90' lang='lat' dir='ltr'><strong>in</strong></span> <span class='ocrx_word' id='word_1_340' title='bbox 2938 2041 3045 2078; x_wconf 89' lang='lat' dir='ltr'><strong>sua</strong></span> <span class='ocrx_word' id='word_1_341' title='bbox 3100 2026 3380 2095; x_wconf 82' lang='lat' dir='ltr'><strong>Excerpta</strong></span> <span class='ocrx_word' id='word_1_342' title='bbox 3437 2029 3626 2083; x_wconf 89' lang='lat' dir='ltr'><strong>confe-</strong></span> 
     </span>
    </p>
   </div>
   <div class='ocr_carea' id='block_1_53' title="bbox 1981 2108 3623 2185">
    <p class='ocr_par' dir='ltr' id='par_1_53' title="bbox 1981 2108 3623 2185">
     <span class='ocr_line' id='line_1_53' title="bbox 1981 2108 3623 2185; baseline 0.007 -25"><span class='ocrx_word' id='word_1_343' title='bbox 1981 2108 2151 2161; x_wconf 89' lang='lat' dir='ltr'><strong>renti.</strong></span> <span class='ocrx_word' id='word_1_344' title='bbox 2188 2110 2299 2162; x_wconf 85' lang='lat' dir='ltr'><strong>Sed</strong></span> <span class='ocrx_word' id='word_1_345' title='bbox 2325 2109 2718 2164; x_wconf 88' lang='lat' dir='ltr'><strong>consideranti</strong></span> <span class='ocrx_word' id='word_1_346' title='bbox 2754 2128 2873 2165; x_wconf 89' lang='lat' dir='ltr'><strong>rem</strong></span> <span class='ocrx_word' id='word_1_347' title='bbox 2900 2114 3183 2168; x_wconf 87' lang='lat' dir='ltr'><strong>attentius</strong></span> <span class='ocrx_word' id='word_1_348' title='bbox 3216 2114 3374 2168; x_wconf 88' lang='lat' dir='ltr'><strong>brevi</strong></span> <span class='ocrx_word' id='word_1_349' title='bbox 3431 2119 3623 2185; x_wconf 85' lang='lat' dir='ltr'><strong>patuit</strong></span> 
     </span>
    </p>
   </div>
   <div class='ocr_carea' id='block_1_54' title="bbox 1979 2196 3625 2274">
    <p class='ocr_par' dir='ltr' id='par_1_54' title="bbox 1979 2196 3625 2274">
     <span class='ocr_line' id='line_1_54' title="bbox 1979 2196 3625 2274; baseline 0.008 -29"><span class='ocrx_word' id='word_1_350' title='bbox 1979 2198 2204 2270; x_wconf 68' lang='grc' dir='ltr'>σφαῖρος</span> <span class='ocrx_word' id='word_1_351' title='bbox 2237 2196 2332 2251; x_wconf 91' lang='lat' dir='ltr'><strong>hic</strong></span> <span class='ocrx_word' id='word_1_352' title='bbox 2360 2214 2461 2267; x_wconf 91' lang='lat' dir='ltr'><strong>pro</strong></span> <span class='ocrx_word' id='word_1_353' title='bbox 2497 2202 2695 2271; x_wconf 73' lang='grc' dir='ltr'>σφαῖρα</span> <span class='ocrx_word' id='word_1_354' title='bbox 2744 2200 3001 2269; x_wconf 85' lang='lat' dir='ltr'><strong>positum</strong></span> <span class='ocrx_word' id='word_1_355' title='bbox 3063 2202 3234 2271; x_wconf 89' lang='lat' dir='ltr'><strong>plane</strong></span> <span class='ocrx_word' id='word_1_356' title='bbox 3292 2203 3625 2274; x_wconf 83' lang='lat' dir='ltr'><strong>signiﬁcare</strong></span> 
     </span>
    </p>
   </div>
   <div class='ocr_carea' id='block_1_55' title="bbox 1979 2284 3625 2361">
    <p class='ocr_par' dir='ltr' id='par_1_55' title="bbox 1979 2284 3625 2361">
     <span class='ocr_line' id='line_1_55' title="bbox 1979 2284 3625 2361; baseline 0.006 -24"><span class='ocrx_word' id='word_1_357' title='bbox 1979 2284 2196 2351; x_wconf 85' lang='lat' dir='ltr'><strong>follem,</strong></span> <span class='ocrx_word' id='word_1_358' title='bbox 2231 2285 2641 2355; x_wconf 87' lang='lat' dir='ltr'><strong>orbicularem,</strong></span> <span class='ocrx_word' id='word_1_359' title='bbox 2671 2288 2875 2358; x_wconf 88' lang='lat' dir='ltr'><strong>quales</strong></span> <span class='ocrx_word' id='word_1_360' title='bbox 2893 2289 3161 2345; x_wconf 89' lang='lat' dir='ltr'><strong>videmus</strong></span> <span class='ocrx_word' id='word_1_361' title='bbox 3194 2292 3341 2361; x_wconf 88' lang='lat' dir='ltr'><strong>pilas</strong></span> <span class='ocrx_word' id='word_1_362' title='bbox 3375 2294 3625 2361; x_wconf 80' lang='lat' dir='ltr'><strong>majores</strong></span> 
     </span>
    </p>
   </div>
   <div class='ocr_carea' id='block_1_56' title="bbox 1978 2374 3623 2448">
    <p class='ocr_par' dir='ltr' id='par_1_56' title="bbox 1978 2374 3623 2448">
     <span class='ocr_line' id='line_1_56' title="bbox 1978 2374 3623 2448; baseline 0.005 -21"><span class='ocrx_word' id='word_1_363' title='bbox 1978 2374 2184 2444; x_wconf 85' lang='lat' dir='ltr'><strong>spiritu</strong></span> <span class='ocrx_word' id='word_1_364' title='bbox 2221 2376 2532 2441; x_wconf 87' lang='lat' dir='ltr'><strong>confertas,</strong></span> <span class='ocrx_word' id='word_1_365' title='bbox 2568 2393 2715 2446; x_wconf 88' lang='lat' dir='ltr'><strong>quas</strong></span> <span class='ocrx_word' id='word_1_366' title='bbox 2746 2376 2875 2431; x_wconf 90' lang='lat' dir='ltr'><strong>Itali</strong></span> <span class='ocrx_word' id='word_1_367' title='bbox 2904 2379 3145 2448; x_wconf 82' lang='lat' dir='ltr'><strong>palloni,</strong></span> <span class='ocrx_word' id='word_1_368' title='bbox 3208 2380 3358 2434; x_wconf 83' lang='lat' dir='ltr'><strong>Galli</strong></span> <span class='ocrx_word' id='word_1_369' title='bbox 3409 2382 3623 2435; x_wconf 77' lang='lat' dir='ltr'><strong>ballons</strong></span> 
     </span>
    </p>
   </div>
   <div class='ocr_carea' id='block_1_57' title="bbox 1980 2463 3624 2539">
    <p class='ocr_par' dir='ltr' id='par_1_57' title="bbox 1980 2463 3624 2539">
     <span class='ocr_line' id='line_1_57' title="bbox 1980 2463 3624 2539; baseline 0.004 -22"><span class='ocrx_word' id='word_1_370' title='bbox 1980 2463 2303 2517; x_wconf 86' lang='lat' dir='ltr'><strong>nominant.</strong></span> <span class='ocrx_word' id='word_1_371' title='bbox 2358 2464 2617 2533; x_wconf 81' lang='lat' dir='ltr'><strong>Excipiet</strong></span> <span class='ocrx_word' id='word_1_372' title='bbox 2674 2466 2889 2535; x_wconf 90' lang='lat' dir='ltr'><strong>aliquis</strong></span> <span class='ocrx_word' id='word_1_373' title='bbox 2942 2474 3143 2522; x_wconf 89' lang='lat' dir='ltr'><strong>contra</strong></span> <span class='ocrx_word' id='word_1_374' title='bbox 3196 2486 3308 2523; x_wconf 92' lang='lat' dir='ltr'><strong>non</strong></span> <span class='ocrx_word' id='word_1_375' title='bbox 3385 2470 3624 2539; x_wconf 87' lang='lat' dir='ltr'><strong>reperiri</strong></span> 
     </span>
    </p>
   </div>
   <div class='ocr_carea' id='block_1_58' title="bbox 1978 2554 3627 2628">
    <p class='ocr_par' dir='ltr' id='par_1_58' title="bbox 1978 2554 3627 2628">
     <span class='ocr_line' id='line_1_58' title="bbox 1978 2554 3627 2628; baseline 0.005 -23"><span class='ocrx_word' id='word_1_376' title='bbox 1978 2568 2187 2605; x_wconf 87' lang='lat' dir='ltr'><strong>nomen</strong></span> <span class='ocrx_word' id='word_1_377' title='bbox 2212 2554 2369 2605; x_wconf 85' lang='lat' dir='ltr'><strong>istud</strong></span> <span class='ocrx_word' id='word_1_378' title='bbox 2391 2554 2498 2607; x_wconf 88' lang='lat' dir='ltr'><strong>hac</strong></span> <span class='ocrx_word' id='word_1_379' title='bbox 2525 2554 2729 2621; x_wconf 88' lang='lat' dir='ltr'><strong>forma,</strong></span> <span class='ocrx_word' id='word_1_380' title='bbox 2750 2557 2850 2609; x_wconf 90' lang='lat' dir='ltr'><strong>sed</strong></span> <span class='ocrx_word' id='word_1_381' title='bbox 2879 2557 3169 2611; x_wconf 59' lang='lat' dir='ltr'><strong>feminina</strong></span> <span class='ocrx_word' id='word_1_382' title='bbox 3186 2558 3401 2628; x_wconf 91' lang='lat' dir='ltr'><strong>ubique</strong></span> <span class='ocrx_word' id='word_1_383' title='bbox 3424 2560 3627 2613; x_wconf 90' lang='lat' dir='ltr'><strong>termi-</strong></span> 
     </span>
    </p>
   </div>
   <div class='ocr_carea' id='block_1_59' title="bbox 1976 2642 3627 2718">
    <p class='ocr_par' dir='ltr' id='par_1_59' title="bbox 1976 2642 3627 2718">
     <span class='ocr_line' id='line_1_59' title="bbox 1976 2642 3627 2718; baseline 0.004 -23"><span class='ocrx_word' id='word_1_384' title='bbox 1976 2642 2230 2695; x_wconf 86' lang='lat' dir='ltr'><strong>nationis</strong></span> <span class='ocrx_word' id='word_1_385' title='bbox 2261 2647 2315 2695; x_wconf 92' lang='lat' dir='ltr'><strong>et</strong></span> <span class='ocrx_word' id='word_1_386' title='bbox 2342 2644 2571 2711; x_wconf 85' lang='lat' dir='ltr'><strong>generis</strong></span> <span class='ocrx_word' id='word_1_387' title='bbox 2603 2644 2755 2711; x_wconf 86' lang='lat' dir='ltr'><strong>apud</strong></span> <span class='ocrx_word' id='word_1_388' title='bbox 2789 2644 3104 2716; x_wconf 88' lang='lat' dir='ltr'><strong>scriptores</strong></span> <span class='ocrx_word' id='word_1_389' title='bbox 3154 2645 3431 2701; x_wconf 84' lang='lat' dir='ltr'><strong>classicos</strong></span> <span class='ocrx_word' id='word_1_390' title='bbox 3479 2646 3627 2718; x_wconf 84' lang='lat' dir='ltr'><strong>legi-</strong></span> 
     </span>
    </p>
   </div>
   <div class='ocr_carea' id='block_1_60' title="bbox 1974 2730 3619 2801">
    <p class='ocr_par' dir='ltr' id='par_1_60' title="bbox 1974 2730 3619 2801">
     <span class='ocr_line' id='line_1_60' title="bbox 1974 2730 3619 2801; baseline 0.002 -16"><span class='ocrx_word' id='word_1_391' title='bbox 1974 2731 2259 2785; x_wconf 90' lang='lat' dir='ltr'><strong>Concedo.</strong></span> <span class='ocrx_word' id='word_1_392' title='bbox 2294 2730 2440 2793; x_wconf 82' lang='lat' dir='ltr'><strong>Quid</strong></span> <span class='ocrx_word' id='word_1_393' title='bbox 2476 2735 2598 2785; x_wconf 89' lang='lat' dir='ltr'><strong>tum</strong></span> <span class='ocrx_word' id='word_1_394' title='bbox 2635 2740 2837 2801; x_wconf 85' lang='lat' dir='ltr'><strong>postea</strong></span> <span class='ocrx_word' id='word_1_395' title='bbox 2871 2736 2893 2787; x_wconf 78' lang='lat' dir='ltr'><strong>i’</strong></span> <span class='ocrx_word' id='word_1_396' title='bbox 2922 2751 2994 2789; x_wconf 91' lang='lat' dir='ltr'><strong>an</strong></span> <span class='ocrx_word' id='word_1_397' title='bbox 3028 2738 3116 2789; x_wconf 87' lang='lat' dir='ltr'><strong>est</strong></span> <span class='ocrx_word' id='word_1_398' title='bbox 3161 2736 3304 2789; x_wconf 85' lang='lat' dir='ltr'><strong>adeo</strong></span> <span class='ocrx_word' id='word_1_399' title='bbox 3361 2734 3619 2789; x_wconf 89' lang='lat' dir='ltr'><strong>alienum</strong></span> 
     </span>
    </p>
   </div>
   <div class='ocr_carea' id='block_1_61' title="bbox 1974 2820 3617 2891">
    <p class='ocr_par' dir='ltr' id='par_1_61' title="bbox 1974 2820 3617 2891">
     <span class='ocr_line' id='line_1_61' title="bbox 1974 2820 3617 2891; baseline 0 -16"><span class='ocrx_word' id='word_1_400' title='bbox 1974 2837 2006 2875; x_wconf 88' lang='lat' dir='ltr'><strong>a</strong></span> <span class='ocrx_word' id='word_1_401' title='bbox 2038 2820 2407 2889; x_wconf 85' lang='lat' dir='ltr'><strong>Pachymeris</strong></span> <span class='ocrx_word' id='word_1_402' title='bbox 2442 2836 2602 2875; x_wconf 88' lang='lat' dir='ltr'><strong>more</strong></span> <span class='ocrx_word' id='word_1_403' title='bbox 2633 2821 2913 2891; x_wconf 88' lang='lat' dir='ltr'><strong>quiddam</strong></span> <span class='ocrx_word' id='word_1_404' title='bbox 2974 2822 3031 2876; x_wconf 90' lang='lat' dir='ltr'><strong>in</strong></span> <span class='ocrx_word' id='word_1_405' title='bbox 3092 2823 3306 2881; x_wconf 88' lang='lat' dir='ltr'><strong>talibus</strong></span> <span class='ocrx_word' id='word_1_406' title='bbox 3364 2842 3617 2875; x_wconf 84' lang='grc' dir='ltr'>καινοτο-</span> 
     </span>
    </p>
   </div>
   <div class='ocr_carea' id='block_1_62' title="bbox 1975 2908 3613 2981">
    <p class='ocr_par' dir='ltr' id='par_1_62' title="bbox 1975 2908 3613 2981">
     <span class='ocr_line' id='line_1_62' title="bbox 1975 2908 3613 2981; baseline 0.003 -21"><span class='ocrx_word' id='word_1_407' title='bbox 1975 2911 2092 2978; x_wconf 80' lang='grc' dir='ltr'>μεῖν</span> <span class='ocrx_word' id='word_1_408' title='bbox 2126 2908 2152 2961; x_wconf 87' lang='lat'><strong><em>?</em></strong></span> <span class='ocrx_word' id='word_1_409' title='bbox 2189 2909 2461 2962; x_wconf 69' lang='lat' dir='ltr'><strong>Praeterea</strong></span> <span class='ocrx_word' id='word_1_410' title='bbox 2495 2909 2783 2978; x_wconf 90' lang='lat' dir='ltr'><strong>suspicari</strong></span> <span class='ocrx_word' id='word_1_411' title='bbox 2816 2908 2951 2963; x_wconf 80' lang='lat' dir='ltr'><strong>licet</strong></span> <span class='ocrx_word' id='word_1_412' title='bbox 2974 2910 3161 2965; x_wconf 91' lang='lat' dir='ltr'><strong>visum</strong></span> <span class='ocrx_word' id='word_1_413' title='bbox 3196 2910 3305 2981; x_wconf 90' lang='lat' dir='ltr'><strong>ipsi</strong></span> <span class='ocrx_word' id='word_1_414' title='bbox 3357 2910 3613 2981; x_wconf 88' lang='lat' dir='ltr'><strong>aliquem</strong></span> 
     </span>
    </p>
   </div>
   <div class='ocr_carea' id='block_1_63' title="bbox 1971 2996 3614 3066">
    <p class='ocr_par' dir='ltr' id='par_1_63' title="bbox 1971 2996 3614 3066">
     <span class='ocr_line' id='line_1_63' title="bbox 1971 2996 3614 3066; baseline 0.002 -16"><span class='ocrx_word' id='word_1_415' title='bbox 1971 2997 2189 3050; x_wconf 88' lang='lat' dir='ltr'><strong>librum</strong></span> <span class='ocrx_word' id='word_1_416' title='bbox 2221 2996 2407 3050; x_wconf 84' lang='lat' dir='ltr'><strong>idonei</strong></span> <span class='ocrx_word' id='word_1_417' title='bbox 2444 2996 2697 3051; x_wconf 88' lang='lat' dir='ltr'><strong>auctoris</strong></span> <span class='ocrx_word' id='word_1_418' title='bbox 2729 2997 2900 3053; x_wconf 80' lang='lat' dir='ltr'><strong>exiis</strong></span> <span class='ocrx_word' id='word_1_419' title='bbox 2961 2999 3164 3053; x_wconf 89' lang='lat' dir='ltr'><strong>multis</strong></span> <span class='ocrx_word' id='word_1_420' title='bbox 3219 2999 3317 3066; x_wconf 90' lang='lat' dir='ltr'><strong>qui</strong></span> <span class='ocrx_word' id='word_1_421' title='bbox 3376 3001 3445 3054; x_wconf 89' lang='lat' dir='ltr'><strong>ad</strong></span> <span class='ocrx_word' id='word_1_422' title='bbox 3510 3018 3614 3055; x_wconf 89' lang='lat' dir='ltr'><strong>nos</strong></span> 
     </span>
    </p>
   </div>
   <div class='ocr_carea' id='block_1_64' title="bbox 200 3065 3611 3162">
    <p class='ocr_par' dir='ltr' id='par_1_64' title="bbox 200 3065 3611 3162">
     <span class='ocr_line' id='line_1_64' title="bbox 200 3065 3611 3162; baseline 0.003 -43"><span class='ocrx_word' id='word_1_423' title='bbox 200 3065 663 3131; x_wconf 82' lang='lat' dir='ltr'><strong>absolutionem,</strong></span> <span class='ocrx_word' id='word_1_424' title='bbox 699 3082 870 3137; x_wconf 88' lang='lat' dir='ltr'><strong>quam</strong></span> <span class='ocrx_word' id='word_1_425' title='bbox 896 3082 1029 3120; x_wconf 92' lang='lat' dir='ltr'><strong>eum</strong></span> <span class='ocrx_word' id='word_1_426' title='bbox 1057 3067 1369 3129; x_wconf 88' lang='lat' dir='ltr'><strong>frustra,ab</strong></span> <span class='ocrx_word' id='word_1_427' title='bbox 1400 3067 1640 3123; x_wconf 81' lang='lat' dir='ltr'><strong>Arsenio</strong></span> <span class='ocrx_word' id='word_1_428' title='bbox 1665 3068 1858 3139; x_wconf 79' lang='lat' dir='ltr'><strong>petiis-</strong></span> <span class='ocrx_word' id='word_1_429' title='bbox 1886 3094 1931 3157; x_wconf 67' lang='grc' dir='ltr'><strong>ο</strong></span> <span class='ocrx_word' id='word_1_430' title='bbox 1972 3104 2086 3141; x_wconf 71' lang='lat' dir='ltr'><strong>non</strong></span> <span class='ocrx_word' id='word_1_431' title='bbox 2125 3091 2527 3155; x_wconf 62' lang='lat' dir='ltr'><strong>pervenerunt,</strong></span> <span class='ocrx_word' id='word_1_432' title='bbox 2564 3086 2661 3140; x_wconf 84' lang='lat' dir='ltr'><strong>ubi</strong></span> <span class='ocrx_word' id='word_1_433' title='bbox 2688 3091 2912 3161; x_wconf 59' lang='grc' dir='ltr'><strong>σφαῖρος</strong></span> <span class='ocrx_word' id='word_1_434' title='bbox 2947 3105 3048 3158; x_wconf 86' lang='lat' dir='ltr'><strong>pro</strong></span> <span class='ocrx_word' id='word_1_435' title='bbox 3099 3092 3322 3162; x_wconf 64' lang='grc' dir='ltr'>σφαῖρος</span> <span class='ocrx_word' id='word_1_436' title='bbox 3374 3106 3611 3159; x_wconf 57' lang='lat' dir='ltr'><strong>ponere.</strong></span> 
     </span>
    </p>
   </div>
   <div class='ocr_carea' id='block_1_65' title="bbox 198 3154 1857 3225">
    <p class='ocr_par' dir='ltr' id='par_1_65' title="bbox 198 3154 1857 3225">
     <span class='ocr_line' id='line_1_65' title="bbox 198 3154 1857 3225; baseline 0 -14"><span class='ocrx_word' id='word_1_437' title='bbox 198 3162 319 3223; x_wconf 80' lang='lat' dir='ltr'><strong>set,</strong></span> <span class='ocrx_word' id='word_1_438' title='bbox 353 3174 387 3211; x_wconf 90' lang='lat' dir='ltr'><strong>a</strong></span> <span class='ocrx_word' id='word_1_439' title='bbox 419 3155 707 3210; x_wconf 84' lang='lat' dir='ltr'><strong>Germano</strong></span> <span class='ocrx_word' id='word_1_440' title='bbox 741 3154 1136 3225; x_wconf 86' lang='lat' dir='ltr'><strong>accipiendam</strong></span> <span class='ocrx_word' id='word_1_441' title='bbox 1166 3173 1278 3209; x_wconf 87' lang='lat' dir='ltr'><strong>non</strong></span> <span class='ocrx_word' id='word_1_442' title='bbox 1330 3158 1635 3225; x_wconf 90' lang='lat' dir='ltr'><strong>potuisset,</strong></span> <span class='ocrx_word' id='word_1_443' title='bbox 1696 3158 1857 3211; x_wconf 84' lang='lat' dir='ltr'><strong>deni-</strong></span> 
     </span>
    </p>
   </div>
   <div class='ocr_carea' id='block_1_66' title="bbox 199 3242 1857 3318">
    <p class='ocr_par' dir='ltr' id='par_1_66' title="bbox 199 3242 1857 3318">
     <span class='ocr_line' id='line_1_66' title="bbox 199 3242 1857 3318; baseline 0.002 -20"><span class='ocrx_word' id='word_1_444' title='bbox 199 3260 325 3316; x_wconf 91' lang='lat' dir='ltr'><strong>que</strong></span> <span class='ocrx_word' id='word_1_445' title='bbox 356 3260 389 3297; x_wconf 90' lang='lat' dir='ltr'><strong>a</strong></span> <span class='ocrx_word' id='word_1_446' title='bbox 426 3242 678 3314; x_wconf 82' lang='lat' dir='ltr'><strong>Josepho</strong></span> <span class='ocrx_word' id='word_1_447' title='bbox 709 3242 877 3297; x_wconf 91' lang='lat' dir='ltr'><strong>tertio</strong></span> <span class='ocrx_word' id='word_1_448' title='bbox 910 3244 980 3296; x_wconf 91' lang='lat' dir='ltr'><strong>ab</strong></span> <span class='ocrx_word' id='word_1_449' title='bbox 1016 3243 1255 3297; x_wconf 82' lang='lat' dir='ltr'><strong>Arsenio</strong></span> <span class='ocrx_word' id='word_1_450' title='bbox 1286 3244 1617 3315; x_wconf 84' lang='lat' dir='ltr'><strong>patriarcha</strong></span> <span class='ocrx_word' id='word_1_451' title='bbox 1675 3246 1857 3318; x_wconf 76' lang='lat' dir='ltr'><strong>impe-</strong></span> 
     </span>
    </p>
   </div>
   <div class='ocr_carea' id='block_1_67' title="bbox 200 3338 486 3388">
    <p class='ocr_par' dir='ltr' id='par_1_67' title="bbox 200 3338 486 3388">
     <span class='ocr_line' id='line_1_67' title="bbox 200 3338 486 3388; baseline -0.014 0"><span class='ocrx_word' id='word_1_452' title='bbox 200 3338 486 3388; x_wconf 86' lang='lat' dir='ltr'><strong>traverat.</strong></span> 
     </span>
    </p>
   </div>
   <div class='ocr_carea' id='block_1_68' title="bbox 281 3420 1857 3491">
    <p class='ocr_par' dir='ltr' id='par_1_68' title="bbox 281 3420 1857 3491">
     <span class='ocr_line' id='line_1_68' title="bbox 281 3420 1857 3491; baseline 0.005 -19"><span class='ocrx_word' id='word_1_453' title='bbox 281 3420 567 3488; x_wconf 75' lang='grc' dir='ltr'>Συναπτή,</span> <span class='ocrx_word' id='word_1_454' title='bbox 604 3420 817 3491; x_wconf 77' lang='grc' dir='ltr'><strong>ρ.174.</strong></span> <span class='ocrx_word' id='word_1_455' title='bbox 878 3421 1144 3491; x_wconf 67' lang='lat' dir='ltr'><strong>Synaptae</strong></span> <span class='ocrx_word' id='word_1_456' title='bbox 1194 3438 1405 3477; x_wconf 90' lang='lat' dir='ltr'><strong>nomen</strong></span> <span class='ocrx_word' id='word_1_457' title='bbox 1468 3423 1671 3479; x_wconf 89' lang='lat' dir='ltr'><strong>Latine</strong></span> <span class='ocrx_word' id='word_1_458' title='bbox 1723 3425 1857 3480; x_wconf 90' lang='lat' dir='ltr'><strong>reti-</strong></span> 
     </span>
    </p>
   </div>
   <div class='ocr_carea' id='block_1_69' title="bbox 207 3509 1860 3581">
    <p class='ocr_par' dir='ltr' id='par_1_69' title="bbox 207 3509 1860 3581">
     <span class='ocr_line' id='line_1_69' title="bbox 207 3509 1860 3581; baseline 0.002 -16"><span class='ocrx_word' id='word_1_459' title='bbox 207 3510 348 3577; x_wconf 88' lang='lat' dir='ltr'><strong>nui,</strong></span> <span class='ocrx_word' id='word_1_460' title='bbox 380 3509 518 3581; x_wconf 89' lang='lat' dir='ltr'><strong>quia</strong></span> <span class='ocrx_word' id='word_1_461' title='bbox 558 3526 671 3564; x_wconf 92' lang='lat' dir='ltr'><strong>non</strong></span> <span class='ocrx_word' id='word_1_462' title='bbox 706 3510 930 3580; x_wconf 88' lang='lat' dir='ltr'><strong>reperio</strong></span> <span class='ocrx_word' id='word_1_463' title='bbox 960 3526 1143 3564; x_wconf 89' lang='lat' dir='ltr'><strong>unum</strong></span> <span class='ocrx_word' id='word_1_464' title='bbox 1203 3510 1361 3565; x_wconf 88' lang='lat' dir='ltr'><strong>aliud</strong></span> <span class='ocrx_word' id='word_1_465' title='bbox 1397 3511 1455 3565; x_wconf 92' lang='lat' dir='ltr'><strong>in</strong></span> <span class='ocrx_word' id='word_1_466' title='bbox 1505 3519 1703 3568; x_wconf 86' lang='lat' dir='ltr'><strong>nostra</strong></span> <span class='ocrx_word' id='word_1_467' title='bbox 1745 3514 1860 3569; x_wconf 90' lang='lat' dir='ltr'><strong>lin-</strong></span> 
     </span>
    </p>
   </div>
   <div class='ocr_carea' id='block_1_70' title="bbox 205 3599 1858 3672">
    <p class='ocr_par' dir='ltr' id='par_1_70' title="bbox 205 3599 1858 3672">
     <span class='ocr_line' id='line_1_70' title="bbox 205 3599 1858 3672; baseline 0.002 -19"><span class='ocrx_word' id='word_1_468' title='bbox 205 3617 336 3672; x_wconf 83' lang='lat' dir='ltr'><strong>gua</strong></span> <span class='ocrx_word' id='word_1_469' title='bbox 366 3599 605 3652; x_wconf 85' lang='lat' dir='ltr'><strong>verbum</strong></span> <span class='ocrx_word' id='word_1_470' title='bbox 641 3615 756 3669; x_wconf 87' lang='lat' dir='ltr'><strong>quo</strong></span> <span class='ocrx_word' id='word_1_471' title='bbox 790 3615 879 3653; x_wconf 87' lang='lat' dir='ltr'><strong>res</strong></span> <span class='ocrx_word' id='word_1_472' title='bbox 925 3599 1048 3653; x_wconf 90' lang='lat' dir='ltr'><strong>voci</strong></span> <span class='ocrx_word' id='word_1_473' title='bbox 1109 3599 1349 3667; x_wconf 78' lang='grc' dir='ltr'>συναπτή</span> <span class='ocrx_word' id='word_1_474' title='bbox 1401 3601 1667 3671; x_wconf 89' lang='lat' dir='ltr'><strong>subjecta</strong></span> <span class='ocrx_word' id='word_1_475' title='bbox 1716 3604 1858 3657; x_wconf 87' lang='lat' dir='ltr'><strong>satis</strong></span> 
     </span>
    </p>
   </div>
   <div class='ocr_carea' id='block_1_71' title="bbox 206 3686 1857 3759">
    <p class='ocr_par' dir='ltr' id='par_1_71' title="bbox 206 3686 1857 3759">
     <span class='ocr_line' id='line_1_71' title="bbox 206 3686 1857 3759; baseline 0.002 -16"><span class='ocrx_word' id='word_1_476' title='bbox 206 3688 602 3759; x_wconf 85' lang='lat' dir='ltr'><strong>exprimatur.</strong></span> <span class='ocrx_word' id='word_1_477' title='bbox 637 3686 819 3742; x_wconf 90' lang='lat' dir='ltr'><strong>Multa</strong></span> <span class='ocrx_word' id='word_1_478' title='bbox 846 3688 915 3741; x_wconf 94' lang='lat' dir='ltr'><strong>de</strong></span> <span class='ocrx_word' id='word_1_479' title='bbox 954 3704 1020 3741; x_wconf 90' lang='lat' dir='ltr'><strong>ea</strong></span> <span class='ocrx_word' id='word_1_480' title='bbox 1079 3688 1302 3742; x_wconf 89' lang='lat' dir='ltr'><strong>utiliter</strong></span> <span class='ocrx_word' id='word_1_481' title='bbox 1328 3691 1489 3743; x_wconf 91' lang='lat' dir='ltr'><strong>docet</strong></span> <span class='ocrx_word' id='word_1_482' title='bbox 1549 3691 1857 3747; x_wconf 89' lang='lat' dir='ltr'><strong>Meursius.</strong></span> 
     </span>
    </p>
   </div>
   <div class='ocr_carea' id='block_1_72' title="bbox 196 3776 1859 3849">
    <p class='ocr_par' dir='ltr' id='par_1_72' title="bbox 196 3776 1859 3849">
     <span class='ocr_line' id='line_1_72' title="bbox 196 3776 1859 3849; baseline 0.004 -20"><span class='ocrx_word' id='word_1_483' title='bbox 196 3778 454 3831; x_wconf 81' lang='lat' dir='ltr'><strong>Videtur</strong></span> <span class='ocrx_word' id='word_1_484' title='bbox 484 3776 705 3848; x_wconf 90' lang='lat' dir='ltr'><strong>aliquid</strong></span> <span class='ocrx_word' id='word_1_485' title='bbox 738 3776 929 3831; x_wconf 87' lang='lat' dir='ltr'><strong>simile</strong></span> <span class='ocrx_word' id='word_1_486' title='bbox 964 3776 1044 3831; x_wconf 90' lang='lat' dir='ltr'><strong>illi</strong></span> <span class='ocrx_word' id='word_1_487' title='bbox 1079 3778 1226 3849; x_wconf 88' lang='lat' dir='ltr'><strong>parti</strong></span> <span class='ocrx_word' id='word_1_488' title='bbox 1262 3776 1594 3833; x_wconf 76' lang='lat' dir='ltr'><strong>litaniarum</strong></span> <span class='ocrx_word' id='word_1_489' title='bbox 1630 3786 1859 3835; x_wconf 86' lang='lat' dir='ltr'><strong>nostra-</strong></span> 
     </span>
    </p>
   </div>
   <div class='ocr_carea' id='block_1_73' title="bbox 199 3865 1861 3934">
    <p class='ocr_par' dir='ltr' id='par_1_73' title="bbox 199 3865 1861 3934">
     <span class='ocr_line' id='line_1_73' title="bbox 199 3865 1861 3934; baseline 0.002 -14"><span class='ocrx_word' id='word_1_490' title='bbox 199 3882 369 3934; x_wconf 87' lang='lat' dir='ltr'><strong>rum,</strong></span> <span class='ocrx_word' id='word_1_491' title='bbox 393 3882 500 3934; x_wconf 66' lang='lat' dir='ltr'><strong>qua</strong></span> <span class='ocrx_word' id='word_1_492' title='bbox 527 3870 659 3929; x_wconf 87' lang='lat' dir='ltr'><strong>Deo,</strong></span> <span class='ocrx_word' id='word_1_493' title='bbox 693 3865 973 3920; x_wconf 90' lang='lat' dir='ltr'><strong>continua</strong></span> <span class='ocrx_word' id='word_1_494' title='bbox 1006 3866 1155 3921; x_wconf 90' lang='lat' dir='ltr'><strong>serie</strong></span> <span class='ocrx_word' id='word_1_495' title='bbox 1217 3868 1399 3921; x_wconf 87' lang='lat' dir='ltr'><strong>multo</strong></span> <span class='ocrx_word' id='word_1_496' title='bbox 1450 3871 1861 3923; x_wconf 84' lang='lat' dir='ltr'><strong>commendan-</strong></span> 
     </span>
    </p>
   </div>
   <div class='ocr_carea' id='block_1_74' title="bbox 194 3954 1857 4028">
    <p class='ocr_par' dir='ltr' id='par_1_74' title="bbox 194 3954 1857 4028">
     <span class='ocr_line' id='line_1_74' title="bbox 194 3954 1857 4028; baseline 0.002 -19"><span class='ocrx_word' id='word_1_497' title='bbox 194 3962 322 4023; x_wconf 86' lang='lat' dir='ltr'><strong>tur,</strong></span> <span class='ocrx_word' id='word_1_498' title='bbox 359 3954 604 4010; x_wconf 85' lang='lat' dir='ltr'><strong>ecclesia</strong></span> <span class='ocrx_word' id='word_1_499' title='bbox 638 3955 894 4025; x_wconf 79' lang='lat' dir='ltr'><strong>pontifex</strong></span> <span class='ocrx_word' id='word_1_500' title='bbox 916 3961 1053 4023; x_wconf 89' lang='lat' dir='ltr'><strong>etc.,</strong></span> <span class='ocrx_word' id='word_1_501' title='bbox 1085 3956 1364 4026; x_wconf 83' lang='lat' dir='ltr'><strong>adjuncta</strong></span> <span class='ocrx_word' id='word_1_502' title='bbox 1408 3957 1620 4028; x_wconf 88' lang='lat' dir='ltr'><strong>cuique</strong></span> <span class='ocrx_word' id='word_1_503' title='bbox 1668 3957 1857 4012; x_wconf 86' lang='lat' dir='ltr'><strong>accla-</strong></span> 
     </span>
    </p>
   </div>
   <div class='ocr_carea' id='block_1_75' title="bbox 189 4042 1859 4118">
    <p class='ocr_par' dir='ltr' id='par_1_75' title="bbox 189 4042 1859 4118">
     <span class='ocr_line' id='line_1_75' title="bbox 189 4042 1859 4118; baseline 0.003 -19"><span class='ocrx_word' id='word_1_504' title='bbox 189 4044 462 4099; x_wconf 88' lang='lat' dir='ltr'><strong>matione</strong></span> <span class='ocrx_word' id='word_1_505' title='bbox 494 4042 693 4115; x_wconf 90' lang='lat' dir='ltr'><strong>populi</strong></span> <span class='ocrx_word' id='word_1_506' title='bbox 730 4063 743 4100; x_wconf 88' lang='lat'><strong>:</strong></span> <span class='ocrx_word' id='word_1_507' title='bbox 784 4046 847 4099; x_wconf 86' lang='lat' dir='ltr'><strong>Te</strong></span> <span class='ocrx_word' id='word_1_508' title='bbox 882 4062 1160 4114; x_wconf 77' lang='lat' dir='ltr'><strong>rogamus,</strong></span> <span class='ocrx_word' id='word_1_509' title='bbox 1229 4046 1370 4101; x_wconf 82' lang='lat' dir='ltr'><strong>audi</strong></span> <span class='ocrx_word' id='word_1_510' title='bbox 1418 4063 1535 4113; x_wconf 84' lang='lat' dir='ltr'><strong>nos,</strong></span> <span class='ocrx_word' id='word_1_511' title='bbox 1591 4065 1693 4118; x_wconf 91' lang='lat' dir='ltr'><strong>pro</strong></span> <span class='ocrx_word' id='word_1_512' title='bbox 1748 4065 1859 4118; x_wconf 90' lang='lat' dir='ltr'><strong>quo</strong></span> 
     </span>
    </p>
   </div>
   <div class='ocr_carea' id='block_1_76' title="bbox 186 4130 1857 4208">
    <p class='ocr_par' dir='ltr' id='par_1_76' title="bbox 186 4130 1857 4208">
     <span class='ocr_line' id='line_1_76' title="bbox 186 4130 1857 4208; baseline 0.002 -19"><span class='ocrx_word' id='word_1_513' title='bbox 186 4132 417 4189; x_wconf 70' lang='lat' dir='ltr'><strong>Graecis</strong></span> <span class='ocrx_word' id='word_1_514' title='bbox 448 4138 556 4198; x_wconf 89' lang='lat' dir='ltr'><strong>est,</strong></span> <span class='ocrx_word' id='word_1_515' title='bbox 579 4135 688 4185; x_wconf 76' lang='grc' dir='ltr'>Τοῦ</span> <span class='ocrx_word' id='word_1_516' title='bbox 721 4132 921 4208; x_wconf 80' lang='grc' dir='ltr'>Κυρίου</span> <span class='ocrx_word' id='word_1_517' title='bbox 953 4130 1235 4206; x_wconf 81' lang='grc' dir='ltr'>δεηθῶμεν</span> <span class='ocrx_word' id='word_1_518' title='bbox 1259 4137 1553 4190; x_wconf 82' lang='lat' dir='ltr'><strong>Dominum</strong></span> <span class='ocrx_word' id='word_1_519' title='bbox 1581 4153 1857 4207; x_wconf 80' lang='lat' dir='ltr'><strong>rogamus.</strong></span> 
     </span>
    </p>
   </div>
   <div class='ocr_carea' id='block_1_77' title="bbox 264 4240 1859 4315">
    <p class='ocr_par' dir='ltr' id='par_1_77' title="bbox 264 4240 1859 4315">
     <span class='ocr_line' id='line_1_77' title="bbox 264 4240 1859 4315; baseline 0.003 -22"><span class='ocrx_word' id='word_1_520' title='bbox 264 4240 483 4307; x_wconf 80' lang='grc' dir='ltr'>Συνών,</span> <span class='ocrx_word' id='word_1_521' title='bbox 516 4258 572 4311; x_wconf 94' lang='lat' dir='ltr'><strong>p.</strong></span> <span class='ocrx_word' id='word_1_522' title='bbox 624 4243 729 4296; x_wconf 24' lang='lat' dir='ltr'><strong>v87.</strong></span> <span class='ocrx_word' id='word_1_523' title='bbox 766 4241 1126 4297; x_wconf 79' lang='lat' dir='ltr'><strong>Pachomius</strong></span> <span class='ocrx_word' id='word_1_524' title='bbox 1188 4242 1473 4297; x_wconf 85' lang='lat' dir='ltr'><strong>litterator</strong></span> <span class='ocrx_word' id='word_1_525' title='bbox 1511 4244 1727 4299; x_wconf 89' lang='lat' dir='ltr'><strong>dicitur</strong></span> <span class='ocrx_word' id='word_1_526' title='bbox 1782 4247 1859 4315; x_wconf 78' lang='grc' dir='ltr'><strong>τῷ</strong></span> 
     </span>
    </p>
   </div>
   <div class='ocr_carea' id='block_1_78' title="bbox 187 4326 1861 4403">
    <p class='ocr_par' dir='ltr' id='par_1_78' title="bbox 187 4326 1861 4403">
     <span class='ocr_line' id='line_1_78' title="bbox 187 4326 1861 4403; baseline 0.002 -21"><span class='ocrx_word' id='word_1_527' title='bbox 187 4326 683 4400; x_wconf 71' lang='grc' dir='ltr'>Στρατηγοπούλῳ</span> <span class='ocrx_word' id='word_1_528' title='bbox 749 4328 990 4403; x_wconf 77' lang='grc' dir='ltr'>Μιχαὴλ</span> <span class='ocrx_word' id='word_1_529' title='bbox 1048 4330 1243 4385; x_wconf 88' lang='grc' dir='ltr'>συνών.</span> <span class='ocrx_word' id='word_1_530' title='bbox 1300 4332 1403 4386; x_wconf 79' lang='lat' dir='ltr'><strong>Hic</strong></span> <span class='ocrx_word' id='word_1_531' title='bbox 1468 4336 1565 4384; x_wconf 69' lang='grc' dir='ltr'><strong>τοῦ</strong></span> <span class='ocrx_word' id='word_1_532' title='bbox 1651 4338 1861 4386; x_wconf 81' lang='grc' dir='ltr'>συνεῖναι</span> 
     </span>
    </p>
   </div>
   <div class='ocr_carea' id='block_1_79' title="bbox 1965 3175 3616 3249">
    <p class='ocr_par' dir='ltr' id='par_1_79' title="bbox 1965 3175 3616 3249">
     <span class='ocr_line' id='line_1_79' title="bbox 1965 3175 3616 3249; baseline 0.001 -19"><span class='ocrx_word' id='word_1_533' title='bbox 1965 3184 2077 3231; x_wconf 90' lang='lat' dir='ltr'><strong>tur.</strong></span> <span class='ocrx_word' id='word_1_534' title='bbox 2133 3175 2242 3229; x_wconf 86' lang='lat' dir='ltr'><strong>Sed</strong></span> <span class='ocrx_word' id='word_1_535' title='bbox 2294 3175 2449 3228; x_wconf 88' lang='lat' dir='ltr'><strong>verbi</strong></span> <span class='ocrx_word' id='word_1_536' title='bbox 2508 3179 2963 3231; x_wconf 88' lang='lat' dir='ltr'><strong>controversiam</strong></span> <span class='ocrx_word' id='word_1_537' title='bbox 2996 3177 3523 3249; x_wconf 78' lang='lat' dir='ltr'><strong>profligaverimus,</strong></span> <span class='ocrx_word' id='word_1_538' title='bbox 3557 3194 3616 3232; x_wconf 90' lang='lat' dir='ltr'><strong>re</strong></span> 
     </span>
    </p>
   </div>
   <div class='ocr_carea' id='block_1_80' title="bbox 1963 3263 3613 3335">
    <p class='ocr_par' dir='ltr' id='par_1_80' title="bbox 1963 3263 3613 3335">
     <span class='ocr_line' id='line_1_80' title="bbox 1963 3263 3613 3335; baseline -0.001 -16"><span class='ocrx_word' id='word_1_539' title='bbox 1963 3263 2143 3319; x_wconf 86' lang='lat' dir='ltr'><strong>semel</strong></span> <span class='ocrx_word' id='word_1_540' title='bbox 2178 3263 2305 3333; x_wconf 88' lang='lat' dir='ltr'><strong>ipsa</strong></span> <span class='ocrx_word' id='word_1_541' title='bbox 2336 3263 2673 3317; x_wconf 85' lang='lat' dir='ltr'><strong>constituta.</strong></span> <span class='ocrx_word' id='word_1_542' title='bbox 2709 3263 3140 3331; x_wconf 88' lang='lat' dir='ltr'><strong>Demonstrato,</strong></span> <span class='ocrx_word' id='word_1_543' title='bbox 3178 3265 3444 3335; x_wconf 87' lang='lat' dir='ltr'><strong>inquam,</strong></span> <span class='ocrx_word' id='word_1_544' title='bbox 3504 3265 3613 3320; x_wconf 91' lang='lat' dir='ltr'><strong>loci</strong></span> 
     </span>
    </p>
   </div>
   <div class='ocr_carea' id='block_1_81' title="bbox 1964 3352 3613 3429">
    <p class='ocr_par' dir='ltr' id='par_1_81' title="bbox 1964 3352 3613 3429">
     <span class='ocr_line' id='line_1_81' title="bbox 1964 3352 3613 3429; baseline -0.001 -21"><span class='ocrx_word' id='word_1_545' title='bbox 1964 3369 2135 3423; x_wconf 89' lang='lat' dir='ltr'><strong>quem</strong></span> <span class='ocrx_word' id='word_1_546' title='bbox 2170 3356 2491 3405; x_wconf 86' lang='lat' dir='ltr'><strong>tractamus</strong></span> <span class='ocrx_word' id='word_1_547' title='bbox 2515 3352 2866 3406; x_wconf 82' lang='lat' dir='ltr'><strong>sententiam</strong></span> <span class='ocrx_word' id='word_1_548' title='bbox 2899 3353 3125 3423; x_wconf 83' lang='lat' dir='ltr'><strong>exigere</strong></span> <span class='ocrx_word' id='word_1_549' title='bbox 3159 3360 3222 3408; x_wconf 89' lang='lat' dir='ltr'><strong>ut</strong></span> <span class='ocrx_word' id='word_1_550' title='bbox 3250 3352 3479 3429; x_wconf 77' lang='grc' dir='ltr'>σφαίρος</span> <span class='ocrx_word' id='word_1_551' title='bbox 3509 3353 3613 3409; x_wconf 89' lang='lat' dir='ltr'><strong>fol-</strong></span> 
     </span>
    </p>
   </div>
   <div class='ocr_carea' id='block_1_82' title="bbox 1961 3440 3611 3509">
    <p class='ocr_par' dir='ltr' id='par_1_82' title="bbox 1961 3440 3611 3509">
     <span class='ocr_line' id='line_1_82' title="bbox 1961 3440 3611 3509; baseline 0.001 -14"><span class='ocrx_word' id='word_1_552' title='bbox 1961 3441 2073 3497; x_wconf 92' lang='lat' dir='ltr'><strong>lem</strong></span> <span class='ocrx_word' id='word_1_553' title='bbox 2112 3441 2372 3495; x_wconf 70' lang='lat' dir='ltr'><strong>rotundie</strong></span> <span class='ocrx_word' id='word_1_554' title='bbox 2406 3440 2604 3495; x_wconf 68' lang='lat' dir='ltr'><strong>formae</strong></span> <span class='ocrx_word' id='word_1_555' title='bbox 2656 3441 2969 3509; x_wconf 75' lang='lat' dir='ltr'><strong>significet,</strong></span> <span class='ocrx_word' id='word_1_556' title='bbox 3029 3443 3205 3496; x_wconf 88' lang='lat' dir='ltr'><strong>simul</strong></span> <span class='ocrx_word' id='word_1_557' title='bbox 3265 3442 3611 3498; x_wconf 90' lang='lat' dir='ltr'><strong>evicerimus</strong></span> 
     </span>
    </p>
   </div>
   <div class='ocr_carea' id='block_1_83' title="bbox 1961 3530 3608 3599">
    <p class='ocr_par' dir='ltr' id='par_1_83' title="bbox 1961 3530 3608 3599">
     <span class='ocr_line' id='line_1_83' title="bbox 1961 3530 3608 3599; baseline 0 -14"><span class='ocrx_word' id='word_1_558' title='bbox 1961 3532 2135 3587; x_wconf 88' lang='lat' dir='ltr'><strong>istam</strong></span> <span class='ocrx_word' id='word_1_559' title='bbox 2160 3532 2337 3599; x_wconf 86' lang='lat' dir='ltr'><strong>hujus</strong></span> <span class='ocrx_word' id='word_1_560' title='bbox 2362 3530 2655 3584; x_wconf 86' lang='lat' dir='ltr'><strong>vobabulli</strong></span> <span class='ocrx_word' id='word_1_561' title='bbox 2676 3531 2784 3585; x_wconf 91' lang='lat' dir='ltr'><strong>hoc</strong></span> <span class='ocrx_word' id='word_1_562' title='bbox 2817 3530 2941 3585; x_wconf 91' lang='lat' dir='ltr'><strong>loco</strong></span> <span class='ocrx_word' id='word_1_563' title='bbox 2963 3532 3260 3586; x_wconf 88' lang='lat' dir='ltr'><strong>notionem</strong></span> <span class='ocrx_word' id='word_1_564' title='bbox 3285 3548 3413 3587; x_wconf 90' lang='lat' dir='ltr'><strong>esse</strong></span> <span class='ocrx_word' id='word_1_565' title='bbox 3438 3532 3608 3586; x_wconf 86' lang='lat' dir='ltr'><strong>mini-</strong></span> 
     </span>
    </p>
   </div>
   <div class='ocr_carea' id='block_1_84' title="bbox 1962 3619 3614 3691">
    <p class='ocr_par' dir='ltr' id='par_1_84' title="bbox 1962 3619 3614 3691">
     <span class='ocr_line' id='line_1_84' title="bbox 1962 3619 3614 3691; baseline 0.001 -17"><span class='ocrx_word' id='word_1_566' title='bbox 1962 3636 2057 3674; x_wconf 90' lang='lat' dir='ltr'><strong>me</strong></span> <span class='ocrx_word' id='word_1_567' title='bbox 2087 3620 2348 3673; x_wconf 89' lang='lat' dir='ltr'><strong>dubiam.</strong></span> <span class='ocrx_word' id='word_1_568' title='bbox 2381 3624 2532 3688; x_wconf 85' lang='lat' dir='ltr'><strong>Ergo</strong></span> <span class='ocrx_word' id='word_1_569' title='bbox 2563 3620 2633 3671; x_wconf 90' lang='lat' dir='ltr'><strong>ad</strong></span> <span class='ocrx_word' id='word_1_570' title='bbox 2668 3619 2724 3672; x_wconf 93' lang='lat' dir='ltr'><strong>id</strong></span> <span class='ocrx_word' id='word_1_571' title='bbox 2780 3636 2887 3673; x_wconf 91' lang='lat' dir='ltr'><strong>nos</strong></span> <span class='ocrx_word' id='word_1_572' title='bbox 2940 3621 3339 3691; x_wconf 88' lang='lat' dir='ltr'><strong>accingamus.</strong></span> <span class='ocrx_word' id='word_1_573' title='bbox 3392 3622 3489 3674; x_wconf 83' lang='lat' dir='ltr'><strong>Ait</strong></span> <span class='ocrx_word' id='word_1_574' title='bbox 3519 3621 3614 3676; x_wconf 90' lang='lat' dir='ltr'><strong>hic</strong></span> 
     </span>
    </p>
   </div>
   <div class='ocr_carea' id='block_1_85' title="bbox 1964 3706 3610 3779">
    <p class='ocr_par' dir='ltr' id='par_1_85' title="bbox 1964 3706 3610 3779">
     <span class='ocr_line' id='line_1_85' title="bbox 1964 3706 3610 3779; baseline 0 -16"><span class='ocrx_word' id='word_1_575' title='bbox 1964 3709 2344 3778; x_wconf 77' lang='lat' dir='ltr'><strong>Pachymeres</strong></span> <span class='ocrx_word' id='word_1_576' title='bbox 2395 3706 2786 3776; x_wconf 89' lang='lat' dir='ltr'><strong>patriarcham</strong></span> <span class='ocrx_word' id='word_1_577' title='bbox 2879 3708 3213 3773; x_wconf 83' lang='lat' dir='ltr'><strong>Arsenium,</strong></span> <span class='ocrx_word' id='word_1_578' title='bbox 3298 3715 3610 3779; x_wconf 89' lang='lat' dir='ltr'><strong>postquam</strong></span> 
     </span>
    </p>
   </div>
   <div class='ocr_carea' id='block_1_86' title="bbox 1960 3794 3610 3866">
    <p class='ocr_par' dir='ltr' id='par_1_86' title="bbox 1960 3794 3610 3866">
     <span class='ocr_line' id='line_1_86' title="bbox 1960 3794 3610 3866; baseline -0.001 -15"><span class='ocrx_word' id='word_1_579' title='bbox 1960 3796 2227 3851; x_wconf 88' lang='lat' dir='ltr'><strong>Michaeli</strong></span> <span class='ocrx_word' id='word_1_580' title='bbox 2264 3794 2581 3864; x_wconf 72' lang='lat' dir='ltr'><strong>Palzeologo</strong></span> <span class='ocrx_word' id='word_1_581' title='bbox 2614 3796 2948 3863; x_wconf 84' lang='lat' dir='ltr'><strong>imperatori</strong></span> <span class='ocrx_word' id='word_1_582' title='bbox 2978 3797 3050 3849; x_wconf 92' lang='lat' dir='ltr'><strong>ob</strong></span> <span class='ocrx_word' id='word_1_583' title='bbox 3089 3802 3437 3850; x_wconf 69' lang='lat' dir='ltr'><strong>excaecatum</strong></span> <span class='ocrx_word' id='word_1_584' title='bbox 3498 3814 3610 3866; x_wconf 87' lang='lat' dir='ltr'><strong>pu-</strong></span> 
     </span>
    </p>
   </div>
   <div class='ocr_carea' id='block_1_87' title="bbox 1963 3883 3610 3955">
    <p class='ocr_par' dir='ltr' id='par_1_87' title="bbox 1963 3883 3610 3955">
     <span class='ocr_line' id='line_1_87' title="bbox 1963 3883 3610 3955; baseline 0 -17"><span class='ocrx_word' id='word_1_585' title='bbox 1963 3886 2163 3955; x_wconf 84' lang='lat' dir='ltr'><strong>pilium</strong></span> <span class='ocrx_word' id='word_1_586' title='bbox 2200 3889 2257 3937; x_wconf 92' lang='lat' dir='ltr'><strong>et</strong></span> <span class='ocrx_word' id='word_1_587' title='bbox 2278 3883 2558 3952; x_wconf 86' lang='lat' dir='ltr'><strong>collegam</strong></span> <span class='ocrx_word' id='word_1_588' title='bbox 2594 3900 2766 3937; x_wconf 89' lang='lat' dir='ltr'><strong>suum</strong></span> <span class='ocrx_word' id='word_1_589' title='bbox 2801 3884 2858 3936; x_wconf 91' lang='lat' dir='ltr'><strong>in</strong></span> <span class='ocrx_word' id='word_1_590' title='bbox 2894 3884 3137 3953; x_wconf 88' lang='lat' dir='ltr'><strong>imperio</strong></span> <span class='ocrx_word' id='word_1_591' title='bbox 3158 3884 3443 3938; x_wconf 89' lang='lat' dir='ltr'><strong>Joannem</strong></span> <span class='ocrx_word' id='word_1_592' title='bbox 3470 3902 3610 3953; x_wconf 89' lang='lat' dir='ltr'><strong>pue-</strong></span> 
     </span>
    </p>
   </div>
   <div class='ocr_carea' id='block_1_88' title="bbox 1962 3971 3609 4039">
    <p class='ocr_par' dir='ltr' id='par_1_88' title="bbox 1962 3971 3609 4039">
     <span class='ocr_line' id='line_1_88' title="bbox 1962 3971 3609 4039; baseline 0.001 -13"><span class='ocrx_word' id='word_1_593' title='bbox 1962 3991 2090 4026; x_wconf 89' lang='lat' dir='ltr'><strong>rum</strong></span> <span class='ocrx_word' id='word_1_594' title='bbox 2126 3973 2309 4026; x_wconf 89' lang='lat' dir='ltr'><strong>sacris</strong></span> <span class='ocrx_word' id='word_1_595' title='bbox 2342 3971 2739 4034; x_wconf 86' lang='lat' dir='ltr'><strong>interdixerat,</strong></span> <span class='ocrx_word' id='word_1_596' title='bbox 2773 3971 3184 4025; x_wconf 85' lang='lat' dir='ltr'><strong>dissimulasse</strong></span> <span class='ocrx_word' id='word_1_597' title='bbox 3216 3977 3436 4039; x_wconf 88' lang='lat' dir='ltr'><strong>tamen,</strong></span> <span class='ocrx_word' id='word_1_598' title='bbox 3468 3973 3609 4027; x_wconf 88' lang='lat' dir='ltr'><strong>dum</strong></span> 
     </span>
    </p>
   </div>
   <div class='ocr_carea' id='block_1_89' title="bbox 1963 4059 3609 4133">
    <p class='ocr_par' dir='ltr' id='par_1_89' title="bbox 1963 4059 3609 4133">
     <span class='ocr_line' id='line_1_89' title="bbox 1963 4059 3609 4133; baseline -0.001 -17"><span class='ocrx_word' id='word_1_599' title='bbox 1963 4062 2228 4133; x_wconf 77' lang='lat' dir='ltr'><strong>quaedam</strong></span> <span class='ocrx_word' id='word_1_600' title='bbox 2264 4060 2386 4115; x_wconf 84' lang='lat' dir='ltr'><strong>fieri</strong></span> <span class='ocrx_word' id='word_1_601' title='bbox 2419 4060 2633 4114; x_wconf 84' lang='lat' dir='ltr'><strong>videret</strong></span> <span class='ocrx_word' id='word_1_602' title='bbox 2663 4059 2907 4115; x_wconf 88' lang='lat' dir='ltr'><strong>minime</strong></span> <span class='ocrx_word' id='word_1_603' title='bbox 2930 4060 3282 4115; x_wconf 68' lang='lat' dir='ltr'><strong>cohaerentia</strong></span> <span class='ocrx_word' id='word_1_604' title='bbox 3304 4076 3438 4115; x_wconf 92' lang='lat' dir='ltr'><strong>eum</strong></span> <span class='ocrx_word' id='word_1_605' title='bbox 3469 4078 3609 4115; x_wconf 87' lang='lat' dir='ltr'><strong>ana-</strong></span> 
     </span>
    </p>
   </div>
   <div class='ocr_carea' id='block_1_90' title="bbox 1962 4148 3613 4220">
    <p class='ocr_par' dir='ltr' id='par_1_90' title="bbox 1962 4148 3613 4220">
     <span class='ocr_line' id='line_1_90' title="bbox 1962 4148 3613 4220; baseline -0.001 -15"><span class='ocrx_word' id='word_1_606' title='bbox 1962 4152 2217 4205; x_wconf 87' lang='lat' dir='ltr'><strong>themate</strong></span> <span class='ocrx_word' id='word_1_607' title='bbox 2252 4150 2359 4204; x_wconf 90' lang='lat' dir='ltr'><strong>rite</strong></span> <span class='ocrx_word' id='word_1_608' title='bbox 2390 4149 2630 4203; x_wconf 89' lang='lat' dir='ltr'><strong>intorto.</strong></span> <span class='ocrx_word' id='word_1_609' title='bbox 2667 4149 2806 4204; x_wconf 78' lang='lat' dir='ltr'><strong>Nam</strong></span> <span class='ocrx_word' id='word_1_610' title='bbox 2840 4165 2971 4203; x_wconf 91' lang='lat' dir='ltr'><strong>cum</strong></span> <span class='ocrx_word' id='word_1_611' title='bbox 3015 4166 3150 4203; x_wconf 90' lang='lat' dir='ltr'><strong>eum</strong></span> <span class='ocrx_word' id='word_1_612' title='bbox 3202 4150 3303 4220; x_wconf 89' lang='lat' dir='ltr'><strong>qui</strong></span> <span class='ocrx_word' id='word_1_613' title='bbox 3362 4148 3485 4216; x_wconf 90' lang='lat' dir='ltr'><strong>tali,</strong></span> <span class='ocrx_word' id='word_1_614' title='bbox 3550 4154 3613 4204; x_wconf 94' lang='lat' dir='ltr'><strong>ut</strong></span> 
     </span>
    </p>
   </div>
   <div class='ocr_carea' id='block_1_91' title="bbox 1968 4237 3615 4311">
    <p class='ocr_par' dir='ltr' id='par_1_91' title="bbox 1968 4237 3615 4311">
     <span class='ocr_line' id='line_1_91' title="bbox 1968 4237 3615 4311; baseline -0.001 -17"><span class='ocrx_word' id='word_1_615' title='bbox 1968 4240 2144 4311; x_wconf 88' lang='lat' dir='ltr'><strong>paulo</strong></span> <span class='ocrx_word' id='word_1_616' title='bbox 2180 4244 2312 4293; x_wconf 85' lang='lat' dir='ltr'><strong>ante</strong></span> <span class='ocrx_word' id='word_1_617' title='bbox 2346 4237 2625 4308; x_wconf 89' lang='lat' dir='ltr'><strong>loquitur,</strong></span> <span class='ocrx_word' id='word_1_618' title='bbox 2649 4237 2833 4309; x_wconf 79' lang='lat' dir='ltr'><strong>gladio</strong></span> <span class='ocrx_word' id='word_1_619' title='bbox 2863 4237 3089 4309; x_wconf 70' lang='lat' dir='ltr'><strong>spiritus</strong></span> <span class='ocrx_word' id='word_1_620' title='bbox 3138 4256 3169 4293; x_wconf 93' lang='lat' dir='ltr'><strong>a</strong></span> <span class='ocrx_word' id='word_1_621' title='bbox 3200 4239 3615 4293; x_wconf 87' lang='lat' dir='ltr'><strong>communione</strong></span> 
     </span>
    </p>
   </div>
   <div class='ocr_carea' id='block_1_92' title="bbox 1968 4326 3615 4399">
    <p class='ocr_par' dir='ltr' id='par_1_92' title="bbox 1968 4326 3615 4399">
     <span class='ocr_line' id='line_1_92' title="bbox 1968 4326 3615 4399; baseline -0.001 -16"><span class='ocrx_word' id='word_1_622' title='bbox 1968 4327 2220 4383; x_wconf 85' lang='lat' dir='ltr'><strong>fidelium</strong></span> <span class='ocrx_word' id='word_1_623' title='bbox 2252 4326 2423 4399; x_wconf 89' lang='lat' dir='ltr'><strong>plane</strong></span> <span class='ocrx_word' id='word_1_624' title='bbox 2455 4326 2754 4381; x_wconf 89' lang='lat' dir='ltr'><strong>abscissus</strong></span> <span class='ocrx_word' id='word_1_625' title='bbox 2784 4327 2991 4381; x_wconf 82' lang='lat' dir='ltr'><strong>fuisset</strong></span> <span class='ocrx_word' id='word_1_626' title='bbox 3024 4329 3186 4381; x_wconf 89' lang='lat' dir='ltr'><strong>nefas</strong></span> <span class='ocrx_word' id='word_1_627' title='bbox 3239 4330 3395 4381; x_wconf 87' lang='lat' dir='ltr'><strong>esset</strong></span> <span class='ocrx_word' id='word_1_628' title='bbox 3444 4328 3615 4397; x_wconf 83' lang='lat' dir='ltr'><strong>juxta</strong></span> 
     </span>
    </p>
   </div>
   <div class='ocr_carea' id='block_1_93' title="bbox 188 4415 3616 4513">
    <p class='ocr_par' dir='ltr' id='par_1_93' title="bbox 188 4415 3616 4513">
     <span class='ocr_line' id='line_1_93' title="bbox 188 4415 3616 4513; baseline -0.001 -42"><span class='ocrx_word' id='word_1_629' title='bbox 188 4420 381 4473; x_wconf 80' lang='lat' dir='ltr'><strong>verbo</strong></span> <span class='ocrx_word' id='word_1_630' title='bbox 417 4435 531 4473; x_wconf 90' lang='lat' dir='ltr'><strong>non</strong></span> <span class='ocrx_word' id='word_1_631' title='bbox 563 4419 838 4489; x_wconf 56' lang='lat' dir='ltr'><strong>qualibet</strong></span> <span class='ocrx_word' id='word_1_632' title='bbox 860 4420 1154 4474; x_wconf 87' lang='lat' dir='ltr'><strong>indicatur</strong></span> <span class='ocrx_word' id='word_1_633' title='bbox 1199 4422 1525 4491; x_wconf 58' lang='lat' dir='ltr'><strong>praesentia,</strong></span> <span class='ocrx_word' id='word_1_634' title='bbox 1576 4424 1675 4478; x_wconf 86' lang='lat' dir='ltr'><strong>sed</strong></span> <span class='ocrx_word' id='word_1_635' title='bbox 1722 4424 1857 4477; x_wconf 89' lang='lat' dir='ltr'><strong>inti-</strong></span> <span class='ocrx_word' id='word_1_636' title='bbox 1890 4453 1937 4513; x_wconf 64' lang='grc' dir='ltr'><strong>Β</strong></span> <span class='ocrx_word' id='word_1_637' title='bbox 1969 4434 2163 4472; x_wconf 86' lang='lat' dir='ltr'><strong>sacros</strong></span> <span class='ocrx_word' id='word_1_638' title='bbox 2187 4433 2441 4470; x_wconf 82' lang='lat' dir='ltr'><strong>canones</strong></span> <span class='ocrx_word' id='word_1_639' title='bbox 2473 4416 2782 4469; x_wconf 88' lang='lat' dir='ltr'><strong>admittere</strong></span> <span class='ocrx_word' id='word_1_640' title='bbox 2806 4416 2876 4469; x_wconf 90' lang='lat' dir='ltr'><strong>ad</strong></span> <span class='ocrx_word' id='word_1_641' title='bbox 2902 4415 3079 4469; x_wconf 90' lang='lat' dir='ltr'><strong>ullam</strong></span> <span class='ocrx_word' id='word_1_642' title='bbox 3111 4415 3616 4513; x_wconf 73' lang='lat' dir='ltr'><strong>participationem</strong></span> 
     </span>
    </p>
   </div>
   <div class='ocr_carea' id='block_1_94' title="bbox 190 4506 1849 4579">
    <p class='ocr_par' dir='ltr' id='par_1_94' title="bbox 190 4506 1849 4579">
     <span class='ocr_line' id='line_1_94' title="bbox 190 4506 1849 4579; baseline 0.004 -18"><span class='ocrx_word' id='word_1_643' title='bbox 190 4525 336 4561; x_wconf 87' lang='lat' dir='ltr'><strong>mus</strong></span> <span class='ocrx_word' id='word_1_644' title='bbox 365 4506 665 4562; x_wconf 90' lang='lat' dir='ltr'><strong>convictus</strong></span> <span class='ocrx_word' id='word_1_645' title='bbox 698 4508 1204 4579; x_wconf 85' lang='lat' dir='ltr'><strong>domesticumque</strong></span> <span class='ocrx_word' id='word_1_646' title='bbox 1234 4509 1291 4563; x_wconf 92' lang='lat' dir='ltr'><strong>in</strong></span> <span class='ocrx_word' id='word_1_647' title='bbox 1327 4527 1384 4564; x_wconf 92' lang='lat' dir='ltr'><strong>re</strong></span> <span class='ocrx_word' id='word_1_648' title='bbox 1425 4509 1709 4566; x_wconf 89' lang='lat' dir='ltr'><strong>litteraria</strong></span> <span class='ocrx_word' id='word_1_649' title='bbox 1741 4514 1849 4566; x_wconf 89' lang='lat' dir='ltr'><strong>mi-</strong></span> 
     </span>
    </p>
   </div>
   <div class='ocr_carea' id='block_1_95' title="bbox 195 4596 1854 4670">
    <p class='ocr_par' dir='ltr' id='par_1_95' title="bbox 195 4596 1854 4670">
     <span class='ocr_line' id='line_1_95' title="bbox 195 4596 1854 4670; baseline 0.004 -20"><span class='ocrx_word' id='word_1_650' title='bbox 195 4596 545 4662; x_wconf 86' lang='lat' dir='ltr'><strong>nisterium,</strong></span> <span class='ocrx_word' id='word_1_651' title='bbox 580 4596 747 4663; x_wconf 81' lang='lat' dir='ltr'><strong>quale</strong></span> <span class='ocrx_word' id='word_1_652' title='bbox 781 4597 989 4650; x_wconf 80' lang='lat' dir='ltr'><strong>divites</strong></span> <span class='ocrx_word' id='word_1_653' title='bbox 1012 4597 1147 4651; x_wconf 87' lang='lat' dir='ltr'><strong>olim</strong></span> <span class='ocrx_word' id='word_1_654' title='bbox 1172 4598 1482 4653; x_wconf 80' lang='lat' dir='ltr'><strong>exihebant</strong></span> <span class='ocrx_word' id='word_1_655' title='bbox 1513 4600 1582 4653; x_wconf 89' lang='lat' dir='ltr'><strong>ab</strong></span> <span class='ocrx_word' id='word_1_656' title='bbox 1612 4601 1682 4655; x_wconf 84' lang='lat' dir='ltr'><strong>iis</strong></span> <span class='ocrx_word' id='word_1_657' title='bbox 1707 4618 1854 4670; x_wconf 89' lang='lat' dir='ltr'><strong>quos</strong></span> 
     </span>
    </p>
   </div>
   <div class='ocr_carea' id='block_1_96' title="bbox 188 4684 1856 4756">
    <p class='ocr_par' dir='ltr' id='par_1_96' title="bbox 188 4684 1856 4756">
     <span class='ocr_line' id='line_1_96' title="bbox 188 4684 1856 4756; baseline 0.004 -18"><span class='ocrx_word' id='word_1_658' title='bbox 188 4686 356 4756; x_wconf 86' lang='lat' dir='ltr'><strong>apud</strong></span> <span class='ocrx_word' id='word_1_659' title='bbox 397 4702 459 4739; x_wconf 89' lang='lat' dir='ltr'><strong>se</strong></span> <span class='ocrx_word' id='word_1_660' title='bbox 492 4684 806 4751; x_wconf 87' lang='lat' dir='ltr'><strong>habebant,</strong></span> <span class='ocrx_word' id='word_1_661' title='bbox 844 4691 903 4739; x_wconf 91' lang='lat' dir='ltr'><strong>ut</strong></span> <span class='ocrx_word' id='word_1_662' title='bbox 926 4704 1124 4741; x_wconf 91' lang='lat' dir='ltr'><strong>eorum</strong></span> <span class='ocrx_word' id='word_1_663' title='bbox 1159 4689 1509 4752; x_wconf 88' lang='lat' dir='ltr'><strong>eruditione,</strong></span> <span class='ocrx_word' id='word_1_664' title='bbox 1570 4707 1701 4744; x_wconf 92' lang='lat' dir='ltr'><strong>cum</strong></span> <span class='ocrx_word' id='word_1_665' title='bbox 1763 4709 1856 4745; x_wconf 90' lang='lat' dir='ltr'><strong>es-</strong></span> 
     </span>
    </p>
   </div>
   <div class='ocr_carea' id='block_1_97' title="bbox 189 4776 1857 4843">
    <p class='ocr_par' dir='ltr' id='par_1_97' title="bbox 189 4776 1857 4843">
     <span class='ocr_line' id='line_1_97' title="bbox 189 4776 1857 4843; baseline 0.004 -17"><span class='ocrx_word' id='word_1_666' title='bbox 189 4779 287 4827; x_wconf 71' lang='lat' dir='ltr'><strong>set</strong></span> <span class='ocrx_word' id='word_1_667' title='bbox 324 4790 476 4843; x_wconf 78' lang='lat' dir='ltr'><strong>opus</strong></span> <span class='ocrx_word' id='word_1_668' title='bbox 516 4781 614 4827; x_wconf 85' lang='lat' dir='ltr'><strong>aut</strong></span> <span class='ocrx_word' id='word_1_669' title='bbox 670 4779 917 4843; x_wconf 84' lang='lat' dir='ltr'><strong>vacaret,</strong></span> <span class='ocrx_word' id='word_1_670' title='bbox 965 4776 1336 4842; x_wconf 88' lang='lat' dir='ltr'><strong>juvarentur.</strong></span> <span class='ocrx_word' id='word_1_671' title='bbox 1396 4776 1463 4830; x_wconf 90' lang='lat' dir='ltr'><strong>Hi</strong></span> <span class='ocrx_word' id='word_1_672' title='bbox 1516 4777 1671 4832; x_wconf 85' lang='lat' dir='ltr'><strong>haud</strong></span> <span class='ocrx_word' id='word_1_673' title='bbox 1740 4780 1857 4833; x_wconf 87' lang='lat' dir='ltr'><strong>fere</strong></span> 
     </span>
    </p>
   </div>
   <div class='ocr_carea' id='block_1_98' title="bbox 185 4860 1859 4937">
    <p class='ocr_par' dir='ltr' id='par_1_98' title="bbox 185 4860 1859 4937">
     <span class='ocr_line' id='line_1_98' title="bbox 185 4860 1859 4937; baseline 0.004 -22"><span class='ocrx_word' id='word_1_674' title='bbox 185 4868 367 4917; x_wconf 56' lang='lat' dir='ltr'><strong>aiiior</strong></span> <span class='ocrx_word' id='word_1_675' title='bbox 388 4878 567 4932; x_wconf 91' lang='lat' dir='ltr'><strong>quam</strong></span> <span class='ocrx_word' id='word_1_676' title='bbox 599 4860 844 4923; x_wconf 82' lang='grc' dir='ltr'><strong>συνόντες</strong></span> <span class='ocrx_word' id='word_1_677' title='bbox 877 4865 1255 4933; x_wconf 87' lang='lat' dir='ltr'><strong>vocabantur,</strong></span> <span class='ocrx_word' id='word_1_678' title='bbox 1290 4869 1352 4919; x_wconf 88' lang='lat' dir='ltr'><strong>ut</strong></span> <span class='ocrx_word' id='word_1_679' title='bbox 1382 4865 1732 4937; x_wconf 86' lang='lat' dir='ltr'><strong>intelligitur</strong></span> <span class='ocrx_word' id='word_1_680' title='bbox 1790 4885 1859 4922; x_wconf 65' lang='lat' dir='ltr'><strong>ex</strong></span> 
     </span>
    </p>
   </div>
   <div class='ocr_carea' id='block_1_99' title="bbox 182 4951 1859 5026">
    <p class='ocr_par' dir='ltr' id='par_1_99' title="bbox 182 4951 1859 5026">
     <span class='ocr_line' id='line_1_99' title="bbox 182 4951 1859 5026; baseline 0.003 -20"><span class='ocrx_word' id='word_1_681' title='bbox 182 4953 373 5021; x_wconf 74' lang='lat' dir='ltr'><strong>longo</strong></span> <span class='ocrx_word' id='word_1_682' title='bbox 406 4956 462 5004; x_wconf 90' lang='lat' dir='ltr'><strong>et</strong></span> <span class='ocrx_word' id='word_1_683' title='bbox 495 4951 853 5023; x_wconf 80' lang='lat' dir='ltr'><strong>percieganti</strong></span> <span class='ocrx_word' id='word_1_684' title='bbox 885 4952 1128 5007; x_wconf 85' lang='lat' dir='ltr'><strong>Luciani</strong></span> <span class='ocrx_word' id='word_1_685' title='bbox 1177 4954 1248 5008; x_wconf 91' lang='lat' dir='ltr'><strong>de</strong></span> <span class='ocrx_word' id='word_1_686' title='bbox 1300 4953 1393 5008; x_wconf 92' lang='lat' dir='ltr'><strong>his</strong></span> <span class='ocrx_word' id='word_1_687' title='bbox 1450 4954 1621 5021; x_wconf 90' lang='lat' dir='ltr'><strong>libro,</strong></span> <span class='ocrx_word' id='word_1_688' title='bbox 1684 4957 1859 5026; x_wconf 90' lang='lat' dir='ltr'><strong>cujus</strong></span> 
     </span>
    </p>
   </div>
   <div class='ocr_carea' id='block_1_100' title="bbox 186 5039 1861 5116">
    <p class='ocr_par' dir='ltr' id='par_1_100' title="bbox 186 5039 1861 5116">
     <span class='ocr_line' id='line_1_100' title="bbox 186 5039 1861 5116; baseline 0.001 -22"><span class='ocrx_word' id='word_1_689' title='bbox 186 5042 328 5109; x_wconf 85' lang='lat' dir='ltr'><strong>ipse</strong></span> <span class='ocrx_word' id='word_1_690' title='bbox 352 5039 561 5095; x_wconf 87' lang='lat' dir='ltr'><strong>titulus</strong></span> <span class='ocrx_word' id='word_1_691' title='bbox 592 5040 961 5111; x_wconf 89' lang='lat' dir='ltr'><strong>(inscribitur</strong></span> <span class='ocrx_word' id='word_1_692' title='bbox 992 5042 1147 5095; x_wconf 91' lang='lat' dir='ltr'><strong>enim</strong></span> <span class='ocrx_word' id='word_1_693' title='bbox 1210 5041 1339 5116; x_wconf 79' lang='grc' dir='ltr'><strong>Περῖ</strong></span> <span class='ocrx_word' id='word_1_694' title='bbox 1400 5045 1472 5094; x_wconf 81' lang='grc' dir='ltr'>ὧν</span> <span class='ocrx_word' id='word_1_695' title='bbox 1533 5039 1618 5095; x_wconf 82' lang='grc' dir='ltr'>ἐπὶ</span> <span class='ocrx_word' id='word_1_696' title='bbox 1683 5045 1861 5116; x_wconf 73' lang='grc' dir='ltr'>μισθῷ</span> 
     </span>
    </p>
   </div>
   <div class='ocr_carea' id='block_1_101' title="bbox 184 5128 1860 5201">
    <p class='ocr_par' dir='ltr' id='par_1_101' title="bbox 184 5128 1860 5201">
     <span class='ocr_line' id='line_1_101' title="bbox 184 5128 1860 5201; baseline 0.003 -17"><span class='ocrx_word' id='word_1_697' title='bbox 184 5130 354 5184; x_wconf 77' lang='lat'><strong>608</strong></span> <span class='ocrx_word' id='word_1_698' title='bbox 391 5128 682 5197; x_wconf 83' lang='grc' dir='ltr'><strong>συνόντων)</strong></span> <span class='ocrx_word' id='word_1_699' title='bbox 715 5130 866 5185; x_wconf 88' lang='lat' dir='ltr'><strong>hanc</strong></span> <span class='ocrx_word' id='word_1_700' title='bbox 899 5147 1074 5200; x_wconf 89' lang='lat' dir='ltr'><strong>quam</strong></span> <span class='ocrx_word' id='word_1_701' title='bbox 1110 5132 1433 5186; x_wconf 88' lang='lat' dir='ltr'><strong>asserimus</strong></span> <span class='ocrx_word' id='word_1_702' title='bbox 1466 5132 1644 5201; x_wconf 86' lang='lat' dir='ltr'><strong>hujus</strong></span> <span class='ocrx_word' id='word_1_703' title='bbox 1694 5152 1860 5190; x_wconf 87' lang='lat' dir='ltr'><strong>voca-</strong></span> 
     </span>
    </p>
   </div>
   <div class='ocr_carea' id='block_1_102' title="bbox 194 5218 1085 5275">
    <p class='ocr_par' dir='ltr' id='par_1_102' title="bbox 194 5218 1085 5275">
     <span class='ocr_line' id='line_1_102' title="bbox 194 5218 1085 5275; baseline 0.003 -4"><span class='ocrx_word' id='word_1_704' title='bbox 194 5218 329 5272; x_wconf 89' lang='lat' dir='ltr'><strong>buli</strong></span> <span class='ocrx_word' id='word_1_705' title='bbox 367 5219 665 5273; x_wconf 88' lang='lat' dir='ltr'><strong>notionem</strong></span> <span class='ocrx_word' id='word_1_706' title='bbox 700 5221 1085 5275; x_wconf 88' lang='lat' dir='ltr'><strong>demonstrat.</strong></span> 
     </span>
    </p>
   </div>
   <div class='ocr_carea' id='block_1_103' title="bbox 267 5315 1862 5392">
    <p class='ocr_par' dir='ltr' id='par_1_103' title="bbox 267 5315 1862 5392">
     <span class='ocr_line' id='line_1_103' title="bbox 267 5315 1862 5392; baseline 0.006 -25"><span class='ocrx_word' id='word_1_707' title='bbox 267 5315 652 5387; x_wconf 81' lang='grc' dir='ltr'>Συριωάννης,</span> <span class='ocrx_word' id='word_1_708' title='bbox 689 5334 745 5388; x_wconf 81' lang='lat' dir='ltr'><strong>p.</strong></span> <span class='ocrx_word' id='word_1_709' title='bbox 778 5317 902 5371; x_wconf 85' lang='lat'><strong>328.</strong></span> <span class='ocrx_word' id='word_1_710' title='bbox 948 5318 1083 5389; x_wconf 90' lang='lat' dir='ltr'><strong>Agit</strong></span> <span class='ocrx_word' id='word_1_711' title='bbox 1128 5318 1199 5372; x_wconf 89' lang='lat' dir='ltr'><strong>de</strong></span> <span class='ocrx_word' id='word_1_712' title='bbox 1250 5318 1475 5373; x_wconf 86' lang='lat' dir='ltr'><strong>Joanne</strong></span> <span class='ocrx_word' id='word_1_713' title='bbox 1525 5320 1672 5375; x_wconf 86' lang='lat' dir='ltr'><strong>duce</strong></span> <span class='ocrx_word' id='word_1_714' title='bbox 1733 5338 1862 5392; x_wconf 86' lang='lat' dir='ltr'><strong>pro-</strong></span> 
     </span>
    </p>
   </div>
   <div class='ocr_carea' id='block_1_104' title="bbox 194 5404 1864 5477">
    <p class='ocr_par' dir='ltr' id='par_1_104' title="bbox 194 5404 1864 5477">
     <span class='ocr_line' id='line_1_104' title="bbox 194 5404 1864 5477; baseline 0.004 -19"><span class='ocrx_word' id='word_1_715' title='bbox 194 5407 361 5459; x_wconf 84' lang='lat' dir='ltr'><strong>fecto</strong></span> <span class='ocrx_word' id='word_1_716' title='bbox 387 5404 637 5468; x_wconf 85' lang='lat' dir='ltr'><strong>Thebas,</strong></span> <span class='ocrx_word' id='word_1_717' title='bbox 664 5411 721 5460; x_wconf 92' lang='lat' dir='ltr'><strong>et</strong></span> <span class='ocrx_word' id='word_1_718' title='bbox 780 5404 899 5459; x_wconf 89' lang='lat' dir='ltr'><strong>illic</strong></span> <span class='ocrx_word' id='word_1_719' title='bbox 956 5406 1279 5476; x_wconf 89' lang='lat' dir='ltr'><strong>reperiente</strong></span> <span class='ocrx_word' id='word_1_720' title='bbox 1340 5422 1619 5477; x_wconf 88' lang='lat' dir='ltr'><strong>magnum</strong></span> <span class='ocrx_word' id='word_1_721' title='bbox 1676 5409 1864 5465; x_wconf 86' lang='lat' dir='ltr'><strong>domi-</strong></span> 
     </span>
    </p>
   </div>
   <div class='ocr_carea' id='block_1_105' title="bbox 186 5494 1865 5567">
    <p class='ocr_par' dir='ltr' id='par_1_105' title="bbox 186 5494 1865 5567">
     <span class='ocr_line' id='line_1_105' title="bbox 186 5494 1865 5567; baseline 0.004 -19"><span class='ocrx_word' id='word_1_722' title='bbox 186 5510 375 5561; x_wconf 87' lang='lat' dir='ltr'><strong>num,</strong></span> <span class='ocrx_word' id='word_1_723' title='bbox 409 5510 579 5562; x_wconf 86' lang='lat' dir='ltr'><strong>quem</strong></span> <span class='ocrx_word' id='word_1_724' title='bbox 616 5494 822 5565; x_wconf 85' lang='lat' dir='ltr'><strong>lingua</strong></span> <span class='ocrx_word' id='word_1_725' title='bbox 854 5495 1221 5565; x_wconf 85' lang='lat' dir='ltr'><strong>popularium</strong></span> <span class='ocrx_word' id='word_1_726' title='bbox 1249 5495 1327 5549; x_wconf 89' lang='lat' dir='ltr'><strong>ibi</strong></span> <span class='ocrx_word' id='word_1_727' title='bbox 1360 5496 1739 5567; x_wconf 73' lang='lat' dir='ltr'><strong>Syrioannem</strong></span> <span class='ocrx_word' id='word_1_728' title='bbox 1776 5518 1865 5556; x_wconf 85' lang='lat' dir='ltr'><strong>vo-</strong></span> 
     </span>
    </p>
   </div>
   <div class='ocr_carea' id='block_1_106' title="bbox 187 5584 1866 5657">
    <p class='ocr_par' dir='ltr' id='par_1_106' title="bbox 187 5584 1866 5657">
     <span class='ocr_line' id='line_1_106' title="bbox 187 5584 1866 5657; baseline 0.005 -19"><span class='ocrx_word' id='word_1_729' title='bbox 187 5584 451 5638; x_wconf 87' lang='lat' dir='ltr'><strong>citatum</strong></span> <span class='ocrx_word' id='word_1_730' title='bbox 510 5584 614 5647; x_wconf 87' lang='lat' dir='ltr'><strong>ait,</strong></span> <span class='ocrx_word' id='word_1_731' title='bbox 675 5588 731 5637; x_wconf 89' lang='lat' dir='ltr'><strong>et</strong></span> <span class='ocrx_word' id='word_1_732' title='bbox 778 5587 971 5637; x_wconf 89' lang='lat' dir='ltr'><strong>tamen</strong></span> <span class='ocrx_word' id='word_1_733' title='bbox 1032 5584 1443 5654; x_wconf 88' lang='lat' dir='ltr'><strong>cognominem</strong></span> <span class='ocrx_word' id='word_1_734' title='bbox 1503 5586 1625 5657; x_wconf 91' lang='lat' dir='ltr'><strong>ipse</strong></span> <span class='ocrx_word' id='word_1_735' title='bbox 1688 5590 1866 5646; x_wconf 87' lang='lat' dir='ltr'><strong>fuisse</strong></span> 
     </span>
    </p>
   </div>
   <div class='ocr_carea' id='block_1_107' title="bbox 538 5702 1263 5765">
    <p class='ocr_par' dir='ltr' id='par_1_107' title="bbox 538 5702 1263 5765">
     <span class='ocr_line' id='line_1_107' title="bbox 538 5702 1263 5765; baseline 0.004 -3"><span class='ocrx_word' id='word_1_736' title='bbox 538 5703 799 5764; x_wconf 74' lang='grc' dir='ltr'>ΡΑτιιοι.</span> <span class='ocrx_word' id='word_1_737' title='bbox 850 5704 959 5763; x_wconf 79' lang='lat' dir='ltr'><strong>Gn.</strong></span> <span class='ocrx_word' id='word_1_738' title='bbox 1005 5702 1263 5765; x_wconf 85' lang='lat' dir='ltr'><strong>CXLIII.</strong></span> 
     </span>
    </p>
   </div>
   <div class='ocr_carea' id='block_1_108' title="bbox 1968 4506 3621 4573">
    <p class='ocr_par' dir='ltr' id='par_1_108' title="bbox 1968 4506 3621 4573">
     <span class='ocr_line' id='line_1_108' title="bbox 1968 4506 3621 4573; baseline -0.002 -11"><span class='ocrx_word' id='word_1_739' title='bbox 1968 4523 2293 4573; x_wconf 89' lang='lat' dir='ltr'><strong>sacrorum,</strong></span> <span class='ocrx_word' id='word_1_740' title='bbox 2328 4511 2523 4558; x_wconf 89' lang='lat' dir='ltr'><strong>tamen</strong></span> <span class='ocrx_word' id='word_1_741' title='bbox 2555 4522 2622 4559; x_wconf 79' lang='lat' dir='ltr'><strong>ex</strong></span> <span class='ocrx_word' id='word_1_742' title='bbox 2653 4521 2718 4559; x_wconf 88' lang='lat' dir='ltr'><strong>eo</strong></span> <span class='ocrx_word' id='word_1_743' title='bbox 2778 4510 3033 4573; x_wconf 89' lang='lat' dir='ltr'><strong>tempore</strong></span> <span class='ocrx_word' id='word_1_744' title='bbox 3092 4522 3205 4559; x_wconf 90' lang='lat' dir='ltr'><strong>non</strong></span> <span class='ocrx_word' id='word_1_745' title='bbox 3269 4506 3621 4559; x_wconf 88' lang='lat' dir='ltr'><strong>destiterunt</strong></span> 
     </span>
    </p>
   </div>
   <div class='ocr_carea' id='block_1_109' title="bbox 1966 4593 3619 4663">
    <p class='ocr_par' dir='ltr' id='par_1_109' title="bbox 1966 4593 3619 4663">
     <span class='ocr_line' id='line_1_109' title="bbox 1966 4593 3619 4663; baseline -0.003 -11"><span class='ocrx_word' id='word_1_746' title='bbox 1966 4593 2951 4663; x_wconf 86' lang='lat' dir='ltr'><strong>Constantinapolitanisacerdotes</strong></span> <span class='ocrx_word' id='word_1_747' title='bbox 2971 4598 3026 4647; x_wconf 89' lang='lat' dir='ltr'><strong>et</strong></span> <span class='ocrx_word' id='word_1_748' title='bbox 3050 4593 3241 4649; x_wconf 86' lang='lat' dir='ltr'><strong>clerici</strong></span> <span class='ocrx_word' id='word_1_749' title='bbox 3276 4593 3619 4648; x_wconf 87' lang='lat' dir='ltr'><strong>nominatim</strong></span> 
     </span>
    </p>
   </div>
   <div class='ocr_carea' id='block_1_110' title="bbox 1970 4682 3620 4754">
    <p class='ocr_par' dir='ltr' id='par_1_110' title="bbox 1970 4682 3620 4754">
     <span class='ocr_line' id='line_1_110' title="bbox 1970 4682 3620 4754; baseline -0.001 -15"><span class='ocrx_word' id='word_1_750' title='bbox 1970 4700 2295 4739; x_wconf 88' lang='lat' dir='ltr'><strong>memorare</strong></span> <span class='ocrx_word' id='word_1_751' title='bbox 2325 4682 2384 4736; x_wconf 90' lang='lat' dir='ltr'><strong>in</strong></span> <span class='ocrx_word' id='word_1_752' title='bbox 2419 4698 2583 4736; x_wconf 91' lang='lat' dir='ltr'><strong>sacro</strong></span> <span class='ocrx_word' id='word_1_753' title='bbox 2615 4682 2790 4736; x_wconf 89' lang='lat' dir='ltr'><strong>choro</strong></span> <span class='ocrx_word' id='word_1_754' title='bbox 2823 4688 2998 4752; x_wconf 88' lang='lat' dir='ltr'><strong>atque</strong></span> <span class='ocrx_word' id='word_1_755' title='bbox 3029 4683 3184 4737; x_wconf 93' lang='lat' dir='ltr'><strong>inter</strong></span> <span class='ocrx_word' id='word_1_756' title='bbox 3213 4682 3339 4753; x_wconf 85' lang='lat' dir='ltr'><strong>ipsa</strong></span> <span class='ocrx_word' id='word_1_757' title='bbox 3369 4683 3620 4754; x_wconf 73' lang='lat' dir='ltr'><strong>liturgiaa</strong></span> 
     </span>
    </p>
   </div>
   <div class='ocr_carea' id='block_1_111' title="bbox 1972 4772 3621 4845">
    <p class='ocr_par' dir='ltr' id='par_1_111' title="bbox 1972 4772 3621 4845">
     <span class='ocr_line' id='line_1_111' title="bbox 1972 4772 3621 4845; baseline 0 -16"><span class='ocrx_word' id='word_1_758' title='bbox 1972 4774 2249 4845; x_wconf 86' lang='lat' dir='ltr'><strong>mysteria</strong></span> <span class='ocrx_word' id='word_1_759' title='bbox 2280 4773 2690 4843; x_wconf 89' lang='lat' dir='ltr'><strong>imperatorem</strong></span> <span class='ocrx_word' id='word_1_760' title='bbox 2716 4772 2847 4826; x_wconf 88' lang='lat' dir='ltr'><strong>licet</strong></span> <span class='ocrx_word' id='word_1_761' title='bbox 2867 4775 3461 4838; x_wconf 85' lang='lat' dir='ltr'><strong>excommunicatum,</strong></span> <span class='ocrx_word' id='word_1_762' title='bbox 3485 4791 3621 4829; x_wconf 86' lang='lat' dir='ltr'><strong>con-</strong></span> 
     </span>
    </p>
   </div>
   <div class='ocr_carea' id='block_1_112' title="bbox 1966 4862 3620 4934">
    <p class='ocr_par' dir='ltr' id='par_1_112' title="bbox 1966 4862 3620 4934">
     <span class='ocr_line' id='line_1_112' title="bbox 1966 4862 3620 4934; baseline 0 -16"><span class='ocrx_word' id='word_1_763' title='bbox 1966 4864 2198 4918; x_wconf 81' lang='lat' dir='ltr'><strong>nivente</strong></span> <span class='ocrx_word' id='word_1_764' title='bbox 2230 4863 2301 4915; x_wconf 89' lang='lat' dir='ltr'><strong>ad</strong></span> <span class='ocrx_word' id='word_1_765' title='bbox 2347 4862 2455 4916; x_wconf 90' lang='lat' dir='ltr'><strong>hoc</strong></span> <span class='ocrx_word' id='word_1_766' title='bbox 2514 4878 2709 4915; x_wconf 89' lang='lat' dir='ltr'><strong>coram</strong></span> <span class='ocrx_word' id='word_1_767' title='bbox 2769 4878 2829 4915; x_wconf 91' lang='lat' dir='ltr'><strong>se</strong></span> <span class='ocrx_word' id='word_1_768' title='bbox 2890 4868 3237 4933; x_wconf 86' lang='lat' dir='ltr'><strong>usurpatum</strong></span> <span class='ocrx_word' id='word_1_769' title='bbox 3290 4863 3620 4934; x_wconf 84' lang='lat' dir='ltr'><strong>patriarcha</strong></span> 
     </span>
    </p>
   </div>
   <div class='ocr_carea' id='block_1_113' title="bbox 1969 4949 3617 5021">
    <p class='ocr_par' dir='ltr' id='par_1_113' title="bbox 1969 4949 3617 5021">
     <span class='ocr_line' id='line_1_113' title="bbox 1969 4949 3617 5021; baseline -0.001 -14"><span class='ocrx_word' id='word_1_770' title='bbox 1969 4957 2127 5007; x_wconf 90' lang='lat' dir='ltr'><strong>metu</strong></span> <span class='ocrx_word' id='word_1_771' title='bbox 2164 4950 2404 5019; x_wconf 87' lang='lat' dir='ltr'><strong>majoris</strong></span> <span class='ocrx_word' id='word_1_772' title='bbox 2438 4950 2597 5005; x_wconf 87' lang='lat' dir='ltr'><strong>mali.</strong></span> <span class='ocrx_word' id='word_1_773' title='bbox 2635 4949 2956 5005; x_wconf 88' lang='lat' dir='ltr'><strong>Verebatur</strong></span> <span class='ocrx_word' id='word_1_774' title='bbox 2986 4952 3141 5006; x_wconf 74' lang='lat'><strong>604</strong></span> <span class='ocrx_word' id='word_1_775' title='bbox 3198 4953 3356 5007; x_wconf 88' lang='lat' dir='ltr'><strong>enim</strong></span> <span class='ocrx_word' id='word_1_776' title='bbox 3415 4968 3506 5021; x_wconf 90' lang='lat' dir='ltr'><strong>ne,</strong></span> <span class='ocrx_word' id='word_1_777' title='bbox 3567 4952 3617 5005; x_wconf 84' lang='lat' dir='ltr'><strong>si</strong></span> 
     </span>
    </p>
   </div>
   <div class='ocr_carea' id='block_1_114' title="bbox 1970 5040 3620 5111">
    <p class='ocr_par' dir='ltr' id='par_1_114' title="bbox 1970 5040 3620 5111">
     <span class='ocr_line' id='line_1_114' title="bbox 1970 5040 3620 5111; baseline -0.001 -15"><span class='ocrx_word' id='word_1_778' title='bbox 1970 5047 2026 5097; x_wconf 90' lang='lat' dir='ltr'><strong>et</strong></span> <span class='ocrx_word' id='word_1_779' title='bbox 2051 5041 2158 5095; x_wconf 90' lang='lat' dir='ltr'><strong>hoc</strong></span> <span class='ocrx_word' id='word_1_780' title='bbox 2191 5040 2492 5104; x_wconf 88' lang='lat' dir='ltr'><strong>vetuisset,</strong></span> <span class='ocrx_word' id='word_1_781' title='bbox 2525 5056 2770 5094; x_wconf 82' lang='lat' dir='ltr'><strong>excussa</strong></span> <span class='ocrx_word' id='word_1_782' title='bbox 2803 5056 2918 5110; x_wconf 91' lang='lat' dir='ltr'><strong>qua</strong></span> <span class='ocrx_word' id='word_1_783' title='bbox 2949 5046 3250 5111; x_wconf 91' lang='lat' dir='ltr'><strong>utcunque</strong></span> <span class='ocrx_word' id='word_1_784' title='bbox 3282 5041 3620 5096; x_wconf 88' lang='lat' dir='ltr'><strong>contineba-</strong></span> 
     </span>
    </p>
   </div>
   <div class='ocr_carea' id='block_1_115' title="bbox 1972 5127 3631 5200">
    <p class='ocr_par' dir='ltr' id='par_1_115' title="bbox 1972 5127 3631 5200">
     <span class='ocr_line' id='line_1_115' title="bbox 1972 5127 3631 5200; baseline -0.001 -17"><span class='ocrx_word' id='word_1_785' title='bbox 1972 5136 2069 5183; x_wconf 87' lang='lat' dir='ltr'><strong>tur</strong></span> <span class='ocrx_word' id='word_1_786' title='bbox 2098 5129 2416 5198; x_wconf 86' lang='lat' dir='ltr'><strong>imperator</strong></span> <span class='ocrx_word' id='word_1_787' title='bbox 2438 5128 2787 5183; x_wconf 89' lang='lat' dir='ltr'><strong>verecundia</strong></span> <span class='ocrx_word' id='word_1_788' title='bbox 2806 5130 3058 5200; x_wconf 85' lang='lat' dir='ltr'><strong>quadam</strong></span> <span class='ocrx_word' id='word_1_789' title='bbox 3084 5146 3259 5183; x_wconf 65' lang='lat' dir='ltr'><strong>sacrae</strong></span> <span class='ocrx_word' id='word_1_790' title='bbox 3293 5127 3631 5200; x_wconf 88' lang='lat' dir='ltr'><strong>potestatis,</strong></span> 
     </span>
    </p>
   </div>
   <div class='ocr_carea' id='block_1_116' title="bbox 1973 5216 3625 5289">
    <p class='ocr_par' dir='ltr' id='par_1_116' title="bbox 1973 5216 3625 5289">
     <span class='ocr_line' id='line_1_116' title="bbox 1973 5216 3625 5289; baseline -0.004 -15"><span class='ocrx_word' id='word_1_791' title='bbox 1973 5218 2170 5274; x_wconf 89' lang='lat' dir='ltr'><strong>omnia</strong></span> <span class='ocrx_word' id='word_1_792' title='bbox 2219 5217 2277 5272; x_wconf 89' lang='lat' dir='ltr'><strong>in</strong></span> <span class='ocrx_word' id='word_1_793' title='bbox 2345 5224 2665 5272; x_wconf 79' lang='lat' dir='ltr'><strong>extremam</strong></span> <span class='ocrx_word' id='word_1_794' title='bbox 2718 5218 3216 5289; x_wconf 77' lang='lat' dir='ltr'><strong>perturbationem</strong></span> <span class='ocrx_word' id='word_1_795' title='bbox 3270 5216 3625 5287; x_wconf 89' lang='lat' dir='ltr'><strong>impelleret,</strong></span> 
     </span>
    </p>
   </div>
   <div class='ocr_carea' id='block_1_117' title="bbox 1973 5305 3627 5378">
    <p class='ocr_par' dir='ltr' id='par_1_117' title="bbox 1973 5305 3627 5378">
     <span class='ocr_line' id='line_1_117' title="bbox 1973 5305 3627 5378; baseline -0.005 -17"><span class='ocrx_word' id='word_1_796' title='bbox 1973 5308 2343 5376; x_wconf 83' lang='lat' dir='ltr'><strong>eveniretque</strong></span> <span class='ocrx_word' id='word_1_797' title='bbox 2402 5306 2517 5361; x_wconf 89' lang='lat' dir='ltr'><strong>tale</strong></span> <span class='ocrx_word' id='word_1_798' title='bbox 2550 5306 2770 5377; x_wconf 90' lang='lat' dir='ltr'><strong>aliquid</strong></span> <span class='ocrx_word' id='word_1_799' title='bbox 2843 5305 3017 5378; x_wconf 86' lang='lat' dir='ltr'><strong>quale</strong></span> <span class='ocrx_word' id='word_1_800' title='bbox 3068 5306 3126 5359; x_wconf 90' lang='lat' dir='ltr'><strong>in</strong></span> <span class='ocrx_word' id='word_1_801' title='bbox 3178 5305 3397 5377; x_wconf 86' lang='lat' dir='ltr'><strong>Ulyssis</strong></span> <span class='ocrx_word' id='word_1_802' title='bbox 3458 5315 3627 5369; x_wconf 86' lang='lat' dir='ltr'><strong>nave,</strong></span> 
     </span>
    </p>
   </div>
   <div class='ocr_carea' id='block_1_118' title="bbox 1976 5392 3622 5467">
    <p class='ocr_par' dir='ltr' id='par_1_118' title="bbox 1976 5392 3622 5467">
     <span class='ocr_line' id='line_1_118' title="bbox 1976 5392 3622 5467; baseline -0.005 -18"><span class='ocrx_word' id='word_1_803' title='bbox 1976 5396 2324 5460; x_wconf 90' lang='lat' dir='ltr'><strong>dormiente,</strong></span> <span class='ocrx_word' id='word_1_804' title='bbox 2361 5397 2507 5467; x_wconf 88' lang='lat' dir='ltr'><strong>ipso,</strong></span> <span class='ocrx_word' id='word_1_805' title='bbox 2544 5394 2786 5450; x_wconf 90' lang='lat' dir='ltr'><strong>feliciter</strong></span> <span class='ocrx_word' id='word_1_806' title='bbox 2818 5396 2886 5449; x_wconf 89' lang='lat' dir='ltr'><strong>ad</strong></span> <span class='ocrx_word' id='word_1_807' title='bbox 2924 5398 3154 5465; x_wconf 89' lang='lat' dir='ltr'><strong>portum</strong></span> <span class='ocrx_word' id='word_1_808' title='bbox 3190 5392 3622 5463; x_wconf 83' lang='lat' dir='ltr'><strong>aspirante,te-</strong></span> 
     </span>
    </p>
   </div>
   <div class='ocr_carea' id='block_1_119' title="bbox 1979 5474 3630 5554">
    <p class='ocr_par' dir='ltr' id='par_1_119' title="bbox 1979 5474 3630 5554">
     <span class='ocr_line' id='line_1_119' title="bbox 1979 5474 3630 5554; baseline -0.005 -17"><span class='ocrx_word' id='word_1_809' title='bbox 1979 5483 2229 5539; x_wconf 84' lang='lat' dir='ltr'><strong>meraria</strong></span> <span class='ocrx_word' id='word_1_810' title='bbox 2286 5483 2606 5554; x_wconf 89' lang='lat' dir='ltr'><strong>cupiditate</strong></span> <span class='ocrx_word' id='word_1_811' title='bbox 2664 5483 2950 5537; x_wconf 89' lang='lat' dir='ltr'><strong>comitum</strong></span> <span class='ocrx_word' id='word_1_812' title='bbox 3004 5481 3132 5551; x_wconf 89' lang='lat' dir='ltr'><strong>ejus</strong></span> <span class='ocrx_word' id='word_1_813' title='bbox 3213 5477 3445 5546; x_wconf 81' lang='lat' dir='ltr'><strong>accidit,</strong></span> <span class='ocrx_word' id='word_1_814' title='bbox 3522 5474 3630 5545; x_wconf 89' lang='lat' dir='ltr'><strong>qui</strong></span> 
     </span>
    </p>
   </div>
   <div class='ocr_carea' id='block_1_120' title="bbox 2050 5584 3465 5665">
    <p class='ocr_par' dir='ltr' id='par_1_120' title="bbox 2050 5584 3465 5665">
     <span class='ocr_line' id='line_1_120' title="bbox 2050 5584 3465 5665; baseline -0.008 -16"><span class='ocrx_word' id='word_1_815' title='bbox 2050 5595 2238 5649; x_wconf 80' lang='grc' dir='ltr'>Ἀσκὸν</span> <span class='ocrx_word' id='word_1_816' title='bbox 2278 5594 2373 5665; x_wconf 74' lang='grc' dir='ltr'>μὲν</span> <span class='ocrx_word' id='word_1_817' title='bbox 2402 5592 2593 5664; x_wconf 60' lang='grc' dir='ltr'>λῦσαν,</span> <span class='ocrx_word' id='word_1_818' title='bbox 2627 5593 2815 5664; x_wconf 74' lang='grc' dir='ltr'>ἄνεμοι</span> <span class='ocrx_word' id='word_1_819' title='bbox 2850 5589 2895 5644; x_wconf 82' lang='grc' dir='ltr'><strong>δ’</strong></span> <span class='ocrx_word' id='word_1_820' title='bbox 2926 5590 2985 5644; x_wconf 64' lang='lat' dir='ltr'><strong>ix</strong></span> <span class='ocrx_word' id='word_1_821' title='bbox 3015 5591 3207 5650; x_wconf 78' lang='grc' dir='ltr'>πάντες</span> <span class='ocrx_word' id='word_1_822' title='bbox 3237 5584 3465 5661; x_wconf 62' lang='grc' dir='ltr'>ὄρουσαν</span> 
     </span>
    </p>
   </div>
   <div class='ocr_carea' id='block_1_121' title="bbox 3226 5713 3307 5771">
    <p class='ocr_par' dir='ltr' id='par_1_121' title="bbox 3226 5713 3307 5771">
     <span class='ocr_line' id='line_1_121' title="bbox 3226 5713 3307 5771; baseline -0.037 0"><span class='ocrx_word' id='word_1_823' title='bbox 3226 5713 3307 5771; x_wconf 74' lang='grc'><strong>34</strong></span> 
     </span>
    </p>
   </div>
  </div>
