3968 6202
485 263 508 317 1
517 261 622 317 067

553 384 696 457 Teii;
723 381 771 438 δ’
801 381 913 454 αἶψ’
937 378 1219 457 ἁρπάσασα
1249 382 1420 457 φέρενΔ
1434 379 1696 436 πόντονδε
1726 380 1931 437 (Μελλα

561 450 1054 527 Κλαίονταςγαίης
1087 450 1194 507 ἀπὸ
1226 450 1511 527 πατρίδος,

487 569 549 620 ut
581 564 705 633 ipse
737 560 975 634 Ulysses
1007 558 1215 633 lugens
1245 561 1484 618 Alcinoo
1520 565 1718 618 narrat
1766 563 1871 618 Od.
1931 583 1965 616 κ
2022 567 2132 620 sub

484 651 720 710 initium
761 666 776 705 :

486 767 663 822 Utrem
679 765 898 837 quidem
923 767 1217 821 solverunt:
1252 765 1404 821 venti
1442 772 1630 822 autem
1655 784 1844 823 omnes
1883 784 2131 838 erupere:

483 840 629 912 Ipsos
663 855 784 894 vero
816 840 995 894 subito
1027 838 1253 908 rapiens
1303 838 1434 892 tulit
1494 842 1552 893 in
1615 842 1848 895 Pontum
1893 841 2136 912 procella

483 911 697 965 Flentes
727 929 761 966 a
782 920 927 966 terra
953 911 1162 980 patria.

480 1026 784 1096 Ejusmodi
820 1025 1157 1096 quempiam
1183 1025 1378 1091 fretum
1407 1026 1816 1091 tempestatibus
1846 1029 2049 1094 utrem,
2072 1031 2137 1081 ut

479 1113 695 1169 alicubi
753 1113 1012 1184 loquitur
1073 1113 1368 1180 Horatius,
1431 1115 1524 1168 hic
1582 1112 1812 1190 σφαίρου
1852 1114 2134 1171 vocabulo

478 1203 804 1274 designavit
827 1203 1232 1272 Pachymeres,
1258 1202 1387 1272 ejus
1403 1201 1586 1274 figura
1611 1203 1982 1275 imperatoris
2006 1203 2132 1258 irri-

475 1289 720 1346 tabilem
743 1291 1005 1344 animum
1034 1291 1416 1355 adumbrans,
1442 1307 1616 1362 quem
1637 1293 1763 1362 jam
1789 1298 2132 1348 aestuantem

478 1381 565 1435 ira
607 1380 768 1452 gravi
798 1381 869 1434 ob
903 1381 1218 1435 anathema
1259 1382 1572 1445 inﬂictum,
1606 1384 1654 1438 si
1690 1401 1899 1440 rursus
1952 1389 2134 1458 patri-

477 1469 654 1524 archa
689 1469 1020 1537 lacesseret,
1055 1468 1378 1541 periculum
1412 1477 1536 1526 erat
1586 1487 1656 1526 ne
1686 1472 1735 1527 is
1768 1478 1915 1529 totas
1957 1476 2132 1532 habe-

477 1575 586 1613 nas
618 1558 797 1614 furori
824 1558 1066 1614 laxarat.
1102 1559 1316 1628 Audio,
1346 1559 1499 1614 dicet
1534 1561 1680 1616 forte
1710 1562 1952 1633 quidam
2000 1582 2131 1621 eru-

477 1647 637 1702 ditus
669 1647 894 1702 lector:
945 1648 1045 1702 sed
1105 1651 1243 1703 tunc
1307 1653 1643 1718 oportuerat
1691 1651 1846 1706 hunc
1905 1658 2130 1728 σφαῖρον

1534 263 1603 314 2P.
1648 261 1918 318 POSSINI
1959 261 2578 321 OBSERVATIONUM
2614 269 2746 324 LIB.
2786 273 2832 324 Ι.

3679 290 3784 345 1068

2163 394 2222 458 Α
2255 387 2686 459 pingendorum
2717 393 2776 450 in
2811 400 2972 454 utres
3005 413 3205 456 eorum
3238 401 3444 460 similes
3472 422 3597 478 quos
3641 411 3787 470 [Bolus

2240 477 2431 549 Ulyssi
2465 481 2720 537 donavit.
2757 485 2895 555 Ejus
2941 486 3060 543 hac
3119 490 3290 546 verba
3337 477 3499 548 sunti
3547 495 3790 568 Ἀνεμοκοῖ-

2236 586 2322 619 ται
2370 567 2525 642 γένος
2574 571 2624 624 ἐν
2681 573 2924 646 Κορίνθῳ
2956 574 3186 648 ἀνέμους
3217 580 3562 651 κοιμίζοντες.
3591 585 3652 647 εἷς
3694 591 3787 666 ὅπερ

2241 652 2426 724 δεξιῶς
2476 656 2687 733 λέγεται
2748 659 3050 726 διακεῖσθαι
3099 667 3186 719 καὶ
3230 668 3600 740 Ἐμπεδοκλῆς,
3641 676 3689 728 οὗ
3724 652 3786 732 mli.

2240 743 2315 804 εἷς
2347 746 2480 800 αὐτὸ
2521 748 2692 823 τὲχνη
2728 751 3034 826 ἱστόρηται.
3081 760 3438 816 Αηενηοεᾶθεᾶῑ
3477 773 3616 819 secta
3656 766 3788 822 homi-

2238 850 2373 890 num
2403 853 2598 893 nomen
2629 850 2705 896 est
2731 841 2994 899 Corinthi
3018 849 3204 901 ventos
3241 848 3584 916 sapientium,-
3619 869 3704 925 qua
3717 873 3786 910 va-

2239 924 2409 980 luisse
2441 928 2495 981 in
2553 930 2754 999 primis
2801 933 2999 1002 peritia
3060 933 3264 990 dicitur
3301 924 3634 1009 Empedocles,
3671 949 3787 1014 cujus

2243 1015 2300 1068 in
2343 1015 2444 1071 hoc
2469 1034 2667 1087 genere
2697 1037 2785 1073 ars
2816 1022 2884 1076 ab
2915 1020 3195 1079 historicis
3215 1026 3475 1082 celebrata
3495 1034 3580 1084 est.
3601 1034 3667 1085 Ita
3703 1032 3785 1095 ille,

2242 1102 2398 1160 locos
2430 1105 2698 1162 alludens
2732 1127 2845 1165 non
2879 1111 3072 1166 solum
3105 1116 3278 1170 modo
3312 1119 3625 1174 memoratos
3641 1120 3788 1175 Timet

2240 1199 2294 1245 et
2327 1193 2597 1260 Lasertii,
2623 1197 2720 1249 sed
2758 1196 3005 1253 aliorum
3041 1201 3240 1268 etiam,
3273 1202 3659 1276 historicorum,
3693 1214 3791 1278 puta

2243 1279 2528 1351 Porphrii,
2562 1286 2733 1354 cujus
2765 1286 2823 1340 in
2857 1287 2989 1342 Vita
3029 1289 3360 1360 Pithagoree,
3416 1294 3655 1350 editionis
3696 1297 3790 1351 Hol-

2241 1368 2540 1436 steniante,
2577 1373 2730 1443 typis
2761 1374 3083 1446 Vaticanis,
3138 1379 3252 1434 haec
3309 1379 3561 1454 leguntur
3602 1401 3648 1455 p.
3695 1386 3742 1438 19
3779 1403 3788 1440 :

2239 1457 2332 1509 Ὧν
2398 1456 2795 1530 μεταλαϐόντας
2855 1462 3232 1536 Ἐμπεδοκλέα
3281 1489 3336 1522 τε
3388 1469 3468 1522 καὶ
3523 1469 3792 1544 Ἐπιμενίδην

2239 1544 2326 1598 καὶ
2378 1542 2602 1622 Ἄϐαριν
2654 1550 2927 1614 πολλάκις
2981 1552 3396 1611 ἐπιτετελεκὲναι
3446 1563 3653 1614 τοιαῦτα·
3691 1558 3793 1628 δῆλα

2243 1631 2288 1654 90

2243 1635 2288 1654 ε..
2389 1635 2401 1652 ,
2452 1641 2478 1651 ..
2623 1640 2635 1656 ε
3065 1644 3080 1662 ρ
3151 1645 3161 1660 ι
3207 1665 3222 1676 ε
3419 1649 3439 1666 η
3688 1669 3704 1678 ,

2240 1651 2266 1687 ο
2344 1657 2519 1690 αυτων
2578 1660 2645 1692 τα
2701 1643 2987 1713 ποιήματα
3060 1664 3359 1720 υπαρλειν.
3441 1646 3617 1708 Αλλως
3662 1669 3704 1702 τε
3745 1669 3790 1701 χι

474 1732 804 1803 Ὀδύσσειον,
857 1752 972 1791 non
1034 1731 1462 1806 Ἐμπεδόκλειον
1533 1737 1753 1794 dictum
1815 1758 1844 1795 a
1907 1722 2081 1816 Pachj

2237 1722 2568 1798 ἀλεξάμενος
2643 1729 2738 1800 μὲν
2813 1730 2882 1798 ἧν
2957 1732 3019 1786 τὸ
3078 1732 3362 1806 ἐπώνυμον
3420 1735 3790 1808 Ἐμπεδοκλέους,

473 1841 650 1880 mere.
683 1824 829 1879 Nam
862 1825 1000 1896 quid
1036 1824 1268 1880 utribus
1299 1825 1498 1880 Eoliis
1529 1842 1663 1882 cum
1727 1828 2072 1899 Empedocle
2097 1833 2123 1886 ?

469 1915 552 1969 Ad
589 1913 708 1968 haec
729 1930 1082 1970 occursurus
1115 1930 1252 1984 rogo
1283 1931 1516 1985 aequum
1576 1916 1865 1972 arbitrum
1927 1937 2124 1976 rerum

468 2004 790 2059 informare
820 2019 1020 2058 secum
1055 2021 1124 2058 ne
1156 2010 1432 2074 gravetur
1481 2003 1672 2060 ideam
1733 2007 1953 2077 ingenii
2012 2011 2124 2066 Pa.-

466 2092 758 2164 chymeris
799 2109 980 2164 supra
1015 2093 1253 2148 modum
1277 2093 1620 2165 antiquarii,
1655 2111 1716 2150 se
1773 2098 2122 2156 eruditionis

469 2181 781 2252 abstrusas,
816 2182 971 2254 quod
1006 2181 1208 2237 multis
1249 2198 1318 2237 ex
1351 2182 1490 2238 locis
1523 2188 1705 2255 patet,
1747 2189 2122 2245 ostentatoris

468 2287 614 2342 pene
640 2271 852 2342 putidi.
887 2272 1036 2342 Ergo
1069 2271 1120 2326 is
1169 2288 1281 2326 non
1339 2271 1484 2326 satis
1545 2272 1767 2329 habens
1828 2275 2122 2335 indicasse

465 2364 665 2415 notam
696 2359 809 2415 sibi
840 2364 1148 2414 ventorum
1181 2361 1240 2415 in
1275 2364 1436 2416 utres
1463 2365 1796 2418 coactorum
1833 2365 1902 2419 ab
1960 2367 2120 2424 [Eolo

464 2453 520 2502 et
551 2447 737 2520 Ulyssi
771 2448 1121 2503 traditorum
1155 2448 1436 2516 fabulam,
1467 2451 1636 2507 etiam
1673 2453 1917 2510 innuere
1948 2472 2120 2512 cura-

466 2535 549 2590 vit
577 2535 734 2592 haud
762 2551 824 2591 se
856 2536 1127 2607 ignorare
1157 2538 1455 2607 quodnam
1507 2545 1663 2594 esset
1717 2543 1846 2610 ejus
1907 2546 2115 2600 tunda-

469 2631 733 2680 mentum
769 2623 995 2678 fabulaa.
1029 2625 1090 2693 [P
1133 2626 1256 2696 418]
1289 2625 1415 2679 Non
1447 2627 1603 2681 enim
1654 2628 1725 2682 de
1778 2629 1958 2688 nihilo
2015 2633 2118 2690 illa

470 2712 754 2766 Homerus
785 2710 974 2779 ﬁnxit,
1007 2711 1108 2766 sed
1143 2710 1342 2766 allusit
1364 2711 1421 2765 in
1453 2729 1518 2767 eo
1551 2714 1620 2768 ad
1655 2715 1942 2787 magicam
1997 2721 2114 2776 vim

464 2800 688 2856 utrium
722 2801 1138 2871 quorumdam,
1172 2800 1383 2872 quibus
1433 2802 1503 2855 ad
1535 2808 1740 2859 ventos
1800 2805 2115 2877 sopiendos

464 2889 918 2961 praestigiatores
946 2890 1065 2959 jam
1098 2889 1235 2945 olim
1271 2895 1593 2958 uterentur,
1627 2908 1656 2946 e
1688 2910 1935 2964 quorum
1961 2904 2113 2968 post-

461 2997 527 3035 ea
558 2995 803 3034 numero
837 2979 944 3034 fuit
967 2979 1364 3051 Empedocles.
1422 2981 1527 3036 Hic
1571 2981 1726 3038 enim
1788 2985 1940 3042 inter
1997 2987 2112 3044 alia

462 3069 696 3140 magicae
755 3069 898 3124 artis
954 3069 1372 3140 experimenta,
1427 3069 1691 3142 qualium
1745 3075 2104 3132 edendorum

461 3159 702 3213 modum
734 3174 800 3212 ac
832 3157 982 3212 viam
1015 3174 1076 3214 se
1109 3159 1468 3214 traditurum
1493 3161 1773 3230 jactabat,
1815 3163 2106 3221 sedando-

464 3264 593 3301 rum
626 3250 682 3301 et
711 3246 1150 3301 excitandorum
1184 3253 1488 3302 ventorum
1525 3249 1887 3306 arbitrariam
1944 3261 2109 3325 pote-

461 3339 670 3388 statem
706 3338 998 3402 numerat,
1041 3334 1124 3389 sic
1154 3334 1212 3388 in
1247 3336 1502 3406 quodam
1530 3343 1815 3408 poemate,
1847 3341 2108 3414 discipu-

462 3420 585 3476 lum
617 3419 916 3492 alloquens
956 3439 970 3476 :

463 3559 689 3644 Παύσεις
719 3559 766 3614 δ’
795 3561 1084 3633 ἀκαμάτων
1117 3557 1328 3644 ἀνέμων
1366 3563 1543 3644 μένος,
1577 3564 1679 3620 οἵτ’
1710 3567 1796 3622 ἐπὶ
1829 3576 1986 3644 γαῖαν

455 3631 774 3714 Ὀρνύμενοι
807 3631 1024 3714 πνοαῖσι
1044 3631 1467 3714 ,καταῴοίνουσιν
1496 3635 1752 3714 ἄρουραν,

454 3703 557 3761 Καὶ
588 3703 756 3760 παλιν
785 3707 850 3774 ἢν
881 3706 932 3759 κ’
976 3703 1264 3776 ἐθέλῃσθα,
1315 3703 1605 3765 παλίντιτα
1634 3703 1913 3785 ’πνεύματ’
1970 3715 2098 3772 ἐπά-

1753 3786 1879 3858 [ξιις
1915 3795 2022 3844 etc.

445 3903 670 3961 Sedabis
700 3903 1102 3977 indefessorum
1122 3909 1422 3976 ventorum,
1453 3911 1726 3981 furorem,
1767 3929 1879 3984 qua
1926 3931 2092 3986 supra

1851 3987 2091 4057 [terram

439 4049 672 4104 [tuentes
692 4049 916 4118 ﬂatibus
931 4048 1213 4104 devastant
1227 4059 1353 4107 sata
1370 4069 1382 4106 :

433 4121 498 4174 Et
515 4137 732 4188 rursus,
763 4121 814 4175 si
837 4121 1085 4186 libuerit,
1107 4128 1358 4178 revocata
1382 4123 1606 4202 reduces
1627 4140 1817 4182 eorum
1837 4130 2015 4199 ﬂabra

435 4244 735 4308 Quomodo
758 4250 949 4300 autem
977 4246 1096 4300 haec
1122 4251 1438 4317 praestaret,
1459 4250 1638 4303 tradit
1664 4250 1918 4308 Timaeus
1936 4255 2079 4311 Hist.

432 4332 470 4386 l.
511 4333 594 4401 t8,
625 4331 708 4387 sic
740 4333 1018 4389 recitatus
1049 4352 1082 4389 a
1113 4335 1368 4407 Diogene
1402 4354 1414 4391 :
1459 4337 1720 4406 Ἐτησίων
1782 4341 1912 4394 ποτὲ
1949 4363 2078 4417 σφο-

429 4415 571 4493 δρῶς
603 4418 967 4489 πνευσάντων,
999 4422 1073 4484 ὡς
1121 4421 1249 4486 τοὺς
1278 4424 1517 4500 καρποὺς
1566 4425 1829 4498 λυμῆναι,
1882 4428 2074 4486 κελεύ-

425 4526 518 4567 σας
545 4505 971 4582 (Ἐμπεδοκλῆς)
1002 4506 1160 4572 ὅνους
1207 4509 1498 4583 ἐκδαρῆναι
1545 4515 1631 4568 καὶ
1683 4515 1881 4580 ἀσκοὺς
1909 4528 2070 4590 ποιῆ-

424 4615 535 4664 σαι,
586 4597 722 4670 πρὸς
780 4597 906 4659 τοὺς
963 4596 1169 4674 λόφους
1227 4600 1316 4655 καὶ
1365 4603 1458 4664 τὰς
1491 4603 1791 4679 ἀκρωρείας
1848 4606 2069 4664 διέτεινε

417 4684 555 4758 πρὸς
609 4686 672 4740 τὸ
731 4683 1026 4742 συλλαϐεῖν
1076 4690 1138 4743 τὸ
1196 4695 1427 4764 πνεῦμα.
1485 4695 1688 4751 Etesiis
1755 4697 2066 4771 aliquando

411 4774 766 4832 vehementer
793 4778 1084 4847 ﬂantibus,
1112 4779 1193 4836 sic
1215 4791 1274 4836 ut
1297 4783 1520 4851 fructus
1549 4795 2062 4860 corrumperentur,

402 4865 579 4936 jussis
603 4868 919 4922 excorriari
947 4869 1143 4936 asinis,
1178 4880 1325 4925 utres
1353 4888 1420 4926 ea:
1446 4888 1645 4928 earum
1681 4878 1918 4948 pellibus
1973 4883 2062 4949 [a-

408 4961 517 5010 ctos
545 4955 813 5027 expandit
851 4955 1067 5010 hiantes
1096 4974 1293 5013 auram
1344 4977 1530 5016 versus
1581 4965 1642 5016 in
1693 4965 1848 5034 jugis
1905 4969 2052 5026 605

403 5043 635 5100 collium
655 5047 709 5100 et
764 5034 1060 5115 montium,
1102 5049 1262 5117 quasi
1306 5050 1379 5104 ad
1424 5049 2054 5127 spiritnmcomprehen-

403 5135 670 5190 alendum.
702 5134 902 5188 Innuit
931 5139 1127 5190 autem
1155 5135 1466 5193 historicus
1498 5139 1636 5197 hinc
1682 5152 2052 5203 consecutam

398 5223 886 5297 tranquilitatem,
934 5221 1094 5278 velut
1123 5225 1308 5279 ventis
1365 5226 1423 5281 in
1474 5243 1763 5286 carcerem
1823 5251 2056 5307 compa-

396 5314 526 5370 ctis.
561 5314 720 5380 Quod
765 5310 1018 5385 populus
1051 5313 1376 5370 admiratus
1411 5316 1747 5387 Empedocli
1795 5319 2048 5376 κωλυσα-

390 5397 558 5476 νέμου
625 5413 906 5460 ventorem
963 5401 1290 5458 inhibitoris
1350 5420 1672 5476 cognomen
1752 5410 2046 5469 indiderit.

388 5495 732 5552 Eustathius
762 5509 996 5566 quoque
1028 5486 1407 5567 Παρεκϐολαῖς
1439 5496 1508 5550 ad
1536 5492 1652 5550 ’08.
1699 5517 1732 5551 κ
1778 5503 2047 5567 meminit

384 5583 757 5654 Empedoclis
790 5592 1072 5656 tanquam
1105 5588 1227 5638 arte
1259 5583 1482 5654 praaditi
1541 5594 1844 5644 ventorum
1880 5609 2040 5652 com-

2159 3161 2180 3185 ,Δ

2231 1818 2365 1880 Quae
2400 1824 2694 1888 postrema
2725 1823 2899 1875 verba
2929 1824 3368 1881 eruditissimus
3396 1827 3689 1882 Holstenius
3734 1828 3789 1882 sic

2230 1905 2444 1974 vertit;
2481 1906 2625 1975 Quin
2683 1917 2736 1964 et
2781 1911 3099 1981 Empedocli
3154 1931 3444 1984 cognomen
3507 1924 3607 1972 erat
3636 1917 3783 1970 Alem-

2228 1997 2380 2050 nemi
2426 1995 2545 2052 sive
2578 2003 2874 2056 averrunci
2915 2010 3219 2058 ventorum.
3291 2005 3444 2061 Hanc
3495 2023 3556 2060 ex
3601 2011 3790 2061 veterum

2228 2066 2473 2140 lectione
2505 2087 2576 2142 de
2608 2088 2958 2161 Empedocle
2983 2092 3197 2147 famam
3231 2095 3608 2150 observantem
3648 2095 3790 2150 animo

2226 2171 2610 2243 Pachymeres
2643 2175 2888 2244 habens,
2920 2179 3056 2234 dum
3093 2180 3412 2251 periculum
3445 2182 3784 2237 exitiosissimc

2227 2261 2489 2332 procellae
2522 2265 2795 2334 prudenti
2827 2268 3202 2323 conniventia
3234 2271 3470 2324 vitatum
3497 2271 3560 2325 ab
3603 2269 3783 2325 Arsenio

2227 2351 2578 2420 patriarcha,
2618 2354 2836 2410 utrium
2868 2355 3014 2412 Eoli
3048 2355 3240 2429 Ulyssi
3289 2360 3610 2413 traditarum
3657 2365 3700 2412 et
3737 2359 3784 2409 ab

2226 2441 2353 2509 ejus
2397 2442 2713 2498 comitibus
2755 2444 2975 2515 ingenti
3025 2447 3282 2516 pernicie
3335 2448 3576 2519 ipsorum
3627 2451 3784 2501 temere

2223 2536 2714 2586 controctatarum
2753 2534 3018 2606 exemplo
3052 2534 3392 2591 illustraret.
3429 2554 3532 2592 non
3560 2552 3614 2592 se
3651 2534 3784 2590 tenuit

2223 2619 2360 2689 quin
2396 2621 2653 2676 fabulam
2688 2639 2818 2677 cum
2856 2623 3097 2680 historia
3138 2627 3502 2682 commistam
3555 2627 3784 2696 oggereret

2220 2706 2442 2775 lectori,
2478 2709 2813 2766 Homericos
2847 2719 3152 2768 ventorum
3193 2714 3358 2770 folles
3379 2732 3503 2770 cum
3529 2712 3729 2769 asininis
3763 2727 3784 2763 a

2219 2796 2436 2853 Timaeo
2471 2803 2800 2855 memoratis
2834 2802 3198 2872 Empedoclis
3228 2805 3453 2858 utribus
3484 2819 3584 2858 una
3600 2801 3782 2856 mentio-

2218 2903 2288 2940 ne
2347 2889 2713 2960 conjungens
2770 2890 2999 2964 σφαίρου
3037 2888 3463 2962 Ἐμπεδοκλίου.
3511 2888 3780 2961 Sicquidcm

2216 2976 2605 3045 conjectabar.
2641 2979 2810 3034 Recte
2859 2997 2930 3034 an
2990 2997 3186 3052 secus,
3247 2984 3390 3054 aequi
3447 2979 3647 3036 lectoris
3695 2983 3780 3032 esto

2212 3064 2528 3134 judicium.

2295 3171 2533 3245 μεγάλης
2608 3191 2662 3245 ρ.
2721 3175 2846 3242 469,
2909 3174 3006 3228 Καὶ
3063 3181 3156 3229 τὸν
3219 3176 3669 3251 παρακοιμώμενον
3709 3173 3780 3232 τῆς

2220 3258 2464 3334 μεγάλὴς
2493 3259 2808 3338 σφενδόνης.
2861 3265 3128 3319 Meminit
3160 3266 3342 3337 hujus
3371 3266 3534 3322 Ofﬁcii
3579 3264 3782 3320 Codimus

2216 3367 2265 3404 c.
2300 3351 2352 3417 4,
2385 3352 2483 3406 ubi
2517 3353 2694 3407 tradit
2743 3352 2811 3405 τά
2869 3356 2962 3405 τοῦ
3011 3356 3507 3428 παρακοιμωμὲνου
3553 3347 3778 3427 σφενδόνης

2215 3439 2520 3513 φορέματα,
2553 3442 2768 3512 quibus
2798 3441 2848 3496 is
2878 3443 3145 3498 vestibus
3195 3452 3254 3500 et
3310 3445 3617 3516 insignibus
3666 3445 3780 3512 pote-

2212 3527 2378 3583 statis
2412 3535 2691 3585 uterctur.
2725 3530 3033 3586 Gretserus
3065 3538 3269 3588 noster
3297 3533 3377 3587 ibi
3399 3534 3594 3589 vertit:
3628 3531 3777 3597 Pref!-

2209 3619 2286 3672 cti
2313 3620 2496 3686 sigilli
2525 3636 2621 3673 seu
2669 3621 2870 3676 annuli
2913 3623 3221 3690 siguatorii
3261 3624 3573 3693 gestamina,
3621 3615 3773 3672 melius

2209 3724 2379 3778 quam
2412 3709 2647 3777 Junius,
2697 3709 2794 3781 qui
2848 3711 3352 3782 παρακοιμώμενον
3413 3705 3668 3786 σφενδόνης
3709 3720 3771 3758 (ἔθ’

2204 3799 2504 3852 cubitorem
2553 3799 2748 3868 funda
2795 3799 3238 3870 interpretatur,
3286 3805 3388 3855 aut
3439 3801 3589 3853 etiam
3639 3807 3767 3866 quam

2204 3887 2674 3958 interpresluris
2733 3889 3203 3944 Graece-Romani
3263 3891 3358 3945 cui
3416 3884 3768 3960 παρακοιμώμε·

2199 3996 2290 4036 νος
2312 3982 2410 4044 τῆς
2455 3975 2698 4050 μεγάλης
2749 3974 3038 4053 σφενδόνης
3093 3981 3381 4035 accubilor
3436 3990 3622 4048 magna
3665 3971 3768 4042 ραίκ

2197 4065 2413 4120 dicitur
2461 4061 2734 4139 Σφενδόνῃ
2790 4067 3018 4136 proprie
3045 4068 3226 4136 [unda
3284 4067 3438 4122 saxis
3485 4059 3766 4153 jaculaudiia

2198 4153 2582 4209 usitatissima
2615 4155 2996 4209 translatione
3027 4172 3059 4209 a
3101 4157 3306 4210 formae
3367 4155 3598 4226 quadam
3647 4149 3764 4202 simi-

2195 4240 2439 4298 litudine
2471 4243 2667 4307 ducta,
2697 4243 2889 4314 palam
2921 4243 3121 4297 annuli
3159 4245 3479 4316 significat,
3533 4252 3583 4296 ut
3633 4236 3764 4292 notis-

2189 4330 2403 4385 simum
2437 4336 2557 4398 est;
2595 4348 2698 4386 nec
2732 4331 2928 4386 minus
2961 4338 3338 4404 perspectum
3372 4329 3633 4403 obsignari
3658 4327 3764 4379 litic-

2185 4438 2280 4475 ras
2313 4420 2451 4475 olim
2498 4421 2700 4475 solitas
2733 4419 2932 4475 annuli
2967 4420 3098 4492 pala
3167 4425 3347 4476 certis
3378 4419 3642 4490 insculpta
3665 4412 3739 4467 Ch?!

2184 4511 2504 4565 racteribus
2535 4515 2637 4564 aut
2685 4511 2908 4574 formis,
2943 4527 3083 4564 ceree
3133 4511 3358 4567 chartis
3401 4509 3644 4582 apposita:
3687 4501 3762 4555 ini-

2178 4616 2398 4671 pressa.
2431 4598 2574 4653 Hinc
2607 4594 2868 4673 σφενδόνη
2895 4604 3027 4669 pata
3049 4600 3277 4666 annuli,
3298 4600 3543 4672 sigillum
3565 4593 3758 4650 dicitur:

2175 4689 2328 4758 quod
2355 4689 2415 4759 [P
2448 4689 2572 4760 419]
2607 4705 2741 4742 cum
2775 4688 2986 4758 duplex
3017 4694 3117 4743 aut
3178 4688 3481 4761 multiplex
3524 4688 3754 4782 imperatu
3865 4727 3867 4783 {

2171 4777 2332 4832 tibus
2363 4782 2539 4842 esset,
2592 4776 2825 4832 maximi
2887 4778 3152 4833 omnium
3216 4784 3414 4834 custos
3465 4776 3752 4849 παρακοιμω·
3863 4829 3865 4832 υ

2174 4885 2332 4936 μενος
2399 4862 2644 4939 μεγάλης
2706 4861 3002 4941 σφενδόνης
3069 4867 3179 4924 hoc
3271 4870 3392 4924 loco
3471 4860 3750 4951 appellatur.
3861 4859 3865 4950 ll

2169 4955 2354 5018 Quare
2377 4960 2571 5011 autem
2621 4956 3086 5029 παρακοιμώμεον
3116 4957 3144 5012 ‘l
3198 4959 3355 5013 606
3412 4955 3608 5027 Opinor
3652 4958 3750 5016 qum

2166 5063 2235 5101 ex
2265 5046 2336 5100 iis
2365 5050 2488 5100 erat
2519 5047 2618 5116 qui
2651 5063 2718 5101 ex
2752 5047 2943 5102 officio
2977 5047 3212 5103 assidue
3261 5061 3535 5120 apparere
3583 5039 3746 5132 circum

2166 5137 2578 5206 imperatorem
2611 5141 2712 5190 aut
2744 5137 2803 5192 in
2828 5137 3088 5207 proximo
3120 5137 3191 5191 ad
3245 5135 3466 5192 subitas
3519 5131 3745 5217 evocatis-

2165 5241 2268 5280 nes
2302 5241 2533 5296 semper
2571 5241 2701 5278 esse
2763 5227 3072 5292 debebant,
3130 5225 3468 5280 cubiculum
3522 5213 3746 5309 principis

2161 5314 2259 5367 diu
2294 5313 2412 5368 fere
2443 5316 2736 5384 noctuque
2769 5313 3228 5385 lrequentantes.
3279 5313 3423 5367 Vide
3476 5325 3587 5382 quia
3643 5302 3746 5357 dixi-

2162 5420 2292 5456 mus
2325 5401 2500 5456 verbo
2530 5401 3047 5473 παρακοιμώμενος.

2231 5506 2449 5581 Σχολή,
2482 5526 2537 5580 ρ.
2569 5508 2639 5562 50
2671 5514 2726 5562 ct
2753 5509 2873 5562 353.
2909 5508 3291 5569 Peculiarein,
3342 5506 3401 5560 ni
3445 5503 3612 5565 fallor,
3654 5493 3737 5597 .Vlm

2154 5597 2330 5652 habet
2358 5615 2462 5651 vox
2495 5595 2676 5668 σχολή
2715 5598 2820 5652 hoc
2853 5597 2998 5662 loco,
3028 5596 3358 5668 emphasim
3392 5597 3566 5650 ferens
3588 5595 3739 5656 cujus-
