3978 6182
210 310 354 368 1069

207 436 347 489 dam
388 431 868 504 interrogationis
920 433 1108 489 ironia
1157 435 1486 491 submistae.
1521 426 1728 500 Agitur
1793 419 1865 473 de

1687 300 2169 358 GLOSSARIUM.

3492 321 3511 374 1
3524 323 3630 376 070

1976 418 2169 478 locum
2193 427 2531 484 exscribens
2567 431 2910 500 particulam
2939 449 3039 503 pro
3072 435 3334 509 negligit.
3356 441 3450 497 Sic
3467 444 3624 500 enim

206 522 410 578 Serbis
446 521 707 594 populis,
743 539 891 594 quos
923 525 1156 595 propria
1177 524 1480 595 civiumZ’et
1513 505 2124 594 populariumi‘habet
2159 529 2170 567 ε
2217 514 2373 571 Solea
2405 520 2486 572 vel
2518 534 2594 573 ea
2623 519 2835 575 dicitur
2881 539 3000 593 quae
3030 505 3170 580 solov
3206 505 3361 597 pedis
3390 532 3625 602 subjici-

211 628 457 668 suorum
510 629 713 683 rapere
761 613 987 677 solitos,
1048 613 1366 669 verisimile
1413 628 1526 666 non
1588 611 1742 663 esset
1799 605 1870 658 ab

213 703 468 757 externis
502 718 602 772 per
632 717 834 757 eorum
869 701 1013 758 ﬁnes
1048 702 1534 774 peregrinanibus
1577 705 1868 768 tempera-

212 798 402 856 turos,
439 790 548 845 hac
581 792 760 845 ferme
805 793 1098 847 sententia
1125 809 1136 846 :
1163 793 1269 856 Qui
1301 809 1439 848 suos
1467 792 1720 861 diripere
1753 803 1866 840 non

214 882 514 946 dubitant,
547 880 620 934 ab
665 879 874 934 alienis
916 881 1136 936 scilicet
1192 879 1619 935 abstinebant?
1650 878 1864 932 lterum

209 971 273 1025 in
308 969 488 1024 simili
517 969 754 1024 notione
784 978 1134 1042 usurpatum
1168 971 1278 1026 hoc
1309 969 1658 1025 vocabulum
1695 968 1863 1020 habe-

211 1065 332 1123 tur,
367 1058 403 1112 Ι.
438 1076 493 1123 v,
529 1075 578 1114 c.
614 1060 702 1126 12,
737 1060 794 1113 in
829 1060 920 1114 his
953 1061 1145 1114 verbis
1198 1078 1210 1114 :
1268 1057 1328 1111 Εἰ
1381 1055 1436 1111 δὲ
1471 1054 1714 1127 διὸθῖμεν
1774 1053 1865 1107 καὶ

210 1145 508 1217 ἔκκλητον,
582 1153 765 1224 σχοΛῇ
834 1171 956 1204 τινα
1025 1150 1191 1218 τόσην
1261 1149 1528 1221 τέμνοντα
1595 1145 1864 1210 θάλασσαν

205 1240 318 1289 τῶν
356 1233 582 1289 δικαίων
624 1231 1006 1313 ἀμφισϐητεῖν.
1065 1241 1130 1294 Si
1159 1255 1283 1293 vero
1339 1240 1506 1308 etjus
1525 1235 1865 1308 provocatio-

204 1329 303 1381 nis
335 1331 774 1395 concesserimus,
803 1330 1116 1400 periculum
1144 1331 1314 1399 fuerit
1372 1327 1581 1382 scilicet
1629 1341 1700 1379 ne
1746 1325 1863 1392 quis

205 1422 334 1470 tam
387 1422 526 1472 vasto
576 1419 723 1472 mari
748 1418 845 1487 jus
887 1435 1050 1472 suum
1100 1426 1478 1488 persecuturus
1537 1418 1762 1471 Romam
1809 1430 1863 1468 se

203 1505 717 1575 conferat?Alium
744 1506 928 1562 habeo
962 1507 1139 1576 hujus
1188 1505 1469 1561 idiotismi
1515 1509 1725 1559 testem
1759 1503 1860 1573 Sy-

205 1611 480 1650 meonem
505 1595 642 1650 Seth
672 1595 730 1650 in
787 1595 984 1650 Graeca
1017 1613 1083 1650 ex
1107 1595 1348 1650 Arabico
1383 1592 1862 1665 interpretatione

200 1683 344 1739 libri
387 1701 558 1756 quem
589 1686 715 1756 ipse
749 1682 1056 1758 ἴχνηλάτην
1085 1690 1269 1741 vocat.
1305 1685 1469 1739 Hunc
1517 1699 1622 1738 nos
1665 1681 1862 1736 Latine

202 1774 508 1828 redditum
544 1776 614 1828 ad
648 1774 864 1830 calcem
913 1775 1123 1829 harum
1144 1771 1860 1830 Obervationummautis-

200 1879 287 1916 sae
321 1862 445 1917 loco
479 1864 709 1918 damus.
745 1864 882 1933 Ejus
914 1864 970 1917 in
1018 1865 1274 1918 secunda
1306 1862 1709 1917 dissertatione
1769 1859 1851 1915 sic
1884 1856 1930 1921 B
1960 1858 2322 1929 appellantur
2363 1879 2382 1915 :

198 1952 404 2007 Graece
435 1952 682 2024 legitur:
716 1950 781 2007 Εἴ
812 1952 915 2025 γάρ
959 1953 1032 2024 μή
1087 1951 1220 2025 ὑπὲρ
1279 1950 1442 2004 αὖτοῦ
1499 1947 1854 2022 ἀπολογήση-

194 2039 294 2093 ταί
326 2060 428 2110 τις,
459 2044 642 2114 σχοΛῇ
673 2041 722 2113 γ’
748 2037 806 2093 ἂν
840 2041 1022 2115 ἑτέρου
1076 2040 1516 2115 ὑπερασπίζοιτθ.
1554 2039 1660 2109 Qui
1707 2042 1857 2095 enim

193 2148 274 2186 ne
307 2148 362 2186 se
398 2131 613 2202 quidem
659 2135 836 2202 ipsum
894 2133 951 2185 in.
999 2133 1245 2202 periculo
1293 2130 1621 2200 defenderit,
1671 2130 1738 2183 ab
1797 2143 1856 2183 eo

193 2221 414 2275 scilicet
443 2226 782 2291 exspectetur
824 2231 884 2275 ut
913 2221 1136 2288 fortiter
1175 2237 1273 2291 pro
1301 2221 1530 2274 alterius
1557 2218 1737 2290 capite
1767 2218 1855 2272 de—

191 2314 373 2365 certet
402 2311 427 2364 ‘?
457 2311 516 2363 In
552 2311 1050 2382 septimaquoque
1077 2312 1160 2364 sic
1192 2311 1390 2381 regina
1415 2310 1686 2362 maritum
1711 2308 1856 2363 allo-

192 2400 428 2469 quitur,
481 2415 845 2470 conquerens
908 2416 1022 2454 non
1075 2397 1496 2453 communicari
1548 2397 1658 2452 sibi
1695 2399 1763 2451 ab
1790 2413 1853 2451 eo

193 2492 359 2545 scitu
393 2490 790 2545 necessarium
823 2507 1100 2545 arcanum
1137 2506 1148 2544 :
1186 2487 1246 2543 Et
1278 2487 1380 2561 γὰρ
1415 2485 1594 2559 ἔμοιγ’
1626 2485 1683 2539 ἂν
1719 2486 1852 2539 ἀπο·

187 2578 435 2653 κρῦψῃς,
469 2577 653 2652 σχολῇ
680 2583 732 2652 γ’
763 2575 820 2631 ἂν
854 2576 1458 2652 ἑτέροις-πιστεύσῃς·δί
1485 2578 1633 2631 enim
1665 2576 1730 2630 de
1759 2577 1855 2630 hoc

187 2687 284 2724 me
318 2670 456 2723 celas
486 2677 639 2723 tuam
685 2668 988 2739 conjugem,
1023 2667 1162 2722 aliis
1191 2668 1256 2722 id
1302 2668 1515 2721 scilicet
1544 2666 1808 2736 fateberis
1828 2665 1854 2719 ?

185 2760 287 2814 ιω
318 2758 493 2812 etiam
519 2757 781 2827 loquitur
811 2757 1093 2829 Georgius
1124 2755 1449 2827 Acropolita
1483 2755 1541 2809 in
1572 2754 1852 2809 Prommio

183 2848 472 2902 Historiae
505 2865 558 2918 p.
592 2848 626 2900 ‘2
655 2848 746 2901 ed.
775 2850 902 2918 Ceg.

265 2968 516 3037 Σωλὲας,
551 2989 607 3042 p.
654 2972 774 3026 173.
809 2971 957 3035 Quid
991 2974 1068 3026 sit
1099 2967 1332 3035 σωλέας,
1366 2986 1576 3037 magna
1621 2977 1678 3025 et
1720 2987 1849 3040 per-

181 3060 369 3134 plexa
411 3060 651 3132 quastio
706 3065 811 3116 est.
867 3061 998 3131 Legi
1045 3065 1331 3125 accurate,
1377 3059 1476 3112 diu
1530 3059 1850 3114 meditatus

177 3167 358 3218 sum,
393 3167 520 3221 qum
543 3150 612 3205 de
636 3149 743 3205 hoc
763 3155 1106 3222 argumento
1131 3148 1234 3202 viri
1259 3147 1580 3203 doctissimi
1598 3149 1848 3204 Joannes

1975 607 2132 655 tur...
2163 605 2252 656 vel
2305 607 2546 662 materia
2588 609 2856 677 robustea,
2892 628 3058 682 super
3089 631 3253 684 quam
3297 619 3482 688 paries
3511 637 3632 676 era-

1971 688 2132 744 titius
2152 696 2481 749 exstruit-ur.
2511 698 2575 750 In
2601 700 2864 770 margine
2887 701 3210 759 editionum
3243 708 3629 780 Optimarum,

1973 781 2202 868 veneta?
2234 784 2370 837 anni
2405 785 2544 839 4560
2575 802 2643 841 ex
2676 788 3026 845 bibliotheca
3063 794 3295 849 Antonii
3346 799 3625 868 Augusti-

1972 867 2063 964 ni1
2101 875 2158 924 et
2207 873 2550 929 Parisiensis
2616 876 3023 949 Scaligerianae
3093 885 3229 936 anni
3286 867 3463 955 1584(
3505 885 3625 940 ἀντὶ

1969 963 2066 1009 τοὺ
2096 976 2198 1030 pro
2229 963 2564 1034 suggeritur
2606 965 2720 1020 alia
2752 965 2923 1024 lectio
2951 987 3071 1040 per,
3107 973 3192 1043 [P.
3229 975 3354 1046 4'20]
3410 992 3477 1031 ex
3511 994 3628 1048 qua

1970 1048 2306 1117 conjectura
2338 1052 2484 1106 forte
2515 1070 2627 1109 non
2662 1072 2808 1111 vana
2834 1059 3104 1125 ducatur,
3150 1063 3434 1134 scriptum
3486 1067 3625 1122 olim

1969 1135 2028 1188 in
2080 1139 2390 1210 archetypo
2442 1141 2623 1197 fuisse
2679 1161 2768 1214 pes
2819 1163 2848 1200 e
2895 1151 3130 1202 materia
3179 1153 3453 1218 robustea,
3503 1161 3613 1211 etc.

1969 1233 2113 1289 Nam
2149 1252 2249 1306 pes
2282 1239 2500 1293 dicitur
2522 1242 2674 1311 quod
2708 1241 2867 1297 aliud
2902 1245 3175 1313 sustinet,
3205 1253 3265 1302 ut
3293 1267 3389 1319 pes
3419 1269 3628 1312 mensae

1969 1322 2177 1388 Plinio,
2220 1325 2258 1379 l.
2303 1344 2401 1393 xu,
2441 1345 2490 1382 c.
2543 1337 2568 1382 I
2616 1346 2630 1384 :
2694 1331 2905 1387 Eodem
2960 1334 3120 1388 ebore
3178 1341 3473 1394 numinum
3523 1359 3621 1397 ora

1965 1417 2342 1482 spectarentur
2380 1420 2429 1470 et
2460 1433 2775 1473 mensarum
2803 1421 2961 1490 pedes
2989 1439 3010 1484 ;
3043 1439 3156 1494 quo
3201 1441 3376 1482 sensu
3412 1432 3625 1486 stereo-

1967 1500 2141 1555 baton
2172 1520 2273 1571 pes
2328 1510 2415 1558 est
2447 1506 2742 1577 stylobati.
2777 1509 3101 1580 Vitruvius,
3134 1512 3173 1568 l.
3207 1531 3292 1580 ιιι,
3320 1533 3368 1570 c.
3404 1518 3437 1572 3
3469 1535 3482 1574 :
3517 1519 3622 1574 Su-

1960 1606 2065 1659 pra
2093 1595 2296 1645 terram
2324 1595 2566 1662 parietes
2620 1601 2986 1652 exstruuntur
3013 1601 3113 1655 sub
3133 1603 3406 1658 columnis
3452 1606 3593 1660 dimi
3601 1637 3621 1646 -

1963 1678 2054 1734 dio
2083 1683 2377 1736 crassiores
2406 1700 2570 1754 quam
2620 1686 2895 1743 columnae
2923 1695 3056 1742 sunt
3108 1691 3347 1761 futurae,
3400 1696 3492 1749 uti
3518 1697 3620 1765 ﬁr-

1966 1768 2144 1824 miora
2191 1773 2300 1826 sint
2349 1773 2618 1844 inferiora
2677 1777 3075 1848 superioribus,
3122 1797 3240 1851 quae
3289 1785 3619 1841 stereobata

2434 1879 2565 1917 nam
2594 1864 2880 1936 excipiunt
2933 1883 3120 1922 onera.
3184 1871 3358 1925 Paulo
3419 1879 3551 1943 post
3598 1890 3610 1928 :

1963 1958 2270 2014 Exstructis
2335 1972 2522 2017 autem
2603 1964 2980 2034 fundamentis
3077 1968 3148 2022 ad
3214 1969 3616 2027 libramentum

1962 2047 2269 2119 stylobatze,
2302 2054 2432 2105 sunt
2465 2053 2818 2123 collocanda),
2852 2072 3021 2126 supra
3062 2057 3368 2130 stylobatas
3399 2063 3613 2116 colum-

1963 2154 2054 2195 nte
2081 2141 2458 2211 disponendae,
2492 2149 2598 2197 etc.
2652 2145 2897 2200 Materina
2966 2164 3138 2212 porro
3192 2152 3488 2206 mentione
3523 2172 3610 2209 r0-

1964 2229 2180 2283 bustcaa
2214 2247 2328 2284 non
2365 2232 2593 2302 proprie
2645 2233 3085 2306 intelligendum
3141 2238 3232 2292 hic
3291 2256 3608 2310 querceam

1961 2317 2210 2388 lignum,
2267 2321 2364 2374 sed
2429 2323 2812 2393 metonymice
2862 2341 3074 2396 corpus
3108 2329 3351 2398 quodvis
3381 2330 3615 2387 duritiei

1963 2415 2193 2478 quantae
2247 2425 2395 2480 Opus
2428 2415 2516 2464 est
2549 2411 2686 2465 moli
2717 2414 3080 2483 gravissimae
3115 2419 3433 2485 portanda}.
3457 2421 3619 2474 Allu-

1961 2496 2120 2550 ditur
2166 2497 2323 2551 enim
2361 2498 2420 2552 in
2471 2498 2768 2556 similibus
2803 2501 2964 2574 origo
3023 2503 3452 2573 architecturae,
3489 2526 3616 2580 quas

1964 2585 2219 2655 primum
2253 2604 2371 2640 aevo
2407 2589 2629 2643 rudiori
2677 2588 2857 2660 lignis
2891 2592 3238 2662 aediﬁcabat,
3275 2611 3341 2650 ex
3400 2597 3621 2668 quibus

1960 2690 2278 2744 querceum
2312 2675 2615 2732 fundendo
2666 2683 2869 2749 aptum
2910 2681 3294 2749 judicabatur
3324 2685 3394 2740 ob
3445 2686 3612 2742 dotes

1959 2781 2106 2835 quas
2137 2770 2424 2819 memorat
2479 2765 2800 2833 Vitruvius,
2835 2767 2874 2822 l.
2929 2786 2992 2837 ιι,
3026 2786 3075 2824 c.
3134 2772 3188 2839 9,
3222 2770 3313 2826 bis
3369 2775 3562 2829 verbis
3598 2792 3612 2829 :

1961 2863 2458 2933 Quereusjterrenis
2490 2865 2894 2935 principiorum
2914 2869 3268 2924 satietatibus
3296 2871 3605 2928 abundans.

1955 2967 2263 3023 parumque
2289 2952 2490 3008 habens
2522 2953 2771 3009 humoris
2795 2959 2844 3010 et
2875 2956 3022 3010 aeris
3049 2961 3104 3011 et
3149 2959 3317 3027 ignis,
3367 2977 3495 3015 cum
3552 2964 3611 3016 in

1959 3043 2191 3095 terrenis
2217 3044 2469 3112 operibus
2517 3043 2792 3106 obruitur,
2843 3045 3125 3114 inﬁnitam
3176 3049 3336 3103 habet
3382 3054 3611 3105 aeternio

1958 3135 2142 3198 tatem,
2175 3147 2244 3186 ea:
2272 3147 2333 3186 eo
2363 3133 2505 3202 quod
2541 3148 2664 3187 cum
2689 3135 2937 3204 tangitur
2978 3135 3228 3203 humore,
3255 3155 3367 3192 non
3399 3138 3607 3195 habens

181 3208 518 3304 Meursius,
573 3243 677 3293 Leo
711 3208 1260 3308 Allalius,Jacobus
1303 3242 1453 3292 Goar
1483 3237 1606 3292 0rd.
1639 3238 1845 3302 Prsed.,
1879 3208 1924 3278 (ἶ
1959 3222 2299 3293 foraminum
2338 3223 2602 3276 εαυίίαίεδ
2625 3226 2849 3293 Propter
2897 3223 3229 3295 δΡίδδέίαίθνη
3293 3243 3405 3283 ⁷³οη
3444 3237 3615 3300 Ροίεει

171 3331 453 3387 Jacobus
486 3328 798 3384 Gretserus
832 3333 888 3382 et
924 3327 1249 3382 Ludovicus
1288 3325 1569 3381 Collotius
1601 3327 1846 3382 societa-

177 3419 270 3474 tis
308 3423 520 3473 nostrze
551 3418 856 3488 scripsere.
891 3417 952 3472 In
1005 3418 1086 3471 rei
1139 3416 1348 3471 deinde
1401 3415 1845 3488 inquisitionem

173 3509 371 3580 ipsus
430 3508 746 3562 attentione
776 3507 951 3575 longa
998 3510 1053 3560 et
1085 3505 1201 3560 acri
1249 3505 1509 3560 incubui.
1548 3505 1846 3576 Exponam

176 3589 313 3650 hic,
351 3587 399 3642 si
433 3591 650 3659 petere,
686 3588 1005 3641 hreviteret
1045 3585 1197 3640 clare
1220 3586 1358 3656 quid
1385 3585 1672 3640 discussis
1702 3601 1846 3640 cun-

177 3679 308 3732 ctis
373 3675 864 3731 verisimillimum
898 3675 1306 3745 compererim,
1340 3674 1466 3730 luce
1523 3675 1845 3744 praesertim

174 3764 372 3821 mihil
397 3766 585 3820 affusa
607 3781 674 3820 ex
695 3765 1365 3819 eruditissimadiatriba
1386 3763 1685 3818 illustriss.
1714 3763 1848 3819 Leo-

179 3856 291 3909 nis
327 3853 524 3908 Allatii
553 3854 624 3908 ad
657 3853 895 3908 Fabium
931 3853 1217 3921 Chisium,
1250 3852 1422 3907 hodie
1453 3851 1844 3907 Alexandrum

176 3945 318 4010 VII,
356 3944 428 3998 de
457 3943 565 3998 hoc
597 3942 824 4014 proprie
859 3949 1204 4015 argumento
1238 3942 1552 3997 novissime
1591 3945 1646 3996 et
1675 3959 1846 3996 accu-

175 4033 500 4092 ratissime
534 4032 1002 4104 scrip:a.lncipio
1028 4049 1057 4085 a
1075 4031 1541 4087 consideratione
1564 4030 1842 4090 nominis.

181 4120 430 4181 Σωλὲας
463 4122 933 4188 sive,utSimeon
954 4121 1496 4176 Thessalonicensis
1519 4121 1749 4192 dialogo
1777 4122 1848 4175 de

169 4211 588 4269 sacramentis
633 4210 999 4264 emendatius
1048 4209 1273 4279 scribit,
1304 4207 1520 4279 σολὲας,
1552 4209 1639 4265 vel
1673 4211 1845 4264 etiam

172 4307 254 4357 ut
288 4300 450 4370 apud
473 4299 891 4370 Euchologium
910 4300 965 4352 in
980 4299 1589 4356 ordinationediaconi
1614 4301 1847 4372 legitur,

171 4387 389 4459 σολὲα,
424 4406 536 4444 non
569 4394 656 4444 est
679 4387 1021 4443 vocabulum
1047 4389 1257 4444 Graeca:
1277 4391 1541 4461 originis,
1566 4397 1629 4447 ut
1647 4408 1850 4447 omnes

171 4479 369 4535 facile
399 4477 813 4543 consentiunt;
847 4494 953 4531 nec
983 4479 1100 4532 fere
1131 4479 1244 4533 vidi
1280 4480 1376 4550 qui
1410 4481 1678 4536 dubitent
1708 4483 1846 4554 quin

1960 3309 2022 3363 in
2050 3326 2271 3380 corpore
2301 3310 2544 3381 recipere
2587 3311 2877 3381 liquorem,
2913 3314 3004 3368 sed
3033 3316 3257 3384 fugiens
3288 3318 3355 3370 ab
3388 3317 3616 3374 humore

1961 3399 2192 3454 resistit.
2222 3399 2876 3469 Retinebanturautem,
2899 3404 3074 3456 etiam
3096 3410 3228 3474 post
3247 3406 3610 3462 substitutos

1959 3487 2019 3541 in
2053 3487 2366 3542 structuris
2423 3489 2582 3560 ligno
2642 3490 2881 3560 lapides,
2946 3493 3230 3548 vocabula
3288 3495 3502 3565 priora.
3540 3496 3612 3551 Ut

1961 3576 2178 3631 Paulus
2209 3595 2277 3633 ex
2309 3577 2473 3633 Festo
2501 3579 2674 3634 verbo
2699 3580 2912 3634 [tabum
2933 3583 3110 3636 tradit
3135 3582 3362 3638 Robum
3387 3584 3609 3639 dictum

1960 3667 2018 3720 in
2062 3683 2289 3721 carcere
2337 3667 2527 3720 locum
2588 3685 2702 3738 quo
2761 3671 3150 3740 praecipitatur
3207 3672 3608 3728 maleﬁcorum

1958 3770 2145 3825 genus
2178 3755 2343 3824 (puta
2389 3754 2691 3825 fastigium
2742 3757 3168 3827 propugnaculi
3231 3758 3290 3813 in
3349 3776 3606 3830 praeceps

1958 3843 2300 3912 imminens,
2333 3843 2486 3897 unde
2520 3844 2766 3897 malefici
2793 3846 3037 3898 convicti
3063 3847 3508 3914 dejiciebantur,
3543 3853 3609 3901 ut

1959 3931 2214 3986 Manlius
2245 3948 2313 3985 ex
2352 3948 2495 4001 rupe
2535 3932 2825 4003 Tarpeia).
2878 3933 3128 3987 Causam
3188 3933 3602 4005 appellationis

1958 4020 2155 4075 statim
2217 4021 2417 4084 tradit,
2476 4021 2618 4092 quod
2655 4030 2782 4075 ante
2838 4038 2993 4077 arces
3039 4022 3304 4077 robusteis
3357 4023 3609 4080 include-

1961 4116 2184 4180 bantur,
2227 4111 2335 4166 hoc
2366 4116 2475 4180 est,
2509 4112 2783 4182 quoniam
2831 4114 2983 4184 apud
3036 4118 3255 4168 veteres
3305 4129 3434 4168 mos
3485 4119 3612 4170 erat

1960 4203 2180 4257 arcium
2209 4201 2462 4257 claustra
2494 4203 2564 4256 ad
2591 4219 2890 4257 summum
2917 4219 3104 4275 usque
3127 4203 3407 4258 moenium
3434 4203 3612 4276 lignis

1960 4292 2218 4346 roboreis
2261 4296 2583 4352 exstruere,
2634 4291 2771 4346 inde
2821 4295 3020 4362 postea
3074 4308 3307 4363 quoque
3357 4309 3532 4364 quam
3583 4310 3612 4348 e

1961 4381 2114 4436 saxis
2148 4379 2273 4435 tolli
2321 4380 2757 4451 propugnacula
2809 4397 3182 4452 consuevere,
3233 4383 3450 4436 mansit
3498 4384 3621 4453 pri-

1961 4486 2127 4524 scum
2157 4469 2509 4525 vocabulum
2544 4471 3081 4536 materiae,utrobus
3096 4470 3270 4525 etiam
3309 4477 3432 4526 tum
3457 4471 3615 4526 tasti-

171 4569 473 4626 Latinum
506 4570 602 4629 sit,
635 4566 694 4621 in
728 4565 1168 4636 Hellenismum,
1197 4573 1258 4623 ut
1289 4568 1402 4624 alia
1424 4570 1696 4640 plurima,
1733 4589 1840 4627 usu

1963 4559 2051 4630 gia
2081 4575 2359 4630 aggerum
2393 4561 2462 4614 ad
2490 4560 2680 4629 pinnae
2716 4576 3022 4614 murorum
3042 4561 3394 4614 dicerentur.
3427 4565 3616 4626 Quan-

165 4659 522 4713 intrusum.
549 4657 605 4709 Si
633 4672 769 4724 ergo
802 4656 1299 4727 disquisierimus,
1336 4658 1476 4728 quid
1511 4661 1730 4714 Latinis
1754 4679 1852 4715 va-

167 4750 314 4803 leat
345 4746 526 4811 solea,
559 4745 707 4800 torte
739 4761 854 4799 non
891 4746 1066 4799 tuerit
1097 4744 1153 4799 id
1197 4746 1401 4800 inutile
1433 4749 1502 4801 ad
1552 4749 1850 4818 judicium

165 4835 583 4894 statuendum
616 4834 685 4889 de
717 4850 776 4888 re
807 4833 933 4905 ipsa
961 4850 1098 4889 voce
1128 4833 1238 4889 hac
1271 4834 1547 4903 indicata,
1581 4855 1848 4908 quamam

165 4927 442 4984 tandem
476 4923 570 4979 sit.
603 4925 810 4980 Sextus
841 4925 988 4979 601
1015 4923 1327 4997 Pompeius
1344 4930 1567 4996 Festus,
1593 4929 1852 5000 optimus

163 5018 510 5074 enarrator
541 5013 915 5085 antiquarum
937 5014 1242 5070 notionum
1269 5016 1461 5071 verbis
1483 5017 1705 5072 Latinis
1719 5019 1852 5074 sub-

145 5112 182 5179 j
201 5112 512 5170 ectarum,
541 5119 653 5158 non
683 5120 792 5158 sua
823 5102 1006 5158 solius
1039 5104 1130 5158 sed
1163 5105 1337 5159 Marci
1362 5110 1637 5175 praeterea
1667 5107 1851 5162 Verrii

163 5191 418 5258 Flacci,
443 5193 789 5264 antiquioris
821 5209 926 5247 nec
948 5193 1146 5248 minus
1170 5195 1426 5248 accurati
1460 5198 1850 5265 grammatici,

166 5282 557 5343 auctoritate
637 5283 1036 5354 signiﬁcatum
1121 5283 1388 5338 vocabuli
1469 5287 1612 5341 solea
1684 5289 1854 5343 nobis

166 5371 488 5433 edisserit
529 5371 617 5427 his
649 5372 840 5427 verbis
889 5390 902 5428 :
937 5372 1112 5443 Soleo,
1154 5378 1211 5427 ut
1241 5375 1320 5428 ait
1365 5377 1588 5430 Verrius
1633 5393 1741 5432 non
1773 5383 1853 5432 est

158 5459 384 5524 gotum
434 5476 496 5515 ea
527 5477 644 5531 quae
673 5463 788 5515 solo
823 5462 980 5531 pedis
1019 5463 1329 5534 subjicitur,
1381 5465 1474 5519 sed
1529 5468 1696 5520 etiam
1751 5485 1853 5538 pro

148 5552 440 5614 materia
474 5550 728 5604 robustea
760 5551 866 5621 (vel
901 5554 969 5605 ut
995 5551 1170 5607 habet
1200 5553 1316 5608 alia
1360 5554 1553 5624 lectio,
1588 5557 1852 5630 robusta),

147 5658 376 5715 super
409 5656 576 5711 quam
592 5641 782 5711 paries
804 5642 1064 5696 cratitius
1083 5645 1416 5702 exstruitur.
1452 5645 1669 5701 Paulus
1701 5647 1857 5704 hunc

1962 4665 2139 4718 quam
2171 4650 2364 4719 ipsum
2403 4649 2627 4703 roboris
2660 4654 2760 4702 aut
2792 4649 3054 4704 robustei
3103 4665 3316 4703 nomen
3353 4651 3613 4705 materiae

1961 4754 2219 4809 querceae
2251 4738 2551 4809 proprium
2579 4755 2691 4792 non
2727 4741 2836 4806 est,
2871 4739 2970 4792 sed
2995 4737 3208 4793 coloris
3251 4756 3264 4793 :
3320 4738 3474 4793 unde
3506 4739 3612 4794 bos

1960 4827 2121 4882 robus
2168 4825 2288 4880 sive
2364 4827 2532 4880 rubus
2589 4825 2799 4897 priscis
2868 4831 3012 4881 erat.
3074 4827 3289 4881 Paulus
3334 4843 3403 4880 ex
3460 4827 3614 4882 608

1964 4917 2130 4972 Festo
2167 4933 2180 4969 :
2216 4916 2421 4970 Robum
2452 4915 2617 4970 rubro
2647 4917 2846 4987 colore,
2878 4919 2929 4970 et
2970 4932 3093 4988 quae
3119 4919 3244 4986 rufo
3273 4916 3614 4986 signiﬁcari,

1960 5016 2019 5062 ut
2047 5008 2228 5062 bovem
2260 5022 2469 5078 quoque
2496 5009 2691 5062 rustici
2725 5006 3037 5078 appellent,
3097 5007 3455 5079 manifestum
3513 5011 3613 5063 est.

1967 5105 2112 5163 Unde
2154 5115 2207 5160 et
2281 5105 2515 5160 materia
2571 5121 2698 5176 quae
2752 5105 3024 5176 plurimas
3073 5108 3237 5162 habet
3285 5123 3452 5161 venas
3499 5107 3616 5177 ejus

1961 5197 2177 5260 coloris,
2210 5197 2359 5249 dicta
2386 5200 2462 5249 est
2495 5197 2690 5250 robur.
2733 5197 2870 5250 Hinc
2899 5201 2948 5250 et
2979 5195 3224 5251 homines
3273 5197 3511 5250 volentes
3567 5203 3621 5249 et

1966 5286 2090 5340 boni
2120 5287 2316 5340 coloris
2341 5285 2589 5340 robusti.
2625 5285 2755 5341 Hac
2786 5286 3014 5352 Festus,
3049 5303 3174 5356 quae
3207 5285 3621 5340 demonstrant

1965 5373 2109 5428 nihil
2146 5375 2356 5429 referre
2385 5375 2454 5429 ad
2489 5392 2611 5430 rem
2635 5375 2824 5446 ipsam
2859 5392 2986 5447 qua:
3027 5375 3176 5429 solea
3228 5373 3288 5427 in
3345 5369 3612 5426 aediﬁciis

1967 5469 2229 5534 vocatur,
2292 5465 2562 5537 ligneane
2621 5467 2698 5521 sit
2745 5484 2815 5520 au
2876 5484 3068 5531 saxea,
3150 5478 3484 5518 marmorea
3532 5452 3621 5513 vel

1965 5570 2112 5609 aerea
2145 5559 2361 5609 structu
2375 5571 2456 5610 ra.
2480 5556 2772 5611 Hactenus
2794 5555 3168 5611 informatum
3196 5569 3263 5607 ex
3285 5549 3616 5622 originibus

1967 5644 2153 5699 Latini
2189 5643 2473 5699 sermonis
2504 5645 2694 5699 ideam
2729 5646 2809 5699 rei
2843 5661 2971 5714 quae
3002 5641 3157 5698 solea
3204 5639 3441 5705 dicitur,
3474 5655 3615 5694 con-
