3978 6182
239 373 383 429 1073

1703 378 2185 433 GLOSSARIUM.

3526 379 3663 434 1074

230 499 464 552 tumma:
492 501 787 568 partesque
818 513 950 554 imae
980 514 1164 554 omnes
1194 500 1413 570 quibus
1434 499 1707 569 caprimit
1768 514 1895 554 eam
1928 499 1983 566 Α
2015 500 2169 570 quod
2222 500 2477 570 spatium
2538 501 2710 557 statio
2771 500 3100 557 antistitum
3151 505 3207 556 et
3282 503 3656 559 sacerdotum

234 587 742 641 substructionem
782 587 875 640 isti
939 604 1123 641 scenae
1177 589 1533 642 sustinenda:
1596 606 1772 659 quam
1823 605 1891 643 ex

234 676 511 731 Vitruvio
534 676 811 746 superius
832 676 1167 732 vocavimus
1192 679 1537 743 stereobata,
1564 696 1737 749 super
1762 696 1888 750 quas

237 766 537 836 stylobata
570 772 869 836 ponuntur
923 766 1330 821 columnarum
1380 768 1549 823 sedes
1606 769 1885 837 proxima.

235 859 361 910 Hoc
396 859 593 909 autem
627 855 805 908 veteri
839 855 1039 909 Latino
1070 856 1241 910 verbo
1292 857 1697 928 propriissime
1745 858 1891 913 solea

237 950 353 1000 est.
388 945 450 1013 [P
505 944 630 1014 422]
694 944 753 998 Id
808 944 959 1014 quod
1021 944 1131 1015 ipsi
1187 945 1369 1000 Graeci
1453 944 1887 1013 intellexerunt,

232 1033 651 1104 superpositos
694 1034 793 1087 isti
841 1034 1013 1104 quasi
1055 1034 1341 1105 crepidini
1373 1040 1615 1089 ornatus
1668 1031 1889 1093 σολίους

230 1120 631 1190 appellantes,
658 1120 935 1175 vocabulo
957 1139 989 1176 a
1020 1120 1177 1176 solea
1211 1122 1299 1176 cui
1324 1122 1660 1176 innituntur
1691 1123 1887 1177 ducto.

230 1209 533 1264 Theodori
564 1209 809 1264 Studitze
848 1210 1021 1265 verba
1044 1210 1159 1264 haec
1191 1212 1399 1266 recitat
1456 1211 1738 1282 Georgius
1787 1212 1890 1265 Ha-

232 1299 528 1355 martolus
562 1300 616 1353 in
653 1306 836 1355 Leone
860 1305 1108 1355 Armeno
1144 1318 1156 1355 :
1190 1297 1256 1355 Οἳ
1284 1320 1341 1352 τε
1373 1306 1507 1361 θεῖοι
1568 1300 1743 1362 κίονες
1798 1301 1885 1354 καὶ

234 1389 292 1440 o't
328 1384 505 1440 σὸλιοι
533 1385 892 1458 καλούμενοι,
943 1386 974 1441 ἃ
1028 1387 1090 1440 τὸ
1142 1382 1435 1460 σεϐάσμιον
1468 1392 1564 1442 τοῦ
1592 1390 1739 1463 ἱεροὖ
1773 1387 1890 1442 διοι-

228 1480 537 1549 τειχίζουσι
598 1479 996 1548 θυσιαστήριον.
1070 1482 1285 1535 Necnon
1344 1496 1520 1536 sacrae
1602 1482 1886 1546 columnae,

231 1575 285 1619 et
348 1565 446 1635 qui
499 1565 630 1620 solii
690 1572 957 1620 vocantur
1012 1583 1130 1637 qua:
1184 1566 1557 1621 venerandam
1601 1584 1634 1621 a
1693 1569 1888 1636 tempto

232 1656 606 1727 intersepiunt
660 1658 859 1711 altare.
938 1662 1141 1711 Parem
1225 1654 1577 1729 κυριολογίαν
1664 1659 1891 1712 videtur

232 1743 537 1799 Cedrenus
563 1745 889 1814 affectasse,
924 1746 1065 1800 dum
1095 1743 1221 1805 τοὺς
1280 1744 1481 1807 σωλῖας
1541 1748 1711 1803 verbo
1768 1746 1888 1817 plu-

1997 592 2147 654 erat,
2184 588 2238 641 id
2294 591 2450 659 quod
2502 594 2664 645 extra
2723 607 2896 645 omne
2946 589 3199 645 dubium
3261 594 3369 655 est,
3416 606 3484 645 ex
3538 609 3661 647 sex-

1997 678 2184 731 centis
2209 680 2426 747 passim
2473 679 2657 733 obviis
2684 678 3039 749 scriptorum
3100 678 3459 750 optimorum
3512 679 3657 734 locis

1996 766 2372 821 manifestum
2408 786 2419 821 :
2455 766 2535 823 ita
2566 769 2875 823 dicendum
2911 784 3145 840 quoque
3185 767 3515 823 necessario
3570 773 3659 823 est

1999 854 2168 909 solete
2203 855 2651 927 appellationem
2688 862 3068 928 propagatam
3103 857 3174 911 ad
3225 856 3653 927 designandum

1998 942 2272 997 similiter
2304 945 2559 1015 spatium
2596 946 2827 1016 aliquod
2865 945 2995 1011 soli,
3024 945 3171 1017 quod
3216 947 3413 1000 statim
3467 963 3499 999 a
3555 962 3652 999 so-

1994 1030 2081 1085 lea
2106 1049 2307 1087 versus
2355 1033 2553 1105 populi
2587 1051 2653 1089 ac
2700 1034 2998 1089 concionis
3048 1033 3237 1089 locum
3283 1034 3652 1102 tendebatur,

1995 1146 2109 1199 quo
2144 1130 2197 1182 in
2233 1131 2809 1201 Spatiosubdiaconi,
2834 1132 3081 1187 lectores
3101 1132 3318 1203 aliique
3346 1131 3649 1186 inferiores

1994 1217 2251 1273 ecclesia:
2287 1219 2543 1274 ministri
2595 1220 2851 1289 stabant,
2902 1220 3116 1291 quibus
3156 1220 3260 1290 jus
3318 1237 3433 1275 non
3494 1224 3650 1275 esset

1994 1307 2051 1360 in
2094 1325 2259 1362 sacro
2319 1315 2485 1380 septa
2535 1309 2593 1363 in
2655 1309 2781 1381 ipso
2840 1309 3071 1364 bemate
3129 1313 3231 1363 aut
3288 1309 3647 1380 presbyterio

1994 1401 2165 1451 stare.
2222 1397 2397 1452 Docet
2450 1399 2553 1452 hoc
2606 1417 2710 1454 nos
2782 1398 2933 1453 clare
2984 1398 3235 1469 Symeon
3281 1397 3650 1452 Thessalonic

1995 1486 2183 1541 censis
2252 1486 2401 1541 libro
2463 1489 2531 1542 de
2589 1496 2747 1543 Sacr.
2820 1488 2909 1543 bis
2964 1487 3197 1542 verbis:
3258 1482 3647 1539 Ὑποδιακόνου

1993 1574 2080 1626 καὶ
2153 1574 2493 1648 ἀναγνώστας
2551 1577 2813 1644 καθῆσθαι
2872 1576 2983 1650 χρὴ
3054 1573 3245 1646 ἔξωθεν
3303 1577 3399 1628 τοῦ
3462 1574 3647 1647 βήμα-

1992 1682 2084 1722 τος
2157 1663 2279 1735 περὶ
2347 1662 2435 1716 τὸν
2488 1663 2694 1718 σωλὲαν
2734 1708 2747 1733 ,
2807 1664 2865 1725 ’ὸς
2926 1661 2991 1733 δὴ
3041 1663 3130 1717 καὶ
3194 1664 3347 1738 βῆμα
3398 1660 3645 1716 καλεῖται

1994 1750 2373 1825 ἀναγνωστῶν·
2444 1754 2817 1811 Subdiacunos
2883 1759 2935 1810 et
2985 1755 3423 1810 tectoressedere
3474 1770 3644 1823 opor-

230 1832 342 1887 rali
376 1840 539 1889 vocat
572 1835 757 1889 multa
784 1834 887 1889 illa
917 1840 975 1890 et
1004 1835 1162 1890 varia
1195 1836 1547 1891 vestibulum
1605 1843 1662 1892 et
1714 1838 1880 1908 quasi
1915 1860 1962 1923 Β
1994 1846 2073 1896 tet
2103 1848 2260 1897 extra
2309 1843 2482 1909 bema,
2514 1844 2662 1899 circa
2697 1846 2919 1914 soleam,
2958 1842 3057 1914 qui
3091 1851 3141 1898 et
3184 1843 3337 1897 bcma
3377 1842 3641 1897 lectorum

230 1925 603 1992 proscenium
665 1942 776 1979 aras
824 1941 1001 1979 sacrm
1049 1929 1459 1997 componentia
1514 1932 1877 1981 ornamenta.

228 2012 422 2067 Verba
454 2015 581 2083 ejus
622 2014 743 2069 haec
776 2018 914 2070 sunt
946 2031 960 2069 :
994 2014 1058 2068 '11
1112 2013 1360 2087 τρούλΛα
1417 2021 1517 2083 τῆς
1574 2015 1727 2088 ἁγίας
1782 2019 1878 2069 τοῦ

225 2106 367 2155 Θεοῦ
438 2100 694 2175 Μεγάλης
769 2100 1065 2173 ἐκκλησίας
1143 2104 1409 2178 φουρνική
1492 2104 1624 2157 οὖσα
1702 2102 1875 2175 ἔπεσε,

220 2193 324 2245 τόν
376 2213 434 2245 τε
487 2188 713 2264 ἄμϐωνα
761 2195 849 2247 καὶ
897 2193 1023 2255 τούς
1071 2192 1301 2254 aculeis;
1350 2194 1400 2262 ἐξ
1434 2193 1688 2269 ὀνυχίτου
1723 2194 1877 2249 λίθου

221 2276 386 2342 ὄντας
438 2282 717 2357 συνέτριψε
772 2284 860 2337 καὶ
920 2282 994 2345 εἷς
1082 2288 1216 2357 χοῦν
1294 2283 1601 2338 ἀπετέλεσε·
1676 2287 1879 2341 Trulla

221 2382 417 2429 sancta
467 2375 562 2429 Dei
609 2380 832 2445 Magnae
888 2375 1128 2431 ecclesia:
1184 2380 1456 2431 camerata
1504 2378 1562 2430 in
1617 2379 1878 2441 fornicem

222 2463 492 2531 concidit,
526 2467 573 2518 et
605 2464 895 2519 umbonem
915 2482 978 2519 ac
1006 2466 1196 2520 soleas.
1222 2464 1318 2535 qni
1346 2473 1504 2519 crant
1529 2482 1597 2519 ex
1627 2467 1879 2537 onychite

226 2553 443 2623 lapide,
498 2555 754 2608 contrivit
814 2556 868 2608 ei
924 2556 982 2608 in
1038 2557 1315 2623 pulverem
1372 2554 1659 2610 conminit.
1747 2556 1876 2610 Ηωο

224 2642 569 2697 Cedremus.
604 2647 743 2697 Tam
776 2648 918 2711 erat,
960 2644 1189 2713 opinor,
1220 2644 1277 2697 in
1310 2660 1376 2698 ea
1423 2644 1668 2699 ecclesia
1723 2662 1876 2699 unus

224 2728 440 2789 σωλὲας
471 2747 649 2802 quam
693 2748 845 2786 unus
895 2724 1107 2802 ἄμϐων.
1159 2732 1275 2786 Cur
1325 2732 1504 2801 igitur
1561 2732 1877 2789 historicus

224 2814 487 2889 ἄμϐωνος
520 2822 575 2873 in
611 2821 895 2890 singulari
927 2818 1172 2872 σωλειῶν
1203 2821 1260 2875 in
1295 2821 1505 2893 plurali
1550 2824 1819 2877 meminit
1850 2824 1877 2877 ‘I

221 2911 378 2974 Quid
412 2909 790 2964 verisimilius
814 2910 1081 2965 dicamus
1104 2927 1278 2979 quam
1306 2912 1519 2966 idcirco
1545 2912 1599 2965 id
1636 2913 1870 2979 factum,

218 2999 367 3072 quia
417 2996 619 3052 σωλὲαν
682 2997 975 3058 ασωλεαις
1032 3005 1132 3055 aut
1177 2996 1431 3053 οωλείοι>
1512 3002 1671 3073 (nam
1732 3004 1875 3058 forte

215 3084 493 3147 σωλείους
554 3089 807 3159 scripsit)
866 3091 1090 3144 studuit
1138 3090 1520 3160 distinguere,
1583 3091 1872 3145 verisimi-

215 3177 471 3233 litudine
500 3178 673 3231 etiam
702 3178 1053 3233 narrationis
1084 3178 1415 3234 consulens.
1470 3181 1610 3237 Nam
1644 3181 1869 3235 contri-

219 3274 352 3321 tum
378 3265 477 3320 illa
498 3267 668 3320 ruina
692 3266 745 3319 in
775 3267 1069 3321 minutum
1098 3284 1284 3337 usque
1309 3268 1600 3337 pulverem
1634 3269 1875 3323 soleam»

219 3358 333 3411 hoc
366 3363 455 3411 est
485 3357 815 3411 stereobata
846 3356 1030 3411 solide
1062 3362 1281 3412 structa
1308 3375 1374 3412 ex
1434 3362 1675 3413 materia
1734 3377 1869 3430 prae-

221 3448 377 3500 dura
404 3462 759 3499 marmorum
786 3445 1081 3501 autetiam
1109 3446 1350 3510 metalli,
1374 3448 1651 3501 credibile
1678 3448 1869 3504 minus

221 3540 389 3590 erat:
443 3535 511 3588 de
560 3534 869 3601 columnis,
903 3535 1136 3606 sigillis,
1192 3535 1352 3606 liliis,
1393 3537 1579 3607 pomis
1630 3542 1685 3592 et
1738 3538 1868 3591 aliis

219 3624 432 3694 ﬁguris
464 3641 530 3678 ex
560 3624 831 3695 onychite
861 3641 1094 3696 gemma
1134 3642 1312 3695 supra
1369 3624 1583 3680 soleam
1640 3627 1866 3696 erectis,

218 3730 352 3785 quae
385 3719 596 3768 cuncta
627 3711 869 3766 σωλείων
901 3714 1177 3768 vocabulo
1204 3715 1498 3782 intelligit,
1535 3731 1625 3770 res
1682 3722 1803 3769 erat
1836 3733 1867 3770 a

212 3803 336 3856 ﬁde
368 3819 479 3856 non
513 3802 855 3870 abhorrens,
889 3804 1043 3874 quod
1070 3804 1180 3857 ista
1207 3811 1262 3857 et
1292 3803 1618 3858 subtilioris
1670 3803 1865 3857 formae

209 3902 265 3947 et
306 3891 590 3946 mollioris
625 3894 900 3954 materias.
926 3893 1168 3963 insuper
1195 3893 1367 3947 etiam
1394 3894 1579 3962 primo
1614 3893 1865 3964 impetus

217 3981 519 4035 ruentium
579 3998 646 4035 ex
697 3982 915 4037 fornice
963 3981 1226 4053 lapidum
1284 3982 1667 4052 excepissent.
1740 3988 1863 4039 Non

216 4070 443 4126 inﬁtias
474 4070 673 4125 iverim
705 4075 897 4125 tamen
931 4071 1072 4126 alios
1102 4071 1319 4142 passim
1353 4078 1637 4141 auctores,
1675 4074 1755 4127 uti
1813 4082 1865 4130 et

219 4163 492 4213 nostrum
526 4159 614 4212 hic
650 4159 1083 4228 Pachymerem,
1111 4161 1250 4215 dum
1285 4163 1492 4215 soleam
1522 4161 1866 4233 simpliciter

218 4248 551 4313 nominant,
577 4264 737 4317 aeque
768 4248 1091 4304 stereobata
1115 4266 1244 4303 cum
1270 4252 1657 4321 superpositis
1688 4252 1862 4324 stylo-

213 4339 397 4403 batis,
431 4336 671 4391 basibus
703 4336 1014 4404 columnis,
1076 4338 1381 4409 capitellis,
1432 4342 1615 4407 trabe,
1675 4358 1863 4413 cyma-

214 4426 323 4488 tio,
358 4424 667 4496 epistyliis,
722 4425 953 4495 sigillis,
1008 4427 1161 4483 vasis
1220 4445 1284 4483 ac
1345 4429 1567 4500 reliquo
1626 4447 1694 4485 ex
1742 4438 1864 4486 arte

212 4520 657 4577 coronamento,
690 4532 805 4569 una
837 4514 997 4569 verbi
1058 4516 1296 4573 notione
1347 4520 1857 4575 comdrehendere.

204 4603 363 4668 Quin
396 4603 571 4658 etiam
597 4621 697 4675 pro
722 4610 900 4671 certo,
929 4604 1133 4673 habeo,
1161 4608 1336 4677 idque
1362 4626 1711 4681 magnOpere
1736 4611 1859 4665 ani-
1897 4597 1938 4661 Ι)

208 4692 699 4748 madvertendam
739 4698 895 4765 puto,
932 4712 1045 4748 non
1080 4697 1262 4750 solam
1299 4697 1447 4753 hanc
1479 4700 1861 4756 substructio-

207 4799 350 4837 nem
382 4798 513 4836 cum
548 4784 672 4838 suis
705 4785 1069 4839 ornamentis
1108 4784 1170 4837 τὸ
1208 4785 1359 4857 βῆμα
1408 4785 1513 4839 aut
1563 4792 1657 4840 τοῦ
1704 4794 1859 4859 ναοῦ,

207 4872 401 4927 altare
425 4889 489 4925 ac
522 4873 944 4944 presbyterium
980 4891 1011 4927 a
1036 4876 1254 4945 templo
1305 4875 1527 4946 reliquo
1580 4878 1860 4933 dirimen-

206 4966 359 5027 tcm,
421 4962 565 5016 6|!
616 4967 1014 5033 nuncupatam
1065 4963 1243 5020 fuisse
1299 4967 1545 5032 soleam,
1620 4969 1717 5022 sed
1808 4969 1859 5023 id

208 5066 431 5127 nomen
466 5055 733 5122 praeter-ca
766 5058 1069 5108 extensum
1114 5054 1182 5108 ad
1246 5054 1697 5127 signiﬁcandum
1758 5058 1861 5112 ali-

210 5126 508 5212 quantum
556 5141 725 5211 spatii
778 5142 887 5196 soli
923 5160 988 5198 ac
1034 5144 1345 5214 pavimenti
1404 5146 1658 5202 ecclesiae
1716 5148 1864 5203 inter

205 5228 435 5286 soleam
466 5235 522 5285 et
553 5229 745 5286 locum
792 5231 887 5285 ubi
930 5234 1123 5287 stabat
1182 5234 1432 5305 populus
1490 5236 1859 5309 interjacens.

207 5320 726 5383 Quemadmodum
762 5322 937 5376 etiam
976 5321 1146 5395 βῆμα,
1173 5325 1326 5395 quod
1356 5327 1587 5396 proprie
1614 5330 1861 5397 gradum

200 5412 386 5466 sonat
416 5413 471 5463 et
503 5408 685 5465 altare
716 5412 995 5481 gradibus
1038 5413 1309 5470 videlicet
1375 5416 1672 5473 sublatum
1727 5436 1861 5491 syn-

197 5498 524 5556 ecdochice
576 5499 813 5567 indicat,
858 5502 1229 5572 significabat
1286 5516 1562 5575 prazterea
1602 5509 1857 5579 spatium

195 5586 322 5643 soli
382 5588 773 5656 satiatatum,
822 5592 976 5660 quod
1025 5592 1096 5646 ab
1158 5593 1358 5649 inﬁmo
1418 5595 1619 5651 altaris
1674 5602 1855 5669 gradu

196 5694 397 5749 usque
445 5678 515 5734 ad
568 5678 857 5737 cancellos
914 5685 1015 5737 aut
1081 5682 1298 5739 soleam
1388 5686 1641 5757 patebat,
1706 5689 1859 5745 intra

1992 1943 2361 2003 nuncupatur.
2408 1935 2585 1991 Bema
2643 1937 2736 1991 hic
2794 1935 2907 1990 dici
2965 1934 3159 1990 locum
3244 1932 3400 1987 intra
3475 1949 3642 1988 sacra

1990 2028 2156 2094 septa
2186 2024 2256 2077 ab
2288 2023 2457 2079 altari
2490 2026 2561 2080 ad
2588 2025 2870 2081 cancellos
2922 2024 3223 2096 pertinens
3282 2020 3481 2077 nullus
3522 2022 3629 2075 du-

1990 2111 2157 2176 bitat,
2209 2113 2377 2181 quale
2431 2113 2597 2185 vulgo
2668 2112 3092 2185 presbyterium
3155 2110 3345 2166 Latini
3403 2126 3630 2165 nuncu-

1990 2219 2223 2273 pamus.
2260 2203 2403 2257 Hinc
2436 2204 2512 2258 ait
2568 2202 3112 2259 Thessalonicensis
3173 2200 3440 2257 exclusos
3500 2201 3637 2255 sub-

1987 2291 2264 2345 diaconos
2322 2291 2683 2363 lectoresque
2736 2292 3060 2363 legitimam
3136 2290 3439 2346 stationem
3527 2289 3635 2343 ha-

1988 2380 2187 2435 buisse
2216 2380 2337 2452 περὶ
2370 2377 2578 2433 σωλέαν
2610 2381 2760 2436 circa
2794 2383 3005 2436 soleam
3043 2398 3057 2446 ;
3102 2395 3274 2451 quem
3335 2383 3638 2450 propterea

1988 2468 2205 2523 soleam
2244 2476 2649 2541 nuncupatum
2682 2472 2761 2525 ait
2798 2470 2951 2542 βῆμα
2982 2467 3327 2535 άνάνωστῶν,
3354 2466 3521 2537 quasi
3549 2466 3637 2519 di-

1989 2576 2083 2613 cas
2117 2559 2293 2613 atlare
2321 2559 2601 2627 lectorum,
2634 2560 2849 2614 idcirco
2883 2560 3061 2630 quod,
3097 2560 3179 2627 ut,
3238 2556 3393 2630 βῆμα
3424 2554 3636 2628 ἱερέων,

1988 2672 2197 2725 nempe
2229 2674 2460 2711 sacrum
2497 2657 2700 2721 altare,
2732 2658 2893 2711 locus
2927 2660 3050 2710 erat
3081 2654 3326 2709 intimus
3354 2654 3423 2708 ad
3461 2668 3633 2723 quem

1989 2745 2255 2815 progredi
2292 2746 2621 2800 sacerdotes
2654 2749 2893 2817 possent
2923 2744 3106 2800 sacris
3140 2743 3196 2797 in
3238 2759 3304 2797 eo
3356 2756 3633 2813 peragen-

1986 2836 2100 2901 dis,
2135 2836 2214 2890 ita
2240 2836 2431 2891 soleas
2458 2842 2611 2892 meta
2670 2841 2794 2891 erat
2856 2836 3065 2891 ultima
3121 2833 3443 2889 ministoris
3492 2833 3631 2887 sub-

1986 2923 2362 2979 diaconorum
2397 2931 2452 2979 et
2484 2925 2785 2994 lectorum,
2815 2942 2963 2995 quos
2993 2928 3297 2995 penetrare
3346 2922 3404 2976 in
3467 2936 3632 2975 sacra

1985 3017 2150 3083 septa
2182 3016 2341 3069 nefas
2374 3018 2516 3069 erat.
2579 3015 2804 3070 Rursus
2853 3019 2914 3067 ut
2963 3013 3219 3083 spatium
3253 3012 3406 3065 circa
3444 3025 3627 3076 aram,

1984 3102 2139 3157 intra
2170 3104 2324 3173 quod
2362 3120 2545 3173 usque
2578 3104 2647 3158 ad
2680 3101 2973 3159 cancellos
3004 3112 3106 3157 aut
3154 3100 3375 3156 soleam
3436 3115 3627 3154 sacer-

1985 3190 2152 3244 dotas
2210 3190 2628 3257 consistebant,
2712 3190 2958 3262 βήματος
3018 3188 3405 3261 appellatione
3470 3202 3627 3241 com-

1981 3277 2473 3347 prebendebatur,
2508 3279 2593 3332 sic
2651 3281 2825 3334 etiam
2885 3279 3143 3349 spatium
3201 3283 3336 3332 ante
3385 3275 3627 3336 soleam,

1980 3365 2039 3419 in
2074 3382 2185 3434 quo
2244 3372 2368 3421 erat
2421 3367 2913 3423 subdiaconorum
2973 3372 3028 3421 et
3084 3367 3365 3421 lectorum
3427 3364 3626 3430 statio,

1981 3463 2063 3535 [P'
2101 3464 2224 3536 423]
2257 3464 2426 3520 soleae
2459 3483 2692 3537 quoque
2721 3465 3004 3521 vocabulo
3054 3464 3493 3536 designabatur,
3548 3462 3629 3515 ita

1980 3554 2133 3608 utin
2167 3554 2325 3610 hisce
2380 3556 2610 3611 duobus
2667 3555 2856 3611 soleas
2918 3557 3258 3627 fungeretur
3302 3553 3448 3625 ipsis
3506 3552 3629 3606 vice

1980 3641 2229 3715 βήματος
2265 3649 2321 3699 et
2354 3644 2481 3699 ideo
2526 3644 2678 3716 βῆμα
2730 3644 3091 3719 ἀναγθωστῶν
3152 3646 3307 3699 bema
3367 3643 3625 3697 lectorum

1977 3739 2299 3786 vocaretur.
2336 3736 2463 3788 Hzec
2495 3734 2791 3788 sententia
2820 3738 2908 3789 est
2939 3734 3244 3788 verborum
3299 3729 3620 3803 Symeonis,

1976 3820 2281 3873 manifeste
2307 3821 2642 3875 docentium
2672 3821 2831 3875 illam
2860 3823 3064 3876 intime
3100 3822 3396 3875 admotam
3454 3817 3621 3873 solea:

1974 3906 2173 3973 templi
2254 3912 2476 3977 partem
2536 3908 2821 3978 impertiri
2904 3908 3136 3963 solitam
3190 3904 3621 3975 nuncupatione

1976 3994 2164 4060 soleas,
2201 4011 2302 4065 per
2331 3996 2726 4051 extensionem
2759 3997 2979 4052 scilicet
3011 3996 3351 4068 popularem
3401 4000 3459 4049 et
3507 3993 3619 4047 mi-

1977 4099 2086 4138 nus
2118 4084 2307 4155 rigida
2364 4086 2738 4156 proprietate.
2803 4088 2984 4156 Atque
3038 4085 3148 4141 hoc
3194 4084 3344 4140 valet
3414 4083 3485 4138 ad
3527 4082 3622 4136 in-

1975 4172 2355 4243 telligendum
2395 4175 2451 4228 in
2485 4176 2640 4245 quod
2676 4174 2811 4230 alibi
2847 4176 3052 4230 scribit
3101 4175 3253 4230 idem
3310 4171 3620 4227 Thessalo-

1975 4261 2252 4330 nicensis,
2300 4262 2449 4319 libro
2510 4264 2787 4319 nimirum
2850 4270 3046 4319 contra
3102 4269 3357 4319 Haereses
3414 4259 3619 4315 Γίνεται

1974 4346 2031 4403 δὲ
2079 4348 2288 4413 εἷ’ςοδος
2339 4351 2413 4411 εἷς
2458 4353 2550 4407 τὸν
2597 4351 2803 4407 σωλὲαν
2856 4353 2915 4407 ἐκ
2961 4357 3056 4407 τοῦ
3092 4354 3337 4427 βήματος
3370 4348 3622 4404 διακόνου

1972 4438 2062 4493 καὶ
2094 4440 2282 4515 ἱερέως
2316 4438 2446 4516 δίχα
2487 4442 2704 4518 φώτων⁵
2752 4446 2843 4501 Fit
2900 4444 3159 4499 introitus
3216 4443 3277 4497 in
3333 4442 3535 4497 soleam
3592 4457 3621 4496 ϐ

1976 4531 2178 4586 bemate
2209 4532 2429 4587 diaconi
2484 4538 2537 4588 et
2592 4533 2887 4589 sacerdotis
2951 4536 3071 4588 sine
3127 4531 3449 4588 luminibus.
3509 4530 3619 4585 De-

1972 4620 2178 4675 scribit
2219 4638 2439 4677 sacram
2497 4624 2815 4693 quamdam
2880 4623 3259 4692 functionem,
3323 4638 3436 4693 qua
3491 4637 3618 4675 mos

1974 4715 2097 4763 erat
2128 4710 2357 4780 prodire
2385 4728 2452 4765 ex
2492 4712 2852 4783 presbyterio
2909 4709 2966 4765 in
3022 4710 3220 4781 templi
3283 4714 3509 4781 partem
3566 4709 3618 4764 ei

1976 4804 2313 4868 praetentam
2355 4801 2713 4855 sacerdotem
2748 4818 2881 4856 cum
2909 4801 3174 4856 diacono.
3220 4799 3387 4855 Illam
3446 4816 3619 4871 porro

1973 4896 2172 4967 templi
2208 4901 2431 4967 partem
2460 4916 2576 4953 una
2605 4900 2771 4963 solea,
2808 4899 2927 4954 sive
2968 4897 3243 4955 cancellis
3300 4915 3332 4953 a
3384 4898 3621 4968 presby-

1972 4985 2117 5039 terio
2175 4986 2550 5056 diremptam,
2598 4989 2801 5043 soleam
2860 4987 3129 5059 appellat.
3179 4988 3309 5042 Pari
3385 4988 3622 5041 notione

1972 5072 2310 5142 accipienda
2344 5078 2668 5131 necessario
2699 5094 2808 5131 vox
2836 5075 2990 5132 solea
3020 5081 3110 5132 est
3139 5076 3292 5148 apud
3339 5074 3624 5130 Joannem

1973 5162 2472 5230 Cantacuzenum,
2503 5166 2659 5221 612
2693 5165 2827 5221 Hist.
2864 5165 2963 5220 lib.
3000 5183 3039 5231 ι,
3073 5183 3199 5237 cap.
3235 5165 3323 5234 lit,
3370 5163 3468 5218 ubi
3524 5162 3626 5216 de-

1974 5251 2173 5307 scribit
2207 5255 2613 5310 cazremoniam
2648 5256 3042 5311 coronationis
3073 5254 3387 5310 Andronici
3418 5252 3623 5309 Junio-

1972 5340 2053 5394 ris
2086 5342 2327 5410 Augusti
2362 5343 2417 5396 in
2446 5360 2656 5416 magno
2690 5344 2907 5415 templo
2956 5350 3173 5400 Sanctae
3212 5341 3437 5412 SOphiae
3500 5354 3623 5409 per-

1972 5434 2182 5485 actam.
2227 5436 2323 5487 Ait
2370 5432 2526 5487 enim
2584 5440 2791 5489 caetera
2878 5432 3064 5488 multa
3130 5428 3616 5503 supplicationem

1972 5518 2122 5573 circa
2156 5520 2439 5591 templum
2474 5522 2711 5577 ductam
2746 5539 2777 5577 a
2810 5521 3162 5592 patriarcha,
3196 5518 3368 5580 clero,
3434 5517 3615 5583 impe-

1970 5608 2262 5665 ratoribus
2294 5614 2348 5665 et
2380 5610 2536 5665 omni
2570 5610 2803 5682 p0pulo.
2836 5610 2983 5665 Tum
3038 5609 3097 5664 in
3159 5605 3351 5663 reditu
3408 5619 3616 5659 versus

1969 5694 2172 5769 altare,
2208 5698 2302 5754 ubi
2335 5703 2569 5754 ventum
2602 5698 2672 5753 ad
2704 5696 2921 5753 soleam
2957 5702 3125 5766 esset,
3168 5692 3313 5751 alios
3374 5692 3611 5768 quidem
