3968 6202
415 315 557 370 1075

1475 317 1532 367 Ρ.
1577 315 1852 368 POSSlNI
1891 314 2502 373 OBSERVATIONUM
2540 321 2671 372 LIB.
2715 322 2758 372 Ι.

3615 317 3722 372 1076

412 457 612 497 omnes
681 439 822 495 foris
879 438 1189 505 mansisse,
1224 437 1416 493 solum
1483 439 1918 509 imperatorem,
1955 437 2056 509 qui
2090 441 2138 506 Α
2173 440 2314 496 scite
2330 442 2962 513 nectemeredisputat,
2980 441 3052 497 ab
3069 440 3178 496 alio
3195 440 3722 513 magiseruditoquam

417 529 824 595 coronabatur,
880 526 1213 598 ingressum
1305 527 1589 599 reperisse
1665 527 2054 598 patriarcbam

417 623 664 673 stantem
700 633 880 687 supra
910 618 1093 672 sacris
1144 617 1442 687 cancellis,
1505 617 1612 672 hoc
1671 623 1758 672 est
1816 618 1873 670 in
1935 619 2063 688 ipso

416 705 620 759 limine
653 712 831 776 portae
864 707 1054 774 solea),
1079 725 1189 776 qua
1213 726 1277 760 ex
1304 706 1660 778 presbyterio
1684 707 1740 760 in
1776 706 2064 778 reliquum

413 795 701 865 templum
737 797 1099 866 prodibatur.
1134 796 1322 850 Verba
1348 795 1735 850 Cantacuzeni
1770 795 1888 849 haec
1907 799 2062 850 sunt:

414 881 522 936 Τὸν
584 879 640 935 δὲ
697 883 822 936 ναὸν
882 882 1258 956 περιελθόντες
1323 883 1459 937 κατὰ
1533 883 1594 936 τὸ
1656 879 1777 944 ἔθος
1850 878 2064 936 ἐπειδὰν

414 971 658 1045 γένοιντο
712 971 763 1025 ἐν
821 978 900 1044 τῷ
957 970 1157 1044 σωλὲᾳ,
1216 973 1266 1026 οἱ
1319 974 1412 1045 μὲν
1467 969 1630 1026 ἄλλοι
1687 971 1880 1033 πάντες
1915 971 2071 1025 ἐπᾶ-

413 1081 494 1113 σιν
548 1059 718 1131 ἐκτὸς,
772 1061 932 1122 αὐτὸς
985 1059 1041 1114 δὲ
1095 1058 1399 1136 (βασιλεὺς)
1464 1060 1629 1132 μόνος
1682 1060 2069 1135 εἷ’σερχόμενος

411 1148 504 1203 τὸν
537 1146 744 1202 σωλὲαν
791 1151 880 1203 τὸν
926 1149 1274 1224 πατριάρχην
1327 1149 1413 1202 ἐπὶ
1461 1154 1580 1210 ταῖς
1628 1150 1799 1220 ἱεραῖς
1860 1148 2074 1222 κιγκλί-

413 1258 496 1291 σιν
531 1238 795 1308 ἑστηκότα
825 1238 1079 1314 εὑρίσκει.
1138 1242 1263 1295 Haec
1321 1240 1462 1306 ille;
1525 1258 1652 1312 quas
1709 1239 1861 1294 clare
1922 1239 2072 1293 indi-

414 1332 549 1384 cant
577 1329 836 1400 spatium
870 1328 1105 1401 aliquod
1141 1328 1346 1400 templi
1389 1345 1588 1383 sacros
1622 1327 1912 1384 cancellos
1957 1345 2074 1382 una

416 1433 487 1472 ex
507 1422 670 1488 parte
700 1417 1046 1490 contingens
1077 1417 1297 1473 soleam
1326 1423 1622 1488 vocatum,
1652 1417 1707 1471 in
1735 1418 1888 1488 quod
1920 1433 2074 1470 unus

418 1507 740 1579 imperator
787 1506 1098 1576 introierit,
1161 1505 1384 1563 caeteris
1457 1505 1895 1560 abstinentibus
1982 1504 2075 1560 in-

419 1613 648 1669 gressu.
699 1597 916 1651 Locum
967 1601 1160 1651 autem
1232 1595 1412 1650 fuisse
1458 1595 1803 1650 distinctum
1865 1612 1897 1648 a
1956 1609 2081 1665 pre-

421 1685 644 1757 byterio
713 1685 1020 1740 manifeste
1073 1690 1227 1756 patet
1284 1702 1350 1740 ex
1417 1702 1482 1739 eo
1562 1686 1716 1756 quod
1807 1700 2078 1755 progres-

2174 528 2432 587 hnmano
2464 530 2814 586 incomitiati
2847 547 3055 600 parum
3100 528 3359 584 civiliter.
3396 530 3725 599 Conjecturam

2174 617 2244 672 de
2275 619 2433 673 solea
2463 637 2631 674 suam
2675 619 2999 674 verecunde
3054 623 3226 688 atque
3279 617 3500 672 abnoxic
3541 618 3593 683 (P
3640 619 3730 686 43?,

2175 709 2446 776 proponit
2472 708 2790 763 Ludovicus
2823 707 3102 764 Cellotius
3136 710 3342 771 noster,
3371 704 3406 759 ι.
3445 721 3492 760 v1
3546 710 3607 760 De
3643 706 3731 761 hie-

2176 797 2409 866 rarcha,
2443 813 2492 851 c.
2538 797 2592 864 6,
2653 814 2710 868 p.
2777 798 2862 862 45,
2909 795 2968 850 in
3022 795 3170 849 hunc
3229 795 3446 848 modum
3487 794 3731 848 scribens:

2179 883 2319 951 Quid
2349 888 2400 940 si
2429 885 2639 940 divinet
2659 883 2862 956 aliquis
2892 883 2952 938 in
2993 902 3061 939 ea
3084 883 3312 955 planitie
3345 882 3486 936 chori
3530 884 3678 954 ampla
3699 893 3734 939 et

2177 975 2442 1046 aequabili
2470 975 2724 1030 eductum
2754 979 2850 1030 aut
2882 975 2941 1030 in
2971 973 3154 1029 medio
3185 980 3282 1028 aut
3309 972 3375 1028 rd
3401 970 3604 1028 alterum
3629 981 3737 1026 tatas

2176 1063 2426 1120 nobilius
2451 1065 2678 1137 aliquad
2704 1065 2882 1120 solum
2921 1065 3073 1119 omni
3121 1060 3400 1131 elegantia
3447 1061 3737 1126 adornatum,

2182 1160 2306 1210 etc..
2338 1154 2518 1225 sicque
2547 1155 2748 1209 soleam
2778 1170 2811 1207 a
2839 1153 2952 1209 salo
2986 1154 3198 1208 dictum
3253 1156 3302 1206 et
3345 1152 3640 1222 pavimento,
3681 1152 3741 1204 vel

2181 1245 2232 1298 si
2249 1247 2422 1298 mavis
2450 1244 2518 1298 ab
2541 1259 2784 1316 expensa
2824 1242 3184 1314 aequabiliter
3239 1248 3287 1296 et
3334 1241 3450 1310 fuse
3490 1245 3740 1310 exponam

2182 1335 2385 1404 forma,
2427 1335 2608 1404 qualis
2634 1335 2765 1390 solae
2789 1337 2886 1388 est.
2923 1331 3053 1388 Haec
3075 1330 3347 1387 Cellotius
3378 1346 3526 1401 πίητε
3570 1330 3742 1384 conﬁdo

2185 1439 2392 1496 sequps
2421 1439 2626 1478 omnes
2660 1438 3011 1478 assensuros
3039 1421 3195 1476 haud
3229 1420 3364 1476 adeo
3394 1435 3508 1474 esse
3533 1417 3744 1485 absarda,

2186 1522 2249 1569 ut
2283 1531 2315 1568 a
2345 1514 2629 1585 scriptore
2659 1512 2932 1584 religioso
2959 1517 3080 1568 tam
3111 1511 3380 1567 atrociter
3422 1514 3476 1565 et
3521 1507 3747 1564 invidiose

2185 1605 2653 1659 traducerentur.
2689 1603 2941 1668 Gravius,
2974 1602 3189 1674 inquit,
3222 1601 3576 1656 hullucinatur
3622 1596 3749 1652 Cello-

2187 1694 2318 1758 tius,
2358 1695 2453 1765 qui
2481 1695 2551 1748 ab
2577 1709 2819 1764 expansa
2849 1695 2899 1746 et
2920 1699 3252 1762 exporrecta
3280 1691 3394 1762 ejus
3412 1691 3592 1758 forma,
3617 1685 3750 1756 quali:

422 1792 525 1830 sus
577 1791 681 1847 per
737 1775 884 1829 illud
948 1776 1206 1846 spatium
1278 1774 1600 1845 imperator
1683 1773 2074 1874 patriarchem
2107 1809 2154 1874 Β
2189 1792 2264 1838 est
2293 1782 2486 1848 solem,
2516 1785 2597 1837 sic
2617 1783 2824 1836 dictum
2856 1785 3034 1852 putat,
3067 1782 3228 1852 quasi
3253 1777 3492 1851 pro/anis
3546 1774 3677 1832 soleis
3710 1781 3747 1828 et

418 1863 706 1919 invenerit
787 1861 873 1916 ἐπὶ
958 1867 1078 1924 ταῖς
1164 1863 1336 1937 ἱεραῖς
1432 1861 1705 1937 κιγκλίσιν
1805 1859 2070 1930 στηκόέτα

420 1959 673 2010 stantem
699 1971 875 2024 super
904 1953 1086 2009 sacris
1139 1954 1438 2021 cancellis,
1501 1955 1560 2008 in
1621 1953 1748 2024 ipso
1808 1951 2076 2007 videlicet

422 2044 568 2098 sacri
601 2043 750 2114 septi
781 2044 900 2098 sive
934 2043 1278 2116 presbyterii
1314 2043 1498 2098 aditu.
1538 2042 1712 2098 Vides
1741 2042 1833 2098 hic
1868 2041 2076 2097 eximie

424 2150 768 2189 concessum
807 2133 1164 2204 imperatorii
1200 2133 1308 2188 soli
1368 2132 1558 2187 locum
1612 2133 1767 2186 intra
1834 2132 2074 2198 soleam,

424 2223 533 2279 hoc
557 2229 646 2278 est
697 2223 756 2278 in
788 2222 978 2294 spatio
1008 2223 1197 2278 vicino
1230 2223 1414 2278 sacris
1441 2221 1646 2293 septis,
1702 2221 2077 2276 subdiaconis

425 2319 483 2367 et
513 2312 831 2368 lectoribus
864 2317 1180 2380 reservato,
1207 2312 1360 2366 unde
1416 2310 1670 2383 populus
1727 2309 2075 2366 excludeba-

425 2406 545 2456 tur.
601 2401 674 2456 Eo
727 2401 958 2456 videtur
1007 2400 1263 2455 alludere
1313 2402 1466 2472 quod
1497 2400 1726 2457 Nicetes
1785 2399 2078 2470 Paphlago

429 2489 633 2544 scribit
663 2490 719 2543 in
750 2489 884 2544 Vita
909 2488 1098 2544 sancti
1150 2489 1380 2560 Ignatii,
1433 2490 1689 2544 referens
1749 2505 2077 2560 praesagum

429 2579 724 2634 somnium
778 2579 977 2634 Bardaa
1025 2579 1420 2650 imperatoris,
1490 2597 1606 2650 quo
1697 2580 2080 2650 praemonitus

430 2668 622 2723 fuerat
651 2669 721 2721 de
744 2668 796 2722 vi
831 2683 957 2738 qua:
998 2667 1110 2738 ipsi
1169 2667 1380 2722 deinde
1435 2683 1534 2737 per
1578 2668 1862 2722 Basilium
1919 2667 2082 2722 illata

429 2762 519 2813 est
555 2756 751 2812 :visus
782 2757 938 2812 enim
973 2756 1159 2811 fuerat
1185 2755 1294 2811 sibi
1330 2756 1522 2811 videre
1581 2757 1652 2810 ad
1709 2773 1772 2812 se
1829 2761 2080 2811 stantem

429 2845 489 2901 in
515 2845 730 2918 templo
787 2844 1084 2900 venientes
1130 2844 1353 2899 albatos
1402 2845 1703 2915 quosdam,
1766 2841 1837 2897 ὧν
1900 2844 1926 2897 ὁ
1987 2844 2081 2915 μὲν

429 2931 650 3007 δέσμιον
711 2933 801 2987 τὸν
869 2931 1093 3006 βασιλέα
1164 2927 1452 2987 ἀναλαϐὼν
1525 2932 1614 2986 καὶ
1673 2931 1758 2986 ἐπὶ
1817 2932 1883 2986 τὰ
1941 2931 2085 3004 δεξιᾶ

425 3021 741 3099 κατασῦρων
807 3022 1057 3092 ἐξωθεῖτο
1116 3024 1216 3090 τῆς
1303 3020 1531 3090 σωλέας,
1625 3039 1856 3094 quorum
1942 3039 2086 3078 unus

2187 1889 2296 1927 non
2326 1873 2518 1926 solutis
2547 1873 2929 1926 calceamentis
2951 1876 3101 1926 terra
3144 1874 3335 1925 sancta
3377 1866 3609 1923 calcanda
3633 1865 3752 1937 [oret~

2190 1960 2288 2015 llic
2321 1978 2451 2016 vero
2486 1977 2681 2014 merus
2715 1964 2802 2014 est
2831 1976 3045 2014 succus
3104 1957 3378 2030 loliginis.
3401 1955 3551 2021 Quid,
3573 1953 3756 2008 amabo-

2189 2042 2357 2106 soleae
2392 2053 2572 2104 forma
2604 2050 2672 2103 ad
2707 2048 2856 2103 sacri
2892 2048 2999 2103 loci
3044 2047 3573 2104 contaminationem
3623 2040 3755 2113 perti-

2187 2147 2284 2196 net
2306 2141 2332 2192 *ἶ
2364 2146 2449 2192 An
2484 2155 2688 2194 omnes
2721 2139 2890 2192 soleae
2924 2139 3182 2209 profanae
3215 2136 3241 2190 7
3271 2137 3439 2191 etiam
3473 2133 3570 2188 illae
3595 2131 3757 2202 quibus

2190 2229 2494 2300 pontiﬁces
2507 2227 2688 2282 sacris
2712 2233 3020 2297 operantes
3037 2225 3144 2282 rite
3171 2231 3412 2280 utuntur
3443 2218 3757 2278 ecclesiastica

2190 2316 2591 2373 benedictione
2622 2315 2866 2370 sacratis
2898 2314 2925 2367 ?
2947 2314 3156 2369 Videat
3187 2317 3376 2368 autem
3409 2312 3498 2383 qui
3531 2306 3756 2381 piaculum

2190 2412 2355 2478 putat
2382 2407 2452 2460 ad
2477 2405 2880 2476 explicandam
2907 2404 3154 2476 figuram
3193 2402 3301 2458 loci
3332 2401 3472 2457 sacri
3502 2401 3571 2453 uti
3600 2394 3757 2452 simili-

2191 2495 2392 2552 tudine
2423 2495 2613 2562 soleae,
2648 2494 2785 2565 quid
2818 2509 2948 2549 eam
2985 2497 3243 2548 statuere
3275 2491 3349 2546 sit
3377 2502 3687 2559 consequens
3705 2485 3754 2537 de

2190 2585 2525 2640 Innocentio
2559 2583 2657 2653 III,
2690 2588 2848 2653 pont.
2908 2600 3086 2650 max.,
3149 2584 3251 2653 qui
3297 2581 3337 2637 1.
3387 2598 3404 2635 ι
3451 2577 3755 2649 Mysterio-rum

2189 2678 2394 2739 missa’,
2427 2691 2477 2728 c.
2510 2675 2597 2737 35,
2634 2689 2736 2744 per
2761 2671 3229 2726 calceamentum
3265 2670 3469 2742 pedum
3507 2660 3761 2738 signiﬁcari

2193 2765 2813 2819 docetsacrosanctum
2844 2759 3267 2815 incarnationis
3289 2754 3760 2828 Verbimysterium,

2193 2871 2297 2926 per
2327 2852 2478 2924 quod
2515 2851 2595 2905 ait
2632 2855 2803 2906 Deum
2829 2851 2886 2904 in
2915 2848 3108 2906 Iudaea
3139 2853 3352 2917 notum,
3373 2856 3420 2903 et
3459 2846 3593 2914 cuius
3628 2845 3674 2896 in
3711 2840 3764 2894 ls-

2193 2947 2318 2998 γ’αεί
2349 2958 2613 3010 magnum
2639 2955 2855 3006 nomen,
2891 2942 2947 2994 in
2979 2939 3281 2994 [dammam
3303 2935 3585 2994 extendisse
3615 2931 3768 2986 calcea-

2194 3035 2437 3088 mentum
2469 3047 2649 3086 suum.
2687 3034 2758 3084 At
2787 3029 2963 3084 etiam
2992 3045 3059 3085 ex
3110 3029 3395 3083 modestia
3441 3022 3631 3081 Cellotii
3675 3036 3765 3074 cm-

426 3117 670 3168 vinctum
701 3119 1089 3183 imperatorem
1113 3112 1388 3183 arripiens
1419 3115 1466 3167 et
1499 3112 1572 3167 ad
1619 3112 1875 3168 dextrum
1940 3113 2086 3167 latus
2117 3127 2159 3192 ρ
2199 3140 2295 3178 εον
2332 3123 2509 3185 idem,
2537 3136 2706 3190 quem
2743 3119 2983 3173 honoris
3016 3134 3196 3173 causa
3229 3117 3397 3172 modo
3436 3130 3538 3170 non
3572 3113 3768 3175 non‘iine,

429 3203 651 3258 trahens
677 3203 1004 3257 extrudebat
1055 3202 1224 3267 solea,
1287 3201 1520 3273 proprio
1579 3202 1843 3257 videlicet
1901 3202 2085 3273 impe-

430 3291 642 3346 ratoris
676 3292 830 3345 intra
865 3289 1145 3361 templum
1176 3291 1320 3358 loco,
1369 3290 1524 3344 unde
1582 3289 1720 3361 pelli
1780 3306 1950 3344 omen
2014 3291 2093 3344 fe-

433 3381 598 3434 rebat
630 3376 996 3449 expulsionis
1028 3377 1100 3431 ab
1133 3378 1400 3449 imperio.
1447 3381 1506 3432 In
1565 3377 1876 3432 ritualibus
1936 3379 2088 3433 Ορω-

435 3483 635 3523 eorum
671 3465 839 3520 libris
876 3465 1155 3520 distincta
1185 3482 1419 3536 quoque
1442 3466 1730 3537 reperitur
1777 3467 2089 3536 cujusdam

444 3556 618 3626 spatii
645 3559 779 3609 ante
803 3569 1001 3609 sacros
1035 3554 1321 3609 cancellos
1382 3553 1543 3609 solea
1600 3556 1788 3610 vocati
1847 3556 2089 3610 mentio.

443 3646 506 3699 in
563 3643 928 3699 ordinatione
983 3643 1214 3697 diaconi
1272 3643 1393 3697 haec
1462 3642 1673 3714 leges:
1761 3641 2097 3712 Ἐξελθόντες

444 3729 539 3786 δύο
596 3729 836 3785 διάκονοι
868 3729 927 3784 ἐκ
975 3734 1070 3783 τοῦ
1126 3729 1278 3803 ἁγίου
1332 3732 1579 3804 βήματος
1611 3727 1954 3803 λαμϐάνουσι
2003 3733 2092 3785 τὸν

446 3816 725 3892 μέλλοντα
801 3817 1233 3892 χειροτονεῖσθαι
1308 3815 1582 3889 διάκονον,
1657 3819 1864 3872 ἑστῶτα
1919 3818 1970 3872 ἐν
2027 3821 2096 3892 τῇ

446 3907 648 3979 σωλέᾳ.
693 3911 970 3964 Exeunles
991 3908 1094 3963 duo
1126 3907 1343 3963 diaconi
1373 3925 1442 3963 ea:
1489 3925 1643 3964 saera
1691 3909 1899 3964 bemate
1954 3912 2097 3964 acci-

449 4007 615 4081 piunt
671 4023 794 4063 eum
844 4005 942 4076 qui
978 4005 1317 4061 ordinandas
1397 4009 1473 4061 est
1530 4007 1817 4068 diaconus,
1869 4011 2099 4061 stantem

449 4102 508 4151 in
555 4098 722 4153 solea.
786 4097 848 4150 In
908 4095 1276 4149 ordinatione
1333 4110 1466 4148 vero
1526 4096 1891 4150 sacerdotis:
1957 4093 2103 4150 Μετὰ

447 4182 505 4238 δὲ
559 4185 622 4240 τὸ
681 4183 1045 4258 πληρωθῆναι
1076 4182 1168 4236 τὸν
1201 4177 1524 4256 χερουϐικὸν
1576 4183 1744 4254 ὕμνον
1789 4181 2002 4237 ἵσταται
2045 4183 2099 4236 ἒν

447 4271 683 4343 σωλέᾳὸ
738 4270 961 4343 μέλλων
1023 4277 1460 4344 χειροτονεῖσθαι
1521 4267 2100 4347 πρεσϐύτερος.Ρο.ςτ-

446 4379 610 4432 quam
639 4363 941 4431 completus
969 4360 1140 4431 fuerit
1192 4361 1526 4416 Cherubicus
1567 4362 1829 4433 hymnus,
1885 4366 1996 4417 stat
2039 4362 2102 4417 in

445 4452 596 4507 solea
618 4454 716 4524 qui
746 4451 1095 4508 ordinandus
1123 4460 1203 4508 est
1233 4452 1505 4509 sacerdos.

518 4672 762 4724 Summa
792 4667 1079 4724 dictorum
1114 4670 1172 4724 et
1192 4667 1495 4724 sententiae
1519 4668 1590 4723 de
1613 4667 1771 4725 solea
1803 4684 1943 4724 mea:
1974 4667 2096 4722 haac

451 4764 561 4823 est,
597 4758 777 4813 fuisse
805 4755 1022 4812 soleam
1086 4757 1290 4813 Latino
1348 4758 1589 4830 antiquo
1645 4759 1818 4814 verbo
1869 4757 2100 4830 proprie

452 4847 667 4902 dictam
682 4846 1182 4902 substructionem
1211 4847 1539 4918 stylobatis,
1557 4847 1867 4915 columnis,
1887 4848 2101 4920 episty-

447 4937 547 4993 liis
590 4942 918 5007 czeteroque
971 4935 1441 4992 architectorices
1505 4937 1787 5009 elegantis
1838 4937 2100 5010 specioso

453 5030 740 5100 apparatu
764 5029 1125 5092 coronatam,
1142 5042 1270 5096 quae
1297 5026 1354 5080 in
1375 5026 1612 5098 templis
1630 5027 1954 5083 Graecorum
1980 5043 2100 5082 ma-

453 5115 827 5190 gnificentius
858 5113 1242 5178 ornatis,vice
1274 5115 1600 5186 ligneorum
1624 5115 2014 5172 cancellorum
2041 5132 2104 5172 ac

451 5205 732 5272 velorum,
775 5204 928 5260 613
960 5219 1121 5260 aram
1157 5203 1472 5259 maximam
1507 5208 1564 5259 et
1582 5205 2010 5274 presbyterium
2032 5206 2103 5260 ab

451 5298 719 5368 ingressu
755 5295 1140 5366 inspectoque
1206 5291 1405 5364 pepuli
1465 5293 1745 5364 tegebat,
1803 5298 2099 5349 extensum

453 5403 690 5461 quoque
716 5383 1167 5458 appellationem
1192 5383 1360 5438 solea:
1385 5385 1452 5439 ad
1492 5383 1746 5454 spatium
1806 5384 2102 5454 quoddam

452 5478 551 5534 isti
583 5473 1008 5532 substructioni
1027 5472 1370 5544 contiguum
1398 5473 1849 5544 designandum.
1876 5473 2102 5527 Addam

453 5568 548 5623 hic
562 5565 948 5623 humanitatis
963 5563 1152 5619 officio
1171 5561 1488 5619 instinctus
1503 5579 1615 5618 non
1635 5561 1810 5616 intem
1823 5562 2102 5632 pcstivam

451 5658 902 5714 vindicationem
925 5655 1060 5712 boni
1082 5653 1405 5726 scriptoris,
1437 5656 1578 5710 dum
1603 5653 1672 5709 de
1694 5651 1851 5709 solea
1876 5670 1987 5709 non
2010 5654 2100 5711 in-

2202 3229 2271 3267 ex
2301 3209 2608 3275 modestia,
2643 3209 2904 3279 inquam,
2935 3206 3174 3262 laudabi
3208 3205 3428 3263 Cellotii
3457 3200 3768 3260 occasionem,

2201 3300 2408 3371 arripit
2439 3299 2488 3354 ei
2521 3297 2897 3352 acerbissime
2929 3295 3282 3364 insultandi,
3315 3297 3450 3350 dum
3480 3293 3553 3349 sic
3579 3287 3768 3346 scribit!

2203 3389 2344 3458 Quid
2403 3388 2578 3459 igitur
2633 3386 2834 3441 solea?
2893 3387 3203 3456 interrogat
3258 3387 3484 3456 seipsum
3551 3378 3767 3436 Cellotius.

2203 3479 2390 3533 Haeret
2449 3476 2588 3532 mihi
2649 3492 2820 3546 aqua,
2873 3475 3156 3546 respondet
3189 3485 3211 3528 .‘
3271 3474 3483 3530 turbida
3523 3475 3592 3526 est
3650 3468 3767 3524 certe.

2203 3583 2348 3622 came
2379 3575 2430 3621 et
2460 3565 2569 3620 solo
2600 3572 2651 3620 el
2678 3563 2919 3619 sordidis
2975 3562 3093 3636 ejus
3144 3564 3310 3618 soleis
3365 3562 3641 3633 profanata.
3679 3555 3769 3607 liae

2205 3655 2530 3710 catholicus
2564 3659 2622 3708 at
2653 3653 2959 3724 religiosus
3002 3653 3282 3707 sacerdos
3341 3651 3411 3706 de
3461 3645 3697 3705 catholico
3733 3645 3771 3694 et

2209 3745 2480 3817 religioso
2512 3745 2811 3799 sacerdote
2843 3742 3048 3798 scribit
3080 3761 3095 3811 ;
3127 3759 3262 3812 quae
3292 3742 3340 3797 si
3397 3742 3642 3797 adversus
3688 3732 3770 3785 ha-

2208 3835 2453 3889 reticum
2487 3832 3082 3888 autMahumetanum
3104 3831 3514 3894 scriberentur,
3538 3827 3617 3880 vix
3632 3823 3772 3895 {excu-

2210 3923 2325 3980 sari
2384 3923 2453 3978 ab
2515 3921 2942 3977 inhumanitate
3001 3927 3264 3992 possent.
3315 3920 3576 3974 Ceterum
3623 3912 3775 3984 praeter

2211 4018 2404 4070 vetum
2437 4017 2557 4066 tam
2591 4010 2965 4066 stomachoso
3010 4010 3243 4065 censori
3306 4005 3539 4078 contigit
3588 4006 3639 4058 ut
3684 4009 3776 4069 qua

2211 4103 2448 4159 Jesuita:
2473 4101 2724 4155 libenter
2754 4099 3055 4170 inﬂigebat
3083 4098 3242 4153 haud
3298 4111 3532 4171 parcens
3578 4090 3776 4146 verbera,

2211 4193 2271 4247 in
2286 4207 2420 4246 eum
2436 4206 2607 4260 quem
2627 4188 2869 4243 minime
2893 4187 3065 4243 vellet
3085 4187 3399 4255 resilirent,
3430 4178 3775 4241 amicissimum

2213 4281 2346 4351 sibi,
2382 4279 2548 4335 nobis
2578 4283 2635 4334 et
2665 4276 2895 4332 cunctis
2927 4276 3134 4332 merito
3194 4293 3304 4332 suo
3336 4279 3522 4348 caput,
3565 4263 3777 4351 illustris-

2214 4349 2429 4425 simum
2461 4365 2765 4436 Allatium,
2800 4364 2898 4436 qui
2931 4363 3280 4420 doctissima
3327 4357 3689 4419 dissertatione
3729 4349 3776 4403 de

2128 4483 2176 4547 Β
2215 4459 2393 4527 solea,
2427 4473 2495 4511 ex
2521 4472 2635 4510 una
2667 4453 2990 4527 plurimum
3024 4453 3344 4525 profecisse
3375 4469 3463 4508 me
3507 4447 3648 4505 initio
3682 4453 3776 4547 um

2209 4549 2506 4624 professus
2552 4547 2680 4616 ejus
2738 4544 3022 4616 originem
3083 4545 3340 4602 nominis
3396 4553 3652 4615 quaerens.
3696 4530 3779 4587 Non

2205 4639 2371 4706 male,
2403 4635 2616 4707 inquit,
2678 4635 2845 4689 etiam
2901 4650 2933 4688 a
2991 4633 3137 4688 solea
3193 4650 3307 4689 non
3353 4627 3678 4700 utcrepidam

2207 4732 2332 4794 nat,
2401 4706 2714 4795 quanquam
2765 4724 2833 4775 ab
2885 4738 2947 4776 ea
2997 4738 3208 4794 quoque
3238 4738 3350 4777 non
3392 4706 3778 4795 inconcinne

2209 4794 2491 4888 quispiam
2523 4817 2852 4868 autumaret.
2887 4809 3018 4865 Htec
3045 4809 3178 4865 ille:
3233 4811 3449 4882 quibus
3501 4802 3670 4862 omnia
3713 4794 3782 4851 illa

2212 4921 2340 4978 quae
2385 4904 2444 4958 in
2493 4899 2802 4957 Cellotium
2865 4899 3083 4971 pariter
3130 4899 3294 4970 loqui
3353 4912 3550 4954 ausum
3622 4889 3782 4981 into-tta.

2217 4976 2476 5049 vidimus
2508 4989 2778 5054 fulmina,
2812 4988 2868 5042 in
2904 5004 3078 5044 suum
3113 4993 3291 5061 caput
3322 4984 3609 5044 attraxisse
3650 4976 3782 5033 videri

2214 5086 2463 5156 poterat,
2524 5079 2638 5135 nisi
2700 5079 2856 5132 6I4
2906 5075 3174 5132 laureum
3236 5077 3508 5133 baculum
3571 5065 3780 5143 gestarel,

2214 5187 2318 5244 per
2348 5186 2518 5243 quem
2551 5171 2640 5224 est
2672 5184 2704 5222 a
2734 5165 3004 5239 procellis
3035 5165 3370 5224 istiusmodi
3400 5160 3710 5221 tutissimus.

2285 5295 2576 5365 Ταναΐτης,
2638 5309 2771 5366 pag.
2833 5293 2958 5347 422.
3019 5292 3189 5348 Venti
3246 5288 3506 5349 Ταναΐτου
3546 5282 3663 5342 dicti
3705 5290 3783 5366 ως·

2215 5387 2391 5442 minit
2424 5364 2758 5455 Precopius,
2798 5381 2900 5437 lib.
2935 5399 2990 5436 IV
3021 5383 3288 5437 secunda:
3315 5380 3550 5437 tetradis
3597 5389 3700 5444 cap.
3744 5364 3784 5463 ἅς

2214 5493 2270 5547 p.
2304 5477 2410 5530 573
2440 5475 2532 5530 ed.
2560 5475 2678 5545 Reg
2707 5472 2798 5527 his
2828 5471 3060 5527 verbis:
3121 5469 3319 5527 Τάναϊν
3379 5467 3434 5523 δὲ
3483 5465 3722 5547 καλοῦσιν
3747 5469 3781 5503 οι

2213 5562 2508 5636 ἐπιχώριοι
2541 5561 2629 5616 καὶ
2658 5561 2758 5630 τὴν
2804 5553 3039 5628 ἐκϐολὴν
3089 5559 3286 5630 ταύτην
3335 5557 3394 5613 ἐκ
3442 5556 3623 5628 λίμνης
3655 5545 3780 5620 ἀρξα-

2217 5653 2384 5727 μίνην
2414 5658 2515 5722 τῆς
2541 5645 2854 5710 Μαιώτιδος
2881 5643 3013 5722 ἄχρι
3065 5648 3118 5714 ἐς
3161 5650 3250 5704 τὸν
3283 5646 3520 5721 Εὔξεινον
3569 5637 3778 5694 πόντον...
