3978 6182
240 271 383 327 1077

1705 274 2190 338 GLOSSARIUM.

3524 296 3665 351 1078

235 392 386 449 ἀλλὰ
442 392 533 449 καὶ
592 394 684 448 τὸν
746 390 944 465 ἄνεμον
978 438 993 465 ,
1070 392 1129 457 ὅς
1186 392 1398 459 ἔνθίνδε
1454 400 1578 452 πνεῖ
1631 394 1885 467 Ταναΐτηκ

2012 410 2361 471 ministeriis
2421 422 2693 474 navasset
2749 434 3011 490 operam,
3054 420 3125 475 ab
3168 436 3233 475 eo
3284 420 3409 490 jam
3460 422 3659 480 adulto

235 484 772 557 προσαγορεύουσιν.
836 486 917 540 Ex
973 487 1190 558 quibus
1254 487 1649 559 intelligimus
1724 490 1901 559 hujus

238 576 396 629 venti
431 591 646 631 nomen
679 594 853 631 nona
912 593 1045 631 vero
1107 593 1279 631 amne
1336 578 1517 632 Tanai
1574 579 1898 651 sumpium,

242 665 348 719 sed
383 666 456 719 ab
514 665 676 720 alveo
736 667 987 736 quodam
1054 671 1155 721 aut
1210 683 1391 737 prono
1451 669 1609 723 ﬁuxu
1671 669 1900 741 paludis

239 754 523 809 Maeotidis
555 755 614 809 in
649 759 899 810 Pontum
946 756 1259 822 Euxinum,
1322 758 1421 827 qui
1479 758 1675 813 alveus
1722 759 1894 814 etiam

239 844 458 899 Tanais
490 844 784 900 nominari
806 846 1219 912 consueverit;
1272 846 1343 900 ab
1402 861 1468 900 eo
1527 850 1721 902 autem
1778 848 1900 918 spi-

239 937 472 988 rantem
500 938 763 1000 ventum,
825 934 947 1005 qui,
1008 934 1089 989 ait
1138 940 1359 1001 noster,
1419 935 1571 991 inter
1627 936 1897 993 Boreales

238 1020 390 1077 solet
419 1039 551 1079 esse
571 1022 1152 1090 vehementissimus,
1184 1024 1487 1080 Tanaitem
1508 1025 1645 1080 dici.

316 1112 560 1189 Ταρίτις,
604 1128 731 1185 prg.
766 1114 889 1166 419.
944 1112 1089 1167 Hinc
1137 1113 1425 1169 habemus
1481 1130 1657 1169 naves
1715 1130 1894 1185 quas-

236 1209 379 1264 dam
411 1208 721 1262 contractzs
750 1200 1160 1273 longitudinis,
1194 1202 1305 1258 hoc
1336 1206 1426 1257 est
1454 1203 1652 1258 minus
1687 1203 1895 1275 longas

238 1313 422 1370 quam
455 1294 745 1361 triremes,
779 1291 1013 1347 Taritas
1061 1309 1093 1346 a
1151 1291 1564 1347 Genuensibus
1620 1292 1693 1347 iis
1753 1292 1891 1348 olim

237 1386 543 1442 utentibus
575 1384 757 1438 fuisse
812 1386 1067 1437 vocatas.
1126 1382 1455 1437 Verisimile
1512 1387 1601 1437 est
1655 1384 1891 1439 easdem

234 1476 349 1533 has
379 1492 508 1532 esse
530 1490 665 1530 cum
697 1472 771 1527 iis
823 1488 972 1543 quas
1027 1467 1251 1545 ταρίδας
1300 1471 1529 1527 Nicetas
1588 1472 1889 1543 appellat;

236 1582 360 1636 qua
415 1580 554 1619 voce
614 1558 902 1633 δρόμωνας
960 1560 1045 1632 [Ρ.
1105 1562 1232 1630 425]
1304 1577 1437 1616 cum
1525 1560 1891 1633 signiﬁcasse

234 1653 529 1709 Meursius
562 1654 781 1707 censet.
818 1648 981 1705 Unde
1014 1649 1162 1704 forte
1194 1648 1281 1703 vel
1314 1648 1410 1705 hic
1442 1650 1887 1705 rescribendum

2011 504 2446 561 manumissum
2507 508 2740 578 patroni
2800 525 3011 564 nomen
3073 525 3234 564 more
3310 510 3655 567 libertorum

2008 592 2322 664 accepisse,
2350 601 2408 651 et
2436 598 2701 667 ejusdem
2734 599 2924 670 gratia
2974 604 3310 670 promotum
3362 600 3419 655 in
3480 601 3655 657 istam

2008 678 2389 740 honoriﬁcam
2423 688 2850 757 praefecturam.

2079 780 2261 849 ΤεΟὲν,
2306 800 2361 854 p.
2393 787 2517 841 222.
2550 786 2662 855 Ait,
2697 804 2829 841 cum
2870 787 3027 857 regio
3087 786 3186 842 illa
3239 788 3656 856 Maryandeno-

2006 884 2135 923 rum
2193 873 2705 946 ctiPaphlagoniaz
2769 876 2943 931 rebus
3001 877 3069 930 ad
3118 875 3339 931 victum
3407 874 3651 931 utilibus

2004 956 2347 1030 abundaret,
2383 962 2622 1034 signatae
2646 969 2890 1019 moneta:
2926 981 3128 1035 parum
3181 964 3446 1034 haberet,
3497 966 3651 1035 quod

2002 1046 2310 1118 vectigalia
2339 1049 2396 1104 in
2432 1052 2699 1107 nummis
2748 1054 3136 1124 exigerentur,
3172 1057 3403 1109 coactos
3450 1069 3651 1109 earum

2001 1137 2289 1191 terrarum
2324 1138 2544 1194 incolas
2577 1140 2777 1210 fuisse,
2838 1142 2909 1195 ad
2968 1146 3168 1197 exacte
3226 1142 3649 1198 conﬁciendam

2001 1223 2205 1279 tributi
2247 1243 2567 1298 summam,
2625 1230 2872 1285 vendere
2932 1230 3154 1285 scilicet
3213 1230 3312 1285 vili
3370 1231 3648 1287 universa

2001 1329 2126 1382 quae
2156 1314 2513 1389 collegerant
2546 1334 2736 1373 messe
2769 1335 2834 1373 ac
2864 1318 3179 1385 vindemia,
3213 1323 3267 1373 et
3298 1318 3380 1373 sic
3440 1319 3650 1375 deinde

1999 1407 2118 1458 toto
2151 1421 2302 1460 anno
2345 1408 2692 1462 necessariis
2726 1407 2796 1462 ad
2847 1408 3065 1462 victum
3108 1407 3359 1479 eguisse.
3410 1406 3653 1462 Videtur

1999 1508 2134 1564 ergo
2176 1494 2270 1549 hic
2301 1494 2362 1547 τὸ
2391 1494 2536 1558 τεθὲν
2571 1496 2847 1568 peculiari
2882 1497 3117 1552 notione
3150 1500 3523 1568 usurpatum,
3577 1496 3647 1549 ad

1999 1582 2453 1653 signiﬁcandum
2488 1585 2775 1655 quidquid
2812 1587 3202 1655 reponebatur
3229 1586 3287 1639 in
3348 1600 3645 1639 annonam

1997 1676 2055 1726 et
2084 1673 2301 1727 victum
2336 1674 2569 1729 famitia:
2601 1691 2699 1743 per
2729 1690 2968 1729 annum.
3006 1674 3353 1745 Quanquam
3382 1690 3498 1728 non
3532 1674 3647 1728 dif-

230 1738 452 1816 ταρίδες
504 1741 700 1805 fuerit,
734 1738 820 1795 vel
880 1738 1034 1809 apud
1096 1738 1356 1793 Nicetam
1413 1738 1629 1810 ταρίτες
1686 1755 1884 1794 emen-

2000 1761 2163 1816 ﬁteor
2202 1779 2373 1834 posse
2418 1762 2617 1818 referri
2672 1764 2740 1818 ad
2793 1780 3088 1818 summam
3148 1762 3485 1834 impositam
3546 1778 3647 1832 per

233 1834 525 1887 dandum.
559 1830 890 1884 Videndum
923 1828 1095 1883 etiam
1129 1846 1201 1883 an
1235 1845 1349 1883 non
1384 1828 1521 1883 hinc
1580 1844 1885 1884 emanave-

232 1922 316 1977 rit
346 1923 746 1984 Tartanarum,
782 1935 911 1989 quas
970 1917 1141 1973 hodie
1202 1917 1597 1988 appellantur,
1653 1934 1888 1973 nomen.

231 2012 525 2067 Caeterum
558 2009 607 2063 si
666 2004 943 2081 δρόμωνες
1000 2007 1120 2062 sint
1166 2004 1403 2079 ταρίτες,
1461 2006 1535 2061 iis
1592 2007 1892 2062 conveniet

228 2099 553 2171 descriptio
576 2098 929 2152 dromonum
964 2113 1089 2167 quae
1116 2096 1272 2167 apud
1308 2095 1676 2167 Procopium,
1736 2096 1833 2151 lib.
1873 2114 1889 2151 1

229 2190 313 2244 De
343 2188 479 2243 bello
518 2185 825 2255 Vandalico,
886 2202 1012 2255 cap.
1074 2184 1165 2251 Η,
1225 2184 1440 2256 legitur
1496 2185 1588 2239 bis
1645 2185 1885 2241 verbis:

229 2275 418 2330 Πλοῖα
482 2273 661 2347 μακρὰ
704 2272 778 2333 ὡς
834 2271 911 2332 εἷς
978 2271 1290 2345 ναυμαχίαν
1366 2273 1885 2346 παρεσκευασμένα,

234 2366 456 2438 μονήρη
517 2363 699 2435 μέντοι
756 2360 845 2415 καὶ
906 2360 1108 2438 ὀροφὰς
1159 2360 1380 2436 ὕπερθεν
1440 2360 1680 2436 ἔχοντα,
1741 2363 1889 2423 ὅπως

231 2454 289 2507 οἱ
333 2456 499 2507 ταῦτα
546 2451 853 2525 ἐρέσσοντες
903 2450 1038 2521 πρὸς
1086 2455 1194 2504 τῶν
1244 2450 1529 2523 πολεμίων
1582 2452 1657 2514 ὡς
1692 2450 1889 2519 ἥκιστα

235 2540 561 2616 βάλλοιντο.
644 2540 940 2615 Δρόμωνας
1002 2537 1231 2593 καλοῦσι
1288 2540 1353 2593 τὰ
1420 2538 1591 2594 πλοῖα
1642 2544 1809 2593 ταῦτα
1832 2541 1883 2593 οἱ

236 2636 333 2684 νῦν
377 2632 673 2706 ἅνθρωποι·
726 2627 883 2683 πλεῖν
943 2629 1048 2704 γὰρ
1094 2629 1231 2682 κατὰ
1275 2629 1449 2702 τάχος
1496 2625 1741 2682 δύνανται
1787 2627 1888 2701 μά-

255 2718 439 2775 λιστα·
521 2722 713 2789 Longaz
774 2736 935 2775 naves
994 2719 1063 2773 ad
1108 2720 1454 2774 maritimum
1495 2719 1755 2789 praelium
1800 2720 1887 2771 in-

243 2814 502 2876 structae,
559 2810 653 2865 sed
697 2810 859 2863 unico
915 2818 1048 2863 acta:
1129 2824 1403 2863 remorum
1460 2808 1679 2872 ordine,
1740 2806 1890 2862 testis

232 2903 479 2971 desuper
510 2901 763 2968 munitae,
786 2915 889 2967 quo
919 2914 1107 2954 eorum
1156 2900 1391 2969 remiges
1446 2914 1610 2968 quam
1654 2898 1888 2951 minimc

230 2989 372 3045 telis
400 2988 692 3045 hostilibus
740 2994 1008 3059 paterent.
1070 2990 1176 3042 Hoc
1230 2990 1458 3042 navium
1504 3003 1675 3058 genus
1734 2984 1889 3040 hodie

227 3080 527 3135 dromonas
554 3086 764 3146 vocant,
825 3094 953 3133 voce
1008 3095 1041 3131 α
1079 3094 1245 3132 cursu
1273 3076 1435 3131 ducta
1490 3093 1593 3148 quo
1656 3075 1765 3129 illa:
1822 3076 1882 3127 in

224 3167 433 3238 primis
461 3166 637 3222 veloci
670 3167 875 3222 valent.
903 3166 1029 3220 Haec
1063 3165 1397 3236 Procopius.

301 3259 495 3322 Τατᾶς,
550 3272 682 3327 pag.
736 3256 859 3309 5l2.
922 3256 1114 3325 Hujus
1160 3254 1460 3325 dignitatis
1518 3252 1608 3309 cui
1671 3267 1883 3307 nomen

226 3350 325 3401 est
355 3350 494 3400 tatas
527 3346 673 3399 aula:
697 3361 847 3416 saepe
876 3343 1142 3399 meminit
1190 3344 1467 3411 Codinus,
1519 3343 1575 3396 in
1637 3341 1737 3398 lib.
1811 3343 1885 3396 De

228 3436 361 3505 efﬁc
390 3435 505 3491 σαι.
541 3451 669 3505 cap.
698 3435 753 3498 2,
776 3434 874 3489 ubi
907 3433 1014 3488 hoc
1054 3433 1312 3488 ofﬁcium
1374 3436 1600 3487 sextum
1659 3437 1717 3487 et
1776 3432 1881 3486 tri-

233 3524 526 3579 cesimum
562 3523 871 3594 dignitatis
901 3522 1103 3577 ordine
1132 3539 1261 3577 esse
1291 3522 1372 3576 ait
1403 3522 1553 3576 inter
1588 3521 1877 3592 Palatina;

224 3630 360 3684 cap.
412 3613 467 3679 4,
528 3612 655 3682 ejus
729 3612 995 3666 habitum
1077 3610 1369 3681 explicat,
1436 3627 1561 3680 cap.
1606 3610 1745 3664 item
1823 3612 1876 3681 5,

218 3704 618 3759 ubiobserval
650 3702 787 3756 huic
852 3702 1044 3757 ofﬁcio
1096 3700 1323 3756 nullum
1379 3701 1717 3756 incumbere
1770 3700 1877 3754 mi-

219 3792 537 3847 nisterium
573 3787 698 3843 οὐδὲ
735 3784 789 3843 ἓν
852 3789 1180 3862 ὑπηρέτημα
1238 3789 1515 3857 κέκτηται.
1572 3790 1872 3859 Nusquam

218 3886 426 3936 autem
460 3880 642 3935 tradit
673 3880 957 3935 rationem
983 3878 1261 3945 nominis,
1289 3884 1389 3933 aut
1411 3894 1582 3948 quem
1601 3879 1671 3933 ad
1707 3879 1877 3931 ﬁnem

216 3969 500 4025 instituta
529 3968 653 4023 haec
686 3970 1027 4039 praefectura
1059 3967 1153 4024 sit.
1190 3968 1314 4021 Tata
1343 3966 1701 4035 Latinisjam
1735 3966 1873 4021 olim

216 4059 455 4131 puerile
487 4075 703 4114 nomen
734 4064 842 4126 est,
867 4076 982 4129 quo
1017 4058 1273 4130 primum
1307 4075 1375 4113 ex
1408 4058 1656 4112 infantia
1679 4057 1735 4110 in
1762 4057 1875 4111 bal-

215 4148 448 4204 butiem
510 4148 864 4219 prodeuntes
925 4148 1174 4218 parvuli,
1233 4163 1383 4217 quos
1442 4146 1641 4201 vident
1699 4146 1873 4215 viros,

216 4242 388 4305 tatas,
423 4254 571 4309 quas
606 4237 903 4305 mulieres,
944 4253 1214 4292 mammas
1274 4235 1589 4308 appellant,
1653 4241 1716 4291 ut
1769 4237 1872 4291 do-

215 4331 356 4383 cent
385 4323 745 4398 interpretesi
783 4325 1067 4382 Martialis
1122 4326 1191 4381 ed
1245 4325 1407 4381 illum
1462 4343 1696 4382 versum
1754 4325 1873 4397 epi-

217 4416 575 4489 grammatis
606 4417 737 4487 ejus
766 4415 890 4472 lOl.
924 4415 1027 4471 lib.
1062 4433 1080 4470 1
1115 4432 1128 4469 :

210 4532 484 4587 Mammas
509 4536 672 4603 atque
700 4536 841 4587 tata:
864 4532 1026 4588 habet
1058 4532 1193 4603 Afra
1222 4542 1243 4587 .‘
1286 4534 1382 4588 sed
1438 4535 1563 4603 ipsa
1628 4536 1876 4589 tatarum

361 4604 487 4660 Dici
515 4613 567 4660 et
593 4620 963 4660 mammarum
993 4621 1242 4660 maxima
1270 4623 1513 4661 mamma
1540 4610 1731 4677 potest.

212 4721 522 4793 Suspicari
571 4738 640 4778 ex
672 4722 779 4778 hoc
838 4723 983 4778 forte
1068 4739 1387 4795 possumus
1463 4727 1636 4779 tatam
1727 4726 1878 4781 aula:

217 4828 403 4884 quem
436 4810 531 4866 hic
562 4812 902 4867 eunuchum
932 4811 1222 4880 videmus,
1256 4814 1437 4869 fuisse
1496 4813 1875 4885 przspositum

220 4901 561 4958 educationi
596 4918 662 4957 ac
713 4918 863 4958 curis
918 4901 1237 4958 liberorum
1295 4903 1447 4958 615
1509 4904 1878 4975 imperatoris

221 4990 423 5048 adhuc
455 4989 831 5063 parvulorum
866 5011 879 5060 ;
912 4996 970 5047 et
1001 4996 1310 5064 propterea
1338 4991 1520 5063 hujus
1553 4991 1879 5065 ὑπηρέτημα

219 5078 463 5135 nullum
491 5079 783 5136 exstitisse
813 5097 952 5153 erga
1006 5080 1441 5152 imperatorem,
1500 5098 1565 5137 ac
1622 5098 1693 5137 ne
1742 5082 1880 5136 fun-

215 5169 484 5225 ctionem
536 5169 773 5240 quidem
833 5171 1231 5227 immediatam
1288 5172 1467 5227 ullam
1526 5188 1665 5244 erga
1718 5173 1880 5245 ipsos

216 5256 526 5331 parvulos,
564 5261 719 5331 quod
756 5276 972 5315 munus
1029 5261 1157 5331 ejus
1216 5266 1371 5317 esset
1426 5262 1715 5333 imperare
1772 5280 1879 5318 nu-

217 5347 477 5403 tricibus
512 5354 570 5403 et
600 5349 845 5420 gerulis,
880 5350 976 5421 qui
1010 5352 1093 5405 eis
1125 5351 1345 5405 addicti
1374 5351 1651 5407 curandis
1691 5356 1877 5407 erant.

218 5436 345 5493 Nec
365 5452 516 5491 vana
546 5436 815 5493 forsitam
844 5440 1179 5509 conjectura
1217 5439 1393 5495 fuerit
1442 5440 1597 5496 hunc
1649 5442 1881 5497 Andro-

224 5526 428 5579 nicum
463 5525 829 5594 eunuchum,
865 5529 1020 5599 quod
1064 5529 1398 5585 Andronico
1430 5547 1587 5586 nunc
1620 5536 1883 5603 Augusto

222 5620 365 5670 autc
397 5614 583 5686 patris
613 5614 929 5687 imperium
990 5624 1148 5683 nato,
1208 5619 1512 5675 educando
1572 5619 1879 5676 servilibsu

1146 5730 1152 5756 ί

1996 1868 2260 1917 censum,
2294 1851 2385 1908 cui
2424 1852 2602 1908 semel
2666 1853 3026 1908 exsolvenda:
3080 1852 3357 1908 universa
3410 1867 3644 1906 annona

1993 1939 2181 1995 alieno
2216 1945 2475 2011 tempore
2504 1941 2600 1995 vili
2634 1942 2910 1997 distracta
2942 1941 3305 2013 proﬂiganda
3359 1944 3482 1996 erat
3536 1956 3641 1994 cu-

1997 2028 2147 2083 lonis
2180 2031 2429 2100 miseris,
2465 2032 2523 2085 in
2558 2031 2851 2102 reliquum
2886 2048 3107 2086 annum
3142 2031 3295 2086 victu
3342 2029 3637 2097 carituris,

1995 2118 2089 2172 cui
2125 2118 2345 2174 notioni
2380 2118 2566 2190 magis
2598 2120 2822 2175 accedit
2853 2121 3006 2191 quod
3034 2119 3269 2191 legitur,
3316 2119 3355 2175 l.
3387 2136 3427 2189 1,
3483 2135 3532 2173 c.
3583 2118 3639 2183 5,

1993 2206 2067 2262 Τὸ
2096 2205 2289 2260 λοιπὸν
2318 2211 2413 2261 τοῦ
2442 2205 2685 2270 τεθέντος
2714 2206 2925 2268 τέλους.

2089 2313 2172 2387 [Ρ.
2226 2315 2349 2390 426]
2406 2311 2632 2388 τελχίν,
2684 2333 2740 2387 p.
2790 2317 2898 2371 255
2954 2315 3298 2371 Eustathius
3362 2314 3419 2370 in
3475 2314 3639 2371 Iliad.

1992 2419 2099 2474 vp.
2150 2404 2248 2458 9'11
2298 2405 2387 2458 ed.
2451 2405 2616 2458 Rom.
2678 2402 2977 2478 Τελχῖνας,
3041 2405 3141 2475 ait,
3200 2401 3527 2457 πλάττουσιν
3590 2403 3643 2456 οἱ

1997 2492 2157 2563 μῦθοι
2219 2490 2480 2562 δαίμονάς
2532 2512 2681 2553 τινας
2728 2491 3081 2553 κακοποιούς.
3170 2493 3454 2549 Telchinas
3534 2494 3639 2564 ﬁn-

1990 2582 2357 2652 guntfabulm
2398 2582 2678 2639 dazmonas
2726 2584 2993 2655 quosdam
3058 2584 3352 2652 maleﬁcos.
3414 2582 3642 2637 Similia

1992 2675 2049 2726 et
2104 2672 2257 2725 idem
2320 2671 2480 2726 alibi.
2564 2674 2954 2745 Hesychius:
3033 2668 3297 2745 Τελχῖνες
3387 2670 3644 2746 βάσκανοι

1990 2758 2207 2832 γόητες,
2286 2759 2557 2834 φθονεροί.
2649 2761 3141 2833 Etymologicus:
3230 2759 3483 2833 Λὲγονται
3589 2756 3646 2813 δὲ

1990 2849 2255 2920 Τελχῖνες
2338 2848 2388 2901 οἱ
2464 2850 2719 2924 φθονεροὶ
2781 2849 2869 2902 καὶ
2942 2848 3176 2922 πονηροὶ
3236 2848 3327 2902 καὶ
3386 2849 3646 2923 βασκανω

1993 2933 2270 3008 δαίμονες.
2314 2940 2594 2993 Dicuntur
2626 2943 2815 2994 autem
2854 2938 3139 2995 Telchines
3174 2940 3379 3003 invidi,
3420 2939 3561 2993 mali
3591 2948 3643 2993 et

1991 3028 2261 3082 immanes
2290 3028 2585 3084 ilwmones.
2621 3028 2721 3084 His
2744 3028 3193 3084 auctoritatibus
3220 3028 3400 3083 fretus
3434 3028 3637 3083 malum

1992 3120 2043 3170 et
2073 3115 2322 3170 invidum
2366 3116 2635 3171 daemones
2686 3116 3105 3188 interpretatus
3157 3133 3291 3171 sum
3340 3116 3451 3172 hoc
3509 3114 3636 3170 loco

1990 3201 2252 3276 Τελχῖνα.

2062 3302 2243 3373 Τόμος
2274 3303 2363 3356 καὶ
2425 3306 2821 3377 τομογραφεῖν,
2882 3321 2940 3375 p,
2996 3306 3122 3359 280.
3182 3304 3316 3376 Agit
3373 3305 3441 3360 de
3497 3307 3639 3358 Ger—

1993 3411 2189 3460 mano,
2223 3410 2395 3463 quem
2433 3393 2542 3447 sub
2576 3394 2749 3448 ﬁnem
2786 3393 3165 3464 praecedentis
3206 3392 3415 3464 capitis
3473 3392 3637 3447 dixe-

1990 3488 2079 3539 rat
2126 3482 2374 3538 electum
2447 3482 2631 3537 fuisse
2690 3482 2745 3536 in
2804 3482 3192 3553 patriarcham
3250 3482 3641 3537 concordibus

1989 3571 2402 3644 plerorumque
2434 3571 2765 3625 antistitum
2799 3571 3115 3643 sull'ragiis,
3161 3572 3378 3643 quibus
3422 3576 3476 3627 et
3532 3570 3639 3625 im-

1988 3662 2272 3733 peratoris
2303 3660 2565 3715 calculus
2597 3661 2844 3716 accessit
2866 3662 3303 3733 comprobantis
3342 3658 3632 3729 judicium

1986 3750 2225 3821 synodi:
2262 3748 2416 3821 Παρὰ
2457 3752 2563 3801 τῶν
2627 3745 2839 3801 λοιπῶν
2897 3748 3118 3819 ἠξιοῦτο
3172 3748 3273 3813 τὴν
3321 3753 3420 3814 τῆς
3476 3751 3637 3800 Κων-

1986 3833 2486 3896 σταντινουπόλεως
2538 3835 2864 3909 προστασίαν
2935 3833 3329 3903 ἀναδέξασθαι,
3398 3833 3489 3886 σὺν
3551 3832 3636 3892 οἷς

1982 3928 2069 3982 καὶ
2107 3928 2133 3982 ὁ
2200 3923 2456 4000 βασιλεὺς
2512 3925 2611 3992 τὴν
2659 3927 2840 3999 ψῆφον
2900 3922 3268 3994 ἀποδεξάμενς
3328 3924 3493 3978 Tunc
3549 3924 3631 3975 vi-

1985 4019 2154 4073 detur
2184 4014 2485 4071 electionis
2518 4015 2792 4069 Germani
2826 4014 3127 4069 decretum
3161 4012 3269 4067 rite
3318 4010 3631 4082 perlatum,

1985 4108 2136 4178 quod
2196 4103 2366 4175 τόμος
2426 4104 2523 4159 hic
2580 4103 2795 4158 dicitur
2848 4102 3235 4158 usitatissima
3294 4102 3421 4171 ejus
3475 4099 3634 4153 vocis

1986 4196 2221 4251 notione
2250 4195 2308 4249 in
2353 4193 2589 4263 scriptis
2647 4196 2978 4248 Grzscorum
3043 4192 3253 4247 citima:
3306 4189 3636 4245 vetustatis.

1985 4286 2310 4357 praesertim
2338 4285 2407 4338 de
2432 4284 2603 4338 rebus
2638 4282 3055 4339 ecclesiasticis
3084 4280 3406 4353 agentium.
3460 4278 3635 4334 Caete-

1986 4392 2114 4430 rum
2150 4372 2451 4428 difﬁcilem
2484 4374 2553 4427 ad
2596 4372 3039 4426 assentiendum
3099 4368 3369 4425 electioni
3428 4368 3520 4423 sui
3574 4383 3636 4422 se

1990 4465 2279 4537 praebente
2308 4466 2595 4517 Germano
2631 4477 2721 4515 res
2766 4460 3075 4530 pendebat,
3124 4459 3317 4531 quoad
3366 4460 3636 4513 exoratus

1986 4554 2035 4609 is
2067 4552 2305 4607 tandem
2340 4551 2412 4606 ab
2435 4550 2785 4622 imperatore
2815 4554 2873 4604 et
2902 4547 3143 4619 reliquis
3174 4546 3380 4603 amicis
3401 4545 3633 4603 annuit.

1984 4642 2052 4696 Et
2081 4645 2221 4695 tunc
2246 4640 2317 4693 ad
2350 4637 2844 4710 promulgandum
2878 4637 3176 4693 decretum
3208 4634 3372 4708 prius
3403 4635 3622 4691 factum

1986 4734 2359 4803 congretatus
2412 4733 2501 4786 est
2551 4733 2733 4785 coetus
2772 4728 2872 4800 qui
2928 4745 3064 4784 voce
3112 4725 3295 4781 κοινὸν
3348 4726 3454 4783 hoc
3509 4726 3637 4783 loco

1986 4820 2379 4892 signiﬁcatur,
2441 4822 2505 4873 ut
2578 4818 2851 4889 superius
2926 4817 3316 4873 ostendimus.
3395 4816 3638 4871 Distuli-

1989 4926 2235 4980 musque
2268 4908 2381 4964 huc
2436 4908 2813 4964 statuendum
2867 4907 3005 4979 quid
3056 4908 3151 4962 hic
3206 4906 3435 4962 dicatur
3490 4901 3638 4957 οινῦν

1992 4998 2095 5053 ὑπὸ
2138 4995 2294 5069 τὸμῳ
2353 4996 2599 5072 γεγονὸς,
2657 4997 2811 5051 616
2870 5004 3033 5052 cactus
3092 4997 3188 5052 sub
3240 4999 3383 5052 tomo
3432 4996 3641 5065 factus.

1986 5088 2230 5143 Videtur
2256 5086 2573 5159 signiﬁcari
2594 5089 2808 5142 cmtum
2844 5086 3002 5141 hunc
3028 5084 3083 5141 vi
3117 5087 3281 5158 prius
3333 5086 3456 5157 jam
3509 5099 3642 5155 per-

1990 5177 2091 5233 lati
2120 5177 2192 5232 de
2222 5176 2503 5233 electione
2535 5174 2810 5231 Germani
2851 5176 3066 5232 decreti
3101 5180 3390 5232 coactum.
3420 5190 3535 5228 non
3580 5177 3646 5227 ut

1992 5266 2063 5323 de
2092 5282 2160 5322 ea
2181 5266 2549 5331 deliberaret,
2578 5267 2677 5321 sed
2712 5270 2777 5321 ut
2817 5282 2936 5323 rem
2992 5269 3270 5321 statutam
3301 5276 3643 5333 exsequere-

1988 5359 2088 5411 tur
2120 5360 2176 5411 et
2207 5372 2421 5411 novum
2456 5355 2852 5427 patriarcham
2885 5356 3053 5426 quasi
3105 5354 3163 5407 in
3210 5349 3644 5424 possessionem

1993 5444 2151 5502 sedis
2183 5445 2459 5501 mitteret.
2485 5445 2843 5516 Suspicabar
2873 5444 3050 5499 etiam
3080 5458 3149 5497 ex
3173 5443 3321 5497 facto
3354 5439 3646 5510 quadam-

1991 5540 2167 5591 tenus
2190 5534 2392 5601 simili,
2426 5534 2576 5606 quod
2640 5549 2775 5589 mox
2833 5533 3103 5601 referam,
3164 5532 3365 5584 Patres
3424 5526 3523 5598 qui
3583 5526 3642 5582 in

1992 5623 2150 5679 tunc
2209 5628 2423 5679 emtum
2487 5623 2886 5677 convenerunt
2942 5617 3272 5690 exemplum
3360 5614 3645 5688 scriptum
