3978 6182
318 252 336 304 1
347 250 456 305 079

1377 250 1438 300 P.
1483 248 1752 302 POBSINI
1788 245 2399 301 OBBERVATIONUM
2439 249 2571 300 LIB.
2614 251 2659 302 l.

3585 253 3730 308 1080

316 373 531 431 decreti
563 389 595 428 a
624 388 685 426 se
715 371 879 441 prius
909 370 1051 424 editi
1093 386 1271 424 manu
1330 385 1624 440 quemque
1675 367 1955 424 tenuisse.
1992 367 2039 433 Α
2074 365 2130 421 in
2159 383 2331 422 suum
2365 368 2558 424 locum
2590 370 2886 426 intrus’um
2922 391 2937 440 ;
2997 372 3168 443 cujus
3225 378 3464 429 nomen'
3500 375 3740 432 videtur

318 465 412 518 Sic
444 462 593 516 enim
629 462 823 513 actum
857 459 1088 512 videtur
1119 459 1175 511 in
1240 458 1352 512 alio
1409 458 1767 512 ecclesistico
1824 472 1959 510 con-

319 554 512 613 ventu,
548 549 717 618 cujus
763 551 851 600 est
903 549 1118 602 mentio
1172 548 1229 601 in
1291 547 1422 600 Vita
1471 547 1677 602 Leonis
1723 562 1883 616 papa:
1917 543 1964 612 Ι,

321 636 564 692 recitata
596 641 739 691 tom.
790 636 891 690 Vll
945 636 1149 691 Concil.
1213 637 1279 690 ed
1334 636 1467 707 Reg.
1527 653 1585 706 p.
1641 637 1729 688 50.
1783 633 1967 688 Verba

329 725 452 779 Ι]ωο
474 729 613 780 sunt
643 740 655 777 :
716 723 1044 792 Congregali
1079 725 1206 777 sunt
1229 723 1334 776 256
1397 723 1727 777 sacerdotess
1762 728 1813 774 ει
1863 718 1969 773 alii

321 814 427 869 £06
479 815 739 884 episcopi,
793 829 1027 886 quorum
1083 813 1483 884 chirographus
1539 811 1802 866 cucurrit.
1864 807 1969 876 Qui

323 901 638 973 congregati
656 906 786 956 sunt
815 919 930 956 una
979 918 1111 956 cum
1146 906 1325 968 torno,
1359 902 1456 956 hoc
1484 908 1560 955 est
1589 900 1694 970 ﬁde
1751 904 1971 969 aposio-

326 992 448 1048 licze
489 991 763 1048 Ecclesiae.
789 992 964 1046 Vides
994 990 1088 1045 hic
1137 991 1435 1046 decretum
1491 995 1663 1044 antea
1721 989 1791 1042 de
1860 987 1972 1040 ﬁde

328 1080 662 1152 apostolicae
692 1079 980 1146 Ecclesiae,
1024 1079 1133 1133 hoc
1189 1084 1278 1134 est
1337 1079 1611 1149 dogmate
1661 1074 1969 1140 catholico,

331 1169 620 1242 perlatum
652 1176 878 1224 tomum
910 1169 1124 1233 vocari,
1149 1175 1206 1223 et
1239 1169 1392 1222 hunc
1423 1175 1647 1222 tomum
1681 1181 1974 1236 quemque

330 1262 810 1330 congregatorum
856 1273 1054 1312 secum
1125 1257 1452 1323 habuisse;
1514 1255 1670 1309 unde
1727 1261 1782 1308 et
1865 1253 1974 1307 hoc

328 1345 512 1401 κοινὸν
547 1344 648 1398 ὑπὸ
703 1345 862 1417 τὸμῳ
920 1343 1144 1419 γεγονός
1198 1345 1308 1400 dici
1367 1345 1638 1416 potuerit.
1685 1345 1762 1397 Ac
1820 1341 1974 1412 quod

330 1436 482 1490 hanc
505 1433 680 1505 τὸμου
715 1435 1008 1489 notionem
1043 1435 1270 1499 attinet,
1303 1434 1454 1488 actio
1491 1433 1621 1504 ipsa
1678 1433 1975 1486 decretum

334 1524 620 1580 condendi
672 1523 809 1579 alibi
841 1541 875 1579 a
905 1529 1106 1579 nostro
1146 1528 1326 1580 verba
1381 1526 1746 1598 τομιγραφεῖν
1787 1520 1978 1592 expri-

335 1616 537 1669 mitur.
571 1614 788 1685 Nempe
809 1612 848 1668 1.
883 1629 1028 1679 lV,C.
1059 1614 1150 1680 29,
1203 1614 1294 1668 ubi
1357 1613 1552 1685 agitur
1606 1613 1676 1666 de
1734 1627 1975 1666 corona—

334 1701 496 1758 tione
537 1700 875 1771 Andronici,
935 1698 1342 1774 ἐτυμογράφουν
1402 1695 1481 1769 δὲ,
1538 1699 1755 1771 inquit,
1810 1697 1981 1751 κοιὶοὶ

338 1788 615 1864 ἀρχιερεῖς
673 1788 761 1842 ὑπ’
810 1788 1114 1866 ἀφορισμὸν
1167 1792 1471 1848 ποιοῦντες.
1547 1793 1655 1845 etc.
1742 1788 1982 1842 Decreto

337 1879 609 1934 videlicet
640 1878 904 1950 synodali
935 1878 1044 1933 rite
1074 1878 1330 1946 condito,
1366 1878 1660 1933 antistites
1693 1878 1801 1932 sub
1835 1893 1974 1931 ana-

330 1967 609 2023 thematis
640 1967 1119 2022 interminatioue
1153 1973 1474 2023 sanxerunt
1526 1975 1709 2022 ratam
1772 1984 1804 2020 a
1835 1983 1978 2020 cun-

329 2059 439 2115 ctis
469 2060 899 2131 agnoscendam
934 2059 1382 2131 habendamque
1441 2059 1798 2114 evectionem
1861 2061 1979 2112 An-

331 2148 554 2203 dronici
587 2149 646 2204 in
679 2147 1012 2219 imperium,
1055 2153 1404 2219 procurante
1464 2148 1521 2202 id
1582 2147 1803 2202 scilicet
1862 2151 1980 2200 Au-

331 2243 504 2308 gusto
535 2238 664 2309 ejus
696 2242 913 2310 patres,
946 2237 1164 2309 quippe
1209 2237 1592 2293 studiossime
1648 2245 1854 2306 agente
1917 2238 1982 2288 ut

331 2315 508 2400 quam
542 2328 795 2384 maxime
829 2329 1000 2384 firma
1029 2332 1085 2384 et
1114 2327 1511 2384 irrevocabilis
1541 2327 1654 2382 ista
1707 2327 1835 2397 ejus
1876 2324 1978 2378 ﬁlii

330 2422 487 2472 esset
513 2418 825 2488 promotio.

422 2518 840 2586 Τρικοκκιῶται,
909 2531 965 2588 p.
1023 2516 1130 2569 202
1197 2517 1373 2567 Ταῦτα
1428 2512 1552 2587 περὶ
1636 2510 1764 2573 τοὺς
1849 2516 1979 2586 Τρι-

328 2602 778 2664 κοκκιώτας.8ἱο
835 2605 1197 2660 concorditer
1251 2610 1369 2660 tres
1429 2603 1678 2659 codices.
1736 2601 1983 2657 Videtur

327 2691 528 2766 populi
562 2709 772 2749 nomen
821 2711 854 2748 a
894 2693 1020 2749 loco
1067 2693 1332 2761 ductum,
1387 2692 1487 2764 qui
1544 2689 1832 2766 τρίκοκκον
1894 2689 1981 2745 vel

326 2779 638 2856 τρικόκκιον
689 2782 997 2839 diceretur.
1089 2782 1296 2854 Reperi
1383 2783 1537 2854 apud
1614 2780 1983 2854 geographos

323 2873 693 2935 Strabonem.
727 2873 1126 2939 Ptolemaeum,
1162 2871 1327 2937 alios,
1354 2870 1636 2944 τρικύριον
1679 2875 1736 2926 et
1764 2870 1982 2944 τρικόρ-

328 2981 446 3015 νιον
483 2980 496 3018 :
532 2964 630 3018 sed
657 2979 953 3035 nusquam
986 2961 1124 3018 alibi
1149 2957 1438 3036 τρίκοκκον
1487 2965 1587 3015 aut
1644 2958 1980 3034 τρικόκκιον.

329 3052 538 3108 Verum
587 3069 659 3108 ne
716 3052 1042 3125 quidquam
1068 3051 1411 3120 immuetur,
1467 3066 1791 3107 consensus
1821 3049 1980 3105 codi-

330 3157 464 3196 cum
488 3140 776 3212 prohibet.

400 3236 762 3312 Ὑποψήφιος,
811 3255 867 3308 p.
919 3237 1042 3292 438.
1101 3241 1220 3292 Hoc
1279 3236 1404 3292 loco
1455 3233 1767 3312 ὗποψήφιος
1822 3252 1984 3292 voca-

328 3331 447 3392 tur,
482 3325 774 3396 quijusta
823 3327 894 3380 ad
955 3326 1297 3396 dignitatem
1358 3324 1616 3397 aliquam
1676 3323 1981 3380 electivam

328 3413 608 3484 suffragia
635 3412 950 3468 electorum
989 3411 1143 3481 tulit,
1165 3413 1427 3468 nondum
1460 3412 1981 3467 tamen'decretum

328 3501 630 3558 electionis
655 3501 765 3556 rite
797 3501 1086 3572 perlatum
1120 3505 1227 3556 est.
1260 3502 1425 3556 Unde
1456 3501 1566 3555 iste
1596 3499 1982 3567 Theodosius,

329 3593 418 3659 (P.
453 3590 578 3661 427)
612 3590 668 3644 in
722 3607 896 3661 quem
963 3590 1415 3662 praeponendum
1476 3589 1687 3644 throno
1736 3589 1984 3660 patriar-

335 3679 490 3736 chali
513 3679 870 3750 Theopoleos
903 3679 1021 3734 sive
1061 3678 1379 3734 Antiochiae
1412 3676 1700 3750 pleraeque
1745 3678 1982 3735 Patrum

335 3768 638 3826 sententia:
671 3768 1165 3839 conspiraverant,
1225 3771 1349 3823 erat
1378 3765 1592 3822 electus
1644 3770 1873 3822 tantum
1931 3773 1988 3823 et

336 3857 506 3929 quasi
538 3857 883 3928 designatus
936 3856 1290 3928 patriarcha,
1351 3857 1613 3911 nondum
1673 3861 1866 3911 tamen
1926 3857 1985 3912 in

333 3947 768 4018 possessionem
811 3945 1031 4001 missus
1086 3949 1142 4001 et
1198 3943 1599 4019 ἀνακηρυχθεὶς
1663 3945 1766 3999 ὑπὸ
1816 3949 1986 4016 κοινῷ

329 4035 510 4106 τόμῳ,
545 4035 667 4090 utl.
702 4052 780 4101 IV,
814 4051 864 4090 ο.
900 4034 989 4100 13,
1024 4035 1094 4089 de
1125 4033 1415 4090 Germano
1457 4035 1514 4088 in
1571 4035 1986 4090 Constantino-

334 4125 658 4195 politanum
684 4124 1080 4196 patriarcham
1114 4124 1279 4195 prius
1310 4125 1492 4178 electo
1524 4125 1827 4191 scribitur,
1869 4124 1985 4180 hoc

332 4219 424 4269 est
450 4213 642 4285 palam
671 4213 1004 4270 declaratus
1039 4213 1394 4283 patriarcha,
1422 4213 1644 4284 perlato
1687 4218 1743 4268 et
1796 4213 1989 4286 legiti-

338 4301 450 4357 mis
483 4299 752 4356 formulis
782 4301 893 4356 rite
925 4302 1151 4358 sancito
1184 4301 1479 4357 communi
1523 4302 1704 4358 totius
1757 4301 1986 4358 concilii

337 4390 407 4444 de
447 4389 562 4444 ista
617 4389 898 4446 electione
953 4391 1203 4459 decreto,
1264 4391 1417 4462 quod
1474 4387 1649 4462 τόμου
1704 4390 1985 4448 vocabulo

335 4478 724 4552 signiﬁcatur.

421 4573 720 4647 Φάκελλοι,
755 4593 811 4649 p.
845 4577 951 4632 512
990 4577 1137 4643 Quid
1198 4576 1507 4653 φακέλλους
1551 4578 1647 4634 hic
1706 4583 1982 4651 putemus

333 4670 492 4726 aliud
525 4684 701 4740 quam
735 4667 1000 4722 Latiman
1031 4683 1229 4723 vocem
1264 4669 1674 4723 diminutivam
1707 4685 1776 4724 ex
1819 4669 1984 4739 fascis

331 4758 499 4830 quasi
527 4757 788 4828 fascellos
845 4757 1028 4824 dicas,
1080 4757 1234 4826 quod
1292 4758 1654 4825 frequentius
1712 4758 1988 4813 scribitur

328 4846 650 4918 fascisculos
680 4844 708 4898 ‘?
736 4845 1037 4913 Synesius,
1071 4845 1255 4914 Epist.
1303 4845 1403 4900 133
1438 4863 1450 4901 :
1483 4847 1689 4900 ’Ἅπασι
1742 4845 1986 4924 γέγραφα

333 4932 606 5013 φάκελλον
640 4931 966 5006 ζέπιστολῶν
1001 4931 1238 5005 Διογένει
1273 4929 1400 4994 δούς
1469 4938 1587 4990 Hoc
1637 4937 1782 4992 617
1847 4942 1935 4991 est
1969 4953 1981 4992 :

337 5025 599 5084 Omnibus
656 5023 872 5096 scripsi,
927 5023 1272 5101 fasciculum
1357 5027 1670 5081 litterarum
1757 5027 1987 5098 Diogeni

338 5115 744 5172 commendans.

401 5211 781 5288 Φατριάρχης,
816 5229 872 5283 p.
905 5213 1032 5266 287.
1089 5211 1282 5268 Verba
1340 5217 1478 5267 sunt
1536 5213 1760 5268 Arsenii
1813 5215 1982 5283 sjecti

335 5304 708 5380 patiarchatu
732 5302 876 5358 etin
908 5300 1166 5357 insulam
1221 5301 1528 5373 deportati.
1567 5303 1628 5357 In
1675 5302 1768 5356 his
1818 5319 1985 5358 voca-

331 5396 470 5453 bulo
499 5391 850 5468 πατριάρχης
886 5390 1264 5446 scommatice
1307 5391 1578 5462 designat
1629 5391 1984 5449 Germanum

2073 455 2354 521 alludere,
2385 459 2524 512 dum
2571 459 2915 534 φατριάρχης
2949 463 3118 532 quasi
3180 464 3569 537 φρατριάρχην
3632 483 3736 518 vo-

2075 553 2185 600 cat.
2216 546 2425 601 Notum
2456 548 2608 602 enim
2637 550 3141 621 Constantinopoli
3181 559 3305 606 erat
3337 554 3483 623 quid
3525 555 3739 608 Latina

2076 651 2184 688 vox
2213 636 2392 704 frater
2420 654 2694 705 germano
2727 655 3052 709 synonyma
3074 645 3330 710 sonaret,
3357 658 3494 696 cum
3539 649 3748 698 essent

2078 723 2134 776 in
2167 739 2233 776 ea
2268 725 2409 778 urbe
2433 725 2621 780 Latini
2657 731 2776 781 tam
2804 727 2994 791 multi,
3019 731 3340 800 praesertim
3365 747 3502 786 cum
3529 732 3743 792 simul.

2080 816 2142 865 ut
2174 829 2304 869 mox
2337 815 2610 870 admonet
2641 815 2980 882 historicus,
3015 834 3355 889 germanam
3403 820 3741 892 imperato-

2077 901 2160 956 ris
2190 901 2490 972 Eulogiam
2526 903 2763 975 oblique
2822 906 3266 978 prestringeret.
3322 908 3492 964 Forte
3549 911 3746 964 etiam

2079 989 2426 1064 φατριάρχης
2470 992 2699 1048 infense
2751 995 2972 1049 dictum
3039 1011 3141 1064 pro
3223 997 3602 1071 πατριάρχης,
3683 1003 3753 1052 ut

2083 1080 2153 1133 ad
2185 1081 2440 1152 Philipp.
2475 1083 2598 1148 11,3
2646 1085 2928 1154 κατατομή
2987 1101 3089 1156 pro
3147 1087 3446 1159 περιιομή,
3508 1108 3544 1159 φ
3601 1092 3668 1142 et
3721 1107 3756 1138 κ

2083 1167 2279 1222 nescio
2333 1169 2471 1238 quid
2535 1165 2818 1246 δύσφημον
2877 1172 3250 1230 trahentibus
3330 1192 3400 1230 ex
3476 1175 3750 1246 quadam

2085 1258 2250 1328 quasi
2276 1258 2621 1329 contagione
2651 1256 2865 1331 φαύλου
2906 1265 2962 1315 et
2991 1264 3184 1314 κακοῦ.

2158 1363 2356 1434 Φήμη,
2415 1383 2470 1436 p.
2517 1366 2638 1433 145,
2707 1365 3038 1441 Ἀφικνεῖται
3072 1410 3082 1421 .
3130 1411 3143 1424 .
3189 1412 3201 1426 .
3272 1370 3432 1445 φήμη
3481 1389 3546 1442 γε
3610 1367 3761 1422 οὖσα

2085 1452 2176 1506 καὶ
2201 1451 2318 1513 Θεὸς
2351 1454 2385 1520 ἡ
2431 1454 2613 1529 φήμη.
2678 1455 2763 1510 Ita
2813 1464 3010 1512 noster
3066 1460 3359 1515 recondita
3417 1476 3524 1514 suo
3574 1477 3763 1515 more

2088 1542 2146 1596 in
2181 1543 2346 1596 codd.
2381 1547 2509 1597 Bet
2565 1546 2630 1610 A,
2691 1561 2816 1615 quas
2850 1547 2891 1602 V
2937 1563 3044 1602 suo
3099 1548 3233 1603 item
3297 1566 3455 1604 more
3515 1551 3763 1604 omisit.

2092 1631 2236 1686 Puto
2271 1631 2677 1704 Pachymerem
2712 1633 2807 1688 hic
2839 1635 2896 1688 in
2931 1641 3127 1690 mente
3170 1635 3448 1692 habuisse
3505 1637 3765 1693 abstru~

2014 1721 2303 1796 Bsiorem
2339 1723 2648 1792 quamdam
2705 1725 3003 1779 notionem
3064 1725 3325 1781 vocabuli
3387 1727 3571 1802 φήμη.
3651 1727 3763 1796 (Ι),

2091 1826 2216 1880 quae
2239 1827 2371 1865 cum
2401 1809 2567 1879 vulgo
2600 1811 2891 1882 significet
2918 1812 3199 1868 indicium
3253 1814 3332 1869 rei
3391 1821 3569 1886 gestae
3640 1815 3767 1869 bu-

2091 1915 2264 1954 mano
2296 1900 2631 1954 testimonio
2663 1901 2722 1956 in
2756 1902 3022 1957 notitiam
3048 1904 3377 1958 absentium
3435 1919 3769 1975 sparsum,

2089 1987 2404 2058 aliquando
2437 1988 2667 2059 proprie
2698 1989 2970 2060 designat
2996 1992 3266 2046 nuntium
3301 2009 3414 2047 non
3462 1991 3768 2047 humani-

2090 2082 2184 2130 tus
2216 2076 2456 2131 allatum
2490 2078 2570 2132 rei
2607 2094 2828 2149 magnas
2863 2080 3200 2150 longinquis
3232 2080 3290 2134 in
3321 2080 3466 2137 locis
3499 2086 3684 2144 acte,
3711 2083 3774 2136 et

2091 2166 2290 2220 statim
2323 2165 2402 2219 ibi
2439 2165 2682 2237 cognita:
2735 2183 2848 2238 quo
2905 2167 3066 2223 nulla
3112 2167 3379 2224 celeritas
3434 2185 3771 2224 cursorum

2089 2259 2210 2310 tam
2266 2254 2471 2325 exiguo
2521 2257 2712 2327 spatio
2769 2258 3067 2328 pervenire
3113 2258 3387 2329 potuerit.
3459 2258 3770 2329 Exempla.

2090 2349 2315 2399 veteres
2350 2343 2608 2398 historici
2645 2344 2832 2401 multa
2865 2347 3142 2401 referunt.
3183 2347 3322 2402 Vide
3350 2347 3582 2401 Livium
3654 2348 3783 2402 ini-

2090 2433 2170 2487 tio
2201 2431 2238 2488 1.
2274 2450 2404 2502 XLV,
2448 2438 2505 2488 et
2563 2433 2946 2490 Plutarchum
3005 2435 3063 2490 in
3113 2435 3342 2490 fEmilio
3403 2435 3612 2503 Paulo,
3671 2437 3780 2491 ubi

2093 2526 2298 2592 praeter
2328 2527 2595 2576 eventum
2628 2523 2959 2579 mirabilem
3011 2524 3232 2597 vulgati
3286 2529 3481 2581 Romae
3547 2524 3776 2594 praelii-

2091 2627 2205 2681 quo
2238 2610 2296 2664 in
2342 2611 2679 2666 Macedonia
2709 2613 3018 2683 quatriduo
3050 2619 3186 2669 ante
3234 2613 3592 2669 debellatum
3635 2615 3775 2670 fue-

2093 2704 2183 2754 rat
2214 2716 2346 2754 cum
2381 2699 2588 2755 Perseo
2620 2717 2772 2772 rege,
2809 2707 3064 2773 quatuor
3087 2702 3204 2759 alia
3260 2703 3530 2774 exempla
3586 2720 3770 2758 com-

2093 2788 2694 2858 memoratZsimilium
2728 2807 2997 2858 casuum,
3024 2797 3082 2847 et
3116 2792 3175 2846 in
3204 2791 3296 2847 his
3330 2809 3541 2858 unum,
3577 2794 3770 2863 Cujus

2090 2876 2217 2948 ipse
2248 2877 2598 2933 Plutarchus
2628 2878 2797 2934 testis
2829 2879 2955 2946 fuit,
2998 2884 3164 2936 tetate
3191 2898 3317 2948 sua,
3351 2887 3415 2936 ut
3458 2883 3566 2949 ait,
3621 2899 3771 2937 om-

2093 2967 2269 3021 nibus
2326 2967 2638 3038 perspecti,
2697 2968 2769 3023 de
2817 2969 3038 3040 perlata
3096 2970 3338 3026 Romam
3390 2971 3599 3025 eadem
3668 2972 3772 3025 die

2095 3057 2292 3127 quain
2323 3058 2636 3113 Germania
2667 3059 2933 3130 contigit,
2969 3060 3126 3115 caede
3187 3061 3445 3126 Antonii,
3507 3067 3566 3116 et
3631 3065 3771 3129 ejus

2097 3145 2383 3200 exercitus
2415 3144 2580 3200 clade
2612 3146 2711 3216 qui
2745 3152 2950 3200 contra
2980 3145 3374 3202 Domitianum
3410 3147 3770 3202 rebellarat.

2091 3232 2303 3289 Similli
2323 3237 2517 3288 autem
2542 3235 2766 3290 ratione
2797 3234 3030 3290 videtur
3062 3235 3320 3291 indicare
3380 3241 3583 3292 noster
3637 3252 3774 3308 per-

2092 3323 2322 3378 venisse
2352 3323 2423 3378 ad
2459 3322 2697 3378 Latinos
2735 3323 3143 3394 Daphnusiam
3200 3330 3624 3397 oppugnantes
3693 3325 3773 3379 fa-

2095 3429 2251 3467 mam
2286 3419 2465 3484 caplaa
2495 3431 2528 3466 ιι
2559 3413 2770 3468 Graecis
2801 3414 3364 3486 Constantinopolis,
3397 3431 3584 3485 quam
3626 3431 3770 3486 pro-

2093 3507 2290 3572 pterea
2345 3504 2563 3569 [amam
2612 3502 2863 3557 divinum
2895 3507 3081 3573 vocat,
3112 3500 3203 3556 καί
3257 3503 3376 3563 θεὸς
3406 3505 3643 3575 ἡφημη.
3680 3505 3770 3559 Si-

2094 3592 2336 3663 gniﬁcat
2359 3591 2534 3646 etiam
2567 3608 2696 3646 eam
2728 3607 2857 3647 esse
2886 3609 3083 3647 veram
3119 3597 3176 3648 et
3209 3593 3501 3664 propriam
3558 3595 3766 3647 nomi-

2096 3681 2188 3736 nis
2235 3681 2395 3752 φήμη
2455 3680 2775 3748 notionem,
2837 3681 3178 3748 Homerum,
3238 3681 3468 3754 opinor,
3514 3687 3765 3737 secutus

2096 3771 2248 3841 apud
2297 3786 2491 3840 quem,
2552 3774 2615 3823 ut
2672 3769 3014 3825 Fustathius
3075 3771 3376 3839 admonet,
3435 3771 3600 3846 φήμη
3671 3775 3766 3826 est

2099 3857 2333 3930 μαντική
2417 3853 2665 3926 κληδὼν,
2743 3855 3017 3912 τουτέστιν
3107 3859 3135 3912 ὁ
3225 3857 3531 3930 μέλλοντός
3608 3879 3762 3919 τινες

2098 3943 2409 4016 δηλωτικὸς
2468 3943 2656 4021 λόγος,
2711 3944 2761 4016 ἐξ
2817 3945 3127 4019 αὐτοματου
3207 3947 3560 4021 λεγόμενοςε
3616 3951 3762 4005 Pro-

2095 4037 2376 4109 pheticum
2399 4053 2580 4104 amen,
2615 4038 2712 4092 hoc
2740 4039 2925 4093 estrei
2960 4042 3173 4108 futura:
3209 4039 3526 4109 eujuspiam
3580 4041 3764 4094 inde:

2094 4126 2327 4182 verbum
2357 4134 2546 4197 sponte
2573 4127 2876 4197 prolatum.
2907 4127 3055 4192 Quia
3082 4143 3220 4182 vero
3269 4129 3338 4183 ad
3375 4128 3757 4200 prophetiam

2096 4216 2271 4271 etiam
2307 4215 2560 4286 pertinet
2587 4215 2802 4271 notitia
2824 4232 3019 4272 rerum
3045 4216 3384 4272 absentium
3412 4217 3763 4290 longinquis

2097 4320 2166 4360 ex
2219 4304 2364 4360 locis
2421 4321 2538 4360 non
2596 4305 2856 4361 humana
2913 4322 3091 4377 opera
3168 4305 3381 4372 delata,
3437 4308 3581 4378 jure
3650 4324 3756 4362 suo

2096 4397 2296 4449 noster
2325 4393 2501 4450 etiam
2560 4395 2627 4449 ad
2681 4393 2792 4450 hoc
2849 4393 3219 4452 Homericam
3277 4395 3556 4452 vocabuli
3605 4400 3756 4467 fama

2018 4466 2064 4529 Ῑ)
2096 4483 2392 4538 notionem
2424 4482 2724 4538 transfert.

2197 4589 2423 4663 Φορητή
2481 4586 2650 4655 οἰκία,
2716 4607 2771 4661 p.
2823 4591 2950 4645 330.
3010 4589 3134 4646 Non
3189 4607 3639 4664 usquequaque,
3699 4592 3756 4648 ni

2095 4678 2282 4744 fallor,
2341 4679 2511 4734 obvia
2566 4679 2658 4733 hic
2717 4683 3042 4752 usurpatur
3099 4680 3258 4736 notio
3318 4681 3476 4736 vocis
3536 4681 3750 4756 ςδοριςτή

2095 4784 2198 4841 pro
2229 4785 2295 4824 eo
2327 4769 2502 4839 quod,
2567 4768 2716 4823 718
2776 4767 3047 4840 analogia
3095 4786 3125 4825 e
3173 4769 3422 4841 solutili,
3487 4771 3573 4840 (P.
3634 4772 3750 4841 420)

2095 4855 2354 4913 classicis
2418 4857 2638 4913 usitata
2695 4873 2854 4924 voce,
2928 4858 3128 4926 ducta,
3212 4859 3462 4915 fortasse
3550 4860 3748 4915 Latine

2093 4947 2284 5002 dicere
2315 4963 2632 5018 possumus
2659 4947 2964 5018 portatilis.
3001 4947 3118 5003 Hac
3149 4964 3326 5020 porro
3360 4948 3746 5005 circumlocu-

2095 5036 2252 5092 tione
2283 5036 2369 5092 vel
2401 5036 2601 5104 σκηνάς
2634 5035 2997 5092 tabernacula
3045 5040 3362 5093 castrensia
3417 5040 3742 5111 exprimere

2097 5125 2482 5198 Pachymeres
2513 5123 2718 5191 voluit,
2748 5124 2858 5192 vel,
2894 5126 3050 5197 quod
3081 5126 3280 5183 verius
3306 5133 3472 5199 puto,
3497 5129 3751 5184 indicare

2096 5217 2303 5272 domos
2341 5233 2372 5272 e
2431 5215 2678 5271 materia
2731 5215 3000 5272 solutiles
3063 5218 3409 5289 proceribus
3456 5219 3744 5281 Romanis,

2096 5305 2388 5360 urbanum
2424 5305 2628 5360 luxum
2659 5304 2718 5359 in
2752 5305 2968 5361 militia
2986 5307 3178 5378 quoad
3206 5314 3452 5378 possent
3471 5323 3743 5380 usurpare

2095 5394 2495 5464 studentibus,
2529 5398 2763 5466 paratas
2795 5409 2862 5449 eo
2894 5393 3142 5450 artiﬁcio
3174 5400 3239 5451 ut
3293 5401 3492 5468 partes
3551 5411 3738 5454 earum

407 5575 484 5648 (1)
507 5571 727 5631 Habuit
754 5570 1100 5628 Hesioceum
1136 5570 1282 5627 illud
1320 5567 1451 5633 Θεός
1477 5569 1540 5624 νύ
1571 5568 1653 5632 τίς
1685 5568 1796 5626 ἐστι
1821 5576 1916 5627 καῖ
1944 5571 2102 5645 αὐτή.
