3978 6182
290 243 425 299 1081

290 477 502 515 rursus
552 463 853 535 compingi
912 472 1174 534 possent.
1237 470 1376 537 Ejus
1426 471 1656 539 generis
1711 471 1943 525 videtur

287 549 477 604 fuisse
506 546 764 616 οἰκίδιον,
799 554 968 622 cujus
999 561 1087 609 est
1119 560 1333 611 mentio
1368 558 1537 624 infra,
1570 557 1609 614 l.
1660 576 1714 627 v,
1775 576 1824 615 ρ.
1882 562 1938 629 6,

291 652 411 707 quo
444 636 567 693 viso
624 638 872 694 refertur
919 642 1300 714 obstupuisse
1331 646 1504 699 eralis
1557 646 1771 700 Serbize
1818 650 1939 702 Ste-

287 725 524 796 phanus
560 726 801 782 Uresis:
854 726 1029 782 Ἀλλὰ
1070 730 1160 783 καὶ
1217 732 1280 786 τὸ
1324 732 1704 805 Θεραπευτικὸν
1763 733 1825 787 τὸ
1884 731 1937 787 ἐν

285 812 491 874 κείνοις
576 812 796 889 βλέπων
869 816 1091 891 Οὐρέσις
1172 821 1262 873 καὶ
1337 819 1569 875 οῗκίδιον
1614 866 1627 878 .
1673 867 1686 880 .
1734 864 1746 877 .
1809 821 1937 877 ἐπα-

287 900 565 971 λαστήσας
636 906 821 976 φησὶν,
891 904 961 962 Αἵ
1032 906 1108 975 α’ί,
1165 908 1217 962 τί
1272 914 1480 979 redita;
1544 911 1634 965 καὶ
1690 914 1824 985 ἡμῖν
1877 911 1939 965 οὐ

286 992 530 1061 συνήθης
574 990 709 1062 αὕτη
769 996 803 1063 ἡ
865 993 1064 1068 δίαιτα,
1124 1003 1233 1055 etc.
1293 1004 1429 1065 Quae
1482 1002 1744 1058 indicant
1803 1019 1937 1058 eum

284 1080 403 1135 ista
435 1083 627 1153 specie
676 1085 845 1154 quasi
889 1086 1054 1141 nimii
1117 1089 1287 1144 luxus
1346 1093 1651 1147 offensum.
1714 1091 1936 1162 Aliquid

286 1172 465 1226 etiam
502 1170 694 1227 simile
725 1172 901 1229 fuerit
933 1177 1162 1244 σκηνικὴ
1195 1177 1329 1239 νεὼς
1361 1176 1419 1233 ἐκ
1476 1177 1698 1233 πέπλων
1762 1174 1939 1233 στιϐα-

290 1262 402 1331 ρῶν
441 1258 687 1330 μιτάξης,
734 1279 911 1333 quam
975 1268 1292 1323 monachus
1354 1270 1591 1324 nomine
1644 1271 1936 1341 princeps,

284 1349 584 1403 deducens
614 1353 682 1405 ad
721 1352 941 1407 Chalaﬁ
969 1355 1364 1411 Tocharorum
1390 1358 1711 1428 principem
1766 1376 1940 1429 span-

282 1452 415 1491 sam
477 1438 654 1493 ﬁliam
703 1445 1081 1511 Imperatoris
1134 1443 1235 1497 ὑπὸ
1300 1443 1563 1517 μεγάλαις
1623 1445 1937 1522 φαντασίαις

277 1524 373 1577 καὶ
408 1518 671 1597 ἀϐρότησι
706 1525 917 1600 σύναμα
982 1528 1071 1582 καὶ
1129 1532 1353 1603 πλούτῳ
1409 1530 1761 1605 παντοδαπῷ,
1820 1536 1934 1591 cir-

278 1614 558 1669 cumtulit
591 1616 660 1671 ad
694 1620 1147 1676 ostentationem
1178 1624 1645 1695 magnificentiae,
1673 1630 1738 1679 ut
1771 1624 1813 1680 Ι.
1847 1641 1932 1693 in,

277 1718 334 1757 c.
367 1703 403 1759 3
432 1710 722 1761 narratur.

368 1850 613 1927 Φρὲριοι,
679 1874 736 1927 p.
795 1857 917 1911 360.
980 1856 1087 1919 Οῧς
1146 1859 1396 1935 φρείορυς
1456 1862 1607 1918 αὐτοὶ
1654 1863 1932 1940 λέγουσιν,

296 1938 591 2018 ἀδελφούς.
635 1945 960 2017 Religiosos
989 1948 1254 2006 videlicet
1285 1969 1431 2023 quos
1460 1957 1670 2024 fratres
1728 1938 1932 2012 vocare

273 2031 410 2103 jam
440 2037 566 2087 tum
598 2035 750 2104 apud
790 2036 965 2093 Italos
992 2037 1335 2096 invaluerat.
1370 2042 1517 2098 Galli
1549 2044 1669 2100 sivo
1703 2044 1930 2116 Franci,

279 2136 355 2175 ex
382 2138 498 2192 qua
526 2126 697 2193 gente
746 2124 987 2196 plurimi
1045 2131 1545 2203 Constantinopoli
1595 2139 1651 2189 et
1710 2135 1928 2206 passim

274 2225 385 2279 per
414 2209 703 2267 Orientem
756 2214 1067 2288 degebant,
1121 2218 1331 2275 fratres
1377 2223 1570 2294 fréres,
1617 2228 1682 2278 ut
1736 2224 1927 2291 hodie,

274 2298 549 2354 dicebant
582 2318 596 2367 ;
630 2302 785 2358 unde
808 2305 986 2360 Graeci
1020 2322 1217 2363 vocem
1271 2308 1523 2384 φρερίους
1576 2313 1925 2370 formarunt.

275 2385 536 2458 Usurpat
566 2406 736 2460 porro
768 2398 970 2448 noster
1011 2394 1112 2451 hoc
1147 2399 1495 2455 vocabulum
1527 2406 1585 2456 et
1625 2396 1763 2457 alibi
1823 2420 1928 2459 sae-

275 2474 441 2547 pius.
477 2481 654 2534 Erant
683 2479 743 2535 hi
775 2481 1041 2554 plerique
1070 2500 1099 2540 e
1127 2487 1309 2541 sacris
1343 2488 1583 2546 familiis
1614 2492 1711 2546 SS.
1749 2492 1926 2547 Fran-

272 2564 417 2620 cisci
437 2571 495 2621 et
524 2568 810 2625 Dominici
846 2587 858 2624 :
885 2588 1223 2646 quanquam
1255 2582 1312 2632 et
1345 2578 1675 2635 Melitenses
1706 2582 1928 2651 equites

272 2656 435 2726 apud
466 2656 941 2715 Cantacuzenum
974 2662 1182 2721 frerios
1213 2665 1480 2723 videmus
1536 2668 1745 2725 dictos.

354 2823 583 2895 Φυλακὴ
617 2828 850 2903 ἡμέρας,
883 2847 940 2902 ρ.
972 2833 1097 2887 245.
1134 2833 1205 2888 Ut
1236 2852 1369 2907 nox,
1428 2837 1508 2893 ita
1566 2843 1621 2894 et
1679 2840 1804 2896 dies
1863 2840 1924 2895 in

269 2915 581 2973 custodias
612 2923 866 2989 quatuor
914 2921 1301 2991 dividebatur,
1360 2926 1538 2981 trium
1601 2929 1927 2998 quamlibet

268 3004 579 3061 horarum.
644 3008 758 3063 Hoc
826 3015 1061 3067 secutus
1120 3010 1367 3088 φυλακήν
1427 3016 1535 3071 hoc
1583 3016 1706 3072 loco
1780 3019 1922 3073 verti

263 3093 600 3163 tri/torium,
634 3112 810 3167 quam
843 3116 1038 3155 vocem
1075 3102 1316 3157 memini
1371 3120 1463 3158 me
1520 3104 1710 3176 legere
1766 3107 1921 3177 apud
1956 3142 1999 3208 Ο

268 3186 570 3208 --,-ι---..
609 3190 747 3208 --ι;-
786 3188 1020 3208 ---Αεκμη
1047 3207 1076 3208 η
1169 3207 1210 3208 ,,
1253 3190 1266 3201 ι
1331 3191 1417 3208 τοι·
1545 3198 1554 3208 .
1711 3195 1730 3208 ν
1792 3195 1824 3208 Δα
1879 3195 1890 3206 α

265 3186 571 3241 auctorem
607 3190 750 3241 satis
780 3188 1087 3259 antiquum
1113 3207 1217 3246 nec
1251 3190 1655 3264 indiligentem
1709 3195 1924 3250 Latini-

264 3272 415 3327 tatis
448 3274 768 3330 Ausonium
802 3276 860 3330 in
896 3277 1155 3333 Mosella.
1188 3280 1513 3337 Vaticanus
1565 3288 1695 3354 post
1750 3285 1927 3340 verba

264 3378 405 3431 quas
435 3362 717 3435 descripsi
768 3364 1061 3437 glossema
1119 3385 1295 3423 suum
1350 3372 1646 3441 quoddam
1696 3373 1926 3429 infercit

268 3466 393 3505 non
422 3450 587 3507 valde
619 3458 983 3523 accuratum,
1016 3456 1100 3511 sic
1131 3458 1466 3528 exprimens
1492 3459 1647 3515 hunc
1681 3460 1874 3517 locum
1907 3479 1920 3517 :

272 3532 773 3611 (ανεραὸεϐηκότος
794 3540 955 3618 ἐγγὺς
980 3544 1112 3598 εἶναι
1143 3544 1405 3620 τέσσαρας
1438 3547 1583 3623 ὠρας
1613 3555 1679 3617 τῆ
1714 3552 1921 3623 πδήμέ-

264 3628 507 3702 υρὺώτῃ
578 3629 758 3684 τοίνυν
830 3630 1047 3708 φυλακῇ
1118 3640 1218 3703 τῆς
1305 3637 1557 3711 ἡμέρας).
1621 3638 1767 3702 Quid
1842 3640 1922 3697 ita

270 3735 414 3775 vero
448 3720 475 3773 ?
505 3737 698 3777 nonne
725 3723 915 3793 potuit
947 3730 1152 3781 auctor
1188 3727 1448 3783 indicare
1495 3729 1752 3785 voluisse
1808 3731 1921 3786 ini-

264 3807 425 3863 tium
451 3811 730 3867 custodia:
755 3814 875 3868 sive
921 3815 1173 3880 trihorii,
1225 3834 1340 3870 non
1401 3822 1595 3873 autem
1650 3819 1920 3875 ultimam

261 3897 400 3968 ejus
424 3903 649 3968 partem
692 3902 1028 3973 contiguam
1086 3903 1241 3959 horae
1301 3904 1414 3960 diei
1468 3910 1686 3977 quartae
1718 3908 1745 3961 ?
1798 3911 1919 3963 Imo

257 4002 403 4042 vero
459 3985 612 4042 clare
673 3989 965 4061 signiﬁcat
1009 3992 1079 4046 de
1137 3993 1445 4065 principia,
1510 4012 1624 4051 non
1676 3997 1745 4051 de
1804 3997 1919 4052 fine

257 4075 443 4147 primi
477 4077 591 4132 diei
622 4078 869 4147 triborii,
905 4096 966 4135 se
996 4080 1180 4152 loqui,
1221 4082 1361 4137 dum
1396 4101 1529 4140 mox
1588 4089 1723 4156 post
1781 4086 1921 4142 reci-

255 4167 389 4219 tata
409 4165 584 4221 verba
616 4168 923 4240 subjungit
953 4165 1487 4245 ὕπεραναρεορκότος
1516 4173 1609 4227 τὸν
1666 4174 1919 4248 ὁρίζοντα

256 4254 322 4308 in
363 4252 408 4305 V
441 4271 553 4309 non
578 4261 973 4327 compareant,
1008 4275 1124 4314 non
1165 4261 1398 4317 videtur
1420 4267 1615 4319 tamen
1670 4264 1915 4320 dubium

260 4343 410 4414 quin
462 4344 581 4399 sint
626 4345 839 4417 γνήσια.
889 4347 1157 4403 Indicant
1206 4354 1425 4419 autem,
1484 4352 1539 4406 id
1595 4354 1749 4425 quod
1837 4353 1917 4408 ibi

260 4436 563 4501 narratur,
626 4435 941 4505 contigisse
999 4440 1174 4507 paulo
1224 4445 1358 4511 post
1409 4445 1675 4498 exortum
1754 4443 1915 4512 solis,

1756 258 2236 316 GLOSSARIUM.

287 370 435 425 solvi
466 372 820 444 sejungique
842 376 1251 432 commissuris
1284 382 1340 434 et
1369 379 1483 435 alio
1542 380 1743 435 delatae
1795 381 1932 437 alibi
1964 392 2019 460 Α

3556 269 3695 325 1082

2156 383 2463 461 Ἀφιλαστα
2486 387 2577 440 καὶ
2603 388 2899 463 φώσσωνας
2932 387 3377 463 ὠργυιωμένους.

2051 491 2306 547 Isaacius
2365 496 2620 564 Tzetzes,
2673 496 3019 553 scholiastes
3102 500 3232 567 ejus
3289 500 3697 561 obscurissimi

2053 584 2356 649 poematis,
2391 584 2574 638 sicibi
2622 592 2855 641 enarrat
2882 585 3034 641 hanc
3087 603 3279 643 vocem
3314 606 3326 643 :
3385 588 3694 654 Φώσσωνας

2052 670 2116 721 τὰ
2176 666 2369 743 λαίφη,
2430 672 2496 725 τὰ
2554 670 2780 747 ἄρμενα,
2843 674 2989 746 παρά
3044 673 3105 726 τὸ
3160 679 3243 751 φῶ
3274 675 3335 728 τὸ
3366 675 3691 750 λαμπρύνω-

2052 755 2216 811 λευκὰ
2285 760 2410 833 γάρ.
2489 762 2560 815 ’Ἡ
2631 763 2776 837 παρὰ
2830 763 2892 815 τὸ
2964 765 3258 836 φυσσᾶσθαι
3336 766 3423 819 ὑπ’
3493 766 3693 840 ἀνέμου

2048 851 2344 920 φυσσῶνες.
2385 850 2487 906 Ubi
2521 851 2677 907 vides
2736 856 3015 928 φυσσῶνας
3076 854 3199 909 vela
3248 856 3485 912 navium
3543 876 3694 925 esse,

2048 937 2132 991 sic
2165 938 2319 993 dicta
2350 940 2433 993 vel
2466 942 2618 1011 quod
2653 944 2941 997 candeant
2980 944 3230 999 naturali
3287 944 3478 1001 colore
3529 947 3691 1003 linem

2048 1026 2197 1093 telae,
2246 1044 2279 1081 a
2332 1029 2507 1084 verbo
2557 1032 2661 1104 φῶ,
2715 1032 2870 1101 quod
2931 1033 3178 1087 candere
3235 1033 3541 1104 signiﬁcet,
3603 1038 3691 1092 vrl

2048 1117 2203 1185 quod
2255 1116 2498 1173 inﬂante
2550 1124 2721 1174 vento
2770 1125 3057 1189 tumeant,
3115 1122 3195 1193 (P.
3256 1124 3360 1177 429
3409 1142 3443 1179 a
3510 1127 3685 1182 verbo

2049 1204 2287 1277 φυσσάω,
2314 1208 2468 1278 quod
2500 1208 2828 1263 estinﬂare.
2856 1210 3068 1264 Eodem
3121 1211 3388 1266 recidunt
3445 1229 3575 1283 qua;
3630 1216 3688 1268 in

2049 1309 2177 1347 eam
2212 1311 2409 1350 vocem
2438 1302 2725 1351 annoiant
2755 1296 3099 1352 Eustathius
3120 1303 3177 1353 et
3206 1299 3547 1372 Hesychius.
3574 1303 3691 1357 Nos

2046 1385 2239 1437 Graeco
2274 1385 2496 1454 poetico
2554 1385 2833 1441 vocabulo
2885 1386 3154 1441 Latinum
3208 1388 3345 1443 item
3401 1390 3689 1459 poeticum

2046 1473 2455 1543 opposuimus,
2491 1491 2623 1529 cum
2674 1474 2888 1529 alicubi
2938 1474 3237 1546 φώσσωνας
3286 1484 3511 1532 carbasa
3562 1494 3688 1533 ver-

2044 1560 2247 1616 timus.

2114 1648 2342 1723 Χρόνος,
2400 1669 2455 1722 ρ.
2507 1653 2597 1708 35.
2658 1653 2759 1708 Hic
2815 1655 3121 1709 manifeste
3160 1655 3418 1710 sumitur
3485 1655 3689 1729 χρόνος

1965 1775 2012 1839 Β
2045 1756 2147 1809 pro
2196 1734 2333 1801 ἔτος·
2380 1740 2521 1795 Item
2573 1742 2609 1796 l.
2667 1760 2740 1811 v1,
2793 1759 2842 1797 c.
2918 1744 2977 1797 21
3027 1759 3040 1797 :
3102 1741 3201 1795 Τὸν
3258 1742 3684 1818 εἰκοσιτὲταρτον

2041 1832 2140 1894 τῆς
2176 1824 2452 1901 βασιλείας
2498 1828 2694 1902 χρόνον
2749 1827 3022 1899 ἐδήλωσεν
3080 1827 3349 1904 ἄντικρυς.
3409 1832 3515 1887 Ubi
3566 1837 3689 1905 agit

2043 1917 2370 1973 denumero
2413 1920 2736 1974 litterarum
2771 1920 3025 1975 nominis
3044 1919 3684 1992 MichaelisPalaaologi,

2043 2006 2135 2062 cui
2177 2008 2580 2079 adjungantur
2636 2008 2839 2064 littera:
2888 2009 3253 2079 cognominis
3306 2011 3435 2079 ejus
3488 2013 3685 2066 minus

2042 2097 2162 2151 doti
2193 2097 2502 2162 Manuelis,
2526 2098 2667 2153 ﬁent
2696 2098 2983 2153 elementa
3013 2098 3217 2169 viginti
3241 2105 3495 2168 quatuor
3550 2103 3684 2156 totis

2042 2186 2174 2240 dem
2206 2185 2256 2239 ei
2289 2202 2473 2241 annos
2503 2186 2729 2258 imperii
2764 2187 3106 2253 ominantia,
3130 2194 3191 2241 ut
3213 2192 3453 2243 eventus
3485 2195 3684 2245 osten-

2043 2272 2146 2329 dit.
2177 2277 2319 2327 Nam
2351 2274 2443 2329 hic
2475 2275 2809 2345 imperator,
2842 2293 2891 2330 c.
2928 2275 3131 2330 ultimo
3180 2274 3220 2329 l.
3262 2293 3341 2341 vr,
3393 2278 3462 2331 24
3513 2280 3684 2333 annis

2039 2362 2343 2433 inperasse
2387 2364 2638 2417 traditur
2720 2365 2812 2419 bis
2891 2366 3128 2430 verbis;
3208 2363 3541 2426 Βασιλεύσας
3628 2365 3687 2420 δὲ

2036 2451 2260 2523 ἡμερῶν
2322 2447 2554 2505 δεουσῶν
2615 2448 2782 2505 εἷ’κοσι
2840 2452 2907 2506 τὰ
2960 2449 3129 2506 εἷὲιοσι
3186 2452 3439 2527 τέσσαρα,
3478 2472 3686 2526 nempe

2037 2533 2155 2607 ἔτη,
2220 2541 2373 2611 quod
2434 2557 2646 2595 nomen
2700 2542 2865 2612 prius
2922 2547 3218 2613 posuerat.
3281 2544 3469 2607 Quare
3518 2545 3691 2600 debet

2039 2628 2247 2684 resolvi
2300 2628 2705 2701 diphthongus
2763 2648 2829 2683 ου
2862 2632 2921 2685 in
2982 2632 3221 2686 nomine
3276 2628 3572 2699 Μανουήλ,
3634 2640 3691 2688 rt

2038 2734 2142 2788 pro
2200 2718 2430 2773 duobus
2486 2718 2782 2774 distinctis
2856 2720 3162 2775 elementis
3219 2722 3568 2791 computari,
3628 2727 3693 2776 ut

2040 2824 2324 2862 numerus
2355 2824 2423 2862 ex
2455 2812 2649 2863 mente
2680 2808 2930 2863 auctoris
2957 2813 3201 2864 constet.
3235 2814 3361 2865 Non
3417 2810 3681 2865 omittam

2036 2901 2231 2950 autem
2268 2913 2500 2950 monere
2544 2901 2731 2951 totum
2791 2896 2901 2952 hoc
2950 2914 3179 2952 comma
3226 2899 3297 2953 de
3338 2900 3687 2969 cognomine

2036 2986 2323 3041 Manuelis
2354 2992 2410 3041 et
2448 2986 2729 3058 praesagio
2788 3003 2855 3041 ex
2894 3002 2960 3041 eo
3006 2988 3179 3041 ducto
3237 3004 3524 3043 annorum
3571 2989 3684 3042 imo

2038 3075 2180 3143 perii
2208 3074 2513 3146 Palaeologi
2547 3076 2618 3129 ad
2651 3074 2944 3130 Allatiano
2975 3082 3031 3130 et
3060 3074 3339 3129 Vaticano
3384 3076 3683 3131 codicibus

2039 3163 2319 3231 abfuisse,
2377 3164 2435 3218 in
2492 3164 2617 3219 solo
2672 3170 3041 3230 gcomnarere
3117 3163 3453 3229 Barberino,
3528 3167 3687 3233 Saepe

2035 3250 2174 3305 alibi
2198 3251 2577 3324 Pachymeres
2622 3249 2821 3326 χρόνον
2884 3254 3048 3322 ponit
3101 3249 3217 3304 ἀντὶ
3278 3249 3522 3304 ἐνιαυτοῦ
3577 3258 3679 3305 aut

2033 3334 2204 3406 ἔτους,
2239 3341 2563 3412 praesertim
2597 3341 2705 3397 hoc
2728 3341 2874 3408 loco,
2908 3357 2958 3395 c.
3018 3339 3057 3393 1.
3109 3340 3200 3402 20,
3262 3340 3300 3393 l.
3363 3356 3393 3391 ν
3443 3356 3455 3395 :
3515 3336 3683 3393 Οὔπω

2032 3431 2231 3503 χρόνος
2262 3427 2586 3483 τετέλεσται.
2620 3435 2674 3485 et
2706 3429 2744 3484 l.
2776 3446 2855 3495 v.,
2887 3445 2937 3484 ο.
2974 3430 3040 3483 10
3073 3445 3086 3483 :
3144 3423 3288 3496 Ἤδη
3351 3422 3408 3480 δὲ
3463 3425 3678 3499 χρόνων

2029 3519 2444 3592 παρῳχηκότων
2468 3519 2761 3593 τεττάρων·

2103 3609 2489 3682 Χρυσόσυρμα,
2524 3626 2580 3679 ρ.
2612 3610 2738 3663 337.
2784 3609 2864 3663 De
2921 3609 3146 3664 Joanne
3201 3607 3445 3677 despota
3502 3605 3674 3677 depo-

2032 3704 2205 3751 nente
2264 3698 2500 3768 pileum,
2562 3697 2795 3766 insigno
2855 3697 3166 3767 despoticaa
3223 3694 3551 3766 potestatis,
3619 3698 3678 3748 et

2029 3785 2207 3840 alium
2241 3786 2369 3855 ejus
2402 3784 2526 3839 loco
2557 3784 2856 3854 vulgarem
2918 3784 3254 3854 imponente
3314 3781 3509 3852 capiti.
3563 3783 3667 3835 Co-

2028 3874 2201 3929 dinus
2233 3872 2602 3943 Curcpalata,
2630 3873 2702 3927 De
2723 3873 2945 3944 oﬂ‘iciis,
2979 3888 3027 3926 c.
3061 3871 3115 3935 3,
3156 3888 3209 3940 p.
3238 3871 3304 3923 12
3358 3870 3448 3923 ed.
3483 3871 3665 3922 Paris.

2029 3962 2165 4017 anni
2222 3963 2361 4017 4625
2395 3977 2406 4016 :
2438 3960 2521 4015 Τὰ
2577 3957 2792 4014 σκιάδια
2844 3963 2950 4012 τῶν
2997 3952 3258 4032 γαμϐρῶν
3334 3959 3430 4009 τοῦ
3514 3955 3669 4029 βασι-

2028 4049 2167 4111 λέως
2242 4048 2514 4103 δεσποτῶν
2590 4044 2759 4103 ὄντων
2837 4046 3239 4122 χρυσοκόκκινα
3270 4044 3666 4117 ουρματὲϊναυσ

2028 4138 2226 4214 ἔχοντα
2310 4137 2573 4212 σταυροὺς
2660 4132 3177 4212 μαργαριταρεΐνους
3260 4134 3349 4188 καὶ
3433 4131 3665 4207 γύρους.

2027 4232 2169 4287 Pilei
2198 4246 2521 4300 generorum
2544 4227 2913 4299 imperatoris,
2946 4228 2996 4281 si
3034 4225 3148 4280 sint
3205 4224 3455 4295 despotic,
3509 4224 3669 4278 aurei

2026 4331 2078 4377 et
2118 4319 2330 4376 coccini
2382 4317 2584 4374 coloris
2657 4324 2785 4372 sunt
2862 4321 2913 4371 et
2989 4314 3279 4383 ﬁmbriati,
3359 4312 3666 4379 habentque

2028 4427 2207 4466 cruces
2264 4426 2332 4464 ex
2372 4409 2693 4479 margaritis
2727 4409 2777 4460 et
2832 4420 2997 4476 gyro:
3070 4419 3168 4457 seu
3240 4402 3497 4457 circulos.
3589 4401 3665 4455 En

260 4520 382 4576 hoc
415 4525 502 4577 est
528 4490 670 4577 hora
702 4490 897 4594 parma
929 4490 1369 4596 diei—Vli'rvjncv.
1413 4490 1920 4599 ’ἶιῖεᾷἆθίῖιξᾷ
1952 4511 1995 4574 Ῑ)
2030 4500 2218 4599 pile,“
2252 4500 2505 4570 despom
2536 4512 2752 4599 “ire,”
2791 4499 2848 4549 et
2902 4490 3486 4599 fim°ria“’_s_i_l_if’_n_°.

259 4610 426 4665 idem
460 4606 676 4686 φυλακή
711 4616 995 4670 nocturno
1017 4617 1289 4688 tempori,
1320 4619 1411 4674 cui
1461 4622 1651 4694 magis
1706 4639 1918 4679 conve-

258 4697 660 4770 nit,:‘patatur
717 4700 776 4755 in
827 4701 919 4758 his
970 4703 1161 4760 verbis
1203 4721 1217 4760 :
1281 4706 1378 4760 Καὶ
1439 4704 1503 4776 δὴ
1559 4709 1658 4777 τὴν
1692 4714 1915 4783 πρώτην

260 4785 516 4864 φυλακὴν
546 4794 648 4857 τῆς
680 4790 870 4851 νυκτὸς
918 4788 1127 4862 ἐκείνης
1155 4836 1167 4849 .
1193 4794 1298 4850 Ubi
1343 4814 1510 4853 nemo
1568 4816 1681 4853 non
1741 4801 1915 4869 videt,

256 4878 363 4949 qui
396 4879 635 4951 quidem
660 4884 851 4935 totum
885 4880 1080 4938 locum
1112 4888 1334 4940 attente
1386 4886 1724 4957 inspexerit,
1782 4888 1918 4941 κατά

254 4969 415 5025 915
478 4985 580 5039 pro
619 4967 709 5022 καὶ
769 4970 954 5026 fuisse
1013 4974 1439 5044 reponendum,
1500 4981 1564 5031 ut
1622 4976 1913 5047 fecimus;

253 5063 318 5115 et
350 5058 398 5114 si
425 5057 485 5113 in
518 5074 584 5114 eo
617 5059 827 5115 mendo
858 5063 978 5116 tres
1009 5061 1177 5117 codd.
1204 5064 1600 5121 convenirent.

340 5223 757 5284 <bu'iccawsc.L.
800 5240 854 5290 v,
915 5241 965 5279 c.
1026 5224 1236 5281 ultimo
1294 5231 1383 5282 ter
1437 5235 1759 5302 usurpatur
1808 5233 1915 5291 hoc

258 5312 647 5381 voeabulum,
699 5316 757 5368 et
803 5316 974 5369 tertio
1024 5315 1149 5371 loco
1209 5317 1524 5388 apponitur
1571 5320 1914 5390 adjunctum

262 5401 673 5477 ὠργυιωμὲνοι,
709 5406 773 5457 ut
806 5420 920 5459 non
954 5404 1033 5460 sit
1063 5405 1309 5461 dubium
1358 5407 1497 5478 quia
1546 5408 1917 5484 Pachymeris

262 5494 392 5550 haec
418 5491 733 5549 scribentis
765 5492 1173 5550 obversaretur
1199 5494 1396 5551 animo
1424 5496 1585 5554 locus
1615 5498 1712 5556 ille
1744 5505 1917 5575 Lyco-

267 5581 519 5657 phronis
551 5580 609 5637 in
640 5580 985 5641 Alexandra.

2027 4593 2222 4660 poster
2279 4604 2394 4642 uno
2446 4584 2724 4641 vocabulo
2771 4580 3131 4655 χρυσόσορμα
3188 4582 3490 4649 nuncupat
3561 4577 3671 4632 hoc

2027 4678 2177 4744 loco,
2210 4678 2345 4731 dam
2378 4674 2549 4730 illum
2582 4672 2806 4743 vulgari
2837 4677 2892 4725 et
2916 4670 3139 4740 privato
3171 4670 3464 4723 mutatu.
3497 4665 3579 4719 ait
3638 4684 3670 4720 τι

2025 4768 2251 4822 Joanne
2281 4767 2542 4836 despota.
2568 4763 2722 4817 630
2755 4760 2939 4831 Igitur
2966 4757 3027 4811 τὸ
3078 4755 3138 4809 ἐκ
3193 4772 3307 4810 non
3368 4754 3668 4810 materiam

2028 4856 2123 4909 hic
2154 4855 2373 4909 indicat
2406 4852 2537 4924 pilei
2570 4848 2925 4917 communis,
2976 4848 3075 4902 sed
3134 4847 3453 4901 terminum
3516 4847 3670 4899 unde

2026 4942 2327 4998 transierit
2359 4943 2426 4995 ad
2459 4940 2756 5009 vulgarem
2781 4936 2995 5008 pileum
3028 4936 3077 4990 is
3109 4934 3206 5005 qui
3236 4939 3406 4988 antea
3431 4933 3513 4987 uti
3574 4949 3671 4987 sov

2026 5032 2168 5087 litus
2199 5035 2353 5087 esset
2383 5046 2558 5085 aureo
2593 5028 2905 5084 ﬁmbriato.
2930 5025 3023 5081 Sic
3056 5025 3216 5095 Virg.
3251 5039 3334 5092 IlI,
3365 5022 3491 5076 (En.

2029 5186 2169 5253 Quos
2200 5187 2483 5241 hominum
2505 5201 2574 5239 ex
2600 5184 2744 5253 facie
2790 5181 2890 5237 dea
2933 5197 3097 5253 saeva,
3132 5178 3442 5251 potentibus
3486 5173 3671 5230 herbis

2025 5252 2291 5314 Induerat
2320 5257 2470 5313 Circe
2502 5256 2560 5312 in
2595 5252 2774 5311 vultus
2802 5258 2855 5310 et
2883 5257 3034 5325 terga
3063 5252 3336 5325 ferarum.

2098 5407 2287 5466 Χωλαί
2321 5428 2375 5482 p.
2409 5409 2531 5463 404.
2580 5403 2780 5467 Χωλάς
2808 5426 2866 5460 τε
2923 5404 3115 5482 ῥυσσάς
3170 5422 3227 5456 τε
3295 5390 3671 5471 παραϐλῶπάς

2026 5500 2075 5555 τ’
2106 5497 2397 5576 ὀφθαλμώ.
2451 5497 2545 5554 Sic
2577 5497 2733 5552 enim
2761 5514 2829 5551 ex
2858 5496 3100 5551 Homero
3126 5488 3504 5576 correximus,
3535 5501 3670 5576 cum

2030 5593 2089 5646 in
2116 5573 2259 5647 mss.
2318 5583 2616 5664 ὀφθαλμῶν
2670 5583 2976 5655 legeretur.
3032 5581 3154 5637 Non
3204 5575 3491 5649 intelliget
3546 5573 3669 5632 haec
