3978 6182
248 306 394 362 1085

1844 318 2068 373 NOTAE.

3526 330 3667 383 1086

249 437 3014 467 Ἢ

1321 619 1825 743 PETRI
1936 626 2603 751 POSSINI

779 891 1824 994 OBSERVATIONUM
1889 902 3131 1006 PACHYMEBIANARUM

1686 1146 2046 1251 LIBER
2157 1153 2228 1251 ΙΙ

1499 1364 2070 1431 COMPLECTENS
2113 1372 2393 1434 NOTAS.

820 1721 879 1774 In
911 1719 1077 1775 titulo
1107 1722 1310 1792 operis.

309 1895 463 1951 (ἰἳῖ
519 1896 607 1966 [Ρ.
658 1895 804 1964 4331,
866 1895 1251 1951 ΡΑοΗγΜεΒιε.
1312 1900 1453 1952 Cum
1517 1899 1660 1954 varii
1730 1902 1889 1957 varie

234 1984 506 2040 Graecum
584 2001 794 2040 nomen
871 1985 1209 2058 Παχυμερής
1270 1987 1474 2042 Latine
1532 1990 1775 2045 efferant
1838 1996 1895 2047 et

232 2074 566 2144 inﬂectant,
624 2072 720 2128 alii
782 2073 1222 2145 Pachymeram,
1273 2076 1371 2130 alii
1425 2077 1890 2151 Pachymerium,

235 2162 339 2217 alii
373 2162 539 2218 aliter
569 2167 861 2231 vocantes,
896 2163 1041 2217 mihi
1076 2165 1444 2220 commodius
1477 2172 1534 2221 et
1562 2168 1892 2238 expeditius

234 2252 433 2307 visum
466 2256 552 2306 est
579 2252 891 2307 inﬂexione
924 2252 1007 2306 uti
1052 2253 1257 2308 Latina
1315 2255 1625 2310 nominum
1684 2257 1893 2313 classis

237 2340 452 2395 tertiis.
488 2341 635 2405 Quin
670 2342 727 2395 id
761 2343 840 2396 sit
869 2340 1196 2411 simplicius
1245 2347 1300 2397 et
1329 2344 1399 2397 ad
1435 2360 1610 2399 usum
1643 2345 1891 2415 facilius,

240 2446 417 2484 nemo
448 2430 761 2501 negaverit.
795 2430 934 2486 Jure
965 2434 1159 2485 autem
1193 2431 1340 2500 ﬁeri,
1364 2433 1644 2505 exemplis
1674 2437 1892 2489 astrui-

241 2523 368 2574 tur.
401 2520 544 2574 Nam
607 2520 860 2593 Ulysses,
890 2522 1168 2591 Socrates,
1208 2523 1625 2579 Demosthenes
1677 2525 1893 2581 similia

241 2608 506 2681 plurima
531 2625 688 2665 mere
720 2609 919 2665 Latine
949 2610 1019 2666 ab
1051 2611 1326 2667 omnibus
1369 2613 1697 2683 ﬂectantur,
1733 2614 1893 2671 nullo

236 2704 511 2771 respectu
542 2701 613 2754 ad
646 2698 990 2755 inflexiones
1009 2700 1239 2756 Graecas
1272 2702 1517 2757 istorum
1555 2705 1887 2759 nominum.

235 2788 385 2852 Quis
442 2789 599 2844 enim
660 2805 923 2860 unquam
983 2791 1334 2845 adumbrare
1405 2792 1631 2847 curavit
1686 2793 1892 2848 Latino

236 2894 389 2933 sono
460 2877 785 2950 genitivum
860 2876 1238 2949 Δημοσθένους
1311 2884 1413 2934 aut
1489 2883 1890 2936 accusativum

242 2964 595 3038 Δημοσθένη,
655 2967 1036 3022 balbutiendo
1093 2968 1483 3024 Demoslhmus
1543 2975 1646 3025 aut
1707 2972 1892 3025 Demo-

242 3057 465 3123 sthene,
533 3060 797 3111 Romana
854 3057 1113 3112 Minerva
1171 3057 1578 3114 invitissima?
1607 3064 1727 3115 Hoc
1781 3060 1889 3116 etsi

238 3162 489 3218 parvum
522 3145 705 3210 dictu,
740 3161 977 3201 necesse
1007 3147 1198 3202 visum
1232 3146 1326 3202 hic
1358 3149 1638 3219 proﬁteri.

317 3235 649 3290 Mrcmsus.
684 3237 903 3300 Quotus
962 3235 1058 3290 hic
1091 3236 1242 3291 inter
1296 3237 1682 3308 imperatores
1735 3238 1889 3294 Con-

234 3324 803 3395 stantinopolitanos
836 3324 1080 3379 Michael
1144 3326 1338 3394 fuerit,
1371 3343 1485 3381 non
1546 3328 1656 3382 erit
1686 3327 1894 3384 inutile

234 3412 427 3469 semel
460 3418 735 3468 statuere.
773 3414 1006 3469 Primus
1038 3413 1108 3468 ad
1157 3414 1469 3485 imperium
1521 3415 1631 3473 hoc
1681 3433 1892 3472 nomen

236 3502 485 3575 pertulit
513 3502 764 3558 Michael
789 3501 1161 3574 Curopalata,
1195 3510 1578 3574 cognomento
1620 3506 1893 3578 Rhanga-

239 3593 457 3659 benus,
491 3591 939 3647 laudatissimus
973 3592 1268 3663 princeps,
1301 3610 1453 3649 anno
1503 3594 1715 3649 Christi
1765 3596 1890 3650 811.

240 3683 551 3738 Secundus
586 3682 763 3738 homo
796 3681 1252 3737 scelestissimus
1302 3683 1548 3739 Michael
1598 3683 1831 3754 Balbus,
1864 3701 1894 3740 e

237 3787 473 3827 carcere
514 3771 614 3826 ubi
650 3771 720 3826 ad
764 3770 1252 3826 vivicomburium
1311 3771 1673 3836 servabatur,
1707 3772 1761 3825 vi
1820 3773 1890 3826 ad

234 3860 457 3916 solium
491 3861 685 3931 erupit
722 3876 875 3915 anno
933 3860 1147 3915 Christi
1199 3861 1324 3915 820.
1353 3860 1583 3915 Tertius
1643 3860 1892 3916 Michael

236 3949 774 4021 Porphyrogenitus
803 3949 1108 4020 Theophili
1142 3949 1515 4021 imperatoris
1572 3949 1729 4004 ﬁlius
1756 3967 1888 4004 cum

233 4052 426 4097 matre
456 4041 763 4096 Theodora
792 4039 1108 4111 imperium
1143 4040 1356 4106 tenuit,
1390 4056 1606 4111 magno
1663 4039 1889 4112 reigpu-

240 4131 408 4187 blicaa
440 4136 496 4185 et
540 4129 805 4185 Ecclesiae
864 4129 1060 4184 malo:
1098 4129 1207 4184 fuit
1257 4128 1437 4195 enim,
1473 4130 1571 4184 ubi
1617 4128 1889 4197 adolevit,

231 4219 628 4292 impissimus.
689 4218 873 4289 Crepit
929 4217 1221 4274 dominari
1280 4235 1431 4273 anno
1489 4218 1706 4274 Christi
1762 4219 1888 4273 842.

234 4308 398 4366 male
430 4307 603 4381 periit
655 4308 779 4362 867.
815 4312 981 4362 Anno
1038 4307 1175 4363 inde
1231 4308 1444 4363 Christi
1478 4308 1614 4362 1034
1646 4306 1891 4364 Michael

231 4398 579 4469 Phaphlago
610 4414 642 4451 a
676 4396 865 4467 patria
895 4396 1109 4467 dictus,
1160 4396 1390 4452 adulter
1417 4398 1558 4452 Zoes
1586 4400 1886 4469 Augusta,

1927 1731 1977 1795 Α
2011 1734 2280 1788 nostrum
2313 1750 2446 1789 cum
2507 1751 2679 1789 nemo
2737 1734 2820 1790 sic
2877 1734 3208 1806 appellatus
3265 1734 3654 1806 imperaverit,

2011 1820 2393 1893 Palaeologus,
2425 1825 2597 1893 cujus
2656 1823 2751 1878 hic
2814 1823 3120 1879 historiam
3180 1823 3415 1893 damus,
3448 1840 3656 1878 nume-

2004 1911 2229 1965 randus
2256 1911 2368 1966 erit
2397 1911 2643 1967 Michael
2675 1913 2824 1969 V111.

2075 1998 2236 2070 [Pag.
2271 2000 2420 2072 43.4.]
2452 2001 2803 2058 PALAZOLOGI.
2860 2006 3045 2058 Natus
3085 2001 3178 2056 hic
3228 2019 3382 2057 anno
3441 2000 3655 2057 Christi

2006 2086 2141 2140 1224
2174 2104 2241 2143 ex
2275 2090 2633 2146 Andronicos
2683 2091 2999 2163 Palaeologo
3049 2108 3258 2163 magno
3317 2091 3656 2158 domestico,

2005 2180 2189 2231 matre
2221 2177 2559 2252 Palesologa,
2589 2182 2784 2236 Irenes
2810 2186 2867 2235 et
2895 2181 3082 2237 Alexii
3114 2180 3420 2252 Palaeologi
3450 2182 3655 2250 despo-

2002 2269 2073 2319 ἰω
2124 2266 2261 2322 filia.
2292 2267 2422 2323 Hagc
2474 2270 2658 2336 Irene,
2694 2269 2993 2326 Michaelis
3046 2271 3172 2325 avia
3218 2276 3504 2337 materna,
3539 2267 3655 2323 {ilia

2004 2353 2115 2408 fuit
2135 2356 2337 2427 Angeli
2372 2357 2695 2424 Commeni,
2730 2375 2842 2429 quo
2875 2359 3202 2430 imperante
3250 2357 3655 2413 Constantino-

2005 2443 2155 2514 polis
2190 2450 2361 2515 capta
2390 2451 2479 2501 est
2508 2465 2540 2501 a
2575 2447 2818 2503 Latinis.
2850 2449 3023 2503 Dedit
3068 2448 3119 2503 is
3164 2465 3291 2503 eam
3343 2448 3649 2517 conjugem

2008 2530 2205 2588 Alexio
2237 2534 2555 2604 Palazologo
2588 2536 2673 2607 (ut
2705 2537 3021 2593 Pbrantzes
3071 2537 3248 2592 habet
3277 2554 3289 2592 :
3320 2535 3651 2607 Acropolita

2002 2623 2404 2679 Andronicum
2439 2625 2737 2697 appellat),
2772 2643 2941 2697 quem
2982 2631 3039 2681 et
3087 2627 3391 2697 despotam
3438 2622 3652 2679 creavit

2002 2716 2058 2766 et
2089 2711 2320 2783 imperii
2350 2729 2748 2770 successorem
2784 2714 3130 2781 designavit.
3174 2715 3284 2769 Sed
3312 2715 3360 2768 is
3383 2713 3537 2767 brevi
3565 2716 3653 2767 est

2003 2808 2293 2871 mortuus,
2328 2803 2502 2858 unica
2532 2820 2598 2858 ex
2631 2805 2879 2875 conjuge
2902 2804 3023 2859 lilia
3054 2808 3331 2874 suscepta
3385 2819 3512 2872 quae
3544 2803 3655 2854 An—

2004 2892 2226 2947 dronici
2260 2892 2563 2964 Palzeolugi
2591 2894 2787 2965 magni
2814 2894 3121 2949 domestici
3151 2910 3316 2957 uxor,
3349 2890 3651 2946 Michaelis

2002 2979 2302 3049 Palaeologi
2337 2987 2519 3036 mater
2550 2982 2679 3037 fuit.
2713 2983 2901 3045 Quare
2925 2983 2975 3036 is
3006 2991 3038 3037 a
3061 2986 3223 3053 patre
3246 2983 3414 3051 juxta
3446 2984 3653 3034 matre-

2002 3086 2114 3141 que
2139 3069 2475 3142 Palazologie
2492 3070 2945 3143 appellationem
2980 3070 3134 3135 tulit,
3164 3064 3651 3122 Διπλοπαλαιολό-

1998 3178 2094 3232 γος
2142 3165 2446 3231 propterea
2492 3166 2754 3230 vocatus,
2786 3165 2849 3215 ut
2900 3160 3214 3215 Pbrantzes
3264 3159 3461 3223 habet,
3496 3174 3543 3211 c.
3578 3158 3646 3223 1;

2002 3247 2154 3301 idem
2191 3249 2364 3303 tradit
2397 3248 2957 3321 Graegoras,l.m,p.
2988 3248 3081 3315 32,
3108 3248 3207 3302 sed
3242 3252 3297 3302 et
3317 3250 3649 3301 Comnenus

2004 3355 2037 3392 a
2054 3338 2259 3393 matris
2283 3356 2385 3393 avo
2405 3338 2610 3410 angelo
2634 3338 3319 3409 Comnemoimperatore
3352 3337 3567 3404 dictus,
3590 3340 3652 3389 ut

2004 3426 2321 3482 Pbrantzes
2374 3427 2588 3482 ibidem
2627 3428 2823 3494 docet;
2857 3443 2922 3481 ac
2951 3425 3169 3497 passim
3200 3426 3279 3479 ita
3309 3428 3547 3479 vocatur
3578 3422 3650 3477 ab

1999 3515 2331 3587 Acropolita
2376 3517 2660 3588 scriptore
2687 3515 2801 3588 ipsi
2833 3514 3260 3571 faventissimo.
3286 3513 3449 3569 Unde
3468 3512 3651 3567 credi-

2003 3603 2188 3659 derim
2229 3605 2533 3661 atlectasse
2587 3605 2928 3660 Michaelem
2985 3609 3116 3659 ante
3174 3602 3487 3674 imperium
3539 3600 3649 3654 diri

2002 3694 2382 3763 Comnenum,
2405 3694 2557 3765 quod
2576 3710 2702 3748 eam
2720 3710 2841 3748 rem
2864 3692 3141 3748 veliﬁcari
3198 3690 3507 3747 ambitioni
3532 3706 3649 3744 suae

2005 3782 2282 3836 crederet.
2315 3783 2420 3835 Sed
2456 3786 2513 3836 et
2542 3781 2725 3852 hujus
2757 3787 3022 3853 posteros
3054 3781 3125 3835 ob
3158 3780 3522 3834 nobilitatem
3555 3777 3612 3830 in
3635 3811 3651 3819 -

2002 3868 2163 3940 clytae
2198 3874 2283 3925 tot
2312 3870 2595 3940 Augustis
2629 3870 2861 3924 familiae
2902 3873 3354 3925 Comnemorum
3388 3865 3647 3937 appella-

2002 3957 2159 4020 tione
2187 3957 2464 4027 gloriatos
2514 3959 2836 4012 ostendunt
2884 3956 3301 4027 inscriptiones
3349 3953 3649 4009 Michaelis

2001 4050 2057 4100 et
2077 4044 2398 4100 Andronici
2427 4046 2740 4101 Juniorum
2774 4064 2807 4101 a
2838 4047 3100 4101 Pontano
3145 4043 3450 4113 descriptas
3484 4040 3647 4097 Notis

1999 4134 2069 4190 ad
2089 4134 2437 4190 Pbrantzen.
2455 4135 2619 4190 Hunc
2638 4152 2808 4207 porro
2831 4140 3097 4190 nostrum
3113 4130 3479 4200 Michaelem,
3499 4132 3651 4202 post-

2002 4240 2176 4295 quam
2204 4224 2272 4279 ad
2309 4224 2622 4297 imperium
2658 4224 2938 4297 pervenit,
2970 4223 3123 4279 haud
3168 4236 3519 4293 magnopere
3551 4235 3651 4274 cu-

2001 4330 2161 4369 rasse
2187 4314 2551 4370 Comnenum
2615 4315 2727 4369 dici
2786 4314 2922 4369 licet
2964 4312 3290 4384 intelligere
3321 4326 3389 4365 ex
3421 4308 3649 4378 Pachy-

2002 4419 2178 4467 mere,
2200 4420 2299 4475 qui
2333 4403 2385 4459 ei
2418 4404 2751 4469 familiaris,
2784 4408 2841 4458 et
2872 4404 2983 4458 sub
3013 4402 3141 4473 ejus
3168 4401 3289 4456 filio
3319 4398 3651 4454 Andronico

233 4487 505 4542 Romano
535 4484 664 4555 ejus
693 4482 816 4539 viro
848 4483 1214 4556 strangulata
1271 4486 1582 4557 imperium
1618 4485 1886 4557 arripuit,
1921 4488 1963 4556 C
2003 4491 2260 4563 Seniore,
2294 4510 2407 4548 non
2443 4492 2571 4547 sine
2602 4509 2741 4547 cura
2774 4490 3139 4547 demerendee
3174 4487 3519 4561 regnatricis
3547 4487 3647 4540 do-

230 4580 299 4632 et
355 4573 519 4630 tenui
573 4573 755 4629 annis
815 4574 934 4629 fere
994 4578 1142 4629 octo.
1176 4574 1431 4631 Moriens
1487 4591 1887 4632 successorem

234 4663 448 4721 habuit
494 4662 840 4719 Michaelem
892 4667 1277 4735 cognomento
1334 4663 1732 4736 Calephatem,
1761 4665 1889 4736 ejus

234 4752 499 4809 nominis
559 4752 852 4823 quintum,
886 4752 988 4823 qui
1042 4756 1177 4823 post
1232 4768 1452 4808 annum
1513 4770 1545 4808 a
1600 4754 1727 4822 Zoe,
1760 4771 1887 4825 quae

229 4841 410 4898 illum
444 4844 837 4913 promoverat,
871 4840 1117 4913 imperio
1171 4846 1228 4897 et
1266 4841 1454 4897 oculis
1485 4842 1745 4913 privatus
1799 4844 1887 4898 lo-

228 4947 374 4988 cum
433 4930 612 4986 cessit
680 4929 1064 4985 Constantino
1131 4930 1413 4986 Monacho
1462 4948 1615 4986 anno
1670 4931 1887 4987 Christi

231 5022 398 5076 1032.
439 5017 890 5083 Quatuordecim
949 5023 1081 5090 post
1136 5020 1307 5075 annis
1365 5018 1611 5075 Michael
1671 5035 1885 5092 cogno-

231 5115 437 5167 mento
465 5108 848 5180 Stratonicus,
880 5113 1080 5166 sextus
1103 5110 1233 5181 ejus
1264 5110 1544 5178 nominis,
1574 5115 1887 5167 coronatur

227 5203 577 5273 Augustus:
612 5199 765 5255 623
796 5200 897 5255 sed
931 5217 1065 5256 mox
1096 5217 1247 5256 anno
1278 5201 1414 5255 1057
1455 5200 1678 5256 Isaacio
1710 5203 1883 5257 Com-

234 5307 395 5347 neno
473 5288 628 5346 ultro
705 5290 1030 5345 concedens
1107 5290 1399 5345 abdicavit
1466 5290 1883 5362 principatum.

227 5385 405 5435 Anno
454 5378 649 5434 Christ
707 5378 843 5433 1071
904 5377 1149 5433 Michael
1209 5382 1596 5450 cognomento
1650 5379 1884 5450 Parapi-

227 5483 475 5536 nacens,
501 5467 655 5522 filius
684 5468 1047 5523 Constantini
1074 5468 1244 5524 Daca
1263 5467 1718 5540 impereratoris,
1735 5484 1886 5524 mor-

227 5564 343 5615 tuo
397 5559 662 5614 Romano
718 5556 961 5629 Diogeni
1020 5557 1326 5624 successit,
1382 5557 1675 5630 septimus
1732 5558 1886 5614 inter

223 5650 529 5721 Augustos
559 5647 909 5719 ByZuntinos
956 5645 1241 5719 Michael;
1268 5663 1441 5721 quem
1471 5647 1625 5704 inter
1646 5652 1703 5704 et
1725 5646 1883 5706 hunc

2000 4597 2135 4637 mus
2166 4581 2386 4653 gratiae,
2419 4581 2704 4651 scribens,
2737 4595 3043 4651 nunquam
3104 4594 3236 4635 eum
3295 4576 3409 4634 alio
3447 4574 3649 4648 gentili

2000 4687 2175 4742 quam
2210 4669 2515 4741 Palzsologi
2544 4670 2781 4725 nomine
2812 4669 3098 4741 designat.

2071 4762 2343 4815 HISTORIA
2373 4761 2605 4815 RsaUM.
2638 4760 2795 4815 Duas
2828 4758 3107 4815 historias
3164 4755 3453 4830 separatis
3482 4754 3647 4811 volu-

1998 4848 2260 4904 minibus
2293 4852 2349 4904 et
2379 4849 2566 4904 titulis
2598 4848 2981 4921 Pachymeres
3013 4848 3276 4919 reliquit,
3299 4850 3366 4901 ut
3394 4845 3455 4900 in
3487 4844 3645 4900 codi-

1994 4938 2163 4994 cibus
2191 4938 2432 5008 optimis
2446 4938 2761 4993 Barberino
2782 4942 2839 4993 et
2859 4937 3152 4994 Allatiano
3182 4934 3645 4992 distinctissimaa

1993 5029 2294 5101 leguntur.
2329 5030 2488 5085 Licet
2521 5029 2831 5087 Vaticanus
2858 5028 3299 5102 paraphrastes,
3332 5027 3432 5099 qui
3463 5024 3648 5082 multa

1994 5119 2301 5191 contraxit,
2385 5119 2649 5191 quaedam
2720 5118 2964 5187 abdidit,
3035 5120 3309 5192 pleraque
3377 5113 3647 5179 mutavit,

1995 5211 2199 5266 ambas
2220 5211 2280 5265 in
2326 5227 2474 5282 opus
2507 5226 2692 5265 unum
2744 5209 3117 5279 conﬂaverit;
3148 5210 3240 5265 cui
3295 5208 3441 5264 forte
3473 5202 3645 5260 simi-

1993 5298 2068 5355 lis
2100 5299 2276 5355 fuerit
2305 5302 2684 5372 Augustanns
2714 5298 2811 5354 ille
2842 5300 3042 5369 codex,
3076 5300 3226 5355 unde
3285 5313 3392 5352 sua
3448 5306 3644 5348 excer-

1994 5393 2093 5459 pta
2122 5388 2376 5445 Wolfius
2407 5388 2666 5460 sumpsit
2714 5405 2847 5443 nam
2873 5393 2930 5443 et
2969 5389 3019 5445 is
3052 5403 3229 5442 unam
3289 5401 3357 5439 ex
3412 5380 3642 5435 duabus

1992 5478 2367 5550 Pachymeris
2390 5478 2694 5533 historiam
2729 5477 2963 5532 videtur
3000 5472 3467 5548 agnoscere.Nos
3484 5467 3642 5541 prio-

1992 5584 2115 5622 rem
2150 5567 2453 5624 Micbealis
2484 5567 2611 5622 VIII
2670 5565 2980 5638 Palaeplogi
3043 5568 3170 5621 acta
3226 5562 3636 5630 exsequentem

1993 5656 2164 5712 modo
2189 5656 2420 5726 damus,
2446 5653 2610 5722 alias,
2631 5653 2747 5709 Deo
2779 5652 3027 5719 volente,
3051 5648 3452 5708 Andronicum
3485 5646 3614 5719 ejus
