3978 6182
275 261 411 318 1087

1227 319 1229 322 ρ
1319 213 1381 306 Ρ.
1421 251 1700 305 possm
1737 245 2352 301 ossaavxrxouuu
2391 247 2523 300 LIB.
2566 250 2638 300 ιι.

3546 239 3689 294 1088

271 391 404 445 dem
437 381 763 454 scriptoris,
796 379 916 434 sive
939 379 1011 444 d6
1047 377 1231 448 Gentis
1290 348 1606 431 Andronici
1663 369 1999 436 SeniorisA
2041 367 2197 439 μένον
2259 365 2615 435 παιδεύσεως,
2672 369 3048 440 perfunctum
3101 369 3225 439 jam
3281 371 3413 422 tum
3477 365 3698 421 studiis

273 477 454 532 libros
476 472 596 535 VII,
633 470 690 524 in
723 469 915 524 lucem
948 465 1248 522 omissuri.

358 569 493 632 Pag.
545 561 629 613 ll.
693 556 1343 627 Constantinopolitanus
1371 569 1565 625 genere
1597 592 1609 616 ,
1661 555 1822 605 crtus
1877 557 1927 604 et

271 651 530 706 educatus
561 647 779 706 Nicézae.
818 645 1198 720 Pachymeres
1232 645 1414 714 hujus
1442 645 1642 698 Hister.
1706 657 1761 710 p.
1826 638 1926 692 148

276 743 526 795 testatur
555 743 779 810 patrem
840 753 1014 792 suum
1075 731 1790 803 Constantinopolitanum
1845 727 1928 781 ci-

273 845 404 883 vem
443 827 642 895 fuisse,
701 826 935 882 exulare
989 841 1022 880 a
1072 823 1261 894 patria
1313 825 1578 876 coactum
1640 820 1712 874 ob
1773 815 1927 871 Lati-

283 935 392 972 nos
426 916 507 971 ibi
561 915 898 972 dominante
947 915 1097 969 Sane
1149 929 1282 966 cum
1340 911 1496 965 idem
1548 907 1931 978 Pachymares

277 1005 374 1062 hic
407 1005 608 1060 doceat
624 1021 686 1060 se
711 1020 930 1059 annum
964 1001 1154 1057 aetatis
1189 997 1690 1054 undevicesimum
1725 997 1933 1065 agente

280 1095 486 1168 pulsos
528 1091 1030 1163 Constantinopoli
1061 1091 1215 1146 924
1249 1088 1506 1150 Latinos,
1532 1091 1587 1140 et
1615 1085 1798 1139 libros
1830 1083 1933 1168 ha:

275 1159 406 1242 rum
440 1183 656 1239 Observ.
694 1200 754 1237 ιιι
797 1177 1260 1236 demonstraturi
1307 1177 1496 1232 simus
1554 1180 1844 1245 receptam
1878 1159 1936 1227 et

276 1273 496 1328 Latinis
547 1273 753 1327 urbem
813 1285 1192 1341 recuperasse
1250 1268 1475 1321 Graecos
1534 1268 1590 1319 et
1643 1263 1938 1350 quinque:

279 1361 442 1433 ginta
472 1360 645 1416 annis
671 1366 982 1430 postquam
1011 1358 1351 1422 amiserant,
1385 1353 1547 1409 facile
1572 1351 1936 1424 potuitnascl

281 1449 476 1504 Nicaeae
504 1449 886 1519 Pachymeres
907 1448 1059 1518 patri
1084 1443 1607 1516 quinquagenario,
1627 1441 1727 1511 qui
1747 1456 1937 1510 usque

277 1539 346 1600 ad
390 1555 608 1593 annum
635 1537 821 1592 (etatis
846 1535 1219 1591 undecimum
1246 1535 1302 1588 in
1334 1538 1574 1604 paterna
1591 1531 1763 1584 domo
1785 1532 1934 1581 Con-

280 1625 662 1697 stantinopoli
698 1626 984 1680 educatus
1009 1624 1080 1678 ob
1105 1639 1336 1678 exesam
1357 1621 1701 1676 Latinorum
1729 1616 1806 1670 ibi
1832 1616 1933 1669 do-

276 1714 659 1770 minationem
696 1714 946 1771 Niceam
979 1712 1332 1785 migraverit.
1355 1710 1560 1764 Tradit
1576 1707 1730 1764 enim
1754 1707 1935 1760 Acro—

355 1803 411 1819 ιι.
493 1804 554 1819 π·
592 1808 603 1819 ι
687 1807 696 1815 ι
1004 1804 1032 1819 η
1092 1803 1114 1819 τ
1178 1803 1214 1819 ι·
1359 1818 1381 1819 η
1417 1800 1493 1819 ,L-
1563 1801 1726 1819 _-_1-
1792 1793 1908 1819 1:1..-

2048 1738 2159 1819 Τῆς
2189 1731 2551 1819 ἀριθμρύσηςρ
2572 1736 2847 1819 μουσικῆς,
2862 1730 2949 1783 καὶ
2982 1735 3081 1819 τῆς
3111 1707 3446 1819 γεωμετρίας

277 1803 456 1876 polita
487 1804 742 1859 Historia
775 1821 893 1858 suae
926 1819 974 1858 c.
1002 1804 1056 1857 6.
1092 1803 1330 1857 Latinos
1356 1800 1498 1856 urbe
1557 1801 1734 1869 capta
1792 1793 1938 1876 libe:

277 1864 402 1948 ram
435 1892 652 1948 Grecis
689 1893 924 1947 dedisse
957 1891 1291 1947 facultatem
1324 1888 1409 1945 vel
1443 1889 1520 1943 ibi
1556 1864 1830 1942 manendi
1852 1864 1942 1936 vel

275 1982 389 2037 alio
423 1981 715 2053 migrandi
750 1999 762 2037 :
804 1983 921 2049 Τῆς
954 1978 1171 2040 πόλεως
1205 1976 1580 2052 κυριεύσαντες
1633 1975 1683 2028 οἱ
1738 1970 1942 2029 Ἰταλοὶ

276 2067 455 2124 ἄδειαν
504 2067 772 2124 δεδώκασι
803 2075 924 2132 τοῖς
953 2069 1154 2138 ταύτης
1207 2067 1519 2140 οἰκήτορσι,
1572 2063 1701 2126 τοὺς
1748 2060 1940 2125 θέλον-

278 2179 374 2220 τας
434 2160 609 2232 μένειν
663 2181 722 2214 τε
770 2159 859 2213 καί
907 2160 1010 2213 ὑπὸ
1064 2163 1254 2233 χεῖρας
1303 2157 1434 2210 εἶναι
1479 2154 1651 2209 αὐτῶν
1706 2151 1835 2213 τοὺς
1893 2149 1942 2205 δι

283 2247 584 2310 ἀκωλύτως
615 2248 946 2325 ἀπέρχεσθαι
979 2244 1084 2317 ὅπη
1144 2246 1202 2300 ἂν
1271 2244 1583 2321 βούλοιντο.
1647 2245 1776 2299 Mox
1837 2243 1936 2298 ad-

285 2341 370 2395 dit
401 2340 713 2413 plerosque
743 2341 1132 2396 illustriorum
1167 2339 1317 2394 clam
1339 2342 1440 2394 aut
1471 2337 1662 2409 palam
1697 2334 1933 2402 abiisse,

296 2446 547 2501 quorum
581 2445 611 2486 e
642 2447 884 2486 numero
917 2429 1098 2486 fuisse
1122 2428 1494 2501 Pachymeris
1528 2430 1753 2498 patrem
1779 2423 1933 2478 veri-

301 2517 494 2574 simile
523 2522 631 2574 est.

364 2606 508 2662 Ibid.
547 2607 699 2662 Ctero
729 2609 1030 2677 ascriptus.
1067 2607 1130 2662 lu
1160 2606 1355 2661 Greco
1387 2604 1603 2676 legitur
1633 2602 1786 2674 apud
1834 2617 1934 2672 op-

290 2696 465 2751 timos
496 2696 664 2751 codd.
696 2696 738 2750 B
768 2701 824 2751 et
853 2697 897 2750 A
928 2693 1055 2767 θείῳ
1094 2693 1285 2754 σωθεὶς
1331 2692 1550 2767 κλήρῳ,
1609 2695 1781 2763 prout
1837 2707 1934 2745 ex-

293 2785 576 2857 pressius.
606 2785 874 2857 Nemque
907 2783 1168 2851 σώζεσθαι
1189 2782 1504 2854 aliquando
1527 2778 1927 2852 estpappellere

292 2878 395 2928 aut
427 2874 747 2944 perdenire.
783 2873 1060 2942 Codinus,
1093 2889 1141 2927 ο.
1175 2873 1265 2936 22,
1287 2873 1357 2927 de
1383 2887 1598 2941 sponsa
1619 2870 1935 2941 imperato-

294 2964 414 3018 ris:
477 2962 620 3016 Κατᾶ
674 2962 773 3030 τὴν
830 2961 1038 3034 ἠμὲραν
1071 2961 1190 3015 καθ’
1220 2961 1283 3028 ἢν
1340 2958 1532 3032 μέλλει
1589 2958 1935 3026 ἀποσωθῆναι

293 3049 371 3113 εἴς
398 3051 496 3118 τὴν
555 3051 741 3106 πόλιν.
799 3054 912 3121 Quo
969 3053 1059 3107 die
1111 3059 1447 3124 perventura
1499 3053 1559 3105 in
1600 3049 1788 3104 urbem
1837 3057 1933 3104 est.

293 3140 748 3212 Vaticanusjam
782 3142 919 3196 hinc
950 3140 1238 3212 incipiens
1295 3139 1635 3195 obscuriora
1673 3137 1927 3193 clariori~

295 3231 408 3284 bus
441 3234 668 3284 mutare
700 3227 828 3300 θείῳ
859 3226 1054 3300 κλήρῳ
1087 3225 1264 3290 δοθεὶς
1282 3228 1498 3300 posuit.

366 3322 504 3389 Pag.
542 3318 626 3371 12.
666 3317 727 3372 Ut
751 3317 941 3372 doctus
971 3317 1194 3387 quidam
1255 3315 1506 3372 asseruit.
1570 3318 1827 3386 Apparet
1872 3329 1941 3368 ex

296 3405 414 3460 illis
443 3423 612 3477 verya
643 3401 821 3458 διὰτὸ
861 3405 1090 3481 φανέντα
1143 3405 1470 3477 κρύπτεσθαι
1520 3409 1631 3459 etc.
1698 3403 1755 3471 (P
1815 3403 1939 3475 435)

297 3495 533 3549 doctum
568 3495 725 3549 hunc
747 3494 1091 3566 Sophoclem
1115 3511 1263 3558 esse,
1285 3495 1454 3564 cujus
1474 3493 1534 3548 in
1558 3495 1728 3564 Ajace
1755 3511 1940 3563 μαστι-

295 3581 517 3660 γοφόρῳ
549 3582 649 3639 illa
677 3588 861 3639 exstat
893 3584 1140 3639 celebris
1167 3585 1237 3638 de
1291 3588 1550 3654 tempore
1601 3582 1891 3638 sententia
1925 3599 1938 3638 :

401 3701 630 3775 "AthQ’
654 3700 705 3775 _6_
725 3700 939 3775 μακρὸςΔ
959 3698 1364 3775 κάναρίθμητος
1396 3701 1595 3774 ’χρόνος

407 3771 539 3827 Φύει
568 3773 614 3826 τ’
647 3769 944 3842 ἄδηλοικαὶ
973 3769 1203 3850 φανέντα
1223 3769 1536 3846 κρύπτεται.

371 3889 507 3959 Pag.
531 3889 616 3944 14.
651 3890 800 3945 Istud
829 3898 1232 3962 argumentum
1257 3889 1780 3960 praeoccupatumab
1811 3891 1942 3946 aliis

297 3978 494 4033 Videri
519 3982 711 4050 potest
739 3978 982 4034 innuero
1013 3978 1274 4034 Nicetam
1325 3978 1685 4045 Choniatem,
1728 3980 1827 4049 qui
1887 3982 1945 4034 et

303 4066 466 4121 urbis
496 4068 986 4138 expugnationem
1020 4085 1052 4121 a
1079 4067 1298 4123 Latinis
1329 4073 1385 4122 et
1416 4083 1507 4122 res
1539 4067 1765 4138 aliquot
1812 4071 1946 4139 post

300 4172 450 4222 eam,
475 4171 785 4222 annorum,
820 4160 992 4224 prout
1023 4155 1144 4227 geri
1177 4155 1427 4224 videbat,
1487 4156 1723 4226 scripsit
1767 4157 1943 4212 Geor-

299 4243 459 4315 gium
493 4243 729 4313 quidem
753 4244 1147 4314 Acropolitam
1181 4245 1537 4315 logothetam
1568 4249 1625 4299 et
1662 4245 1943 4316 Nicepho-

298 4347 428 4386 rum
463 4331 776 4403 Gregoram
810 4349 880 4387 ne
909 4333 1074 4387 innui
1106 4331 1212 4388 hoc
1237 4333 1361 4388 loco
1393 4350 1427 4388 a
1454 4332 1804 4404 Pachymere
1833 4349 1940 4404 pu-

296 4425 414 4474 tem
449 4420 605 4482 facit,
621 4420 772 4491 quod
789 4420 1072 4492 Gregoras
1087 4425 1218 4492 post
1238 4421 1647 4490 Pacbymerem
1682 4421 1937 4492 scripsit:

293 4507 627 4580 Acropolita
656 4525 810 4577 vero,
832 4508 964 4565 licet
993 4509 1311 4581 aliquando
1345 4509 1541 4564 senior
1568 4509 1932 4582 Pacbymere,

289 4598 495 4669 junior
522 4602 716 4653 tamen
751 4597 859 4653 fuit
891 4615 1066 4670 quam
1095 4603 1158 4654 ut
1189 4615 1280 4654 res
1324 4598 1614 4654 Theodori
1673 4599 1937 4655 Lascaris

299 4688 512 4758 prioris
541 4693 804 4759 spectare
838 4705 1092 4759 praesens
1127 4690 1396 4760 potuerit,
1458 4707 1603 4760 quas
1660 4707 1728 4745 ex
1786 4693 1938 4745 fama

297 4781 354 4832 et
381 4779 779 4834 monumentis
809 4779 867 4832 in
903 4779 1210 4834 historiam
1251 4779 1516 4850 digessit.
1549 4779 1666 4835 Hoc
1711 4798 1780 4834 ex
1810 4779 1938 4850 ejus

298 4865 545 4923 historia
575 4867 728 4923 clare
758 4868 1058 4924 discimus.
1099 4867 1311 4924 Scribit
1341 4867 1499 4923 enim
1529 4869 1625 4924 ille
1654 4869 1734 4925 ibi
1766 4887 1813 4924 c.
1845 4872 1937 4936 29,

299 4974 355 5028 q.
385 4957 475 5019 25,
510 4957 598 5012 ed.
636 4957 774 5030 Reg.
813 4955 981 5014 ζΤὸτε
1037 4956 1125 5010 καὶ
1187 4955 1349 5018 αὐτὸς
1403 4957 1539 5032 πρὸς
1591 4961 1697 5012 τῶν
1732 4959 1936 5033 γονέων

295 5043 354 5098 ἐκ
408 5046 506 5112 τῆς
559 5045 966 5100 Κωνσταντίνου
1023 5043 1330 5113 ἀπεστάλην
1378 5049 1454 5117 τῷ
1502 5047 1717 5119 βασιλεῖ
1760 5047 1936 5102 ἐκκαι-

298 5130 524 5204 δεκάτης
557 5136 813 5210 (videtur
841 5136 1154 5209 legendum
1196 5130 1606 5204 ἑκκαιδεκαέτης
1663 5131 1756 5206 ὢν)
1798 5138 1939 5194 Tunc

299 5233 348 5280 et
368 5223 487 5296 ipse
515 5243 548 5281 a
589 5226 913 5297 parent-ibus
963 5241 1032 5281 ex
1090 5224 1224 5280 urbe
1280 5224 1757 5296 Constantinopoli
1801 5226 1936 5281 mi:-

290 5330 381 5371 sus
405 5331 528 5370 sum
555 5315 625 5371 ad
654 5315 1047 5387 imperatorem
1074 5313 1352 5369 sexdecim
1378 5327 1556 5368 auno:
1584 5322 1770 5366 natus.
1821 5315 1939 5383 Ap-

294 5408 459 5474 paret
488 5405 898 5460 doctissimum
959 5403 1338 5474 interpretcm
1398 5400 1608 5472 legisse
1657 5395 1936 5472 ἐνδεκαέτη

297 5507 400 5562 pro
428 5488 842 5562 ἑκκα;δεκαέτης
875 5492 1046 5548 vertit
1077 5490 1232 5548 enim
1265 5489 1516 5545 undecim
1547 5506 1720 5546 annos
1749 5496 1938 5548 natus.

297 5577 406 5636 Sed
437 5581 590 5651 quod
622 5581 786 5637 addit
815 5581 1012 5638 statim
1053 5582 1253 5636 auctor
1303 5572 1590 5651 ἐγκυκλίου
1647 5573 1939 5655 ἀπηλλαγ-

2036 459 2214 513 fuisse
2230 459 2303 513 bu
2316 459 2647 513 maniorum
2669 458 2930 513 litteraru
2943 475 3022 522 m,
3038 456 3246 528 magis,
3267 458 3327 511 ni
3346 455 3538 524 fallor,
3555 471 3701 510 con-

2035 548 2194 617 gruit
2223 564 2354 602 cum
2388 553 2553 603 rotate
2584 564 2873 602 annorum
2905 545 3219 602 sexdecim.
3256 550 3474 600 Parum
3531 543 3698 598 enim

2036 641 2125 692 est
2156 637 2469 692 verisimile
2503 637 2901 692 undecennem
2933 652 3177 708 puerum
3212 633 3700 707 grammaticam,

2038 728 2410 794 rhetoricam,
2445 728 2631 799 ipsam
2661 727 3115 799 philosophiam,
3141 743 3272 780 cum
3300 724 3534 780 artibus
3559 738 3708 794 qua‘

2037 823 2172 873 tuor
2202 817 2340 872 huic
2358 817 2663 888 subjectis,
2695 816 2846 873 625
2873 816 3263 881 arithmetica,
3289 815 3536 878 musica,
3564 829 3713 884 geo-

2044 907 2250 962 metria
2281 911 2337 962 et
2367 907 2745 972 astromania,
2782 907 2929 960 satis
2981 909 3281 976 perceptas
3323 903 3541 958 habere
3601 918 3716 974 po-

2042 996 2244 1051 tuisse.
2278 991 2560 1055 ῐῐαίδευσις
2589 995 2878 1067 siquidem
2921 991 3212 1067 ἐγκύκλιος
3255 998 3341 1048 tot
3379 991 3486 1047 illa
3532 1007 3717 1045 com-

2045 1085 2428 1158 plectebatur,
2452 1090 2512 1140 ut
2543 1101 2609 1140 ex
2639 1085 2864 1140 Joanne
2885 1080 3478 1154 Tzetzeintelligitur,
3508 1080 3604 1135 sic
3640 1079 3718 1134 de

2043 1176 2137 1233 bis
2169 1176 2460 1232 scribente
2494 1174 2758 1232 Chilliad.
2788 1192 2867 1245 ιιι,
2903 1179 3043 1230 sect.
3073 1175 3177 1229 367
3210 1191 3223 1229 :

2258 1300 2497 1378 ξΕγκύκλ
2510 1323 2560 1356 ια
2593 1303 2736 1374 μαογς
2749 1322 2890 1371 ματα
2915 1299 3205 1378 καλοῦνται

2045 1375 2101 1429 Ὀ
2156 1369 2358 1437 κύκλος
2413 1378 2475 1429 τὸ
2538 1369 2904 1448 συμπέρασμα
2977 1372 3190 1426 πάντων
3255 1373 3360 1425 τῶν
3433 1369 3727 1448 μαθημά-

3466 1443 3611 1513 [των
3626 1486 3640 1510 ,

2044 1524 2461 1593 ξραμματικῆς,
2497 1517 2814 1593 ῥητορικῆς,
2847 1515 3014 1593 αὐτῆς
3038 1512 3378 1593 φιξκοσοῇἷας,

2045 1583 2305 1645 Κάὶ’τῶν
2359 1583 2647 1665 τεσνσᾶἱρων¹
2682 1583 2760 1643 δὲ
2789 1583 2999 1663 τεχνῶν
3051 1583 3166 1642 ’τῶν
3223 1583 3308 1639 ὑπ’
3363 1583 3534 1727 afﬂigi
3595 1603 3728 1635 κει-

3427 1677 3644 1727 μένων,

3427 1677 3644 1727 μενων,

2052 1798 2156 1858 Καὶ
2185 1798 2286 1874 τῆς
2316 1798 2754 1879 ούρανοϐἇμινος
2787 1798 2960 1871 αὐτῆς
2989 1798 3371 1873 ἀστρονομίας.

2051 1930 2255 1985 Fateor
2307 1930 2598 1985 interdum
2669 1928 2856 1983 solam
2916 1925 3357 1998 grammaticam
3404 1921 3734 1998 ἐγκυκλίου

2049 2015 2382 2080 παιδεύσεως
2441 2018 2736 2074 mentione
2805 2017 3101 2088 designari
3168 2013 3304 2069 κατὰ
3353 2013 3734 2085 κατάχρησιν

2050 2107 2111 2161 ού
2145 2105 2295 2180 λόγῳ
2327 2105 2385 2160 δὲ
2411 2105 2605 2180 κυρίῳ,
2638 2112 2704 2162 ut
2732 2106 2887 2160 idem
2912 2107 3146 2161 Teztzes
3175 2103 3731 2173 ibidemloquitur;

2048 2213 2154 2252 nec
2175 2213 2241 2252 eo
2266 2197 2491 2252 inﬁcias
2513 2195 2692 2251 videri
2719 2211 2890 2266 posse
2912 2193 3170 2249 locutum
3204 2210 3270 2248 eo
3293 2208 3470 2247 sensu
3521 2193 3732 2245 Acro-

2048 2286 2312 2357 politam,
2337 2286 2476 2340 dum
2501 2285 2573 2340 de
2605 2283 2704 2339 illa
2735 2300 2911 2355 quam
2936 2283 3265 2354 percepisse
3289 2283 3408 2352 jam
3450 2287 3589 2335 tum
3659 2296 3732 2334 se

2047 2379 2129 2430 ait
2146 2374 2437 2446 encyclica
2458 2373 2742 2439 doctrina,
2764 2374 2963 2428 statim
2987 2372 3185 2426 subdit
3207 2371 3268 2433 ἣν
3302 2369 3729 2442 γραμματικὴν

2043 2461 2505 2535 κατονομάζουσιν
2540 2461 2592 2515 οἱ
2623 2457 2850 2528 πολλοὶ,
2885 2478 3054 2533 quam
3106 2459 3359 2532 plerique
3409 2475 3730 2528 gramma-

2046 2555 2212 2609 ticam
2240 2552 2557 2618 nominant,
2585 2550 2905 2623 praesertim
2931 2567 3063 2606 cum
3099 2549 3272 2622 paulo
3303 2554 3452 2614 post,
3487 2565 3537 2602 ο.
3617 2548 3730 2602 ni-

2048 2644 2260 2698 mirum
2293 2643 2382 2711 32,
2406 2641 2560 2696 idem
2594 2641 2879 2712 adjungat
2917 2657 2980 2695 se
3039 2639 3270 2695 hortatu
3323 2638 3735 2710 imperatoris

2043 2733 2404 2799 Joannis,ad
2437 2748 2612 2802 quem
2661 2732 2881 2786 missus
2942 2731 3150 2795 fuerat,
3213 2725 3530 2801 ὐψηλοτέρᾳ
3599 2729 3729 2780 τῶν

2047 2817 2228 2894 λόγων
2255 2816 2530 2874 παιδεύσει
2591 2817 2680 2873 καὶ
2739 2816 2987 2892 λογικοῖς
3045 2813 3402 2889 παιδεύμασιν
3456 2832 3732 2888 operam

2045 2912 2298 2977 dedisse,
2355 2909 2635 2981 magistro
2694 2908 2999 2964 Theodoro
3056 2908 3430 2979 Exapterygo.
3463 2904 3730 2974 [Verum

2046 3002 2168 3056 haec
2199 3017 2312 3054 non
2342 3001 2580 3054 obstant
2601 2998 2727 3069 jam
2764 2996 2990 3069 positis,
3016 3014 3148 3052 cum
3187 2997 3265 3051 sit
3291 3011 3420 3051 vero
3441 2995 3734 3051 similius

1967 3103 2008 3171 ρ
2047 3092 2438 3165 γραμματικῆς
2481 3085 2829 3142 vocabulum
2886 3103 3002 3141 non
3057 3086 3534 3158 καταχρηστικῶς,
3605 3085 3728 3139 sed

2044 3179 2250 3254 κυρίως
2280 3179 2360 3232 ibi
2393 3176 2784 3249 Acropolitam
2819 3193 3167 3248 usurpasse,
3193 3193 3258 3232 ac
3288 3193 3399 3231 non
3453 3175 3726 3232 alterius

2048 3269 2277 3340 generis
2305 3266 2676 3337 disciplinas,
2705 3266 2804 3320 sed
2840 3268 3122 3337 majorem
3143 3266 3199 3320 in
3219 3266 3342 3336 jam
3365 3265 3722 3336 degustatis

2049 3373 2424 3431 progressum
2457 3356 2516 3410 in
2549 3355 2746 3410 schola
2779 3355 3438 3427 Exapterygiquaesisse,
3473 3355 3720 3426 quippe

2049 3465 2082 3503 a
2115 3464 2252 3518 quo,
2285 3451 2350 3500 ut
2379 3447 2504 3516 ipse
2535 3461 2667 3500 mox
2699 3445 2878 3509 addit,
2911 3450 3135 3516 septem
3169 3444 3338 3500 annis
3370 3443 3517 3498 nihil
3579 3446 3715 3500 nisi

2047 3539 2155 3590 τῶν
2201 3531 2526 3605 ποιημάτων
2559 3533 2847 3608 σαφήνειαν
2901 3531 2990 3586 καὶ
3020 3534 3119 3596 τῆς
3150 3535 3255 3586 τῶν
3281 3529 3459 3605 λόγων
3491 3531 3718 3606 τέχνης

2051 3622 2400 3680 διδασκαλίαν
2433 3622 2776 3694 perceperit,
2809 3639 3059 3694 quorum
3098 3627 3369 3679 neutrum
3391 3622 3718 3695 encyclios

2051 3713 2268 3769 limites
2289 3713 2532 3767 excedit.
2568 3712 2827 3782 Denique
2859 3712 3149 3767 sexdecim
3184 3719 3382 3766 natum
3412 3728 3610 3767 annos
3649 3729 3720 3769 se

2050 3803 2108 3858 in
2132 3802 2374 3858 Joannis
2390 3800 2581 3856 aulam
2607 3801 2933 3855 admissum
2960 3802 3102 3856 satis
3122 3801 3428 3856 manifeste
3461 3803 3721 3857 demon-

2051 3895 2200 3947 strat
2230 3889 2573 3961 Acropolita,
2606 3891 2747 3944 dum
2776 3907 2826 3944 c.
2871 3891 2942 3945 32
2972 3890 3220 3961 primam
3255 3905 3372 3945 rem
3426 3891 3715 3947 omnium

2052 3996 2178 4051 qua:
2212 3979 2320 4050 ipsi
2347 3979 2402 4033 in
2437 3978 2717 4033 comitatu
2748 3978 2994 4034 Joannis
3022 3980 3269 4050 Augusti
3303 3979 3714 4051 contigerunt,

2053 4070 2343 4122 memorat
2371 4066 2459 4121 sui
2494 4065 2867 4122 traditionem
2901 4066 2961 4121 in
2993 4066 3368 4138 disciplinam
3410 4067 3716 4123 Theodori

2053 4155 2422 4228 Exapterygi,
2451 4170 2622 4226 quem
2656 4171 2716 4210 se
2761 4156 2962 4211 audire
3010 4157 3254 4228 coepisse
3310 4157 3394 4211 ait
3443 4153 3716 4210 ἑπτακαι-

2053 4240 2273 4298 δέκατον
2332 4239 2456 4305 ἔτος
2511 4243 2730 4316 ἄγοντα,
2771 4246 3044 4300 decimum
3089 4246 3383 4316 septimum
3455 4257 3714 4318 agentem

2050 4351 2264 4391 annum
2295 4349 2308 4388 :
2343 4333 2551 4402 quodsi
2576 4333 2703 4403 jam
2737 4334 3046 4390 undecimo
3075 4334 3263 4390 aetatis
3291 4336 3363 4390 ad
3411 4335 3711 4392 Joannem

2048 4422 2324 4488 venisset,
2348 4422 2706 4493 oportuisset
2736 4439 2870 4478 eum
2901 4422 2982 4478 ibi
3008 4440 3110 4479 sex
3158 4424 3298 4479 totis
3350 4426 3527 4480 annis
3578 4425 3711 4480 sine

2046 4512 2161 4569 alla
2192 4511 2575 4583 occupatione
2599 4512 2913 4568 desedisse.
2973 4518 3082 4568 Pro
3136 4517 3294 4568 certo
3353 4513 3545 4585 igitur
3598 4514 3710 4570 ha-

2045 4601 2304 4657 bendum
2337 4605 2497 4655 sexto
2530 4601 2756 4656 decimo
2790 4602 2978 4657 aetatis
2996 4619 3149 4657 anno
3180 4601 3427 4673 cmpisse
3451 4609 3708 4675 Acropo-

2045 4690 2207 4745 litam
2241 4689 2451 4744 Joanni
2504 4693 2770 4760 Augusto
2826 4690 3141 4746 adhaerere.
3202 4691 3325 4754 Quo
3385 4697 3588 4748 autem
3649 4693 3706 4748 id

2047 4779 2312 4850 ejusdem
2343 4777 2586 4832 Joannis
2617 4778 2851 4850 imperii
2885 4783 3062 4851 atque
3099 4781 3241 4836 adeo
3283 4781 3502 4837 Christi
3553 4799 3704 4838 anno

2048 4866 2378 4938 contigerit,
2411 4866 2834 4938 explorandum
2869 4885 3028 4924 nunc
3056 4875 3167 4935 est,
3194 4870 3279 4940 (Ρ.
3317 4871 3444 4940 436)
3473 4873 3704 4928 Adven-

2047 4961 2175 5014 tum
2208 4957 2266 5011 in
2301 4955 2496 5012 aulam
2525 4956 2772 5013 Joannis
2794 4975 2968 5014 suum
3000 4958 3058 5012 in
3088 4957 3144 5013 id
3171 4959 3702 5031 tempusincidisse

2049 5049 2248 5102 narrat
2269 5044 2618 5116 Acropolita,
2651 5061 2766 5116 quo
2795 5050 3054 5118 tempore
3071 5047 3324 5104 Roberto
3358 5049 3699 5106 Latinorum

2048 5137 2398 5206 imperatore
2433 5138 2661 5190 mortuo
2682 5135 2936 5191 Joannes
2967 5135 3104 5192 olim
3165 5138 3698 5212 Hierosolymorum

2049 5240 2148 5280 rex
2197 5223 2766 5295 Constantinopolim
2829 5229 2919 5281 est
2976 5233 3249 5282 evocatus
3300 5229 3372 5282 ad
3431 5245 3525 5284 res
3585 5228 3698 5284 illic

2049 5312 2460 5379 moderandas,
2521 5314 2710 5383 quoad
2769 5313 3096 5370 Balduinus
3146 5332 3292 5387 puer
3358 5317 3420 5372 in
3473 5322 3694 5372 etatem

2047 5400 2590 5472 imperiojdoneam
2617 5401 2986 5471 adolevisset,
3013 5404 3302 5460 Robertus
3327 5413 3523 5461 autem
3549 5423 3694 5461 anno

2049 5487 2264 5545 Christi
2323 5491 2460 5544 1228
2517 5501 2619 5546 aut
2677 5496 2946 5561 sequenti
3004 5498 3092 5548 est
3150 5503 3470 5559 mortuus;
3549 5495 3692 5549 unde

2046 5577 2290 5636 Joannis
2323 5579 2679 5637 Brennensis
2710 5595 2779 5636 ex
2824 5580 3011 5653 Italia,
3066 5580 3166 5636 ubi
3221 5581 3497 5655 Gregorio
3537 5583 3688 5642 Nono
