  <div class='ocr_page' id='page_1' title='image "/cluster/home/n/w/nwhite01/storage/ocr_20150623/143/hvd.32044073502585/550.png"; bbox 0 0 3968 6202; ppageno 0'>
   <div class='ocr_carea' id='block_1_1' title="bbox 241 273 380 330">
    <p class='ocr_par' dir='ltr' id='par_1_1' title="bbox 241 273 380 330">
     <span class='ocr_line' id='line_1_1' title="bbox 241 273 380 330; baseline -0.029 1"><span class='ocrx_word' id='word_1_1' title='bbox 241 273 380 330; x_wconf 81' lang='grc'>1089</span> 
     </span>
    </p>
   </div>
   <div class='ocr_carea' id='block_1_2' title="bbox 1829 276 2056 329">
    <p class='ocr_par' dir='ltr' id='par_1_2' title="bbox 1829 276 2056 329">
     <span class='ocr_line' id='line_1_2' title="bbox 1829 276 2056 329; baseline 0.004 -1"><span class='ocrx_word' id='word_1_2' title='bbox 1829 276 2056 329; x_wconf 62' lang='lat' dir='ltr'>NOTAE.</span> 
     </span>
    </p>
   </div>
   <div class='ocr_carea' id='block_1_3' title="bbox 3502 272 3642 328">
    <p class='ocr_par' dir='ltr' id='par_1_3' title="bbox 3502 272 3642 328">
     <span class='ocr_line' id='line_1_3' title="bbox 3502 272 3642 328; baseline 0 0"><span class='ocrx_word' id='word_1_3' title='bbox 3502 272 3642 328; x_wconf 75' lang='lat' dir='ltr'>meo</span> 
     </span>
    </p>
   </div>
   <div class='ocr_carea' id='block_1_4' title="bbox 241 393 3643 470">
    <p class='ocr_par' dir='ltr' id='par_1_4' title="bbox 241 393 3643 470">
     <span class='ocr_line' id='line_1_4' title="bbox 241 393 3643 470; baseline 0 -17"><span class='ocrx_word' id='word_1_4' title='bbox 241 397 551 463; x_wconf 77' lang='lat' dir='ltr'>militabat,</span> <span class='ocrx_word' id='word_1_5' title='bbox 583 393 1153 467; x_wconf 84' lang='lat' dir='ltr'>ConstantinOpolim</span> <span class='ocrx_word' id='word_1_6' title='bbox 1184 394 1465 465; x_wconf 88' lang='lat' dir='ltr'>appulsus</span> <span class='ocrx_word' id='word_1_7' title='bbox 1497 397 1567 451; x_wconf 92' lang='lat' dir='ltr'>ad</span> <span class='ocrx_word' id='word_1_8' title='bbox 1599 395 1727 451; x_wconf 87' lang='lat' dir='ltr'>Chr.</span> <span class='ocrx_word' id='word_1_9' title='bbox 1752 397 1886 450; x_wconf 84' lang='grc'>1229</span> <span class='ocrx_word' id='word_1_10' title='bbox 1916 402 1969 466; x_wconf 80' lang='grc' dir='ltr'><strong>Α</strong></span> <span class='ocrx_word' id='word_1_11' title='bbox 2000 402 2123 453; x_wconf 87' lang='lat' dir='ltr'>tum</span> <span class='ocrx_word' id='word_1_12' title='bbox 2151 399 2401 454; x_wconf 72' lang='lat' dir='ltr'>historia:</span> <span class='ocrx_word' id='word_1_13' title='bbox 2435 416 2552 454; x_wconf 77' lang='lat' dir='ltr'>suaa</span> <span class='ocrx_word' id='word_1_14' title='bbox 2584 402 2709 454; x_wconf 88' lang='lat' dir='ltr'>tum</span> <span class='ocrx_word' id='word_1_15' title='bbox 2750 398 3020 455; x_wconf 88' lang='lat' dir='ltr'>Chronici</span> <span class='ocrx_word' id='word_1_16' title='bbox 3068 398 3487 470; x_wconf 89' lang='lat' dir='ltr'>compendiarii</span> <span class='ocrx_word' id='word_1_17' title='bbox 3544 406 3643 454; x_wconf 70' lang='lat' dir='ltr'>se&quot;-</span> 
     </span>
    </p>
   </div>
   <div class='ocr_carea' id='block_1_5' title="bbox 239 483 1884 557">
    <p class='ocr_par' dir='ltr' id='par_1_5' title="bbox 239 483 1884 557">
     <span class='ocr_line' id='line_1_5' title="bbox 239 483 1884 557; baseline -0.003 -13"><span class='ocrx_word' id='word_1_18' title='bbox 239 494 343 544; x_wconf 85' lang='lat' dir='ltr'>aut</span> <span class='ocrx_word' id='word_1_19' title='bbox 378 488 511 541; x_wconf 83' lang='grc'>1230</span> <span class='ocrx_word' id='word_1_20' title='bbox 543 485 811 557; x_wconf 75' lang='lat' dir='ltr'>pertinet,</span> <span class='ocrx_word' id='word_1_21' title='bbox 855 485 1090 555; x_wconf 82' lang='lat' dir='ltr'>quando</span> <span class='ocrx_word' id='word_1_22' title='bbox 1147 483 1404 539; x_wconf 87' lang='lat' dir='ltr'>Joannes</span> <span class='ocrx_word' id='word_1_23' title='bbox 1461 485 1723 553; x_wconf 76' lang='lat' dir='ltr'>Ratatza,</span> <span class='ocrx_word' id='word_1_24' title='bbox 1784 485 1884 556; x_wconf 88' lang='lat' dir='ltr'>qui</span> 
     </span>
    </p>
   </div>
   <div class='ocr_carea' id='block_1_6' title="bbox 240 572 1887 632">
    <p class='ocr_par' dir='ltr' id='par_1_6' title="bbox 240 572 1887 632">
     <span class='ocr_line' id='line_1_6' title="bbox 240 572 1887 632; baseline -0.003 0"><span class='ocrx_word' id='word_1_25' title='bbox 240 593 395 632; x_wconf 74' lang='lat' dir='ltr'>anno</span> <span class='ocrx_word' id='word_1_26' title='bbox 426 574 645 631; x_wconf 77' lang='lat' dir='ltr'>Christi</span> <span class='ocrx_word' id='word_1_27' title='bbox 692 573 829 626; x_wconf 83' lang='grc'>1222</span> <span class='ocrx_word' id='word_1_28' title='bbox 879 572 1185 626; x_wconf 87' lang='lat' dir='ltr'>Theodoro</span> <span class='ocrx_word' id='word_1_29' title='bbox 1238 576 1463 626; x_wconf 80' lang='lat' dir='ltr'>Lascan</span> <span class='ocrx_word' id='word_1_30' title='bbox 1523 591 1628 627; x_wconf 92' lang='lat' dir='ltr'>suo</span> <span class='ocrx_word' id='word_1_31' title='bbox 1688 590 1887 628; x_wconf 83' lang='lat' dir='ltr'>socero</span> 
     </span>
    </p>
   </div>
   <div class='ocr_carea' id='block_1_7' title="bbox 239 660 1887 731">
    <p class='ocr_par' dir='ltr' id='par_1_7' title="bbox 239 660 1887 731">
     <span class='ocr_line' id='line_1_7' title="bbox 239 660 1887 731; baseline -0.004 -9"><span class='ocrx_word' id='word_1_32' title='bbox 239 663 795 723; x_wconf 74' lang='lat' dir='ltr'>successerat.629</span> <span class='ocrx_word' id='word_1_33' title='bbox 830 662 942 717; x_wconf 89' lang='lat' dir='ltr'>Nec</span> <span class='ocrx_word' id='word_1_34' title='bbox 975 677 1065 715; x_wconf 87' lang='lat' dir='ltr'>res</span> <span class='ocrx_word' id='word_1_35' title='bbox 1098 661 1275 731; x_wconf 82' lang='lat' dir='ltr'>igitur</span> <span class='ocrx_word' id='word_1_36' title='bbox 1294 660 1579 716; x_wconf 85' lang='lat' dir='ltr'>Theodori</span> <span class='ocrx_word' id='word_1_37' title='bbox 1603 662 1887 729; x_wconf 83' lang='lat' dir='ltr'>Lascaris,</span> 
     </span>
    </p>
   </div>
   <div class='ocr_carea' id='block_1_8' title="bbox 239 750 1891 826">
    <p class='ocr_par' dir='ltr' id='par_1_8' title="bbox 239 750 1891 826">
     <span class='ocr_line' id='line_1_8' title="bbox 239 750 1891 826; baseline -0.003 -16"><span class='ocrx_word' id='word_1_38' title='bbox 239 772 344 811; x_wconf 85' lang='lat' dir='ltr'>nec</span> <span class='ocrx_word' id='word_1_39' title='bbox 380 753 554 826; x_wconf 82' lang='lat' dir='ltr'>primi</span> <span class='ocrx_word' id='word_1_40' title='bbox 587 751 853 807; x_wconf 87' lang='lat' dir='ltr'>decennii</span> <span class='ocrx_word' id='word_1_41' title='bbox 904 750 1148 804; x_wconf 90' lang='lat' dir='ltr'>Joannis</span> <span class='ocrx_word' id='word_1_42' title='bbox 1209 750 1455 804; x_wconf 74' lang='lat' dir='ltr'>Batatzaz</span> <span class='ocrx_word' id='word_1_43' title='bbox 1507 755 1656 821; x_wconf 85' lang='lat' dir='ltr'>acta,</span> <span class='ocrx_word' id='word_1_44' title='bbox 1713 752 1891 807; x_wconf 80' lang='lat' dir='ltr'>scribi</span> 
     </span>
    </p>
   </div>
   <div class='ocr_carea' id='block_1_9' title="bbox 238 839 1894 910">
    <p class='ocr_par' dir='ltr' id='par_1_9' title="bbox 238 839 1894 910">
     <span class='ocr_line' id='line_1_9' title="bbox 238 839 1894 910; baseline -0.003 -10"><span class='ocrx_word' id='word_1_45' title='bbox 238 862 305 901; x_wconf 81' lang='lat' dir='ltr'>ex</span> <span class='ocrx_word' id='word_1_46' title='bbox 339 844 571 899; x_wconf 78' lang='lat' dir='ltr'>oculata</span> <span class='ocrx_word' id='word_1_47' title='bbox 630 841 835 896; x_wconf 91' lang='lat' dir='ltr'>notitia</span> <span class='ocrx_word' id='word_1_48' title='bbox 884 840 955 894; x_wconf 89' lang='lat' dir='ltr'>ab</span> <span class='ocrx_word' id='word_1_49' title='bbox 999 839 1331 909; x_wconf 87' lang='lat' dir='ltr'>Acropolita</span> <span class='ocrx_word' id='word_1_50' title='bbox 1388 844 1646 910; x_wconf 88' lang='lat' dir='ltr'>potuere.</span> <span class='ocrx_word' id='word_1_51' title='bbox 1706 846 1894 903; x_wconf 83' lang='lat' dir='ltr'>Quare</span> 
     </span>
    </p>
   </div>
   <div class='ocr_carea' id='block_1_10' title="bbox 239 927 1891 1000">
    <p class='ocr_par' dir='ltr' id='par_1_10' title="bbox 239 927 1891 1000">
     <span class='ocr_line' id='line_1_10' title="bbox 239 927 1891 1000; baseline -0.004 -11"><span class='ocrx_word' id='word_1_52' title='bbox 239 936 389 989; x_wconf 85' lang='lat' dir='ltr'>alios</span> <span class='ocrx_word' id='word_1_53' title='bbox 424 932 593 987; x_wconf 88' lang='lat' dir='ltr'>nobis</span> <span class='ocrx_word' id='word_1_54' title='bbox 640 929 969 1000; x_wconf 87' lang='lat' dir='ltr'>incognitos</span> <span class='ocrx_word' id='word_1_55' title='bbox 1005 928 1207 983; x_wconf 88' lang='lat' dir='ltr'>taliam</span> <span class='ocrx_word' id='word_1_56' title='bbox 1248 936 1562 983; x_wconf 77' lang='lat' dir='ltr'>eventuum</span> <span class='ocrx_word' id='word_1_57' title='bbox 1622 927 1891 989; x_wconf 83' lang='grc' dir='ltr'>αὐτόπτας</span> 
     </span>
    </p>
   </div>
   <div class='ocr_carea' id='block_1_11' title="bbox 238 1018 1893 1090">
    <p class='ocr_par' dir='ltr' id='par_1_11' title="bbox 238 1018 1893 1090">
     <span class='ocr_line' id='line_1_11' title="bbox 238 1018 1893 1090; baseline -0.002 -12"><span class='ocrx_word' id='word_1_58' title='bbox 238 1022 553 1079; x_wconf 82' lang='lat' dir='ltr'>historicos</span> <span class='ocrx_word' id='word_1_59' title='bbox 587 1020 681 1075; x_wconf 88' lang='lat' dir='ltr'>hic</span> <span class='ocrx_word' id='word_1_60' title='bbox 712 1021 957 1074; x_wconf 90' lang='lat' dir='ltr'>innuere</span> <span class='ocrx_word' id='word_1_61' title='bbox 992 1018 1404 1089; x_wconf 80' lang='lat' dir='ltr'>Pachymerem</span> <span class='ocrx_word' id='word_1_62' title='bbox 1453 1022 1893 1090; x_wconf 83' lang='lat' dir='ltr'>agnoscendum</span> 
     </span>
    </p>
   </div>
   <div class='ocr_carea' id='block_1_12' title="bbox 238 1117 355 1169">
    <p class='ocr_par' dir='ltr' id='par_1_12' title="bbox 238 1117 355 1169">
     <span class='ocr_line' id='line_1_12' title="bbox 238 1117 355 1169; baseline -0.034 0"><span class='ocrx_word' id='word_1_63' title='bbox 238 1117 355 1169; x_wconf 87' lang='lat' dir='ltr'>est.</span> 
     </span>
    </p>
   </div>
   <div class='ocr_carea' id='block_1_13' title="bbox 316 1222 1898 1297">
    <p class='ocr_par' dir='ltr' id='par_1_13' title="bbox 316 1222 1898 1297">
     <span class='ocr_line' id='line_1_13' title="bbox 316 1222 1898 1297; baseline 0 -17"><span class='ocrx_word' id='word_1_64' title='bbox 316 1227 452 1297; x_wconf 81' lang='lat' dir='ltr'>Pag.</span> <span class='ocrx_word' id='word_1_65' title='bbox 490 1224 570 1280; x_wconf 79' lang='grc'>14,</span> <span class='ocrx_word' id='word_1_66' title='bbox 598 1223 914 1279; x_wconf 79' lang='lat' dir='ltr'>Commissis</span> <span class='ocrx_word' id='word_1_67' title='bbox 959 1222 1195 1278; x_wconf 82' lang='lat' dir='ltr'>invicem</span> <span class='ocrx_word' id='word_1_68' title='bbox 1242 1224 1525 1280; x_wconf 77' lang='lat' dir='ltr'>Mercurio</span> <span class='ocrx_word' id='word_1_69' title='bbox 1577 1229 1627 1279; x_wconf 86' lang='lat' dir='ltr'>el</span> <span class='ocrx_word' id='word_1_70' title='bbox 1682 1226 1898 1280; x_wconf 85' lang='lat' dir='ltr'>Latona</span> 
     </span>
    </p>
   </div>
   <div class='ocr_carea' id='block_1_14' title="bbox 239 1313 1895 1384">
    <p class='ocr_par' dir='ltr' id='par_1_14' title="bbox 239 1313 1895 1384">
     <span class='ocr_line' id='line_1_14' title="bbox 239 1313 1895 1384; baseline -0.001 -15"><span class='ocrx_word' id='word_1_71' title='bbox 239 1315 473 1370; x_wconf 28' lang='lat' dir='ltr'>Allu‘lit</span> <span class='ocrx_word' id='word_1_72' title='bbox 502 1316 571 1368; x_wconf 88' lang='lat' dir='ltr'>ad</span> <span class='ocrx_word' id='word_1_73' title='bbox 607 1329 866 1384; x_wconf 86' lang='lat' dir='ltr'>pugnam</span> <span class='ocrx_word' id='word_1_74' title='bbox 893 1314 1133 1367; x_wconf 87' lang='lat' dir='ltr'>deorum</span> <span class='ocrx_word' id='word_1_75' title='bbox 1167 1313 1238 1366; x_wconf 90' lang='lat' dir='ltr'>ab</span> <span class='ocrx_word' id='word_1_76' title='bbox 1277 1314 1517 1368; x_wconf 86' lang='lat' dir='ltr'>tlomero</span> <span class='ocrx_word' id='word_1_77' title='bbox 1545 1314 1895 1369; x_wconf 78' lang='lat' dir='ltr'>celebratam</span> 
     </span>
    </p>
   </div>
   <div class='ocr_carea' id='block_1_15' title="bbox 236 1401 1898 1475">
    <p class='ocr_par' dir='ltr' id='par_1_15' title="bbox 236 1401 1898 1475">
     <span class='ocr_line' id='line_1_15' title="bbox 236 1401 1898 1475; baseline -0.001 -15"><span class='ocrx_word' id='word_1_78' title='bbox 236 1404 407 1461; x_wconf 85' lang='lat' dir='ltr'>Iliad.</span> <span class='ocrx_word' id='word_1_79' title='bbox 444 1424 496 1469; x_wconf 83' lang='grc' dir='ltr'>υ,</span> <span class='ocrx_word' id='word_1_80' title='bbox 528 1404 627 1457; x_wconf 90' lang='lat' dir='ltr'>ubi</span> <span class='ocrx_word' id='word_1_81' title='bbox 660 1418 793 1457; x_wconf 88' lang='lat' dir='ltr'>eum</span> <span class='ocrx_word' id='word_1_82' title='bbox 828 1401 926 1456; x_wconf 86' lang='lat' dir='ltr'>alii</span> <span class='ocrx_word' id='word_1_83' title='bbox 952 1402 1083 1455; x_wconf 86' lang='lat' dir='ltr'>aliis</span> <span class='ocrx_word' id='word_1_84' title='bbox 1111 1402 1187 1454; x_wconf 91' lang='lat' dir='ltr'>dii</span> <span class='ocrx_word' id='word_1_85' title='bbox 1226 1402 1337 1455; x_wconf 84' lang='lat' dir='ltr'>diis</span> <span class='ocrx_word' id='word_1_86' title='bbox 1378 1403 1603 1457; x_wconf 80' lang='lat' dir='ltr'>adversi</span> <span class='ocrx_word' id='word_1_87' title='bbox 1658 1420 1898 1475; x_wconf 72' lang='lat' dir='ltr'>compa~</span> 
     </span>
    </p>
   </div>
   <div class='ocr_carea' id='block_1_16' title="bbox 239 1490 1900 1561">
    <p class='ocr_par' dir='ltr' id='par_1_16' title="bbox 239 1490 1900 1561">
     <span class='ocr_line' id='line_1_16' title="bbox 239 1490 1900 1561; baseline -0.001 -13"><span class='ocrx_word' id='word_1_88' title='bbox 239 1497 613 1559; x_wconf 86' lang='lat' dir='ltr'>reutur,tum</span> <span class='ocrx_word' id='word_1_89' title='bbox 637 1507 739 1561; x_wconf 89' lang='lat' dir='ltr'>par</span> <span class='ocrx_word' id='word_1_90' title='bbox 776 1490 1121 1543; x_wconf 74' lang='lat' dir='ltr'>infestorum</span> <span class='ocrx_word' id='word_1_91' title='bbox 1146 1490 1390 1543; x_wconf 89' lang='lat' dir='ltr'>invicem</span> <span class='ocrx_word' id='word_1_92' title='bbox 1426 1492 1728 1545; x_wconf 90' lang='lat' dir='ltr'>numinum</span> <span class='ocrx_word' id='word_1_93' title='bbox 1758 1493 1900 1547; x_wconf 89' lang='lat' dir='ltr'>Mer-</span> 
     </span>
    </p>
   </div>
   <div class='ocr_carea' id='block_1_17' title="bbox 236 1577 1901 1648">
    <p class='ocr_par' dir='ltr' id='par_1_17' title="bbox 236 1577 1901 1648">
     <span class='ocr_line' id='line_1_17' title="bbox 236 1577 1901 1648; baseline 0 -11"><span class='ocrx_word' id='word_1_94' title='bbox 236 1582 445 1638; x_wconf 89' lang='lat' dir='ltr'>curius</span> <span class='ocrx_word' id='word_1_95' title='bbox 465 1585 521 1635; x_wconf 92' lang='lat' dir='ltr'>et</span> <span class='ocrx_word' id='word_1_96' title='bbox 554 1581 797 1647; x_wconf 85' lang='lat' dir='ltr'>Latona,</span> <span class='ocrx_word' id='word_1_97' title='bbox 821 1578 917 1633; x_wconf 91' lang='lat' dir='ltr'>ille</span> <span class='ocrx_word' id='word_1_98' title='bbox 940 1577 1305 1646; x_wconf 70' lang='lat' dir='ltr'>GI‘IBClS,h&amp;3C</span> <span class='ocrx_word' id='word_1_99' title='bbox 1335 1578 1604 1648; x_wconf 88' lang='lat' dir='ltr'>Trojanis</span> <span class='ocrx_word' id='word_1_100' title='bbox 1638 1582 1901 1637; x_wconf 86' lang='lat' dir='ltr'>militans</span> 
     </span>
    </p>
   </div>
   <div class='ocr_carea' id='block_1_18' title="bbox 240 1669 617 1743">
    <p class='ocr_par' dir='ltr' id='par_1_18' title="bbox 240 1669 617 1743">
     <span class='ocr_line' id='line_1_18' title="bbox 240 1669 617 1743; baseline -0.016 -16"><span class='ocrx_word' id='word_1_101' title='bbox 240 1669 617 1743; x_wconf 86' lang='lat' dir='ltr'>producitur.</span> 
     </span>
    </p>
   </div>
   <div class='ocr_carea' id='block_1_19' title="bbox 1990 490 2192 559">
    <p class='ocr_par' dir='ltr' id='par_1_19' title="bbox 1990 490 2192 559">
     <span class='ocr_line' id='line_1_19' title="bbox 1990 490 2192 559; baseline 0.005 -17"><span class='ocrx_word' id='word_1_102' title='bbox 1990 490 2192 559; x_wconf 86' lang='lat' dir='ltr'>ptimo.</span> 
     </span>
    </p>
   </div>
   <div class='ocr_carea' id='block_1_20' title="bbox 2064 577 3641 649">
    <p class='ocr_par' dir='ltr' id='par_1_20' title="bbox 2064 577 3641 649">
     <span class='ocr_line' id='line_1_20' title="bbox 2064 577 3641 649; baseline 0.001 -18"><span class='ocrx_word' id='word_1_103' title='bbox 2064 577 2198 649; x_wconf 88' lang='lat' dir='ltr'>Cap.</span> <span class='ocrx_word' id='word_1_104' title='bbox 2230 580 2285 631; x_wconf 85' lang='lat'>5.</span> <span class='ocrx_word' id='word_1_105' title='bbox 2320 579 2481 641; x_wconf 89' lang='lat' dir='ltr'>Quod</span> <span class='ocrx_word' id='word_1_106' title='bbox 2529 579 2720 633; x_wconf 88' lang='lat' dir='ltr'>innuit</span> <span class='ocrx_word' id='word_1_107' title='bbox 2777 579 2885 633; x_wconf 87' lang='lat' dir='ltr'>hoc</span> <span class='ocrx_word' id='word_1_108' title='bbox 2946 596 3073 649; x_wconf 90' lang='lat' dir='ltr'>cap.</span> <span class='ocrx_word' id='word_1_109' title='bbox 3130 579 3511 649; x_wconf 80' lang='lat' dir='ltr'>Pachymcres</span> <span class='ocrx_word' id='word_1_110' title='bbox 3572 581 3641 633; x_wconf 87' lang='lat' dir='ltr'>de</span> 
     </span>
    </p>
   </div>
   <div class='ocr_carea' id='block_1_21' title="bbox 1995 667 3642 740">
    <p class='ocr_par' dir='ltr' id='par_1_21' title="bbox 1995 667 3642 740">
     <span class='ocr_line' id='line_1_21' title="bbox 1995 667 3642 740; baseline 0.001 -19"><span class='ocrx_word' id='word_1_111' title='bbox 1995 667 2266 723; x_wconf 86' lang='lat' dir='ltr'>Chadeno</span> <span class='ocrx_word' id='word_1_112' title='bbox 2297 670 2366 723; x_wconf 91' lang='lat' dir='ltr'>ab</span> <span class='ocrx_word' id='word_1_113' title='bbox 2437 670 2762 740; x_wconf 83' lang='lat' dir='ltr'>imperante</span> <span class='ocrx_word' id='word_1_114' title='bbox 2817 670 2935 738; x_wconf 86' lang='lat' dir='ltr'>jam</span> <span class='ocrx_word' id='word_1_115' title='bbox 2990 668 3273 724; x_wconf 87' lang='lat' dir='ltr'>Michaele</span> <span class='ocrx_word' id='word_1_116' title='bbox 3322 668 3642 737; x_wconf 79' lang='lat' dir='ltr'>Palucologo</span> 
     </span>
    </p>
   </div>
   <div class='ocr_carea' id='block_1_22' title="bbox 1997 758 3640 829">
    <p class='ocr_par' dir='ltr' id='par_1_22' title="bbox 1997 758 3640 829">
     <span class='ocr_line' id='line_1_22' title="bbox 1997 758 3640 829; baseline 0 -18"><span class='ocrx_word' id='word_1_117' title='bbox 1997 758 2178 812; x_wconf 89' lang='lat' dir='ltr'>misso</span> <span class='ocrx_word' id='word_1_118' title='bbox 2207 759 2275 812; x_wconf 89' lang='lat' dir='ltr'>ad</span> <span class='ocrx_word' id='word_1_119' title='bbox 2296 776 2535 813; x_wconf 84' lang='lat' dir='ltr'>censum</span> <span class='ocrx_word' id='word_1_120' title='bbox 2570 759 2861 829; x_wconf 78' lang='lat' dir='ltr'>agendum</span> <span class='ocrx_word' id='word_1_121' title='bbox 2890 759 3386 829; x_wconf 67' lang='lat' dir='ltr'>prmsidiariorum</span> <span class='ocrx_word' id='word_1_122' title='bbox 3415 762 3640 811; x_wconf 83' lang='lat' dir='ltr'>montes</span> 
     </span>
    </p>
   </div>
   <div class='ocr_carea' id='block_1_23' title="bbox 2000 846 3642 918">
    <p class='ocr_par' dir='ltr' id='par_1_23' title="bbox 2000 846 3642 918">
     <span class='ocr_line' id='line_1_23' title="bbox 2000 846 3642 918; baseline 0 -19"><span class='ocrx_word' id='word_1_123' title='bbox 2000 848 2185 901; x_wconf 85' lang='lat' dir='ltr'>Persis</span> <span class='ocrx_word' id='word_1_124' title='bbox 2216 849 2481 917; x_wconf 88' lang='lat' dir='ltr'>objectus</span> <span class='ocrx_word' id='word_1_125' title='bbox 2513 849 2826 913; x_wconf 84' lang='lat' dir='ltr'>tuentium,</span> <span class='ocrx_word' id='word_1_126' title='bbox 2861 865 2974 901; x_wconf 91' lang='lat' dir='ltr'>non</span> <span class='ocrx_word' id='word_1_127' title='bbox 3025 848 3246 918; x_wconf 84' lang='lat' dir='ltr'>reperio</span> <span class='ocrx_word' id='word_1_128' title='bbox 3306 846 3642 901; x_wconf 85' lang='lat' dir='ltr'>distinctius</span> 
     </span>
    </p>
   </div>
   <div class='ocr_carea' id='block_1_24' title="bbox 1999 936 3645 1008">
    <p class='ocr_par' dir='ltr' id='par_1_24' title="bbox 1999 936 3645 1008">
     <span class='ocr_line' id='line_1_24' title="bbox 1999 936 3645 1008; baseline 0.001 -19"><span class='ocrx_word' id='word_1_129' title='bbox 1999 937 2146 991; x_wconf 71' lang='lat'>6‘27</span> <span class='ocrx_word' id='word_1_130' title='bbox 2184 936 2320 990; x_wconf 84' lang='lat' dir='ltr'>alibi</span> <span class='ocrx_word' id='word_1_131' title='bbox 2353 936 2701 1008; x_wconf 82' lang='lat' dir='ltr'>explicatum</span> <span class='ocrx_word' id='word_1_132' title='bbox 2737 954 2768 989; x_wconf 90' lang='lat' dir='ltr'>a</span> <span class='ocrx_word' id='word_1_133' title='bbox 2800 943 3016 990; x_wconf 78' lang='lat' dir='ltr'>nostro.</span> <span class='ocrx_word' id='word_1_134' title='bbox 3051 938 3306 991; x_wconf 85' lang='lat' dir='ltr'>Tantum</span> <span class='ocrx_word' id='word_1_135' title='bbox 3340 937 3409 990; x_wconf 91' lang='lat' dir='ltr'>de</span> <span class='ocrx_word' id='word_1_136' title='bbox 3448 937 3645 990; x_wconf 85' lang='lat' dir='ltr'>causis</span> 
     </span>
    </p>
   </div>
   <div class='ocr_carea' id='block_1_25' title="bbox 2001 1024 3645 1097">
    <p class='ocr_par' dir='ltr' id='par_1_25' title="bbox 2001 1024 3645 1097">
     <span class='ocr_line' id='line_1_25' title="bbox 2001 1024 3645 1097; baseline -0.002 -17"><span class='ocrx_word' id='word_1_137' title='bbox 2001 1026 2196 1097; x_wconf 74' lang='lat' dir='ltr'>gratia:</span> <span class='ocrx_word' id='word_1_138' title='bbox 2238 1026 2495 1080; x_wconf 87' lang='lat' dir='ltr'>Cbadeni</span> <span class='ocrx_word' id='word_1_139' title='bbox 2542 1026 2696 1095; x_wconf 87' lang='lat' dir='ltr'>apud</span> <span class='ocrx_word' id='word_1_140' title='bbox 2757 1025 3123 1091; x_wconf 80' lang='lat' dir='ltr'>Michaelem,</span> <span class='ocrx_word' id='word_1_141' title='bbox 3181 1042 3326 1095; x_wconf 64' lang='lat' dir='ltr'>quas</span> <span class='ocrx_word' id='word_1_142' title='bbox 3384 1042 3446 1079; x_wconf 86' lang='lat' dir='ltr'>se</span> <span class='ocrx_word' id='word_1_143' title='bbox 3504 1024 3645 1078; x_wconf 85' lang='lat' dir='ltr'>alibi</span> 
     </span>
    </p>
   </div>
   <div class='ocr_carea' id='block_1_26' title="bbox 2002 1112 3643 1185">
    <p class='ocr_par' dir='ltr' id='par_1_26' title="bbox 2002 1112 3643 1185">
     <span class='ocr_line' id='line_1_26' title="bbox 2002 1112 3643 1185; baseline -0.002 -16"><span class='ocrx_word' id='word_1_144' title='bbox 2002 1116 2297 1169; x_wconf 89' lang='lat' dir='ltr'>dicturum</span> <span class='ocrx_word' id='word_1_145' title='bbox 2329 1115 2419 1168; x_wconf 87' lang='lat' dir='ltr'>hic</span> <span class='ocrx_word' id='word_1_146' title='bbox 2460 1114 2773 1185; x_wconf 74' lang='lat' dir='ltr'>significat,</span> <span class='ocrx_word' id='word_1_147' title='bbox 2808 1113 3034 1168; x_wconf 86' lang='lat' dir='ltr'>invenio</span> <span class='ocrx_word' id='word_1_148' title='bbox 3066 1131 3113 1167; x_wconf 90' lang='lat' dir='ltr'>c.</span> <span class='ocrx_word' id='word_1_149' title='bbox 3170 1116 3229 1167; x_wconf 92' lang='grc'>11</span> <span class='ocrx_word' id='word_1_150' title='bbox 3288 1114 3463 1182; x_wconf 78' lang='lat' dir='ltr'>hujus</span> <span class='ocrx_word' id='word_1_151' title='bbox 3511 1112 3643 1167; x_wconf 84' lang='lat' dir='ltr'>libri</span> 
     </span>
    </p>
   </div>
   <div class='ocr_carea' id='block_1_27' title="bbox 2003 1202 3642 1273">
    <p class='ocr_par' dir='ltr' id='par_1_27' title="bbox 2003 1202 3642 1273">
     <span class='ocr_line' id='line_1_27' title="bbox 2003 1202 3642 1273; baseline -0.002 -13"><span class='ocrx_word' id='word_1_152' title='bbox 2003 1205 2339 1260; x_wconf 78' lang='lat' dir='ltr'>Chadeuum</span> <span class='ocrx_word' id='word_1_153' title='bbox 2375 1204 2530 1258; x_wconf 88' lang='lat' dir='ltr'>hunc</span> <span class='ocrx_word' id='word_1_154' title='bbox 2564 1206 2887 1273; x_wconf 83' lang='lat' dir='ltr'>dumjussu</span> <span class='ocrx_word' id='word_1_155' title='bbox 2920 1202 3205 1257; x_wconf 83' lang='lat' dir='ltr'>Theodori</span> <span class='ocrx_word' id='word_1_156' title='bbox 3253 1203 3499 1273; x_wconf 80' lang='lat' dir='ltr'>Augusti</span> <span class='ocrx_word' id='word_1_157' title='bbox 3547 1221 3642 1256; x_wconf 84' lang='lat' dir='ltr'>su-</span> 
     </span>
    </p>
   </div>
   <div class='ocr_carea' id='block_1_28' title="bbox 2004 1289 3644 1364">
    <p class='ocr_par' dir='ltr' id='par_1_28' title="bbox 2004 1289 3644 1364">
     <span class='ocr_line' id='line_1_28' title="bbox 2004 1289 3644 1364; baseline -0.002 -16"><span class='ocrx_word' id='word_1_158' title='bbox 2004 1300 2266 1364; x_wconf 80' lang='lat' dir='ltr'>Spectum</span> <span class='ocrx_word' id='word_1_159' title='bbox 2321 1292 2402 1346; x_wconf 91' lang='lat' dir='ltr'>illi</span> <span class='ocrx_word' id='word_1_160' title='bbox 2451 1292 2837 1362; x_wconf 68' lang='lat' dir='ltr'>Palazologum</span> <span class='ocrx_word' id='word_1_161' title='bbox 2910 1293 2997 1363; x_wconf 85' lang='lat' dir='ltr'>[P.</span> <span class='ocrx_word' id='word_1_162' title='bbox 3052 1292 3177 1360; x_wconf 82' lang='grc'>437]</span> <span class='ocrx_word' id='word_1_163' title='bbox 3234 1289 3644 1345; x_wconf 79' lang='lat' dir='ltr'>Thessalonica</span> 
     </span>
    </p>
   </div>
   <div class='ocr_carea' id='block_1_29' title="bbox 2006 1381 3643 1449">
    <p class='ocr_par' dir='ltr' id='par_1_29' title="bbox 2006 1381 3643 1449">
     <span class='ocr_line' id='line_1_29' title="bbox 2006 1381 3643 1449; baseline -0.002 -13"><span class='ocrx_word' id='word_1_164' title='bbox 2006 1384 2261 1437; x_wconf 87' lang='lat' dir='ltr'>vinctum</span> <span class='ocrx_word' id='word_1_165' title='bbox 2295 1382 2629 1449; x_wconf 74' lang='lat' dir='ltr'>adduceret,</span> <span class='ocrx_word' id='word_1_166' title='bbox 2664 1382 2919 1435; x_wconf 88' lang='lat' dir='ltr'>humane</span> <span class='ocrx_word' id='word_1_167' title='bbox 2959 1398 3023 1434; x_wconf 85' lang='lat' dir='ltr'>ac</span> <span class='ocrx_word' id='word_1_168' title='bbox 3065 1381 3399 1446; x_wconf 87' lang='lat' dir='ltr'>clementer,</span> <span class='ocrx_word' id='word_1_169' title='bbox 3454 1381 3643 1448; x_wconf 90' lang='lat' dir='ltr'>quoad</span> 
     </span>
    </p>
   </div>
   <div class='ocr_carea' id='block_1_30' title="bbox 2006 1466 3646 1541">
    <p class='ocr_par' dir='ltr' id='par_1_30' title="bbox 2006 1466 3646 1541">
     <span class='ocr_line' id='line_1_30' title="bbox 2006 1466 3646 1541; baseline -0.004 -17"><span class='ocrx_word' id='word_1_170' title='bbox 2006 1471 2214 1541; x_wconf 91' lang='lat' dir='ltr'>potuit,</span> <span class='ocrx_word' id='word_1_171' title='bbox 2244 1471 2435 1523; x_wconf 89' lang='lat' dir='ltr'>dirum</span> <span class='ocrx_word' id='word_1_172' title='bbox 2471 1470 2782 1541; x_wconf 88' lang='lat' dir='ltr'>imperium</span> <span class='ocrx_word' id='word_1_173' title='bbox 2824 1469 3171 1522; x_wconf 83' lang='lat' dir='ltr'>exercuisse.</span> <span class='ocrx_word' id='word_1_174' title='bbox 3202 1466 3361 1521; x_wconf 83' lang='lat' dir='ltr'>Unde</span> <span class='ocrx_word' id='word_1_175' title='bbox 3394 1484 3646 1536; x_wconf 85' lang='lat' dir='ltr'>pronum</span> 
     </span>
    </p>
   </div>
   <div class='ocr_carea' id='block_1_31' title="bbox 2007 1558 3646 1628">
    <p class='ocr_par' dir='ltr' id='par_1_31' title="bbox 2007 1558 3646 1628">
     <span class='ocr_line' id='line_1_31' title="bbox 2007 1558 3646 1628; baseline -0.004 -13"><span class='ocrx_word' id='word_1_176' title='bbox 2007 1560 2230 1615; x_wconf 89' lang='lat' dir='ltr'>creditu</span> <span class='ocrx_word' id='word_1_177' title='bbox 2283 1565 2391 1624; x_wconf 90' lang='lat' dir='ltr'>est,</span> <span class='ocrx_word' id='word_1_178' title='bbox 2446 1564 2745 1628; x_wconf 83' lang='lat' dir='ltr'>utcunque</span> <span class='ocrx_word' id='word_1_179' title='bbox 2780 1558 2835 1611; x_wconf 90' lang='lat' dir='ltr'>id</span> <span class='ocrx_word' id='word_1_180' title='bbox 2873 1564 3071 1611; x_wconf 83' lang='lat' dir='ltr'>noster</span> <span class='ocrx_word' id='word_1_181' title='bbox 3102 1558 3317 1610; x_wconf 82' lang='lat' dir='ltr'>diserte</span> <span class='ocrx_word' id='word_1_182' title='bbox 3352 1571 3646 1625; x_wconf 86' lang='lat' dir='ltr'>nusquam</span> 
     </span>
    </p>
   </div>
   <div class='ocr_carea' id='block_1_32' title="bbox 2008 1643 3647 1717">
    <p class='ocr_par' dir='ltr' id='par_1_32' title="bbox 2008 1643 3647 1717">
     <span class='ocr_line' id='line_1_32' title="bbox 2008 1643 3647 1717; baseline -0.005 -12"><span class='ocrx_word' id='word_1_183' title='bbox 2008 1650 2146 1705; x_wconf 86' lang='lat' dir='ltr'>alibi</span> <span class='ocrx_word' id='word_1_184' title='bbox 2187 1647 2492 1717; x_wconf 83' lang='lat' dir='ltr'>expressit,</span> <span class='ocrx_word' id='word_1_185' title='bbox 2527 1646 2891 1712; x_wconf 84' lang='lat' dir='ltr'>Michaelem,</span> <span class='ocrx_word' id='word_1_186' title='bbox 2929 1646 3024 1699; x_wconf 92' lang='lat' dir='ltr'>ubi</span> <span class='ocrx_word' id='word_1_187' title='bbox 3084 1651 3173 1699; x_wconf 90' lang='lat' dir='ltr'>est</span> <span class='ocrx_word' id='word_1_188' title='bbox 3231 1645 3300 1698; x_wconf 91' lang='lat' dir='ltr'>ad</span> <span class='ocrx_word' id='word_1_189' title='bbox 3336 1643 3647 1715; x_wconf 89' lang='lat' dir='ltr'>imperium</span> 
     </span>
    </p>
   </div>
   <div class='ocr_carea' id='block_1_33' title="bbox 1930 1732 3647 1831">
    <p class='ocr_par' dir='ltr' id='par_1_33' title="bbox 1930 1732 3647 1831">
     <span class='ocr_line' id='line_1_33' title="bbox 1930 1732 3647 1831; baseline -0.006 -38"><span class='ocrx_word' id='word_1_190' title='bbox 1930 1769 1974 1831; x_wconf 80' lang='grc' dir='ltr'><strong>Β</strong></span> <span class='ocrx_word' id='word_1_191' title='bbox 2009 1742 2332 1803; x_wconf 82' lang='lat' dir='ltr'>evectus,eo</span> <span class='ocrx_word' id='word_1_192' title='bbox 2367 1738 2596 1790; x_wconf 90' lang='lat' dir='ltr'>nomine</span> <span class='ocrx_word' id='word_1_193' title='bbox 2630 1752 2689 1789; x_wconf 87' lang='lat' dir='ltr'>se</span> <span class='ocrx_word' id='word_1_194' title='bbox 2719 1740 2945 1801; x_wconf 66' lang='lat' dir='ltr'>gratum</span> <span class='ocrx_word' id='word_1_195' title='bbox 3000 1733 3271 1787; x_wconf 89' lang='lat' dir='ltr'>Chadeno</span> <span class='ocrx_word' id='word_1_196' title='bbox 3307 1732 3647 1802; x_wconf 68' lang='lat' dir='ltr'>praebuisse,</span> 
     </span>
    </p>
   </div>
   <div class='ocr_carea' id='block_1_34' title="bbox 320 1779 1593 1855">
    <p class='ocr_par' dir='ltr' id='par_1_34' title="bbox 320 1779 1593 1855">
     <span class='ocr_line' id='line_1_34' title="bbox 320 1779 1593 1855; baseline -0.001 -17"><span class='ocrx_word' id='word_1_197' title='bbox 320 1789 495 1854; x_wconf 80' lang='grc' dir='ltr'>Λητοῖ</span> <span class='ocrx_word' id='word_1_198' title='bbox 528 1781 572 1837; x_wconf 81' lang='grc' dir='ltr'>δ’</span> <span class='ocrx_word' id='word_1_199' title='bbox 607 1783 826 1851; x_wconf 76' lang='grc' dir='ltr'>ἀντὲστη</span> <span class='ocrx_word' id='word_1_200' title='bbox 861 1785 1035 1843; x_wconf 76' lang='grc' dir='ltr'>σῶκος</span> <span class='ocrx_word' id='word_1_201' title='bbox 1066 1779 1333 1855; x_wconf 75' lang='grc' dir='ltr'>ἐριούνιος</span> <span class='ocrx_word' id='word_1_202' title='bbox 1367 1781 1593 1855; x_wconf 83' lang='grc' dir='ltr'>Ἑρμῆς.</span> 
     </span>
    </p>
   </div>
   <div class='ocr_carea' id='block_1_35' title="bbox 257 1898 1902 1971">
    <p class='ocr_par' dir='ltr' id='par_1_35' title="bbox 257 1898 1902 1971">
     <span class='ocr_line' id='line_1_35' title="bbox 257 1898 1902 1971; baseline 0 -15"><span class='ocrx_word' id='word_1_203' title='bbox 257 1903 384 1957; x_wconf 84' lang='lat' dir='ltr'>Etsi</span> <span class='ocrx_word' id='word_1_204' title='bbox 416 1907 633 1969; x_wconf 87' lang='lat' dir='ltr'>autem,</span> <span class='ocrx_word' id='word_1_205' title='bbox 666 1900 957 1971; x_wconf 88' lang='lat' dir='ltr'>quomodo</span> <span class='ocrx_word' id='word_1_206' title='bbox 990 1898 1269 1953; x_wconf 88' lang='lat' dir='ltr'>scribitur</span> <span class='ocrx_word' id='word_1_207' title='bbox 1297 1902 1511 1968; x_wconf 76' lang='lat' dir='ltr'>Grazce,</span> <span class='ocrx_word' id='word_1_208' title='bbox 1541 1903 1752 1967; x_wconf 68' lang='grc' dir='ltr'>Λητοῦς</span> <span class='ocrx_word' id='word_1_209' title='bbox 1782 1900 1902 1956; x_wconf 87' lang='lat' dir='ltr'>sive</span> 
     </span>
    </p>
   </div>
   <div class='ocr_carea' id='block_1_36' title="bbox 252 1987 1904 2059">
    <p class='ocr_par' dir='ltr' id='par_1_36' title="bbox 252 1987 1904 2059">
     <span class='ocr_line' id='line_1_36' title="bbox 252 1987 1904 2059; baseline -0.001 -13"><span class='ocrx_word' id='word_1_210' title='bbox 252 1996 494 2046; x_wconf 61' lang='lat' dir='ltr'>Latonae</span> <span class='ocrx_word' id='word_1_211' title='bbox 526 2005 734 2043; x_wconf 91' lang='lat' dir='ltr'>nomen</span> <span class='ocrx_word' id='word_1_212' title='bbox 768 1987 913 2041; x_wconf 91' lang='lat' dir='ltr'>nihil</span> <span class='ocrx_word' id='word_1_213' title='bbox 946 2003 1254 2041; x_wconf 88' lang='lat' dir='ltr'>commune</span> <span class='ocrx_word' id='word_1_214' title='bbox 1277 2004 1410 2042; x_wconf 91' lang='lat' dir='ltr'>cum</span> <span class='ocrx_word' id='word_1_215' title='bbox 1444 1988 1904 2059; x_wconf 52' lang='lat' dir='ltr'>Avionoblivionc</span> 
     </span>
    </p>
   </div>
   <div class='ocr_carea' id='block_1_37' title="bbox 254 2078 1905 2151">
    <p class='ocr_par' dir='ltr' id='par_1_37' title="bbox 254 2078 1905 2151">
     <span class='ocr_line' id='line_1_37' title="bbox 254 2078 1905 2151; baseline 0 -17"><span class='ocrx_word' id='word_1_216' title='bbox 254 2080 480 2134; x_wconf 88' lang='lat' dir='ltr'>habere</span> <span class='ocrx_word' id='word_1_217' title='bbox 512 2078 794 2147; x_wconf 82' lang='lat' dir='ltr'>videatur,</span> <span class='ocrx_word' id='word_1_218' title='bbox 820 2082 1040 2131; x_wconf 85' lang='lat' dir='ltr'>certum</span> <span class='ocrx_word' id='word_1_219' title='bbox 1073 2082 1268 2130; x_wconf 83' lang='lat' dir='ltr'>tamen</span> <span class='ocrx_word' id='word_1_220' title='bbox 1301 2082 1475 2147; x_wconf 87' lang='lat' dir='ltr'>atque</span> <span class='ocrx_word' id='word_1_221' title='bbox 1500 2079 1640 2132; x_wconf 85' lang='lat' dir='ltr'>adeo</span> <span class='ocrx_word' id='word_1_222' title='bbox 1672 2079 1905 2151; x_wconf 86' lang='lat' dir='ltr'>vulgare</span> 
     </span>
    </p>
   </div>
   <div class='ocr_carea' id='block_1_38' title="bbox 258 2166 1904 2223">
    <p class='ocr_par' dir='ltr' id='par_1_38' title="bbox 258 2166 1904 2223">
     <span class='ocr_line' id='line_1_38' title="bbox 258 2166 1904 2223; baseline 0 0"><span class='ocrx_word' id='word_1_223' title='bbox 258 2168 477 2223; x_wconf 65' lang='lat' dir='ltr'>Greca:</span> <span class='ocrx_word' id='word_1_224' title='bbox 536 2166 877 2221; x_wconf 66' lang='lat' dir='ltr'>litteraturae</span> <span class='ocrx_word' id='word_1_225' title='bbox 936 2182 1046 2219; x_wconf 90' lang='lat' dir='ltr'>non</span> <span class='ocrx_word' id='word_1_226' title='bbox 1104 2166 1350 2220; x_wconf 79' lang='lat' dir='ltr'>rudibus</span> <span class='ocrx_word' id='word_1_227' title='bbox 1396 2172 1485 2221; x_wconf 89' lang='lat' dir='ltr'>est</span> <span class='ocrx_word' id='word_1_228' title='bbox 1530 2167 1803 2222; x_wconf 86' lang='lat' dir='ltr'>Latonam</span> <span class='ocrx_word' id='word_1_229' title='bbox 1834 2169 1904 2223; x_wconf 88' lang='lat' dir='ltr'>ad</span> 
     </span>
    </p>
   </div>
   <div class='ocr_carea' id='block_1_39' title="bbox 253 2254 1903 2326">
    <p class='ocr_par' dir='ltr' id='par_1_39' title="bbox 253 2254 1903 2326">
     <span class='ocr_line' id='line_1_39' title="bbox 253 2254 1903 2326; baseline 0.001 -14"><span class='ocrx_word' id='word_1_230' title='bbox 253 2258 455 2312; x_wconf 87' lang='lat' dir='ltr'>noctis</span> <span class='ocrx_word' id='word_1_231' title='bbox 486 2260 541 2311; x_wconf 89' lang='lat' dir='ltr'>et</span> <span class='ocrx_word' id='word_1_232' title='bbox 570 2254 876 2310; x_wconf 89' lang='lat' dir='ltr'>oblivionis</span> <span class='ocrx_word' id='word_1_233' title='bbox 908 2255 1368 2326; x_wconf 84' lang='lat' dir='ltr'>signficationem</span> <span class='ocrx_word' id='word_1_234' title='bbox 1394 2255 1701 2326; x_wconf 88' lang='lat' dir='ltr'>allegorice</span> <span class='ocrx_word' id='word_1_235' title='bbox 1729 2258 1903 2313; x_wconf 87' lang='lat' dir='ltr'>trahi.</span> 
     </span>
    </p>
   </div>
   <div class='ocr_carea' id='block_1_40' title="bbox 249 2342 1909 2415">
    <p class='ocr_par' dir='ltr' id='par_1_40' title="bbox 249 2342 1909 2415">
     <span class='ocr_line' id='line_1_40' title="bbox 249 2342 1909 2415; baseline 0.001 -18"><span class='ocrx_word' id='word_1_236' title='bbox 249 2344 355 2404; x_wconf 75' lang='grc' dir='ltr'>Ὠς</span> <span class='ocrx_word' id='word_1_237' title='bbox 410 2345 445 2410; x_wconf 76' lang='grc' dir='ltr'><strong>ἡ</strong></span> <span class='ocrx_word' id='word_1_238' title='bbox 503 2342 665 2411; x_wconf 83' lang='grc' dir='ltr'>Λητὼ</span> <span class='ocrx_word' id='word_1_239' title='bbox 723 2342 827 2413; x_wconf 86' lang='lat' dir='ltr'>(ait</span> <span class='ocrx_word' id='word_1_240' title='bbox 876 2342 1218 2396; x_wconf 83' lang='lat' dir='ltr'>Eustathius</span> <span class='ocrx_word' id='word_1_241' title='bbox 1272 2343 1341 2396; x_wconf 91' lang='lat' dir='ltr'>ad</span> <span class='ocrx_word' id='word_1_242' title='bbox 1396 2344 1559 2409; x_wconf 83' lang='lat' dir='ltr'>Iliad,</span> <span class='ocrx_word' id='word_1_243' title='bbox 1619 2345 1641 2414; x_wconf 81' lang='grc' dir='ltr'>ξ</span> <span class='ocrx_word' id='word_1_244' title='bbox 1701 2362 1758 2415; x_wconf 83' lang='grc' dir='ltr'>ρ.</span> <span class='ocrx_word' id='word_1_245' title='bbox 1803 2345 1909 2399; x_wconf 80' lang='lat'>989</span> 
     </span>
    </p>
   </div>
   <div class='ocr_carea' id='block_1_41' title="bbox 256 2428 1910 2505">
    <p class='ocr_par' dir='ltr' id='par_1_41' title="bbox 256 2428 1910 2505">
     <span class='ocr_line' id='line_1_41' title="bbox 256 2428 1910 2505; baseline -0.002 -16"><span class='ocrx_word' id='word_1_246' title='bbox 256 2434 575 2503; x_wconf 82' lang='lat' dir='ltr'>ed.Rom.)</span> <span class='ocrx_word' id='word_1_247' title='bbox 618 2430 678 2483; x_wconf 79' lang='grc' dir='ltr'>ού</span> <span class='ocrx_word' id='word_1_248' title='bbox 715 2429 881 2502; x_wconf 81' lang='grc' dir='ltr'>μόνον</span> <span class='ocrx_word' id='word_1_249' title='bbox 936 2428 1012 2492; x_wconf 84' lang='grc' dir='ltr'>εἷς</span> <span class='ocrx_word' id='word_1_250' title='bbox 1069 2428 1245 2499; x_wconf 73' lang='grc' dir='ltr'>λήθην</span> <span class='ocrx_word' id='word_1_251' title='bbox 1297 2428 1710 2505; x_wconf 79' lang='grc' dir='ltr'>ἀλληγορεῖται,</span> <span class='ocrx_word' id='word_1_252' title='bbox 1766 2431 1910 2486; x_wconf 78' lang='grc' dir='ltr'>ἀλλὰ</span> 
     </span>
    </p>
   </div>
   <div class='ocr_carea' id='block_1_42' title="bbox 252 2517 1908 2593">
    <p class='ocr_par' dir='ltr' id='par_1_42' title="bbox 252 2517 1908 2593">
     <span class='ocr_line' id='line_1_42' title="bbox 252 2517 1908 2593; baseline -0.002 -16"><span class='ocrx_word' id='word_1_253' title='bbox 252 2522 357 2577; x_wconf 75' lang='grc' dir='ltr'>καὶ</span> <span class='ocrx_word' id='word_1_254' title='bbox 410 2520 484 2582; x_wconf 62' lang='grc' dir='ltr'>εἷς</span> <span class='ocrx_word' id='word_1_255' title='bbox 530 2519 695 2573; x_wconf 85' lang='grc' dir='ltr'>νύκτα</span> <span class='ocrx_word' id='word_1_256' title='bbox 744 2520 843 2587; x_wconf 68' lang='grc' dir='ltr'>τὴν</span> <span class='ocrx_word' id='word_1_257' title='bbox 893 2523 972 2590; x_wconf 82' lang='grc' dir='ltr'>τῷ</span> <span class='ocrx_word' id='word_1_258' title='bbox 1019 2517 1134 2591; x_wconf 70' lang='grc' dir='ltr'>ἀέρι</span> <span class='ocrx_word' id='word_1_259' title='bbox 1185 2519 1267 2572; x_wconf 82' lang='grc' dir='ltr'>Διὶ</span> <span class='ocrx_word' id='word_1_260' title='bbox 1298 2523 1676 2593; x_wconf 71' lang='grc' dir='ltr'>προσήκουσαν</span> <span class='ocrx_word' id='word_1_261' title='bbox 1711 2520 1798 2575; x_wconf 83' lang='grc' dir='ltr'>ὅτε</span> <span class='ocrx_word' id='word_1_262' title='bbox 1833 2522 1908 2593; x_wconf 71' lang='grc' dir='ltr'>μὴ</span> 
     </span>
    </p>
   </div>
   <div class='ocr_carea' id='block_1_43' title="bbox 257 2604 1913 2687">
    <p class='ocr_par' dir='ltr' id='par_1_43' title="bbox 257 2604 1913 2687">
     <span class='ocr_line' id='line_1_43' title="bbox 257 2604 1913 2687; baseline 0.001 -25"><span class='ocrx_word' id='word_1_263' title='bbox 257 2610 407 2687; x_wconf 71' lang='grc' dir='ltr'>φωτὶ</span> <span class='ocrx_word' id='word_1_264' title='bbox 465 2608 899 2679; x_wconf 74' lang='grc' dir='ltr'>καταλάμπεται,</span> <span class='ocrx_word' id='word_1_265' title='bbox 959 2605 1057 2661; x_wconf 84' lang='grc' dir='ltr'>οὐκ</span> <span class='ocrx_word' id='word_1_266' title='bbox 1108 2604 1166 2660; x_wconf 79' lang='grc' dir='ltr'>ἂν</span> <span class='ocrx_word' id='word_1_267' title='bbox 1229 2606 1311 2677; x_wconf 69' lang='grc' dir='ltr'>ε’ίη</span> <span class='ocrx_word' id='word_1_268' title='bbox 1369 2628 1450 2669; x_wconf 89' lang='grc' dir='ltr'>τις</span> <span class='ocrx_word' id='word_1_269' title='bbox 1507 2613 1613 2662; x_wconf 81' lang='grc' dir='ltr'>τῶν</span> <span class='ocrx_word' id='word_1_270' title='bbox 1644 2610 1766 2685; x_wconf 78' lang='grc' dir='ltr'>περὶ</span> <span class='ocrx_word' id='word_1_271' title='bbox 1816 2610 1913 2666; x_wconf 85' lang='grc' dir='ltr'>λό-</span> 
     </span>
    </p>
   </div>
   <div class='ocr_carea' id='block_1_44' title="bbox 258 2698 1913 2773">
    <p class='ocr_par' dir='ltr' id='par_1_44' title="bbox 258 2698 1913 2773">
     <span class='ocr_line' id='line_1_44' title="bbox 258 2698 1913 2773; baseline 0.002 -21"><span class='ocrx_word' id='word_1_272' title='bbox 258 2720 405 2773; x_wconf 81' lang='grc' dir='ltr'>γους</span> <span class='ocrx_word' id='word_1_273' title='bbox 464 2698 694 2772; x_wconf 84' lang='grc' dir='ltr'>ἀγνοῶν·</span> <span class='ocrx_word' id='word_1_274' title='bbox 758 2700 1032 2753; x_wconf 50' lang='lat' dir='ltr'>Latonam</span> <span class='ocrx_word' id='word_1_275' title='bbox 1083 2698 1378 2768; x_wconf 75' lang='lat' dir='ltr'>symbolice</span> <span class='ocrx_word' id='word_1_276' title='bbox 1434 2700 1729 2769; x_wconf 83' lang='lat' dir='ltr'>designare</span> <span class='ocrx_word' id='word_1_277' title='bbox 1798 2719 1913 2756; x_wconf 83' lang='lat' dir='ltr'>non</span> 
     </span>
    </p>
   </div>
   <div class='ocr_carea' id='block_1_45' title="bbox 254 2787 1911 2855">
    <p class='ocr_par' dir='ltr' id='par_1_45' title="bbox 254 2787 1911 2855">
     <span class='ocr_line' id='line_1_45' title="bbox 254 2787 1911 2855; baseline -0.001 -9"><span class='ocrx_word' id='word_1_278' title='bbox 254 2791 443 2847; x_wconf 82' lang='lat' dir='ltr'>solum</span> <span class='ocrx_word' id='word_1_279' title='bbox 466 2787 818 2855; x_wconf 71' lang='lat' dir='ltr'>oblivionem,</span> <span class='ocrx_word' id='word_1_280' title='bbox 852 2787 945 2843; x_wconf 81' lang='lat' dir='ltr'>sed</span> <span class='ocrx_word' id='word_1_281' title='bbox 974 2796 1024 2842; x_wconf 86' lang='lat' dir='ltr'>et</span> <span class='ocrx_word' id='word_1_282' title='bbox 1063 2797 1269 2842; x_wconf 85' lang='lat' dir='ltr'>noctem</span> <span class='ocrx_word' id='word_1_283' title='bbox 1300 2788 1421 2843; x_wconf 75' lang='lat' dir='ltr'>aeri</span> <span class='ocrx_word' id='word_1_284' title='bbox 1439 2792 1566 2846; x_wconf 83' lang='lat' dir='ltr'>Jovi</span> <span class='ocrx_word' id='word_1_285' title='bbox 1590 2793 1911 2846; x_wconf 79' lang='lat' dir='ltr'>convenien-</span> 
     </span>
    </p>
   </div>
   <div class='ocr_carea' id='block_1_46' title="bbox 266 2876 1916 2949">
    <p class='ocr_par' dir='ltr' id='par_1_46' title="bbox 266 2876 1916 2949">
     <span class='ocr_line' id='line_1_46' title="bbox 266 2876 1916 2949; baseline -0.001 -14"><span class='ocrx_word' id='word_1_286' title='bbox 266 2888 386 2934; x_wconf 79' lang='lat' dir='ltr'>tem</span> <span class='ocrx_word' id='word_1_287' title='bbox 412 2876 629 2949; x_wconf 84' lang='lat' dir='ltr'>quando</span> <span class='ocrx_word' id='word_1_288' title='bbox 661 2878 777 2931; x_wconf 71' lang='lat' dir='ltr'>lure</span> <span class='ocrx_word' id='word_1_289' title='bbox 834 2892 939 2931; x_wconf 82' lang='lat' dir='ltr'>non</span> <span class='ocrx_word' id='word_1_290' title='bbox 972 2876 1318 2945; x_wconf 77' lang='lat' dir='ltr'>illustratur,</span> <span class='ocrx_word' id='word_1_291' title='bbox 1365 2894 1521 2933; x_wconf 80' lang='lat' dir='ltr'>nemo</span> <span class='ocrx_word' id='word_1_292' title='bbox 1575 2879 1916 2935; x_wconf 61' lang='lat' dir='ltr'>eruditorum</span> 
     </span>
    </p>
   </div>
   <div class='ocr_carea' id='block_1_47' title="bbox 254 2967 1913 3039">
    <p class='ocr_par' dir='ltr' id='par_1_47' title="bbox 254 2967 1913 3039">
     <span class='ocr_line' id='line_1_47' title="bbox 254 2967 1913 3039; baseline -0.001 -16"><span class='ocrx_word' id='word_1_293' title='bbox 254 2970 627 3039; x_wconf 75' lang='lat' dir='ltr'>ignoraverit.</span> <span class='ocrx_word' id='word_1_294' title='bbox 662 2967 801 3019; x_wconf 91' lang='lat' dir='ltr'>lnde</span> <span class='ocrx_word' id='word_1_295' title='bbox 832 2967 903 3021; x_wconf 89' lang='lat' dir='ltr'>ad</span> <span class='ocrx_word' id='word_1_296' title='bbox 954 2982 1188 3020; x_wconf 86' lang='lat' dir='ltr'>versum</span> <span class='ocrx_word' id='word_1_297' title='bbox 1238 2968 1507 3035; x_wconf 89' lang='lat' dir='ltr'>superius</span> <span class='ocrx_word' id='word_1_298' title='bbox 1555 2969 1913 3039; x_wconf 90' lang='lat' dir='ltr'>descriptum</span> 
     </span>
    </p>
   </div>
   <div class='ocr_carea' id='block_1_48' title="bbox 257 3055 1918 3113">
    <p class='ocr_par' dir='ltr' id='par_1_48' title="bbox 257 3055 1918 3113">
     <span class='ocr_line' id='line_1_48' title="bbox 257 3055 1918 3113; baseline -0.001 0"><span class='ocrx_word' id='word_1_299' title='bbox 257 3064 325 3113; x_wconf 86' lang='lat' dir='ltr'>et</span> <span class='ocrx_word' id='word_1_300' title='bbox 360 3057 521 3112; x_wconf 80' lang='lat' dir='ltr'>Iliad.</span> <span class='ocrx_word' id='word_1_301' title='bbox 555 3075 583 3106; x_wconf 86' lang='grc' dir='ltr'>υ</span> <span class='ocrx_word' id='word_1_302' title='bbox 617 3055 770 3109; x_wconf 85' lang='lat' dir='ltr'>idem</span> <span class='ocrx_word' id='word_1_303' title='bbox 803 3055 1619 3110; x_wconf 78' lang='lat' dir='ltr'>enarratordoctissimushoc</span> <span class='ocrx_word' id='word_1_304' title='bbox 1648 3058 1918 3112; x_wconf 85' lang='lat' dir='ltr'>observat</span> 
     </span>
    </p>
   </div>
   <div class='ocr_carea' id='block_1_49' title="bbox 2006 1822 3650 1893">
    <p class='ocr_par' dir='ltr' id='par_1_49' title="bbox 2006 1822 3650 1893">
     <span class='ocr_line' id='line_1_49' title="bbox 2006 1822 3650 1893; baseline -0.004 -12"><span class='ocrx_word' id='word_1_305' title='bbox 2006 1827 2340 1881; x_wconf 89' lang='lat' dir='ltr'>adhibendo</span> <span class='ocrx_word' id='word_1_306' title='bbox 2371 1843 2503 1879; x_wconf 91' lang='lat' dir='ltr'>cum</span> <span class='ocrx_word' id='word_1_307' title='bbox 2539 1826 2925 1890; x_wconf 78' lang='lat' dir='ltr'>familiariter,</span> <span class='ocrx_word' id='word_1_308' title='bbox 2955 1829 3007 1878; x_wconf 88' lang='lat' dir='ltr'>et</span> <span class='ocrx_word' id='word_1_309' title='bbox 3052 1826 3179 1891; x_wconf 90' lang='lat' dir='ltr'>ejns</span> <span class='ocrx_word' id='word_1_310' title='bbox 3210 1839 3385 1893; x_wconf 86' lang='lat' dir='ltr'>Opera</span> <span class='ocrx_word' id='word_1_311' title='bbox 3446 1822 3650 1891; x_wconf 89' lang='lat' dir='ltr'>primis</span> 
     </span>
    </p>
   </div>
   <div class='ocr_carea' id='block_1_50' title="bbox 2008 1912 3649 1986">
    <p class='ocr_par' dir='ltr' id='par_1_50' title="bbox 2008 1912 3649 1986">
     <span class='ocr_line' id='line_1_50' title="bbox 2008 1912 3649 1986; baseline -0.005 -15"><span class='ocrx_word' id='word_1_312' title='bbox 2008 1916 2533 1971; x_wconf 84' lang='lat' dir='ltr'>administrationis</span> <span class='ocrx_word' id='word_1_313' title='bbox 2561 1916 2639 1969; x_wconf 86' lang='lat' dir='ltr'>rei</span> <span class='ocrx_word' id='word_1_314' title='bbox 2680 1915 2923 1986; x_wconf 66' lang='lat' dir='ltr'>publieae</span> <span class='ocrx_word' id='word_1_315' title='bbox 2975 1913 3371 1965; x_wconf 84' lang='lat' dir='ltr'>t&#39;unctionibus</span> <span class='ocrx_word' id='word_1_316' title='bbox 3411 1912 3649 1964; x_wconf 88' lang='lat' dir='ltr'>utendo.</span> 
     </span>
    </p>
   </div>
   <div class='ocr_carea' id='block_1_51' title="bbox 2008 2000 3649 2073">
    <p class='ocr_par' dir='ltr' id='par_1_51' title="bbox 2008 2000 3649 2073">
     <span class='ocr_line' id='line_1_51' title="bbox 2008 2000 3649 2073; baseline -0.006 -12"><span class='ocrx_word' id='word_1_317' title='bbox 2008 2008 2150 2061; x_wconf 89' lang='lat' dir='ltr'>Cum</span> <span class='ocrx_word' id='word_1_318' title='bbox 2182 2012 2375 2058; x_wconf 82' lang='lat' dir='ltr'>autem</span> <span class='ocrx_word' id='word_1_319' title='bbox 2410 2005 2615 2059; x_wconf 79' lang='lat' dir='ltr'>referat</span> <span class='ocrx_word' id='word_1_320' title='bbox 2639 2012 2918 2073; x_wconf 66' lang='lat' dir='ltr'>noster,p.</span> <span class='ocrx_word' id='word_1_321' title='bbox 2950 2000 3436 2070; x_wconf 77' lang='lat' dir='ltr'>98,Palaeologum</span> <span class='ocrx_word' id='word_1_322' title='bbox 3458 2000 3649 2053; x_wconf 68' lang='lat' dir='ltr'>statim</span> 
     </span>
    </p>
   </div>
   <div class='ocr_carea' id='block_1_52' title="bbox 2010 2094 3653 2165">
    <p class='ocr_par' dir='ltr' id='par_1_52' title="bbox 2010 2094 3653 2165">
     <span class='ocr_line' id='line_1_52' title="bbox 2010 2094 3653 2165; baseline -0.005 -16"><span class='ocrx_word' id='word_1_323' title='bbox 2010 2101 2186 2165; x_wconf 88' lang='lat' dir='ltr'>atque</span> <span class='ocrx_word' id='word_1_324' title='bbox 2216 2094 2545 2149; x_wconf 87' lang='lat' dir='ltr'>declaratus</span> <span class='ocrx_word' id='word_1_325' title='bbox 2578 2095 2892 2163; x_wconf 86' lang='lat' dir='ltr'>imperator</span> <span class='ocrx_word' id='word_1_326' title='bbox 2938 2098 3044 2151; x_wconf 81' lang='lat' dir='ltr'>est.</span> <span class='ocrx_word' id='word_1_327' title='bbox 3072 2096 3385 2160; x_wconf 90' lang='lat' dir='ltr'>antequam</span> <span class='ocrx_word' id='word_1_328' title='bbox 3411 2105 3653 2143; x_wconf 88' lang='lat' dir='ltr'>corona-</span> 
     </span>
    </p>
   </div>
   <div class='ocr_carea' id='block_1_53' title="bbox 2010 2177 3657 2253">
    <p class='ocr_par' dir='ltr' id='par_1_53' title="bbox 2010 2177 3657 2253">
     <span class='ocr_line' id='line_1_53' title="bbox 2010 2177 3657 2253; baseline -0.005 -15"><span class='ocrx_word' id='word_1_329' title='bbox 2010 2191 2189 2249; x_wconf 88' lang='lat' dir='ltr'>retur,</span> <span class='ocrx_word' id='word_1_330' title='bbox 2217 2183 2678 2253; x_wconf 88' lang='lat' dir='ltr'>Philadelphiam</span> <span class='ocrx_word' id='word_1_331' title='bbox 2710 2198 2843 2236; x_wconf 90' lang='lat' dir='ltr'>cnm</span> <span class='ocrx_word' id='word_1_332' title='bbox 2877 2181 3061 2251; x_wconf 91' lang='lat' dir='ltr'>copiis</span> <span class='ocrx_word' id='word_1_333' title='bbox 3095 2194 3486 2249; x_wconf 85' lang='lat' dir='ltr'>progressum,</span> <span class='ocrx_word' id='word_1_334' title='bbox 3519 2177 3657 2230; x_wconf 91' lang='lat' dir='ltr'>inde</span> 
     </span>
    </p>
   </div>
   <div class='ocr_carea' id='block_1_54' title="bbox 2010 2268 3657 2341">
    <p class='ocr_par' dir='ltr' id='par_1_54' title="bbox 2010 2268 3657 2341">
     <span class='ocr_line' id='line_1_54' title="bbox 2010 2268 3657 2341; baseline -0.005 -15"><span class='ocrx_word' id='word_1_335' title='bbox 2010 2273 2383 2327; x_wconf 86' lang='lat' dir='ltr'>accersivisse</span> <span class='ocrx_word' id='word_1_336' title='bbox 2417 2271 2803 2341; x_wconf 70' lang='lat' dir='ltr'>praeridiarios</span> <span class='ocrx_word' id='word_1_337' title='bbox 2834 2271 3154 2323; x_wconf 72' lang='lat' dir='ltr'>confinium</span> <span class='ocrx_word' id='word_1_338' title='bbox 3217 2268 3438 2321; x_wconf 83' lang='lat' dir='ltr'>Persidi</span> <span class='ocrx_word' id='word_1_339' title='bbox 3497 2280 3657 2319; x_wconf 83' lang='lat' dir='ltr'>mon-</span> 
     </span>
    </p>
   </div>
   <div class='ocr_carea' id='block_1_55' title="bbox 2013 2355 3655 2424">
    <p class='ocr_par' dir='ltr' id='par_1_55' title="bbox 2013 2355 3655 2424">
     <span class='ocr_line' id='line_1_55' title="bbox 2013 2355 3655 2424; baseline -0.005 -9"><span class='ocrx_word' id='word_1_340' title='bbox 2013 2363 2159 2416; x_wconf 90' lang='lat' dir='ltr'>tium</span> <span class='ocrx_word' id='word_1_341' title='bbox 2193 2363 2241 2415; x_wconf 92' lang='lat' dir='ltr'>ei</span> <span class='ocrx_word' id='word_1_342' title='bbox 2304 2378 2392 2415; x_wconf 88' lang='lat' dir='ltr'>res</span> <span class='ocrx_word' id='word_1_343' title='bbox 2425 2360 2585 2415; x_wconf 88' lang='lat' dir='ltr'>illius</span> <span class='ocrx_word' id='word_1_344' title='bbox 2620 2360 2824 2412; x_wconf 88' lang='lat' dir='ltr'>limitis</span> <span class='ocrx_word' id='word_1_345' title='bbox 2850 2360 3176 2424; x_wconf 85' lang='lat' dir='ltr'>ordinasse,</span> <span class='ocrx_word' id='word_1_346' title='bbox 3238 2355 3516 2410; x_wconf 89' lang='lat' dir='ltr'>credibile</span> <span class='ocrx_word' id='word_1_347' title='bbox 3565 2360 3655 2409; x_wconf 88' lang='lat' dir='ltr'>est</span> 
     </span>
    </p>
   </div>
   <div class='ocr_carea' id='block_1_56' title="bbox 2012 2442 3659 2519">
    <p class='ocr_par' dir='ltr' id='par_1_56' title="bbox 2012 2442 3659 2519">
     <span class='ocr_line' id='line_1_56' title="bbox 2012 2442 3659 2519; baseline -0.007 -14"><span class='ocrx_word' id='word_1_348' title='bbox 2012 2467 2078 2505; x_wconf 87' lang='lat' dir='ltr'>ex</span> <span class='ocrx_word' id='word_1_349' title='bbox 2103 2450 2323 2519; x_wconf 72' lang='lat' dir='ltr'>iisquae</span> <span class='ocrx_word' id='word_1_350' title='bbox 2355 2449 2447 2503; x_wconf 88' lang='lat' dir='ltr'>hic</span> <span class='ocrx_word' id='word_1_351' title='bbox 2475 2449 2839 2517; x_wconf 80' lang='lat' dir='ltr'>scribuntur,</span> <span class='ocrx_word' id='word_1_352' title='bbox 2873 2464 3046 2501; x_wconf 91' lang='lat' dir='ltr'>usum</span> <span class='ocrx_word' id='word_1_353' title='bbox 3099 2462 3232 2500; x_wconf 88' lang='lat' dir='ltr'>cum</span> <span class='ocrx_word' id='word_1_354' title='bbox 3274 2444 3332 2498; x_wconf 91' lang='lat' dir='ltr'>in</span> <span class='ocrx_word' id='word_1_355' title='bbox 3384 2449 3501 2497; x_wconf 83' lang='lat' dir='ltr'>toto</span> <span class='ocrx_word' id='word_1_356' title='bbox 3559 2442 3659 2495; x_wconf 90' lang='lat' dir='ltr'>illo</span> 
     </span>
    </p>
   </div>
   <div class='ocr_carea' id='block_1_57' title="bbox 2014 2533 3657 2610">
    <p class='ocr_par' dir='ltr' id='par_1_57' title="bbox 2014 2533 3657 2610">
     <span class='ocr_line' id='line_1_57' title="bbox 2014 2533 3657 2610; baseline -0.007 -16"><span class='ocrx_word' id='word_1_357' title='bbox 2014 2539 2244 2610; x_wconf 90' lang='lat' dir='ltr'>negotio</span> <span class='ocrx_word' id='word_1_358' title='bbox 2276 2544 2331 2592; x_wconf 89' lang='lat' dir='ltr'>et</span> <span class='ocrx_word' id='word_1_359' title='bbox 2359 2538 2603 2593; x_wconf 86' lang='lat' dir='ltr'>consilio</span> <span class='ocrx_word' id='word_1_360' title='bbox 2635 2544 2690 2591; x_wconf 90' lang='lat' dir='ltr'>et</span> <span class='ocrx_word' id='word_1_361' title='bbox 2741 2535 3069 2590; x_wconf 90' lang='lat' dir='ltr'>ministerio</span> <span class='ocrx_word' id='word_1_362' title='bbox 3126 2533 3407 2590; x_wconf 89' lang='lat' dir='ltr'>Chadeni.</span> <span class='ocrx_word' id='word_1_363' title='bbox 3464 2534 3657 2597; x_wconf 83' lang='lat' dir='ltr'>Quan-</span> 
     </span>
    </p>
   </div>
   <div class='ocr_carea' id='block_1_58' title="bbox 2014 2620 3651 2700">
    <p class='ocr_par' dir='ltr' id='par_1_58' title="bbox 2014 2620 3651 2700">
     <span class='ocr_line' id='line_1_58' title="bbox 2014 2620 3651 2700; baseline -0.002 -23"><span class='ocrx_word' id='word_1_364' title='bbox 2014 2646 2186 2700; x_wconf 80' lang='lat' dir='ltr'>quam</span> <span class='ocrx_word' id='word_1_365' title='bbox 2226 2628 2357 2681; x_wconf 82' lang='lat' dir='ltr'>huic.</span> <span class='ocrx_word' id='word_1_366' title='bbox 2391 2629 2734 2696; x_wconf 75' lang='lat' dir='ltr'>conjectura:</span> <span class='ocrx_word' id='word_1_367' title='bbox 2776 2625 3004 2680; x_wconf 88' lang='lat' dir='ltr'>videtur</span> <span class='ocrx_word' id='word_1_368' title='bbox 3056 2624 3438 2691; x_wconf 84' lang='lat' dir='ltr'>intercedere,</span> <span class='ocrx_word' id='word_1_369' title='bbox 3500 2620 3651 2691; x_wconf 92' lang='lat' dir='ltr'>quod</span> 
     </span>
    </p>
   </div>
   <div class='ocr_carea' id='block_1_59' title="bbox 2018 2712 3661 2773">
    <p class='ocr_par' dir='ltr' id='par_1_59' title="bbox 2018 2712 3661 2773">
     <span class='ocr_line' id='line_1_59' title="bbox 2018 2712 3661 2773; baseline -0.007 0"><span class='ocrx_word' id='word_1_370' title='bbox 2018 2726 2215 2773; x_wconf 88' lang='lat' dir='ltr'>noster</span> <span class='ocrx_word' id='word_1_371' title='bbox 2249 2715 2498 2771; x_wconf 88' lang='lat' dir='ltr'>bocloco</span> <span class='ocrx_word' id='word_1_372' title='bbox 2541 2715 2760 2769; x_wconf 76' lang='lat' dir='ltr'>indicat</span> <span class='ocrx_word' id='word_1_373' title='bbox 2820 2716 2990 2767; x_wconf 87' lang='lat' dir='ltr'>istam</span> <span class='ocrx_word' id='word_1_374' title='bbox 3051 2712 3406 2767; x_wconf 80' lang='lat' dir='ltr'>vexationem</span> <span class='ocrx_word' id='word_1_375' title='bbox 3464 2715 3661 2765; x_wconf 86' lang='lat' dir='ltr'>custo-</span> 
     </span>
    </p>
   </div>
   <div class='ocr_carea' id='block_1_60' title="bbox 2018 2798 3659 2872">
    <p class='ocr_par' dir='ltr' id='par_1_60' title="bbox 2018 2798 3659 2872">
     <span class='ocr_line' id='line_1_60' title="bbox 2018 2798 3659 2872; baseline -0.007 -11"><span class='ocrx_word' id='word_1_376' title='bbox 2018 2807 2305 2861; x_wconf 87' lang='lat' dir='ltr'>dicntium</span> <span class='ocrx_word' id='word_1_377' title='bbox 2349 2810 2574 2857; x_wconf 89' lang='lat' dir='ltr'>montes</span> <span class='ocrx_word' id='word_1_378' title='bbox 2630 2803 2847 2857; x_wconf 87' lang='lat' dir='ltr'>Persidi</span> <span class='ocrx_word' id='word_1_379' title='bbox 2913 2804 3235 2872; x_wconf 87' lang='lat' dir='ltr'>oppositos,</span> <span class='ocrx_word' id='word_1_380' title='bbox 3296 2817 3329 2853; x_wconf 89' lang='lat' dir='ltr'>a</span> <span class='ocrx_word' id='word_1_381' title='bbox 3386 2798 3659 2852; x_wconf 87' lang='lat' dir='ltr'>Chadeno</span> 
     </span>
    </p>
   </div>
   <div class='ocr_carea' id='block_1_61' title="bbox 2021 2887 3660 2966">
    <p class='ocr_par' dir='ltr' id='par_1_61' title="bbox 2021 2887 3660 2966">
     <span class='ocr_line' id='line_1_61' title="bbox 2021 2887 3660 2966; baseline -0.006 -18"><span class='ocrx_word' id='word_1_382' title='bbox 2021 2910 2356 2966; x_wconf 88' lang='lat' dir='ltr'>persuasam</span> <span class='ocrx_word' id='word_1_383' title='bbox 2392 2892 2621 2947; x_wconf 86' lang='lat' dir='ltr'>Micbeli</span> <span class='ocrx_word' id='word_1_384' title='bbox 2658 2890 2976 2944; x_wconf 71' lang='lat' dir='ltr'>Palaaolobo</span> <span class='ocrx_word' id='word_1_385' title='bbox 3020 2893 3144 2958; x_wconf 82' lang='lat' dir='ltr'>jam</span> <span class='ocrx_word' id='word_1_386' title='bbox 3204 2888 3540 2957; x_wconf 88' lang='lat' dir='ltr'>imperanti,</span> <span class='ocrx_word' id='word_1_387' title='bbox 3590 2887 3660 2939; x_wconf 88' lang='lat' dir='ltr'>ad</span> 
     </span>
    </p>
   </div>
   <div class='ocr_carea' id='block_1_62' title="bbox 2020 2977 3665 3055">
    <p class='ocr_par' dir='ltr' id='par_1_62' title="bbox 2020 2977 3665 3055">
     <span class='ocr_line' id='line_1_62' title="bbox 2020 2977 3665 3055; baseline -0.006 -18"><span class='ocrx_word' id='word_1_388' title='bbox 2020 2984 2341 3055; x_wconf 84' lang='lat' dir='ltr'>posteriora</span> <span class='ocrx_word' id='word_1_389' title='bbox 2373 2987 2723 3051; x_wconf 63' lang='lat' dir='ltr'>recuperata}</span> <span class='ocrx_word' id='word_1_390' title='bbox 2781 2977 3319 3047; x_wconf 87' lang='lat' dir='ltr'>Constantinopolis</span> <span class='ocrx_word' id='word_1_391' title='bbox 3378 2977 3665 3045; x_wconf 86' lang='lat' dir='ltr'>pertinere</span> 
     </span>
    </p>
   </div>
   <div class='ocr_carea' id='block_1_63' title="bbox 2022 3066 3662 3141">
    <p class='ocr_par' dir='ltr' id='par_1_63' title="bbox 2022 3066 3662 3141">
     <span class='ocr_line' id='line_1_63' title="bbox 2022 3066 3662 3141; baseline -0.008 -14"><span class='ocrx_word' id='word_1_392' title='bbox 2022 3078 2303 3141; x_wconf 86' lang='lat' dir='ltr'>tempora.</span> <span class='ocrx_word' id='word_1_393' title='bbox 2337 3074 2523 3133; x_wconf 85' lang='lat' dir='ltr'>Quare</span> <span class='ocrx_word' id='word_1_394' title='bbox 2552 3070 2662 3123; x_wconf 83' lang='lat' dir='ltr'>nisi</span> <span class='ocrx_word' id='word_1_395' title='bbox 2694 3069 2979 3137; x_wconf 76' lang='lat' dir='ltr'>prolepsis</span> <span class='ocrx_word' id='word_1_396' title='bbox 3030 3067 3124 3121; x_wconf 90' lang='lat' dir='ltr'>hic</span> <span class='ocrx_word' id='word_1_397' title='bbox 3168 3066 3432 3136; x_wconf 65' lang='lat' dir='ltr'>quaedam</span> <span class='ocrx_word' id='word_1_398' title='bbox 3481 3080 3662 3133; x_wconf 73' lang='lat' dir='ltr'>agno~</span> 
     </span>
    </p>
   </div>
   <div class='ocr_carea' id='block_1_64' title="bbox 251 3132 1903 3230">
    <p class='ocr_par' dir='ltr' id='par_1_64' title="bbox 251 3139 1903 3219">
     <span class='ocr_line' id='line_1_64' title="bbox 251 3139 1903 3219; baseline -0.002 -18"><span class='ocrx_word' id='word_1_399' title='bbox 251 3146 356 3219; x_wconf 84' lang='lat' dir='ltr'>(ed</span> <span class='ocrx_word' id='word_1_400' title='bbox 384 3151 550 3198; x_wconf 77' lang='lat' dir='ltr'>Rom.</span> <span class='ocrx_word' id='word_1_401' title='bbox 583 3161 637 3214; x_wconf 89' lang='lat' dir='ltr'>p.</span> <span class='ocrx_word' id='word_1_402' title='bbox 676 3144 833 3214; x_wconf 80' lang='grc'>1197)</span> <span class='ocrx_word' id='word_1_403' title='bbox 867 3159 879 3195; x_wconf 85' lang='lat'>:</span> <span class='ocrx_word' id='word_1_404' title='bbox 917 3147 1091 3211; x_wconf 76' lang='grc' dir='ltr'>Λητοῖ</span> <span class='ocrx_word' id='word_1_405' title='bbox 1140 3139 1215 3209; x_wconf 78' lang='grc' dir='ltr'>δὲ,</span> <span class='ocrx_word' id='word_1_406' title='bbox 1249 3143 1434 3218; x_wconf 74' lang='grc' dir='ltr'>φησὶν,</span> <span class='ocrx_word' id='word_1_407' title='bbox 1476 3142 1699 3213; x_wconf 71' lang='grc' dir='ltr'>ἀντέστη</span> <span class='ocrx_word' id='word_1_408' title='bbox 1734 3148 1903 3206; x_wconf 80' lang='grc' dir='ltr'>σῶκος</span> 
     </span>
    </p>
   </div>
   <div class='ocr_carea' id='block_1_65' title="bbox 2026 3132 3666 3230">
    <p class='ocr_par' dir='ltr' id='par_1_65' title="bbox 2026 3132 3666 3230">
     <span class='ocr_line' id='line_1_65' title="bbox 2026 3132 3666 3230; baseline -0.007 -14"><span class='ocrx_word' id='word_1_409' title='bbox 2026 3132 2227 3227; x_wconf 77' lang='lat' dir='ltr'>scitur,</span> <span class='ocrx_word' id='word_1_410' title='bbox 2283 3159 2663 3230; x_wconf 58' lang='lat' dir='ltr'>quaerendum</span> <span class='ocrx_word' id='word_1_411' title='bbox 2696 3132 2872 3211; x_wconf 66' lang='lat' dir='ltr'>alibi</span> <span class='ocrx_word' id='word_1_412' title='bbox 2927 3162 3017 3210; x_wconf 86' lang='lat' dir='ltr'>est</span> <span class='ocrx_word' id='word_1_413' title='bbox 3070 3132 3306 3226; x_wconf 78' lang='lat' dir='ltr'>quando</span> <span class='ocrx_word' id='word_1_414' title='bbox 3353 3132 3666 3222; x_wconf 79' lang='lat' dir='ltr'>contigerit</span> 
     </span>
    </p>
   </div>
   <div class='ocr_carea' id='block_1_66' title="bbox 254 3228 1916 3307">
    <p class='ocr_par' dir='ltr' id='par_1_66' title="bbox 254 3228 1916 3307">
     <span class='ocr_line' id='line_1_66' title="bbox 254 3228 1916 3307; baseline 0.001 -23"><span class='ocrx_word' id='word_1_415' title='bbox 254 3231 540 3307; x_wconf 70' lang='grc' dir='ltr'>ἐριούτιος</span> <span class='ocrx_word' id='word_1_416' title='bbox 572 3232 801 3305; x_wconf 79' lang='grc' dir='ltr'>Ἑρμῆς·</span> <span class='ocrx_word' id='word_1_417' title='bbox 837 3231 993 3304; x_wconf 84' lang='grc' dir='ltr'>οἲπερ</span> <span class='ocrx_word' id='word_1_418' title='bbox 1025 3228 1175 3291; x_wconf 70' lang='grc' dir='ltr'>αὖθις</span> <span class='ocrx_word' id='word_1_419' title='bbox 1203 3232 1410 3300; x_wconf 82' lang='grc' dir='ltr'>ἠθικῶς</span> <span class='ocrx_word' id='word_1_420' title='bbox 1461 3228 1916 3305; x_wconf 72' lang='grc' dir='ltr'>ἐκλαμϐάνονται,</span> 
     </span>
    </p>
   </div>
   <div class='ocr_carea' id='block_1_67' title="bbox 253 3316 1920 3395">
    <p class='ocr_par' dir='ltr' id='par_1_67' title="bbox 253 3316 1920 3395">
     <span class='ocr_line' id='line_1_67' title="bbox 253 3316 1920 3395; baseline 0.004 -22"><span class='ocrx_word' id='word_1_421' title='bbox 253 3325 294 3391; x_wconf 77' lang='grc' dir='ltr'>ἡ</span> <span class='ocrx_word' id='word_1_422' title='bbox 340 3322 437 3393; x_wconf 77' lang='grc' dir='ltr'>μὶν</span> <span class='ocrx_word' id='word_1_423' title='bbox 472 3319 549 3381; x_wconf 70' lang='grc' dir='ltr'>εἷς</span> <span class='ocrx_word' id='word_1_424' title='bbox 599 3319 800 3388; x_wconf 75' lang='grc' dir='ltr'>λήθην,</span> <span class='ocrx_word' id='word_1_425' title='bbox 845 3316 950 3373; x_wconf 84' lang='grc' dir='ltr'>ὁδ’</span> <span class='ocrx_word' id='word_1_426' title='bbox 1001 3319 1075 3380; x_wconf 80' lang='grc' dir='ltr'>εἰς</span> <span class='ocrx_word' id='word_1_427' title='bbox 1130 3320 1291 3393; x_wconf 81' lang='grc' dir='ltr'>Λόγον</span> <span class='ocrx_word' id='word_1_428' title='bbox 1345 3320 1728 3395; x_wconf 81' lang='grc' dir='ltr'>μεταγόμενοι.</span> <span class='ocrx_word' id='word_1_429' title='bbox 1791 3325 1920 3379; x_wconf 62' lang='grc' dir='ltr'>Ηὶῐιϐ</span> 
     </span>
    </p>
   </div>
   <div class='ocr_carea' id='block_1_68' title="bbox 257 3410 1918 3482">
    <p class='ocr_par' dir='ltr' id='par_1_68' title="bbox 257 3410 1918 3482">
     <span class='ocr_line' id='line_1_68' title="bbox 257 3410 1918 3482; baseline 0.001 -14"><span class='ocrx_word' id='word_1_430' title='bbox 257 3413 392 3479; x_wconf 90' lang='lat' dir='ltr'>ille,</span> <span class='ocrx_word' id='word_1_431' title='bbox 430 3428 560 3482; x_wconf 73' lang='lat' dir='ltr'>quae</span> <span class='ocrx_word' id='word_1_432' title='bbox 596 3410 859 3464; x_wconf 81' lang='lat' dir='ltr'>indicant</span> <span class='ocrx_word' id='word_1_433' title='bbox 906 3411 1205 3481; x_wconf 83' lang='lat' dir='ltr'>ingeniose</span> <span class='ocrx_word' id='word_1_434' title='bbox 1235 3413 1644 3468; x_wconf 88' lang='lat' dir='ltr'>adumbratam</span> <span class='ocrx_word' id='word_1_435' title='bbox 1706 3415 1775 3469; x_wconf 90' lang='lat' dir='ltr'>ab</span> <span class='ocrx_word' id='word_1_436' title='bbox 1811 3415 1918 3469; x_wconf 86' lang='lat' dir='ltr'>Ho-</span> 
     </span>
    </p>
   </div>
   <div class='ocr_carea' id='block_1_69' title="bbox 272 3500 1924 3566">
    <p class='ocr_par' dir='ltr' id='par_1_69' title="bbox 272 3500 1924 3566">
     <span class='ocr_line' id='line_1_69' title="bbox 272 3500 1924 3566; baseline 0 -10"><span class='ocrx_word' id='word_1_437' title='bbox 272 3517 468 3566; x_wconf 89' lang='lat' dir='ltr'>mero,</span> <span class='ocrx_word' id='word_1_438' title='bbox 515 3501 624 3554; x_wconf 90' lang='lat' dir='ltr'>isto</span> <span class='ocrx_word' id='word_1_439' title='bbox 682 3502 896 3553; x_wconf 79' lang='lat' dir='ltr'>infesto</span> <span class='ocrx_word' id='word_1_440' title='bbox 954 3500 1201 3553; x_wconf 89' lang='lat' dir='ltr'>invicem</span> <span class='ocrx_word' id='word_1_441' title='bbox 1260 3500 1498 3555; x_wconf 88' lang='lat' dir='ltr'>incursu</span> <span class='ocrx_word' id='word_1_442' title='bbox 1553 3503 1818 3557; x_wconf 78' lang='lat' dir='ltr'>Mercurii</span> <span class='ocrx_word' id='word_1_443' title='bbox 1868 3507 1924 3556; x_wconf 89' lang='lat' dir='ltr'>et</span> 
     </span>
    </p>
   </div>
   <div class='ocr_carea' id='block_1_70' title="bbox 264 3588 1920 3658">
    <p class='ocr_par' dir='ltr' id='par_1_70' title="bbox 264 3588 1920 3658">
     <span class='ocr_line' id='line_1_70' title="bbox 264 3588 1920 3658; baseline -0.001 -12"><span class='ocrx_word' id='word_1_444' title='bbox 264 3592 530 3655; x_wconf 60' lang='lat' dir='ltr'>Latonia,</span> <span class='ocrx_word' id='word_1_445' title='bbox 555 3595 847 3643; x_wconf 84' lang='lat' dir='ltr'>certamen</span> <span class='ocrx_word' id='word_1_446' title='bbox 882 3590 1175 3658; x_wconf 84' lang='lat' dir='ltr'>quoddam</span> <span class='ocrx_word' id='word_1_447' title='bbox 1203 3588 1479 3645; x_wconf 88' lang='lat' dir='ltr'>orationis</span> <span class='ocrx_word' id='word_1_448' title='bbox 1512 3595 1569 3644; x_wconf 89' lang='lat' dir='ltr'>et</span> <span class='ocrx_word' id='word_1_449' title='bbox 1594 3590 1920 3645; x_wconf 87' lang='lat' dir='ltr'>litterarum</span> 
     </span>
    </p>
   </div>
   <div class='ocr_carea' id='block_1_71' title="bbox 264 3678 1921 3753">
    <p class='ocr_par' dir='ltr' id='par_1_71' title="bbox 264 3678 1921 3753">
     <span class='ocr_line' id='line_1_71' title="bbox 264 3678 1921 3753; baseline 0 -19"><span class='ocrx_word' id='word_1_450' title='bbox 264 3697 376 3753; x_wconf 87' lang='lat' dir='ltr'>per</span> <span class='ocrx_word' id='word_1_451' title='bbox 390 3678 740 3733; x_wconf 83' lang='lat' dir='ltr'>Mercurium</span> <span class='ocrx_word' id='word_1_452' title='bbox 766 3678 1513 3747; x_wconf 87' lang='lat' dir='ltr'>designatarum,adversus</span> <span class='ocrx_word' id='word_1_453' title='bbox 1532 3681 1921 3749; x_wconf 78' lang='lat' dir='ltr'>ignorantiam</span> 
     </span>
    </p>
   </div>
   <div class='ocr_carea' id='block_1_72' title="bbox 264 3766 1924 3824">
    <p class='ocr_par' dir='ltr' id='par_1_72' title="bbox 264 3766 1924 3824">
     <span class='ocr_line' id='line_1_72' title="bbox 264 3766 1924 3824; baseline -0.001 0"><span class='ocrx_word' id='word_1_454' title='bbox 264 3771 711 3824; x_wconf 84' lang='lat' dir='ltr'>transactarum</span> <span class='ocrx_word' id='word_1_455' title='bbox 759 3782 949 3819; x_wconf 90' lang='lat' dir='ltr'>rerum</span> <span class='ocrx_word' id='word_1_456' title='bbox 998 3766 1287 3820; x_wconf 88' lang='lat' dir='ltr'>oblivione</span> <span class='ocrx_word' id='word_1_457' title='bbox 1337 3767 1679 3821; x_wconf 82' lang='lat' dir='ltr'>mortalibus</span> <span class='ocrx_word' id='word_1_458' title='bbox 1724 3769 1924 3822; x_wconf 89' lang='lat' dir='ltr'>induci</span> 
     </span>
    </p>
   </div>
   <div class='ocr_carea' id='block_1_73' title="bbox 265 3855 1926 3923">
    <p class='ocr_par' dir='ltr' id='par_1_73' title="bbox 265 3855 1926 3923">
     <span class='ocr_line' id='line_1_73' title="bbox 265 3855 1926 3923; baseline 0 -12"><span class='ocrx_word' id='word_1_459' title='bbox 265 3857 535 3921; x_wconf 84' lang='lat' dir='ltr'>solitam,</span> <span class='ocrx_word' id='word_1_460' title='bbox 581 3856 720 3910; x_wconf 80' lang='lat' dir='ltr'>du&#39;n</span> <span class='ocrx_word' id='word_1_461' title='bbox 754 3856 1007 3917; x_wconf 77' lang='lat' dir='ltr'>historia,</span> <span class='ocrx_word' id='word_1_462' title='bbox 1058 3860 1123 3909; x_wconf 91' lang='lat' dir='ltr'>ut</span> <span class='ocrx_word' id='word_1_463' title='bbox 1170 3855 1467 3923; x_wconf 81' lang='lat' dir='ltr'>eleganter</span> <span class='ocrx_word' id='word_1_464' title='bbox 1513 3857 1713 3910; x_wconf 81' lang='lat' dir='ltr'>scribit</span> <span class='ocrx_word' id='word_1_465' title='bbox 1762 3860 1926 3912; x_wconf 86' lang='lat' dir='ltr'>Anna</span> 
     </span>
    </p>
   </div>
   <div class='ocr_carea' id='block_1_74' title="bbox 264 3943 1925 4013">
    <p class='ocr_par' dir='ltr' id='par_1_74' title="bbox 264 3943 1925 4013">
     <span class='ocr_line' id='line_1_74' title="bbox 264 3943 1925 4013; baseline 0 -14"><span class='ocrx_word' id='word_1_466' title='bbox 264 3947 576 3999; x_wconf 87' lang='lat' dir='ltr'>Comnena</span> <span class='ocrx_word' id='word_1_467' title='bbox 635 3943 691 3995; x_wconf 91' lang='lat' dir='ltr'>in</span> <span class='ocrx_word' id='word_1_468' title='bbox 742 3944 1083 3997; x_wconf 71' lang='lat' dir='ltr'>Przefatione</span> <span class='ocrx_word' id='word_1_469' title='bbox 1137 3944 1208 3996; x_wconf 88' lang='lat' dir='ltr'>ad</span> <span class='ocrx_word' id='word_1_470' title='bbox 1269 3944 1656 4013; x_wconf 65' lang='lat' dir='ltr'>Alemandium,</span> <span class='ocrx_word' id='word_1_471' title='bbox 1699 3946 1776 3999; x_wconf 83' lang='lat' dir='ltr'>Ad</span> <span class='ocrx_word' id='word_1_472' title='bbox 1822 3946 1925 3999; x_wconf 84' lang='lat' dir='ltr'>Lc-</span> 
     </span>
    </p>
   </div>
   <div class='ocr_carea' id='block_1_75' title="bbox 265 4032 1928 4102">
    <p class='ocr_par' dir='ltr' id='par_1_75' title="bbox 265 4032 1928 4102">
     <span class='ocr_line' id='line_1_75' title="bbox 265 4032 1928 4102; baseline 0.001 -14"><span class='ocrx_word' id='word_1_473' title='bbox 265 4036 465 4088; x_wconf 82' lang='lat' dir='ltr'>theum</span> <span class='ocrx_word' id='word_1_474' title='bbox 525 4032 817 4102; x_wconf 83' lang='lat' dir='ltr'>quemdam</span> <span class='ocrx_word' id='word_1_475' title='bbox 846 4039 1149 4086; x_wconf 74' lang='lat' dir='ltr'>torrentem</span> <span class='ocrx_word' id='word_1_476' title='bbox 1192 4032 1459 4102; x_wconf 83' lang='lat' dir='ltr'>objicelur</span> <span class='ocrx_word' id='word_1_477' title='bbox 1502 4034 1647 4087; x_wconf 81' lang='lat' dir='ltr'>velut</span> <span class='ocrx_word' id='word_1_478' title='bbox 1703 4035 1928 4090; x_wconf 66' lang='lat' dir='ltr'>invictae</span> 
     </span>
    </p>
   </div>
   <div class='ocr_carea' id='block_1_76' title="bbox 263 4120 1928 4191">
    <p class='ocr_par' dir='ltr' id='par_1_76' title="bbox 263 4120 1928 4191">
     <span class='ocr_line' id='line_1_76' title="bbox 263 4120 1928 4191; baseline -0.001 -14"><span class='ocrx_word' id='word_1_479' title='bbox 263 4122 579 4177; x_wconf 80' lang='lat' dir='ltr'>soliditatis</span> <span class='ocrx_word' id='word_1_480' title='bbox 610 4120 798 4184; x_wconf 80' lang='lat' dir='ltr'>moles,</span> <span class='ocrx_word' id='word_1_481' title='bbox 824 4122 1163 4191; x_wconf 73' lang='lat' dir='ltr'>praecipitem</span> <span class='ocrx_word' id='word_1_482' title='bbox 1194 4121 1589 4191; x_wconf 78' lang='lat' dir='ltr'>quodammodo</span> <span class='ocrx_word' id='word_1_483' title='bbox 1622 4123 1928 4177; x_wconf 79' lang='lat' dir='ltr'>inhibitum</span> 
     </span>
    </p>
   </div>
   <div class='ocr_carea' id='block_1_77' title="bbox 268 4208 1927 4283">
    <p class='ocr_par' dir='ltr' id='par_1_77' title="bbox 268 4208 1927 4283">
     <span class='ocr_line' id='line_1_77' title="bbox 268 4208 1927 4283; baseline 0 -18"><span class='ocrx_word' id='word_1_484' title='bbox 268 4212 496 4281; x_wconf 73' lang='lat' dir='ltr'>lapsum</span> <span class='ocrx_word' id='word_1_485' title='bbox 555 4208 836 4279; x_wconf 84' lang='lat' dir='ltr'>temporis,</span> <span class='ocrx_word' id='word_1_486' title='bbox 869 4214 1011 4263; x_wconf 76' lang='lat' dir='ltr'>certe</span> <span class='ocrx_word' id='word_1_487' title='bbox 1038 4209 1389 4278; x_wconf 75' lang='lat' dir='ltr'>prohibitura</span> <span class='ocrx_word' id='word_1_488' title='bbox 1445 4227 1513 4266; x_wconf 86' lang='lat' dir='ltr'>ne</span> <span class='ocrx_word' id='word_1_489' title='bbox 1572 4228 1697 4283; x_wconf 71' lang='lat' dir='ltr'>quae</span> <span class='ocrx_word' id='word_1_490' title='bbox 1751 4214 1810 4266; x_wconf 86' lang='lat' dir='ltr'>in</span> <span class='ocrx_word' id='word_1_491' title='bbox 1868 4228 1927 4268; x_wconf 86' lang='lat' dir='ltr'>eo</span> 
     </span>
    </p>
   </div>
   <div class='ocr_carea' id='block_1_78' title="bbox 266 4297 1927 4371">
    <p class='ocr_par' dir='ltr' id='par_1_78' title="bbox 266 4297 1927 4371">
     <span class='ocr_line' id='line_1_78' title="bbox 266 4297 1927 4371; baseline 0.002 -18"><span class='ocrx_word' id='word_1_492' title='bbox 266 4304 436 4371; x_wconf 80' lang='lat' dir='ltr'>gesta</span> <span class='ocrx_word' id='word_1_493' title='bbox 463 4304 592 4351; x_wconf 85' lang='lat' dir='ltr'>sunt</span> <span class='ocrx_word' id='word_1_494' title='bbox 625 4298 811 4351; x_wconf 84' lang='lat' dir='ltr'>omnia</span> <span class='ocrx_word' id='word_1_495' title='bbox 842 4297 1291 4367; x_wconf 70' lang='lat' dir='ltr'>irreparabiliter</span> <span class='ocrx_word' id='word_1_496' title='bbox 1347 4300 1721 4367; x_wconf 84' lang='lat' dir='ltr'>obliterealur,</span> <span class='ocrx_word' id='word_1_497' title='bbox 1774 4307 1882 4356; x_wconf 87' lang='lat' dir='ltr'>etc.</span> <span class='ocrx_word' id='word_1_498' title='bbox 1910 4322 1927 4367; x_wconf 79' lang='lat'>,-</span> 
     </span>
    </p>
   </div>
   <div class='ocr_carea' id='block_1_79' title="bbox 270 4383 1925 4464">
    <p class='ocr_par' dir='ltr' id='par_1_79' title="bbox 270 4383 1925 4464">
     <span class='ocr_line' id='line_1_79' title="bbox 270 4383 1925 4464; baseline 0.002 -25"><span class='ocrx_word' id='word_1_499' title='bbox 270 4385 437 4442; x_wconf 81' lang='grc' dir='ltr'>Ἀλλ’</span> <span class='ocrx_word' id='word_1_500' title='bbox 498 4386 526 4438; x_wconf 77' lang='grc' dir='ltr'>’ὁ</span> <span class='ocrx_word' id='word_1_501' title='bbox 583 4405 641 4458; x_wconf 83' lang='grc' dir='ltr'><strong>γε</strong></span> <span class='ocrx_word' id='word_1_502' title='bbox 690 4383 857 4457; x_wconf 81' lang='grc' dir='ltr'>λόγος</span> <span class='ocrx_word' id='word_1_503' title='bbox 887 4391 987 4452; x_wconf 74' lang='grc' dir='ltr'>τῆς</span> <span class='ocrx_word' id='word_1_504' title='bbox 1017 4385 1253 4458; x_wconf 75' lang='grc' dir='ltr'>ἱστορίας</span> <span class='ocrx_word' id='word_1_505' title='bbox 1295 4384 1470 4459; x_wconf 73' lang='grc' dir='ltr'>ἔρυμα</span> <span class='ocrx_word' id='word_1_506' title='bbox 1517 4391 1925 4464; x_wconf 74' lang='grc' dir='ltr'>καρτερώτατον</span> 
     </span>
    </p>
   </div>
   <div class='ocr_carea' id='block_1_80' title="bbox 267 4469 1517 4549">
    <p class='ocr_par' dir='ltr' id='par_1_80' title="bbox 267 4469 1517 4549">
     <span class='ocr_line' id='line_1_80' title="bbox 267 4469 1517 4549; baseline 0.001 -20"><span class='ocrx_word' id='word_1_507' title='bbox 267 4475 481 4549; x_wconf 82' lang='grc' dir='ltr'>γίνεται</span> <span class='ocrx_word' id='word_1_508' title='bbox 538 4477 616 4543; x_wconf 83' lang='grc' dir='ltr'>τῷ</span> <span class='ocrx_word' id='word_1_509' title='bbox 670 4477 767 4527; x_wconf 73' lang='grc' dir='ltr'>τοῦ</span> <span class='ocrx_word' id='word_1_510' title='bbox 828 4469 1030 4547; x_wconf 78' lang='grc' dir='ltr'>χρόνου</span> <span class='ocrx_word' id='word_1_511' title='bbox 1082 4473 1329 4548; x_wconf 73' lang='grc' dir='ltr'>ῥεύματι,</span> <span class='ocrx_word' id='word_1_512' title='bbox 1379 4475 1517 4530; x_wconf 69' lang='grc' dir='ltr'>καὶῖ</span> 
     </span>
    </p>
   </div>
   <div class='ocr_carea' id='block_1_81' title="bbox 264 4562 1927 4639">
    <p class='ocr_par' dir='ltr' id='par_1_81' title="bbox 264 4562 1927 4639">
     <span class='ocr_line' id='line_1_81' title="bbox 264 4562 1927 4639; baseline 0.002 -22"><span class='ocrx_word' id='word_1_513' title='bbox 264 4564 393 4618; x_wconf 67' lang='grc' dir='ltr'>τινὰ</span> <span class='ocrx_word' id='word_1_514' title='bbox 450 4564 549 4631; x_wconf 75' lang='grc' dir='ltr'>τὴν</span> <span class='ocrx_word' id='word_1_515' title='bbox 612 4562 897 4615; x_wconf 75' lang='grc' dir='ltr'>ἀκάθεκτον</span> <span class='ocrx_word' id='word_1_516' title='bbox 955 4562 1151 4616; x_wconf 84' lang='grc' dir='ltr'>τούτου</span> <span class='ocrx_word' id='word_1_517' title='bbox 1210 4562 1363 4635; x_wconf 72' lang='grc' dir='ltr'>ῥοὴν,</span> <span class='ocrx_word' id='word_1_518' title='bbox 1425 4566 1515 4619; x_wconf 73' lang='grc' dir='ltr'>καὶ</span> <span class='ocrx_word' id='word_1_519' title='bbox 1572 4568 1634 4620; x_wconf 78' lang='grc' dir='ltr'>τὸ</span> <span class='ocrx_word' id='word_1_520' title='bbox 1678 4566 1729 4620; x_wconf 76' lang='grc' dir='ltr'>ἑν</span> <span class='ocrx_word' id='word_1_521' title='bbox 1780 4566 1927 4639; x_wconf 81' lang='grc' dir='ltr'>αύτῴ</span> 
     </span>
    </p>
   </div>
   <div class='ocr_carea' id='block_1_82' title="bbox 268 4650 1926 4731">
    <p class='ocr_par' dir='ltr' id='par_1_82' title="bbox 268 4650 1926 4731">
     <span class='ocr_line' id='line_1_82' title="bbox 268 4650 1926 4731; baseline 0.002 -26"><span class='ocrx_word' id='word_1_522' title='bbox 268 4652 538 4728; x_wconf 76' lang='grc' dir='ltr'>γινόμενα</span> <span class='ocrx_word' id='word_1_523' title='bbox 597 4650 769 4704; x_wconf 80' lang='grc' dir='ltr'>πάντα</span> <span class='ocrx_word' id='word_1_524' title='bbox 828 4652 1001 4705; x_wconf 75' lang='grc' dir='ltr'>ὁπόσα</span> <span class='ocrx_word' id='word_1_525' title='bbox 1066 4654 1499 4727; x_wconf 72' lang='grc' dir='ltr'>συμπεριείληφε</span> <span class='ocrx_word' id='word_1_526' title='bbox 1556 4658 1769 4731; x_wconf 73' lang='grc' dir='ltr'>συνέχει</span> <span class='ocrx_word' id='word_1_527' title='bbox 1835 4657 1926 4709; x_wconf 82' lang='grc' dir='ltr'>καὶ</span> 
     </span>
    </p>
   </div>
   <div class='ocr_carea' id='block_1_83' title="bbox 268 4738 1923 4818">
    <p class='ocr_par' dir='ltr' id='par_1_83' title="bbox 268 4738 1923 4818">
     <span class='ocr_line' id='line_1_83' title="bbox 268 4738 1923 4818; baseline 0.002 -23"><span class='ocrx_word' id='word_1_528' title='bbox 268 4740 625 4815; x_wconf 75' lang='grc' dir='ltr'>περισφίγγει</span> <span class='ocrx_word' id='word_1_529' title='bbox 649 4739 738 4793; x_wconf 84' lang='grc' dir='ltr'>καὶ</span> <span class='ocrx_word' id='word_1_530' title='bbox 762 4739 861 4793; x_wconf 73' lang='grc' dir='ltr'>οὐκ</span> <span class='ocrx_word' id='word_1_531' title='bbox 886 4740 945 4810; x_wconf 79' lang='grc' dir='ltr'>ἐᾷ</span> <span class='ocrx_word' id='word_1_532' title='bbox 975 4738 1354 4804; x_wconf 78' lang='grc' dir='ltr'>διολισθαίνειν</span> <span class='ocrx_word' id='word_1_533' title='bbox 1388 4744 1463 4804; x_wconf 80' lang='grc' dir='ltr'>εἰς</span> <span class='ocrx_word' id='word_1_534' title='bbox 1499 4744 1672 4814; x_wconf 70' lang='grc' dir='ltr'>λήθης</span> <span class='ocrx_word' id='word_1_535' title='bbox 1709 4746 1923 4818; x_wconf 72' lang='grc' dir='ltr'>βύθούς.</span> 
     </span>
    </p>
   </div>
   <div class='ocr_carea' id='block_1_84' title="bbox 274 4831 1924 4904">
    <p class='ocr_par' dir='ltr' id='par_1_84' title="bbox 274 4831 1924 4904">
     <span class='ocr_line' id='line_1_84' title="bbox 274 4831 1924 4904; baseline 0.002 -18"><span class='ocrx_word' id='word_1_536' title='bbox 274 4831 408 4886; x_wconf 71' lang='lat' dir='ltr'>Haae</span> <span class='ocrx_word' id='word_1_537' title='bbox 445 4832 521 4885; x_wconf 91' lang='lat' dir='ltr'>ibi</span> <span class='ocrx_word' id='word_1_538' title='bbox 556 4834 719 4885; x_wconf 86' lang='lat' dir='ltr'>Anna</span> <span class='ocrx_word' id='word_1_539' title='bbox 754 4846 920 4901; x_wconf 75' lang='lat' dir='ltr'>:quae</span> <span class='ocrx_word' id='word_1_540' title='bbox 948 4832 1347 4886; x_wconf 80' lang='lat' dir='ltr'>emendatiorn</span> <span class='ocrx_word' id='word_1_541' title='bbox 1377 4850 1549 4903; x_wconf 86' lang='lat' dir='ltr'>quam</span> <span class='ocrx_word' id='word_1_542' title='bbox 1615 4836 1673 4888; x_wconf 89' lang='lat' dir='ltr'>in</span> <span class='ocrx_word' id='word_1_543' title='bbox 1733 4837 1924 4904; x_wconf 87' lang='lat' dir='ltr'>editis,</span> 
     </span>
    </p>
   </div>
   <div class='ocr_carea' id='block_1_85' title="bbox 275 4920 1924 4991">
    <p class='ocr_par' dir='ltr' id='par_1_85' title="bbox 275 4920 1924 4991">
     <span class='ocr_line' id='line_1_85' title="bbox 275 4920 1924 4991; baseline 0.002 -16"><span class='ocrx_word' id='word_1_544' title='bbox 275 4937 388 4991; x_wconf 93' lang='lat' dir='ltr'>ope</span> <span class='ocrx_word' id='word_1_545' title='bbox 419 4920 627 4990; x_wconf 87' lang='lat' dir='ltr'>Optimi</span> <span class='ocrx_word' id='word_1_546' title='bbox 664 4920 934 4975; x_wconf 85' lang='lat' dir='ltr'>codicisa</span> <span class='ocrx_word' id='word_1_547' title='bbox 965 4936 1057 4974; x_wconf 88' lang='lat' dir='ltr'>me</span> <span class='ocrx_word' id='word_1_548' title='bbox 1081 4927 1212 4991; x_wconf 90' lang='lat' dir='ltr'>post</span> <span class='ocrx_word' id='word_1_549' title='bbox 1241 4922 1553 4977; x_wconf 86' lang='lat' dir='ltr'>editionem</span> <span class='ocrx_word' id='word_1_550' title='bbox 1589 4924 1715 4990; x_wconf 87' lang='lat' dir='ltr'>visi,</span> <span class='ocrx_word' id='word_1_551' title='bbox 1740 4923 1924 4979; x_wconf 86' lang='lat' dir='ltr'>liben-</span> 
     </span>
    </p>
   </div>
   <div class='ocr_carea' id='block_1_86' title="bbox 274 5008 834 5079">
    <p class='ocr_par' dir='ltr' id='par_1_86' title="bbox 274 5008 834 5079">
     <span class='ocr_line' id='line_1_86' title="bbox 274 5008 834 5079; baseline 0 -16"><span class='ocrx_word' id='word_1_552' title='bbox 274 5015 370 5064; x_wconf 88' lang='lat' dir='ltr'>ter</span> <span class='ocrx_word' id='word_1_553' title='bbox 392 5008 489 5063; x_wconf 89' lang='lat' dir='ltr'>hic</span> <span class='ocrx_word' id='word_1_554' title='bbox 520 5008 834 5079; x_wconf 89' lang='lat' dir='ltr'>descripsi.</span> 
     </span>
    </p>
   </div>
   <div class='ocr_carea' id='block_1_87' title="bbox 350 5141 1930 5217">
    <p class='ocr_par' dir='ltr' id='par_1_87' title="bbox 350 5141 1930 5217">
     <span class='ocr_line' id='line_1_87' title="bbox 350 5141 1930 5217; baseline 0.003 -20"><span class='ocrx_word' id='word_1_555' title='bbox 350 5142 489 5212; x_wconf 82' lang='lat' dir='ltr'>Cap.</span> <span class='ocrx_word' id='word_1_556' title='bbox 522 5143 576 5196; x_wconf 90' lang='lat'>3.</span> <span class='ocrx_word' id='word_1_557' title='bbox 608 5142 741 5205; x_wconf 62' lang='lat' dir='ltr'>Qua}</span> <span class='ocrx_word' id='word_1_558' title='bbox 774 5141 867 5197; x_wconf 86' lang='lat' dir='ltr'>hic</span> <span class='ocrx_word' id='word_1_559' title='bbox 898 5141 1282 5214; x_wconf 82' lang='lat' dir='ltr'>Pachymeres</span> <span class='ocrx_word' id='word_1_560' title='bbox 1330 5146 1507 5199; x_wconf 89' lang='lat' dir='ltr'>tradit</span> <span class='ocrx_word' id='word_1_561' title='bbox 1538 5146 1607 5199; x_wconf 88' lang='lat' dir='ltr'>de</span> <span class='ocrx_word' id='word_1_562' title='bbox 1640 5149 1930 5217; x_wconf 80' lang='lat' dir='ltr'>angustiis</span> 
     </span>
    </p>
   </div>
   <div class='ocr_carea' id='block_1_88' title="bbox 274 5231 1929 5304">
    <p class='ocr_par' dir='ltr' id='par_1_88' title="bbox 274 5231 1929 5304">
     <span class='ocr_line' id='line_1_88' title="bbox 274 5231 1929 5304; baseline 0.004 -19"><span class='ocrx_word' id='word_1_563' title='bbox 274 5232 334 5285; x_wconf 90' lang='lat' dir='ltr'>in</span> <span class='ocrx_word' id='word_1_564' title='bbox 361 5231 581 5301; x_wconf 90' lang='lat' dir='ltr'>quibus</span> <span class='ocrx_word' id='word_1_565' title='bbox 616 5233 851 5286; x_wconf 77' lang='lat' dir='ltr'>fuerunt</span> <span class='ocrx_word' id='word_1_566' title='bbox 897 5231 995 5301; x_wconf 88' lang='lat' dir='ltr'>qui</span> <span class='ocrx_word' id='word_1_567' title='bbox 1051 5238 1335 5302; x_wconf 68' lang='lat' dir='ltr'>praeerant</span> <span class='ocrx_word' id='word_1_568' title='bbox 1380 5234 1645 5304; x_wconf 85' lang='lat' dir='ltr'>reliquiis</span> <span class='ocrx_word' id='word_1_569' title='bbox 1704 5237 1929 5292; x_wconf 64' lang='lat' dir='ltr'>Graeciae</span> 
     </span>
    </p>
   </div>
   <div class='ocr_carea' id='block_1_89' title="bbox 271 5320 1931 5394">
    <p class='ocr_par' dir='ltr' id='par_1_89' title="bbox 271 5320 1931 5394">
     <span class='ocr_line' id='line_1_89' title="bbox 271 5320 1931 5394; baseline 0.004 -20"><span class='ocrx_word' id='word_1_570' title='bbox 271 5324 411 5391; x_wconf 86' lang='lat' dir='ltr'>post</span> <span class='ocrx_word' id='word_1_571' title='bbox 442 5326 673 5391; x_wconf 88' lang='lat' dir='ltr'>captam</span> <span class='ocrx_word' id='word_1_572' title='bbox 706 5337 738 5375; x_wconf 90' lang='lat' dir='ltr'>a</span> <span class='ocrx_word' id='word_1_573' title='bbox 769 5320 982 5374; x_wconf 80' lang='lat' dir='ltr'>Latinis</span> <span class='ocrx_word' id='word_1_574' title='bbox 1004 5321 1604 5387; x_wconf 81' lang='lat' dir='ltr'>urbem,Thcodorum</span> <span class='ocrx_word' id='word_1_575' title='bbox 1631 5327 1931 5394; x_wconf 86' lang='lat' dir='ltr'>potissime</span> 
     </span>
    </p>
   </div>
   <div class='ocr_carea' id='block_1_90' title="bbox 271 5408 1930 5484">
    <p class='ocr_par' dir='ltr' id='par_1_90' title="bbox 271 5408 1930 5484">
     <span class='ocr_line' id='line_1_90' title="bbox 271 5408 1930 5484; baseline 0.004 -20"><span class='ocrx_word' id='word_1_576' title='bbox 271 5410 573 5464; x_wconf 84' lang='lat' dir='ltr'>Lascarim</span> <span class='ocrx_word' id='word_1_577' title='bbox 617 5408 866 5464; x_wconf 86' lang='lat' dir='ltr'>Joannis</span> <span class='ocrx_word' id='word_1_578' title='bbox 925 5408 1169 5464; x_wconf 61' lang='lat' dir='ltr'>Betatme</span> <span class='ocrx_word' id='word_1_579' title='bbox 1228 5411 1599 5466; x_wconf 84' lang='lat' dir='ltr'>decessorum</span> <span class='ocrx_word' id='word_1_580' title='bbox 1652 5420 1706 5468; x_wconf 87' lang='lat' dir='ltr'>et</span> <span class='ocrx_word' id='word_1_581' title='bbox 1755 5416 1930 5484; x_wconf 83' lang='lat' dir='ltr'>hujus</span> 
     </span>
    </p>
   </div>
   <div class='ocr_carea' id='block_1_91' title="bbox 275 5497 1929 5572">
    <p class='ocr_par' dir='ltr' id='par_1_91' title="bbox 275 5497 1929 5572">
     <span class='ocr_line' id='line_1_91' title="bbox 275 5497 1929 5572; baseline 0.005 -21"><span class='ocrx_word' id='word_1_582' title='bbox 275 5497 471 5568; x_wconf 85' lang='lat' dir='ltr'>ipsius</span> <span class='ocrx_word' id='word_1_583' title='bbox 496 5499 742 5553; x_wconf 84' lang='lat' dir='ltr'>Joannis</span> <span class='ocrx_word' id='word_1_584' title='bbox 774 5498 960 5569; x_wconf 90' lang='lat' dir='ltr'>prima</span> <span class='ocrx_word' id='word_1_585' title='bbox 994 5498 1355 5570; x_wconf 85' lang='lat' dir='ltr'>principatus</span> <span class='ocrx_word' id='word_1_586' title='bbox 1407 5501 1727 5572; x_wconf 82' lang='lat' dir='ltr'>respiciunt</span> <span class='ocrx_word' id='word_1_587' title='bbox 1787 5509 1929 5559; x_wconf 87' lang='lat' dir='ltr'>tem-</span> 
     </span>
    </p>
   </div>
   <div class='ocr_carea' id='block_1_92' title="bbox 282 5586 1932 5664">
    <p class='ocr_par' dir='ltr' id='par_1_92' title="bbox 282 5586 1932 5664">
     <span class='ocr_line' id='line_1_92' title="bbox 282 5586 1932 5664; baseline 0.004 -24"><span class='ocrx_word' id='word_1_588' title='bbox 282 5603 446 5657; x_wconf 77' lang='lat' dir='ltr'>pora.</span> <span class='ocrx_word' id='word_1_589' title='bbox 484 5588 624 5642; x_wconf 79' lang='lat' dir='ltr'>Vide</span> <span class='ocrx_word' id='word_1_590' title='bbox 656 5586 724 5641; x_wconf 77' lang='lat' dir='ltr'>de</span> <span class='ocrx_word' id='word_1_591' title='bbox 758 5587 847 5642; x_wconf 88' lang='lat' dir='ltr'>his</span> <span class='ocrx_word' id='word_1_592' title='bbox 913 5587 1308 5659; x_wconf 80' lang='lat' dir='ltr'>Acropolitam</span> <span class='ocrx_word' id='word_1_593' title='bbox 1361 5591 1551 5662; x_wconf 86' lang='lat' dir='ltr'>capite</span> <span class='ocrx_word' id='word_1_594' title='bbox 1611 5592 1932 5664; x_wconf 73' lang='lat' dir='ltr'>prazsertim</span> 
     </span>
    </p>
   </div>
   <div class='ocr_carea' id='block_1_93' title="bbox 2024 3241 3662 3321">
    <p class='ocr_par' dir='ltr' id='par_1_93' title="bbox 2024 3241 3662 3321">
     <span class='ocr_line' id='line_1_93' title="bbox 2024 3241 3662 3321; baseline -0.007 -17"><span class='ocrx_word' id='word_1_595' title='bbox 2024 3251 2179 3321; x_wconf 90' lang='lat' dir='ltr'>quod</span> <span class='ocrx_word' id='word_1_596' title='bbox 2214 3266 2370 3303; x_wconf 90' lang='lat' dir='ltr'>nunc</span> <span class='ocrx_word' id='word_1_597' title='bbox 2401 3249 2669 3301; x_wconf 75' lang='lat' dir='ltr'>refertur.</span> <span class='ocrx_word' id='word_1_598' title='bbox 2716 3247 2953 3300; x_wconf 85' lang='lat' dir='ltr'>Frustra</span> <span class='ocrx_word' id='word_1_599' title='bbox 2988 3251 3185 3299; x_wconf 88' lang='lat' dir='ltr'>autem</span> <span class='ocrx_word' id='word_1_600' title='bbox 3245 3248 3366 3297; x_wconf 89' lang='lat' dir='ltr'>tota</span> <span class='ocrx_word' id='word_1_601' title='bbox 3407 3242 3515 3295; x_wconf 88' lang='lat' dir='ltr'>hac</span> <span class='ocrx_word' id='word_1_602' title='bbox 3562 3241 3662 3294; x_wconf 83' lang='lat' dir='ltr'>Mi-</span> 
     </span>
    </p>
   </div>
   <div class='ocr_carea' id='block_1_94' title="bbox 2023 3330 3664 3406">
    <p class='ocr_par' dir='ltr' id='par_1_94' title="bbox 2023 3330 3664 3406">
     <span class='ocr_line' id='line_1_94' title="bbox 2023 3330 3664 3406; baseline -0.007 -12"><span class='ocrx_word' id='word_1_603' title='bbox 2023 3338 2241 3394; x_wconf 87' lang='lat' dir='ltr'>chaelis</span> <span class='ocrx_word' id='word_1_604' title='bbox 2304 3336 2544 3391; x_wconf 82' lang='lat' dir='ltr'>historia</span> <span class='ocrx_word' id='word_1_605' title='bbox 2620 3340 2930 3406; x_wconf 77' lang='lat' dir='ltr'>quaeretur,</span> <span class='ocrx_word' id='word_1_606' title='bbox 2982 3333 3336 3404; x_wconf 83' lang='lat' dir='ltr'>Pachymere</span> <span class='ocrx_word' id='word_1_607' title='bbox 3398 3330 3664 3385; x_wconf 82' lang='lat' dir='ltr'>fortassis</span> 
     </span>
    </p>
   </div>
   <div class='ocr_carea' id='block_1_95' title="bbox 2024 3421 3663 3496">
    <p class='ocr_par' dir='ltr' id='par_1_95' title="bbox 2024 3421 3663 3496">
     <span class='ocr_line' id='line_1_95' title="bbox 2024 3421 3663 3496; baseline -0.009 -12"><span class='ocrx_word' id='word_1_608' title='bbox 2024 3428 2202 3484; x_wconf 87' lang='lat' dir='ltr'>oblito</span> <span class='ocrx_word' id='word_1_609' title='bbox 2251 3425 2606 3496; x_wconf 90' lang='lat' dir='ltr'>promissum</span> <span class='ocrx_word' id='word_1_610' title='bbox 2669 3423 2982 3486; x_wconf 82' lang='lat' dir='ltr'>exsolvere,</span> <span class='ocrx_word' id='word_1_611' title='bbox 3044 3427 3143 3475; x_wconf 84' lang='lat' dir='ltr'>aut</span> <span class='ocrx_word' id='word_1_612' title='bbox 3201 3437 3262 3475; x_wconf 90' lang='lat' dir='ltr'>se</span> <span class='ocrx_word' id='word_1_613' title='bbox 3322 3421 3663 3475; x_wconf 89' lang='lat' dir='ltr'>deiunctum</span> 
     </span>
    </p>
   </div>
   <div class='ocr_carea' id='block_1_96' title="bbox 2026 3507 3670 3584">
    <p class='ocr_par' dir='ltr' id='par_1_96' title="bbox 2026 3507 3670 3584">
     <span class='ocr_line' id='line_1_96' title="bbox 2026 3507 3670 3584; baseline -0.007 -13"><span class='ocrx_word' id='word_1_614' title='bbox 2026 3517 2167 3573; x_wconf 86' lang='lat' dir='ltr'>satis</span> <span class='ocrx_word' id='word_1_615' title='bbox 2201 3514 2735 3584; x_wconf 67' lang='lat' dir='ltr'>rntoqualicunque</span> <span class='ocrx_word' id='word_1_616' title='bbox 2780 3512 3140 3566; x_wconf 86' lang='lat' dir='ltr'>indicatione</span> <span class='ocrx_word' id='word_1_617' title='bbox 3183 3510 3264 3564; x_wconf 85' lang='lat' dir='ltr'>rei</span> <span class='ocrx_word' id='word_1_618' title='bbox 3310 3510 3438 3579; x_wconf 83' lang='lat' dir='ltr'>ejus</span> <span class='ocrx_word' id='word_1_619' title='bbox 3483 3507 3670 3562; x_wconf 80' lang='lat' dir='ltr'>alieno</span> 
     </span>
    </p>
   </div>
   <div class='ocr_carea' id='block_1_97' title="bbox 2024 3606 2510 3677">
    <p class='ocr_par' dir='ltr' id='par_1_97' title="bbox 2024 3606 2510 3677">
     <span class='ocr_line' id='line_1_97' title="bbox 2024 3606 2510 3677; baseline -0.006 -17"><span class='ocrx_word' id='word_1_620' title='bbox 2024 3607 2151 3661; x_wconf 89' lang='lat' dir='ltr'>loco</span> <span class='ocrx_word' id='word_1_621' title='bbox 2187 3606 2510 3677; x_wconf 76' lang='lat' dir='ltr'>praemissa.</span> 
     </span>
    </p>
   </div>
   <div class='ocr_carea' id='block_1_98' title="bbox 2098 3704 3676 3780">
    <p class='ocr_par' dir='ltr' id='par_1_98' title="bbox 2098 3704 3676 3780">
     <span class='ocr_line' id='line_1_98' title="bbox 2098 3704 3676 3780; baseline -0.007 -14"><span class='ocrx_word' id='word_1_622' title='bbox 2098 3713 2235 3780; x_wconf 86' lang='lat' dir='ltr'>Cap.</span> <span class='ocrx_word' id='word_1_623' title='bbox 2263 3712 2315 3764; x_wconf 86' lang='lat'>6.</span> <span class='ocrx_word' id='word_1_624' title='bbox 2351 3711 2488 3764; x_wconf 80' lang='lat' dir='ltr'>Rem</span> <span class='ocrx_word' id='word_1_625' title='bbox 2522 3710 2676 3763; x_wconf 91' lang='lat' dir='ltr'>dictu</span> <span class='ocrx_word' id='word_1_626' title='bbox 2714 3725 2970 3778; x_wconf 84' lang='lat' dir='ltr'>parvam,</span> <span class='ocrx_word' id='word_1_627' title='bbox 3023 3708 3123 3761; x_wconf 83' lang='lat' dir='ltr'>sed</span> <span class='ocrx_word' id='word_1_628' title='bbox 3176 3706 3477 3760; x_wconf 91' lang='lat' dir='ltr'>admonitu</span> <span class='ocrx_word' id='word_1_629' title='bbox 3534 3704 3676 3755; x_wconf 69' lang='lat' dir='ltr'>forte</span> 
     </span>
    </p>
   </div>
   <div class='ocr_carea' id='block_1_99' title="bbox 2031 3795 3667 3870">
    <p class='ocr_par' dir='ltr' id='par_1_99' title="bbox 2031 3795 3667 3870">
     <span class='ocr_line' id='line_1_99' title="bbox 2031 3795 3667 3870; baseline -0.01 -14"><span class='ocrx_word' id='word_1_630' title='bbox 2031 3819 2144 3857; x_wconf 91' lang='lat' dir='ltr'>non</span> <span class='ocrx_word' id='word_1_631' title='bbox 2181 3817 2388 3870; x_wconf 90' lang='lat' dir='ltr'>prosus</span> <span class='ocrx_word' id='word_1_632' title='bbox 2426 3799 2690 3851; x_wconf 86' lang='lat' dir='ltr'>inutilem</span> <span class='ocrx_word' id='word_1_633' title='bbox 2728 3797 3067 3851; x_wconf 83' lang='lat' dir='ltr'>brevissime</span> <span class='ocrx_word' id='word_1_634' title='bbox 3118 3796 3461 3862; x_wconf 69' lang='lat' dir='ltr'>transigant.</span> <span class='ocrx_word' id='word_1_635' title='bbox 3540 3795 3667 3843; x_wconf 48' lang='grc' dir='ltr'>ἰδίω.</span> 
     </span>
    </p>
   </div>
   <div class='ocr_carea' id='block_1_100' title="bbox 2032 3880 3674 3949">
    <p class='ocr_par' dir='ltr' id='par_1_100' title="bbox 2032 3880 3674 3949">
     <span class='ocr_line' id='line_1_100' title="bbox 2032 3880 3674 3949; baseline -0.011 -6"><span class='ocrx_word' id='word_1_636' title='bbox 2032 3906 2171 3943; x_wconf 88' lang='lat' dir='ltr'>num</span> <span class='ocrx_word' id='word_1_637' title='bbox 2206 3892 2294 3942; x_wconf 87' lang='lat' dir='ltr'>est</span> <span class='ocrx_word' id='word_1_638' title='bbox 2326 3888 2493 3940; x_wconf 89' lang='lat' dir='ltr'>docto</span> <span class='ocrx_word' id='word_1_639' title='bbox 2527 3887 2719 3941; x_wconf 67' lang='lat' dir='ltr'>Graece</span> <span class='ocrx_word' id='word_1_640' title='bbox 2752 3885 2975 3949; x_wconf 81' lang='lat' dir='ltr'>lectori,</span> <span class='ocrx_word' id='word_1_641' title='bbox 3026 3885 3165 3936; x_wconf 90' lang='lat' dir='ltr'>dum</span> <span class='ocrx_word' id='word_1_642' title='bbox 3209 3884 3265 3934; x_wconf 85' lang='lat' dir='ltr'>in</span> <span class='ocrx_word' id='word_1_643' title='bbox 3322 3881 3429 3933; x_wconf 90' lang='lat' dir='ltr'>hoc</span> <span class='ocrx_word' id='word_1_644' title='bbox 3489 3880 3674 3946; x_wconf 62' lang='lat' dir='ltr'>capio:</span> 
     </span>
    </p>
   </div>
   <div class='ocr_carea' id='block_1_101' title="bbox 2036 3966 3675 4049">
    <p class='ocr_par' dir='ltr' id='par_1_101' title="bbox 2036 3966 3675 4049">
     <span class='ocr_line' id='line_1_101' title="bbox 2036 3966 3675 4049; baseline -0.007 -20"><span class='ocrx_word' id='word_1_645' title='bbox 2036 3970 2396 4049; x_wconf 70' lang='grc' dir='ltr'>μαχουμένων</span> <span class='ocrx_word' id='word_1_646' title='bbox 2460 3974 2552 4028; x_wconf 89' lang='lat' dir='ltr'>his</span> <span class='ocrx_word' id='word_1_647' title='bbox 2589 3974 2758 4043; x_wconf 68' lang='lat' dir='ltr'>leget,</span> <span class='ocrx_word' id='word_1_648' title='bbox 2819 3971 3066 4026; x_wconf 83' lang='lat' dir='ltr'>suberiri</span> <span class='ocrx_word' id='word_1_649' title='bbox 3101 3970 3499 4039; x_wconf 87' lang='lat' dir='ltr'>auspicionem</span> <span class='ocrx_word' id='word_1_650' title='bbox 3536 3966 3675 4020; x_wconf 72' lang='lat' dir='ltr'>editi</span> 
     </span>
    </p>
   </div>
   <div class='ocr_carea' id='block_1_102' title="bbox 2032 4054 3675 4129">
    <p class='ocr_par' dir='ltr' id='par_1_102' title="bbox 2032 4054 3675 4129">
     <span class='ocr_line' id='line_1_102' title="bbox 2032 4054 3675 4129; baseline -0.009 -9"><span class='ocrx_word' id='word_1_651' title='bbox 2032 4066 2304 4120; x_wconf 62' lang='lat' dir='ltr'>mendose</span> <span class='ocrx_word' id='word_1_652' title='bbox 2363 4064 2493 4126; x_wconf 88' lang='lat' dir='ltr'>loci,</span> <span class='ocrx_word' id='word_1_653' title='bbox 2538 4080 2670 4116; x_wconf 91' lang='lat' dir='ltr'>cum</span> <span class='ocrx_word' id='word_1_654' title='bbox 2723 4070 2943 4125; x_wconf 86' lang='lat' dir='ltr'>auctor,</span> <span class='ocrx_word' id='word_1_655' title='bbox 3004 4064 3177 4129; x_wconf 89' lang='lat' dir='ltr'>prout</span> <span class='ocrx_word' id='word_1_656' title='bbox 3233 4055 3424 4110; x_wconf 72' lang='lat' dir='ltr'>cmteri</span> <span class='ocrx_word' id='word_1_657' title='bbox 3484 4054 3675 4109; x_wconf 82' lang='lat' dir='ltr'>solent</span> 
     </span>
    </p>
   </div>
   <div class='ocr_carea' id='block_1_103' title="bbox 2034 4146 3677 4223">
    <p class='ocr_par' dir='ltr' id='par_1_103' title="bbox 2034 4146 3677 4223">
     <span class='ocr_line' id='line_1_103' title="bbox 2034 4146 3677 4223; baseline -0.009 -14"><span class='ocrx_word' id='word_1_658' title='bbox 2034 4157 2300 4210; x_wconf 87' lang='lat' dir='ltr'>fortasse.</span> <span class='ocrx_word' id='word_1_659' title='bbox 2365 4150 2697 4223; x_wconf 70' lang='grc' dir='ltr'>μαχομένων</span> <span class='ocrx_word' id='word_1_660' title='bbox 2760 4148 3079 4219; x_wconf 88' lang='lat' dir='ltr'>scripserit.</span> <span class='ocrx_word' id='word_1_661' title='bbox 3156 4146 3330 4215; x_wconf 87' lang='lat' dir='ltr'>Atqui</span> <span class='ocrx_word' id='word_1_662' title='bbox 3399 4152 3677 4199; x_wconf 89' lang='lat' dir='ltr'>constan—</span> 
     </span>
    </p>
   </div>
   <div class='ocr_carea' id='block_1_104' title="bbox 2034 4232 3678 4302">
    <p class='ocr_par' dir='ltr' id='par_1_104' title="bbox 2034 4232 3678 4302">
     <span class='ocr_line' id='line_1_104' title="bbox 2034 4232 3678 4302; baseline -0.009 -5"><span class='ocrx_word' id='word_1_663' title='bbox 2034 4244 2262 4297; x_wconf 90' lang='lat' dir='ltr'>tissime</span> <span class='ocrx_word' id='word_1_664' title='bbox 2293 4258 2357 4294; x_wconf 87' lang='lat' dir='ltr'>ac</span> <span class='ocrx_word' id='word_1_665' title='bbox 2390 4238 2715 4294; x_wconf 88' lang='lat' dir='ltr'>clarissime</span> <span class='ocrx_word' id='word_1_666' title='bbox 2745 4238 2803 4291; x_wconf 93' lang='lat' dir='ltr'>in</span> <span class='ocrx_word' id='word_1_667' title='bbox 2863 4236 3162 4290; x_wconf 79' lang='lat' dir='ltr'>codicibus</span> <span class='ocrx_word' id='word_1_668' title='bbox 3221 4232 3678 4302; x_wconf 68' lang='lat' dir='ltr'>antiquissnmis,</span> 
     </span>
    </p>
   </div>
   <div class='ocr_carea' id='block_1_105' title="bbox 2037 4322 3676 4404">
    <p class='ocr_par' dir='ltr' id='par_1_105' title="bbox 2037 4322 3676 4404">
     <span class='ocr_line' id='line_1_105' title="bbox 2037 4322 3676 4404; baseline -0.009 -18"><span class='ocrx_word' id='word_1_669' title='bbox 2037 4331 2356 4404; x_wconf 66' lang='lat' dir='ltr'>praesertim</span> <span class='ocrx_word' id='word_1_670' title='bbox 2389 4328 2698 4383; x_wconf 79' lang='lat' dir='ltr'>Barbarino</span> <span class='ocrx_word' id='word_1_671' title='bbox 2731 4328 2822 4381; x_wconf 89' lang='lat' dir='ltr'>cui</span> <span class='ocrx_word' id='word_1_672' title='bbox 2872 4324 3244 4397; x_wconf 89' lang='lat' dir='ltr'>potissimum</span> <span class='ocrx_word' id='word_1_673' title='bbox 3297 4322 3676 4377; x_wconf 75' lang='lat' dir='ltr'>adhzesimus.</span> 
     </span>
    </p>
   </div>
   <div class='ocr_carea' id='block_1_106' title="bbox 2044 4409 3681 4493">
    <p class='ocr_par' dir='ltr' id='par_1_106' title="bbox 2044 4409 3681 4493">
     <span class='ocr_line' id='line_1_106' title="bbox 2044 4409 3681 4493; baseline -0.006 -21"><span class='ocrx_word' id='word_1_674' title='bbox 2044 4418 2405 4493; x_wconf 69' lang='grc' dir='ltr'>μαχουμένων</span> <span class='ocrx_word' id='word_1_675' title='bbox 2442 4418 2825 4473; x_wconf 85' lang='lat' dir='ltr'>scribebatur.</span> <span class='ocrx_word' id='word_1_676' title='bbox 2871 4415 3088 4484; x_wconf 88' lang='lat' dir='ltr'>Nempe</span> <span class='ocrx_word' id='word_1_677' title='bbox 3139 4412 3533 4466; x_wconf 79' lang='lat' dir='ltr'>Pachimerem</span> <span class='ocrx_word' id='word_1_678' title='bbox 3587 4409 3681 4462; x_wconf 86' lang='lat' dir='ltr'>hic</span> 
     </span>
    </p>
   </div>
   <div class='ocr_carea' id='block_1_107' title="bbox 1523 4478 1903 4582">
    <p class='ocr_par' dir='ltr' id='par_1_107' title="bbox 1523 4478 1899 4553">
     <span class='ocr_line' id='line_1_107' title="bbox 1523 4478 1899 4553; baseline 0.003 -22"><span class='ocrx_word' id='word_1_679' title='bbox 1523 4498 1679 4547; x_wconf 83' lang='grc' dir='ltr'>στησι</span> <span class='ocrx_word' id='word_1_680' title='bbox 1727 4478 1899 4553; x_wconf 85' lang='grc' dir='ltr'>τρόπο</span> 
     </span>
    </p>
   </div>
   <div class='ocr_carea' id='block_1_108' title="bbox 2026 4478 3678 4582">
    <p class='ocr_par' dir='ltr' id='par_1_108' title="bbox 2037 4478 3678 4579">
     <span class='ocr_line' id='line_1_108' title="bbox 2037 4478 3678 4579; baseline -0.006 -18"><span class='ocrx_word' id='word_1_681' title='bbox 2037 4478 2269 4579; x_wconf 60' lang='lat' dir='ltr'>quoque</span> <span class='ocrx_word' id='word_1_682' title='bbox 2300 4508 2458 4579; x_wconf 90' lang='lat' dir='ltr'>loqui</span> <span class='ocrx_word' id='word_1_683' title='bbox 2483 4524 2615 4561; x_wconf 90' lang='lat' dir='ltr'>cum</span> <span class='ocrx_word' id='word_1_684' title='bbox 2652 4505 2819 4575; x_wconf 87' lang='lat' dir='ltr'>vulgo</span> <span class='ocrx_word' id='word_1_685' title='bbox 2854 4478 3060 4575; x_wconf 75' lang='lat' dir='ltr'>piguit,</span> <span class='ocrx_word' id='word_1_686' title='bbox 3080 4502 3475 4557; x_wconf 80' lang='lat' dir='ltr'>recordantem</span> <span class='ocrx_word' id='word_1_687' title='bbox 3526 4499 3678 4568; x_wconf 83' lang='lat' dir='ltr'>apud</span> 
     </span>
    </p>
   </div>
   <div class='ocr_carea' id='block_1_109' title="bbox 2040 4585 3674 4667">
    <p class='ocr_par' dir='ltr' id='par_1_109' title="bbox 2040 4585 3674 4667">
     <span class='ocr_line' id='line_1_109' title="bbox 2040 4585 3674 4667; baseline -0.009 -15"><span class='ocrx_word' id='word_1_688' title='bbox 2040 4599 2353 4652; x_wconf 84' lang='lat' dir='ltr'>Homerum</span> <span class='ocrx_word' id='word_1_689' title='bbox 2397 4597 2501 4651; x_wconf 89' lang='lat' dir='ltr'>Od.</span> <span class='ocrx_word' id='word_1_690' title='bbox 2534 4616 2585 4667; x_wconf 85' lang='grc' dir='ltr'>γ,</span> <span class='ocrx_word' id='word_1_691' title='bbox 2620 4613 2669 4647; x_wconf 88' lang='grc' dir='ltr'>ν.</span> <span class='ocrx_word' id='word_1_692' title='bbox 2708 4596 2828 4658; x_wconf 73' lang='grc'>402,</span> <span class='ocrx_word' id='word_1_693' title='bbox 2892 4611 2952 4647; x_wconf 80' lang='lat' dir='ltr'>se</span> <span class='ocrx_word' id='word_1_694' title='bbox 3004 4592 3215 4661; x_wconf 69' lang='lat' dir='ltr'>legisse</span> <span class='ocrx_word' id='word_1_695' title='bbox 3272 4585 3674 4660; x_wconf 72' lang='grc' dir='ltr'>μαχεούμενον,</span> 
     </span>
    </p>
   </div>
   <div class='ocr_carea' id='block_1_110' title="bbox 2036 4676 3681 4755">
    <p class='ocr_par' dir='ltr' id='par_1_110' title="bbox 2036 4676 3681 4755">
     <span class='ocr_line' id='line_1_110' title="bbox 2036 4676 3681 4755; baseline -0.008 -13"><span class='ocrx_word' id='word_1_696' title='bbox 2036 4689 2140 4742; x_wconf 82' lang='lat' dir='ltr'>0d.</span> <span class='ocrx_word' id='word_1_697' title='bbox 2176 4707 2240 4755; x_wconf 80' lang='grc' dir='ltr'>ω,</span> <span class='ocrx_word' id='word_1_698' title='bbox 2274 4704 2325 4740; x_wconf 88' lang='lat' dir='ltr'>v.</span> <span class='ocrx_word' id='word_1_699' title='bbox 2364 4686 2483 4747; x_wconf 77' lang='grc'>114,</span> <span class='ocrx_word' id='word_1_700' title='bbox 2521 4681 2913 4755; x_wconf 70' lang='grc' dir='ltr'>μαχεούμενοι,</span> <span class='ocrx_word' id='word_1_701' title='bbox 2949 4680 3111 4735; x_wconf 82' lang='lat' dir='ltr'>Iliad.</span> <span class='ocrx_word' id='word_1_702' title='bbox 3140 4699 3187 4747; x_wconf 59' lang='grc' dir='ltr'>α,</span> <span class='ocrx_word' id='word_1_703' title='bbox 3214 4680 3336 4744; x_wconf 80' lang='grc'>355,</span> <span class='ocrx_word' id='word_1_704' title='bbox 3362 4676 3681 4750; x_wconf 71' lang='grc' dir='ltr'>μαχέοιντο,</span> 
     </span>
    </p>
   </div>
   <div class='ocr_carea' id='block_1_111' title="bbox 2037 4774 2521 4830">
    <p class='ocr_par' dir='ltr' id='par_1_111' title="bbox 2037 4774 2521 4830">
     <span class='ocr_line' id='line_1_111' title="bbox 2037 4774 2521 4830; baseline -0.006 0"><span class='ocrx_word' id='word_1_705' title='bbox 2037 4783 2093 4830; x_wconf 89' lang='lat' dir='ltr'>et</span> <span class='ocrx_word' id='word_1_706' title='bbox 2123 4774 2258 4829; x_wconf 89' lang='lat' dir='ltr'>alibi</span> <span class='ocrx_word' id='word_1_707' title='bbox 2284 4775 2521 4829; x_wconf 87' lang='lat' dir='ltr'>similia.</span> 
     </span>
    </p>
   </div>
   <div class='ocr_carea' id='block_1_112' title="bbox 2108 4874 3679 4952">
    <p class='ocr_par' dir='ltr' id='par_1_112' title="bbox 2108 4874 3679 4952">
     <span class='ocr_line' id='line_1_112' title="bbox 2108 4874 3679 4952; baseline -0.006 -16"><span class='ocrx_word' id='word_1_708' title='bbox 2108 4887 2245 4952; x_wconf 83' lang='lat' dir='ltr'>Pag.</span> <span class='ocrx_word' id='word_1_709' title='bbox 2277 4882 2366 4935; x_wconf 77' lang='grc'>21.</span> <span class='ocrx_word' id='word_1_710' title='bbox 2406 4881 2511 4947; x_wconf 84' lang='lat' dir='ltr'>Qui</span> <span class='ocrx_word' id='word_1_711' title='bbox 2539 4881 2716 4947; x_wconf 82' lang='lat' dir='ltr'>ﬁliam</span> <span class='ocrx_word' id='word_1_712' title='bbox 2764 4881 2975 4946; x_wconf 81' lang='lat' dir='ltr'>nepotis</span> <span class='ocrx_word' id='word_1_713' title='bbox 3006 4880 3127 4946; x_wconf 82' lang='lat' dir='ltr'>ejus</span> <span class='ocrx_word' id='word_1_714' title='bbox 3158 4876 3289 4947; x_wconf 88' lang='lat' dir='ltr'>(hoc</span> <span class='ocrx_word' id='word_1_715' title='bbox 3321 4874 3679 4929; x_wconf 81' lang='lat' dir='ltr'>estJonnnis</span> 
     </span>
    </p>
   </div>
   <div class='ocr_carea' id='block_1_113' title="bbox 2040 4964 3684 5043">
    <p class='ocr_par' dir='ltr' id='par_1_113' title="bbox 2040 4964 3684 5043">
     <span class='ocr_line' id='line_1_113' title="bbox 2040 4964 3684 5043; baseline -0.007 -16"><span class='ocrx_word' id='word_1_716' title='bbox 2040 4974 2221 5043; x_wconf 86' lang='lat' dir='ltr'>patris</span> <span class='ocrx_word' id='word_1_717' title='bbox 2243 4972 2547 5037; x_wconf 82' lang='lat' dir='ltr'>Theodori)</span> <span class='ocrx_word' id='word_1_718' title='bbox 2578 4986 2650 5023; x_wconf 75' lang='lat' dir='ltr'>ex</span> <span class='ocrx_word' id='word_1_719' title='bbox 2685 4972 2860 5039; x_wconf 76' lang='lat' dir='ltr'>fratre</span> <span class='ocrx_word' id='word_1_720' title='bbox 2890 4966 3249 5021; x_wconf 83' lang='lat' dir='ltr'>matrimonio</span> <span class='ocrx_word' id='word_1_721' title='bbox 3276 4965 3385 5019; x_wconf 86' lang='lat' dir='ltr'>sibi</span> <span class='ocrx_word' id='word_1_722' title='bbox 3413 4964 3684 5032; x_wconf 65' lang='lat' dir='ltr'>junxerat</span> 
     </span>
    </p>
   </div>
   <div class='ocr_carea' id='block_1_114' title="bbox 2038 5055 3678 5125">
    <p class='ocr_par' dir='ltr' id='par_1_114' title="bbox 2038 5055 3678 5125">
     <span class='ocr_line' id='line_1_114' title="bbox 2038 5055 3678 5125; baseline -0.007 -11"><span class='ocrx_word' id='word_1_723' title='bbox 2038 5059 2271 5114; x_wconf 83' lang='lat' dir='ltr'>Michael</span> <span class='ocrx_word' id='word_1_724' title='bbox 2329 5058 2685 5125; x_wconf 75' lang='lat' dir='ltr'>Palazologus.</span> <span class='ocrx_word' id='word_1_725' title='bbox 2746 5055 2875 5110; x_wconf 69' lang='lat' dir='ltr'>Hmc</span> <span class='ocrx_word' id='word_1_726' title='bbox 2951 5055 3289 5109; x_wconf 80' lang='lat' dir='ltr'>distinctius</span> <span class='ocrx_word' id='word_1_727' title='bbox 3351 5055 3678 5105; x_wconf 78' lang='lat' dir='ltr'>narrantem</span> 
     </span>
    </p>
   </div>
   <div class='ocr_carea' id='block_1_115' title="bbox 2042 5138 3677 5217">
    <p class='ocr_par' dir='ltr' id='par_1_115' title="bbox 2042 5138 3677 5217">
     <span class='ocr_line' id='line_1_115' title="bbox 2042 5138 3677 5217; baseline -0.009 -15"><span class='ocrx_word' id='word_1_728' title='bbox 2042 5149 2245 5202; x_wconf 90' lang='lat' dir='ltr'>audire</span> <span class='ocrx_word' id='word_1_729' title='bbox 2276 5164 2460 5217; x_wconf 72' lang='lat' dir='ltr'>operm</span> <span class='ocrx_word' id='word_1_730' title='bbox 2495 5147 2758 5216; x_wconf 71' lang='lat' dir='ltr'>praetium</span> <span class='ocrx_word' id='word_1_731' title='bbox 2792 5150 2882 5199; x_wconf 88' lang='lat' dir='ltr'>est</span> <span class='ocrx_word' id='word_1_732' title='bbox 2924 5144 3233 5212; x_wconf 89' lang='lat' dir='ltr'>Georgium</span> <span class='ocrx_word' id='word_1_733' title='bbox 3284 5138 3677 5208; x_wconf 80' lang='lat' dir='ltr'>AcrOpolitam</span> 
     </span>
    </p>
   </div>
   <div class='ocr_carea' id='block_1_116' title="bbox 2041 5230 3683 5301">
    <p class='ocr_par' dir='ltr' id='par_1_116' title="bbox 2041 5230 3683 5301">
     <span class='ocr_line' id='line_1_116' title="bbox 2041 5230 3683 5301; baseline -0.01 -10"><span class='ocrx_word' id='word_1_734' title='bbox 2041 5237 2333 5291; x_wconf 86' lang='lat' dir='ltr'>oculatum</span> <span class='ocrx_word' id='word_1_735' title='bbox 2360 5241 2653 5299; x_wconf 70' lang='lat' dir='ltr'>gestorum</span> <span class='ocrx_word' id='word_1_736' title='bbox 2680 5239 2909 5287; x_wconf 87' lang='lat' dir='ltr'>testem.</span> <span class='ocrx_word' id='word_1_737' title='bbox 2944 5234 3091 5301; x_wconf 81' lang='lat' dir='ltr'>Ergo</span> <span class='ocrx_word' id='word_1_738' title='bbox 3136 5231 3193 5284; x_wconf 92' lang='lat' dir='ltr'>in</span> <span class='ocrx_word' id='word_1_739' title='bbox 3258 5230 3507 5283; x_wconf 75' lang='lat' dir='ltr'>Historia:</span> <span class='ocrx_word' id='word_1_740' title='bbox 3565 5240 3683 5276; x_wconf 70' lang='lat' dir='ltr'>sua:</span> 
     </span>
    </p>
   </div>
   <div class='ocr_carea' id='block_1_117' title="bbox 2042 5309 3685 5396">
    <p class='ocr_par' dir='ltr' id='par_1_117' title="bbox 2042 5309 3685 5396">
     <span class='ocr_line' id='line_1_117' title="bbox 2042 5309 3685 5396; baseline -0.009 -16"><span class='ocrx_word' id='word_1_741' title='bbox 2042 5344 2089 5381; x_wconf 91' lang='lat' dir='ltr'>c.</span> <span class='ocrx_word' id='word_1_742' title='bbox 2122 5328 2210 5396; x_wconf 86' lang='grc'>31,</span> <span class='ocrx_word' id='word_1_743' title='bbox 2254 5342 2382 5396; x_wconf 88' lang='lat' dir='ltr'>pag.</span> <span class='ocrx_word' id='word_1_744' title='bbox 2415 5326 2485 5378; x_wconf 82' lang='grc'>55</span> <span class='ocrx_word' id='word_1_745' title='bbox 2515 5326 2606 5379; x_wconf 89' lang='lat' dir='ltr'>ed.</span> <span class='ocrx_word' id='word_1_746' title='bbox 2641 5323 2779 5393; x_wconf 71' lang='lat' dir='ltr'>Reg.</span> <span class='ocrx_word' id='word_1_747' title='bbox 2814 5326 2898 5376; x_wconf 86' lang='lat' dir='ltr'>sic</span> <span class='ocrx_word' id='word_1_748' title='bbox 2930 5321 3131 5375; x_wconf 87' lang='lat' dir='ltr'>scribit</span> <span class='ocrx_word' id='word_1_749' title='bbox 3165 5336 3175 5372; x_wconf 94' lang='lat'>:</span> <span class='ocrx_word' id='word_1_750' title='bbox 3212 5315 3311 5371; x_wconf 87' lang='grc' dir='ltr'>Καὶ</span> <span class='ocrx_word' id='word_1_751' title='bbox 3355 5315 3381 5366; x_wconf 88' lang='grc' dir='ltr'>ὁ</span> <span class='ocrx_word' id='word_1_752' title='bbox 3432 5309 3685 5385; x_wconf 72' lang='grc' dir='ltr'>βασιλεὺς</span> 
     </span>
    </p>
   </div>
   <div class='ocr_carea' id='block_1_118' title="bbox 2041 5400 3683 5487">
    <p class='ocr_par' dir='ltr' id='par_1_118' title="bbox 2041 5400 3683 5487">
     <span class='ocr_line' id='line_1_118' title="bbox 2041 5400 3683 5487; baseline -0.013 -19"><span class='ocrx_word' id='word_1_753' title='bbox 2041 5416 2271 5487; x_wconf 89' lang='lat' dir='ltr'>(nempe</span> <span class='ocrx_word' id='word_1_754' title='bbox 2300 5415 2557 5469; x_wconf 87' lang='lat' dir='ltr'>Joannes</span> <span class='ocrx_word' id='word_1_755' title='bbox 2588 5416 2882 5483; x_wconf 81' lang='lat' dir='ltr'>Augustus</span> <span class='ocrx_word' id='word_1_756' title='bbox 2916 5407 3198 5463; x_wconf 87' lang='lat' dir='ltr'>Theodori</span> <span class='ocrx_word' id='word_1_757' title='bbox 3240 5404 3423 5473; x_wconf 87' lang='lat' dir='ltr'>pater)</span> <span class='ocrx_word' id='word_1_758' title='bbox 3454 5400 3543 5451; x_wconf 84' lang='grc' dir='ltr'>τὸν</span> <span class='ocrx_word' id='word_1_759' title='bbox 3581 5405 3683 5487; x_wconf 63' lang='lat' dir='ltr'>Ko-</span> 
     </span>
    </p>
   </div>
   <div class='ocr_carea' id='block_1_119' title="bbox 2046 5485 3682 5576">
    <p class='ocr_par' dir='ltr' id='par_1_119' title="bbox 2046 5485 3682 5576">
     <span class='ocr_line' id='line_1_119' title="bbox 2046 5485 3682 5576; baseline -0.01 -19"><span class='ocrx_word' id='word_1_760' title='bbox 2046 5504 2247 5576; x_wconf 81' lang='grc' dir='ltr'>μνηνὸν</span> <span class='ocrx_word' id='word_1_761' title='bbox 2306 5500 2573 5573; x_wconf 73' lang='grc' dir='ltr'>ἐνεδὲξατο</span> <span class='ocrx_word' id='word_1_762' title='bbox 2632 5496 2890 5572; x_wconf 75' lang='grc' dir='ltr'>Μιχαὴλ,</span> <span class='ocrx_word' id='word_1_763' title='bbox 2947 5496 3035 5549; x_wconf 84' lang='grc' dir='ltr'>καὶ</span> <span class='ocrx_word' id='word_1_764' title='bbox 3088 5495 3352 5565; x_wconf 78' lang='grc' dir='ltr'>ζεύγνυσιν</span> <span class='ocrx_word' id='word_1_765' title='bbox 3404 5487 3550 5558; x_wconf 76' lang='grc' dir='ltr'>αὐτῷ</span> <span class='ocrx_word' id='word_1_766' title='bbox 3608 5485 3682 5540; x_wconf 78' lang='grc' dir='ltr'>εἰς</span> 
     </span>
    </p>
   </div>
   <div class='ocr_carea' id='block_1_120' title="bbox 2042 5574 3682 5666">
    <p class='ocr_par' dir='ltr' id='par_1_120' title="bbox 2042 5574 3682 5666">
     <span class='ocr_line' id='line_1_120' title="bbox 2042 5574 3682 5666; baseline -0.012 -19"><span class='ocrx_word' id='word_1_767' title='bbox 2042 5574 2271 5666; x_wconf 58' lang='grc' dir='ltr'>γυναῖκα</span> <span class='ocrx_word' id='word_1_768' title='bbox 2342 5595 2437 5645; x_wconf 78' lang='grc' dir='ltr'>τοῦ</span> <span class='ocrx_word' id='word_1_769' title='bbox 2512 5586 2749 5663; x_wconf 76' lang='grc' dir='ltr'>ἀδελφοῦ</span> <span class='ocrx_word' id='word_1_770' title='bbox 2822 5584 2985 5638; x_wconf 80' lang='grc' dir='ltr'>αὐτοῦ</span> <span class='ocrx_word' id='word_1_771' title='bbox 3042 5585 3137 5636; x_wconf 75' lang='grc' dir='ltr'>τοῦ</span> <span class='ocrx_word' id='word_1_772' title='bbox 3190 5574 3682 5652; x_wconf 75' lang='grc' dir='ltr'>σεϐαστοκράτορος</span> 
     </span>
    </p>
   </div>
  </div>
