3968 6202
239 278 384 335 1093

1834 282 2061 339 ΝΟΤᾸΞ.

3516 308 3655 365 1094

234 401 442 464 πάντας
537 400 870 472 ἁπαξαπλῶς
962 409 1270 478 στρατικοῖς
1365 404 1657 479 σοντὲταχε
1754 402 1884 478 τάγ-

2005 410 2195 505 vocat)
2225 412 2305 505 τῖξξ
2331 412 2565 505 πρώτως
2608 411 2921 505 ἐρᾏομὲνῳγ
2949 419 3268 493 ξοναντήσας
3326 426 3520 501 βάλλει
3574 432 3654 505 τῷ

241 514 396 565 μασι,
429 492 517 546 καὶ
547 493 614 561 ἦν
643 493 705 547 τὸ
753 495 1092 567 συνηγμένον
1145 493 1357 563 πλῆοος
1406 493 1576 550 πολύ.
1622 498 1744 550 Ηωο
1775 495 1904 567 ille,

239 600 309 639 ex
339 582 555 653 quibus
589 582 847 654 prudens
880 582 1067 654 quivis
1093 588 1278 656 potest
1310 599 1660 656 cognoscere
1694 584 1897 655 ingen-

239 677 359 727 tem
396 672 580 727 fuisse
611 672 1046 727 multitudinem
1073 674 1449 729 servientium
1476 674 1813 745 imperatori
1839 674 1897 728 in

238 760 660 816 venationibus
729 777 1033 816 cervorum
1093 780 1512 835 aprorumque,
1573 762 1892 835 prwsertim

240 853 443 905 autem
476 849 534 903 in
570 848 819 920 aucupio
852 867 952 921 per
992 851 1325 922 accipitres,
1359 853 1595 922 quando
1627 868 1694 905 ex
1723 850 1795 905 iis
1825 852 1897 905 ad

243 938 524 993 militiam
578 937 877 994 translatis
927 956 1179 1011 magnus
1251 941 1540 995 exercitus
1601 943 1898 995 momento

239 1029 533 1085 conﬂatus
565 1028 807 1084 exstitit.

312 1130 470 1184 630
501 1130 637 1200 Cap.
675 1129 728 1184 9.
792 1128 871 1184 De
920 1128 1060 1200 fuga
1110 1127 1409 1184 Michaelis
1470 1127 1777 1200 Palazologi
1835 1127 1893 1183 in

2010 492 2194 569 δόρατι
2221 497 2310 551 καὶ
2345 498 2518 575 ῥίπτει
2550 508 2649 571 τῆς
2687 501 3017 582 ἐφεστρίδος.
3076 492 3184 567 Sed
3237 492 3360 572 leve
3418 519 3474 574 id
3531 492 3654 578 dis.-

2006 585 2225 641 crimen
2251 590 2512 644 vocabuli
2544 592 2724 648 videri
2758 601 2964 667 potest,
3024 606 3212 670 praeut
3268 604 3324 658 in
3412 624 3471 663 re
3522 610 3651 680 ipsa

2007 674 2280 731 dissentit
2312 679 2382 733 ab
2417 682 2748 752 Acropolita
2784 686 3183 761 Pachymeres,
3217 693 3512 764 siquidem
3545 674 3645 753 hic

2004 780 2120 818 non
2153 765 2523 825 Theodorum
2557 788 2590 825 a
2628 772 2945 846 Palaaologo
2977 778 3301 849 impulsum
3364 784 3530 841 hasta
3588 794 3648 843 et

2003 852 2128 907 loco
2162 859 2409 927 motum,
2439 860 2539 913 sed
2574 861 2697 916 vice
2728 879 2893 919 versa
2924 866 3311 940 Palaeologum
3373 890 3407 928 a
3459 875 3648 931 Theo-

2004 942 2166 1011 doro,
2197 948 2261 998 ut
2294 951 2449 1015 patet
2501 964 2569 1002 ex
2594 948 2688 1005 his
2718 953 2908 1009 verbis
2953 971 2966 1009 :
3017 957 3144 1011 Ὅτε
3201 959 3291 1012 καὶ
3324 961 3350 1013 ὁ
3408 966 3503 1016 τοῦ
3564 961 3650 1018 δε-

2003 1030 2206 1083 σπότου
2266 1032 2501 1107 Μιχαὴλ
2545 1033 2603 1089 ἐκ
2656 1038 2865 1102 νοθείας
2926 1043 3141 1105 σκότιος
3198 1053 3323 1109 παῖς
3382 1052 3650 1122 Μονουὴλ

2003 1120 2149 1174 631
2187 1120 2374 1195 τυχὼν
2425 1121 2595 1178 ἐκεῖσε
2628 1124 2716 1179 σὺν
2765 1128 2933 1202 ἱκανῷ
2981 1134 3365 1207 στρατεύματι,
3410 1141 3489 1211 [Ρ.
3525 1120 3649 1213 440]

2002 1207 2090 1259 καὶ
2130 1206 2473 1279 συμπλακεὶς
2525 1217 2603 1283 τῷ
2650 1213 2905 1289 πολέμῳ,
2964 1219 3031 1272 τὰ
3078 1226 3268 1294 πρῶτα
3330 1227 3422 1297 μὲν
3483 1229 3651 1300 ὁμόσε

2003 1297 2267 1369 χωρήσας
2337 1304 2417 1371 τῷ
2488 1301 2718 1376 ἡγεμόνι
2781 1309 2861 1376 τῷ
2915 1313 3094 1379 κοντῷ
3152 1319 3379 1375 συνωθεῖ
3426 1297 3529 1369 καῖ’
3569 1317 3653 1393 ῥί,

2001 1404 2147 1453 πτει,
2179 1392 2288 1442 etc.
2322 1389 2494 1445 Addit
2524 1408 2556 1445 a
2588 1395 2856 1450 restituto
2890 1397 2947 1450 in
2995 1398 3219 1469 sellam,
3253 1404 3405 1459 unde
3462 1389 3653 1464 fuerat

2002 1475 2291 1564 dejectus,
2348 1479 2665 1552 Palaaologo
2726 1484 2972 1540 nothum
3035 1487 3344 1545 Michaelis
3400 1493 3651 1564 dcspotm

1999 1562 2188 1619 ﬁlium
2225 1566 2426 1621 lethali
2476 1586 2822 1640 percussum
2883 1574 3002 1629 ictu
3063 1580 3396 1649 nequivisse
3455 1562 3652 1653 parem

236 1218 541 1274 Persidem
577 1218 684 1273 hoc
715 1217 903 1289 capite
936 1221 1169 1274 narrata
1200 1217 1371 1289 plura
1405 1217 1579 1273 refert
1611 1218 1894 1288 Georgius

240 1307 584 1379 Acropolita
650 1311 793 1361 tunc
852 1308 1007 1378 apud
1056 1307 1471 1378 imperatorem
1528 1306 1890 1361 Theodorum

241 1413 450 1467 agens,
484 1396 716 1468 quando
756 1397 806 1451 is
855 1402 944 1451 est
1000 1398 1068 1451 ad
1122 1396 1313 1467 ipsum
1362 1397 1607 1451 nuntius
1656 1396 1891 1453 allatus.

237 1485 447 1556 Opera;
477 1488 729 1556 pretium
770 1483 973 1541 lectori
1017 1485 1194 1540 luerit
1252 1486 1445 1540 videre
1492 1490 1550 1539 et
1605 1502 1739 1540 cum
1799 1484 1892 1540 his

232 1573 428 1629 nostri
460 1574 722 1629 conferre
744 1590 871 1645 quae
908 1573 1005 1629 ille
1036 1578 1236 1629 narrat
1268 1590 1318 1629 c.
1351 1575 1489 1628 Hist.
1524 1590 1642 1630 suae
1664 1574 1755 1639 64,
1790 1574 1890 1628 ubi

232 1664 424 1719 etiam
457 1662 644 1718 obiter
676 1663 981 1719 observare
1032 1664 1263 1735 poterit,
1298 1680 1423 1735 qua:
1483 1663 1540 1717 in
1597 1663 1889 1719 Clossario
1999 1661 2277 1737 τερρρθτθ
2302 1666 2476 1737 3791139
2509 1652 2849 1723 Signiﬁcant
2873 1673 3051 1712 manu
3084 1664 3142 1714 εἴ
3172 1661 3323 1716 rem}
3346 1652 3656 1737 ΡθῙέθοῙοὲἰ

229 1753 417 1807 verbo
439 1749 731 1806 Μεσοθινία
762 1733 1096 1807 notavimus
1128 1752 1197 1807 de
1230 1733 1457 1823 legione
1506 1758 1607 1806 aut
1656 1752 1884 1808 cohorte

2001 1733 2283 1790 cecidisse
2312 1736 2677 1793 Theodorum
2738 1741 2856 1797 sive
2914 1744 3241 1801 Manuelem
3302 1748 3485 1805 istum
3549 1733 3651 1807 ηὸ-

241 1797 415 1807 .-.“
439 1797 731 1806 ...----..."
763 1797 1095 1807 ..--_.._._-
1131 1797 1196 1807 ,η
1230 1797 1456 1823 ﬂow..-
1506 1797 1607 1806 ...η
1657 1797 1890 1808 ww..-
3101 1797 3241 1801 _--_-
3303 1797 3485 1805 ---_-..
3551 1797 3618 1807 ..ν

224 1842 353 1896 isto
382 1843 616 1897 nomine
638 1841 1080 1912 appellata,non
1105 1840 1295 1896 solum
1322 1841 1657 1912 Acropolitaa
1682 1842 1892 1912 ipsius,
1929 1797 1971 1860 Β
2006 1821 2192 1921 till“?
2231 1825 2292 1879 Id
2326 1842 2459 1921 Ϋξπο
2505 1831 2848 1921 Ρθῐίηθὲζᾶδίῖ
2879 1832 2980 1901 (Illi
3016 1850 3243 1889 mecum
3278 1838 3653 1896 BXistimave-

228 1932 339 1985 sed
370 1935 429 1985 et
449 1931 775 1986 doctissimi
810 1933 938 2000 ejus
964 1930 1304 2001 interpretis
1353 1932 1701 1985 auctoritate
1753 1947 1893 1985 eon-
2010 1914 2085 1965 Γίί
2113 1914 2455 1984 Αοτοροῖίῖω
2502 1917 2690 1986 Ροῐίυδ
2735 1920 3113 1990 ουθάθηόυω,
3149 1928 3379 1979 tantum
3417 1944 3530 1983 non
3565 1929 3656 1984 his

225 2020 491 2075 ﬁrmata.
524 2019 671 2075 Nam
704 2019 806 2074 illa
838 2019 1113 2075 Historici
1148 2019 1347 2074 Graeca
1388 2018 1586 2083 verba,
1620 2017 1758 2092 πρὸς
1788 2021 1895 2070 τῶν

225 2106 726 2181 στραταρχούντων
757 2106 808 2160 ἐν
845 2107 1070 2178 Βιθυνίᾳ
1098 2105 1186 2160 καὶ
1244 2103 1574 2176 Μεσοθυνίᾳ,
1608 2107 1691 2162 sic
1752 2108 1892 2161 red-

230 2200 330 2254 dit
362 2198 807 2254 illustrissimus
838 2198 1121 2255 Allatius:
1147 2199 1187 2253 .4
1227 2198 1531 2254 cohortium
1562 2199 1893 2270 Bithynica—

228 2305 363 2343 rum
398 2294 451 2343 et
481 2289 831 2360 Mesothyniaz
849 2289 1149 2360 praefectis.

305 2388 444 2459 Pag.
476 2387 566 2440 25.
602 2386 738 2441 Cum
772 2386 1019 2441 hostibus
1049 2386 1287 2441 saltant:
1319 2402 1642 2459 congressus
1697 2387 1887 2456 fortis-

219 2478 373 2531 sime
414 2493 472 2531 se
512 2475 680 2544 gerit.
741 2475 933 2545 Longe
1006 2475 1126 2530 haec
1187 2475 1377 2529 fusius
1424 2492 1490 2529 ac
1549 2474 1887 2546 diligentius

218 2565 570 2636 Acropotita
618 2569 909 2636 pertracat
966 2568 1084 2620 toto
1126 2580 1175 2619 c.
1235 2565 1325 2633 65,
1385 2580 1503 2634 qua
1559 2564 1883 2633 occasione,

224 2672 387 2725 quos
419 2655 659 2721 ducens,
692 2658 914 2724 quanta
938 2652 1246 2724 prudentia
1276 2669 1342 2707 ac
1375 2651 1734 2707 fortitudine.
1768 2669 1884 2723 quo

226 2744 496 2815 denique
554 2759 833 2798 successu
884 2743 1164 2797 adversus
1223 2741 1540 2797 Tacharios
1574 2740 1680 2813 (sic
1726 2741 1879 2797 enim

224 2832 497 2905 appellat
552 2831 884 2903 Acropolita
954 2847 1101 2901 quos
1156 2836 1351 2885 noster
1407 2831 1720 2903 Tocharos)
1777 2848 1881 2903 pro

217 2923 469 2978 sultane
500 2938 621 2976 rem
663 2921 911 2994 gesserit
962 2920 1207 2975 Michael
1262 2920 1646 2992 Palzeologus,
1705 2936 1877 2992 expo-

213 3028 397 3066 nens.

298 3110 437 3182 Pag.
472 3110 561 3164 26.
596 3112 883 3165 Reversum
912 3110 1140 3180 benigne
1179 3108 1402 3179 excipit.
1451 3108 1725 3163 Reditum
1774 3107 1874 3162 Mi-

213 3200 449 3256 chaelis
480 3199 759 3255 Gomneni
808 3200 878 3253 ad
916 3198 1325 3270 imperatorem
1353 3197 1717 3253 Theodorum
1742 3197 1876 3251 bre-

206 3291 370 3344 viter
402 3290 678 3343 memorit
740 3286 1072 3358 Acropolita
1120 3304 1171 3341 c.
1204 3287 1295 3351 69,
1347 3286 1431 3341 uti
1480 3290 1537 3342 et
1594 3290 1876 3357 Gregoras

206 3380 250 3435 1.
292 3396 384 3442 Ill,
421 3381 629 3433 neuter
659 3376 1129 3448 interpositorum
1160 3376 1219 3430 in
1243 3392 1370 3431 eam
1397 3392 1515 3430 rem
1550 3374 1875 3430 Idoniensis

206 3466 485 3540 episcopi
537 3466 863 3522 ofﬁciorum
924 3465 1282 3521 mentionem
1326 3465 1565 3532 faciens,
1627 3465 1872 3521 fortasse

206 3559 375 3629 quod
410 3556 536 3621 illa,
561 3561 625 3610 ut
655 3556 769 3611 alia
819 3555 1007 3611 multa
1066 3571 1260 3609 rerum
1316 3554 1635 3621 Michaelis,
1670 3560 1871 3611 nostro

208 3647 441 3703 melius
474 3650 931 3717 perspectarum,
961 3644 1377 3715 ignoraverint.

2009 2003 2299 2069 praesenti,
2333 2006 2548 2077 quippe
2580 2006 2759 2078 hujus
2792 2009 2948 2064 socio
2984 2010 3227 2067 militiae.
3260 2013 3311 2069 1s
3368 2018 3524 2070 enim
3558 2018 3648 2072 di-

2006 2094 2158 2144 serte
2191 2091 2447 2147 afﬁrmat
2476 2111 2787 2151 excussum
2825 2097 2966 2153 sella
2996 2100 3364 2158 Theodorum
3400 2122 3651 2178 moxque

2004 2193 2034 2229 e
2064 2176 2229 2249 lapsu
2265 2181 2631 2238 sublevatum
2679 2188 3000 2242 accurrisse
3047 2190 3115 2243 ad
3176 2176 3570 2249 Comnenum‘
3597 2201 3651 2251 et

2006 2266 2348 2337 suppliciter
2372 2272 2741 2343 deprecatum
2776 2292 2997 2331 necem.
3051 2282 3415 2336 Comnenum
3449 2288 3643 2339 autem

2002 2355 2368 2426 ignorantem
2399 2362 2533 2432 quis
2568 2363 2657 2418 hic
2689 2372 2863 2435 esset,
2897 2368 3423 2441 tradidisseipsum
3454 2372 3641 2429 Turco

2003 2446 2278 2535 cuipiam,
2311 2450 2410 2520 qui
2444 2468 2576 2507 eum
2622 2456 2908 2510 interfecit
2959 2460 3108 2510 εΤοῦ
3163 2458 3461 2531 πτώματος
3518 2465 3647 2535 γοῦν

2000 2533 2227 2597 ἀναστὰς
2272 2536 2428 2599 οὗτος
2461 2541 2821 2611 (Theodorus
2882 2546 3120 2619 nothus)
3167 2533 3539 2623 προσέδραμεν
3569 2554 3649 2621 τῷ

2000 2625 2286 2714 Κομνέηνῷᾷ
2328 2628 2558 2702 Μιχαὴλ
2596 2672 2609 2696 ,
2676 2630 2760 2684 καὶ
2834 2629 3097 2688 ἐδυσώπει
3160 2637 3234 2708 μή
3297 2640 3644 2714 φονευθῆναι.

1998 2712 2205 2787 Ἠγνόεί
2269 2712 2325 2768 δὲ
2372 2721 2564 2771 τοῦτον
2627 2719 2653 2771 ὁ
2714 2722 3019 2793 Κομνηνὸς,
3070 2724 3158 2776 καὶ
3212 2712 3364 2786 ἀστνις
3422 2726 3487 2794 ἦν
3550 2727 3648 2783 οὐκ

1996 2801 2282 2870 ἠπίστατο.
2337 2804 2684 2877 Ηαραδὶδωσι
2736 2812 2866 2883 γοῦν
2918 2811 3077 2865 αὐτὸν
3117 2812 3350 2885 Τούρκῳ
3380 2816 3509 2882 τινὶ,
3555 2818 3648 2871 καὶ

1995 2889 2055 2951 ’ὸς
2087 2892 2382 2968 πεφόνευκε
2430 2899 2644 2952 τοῦτον.
2711 2898 2882 2954 Porro
2944 2903 3095 2969 quod
3153 2901 3366 2955 σκότιον
3430 2907 3644 2961 obscu-

1994 2996 2121 3035 rum
2158 2983 2310 3038 hunc
2342 2984 2639 3041 Michaelis
2671 2988 2922 3059 despotte
2953 2989 3138 3045 ﬁlium
3170 2996 3368 3047 noster
3387 2993 3544 3062 dicit,
3569 2997 3640 3051 ad

1992 3068 2431 3141 illegitimorum
2469 3075 2748 3131 natalium
2770 3078 3149 3149 ignominiam
3169 3081 3435 3151 pertinet,
3463 3100 3636 3155 quam

1908 3158 1950 3225 C
1988 3159 2144 3214 idem
2179 3166 2235 3216 et
2266 3162 2423 3233 alibi,
2458 3168 2522 3217 ut
2564 3164 2735 3229 intra,
2771 3184 2825 3236 p.
2874 3168 2965 3233 85,
3000 3168 3146 3223 solet
3207 3170 3319 3225 ista
3368 3174 3639 3230 tenebra-

1988 3264 2118 3302 rum
2144 3250 2441 3304 mentione
2472 3252 2796 3321 designare,
2818 3253 3106 3323 alludens,
3142 3258 3370 3329 opinor,
3399 3259 3633 3317 Homeri

1981 3335 2173 3391 locum
2207 3336 2347 3393 Hiad
2362 3380 2373 3393 .
2391 3341 2418 3406 ζ
2440 3340 2511 3393 de
2531 3340 2839 3396 Bucolione
2861 3343 3271 3401 Laomedontis
3289 3347 3409 3402 ﬁlio
3426 3350 3633 3406 notho:

1978 3505 2293 3586 ἓουκολῖων
2323 3504 2370 3562 δ’
2400 3509 2466 3578 ἦν
2498 3509 2613 3573 υἱὸς
2639 3511 2835 3586 ἀγανοῦ
2869 3510 3248 3586 Λαομέδοντος

1980 3534 2293 3562 ῠυυκυΛιων
2323 3534 2349 3562 0
2400 3534 2466 3578 ην
2498 3534 2613 3573 υιος
2639 3534 2835 3586 αγανου
2869 3534 2980 3566 Λαο
3034 3534 3248 3577 εοοντος

1980 3574 2353 3650 Πρεσϐύτατος
2425 3586 2603 3657 γενεῇ*
2695 3584 2909 3639 σκότιον
2990 3534 3050 3641 ἕξ.
3124 3586 3386 3662 ἐγείνατο
3414 3589 3526 3657 μή-

3428 3680 3555 3716 τηρ.

234 3660 441 3702 uenus
474 3660 931 3717 perspectarum,
961 3660 1377 3715 ignoraverint.
3190 3660 3199 3662 -
3408 3660 3531 3734 [τηρ

234 3740 257 3746 ’
290 3746 446 3801 Ibid.
524 3744 801 3799 Michaelis
877 3743 1117 3814 despotae
1198 3742 1397 3798 nothus
1483 3746 1536 3797 et
1612 3742 1870 3798 obscurus

206 3839 393 3908 ﬁlius.
448 3836 578 3891 Hac
636 3835 933 3907 copiosius
1008 3832 1465 3903 distinctiusque
1539 3832 1873 3887 referuntur
1977 3821 2047 3875 ad
2082 3838 2256 3892 quem
2290 3822 2483 3879 locum
2510 3830 2677 3881 V8108
2710 3827 3090 3883 60h01iastesz
3126 3830 3353 3882 Σκότιον
3411 3827 3470 3882 ἐκ
3526 3827 3621 3882 λα-

204 3946 242 3983 a
307 3927 560 3998 Georgio
611 3924 942 3996 Acropolita
990 3939 1057 3977 ex
1112 3921 1343 3977 oculata
1410 3938 1555 3993 pene
1614 3922 1866 3990 notitia;

199 4033 351 4075 nam
406 4015 457 4072 is
508 4015 685 4085 hujus
754 4013 812 4068 in
881 4013 1253 4068 Occidentem
1316 4009 1704 4081 expeditionis
1761 4011 1867 4066 Mi-

200 4105 401 4163 chaeli
441 4102 761 4174 Palzeologo
789 4118 983 4157 comes
1044 4102 1174 4167 fuit,
1210 4099 1319 4155 etsi
1362 4116 1474 4155 nou
1508 4099 1711 4155 eodem
1744 4097 1869 4154 loco

203 4194 521 4270 pugnavit,
553 4195 612 4248 in
660 4194 773 4247 alia
823 4192 1141 4247 divisarum
1192 4191 1491 4261 copiarum
1533 4195 1696 4261 parte
1745 4206 1865 4245 rem

203 4302 449 4359 gerens.
483 4282 627 4345 Quia
655 4298 789 4337 vero
821 4280 914 4336 ille
948 4281 1207 4351 quasdam
1260 4280 1427 4335 aliter
1457 4297 1523 4336 ac
1555 4279 1866 4351 Pachyme-

205 4394 307 4433 res
342 4379 565 4439 narrat,
596 4371 868 4443 equidem
902 4370 1246 4440 Acr0polita3
1279 4370 1471 4441 potius
1503 4368 1598 4424 hic
1630 4369 1865 4440 quidem

206 4464 583 4521 credendum
614 4466 779 4532 puto,
802 4460 1022 4531 quippe
1049 4459 1147 4529 qui
1182 4459 1333 4529 ejus,
1364 4459 1447 4513 uti
1473 4457 1615 4528 dixi,
1649 4458 1863 4529 negotii

1978 3909 2170 3982 θραίας
2227 3910 2424 3982 μίξεως
2481 3912 2573 3966 τὸν
2640 3912 2810 3987 λάθρα
2866 3914 3223 3988 γεγενημένον
3266 3916 3353 3970 καὶ
3412 3915 3509 3969 οὐκ
3563 3915 3623 3971 ἐκ

1974 4004 2073 4066 τῆς
2130 3999 2267 4053 κατά
2320 3998 2489 4072 νόμον
2535 4003 2880 4076 γαμηθείσης
2912 4050 2927 4075 ,
2985 4005 3076 4059 τὸν
3128 4004 3179 4074 ἐξ
3223 4002 3618 4078 ἀδᾳδουχήτων

1975 4086 2189 4161 γάμων.
2223 4089 2328 4145 Ubi
2362 4090 2655 4160 eleganter
2682 4110 2920 4148 causam
2952 4095 3207 4149 innuens
3238 4112 3342 4149 cur
3386 4094 3624 4150 obscuri

1977 4178 2248 4233 dicantur
2277 4179 2589 4252 illegitimi,
2620 4182 2676 4235 id
2710 4183 2931 4237 indicat
2961 4200 3029 4238 ex
3070 4199 3136 4239 eo
3188 4185 3406 4239 factum
3460 4185 3616 4253 quod

1978 4284 2093 4322 non
2127 4285 2195 4324 ex
2220 4269 2494 4342 conjugis
2518 4271 2765 4326 solemni
2794 4272 2986 4327 facum
3044 4273 3365 4344 genialium
3409 4274 3613 4344 praela-

1973 4358 2129 4413 tione
2161 4358 2474 4426 illustrato,
2511 4361 2611 4415 sed
2645 4361 2855 4416 furtivo
2887 4364 3139 4434 captatis
3168 4364 3425 4418 tenebris
3480 4378 3621 4416 con-

1975 4448 2173 4503 cubitu
2209 4450 2326 4504 nati
2390 4451 2523 4505 sint.
2580 4450 2756 4505 Istius
2813 4451 3221 4522 originationis
3280 4451 3431 4507 verbi
3490 4448 3621 4505 σκό-

198 4570 353 4627 pars
392 4549 593 4616 fuerit,
628 4566 805 4620 quam
840 4552 1039 4603 nostro
1083 4548 1184 4618 qui
1231 4563 1323 4603 res
1382 4552 1523 4601 tunc
1583 4551 1743 4601 actas
1795 4563 1862 4603 ex

1995 4538 2436 4607 :tocillegitimis
2481 4542 2687 4611 aptati,
2752 4541 2902 4611 quod
2962 4537 3012 4611 ἐξ
3067 4536 3457 4614 ἀδᾳδουχτςτων
3521 4539 3620 4612 γά-

203 4645 393 4708 fama,
423 4656 527 4695 nec
557 4655 624 4694 ea
683 4638 827 4693 satis
886 4635 1193 4708 explicata,
1251 4636 1482 4692 videtur
1540 4635 1858 4707 accepisse.
1977 4648 2091 4696 μων
2125 4629 2234 4682 οτῐὶ
2285 4628 2423 4696 sint,
2480 4634 2774 4684 auctorem
2842 4628 3187 4683 Eustathius
3243 4646 3299 4699 p.
3358 4631 3464 4683 622
3520 4630 3611 4684 ed.

200 4733 410 4789 Prima
437 4727 915 4799 discrepantiaiu
950 4726 1188 4782 nomine
1218 4725 1386 4781 ducis
1427 4725 1689 4781 hostium
1752 4732 1862 4793 est,
1975 4718 2138 4772 Rom.
2192 4716 2405 4787 allegat
2469 4719 2749 4788 Apionem
2805 4723 3056 4773 veterem
3114 4718 3312 4789 magni
3362 4717 3613 4774 nominis

201 4837 390 4895 quem
443 4822 643 4873 noster
690 4816 1021 4871 Manuelem
1078 4822 1263 4870 vocat.
1314 4818 1523 4869 Contra
1576 4813 1862 4884 Georgius
1971 4806 2445 4878 grammaticum.

195 4908 558 4981 AcrOpolita,
609 4904 739 4960 Hist
795 4921 845 4961 c.
892 4904 955 4956 71
1020 4902 1387 4959 Theodorum
1441 4900 1715 4973 appellat.
1768 4902 1861 4957 Sic
2042 4896 2179 4966 Cap.
2217 4896 2302 4950 11.
2346 4896 2482 4959 Quae
2536 4896 2643 4951 hoc
2701 4896 2886 4968 capite
2945 4903 3262 4952 narrantur
3319 4898 3388 4952 de
3440 4901 3610 4967 capto

195 5003 361 5057 enim
394 4998 475 5053 ibi
533 4996 765 5051 scribit:
817 4993 915 5046 Ἦν
978 4989 1034 5045 δὲ
1092 4993 1119 5046 ὁ
1180 4991 1363 5066 ῥηθεὶς
1408 4994 1505 5046 τοῦ
1552 4990 1859 5045 ἀποστάτου

1995 4986 2278 5056 'inctoque
2310 5002 2410 5057 per
2439 4984 2774 5040 Chadenum
2804 4985 3141 5058 Palmologo,
3174 4987 3361 5057 deque
3404 5003 3611 5056 prmsa-
3673 4994 3679 5039 ζ

193 5084 443 5162 Μιχαὴλ
474 5084 633 5148 νόθος
663 5082 778 5144 υἱὸς
821 5078 1124 5155 Θεόδωρος.
1174 5083 1309 5136 Erat
1355 5090 1530 5137 autem
1592 5081 1640 5135 is
1698 5099 1857 5153 quem

1995 5075 2079 5143 {iis
2109 5074 2319 5146 imperi
2351 5091 2415 5129 ea
2447 5075 2750 5130 occasione
2807 5075 2889 5130 illi
2950 5076 3183 5145 oblatis,
3242 5091 3443 5131 eorum
3504 5090 3609 5128 nec

190 5180 325 5235 αἱ.τὶ
361 5176 649 5247 delectans
692 5174 981 5229 Michaelis
1028 5173 1226 5227 nothus
1302 5170 1456 5240 ﬁlius
1524 5172 1848 5225 Theodorus.
1964 5164 2092 5219 vola
2123 5181 2226 5219 nec
2275 5164 2590 5235 vestigium
2644 5164 2903 5219 cernitur
2958 5166 3111 5237 apud
3172 5163 3605 5235 Acropolitam;

190 5271 440 5326 Dixerat
470 5281 602 5319 vero
633 5268 802 5318 antea
835 5263 1042 5316 ducem
1076 5262 1375 5330 copiarum
1410 5259 1708 5315 Michaelis
1756 5261 1852 5316 de-
1963 5256 2172 5327 opinor
2203 5255 2331 5309 ideo
2363 5254 2515 5325 quod
2558 5253 2654 5309 ille
2687 5272 2789 5325 per
2818 5256 2874 5308 id
2910 5261 3144 5325 tempus
3191 5254 3250 5307 in
3310 5266 3606 5322 expugna-

192 5362 407 5430 Spotae,
454 5351 687 5408 rebellis
739 5355 1136 5406 occurrentem
1206 5347 1476 5407 Michaeli
1529 5347 1850 5420 Palaeologo
1963 5346 2117 5400 tione
2150 5343 2364 5416 Prilapi
2397 5345 2571 5400 castri
2599 5349 2806 5415 captus
2829 5349 2886 5399 et
2917 5344 3085 5412 longo
3118 5342 3606 5430 tempore‘custo-

193 5428 369 5503 hasta
401 5457 750 5516 percussum
776 5439 1145 5510 abeoctequi
1169 5435 1728 5493 sellaexcussumz'O
1753 5437 1846 5507 μὲν
1961 5437 2057 5490 dia
2088 5436 2360 5489 detentus
2399 5435 2469 5488 ab
2503 5434 2795 5502 hostibus,
2832 5438 2895 5485 ut
2926 5432 3050 5503 ipse
3104 5432 3293 5498 docet,
3355 5428 3488 5482 Hist.
3549 5441 3599 5478 c.

187 5534 291 5590 οὖν
326 5530 623 5605 Κομνηνὸς
653 5524 890 5603 Μιχαὴλ
922 5529 1082 5599 (nam
1116 5536 1180 5584 ut
1212 5545 1391 5600 supra
1443 5526 1663 5597 monui,
1726 5526 1843 5581 Mi-

1995 5525 2047 5590 2,
2082 5524 2186 5579 ista
2222 5540 2336 5577 non
2370 5522 2599 5577 viderit.
2634 5521 2922 5592 Gregoras
2954 5536 3184 5591 quoque
3216 5518 3286 5571 de
3322 5516 3597 5605 histacet,

188 5601 462 5682 chaelem
484 5601 1841 5690 Palat-elogiumAcrOpolitascmperComnnnum
1956 5614 2142 5670 multo
2174 5612 2399 5679 leviori,
2432 5617 2497 5667 ut
2525 5629 2593 5667 ex
2623 5610 2849 5666 caateris
2880 5612 3139 5681 apparet,
3168 5606 3389 5663 tinctus
3447 5601 3601 5658 noti—
