3978 6182
447 260 590 316 1095

1495 263 1559 314 Ρ.
1599 263 1874 316 POSSINI
1910 262 2516 326 OBSERVATIONUM
2553 275 2687 329 LIB.
2727 280 2797 331 II.

3640 296 3741 352 l096

452 388 535 443 tia
566 402 757 443 rerum
802 382 1103 439 Michaelis
1144 382 1466 454 Palzeologi,
1518 401 1663 455 quas
1704 386 1802 456 qui
1865 386 2056 457 pleniu

2315 393 2453 474 μήτε
2484 391 2686 474 δρᾶιζσαι⁸
2709 402 2847 474 μήτε
2875 406 2953 474 τῷ
2984 404 3267 473 ξυνειδέναι

448 476 557 532 hoc
588 480 786 530 nostro
821 471 1141 540 tradiderit,
1169 471 1388 528 frustra
1418 484 1732 544 queretur.

515 617 653 687 Cap.
690 616 775 669 12.
829 621 904 671 De
955 617 1157 673 morbo
1217 620 1273 671 et
1321 622 1508 672 morte
1559 618 1842 673 Theodori
1904 636 2091 690 pauca

445 721 592 776 pene
641 705 1034 776 perfunctorie
1096 707 1300 761 scribit
1351 707 1565 762 absens
1623 711 1761 762 tunc
1811 708 1882 763 ab
1956 709 2088 763 aula

441 795 723 867 Georgius
757 795 1108 866 Acropolita,
1142 796 1200 850 in
1237 795 1331 850 his
1383 797 1673 850 immorari
1709 796 2083 867 potissimum

441 883 795 957 solitusque:
828 885 1114 956 spectavit
1145 901 1418 957 praesens.
1455 885 1803 941 Brevissime
1856 887 1992 942 item
2028 888 2081 942 id

441 973 720 1045 transigit
751 973 1055 1046 Gregoras.

509 1116 646 1185 Pag.
680 1115 769 1171 33.
802 1117 862 1171 In
890 1113 1124 1170 innoxia
1151 1118 1583 1186 pertractatione
1611 1117 1752 1187 ferri
1766 1117 2080 1171 candentis.

435 1205 497 1259 Id
526 1205 746 1259 ferrum
787 1206 846 1258 in
887 1205 1082 1260 Graeco
1133 1209 1296 1260 vocat
1340 1205 1724 1277 Pachymeres
1769 1201 1971 1278 μύδρον
2025 1204 2085 1258 ἐκ

433 1293 604 1364 πυρὸς
629 1289 738 1360 ἤδη
777 1287 981 1360 ζέοντα.
1030 1293 1182 1348 632
1237 1294 1425 1348 Potuit
1483 1293 1751 1349 sufﬁcere
1811 1311 1916 1348 vox
1978 1292 2081 1366 μύ-

434 1379 580 1456 δρος,
615 1399 793 1454 quam
827 1387 990 1435 vetus
1019 1381 1364 1437 scholiastes
1397 1383 1698 1453 Sophoclis
1730 1384 2077 1454 interpreta-

435 1477 533 1527 tur
562 1469 1055 1544 πεπυρακτωμένος
1085 1467 1328 1540 σίδηρος,
1381 1475 1439 1526 et
1499 1472 1815 1542 Hesychius
1856 1469 2079 1545 σίδηρος

435 1559 827 1632 πεπυρωμένης
864 1577 876 1614 :
911 1559 994 1613 sic
1052 1559 1205 1614 enim
1261 1561 1702 1615 rescribendum
1755 1579 1856 1633 pro
1913 1582 2076 1615 πεπυ-

435 1650 716 1722 ρωμένως.
751 1649 884 1704 Fuit
915 1650 1035 1704 haec
1088 1666 1264 1716 prava
1317 1650 1443 1704 sine
1501 1651 1678 1704 dubio
1731 1651 2074 1706 innocentiae

434 1740 744 1812 probanda;
779 1739 946 1804 ratio,
981 1737 1184 1792 merito
1216 1737 1274 1792 in
1301 1739 1434 1808 jure
1487 1740 1763 1793 canonico
1825 1742 2071 1810 prescri-

432 1833 530 1900 pta
553 1845 679 1896 cap.
715 1825 1078 1894 Consuluisti,
1098 1843 1224 1897 cap.
1257 1826 1508 1881 Mennam
1536 1829 1590 1892 2,
1624 1844 1675 1896 q.
1729 1829 1800 1896 5;
1830 1834 1887 1883 et
1945 1846 2072 1900 cap.

433 1917 652 1983 Delicti,
688 1921 901 1972 extrav.
930 1917 1002 1970 De
1028 1915 1370 1986 purgatione
1411 1917 1653 1985 vulgari,
1691 1933 1793 1987 cap
1849 1928 2071 1972 sentcn-

428 2008 569 2060 tiam
597 2011 838 2073 extrav.,
863 2022 966 2059 nec
993 2021 1118 2059 earn
1154 2010 1354 2059 noster
1388 2005 1667 2073 probavit,
1697 2007 1794 2059 sed
1840 2011 2072 2061 tantum

430 2095 634 2149 retulit
665 2095 799 2163 quid
836 2096 1022 2155 ﬁeret.
1053 2094 1225 2148 etiam
1260 2093 1420 2162 alibi,
1456 2109 1665 2164 nempe
1727 2093 1766 2148 l.
1827 2111 1890 2161 ιι,
1936 2113 1983 2150 c.
2021 2097 2072 2164 1,

427 2185 735 2253 gratulans
764 2184 1406 2253 tanquam'emendato
1467 2182 1546 2236 rei
1609 2183 1854 2253 publicae
1913 2190 2071 2240 statu

429 2274 583 2343 quod
615 2271 729 2326 ista
760 2272 1074 2326 desiissent
1104 2270 1246 2325 ﬁeri.
1293 2269 1535 2324 Michael
1584 2274 1801 2342 quippe
1859 2273 2070 2328 Palae-

426 2361 596 2432 logus
619 2367 753 2414 ante
783 2360 1095 2428 imperium
1122 2361 1311 2413 adhuc
1344 2361 1609 2429 despnta,
1643 2362 1815 2431 ccepit
1844 2363 2072 2416 abolere

433 2467 603 2505 usum
628 2449 895 2519 adigendi
936 2448 1202 2503 homines
1236 2449 1306 2502 ad
1333 2448 1490 2502 istud
1520 2449 1913 2518 periculosum
1973 2468 2068 2506 ex-

428 2531 835 2601 perimentum,
869 2530 1022 2599 quod
1049 2531 1175 2598 jam
1230 2527 1489 2597 privatus
1549 2529 2066 2598 przedamnaverat.

430 2621 626 2672 Refert
659 2618 814 2671 enim
847 2616 1200 2686 Acr0p0lita,
1227 2617 1367 2670 Hist.
1391 2632 1440 2669 c.
1473 2617 1560 2670 50.
1597 2635 1651 2686 p.
1683 2618 1753 2671 53
1779 2619 1869 2671 ed:
1907 2619 2070 2690 Beg.,

434 2724 564 2761 cum
611 2706 830 2759 Phocus
885 2704 1423 2775 Philadelphiensis
1472 2705 1843 2775 metropolita
1889 2707 2064 2777 jussu

429 2793 800 2863 imperatoris
827 2793 1073 2847 Joannis
1103 2793 1344 2846 Batatza:
1376 2791 1441 2864 [P
1479 2793 1602 2864 441]
1637 2794 1900 2849 Michaeli
1961 2796 2068 2851 Pa-

427 2883 661 2956 laaologo
721 2882 1135 2954 perduellionis
1217 2886 1488 2952 suspecto
1521 2884 1925 2954 purgationem
1970 2903 2071 2958 per

425 2973 640 3028 ferrum
676 2973 933 3026 candens
959 2969 1434 3042 praescripsisset,
1461 2971 1546 3025 sic
1578 2988 1707 3026 cum
1738 2972 2064 3044 alloquens:

424 3066 513 3114 Δεῖ
542 3081 598 3113 σε
630 3064 705 3129 τῷ
742 3056 934 3134 μῦδρῳ
966 3059 1068 3125 τὴν
1128 3055 1385 3126 ἀλήθειαν
1443 3060 1906 3131 παραστήσασθαι,
1968 3080 2061 3117 re-

420 3153 729 3223 spondisse
751 3150 1146 3206 Michaelem:
1200 3149 1345 3223 Ἐγὼ
1402 3151 1498 3222 μὲν
1556 3148 1882 3222 ἁμαρτωλὸς
1945 3154 2060 3224 εἰμι

419 3238 698 3313 ἅνθρωπος
730 3238 820 3292 καὶ
871 3243 1249 3313 τερατουργεῖν
1306 3241 1527 3292 τοιαῦτα
1587 3240 1651 3292 οὑ
1685 3236 1938 3312 δύναμαι.
2002 3243 2060 3298 El

417 3325 474 3382 δὲ
524 3349 617 3400 μοι
675 3322 1023 3398 συμϐουλεύῃ
1083 3326 1502 3400 μητροπολίτης
1553 3325 1626 3380 ὢν
1677 3329 1762 3382 καὶ
1806 3335 1938 3383 Θεοῦ
1970 3329 2058 3385 ὂίν-

416 3419 635 3479 θόωπος
683 3415 835 3469 τουτὶ
886 3411 1298 3486 διαπράξασθαι,
1346 3412 1558 3469 ἔνδυσαι
1608 3417 1701 3488 μὲν
1748 3418 1910 3480 αὐτὸς
1957 3422 2056 3488 τὴν

411 3504 559 3577 ἱεράν
609 3525 705 3556 σου
753 3509 924 3556 πᾶσαν
976 3501 1202 3571 στολὴν,
1247 3503 1426 3566 καθὼς
1469 3502 1664 3569 eia.an
1714 3505 1767 3560 ὲν
1815 3511 1891 3577 τῷ
1933 3507 2057 3581 Θείῳ

410 3590 750 3666 εἰσὲρχθσθαι
815 3590 1020 3663 βήματι
1076 3588 1164 3643 καὶ
1222 3587 1570 3663 ἐντυγχάνειν
1627 3597 1762 3663 Θεῷ,
1823 3595 1933 3648 εἶτα
1987 3593 2051 3664 δή

407 3685 522 3740 ταῖς
591 3683 711 3740 σαῖς
770 3679 957 3753 χερσὶν
1017 3676 1327 3751 ἐκπύρωσόν
1392 3701 1482 3752 μοι
1538 3681 1628 3734 τὸν
1692 3679 1934 3755 σίδηρον,
1967 3690 2055 3747 αἷς

405 3773 502 3823 τοῦ
561 3767 707 3824 Θείου
759 3767 968 3846 ἐφάπτῃ
1021 3767 1356 3839 Θύματος....
1409 3769 1500 3824 καὶ
1549 3771 1769 3832 ταύταις
1819 3769 1885 3840 δή
1935 3780 2052 3836 ταῖς

407 3861 582 3932 ἱεραῖς
660 3880 756 3913 σου
803 3857 992 3933 χερσῖν
1049 3857 1228 3921 ἐπίθες
1280 3857 1350 3932 τῇ
1409 3860 1556 3934 χειρί
1618 3883 1723 3932 μου
1773 3862 1864 3916 τὸν
1897 3861 2052 3934 σίδη-

408 3969 525 4021 ρον,
558 3955 664 4006 etc.
702 3950 944 4005 Petebat
994 3949 1273 4003 nimirum
1331 3956 1393 4004 ut
1423 3951 1671 4006 antistes
1706 3953 1868 4023 prius
1929 3955 2054 4025 ipse

407 4038 658 4107 ignitum
694 4040 910 4092 ferrum
947 4040 1105 4092 nuda
1138 4055 1312 4092 manu
1370 4039 1553 4093 otiose
1613 4046 1925 4096 tractatum
1990 4044 2050 4098 in

406 4143 574 4180 suam
604 4129 942 4196 deponeret.
989 4129 1147 4189 Quod
1183 4127 1551 4198 metropolita
1585 4146 1862 4186 recusans
1897 4132 2051 4187 hunc

411 4230 633 4267 morem
664 4230 792 4267 esse
826 4218 999 4283 negat
1030 4215 1274 4269 Romani
1311 4224 1412 4270 aut
1460 4217 1838 4274 ecclesiastici
1887 4236 2049 4289 usus,

407 4302 505 4354 sed
545 4302 940 4364 barbaricum,
972 4319 1259 4358 excusans
1291 4304 1653 4361 ineluctabili
1688 4323 1748 4361 se
1796 4307 2047 4378 impera-

404 4389 544 4443 toris
575 4391 918 4444 auctoritato
951 4392 1211 4445 adistam
1245 4393 1324 4446 illi
1351 4396 1757 4465 purgationem
1785 4397 2045 4454 indicen-

402 4478 532 4530 dam
570 4477 931 4548 adigi;quam
967 4487 1162 4534 tamen
1191 4481 1441 4536 Michael
1475 4485 1765 4538 recusavit
1786 4493 2054 4542 constan-
2081 4479 2128 4544 D

403 4565 647 4620 tissime.
686 4566 880 4621 Videri
915 4573 1106 4637 potest
1131 4585 1199 4624 ex
1230 4571 1493 4639 reliquiis
1527 4571 1635 4626 hoc
1688 4576 2050 4643 superfuisse

399 4655 666 4718 ethnicm,
699 4661 754 4709 et
779 4655 1016 4726 quidem
1037 4662 1418 4728 perantiquis,
1443 4664 2047 4730 superstitionis.Nam

397 4745 711 4815 Sophocles
741 4746 990 4802 heroicis
1024 4749 1149 4817 jam
1196 4752 1560 4821 temporibus
1617 4755 2044 4825 OEdipodarum

397 4836 614 4890 Thebis
647 4838 1017 4908 regnantium
1049 4841 1301 4895 exerceri
1335 4841 1574 4898 solitum
1625 4846 1867 4914 indicat,
1902 4850 2041 4904 dum

393 4925 453 4980 in
487 4926 781 4997 Antigona
810 4927 947 4982 facit
979 4945 1161 4984 unum
1205 4932 1516 4986 custodum
1555 4950 1702 5005 quos
1733 4953 1832 4991 rex
1861 4939 2041 4995 Creon

391 5023 740 5086 apposuerat
769 5017 1032 5073 cadaveri
1067 5019 1362 5092 Polynicis
1391 5028 1454 5076 ut
1487 5024 1721 5095 sepeliri
1767 5029 2039 5097 prohibe-

395 5111 542 5169 rent,
581 5112 888 5175 postquam
950 5108 1002 5161 id
1055 5109 1126 5161 ab
1185 5111 1478 5180 Antigona
1535 5120 1800 5183 opertum
1857 5116 2070 5178 humo

396 5196 599 5260 fuerat,
632 5194 847 5250 factum
885 5196 1006 5266 regi
1040 5197 1408 5263 referentem,
1439 5205 1496 5253 et
1547 5217 1898 5274 magnopere
1935 5223 2039 5263 ex-

389 5289 691 5339 cusantem
725 5285 779 5338 id
813 5285 959 5340 citra
989 5303 1159 5340 suam
1192 5292 1248 5341 et
1282 5287 1577 5344 sociorum
1612 5294 2034 5354 conscientiam

387 5383 601 5443 actum,
637 5375 758 5430 haec
787 5377 995 5431 dieere.

381 5497 571 5577 Ἡμεῖς
602 5495 892 5577 δ’λὲτοιμοι
924 5497 1018 5577 κᾶν
1057 5495 1293 5577 μύδρους
1327 5498 1494 5574 α’ίρειν
1531 5509 1739 5577 χεροῖν,

383 5567 490 5640 Καὶ.
518 5573 624 5643 πῦρ
657 5567 896 5645 διέρττειν
926 5569 1014 5624 καὶ
1048 5567 1200 5635 θεοὺς
1239 5567 1598 5648 ὁρκωμοτεῖν,

2207 461 2283 517 Τὸ
2314 461 2536 538 πρᾶγμα
2570 461 2936 543 βουλεύοαντί
2956 461 3084 547 μῖήΐ
3116 461 3453 556 εἰργασμένῳ.

2203 577 2379 635 Oll‘ert
2409 599 2470 637 se
2502 590 2558 639 et
2587 588 2778 644 socios
2809 591 2880 645 ad
2913 598 3383 654 contrectandum
3426 603 3604 660 ferrum
3644 626 3744 666 can-

2203 669 2346 726 dens
2408 674 2466 728 in
2501 678 2908 746 probationem
2986 685 3322 744 innocentiae
3366 708 3378 746 :
3431 695 3534 750 scio
3581 715 3634 753 ex
3675 719 3742 756 γε.

2198 761 2547 819 iustissimis
2603 767 2732 835 ejus
2796 771 2904 825 loci
2966 774 3297 832 scholiastis
3352 797 3512 837 unum
3564 787 3648 842 hoc
3690 793 3739 843 ad

2197 852 2512 918 quamdam
2540 855 2936 926 jurisjurandi
2986 868 3377 922 cmremoniam
3435 872 3630 930 referre.
3676 881 3741 933 Sic

2197 938 2349 992 enim
2410 941 2490 995 ibi
2550 945 2852 1004 adnotat:
2915 949 3153 1005 Εἶώθασι
3236 955 3334 1029 γὰρ
3402 959 3446 1010 οἱ
3521 961 3741 1033 ὀμνύοντες

2192 1028 2360 1079 ταῦτα
2427 1035 2629 1088 ποιεῖν.
2709 1033 2963 1107 Μύδρους
3033 1039 3136 1114 γὰρ
3213 1028 3441 1118 ατίροντες
3509 1046 3740 1124 ἐπαρῶνται

2199 1113 2371 1184 μένειν
2427 1117 2495 1172 τὰ
2551 1119 2707 1194 ὅρκια
2762 1121 2867 1188 ἕως
2923 1125 3075 1182 αὐτοὶ
3129 1136 3350 1207 φανῶσι,
3405 1137 3487 1189 καὶ
3536 1137 3744 1212 ῥίπτουσιν

2193 1201 2387 1264 αὐτοὺς
2417 1207 2494 1268 εἷς
2525 1209 2818 1270 θάλασσαν’
2852 1216 3039 1274 Solent
3091 1201 3241 1276 enim
3298 1223 3514 1298 (inquit)
3536 1201 3746 1300 'jurante:

2191 1295 2404 1350 sublata
2437 1299 2588 1354 633
2630 1303 2773 1371 ferri
2800 1322 2984 1361 massa
3018 1315 3069 1362 et
3098 1312 3159 1364 in
3189 1329 3339 1368 mare
3392 1295 3571 1378 iactata
3614 1328 3745 1389 prote-

2188 1386 2328 1438 stari
2381 1403 2701 1445 mansuram
2763 1395 2905 1461 ipsis
2960 1399 3283 1455 Juratorum
3324 1403 3494 1476 ﬁdem,
3545 1386 3664 1478 quod
3704 1414 3744 1465 id

2186 1473 2397 1542 pondus
2426 1492 2456 1530 e
2485 1481 2634 1533 mari
2679 1487 2988 1551 emerserit,
3049 1490 3199 1558 quod
3261 1473 3534 1562 nunquam
3580 1499 3748 1554 scilicet

2189 1560 2449 1617 futurum
2476 1565 2570 1620 sit.
2597 1570 2834 1639 Itaille;
2871 1576 3025 1644 quod
3081 1576 3213 1632 ferri
3274 1560 3457 1650 posset
3505 1583 3548 1636 si
3597 1582 3748 1656 μύδρος

2188 1665 2300 1704 non
2363 1652 2742 1724 significaret,
2805 1668 2865 1713 ut
2914 1662 3036 1732 ipse
3099 1667 3288 1735 docet,
3338 1674 3748 1744 πεπυρακτωμένον

2105 1759 2152 1823 Β
2187 1734 2427 1833 σίᾷηρον,
2463 1742 2606 1798 Nam
2643 1748 2783 1816 quid
2819 1753 2992 1805 ardor
3019 1753 3114 1808 hic
3168 1734 3389 1824 taceret,
3441 1734 3527 1815 ubi
3570 1734 3744 1833 pondus

2184 1828 2376 1884 solum
2413 1831 2469 1886 in
2505 1849 2703 1889 massa
2735 1840 2877 1892 lerri
2911 1843 3320 1910 requirebatur
3346 1847 3371 1901 ?
3397 1828 3584 1912 Quare‘
3610 1855 3747 1908 verior

2182 1923 2272 1971 est
2299 1919 2497 1991 altera,
2531 1939 2707 1992 quam
2743 1941 2876 1982 mox
2910 1932 3171 1999 subjicit,
3223 1938 3508 1992 sententia.
3564 1939 3744 2002 Εἶὼθασι

2183 2002 2239 2058 δὲ
2287 2005 2580 2077 ὀμνύοντες
2629 2013 2718 2064 καὶ
2772 2013 2980 2078 πίστεις
3035 2015 3276 2083 διδόντες
3335 2021 3552 2098 μύδρους
3600 2029 3747 2103 βαστά-

2184 2098 2288 2162 ζειν
2344 2095 2568 2170 καὶπῦρ
2605 2096 2963 2172 ὑπερϐαίνειν
3007 2105 3136 2168 τοὺς
3185 2111 3287 2184 γὰρ
3438 2095 3654 2190 ’ἐνόχους
3694 2122 3748 2187 τῷ

2181 2181 2536 2256 ἁμαρτήματι
2566 2183 2742 2258 ᾤοντο
2773 2192 2859 2244 καὶ
2898 2191 2950 2246 ἐν
2982 2181 3208 2258 τούτοις.
3397 2181 3584 2276 ἀλγεῖνῖ
3631 2181 3749 2262 Sauli

2179 2283 2304 2327 sant
2325 2274 2594 2344 jurantes
2654 2284 2705 2334 et
2761 2282 2926 2350 ﬁdem
2983 2285 3265 2344 dictorum
3319 2274 3492 2361 facere
3538 2296 3750 2350 studente:

2177 2364 2319 2431 ferri
2346 2382 2555 2422 massas
2586 2368 2793 2436 ignitus
2814 2379 3041 2442 portare
3066 2383 3121 2431 et
3147 2395 3316 2450 super
3361 2399 3555 2453 prunas
3601 2386 3747 2442 αηιὺιι-

2181 2452 2318 2520 lare,
2349 2457 2730 2514 existimantes
2759 2463 2904 2516 citra
2935 2480 3155 2521 sensum
3213 2452 3419 2526 doloris
3465 2473 3518 2528 id
3565 2480 3748 2546 [acturos

2177 2559 2263 2598 eos
2290 2544 2388 2614 qui
2417 2547 2635 2602 nullius
2666 2551 2776 2605 sibi
2803 2557 3005 2609 conscii
3031 2561 3258 2626 fraudis
3284 2563 3412 2618 sint.

2249 2638 2383 2727 Pag.
2418 2636 2507 2727 33.
2543 2638 2693 2705 Quod
2720 2647 2976 2696 sanctum
3006 2648 3295 2705 vocabant.
3329 2653 3506 2708 Etiam
3554 2659 3747 2727 Acropo-

2177 2719 2280 2774 lita
2311 2722 2434 2777 loco
2465 2723 2724 2792 laudato,
2759 2746 2814 2798 p.
2840 2731 2934 2792 53.
2996 2734 3219 2791 ferrum
3281 2743 3526 2799 candens
3560 2762 3654 2814 quo
3676 2719 3744 2799 ’δή

2177 2810 2465 2877 ejusmodi
2493 2817 2868 2884 purgationes
2902 2823 3223 2880 utebantur
3254 2829 3408 2900 ἅγιον
3441 2810 3654 2889 sanctum
3678 2851 3748 2887 vo-

2177 2899 2293 2952 cari
2326 2901 2563 2957 solitum
2590 2904 2832 2961 indicat.
2860 2911 2920 2964 In
2955 2910 3143 2969 Gallia
3176 2899 3372 2976 tamen
3393 2922 3636 2990 judicium
3674 2941 3747 2994 ap-

2179 2987 2522 3057 pellabatur,
2558 2998 2620 3045 ut
2641 2993 3022 3066 intelligimus
3046 3019 3113 3057 ex
3140 3006 3287 3062 form
3300 2987 3631 3076 uia-quadam
3650 2987 3749 3084 pur-

2091 3123 2131 3180 Γ
2179 3077 2429 3145 gationis
2487 3081 2822 3139 istiusmodi
2881 3088 3000 3144 illic
3060 3094 3310 3163 usitata,
3369 3116 3532 3169 quam
3584 3077 3750 3173 profert

2120 3166 2134 3184 ’
2175 3169 2382 3221 Petrus
2415 3168 2687 3240 Loyerius
2717 3189 2785 3227 ex
2815 3175 2873 3230 S.
2907 3181 3159 3236 Mauritii
3192 3166 3607 3260 Andegavensis
3627 3193 3748 3246 tabu-

2174 3254 2338 3320 lario,
2371 3262 2428 3311 et
2456 3274 2523 3312 ex
2553 3275 2619 3313 eo
2652 3263 2856 3318 recitat
2899 3265 3092 3324 Det’rio
3153 3279 3316 3330 tomo
3365 3254 3419 3332 ll
3470 3279 3604 3350 Disq.
3641 3281 3743 3347 Mag.

2171 3342 2209 3438 ι.
2427 3348 2480 3412 4,
2513 3365 2569 3419 q.
2602 3349 2656 3415 4,
2689 3359 2833 3407 sect.
2876 3355 2930 3420 3,
2995 3360 3095 3413 ubi
3161 3361 3416 3434 legitur:
3473 3342 3642 3438 Sponte
3672 3342 3748 3424 sua

2157 3433 2450 3501 judicium
2471 3443 2823 3506 portaturum
2853 3460 3024 3501 manu
3069 3465 3166 3504 sua
3227 3433 3448 3522 obtulit,
3503 3433 3554 3513 et
3602 3461 3742 3512 intra:

2166 3527 2292 3577 Post
2330 3523 2605 3617 judicium
2655 3538 2931 3598 portatum
2982 3537 3270 3596 Telbaldus
3299 3545 3414 3608 ille,
3456 3551 3553 3602 Deo
3601 3549 3742 3617 prapi-

2165 3613 2362 3680 tiante,
2394 3613 2608 3670 illaesus
2635 3622 2685 3671 et
2714 3635 2885 3675 sanus
2912 3628 3144 3682 omnino
3183 3638 3466 3702 apparuit.
3526 3613 3740 3691 Viderunt

2161 3705 2345 3754 autem
2365 3702 2644 3770 judicium
2681 3713 2900 3777 portari
2953 3716 3038 3768 vet
3092 3734 3332 3775 manum
3392 3727 3542 3780 tertia
3589 3725 3661 3781 die
3697 3724 3743 3779 ἀι

2163 3805 2314 3844 more
2340 3793 2677 3860 reguardari
2703 3799 2818 3867 fere
2849 3801 3102 3858 universi
3121 3805 3396 3878 homines,
3421 3819 3521 3868 etc.

2235 3894 2378 3949 Ibid.
2443 3898 2639 3954 Triduo
2689 3903 2850 3972 prius
2906 3911 3208 3968 custoditus
3267 3927 3320 3973 et
3397 3936 3553 3975 manu
3626 3921 3744 3975 inro-

2161 4163 2514 4230 reguardari.

2233 4251 2391 4356 “)ld.‘
2410 4255 2650 4320 Ignitum
2675 4260 2918 4356 giobum.
2947 4266 3043 4322 Sic
3077 4267 3288 4345 μύδρον
3325 4277 3417 4334 hic
3445 4283 3596 4346 verti,
3625 4283 3743 4356 quod

2159 4355 2274 4392 non
2311 4341 2501 4397 solum
2536 4349 2839 4406 materiam
2882 4354 3151 4426 ignitam,
3179 4341 3280 4418 sed
3309 4365 3545 4440 ﬁguram
3567 4341 3746 4428 orbicu-

2161 4427 2339 4482 larem
2373 4437 2475 4485 aut
2499 4434 2846 4505 sphmricam
2872 4458 2938 4497 ea
2977 4462 3110 4502 voce
3155 4427 3402 4511 indicari
3453 4461 3662 4530 quidam
3681 4476 3746 4514 ve-

2163 4521 2347 4614 terum
2385 4521 2736 4595 significent,
2775 4537 2838 4584 ut
2867 4534 3243 4609 Anaxagoras
3289 4549 3436 4614 apud
3469 4521 3746 4613 .Laertium,

2159 4605 2198 4659 l.
2250 4621 2312 4674 ιι,
2363 4611 2505 4665 dum
2552 4615 2736 4671 solem
2778 4623 3020 4678 vocabat
3067 4625 3272 4700 μύδρον
3327 4630 3592 4709 διάπυρον.
3621 4638 3746 4693 Uade

2158 4697 2499 4753 crediderim
2566 4719 2794 4760 massas
2855 4711 2998 4767 istas
3052 4716 3150 4770 ubi
3179 4697 3388 4797 vptlSpOt
3429 4697 3747 4795 vocabantur,

2156 4801 2365 4858 nempe
2389 4789 2446 4843 in
2479 4794 2719 4861 Grzecia,
2753 4799 3008 4868 globosae
3040 4805 3237 4864 forma;
3271 4789 3470 4882 fuisse,
3519 4834 3619 4872 non
3667 4832 3747 4871 ne-

2155 4875 2316 4931 scius
2347 4877 2509 4944 alibi,
2546 4890 2609 4935 ut
2636 4885 2692 4939 in
2725 4887 3057 4957 Germania,
3091 4912 3322 4956 massas
3353 4908 3646 4962 candentes
3682 4906 3745 4961 al-

2154 4966 2340 5060 terius
2370 4967 2574 5040 ﬁgurae
2603 4975 2673 5028 ad
2706 4978 2995 5045 ejusmodi
3031 4989 3433 5054 probationem
3477 4997 3742 5060 adhibitos,

2154 5054 2433 5110 nimirum
2467 5068 3060 5134 vomeres:qualium
3113 5091 3214 5132 sex
3270 5084 3626 5140 candentium
3676 5083 3742 5156 [Ρ-

2149 5145 2273 5216 442]
2306 5155 2555 5246 arrepta
2581 5160 2935 5246 portatuque
2965 5162 3202 5222 innoxio
3223 5171 3279 5226 S.
3311 5145 3740 5246 Chnnegundim,

2148 5249 2383 5291 uxorem
2419 5239 2475 5292 S.
2515 5239 2744 5299 Henrici
2778 5247 3171 5322 imperatoris,
3221 5239 3596 5334 virginitatem
3639 5280 3740 5336 pro-

2149 5323 2322 5379 basse
2354 5339 2683 5387 memorant
2710 5336 2950 5394 Annales
2978 5343 3262 5413 Boiorum,
3367 5369 3441 5408 xx.

2216 5424 2551 5525 IbidLNu-da
2585 5447 2775 5489 manu.
2805 5436 3029 5507 Supina
3059 5445 3298 5503 scilicet.
3344 5453 3495 5518 Quod
3551 5451 3740 5525 signiﬁ-

2148 5527 2290 5567 cans
2348 5515 2736 5590 Paehymeres
2817 5529 3090 5600 superius
3147 5515 3539 5617 posuitvxupi
3585 5515 3741 5613 ιδῦψσν-

2145 5617 2253 5660 τες.
