  <div class='ocr_page' id='page_1' title='image "/cluster/home/n/w/nwhite01/storage/ocr_20150623/143/hvd.32044073502585/554.png"; bbox 0 0 3978 6182; ppageno 0'>
   <div class='ocr_carea' id='block_1_1' title="bbox 180 309 329 367">
    <p class='ocr_par' dir='ltr' id='par_1_1' title="bbox 180 309 329 367">
     <span class='ocr_line' id='line_1_1' title="bbox 180 309 329 367; baseline 0 0"><span class='ocrx_word' id='word_1_1' title='bbox 180 309 329 367; x_wconf 73' lang='lat'>1097</span> 
     </span>
    </p>
   </div>
   <div class='ocr_carea' id='block_1_2' title="bbox 1784 308 2012 364">
    <p class='ocr_par' dir='ltr' id='par_1_2' title="bbox 1784 308 2012 364">
     <span class='ocr_line' id='line_1_2' title="bbox 1784 308 2012 364; baseline -0.009 0"><span class='ocrx_word' id='word_1_2' title='bbox 1784 308 2012 364; x_wconf 68' lang='lat' dir='ltr'>NOTB.</span> 
     </span>
    </p>
   </div>
   <div class='ocr_carea' id='block_1_3' title="bbox 3461 309 3599 364">
    <p class='ocr_par' dir='ltr' id='par_1_3' title="bbox 3461 309 3599 364">
     <span class='ocr_line' id='line_1_3' title="bbox 3461 309 3599 364; baseline 0.007 -1"><span class='ocrx_word' id='word_1_3' title='bbox 3461 309 3599 364; x_wconf 84' lang='lat'>1098</span> 
     </span>
    </p>
   </div>
   <div class='ocr_carea' id='block_1_4' title="bbox 257 430 3596 507">
    <p class='ocr_par' dir='ltr' id='par_1_4' title="bbox 257 430 3596 507">
     <span class='ocr_line' id='line_1_4' title="bbox 257 430 3596 507; baseline -0.001 -14"><span class='ocrx_word' id='word_1_4' title='bbox 257 438 406 493; x_wconf 88' lang='lat' dir='ltr'>Ibid.</span> <span class='ocrx_word' id='word_1_5' title='bbox 441 436 501 492; x_wconf 70' lang='lat' dir='ltr'>in</span> <span class='ocrx_word' id='word_1_6' title='bbox 529 439 758 493; x_wconf 48' lang='lat' dir='ltr'>atatem</span> <span class='ocrx_word' id='word_1_7' title='bbox 792 435 917 507; x_wconf 88' lang='lat' dir='ltr'>jam</span> <span class='ocrx_word' id='word_1_8' title='bbox 964 439 1080 490; x_wconf 82' lang='lat' dir='ltr'>tum</span> <span class='ocrx_word' id='word_1_9' title='bbox 1128 435 1392 506; x_wconf 83' lang='lat' dir='ltr'>puberem</span> <span class='ocrx_word' id='word_1_10' title='bbox 1440 434 1682 489; x_wconf 74' lang='lat' dir='ltr'>adultus.</span> <span class='ocrx_word' id='word_1_11' title='bbox 1729 434 1840 488; x_wconf 89' lang='lat' dir='ltr'>Pa-</span> <span class='ocrx_word' id='word_1_12' title='bbox 1872 434 1926 500; x_wconf 73' lang='grc' dir='ltr'>Α</span> <span class='ocrx_word' id='word_1_13' title='bbox 1955 435 2071 488; x_wconf 89' lang='lat' dir='ltr'>tur.</span> <span class='ocrx_word' id='word_1_14' title='bbox 2105 433 2237 497; x_wconf 65' lang='lat' dir='ltr'>Quae</span> <span class='ocrx_word' id='word_1_15' title='bbox 2274 431 2421 488; x_wconf 84' lang='lat' dir='ltr'>ratio</span> <span class='ocrx_word' id='word_1_16' title='bbox 2471 433 2717 489; x_wconf 80' lang='lat' dir='ltr'>fortasse</span> <span class='ocrx_word' id='word_1_17' title='bbox 2764 432 2930 487; x_wconf 90' lang='lat' dir='ltr'>illum</span> <span class='ocrx_word' id='word_1_18' title='bbox 2990 430 3228 504; x_wconf 84' lang='lat' dir='ltr'>impulit</span> <span class='ocrx_word' id='word_1_19' title='bbox 3268 434 3339 488; x_wconf 89' lang='lat' dir='ltr'>ad</span> <span class='ocrx_word' id='word_1_20' title='bbox 3382 440 3596 492; x_wconf 83' lang='lat' dir='ltr'>metam</span> 
     </span>
    </p>
   </div>
   <div class='ocr_carea' id='block_1_5' title="bbox 178 522 1841 600">
    <p class='ocr_par' dir='ltr' id='par_1_5' title="bbox 178 522 1841 600">
     <span class='ocr_line' id='line_1_5' title="bbox 178 522 1841 600; baseline -0.005 -17"><span class='ocrx_word' id='word_1_21' title='bbox 178 527 491 600; x_wconf 83' lang='lat' dir='ltr'>chymeres</span> <span class='ocrx_word' id='word_1_22' title='bbox 525 525 623 580; x_wconf 91' lang='lat' dir='ltr'>ubi</span> <span class='ocrx_word' id='word_1_23' title='bbox 657 522 1229 594; x_wconf 79' lang='lat' dir='ltr'>Constantinopolim</span> <span class='ocrx_word' id='word_1_24' title='bbox 1253 523 1431 591; x_wconf 87' lang='lat' dir='ltr'>venit,</span> <span class='ocrx_word' id='word_1_25' title='bbox 1458 523 1653 578; x_wconf 79' lang='lat' dir='ltr'>statim</span> <span class='ocrx_word' id='word_1_26' title='bbox 1682 522 1753 577; x_wconf 90' lang='lat' dir='ltr'>ab</span> <span class='ocrx_word' id='word_1_27' title='bbox 1773 537 1841 576; x_wconf 91' lang='lat' dir='ltr'>ea</span> 
     </span>
    </p>
   </div>
   <div class='ocr_carea' id='block_1_6' title="bbox 181 612 1839 685">
    <p class='ocr_par' dir='ltr' id='par_1_6' title="bbox 181 612 1839 685">
     <span class='ocr_line' id='line_1_6' title="bbox 181 612 1839 685; baseline -0.004 -13"><span class='ocrx_word' id='word_1_28' title='bbox 181 634 216 673; x_wconf 88' lang='lat' dir='ltr'>e</span> <span class='ocrx_word' id='word_1_29' title='bbox 253 616 476 672; x_wconf 82' lang='lat' dir='ltr'>Latinis</span> <span class='ocrx_word' id='word_1_30' title='bbox 508 618 876 685; x_wconf 80' lang='lat' dir='ltr'>recuperata,</span> <span class='ocrx_word' id='word_1_31' title='bbox 923 612 1284 682; x_wconf 85' lang='lat' dir='ltr'>undeviginti</span> <span class='ocrx_word' id='word_1_32' title='bbox 1335 629 1519 667; x_wconf 89' lang='lat' dir='ltr'>annos</span> <span class='ocrx_word' id='word_1_33' title='bbox 1559 614 1682 666; x_wconf 89' lang='lat' dir='ltr'>erat</span> <span class='ocrx_word' id='word_1_34' title='bbox 1732 628 1839 665; x_wconf 89' lang='lat' dir='ltr'>na-</span> 
     </span>
    </p>
   </div>
   <div class='ocr_carea' id='block_1_7' title="bbox 182 700 1840 775">
    <p class='ocr_par' dir='ltr' id='par_1_7' title="bbox 182 700 1840 775">
     <span class='ocr_line' id='line_1_7' title="bbox 182 700 1840 775; baseline -0.005 -13"><span class='ocrx_word' id='word_1_35' title='bbox 182 711 308 772; x_wconf 86' lang='lat' dir='ltr'>tus,</span> <span class='ocrx_word' id='word_1_36' title='bbox 344 714 405 761; x_wconf 89' lang='lat' dir='ltr'>ut</span> <span class='ocrx_word' id='word_1_37' title='bbox 436 706 563 775; x_wconf 89' lang='lat' dir='ltr'>ipse</span> <span class='ocrx_word' id='word_1_38' title='bbox 596 703 740 759; x_wconf 89' lang='lat' dir='ltr'>aitl.</span> <span class='ocrx_word' id='word_1_39' title='bbox 776 720 839 769; x_wconf 90' lang='grc' dir='ltr'>ιι,</span> <span class='ocrx_word' id='word_1_40' title='bbox 874 719 922 757; x_wconf 96' lang='lat' dir='ltr'>c.</span> <span class='ocrx_word' id='word_1_41' title='bbox 958 704 1006 770; x_wconf 90' lang='lat'><strong>1;</strong></span> <span class='ocrx_word' id='word_1_42' title='bbox 1040 702 1284 773; x_wconf 85' lang='lat' dir='ltr'>contigit</span> <span class='ocrx_word' id='word_1_43' title='bbox 1314 703 1368 756; x_wconf 91' lang='lat' dir='ltr'>id</span> <span class='ocrx_word' id='word_1_44' title='bbox 1394 719 1547 756; x_wconf 90' lang='lat' dir='ltr'>anno</span> <span class='ocrx_word' id='word_1_45' title='bbox 1582 700 1741 767; x_wconf 76' lang='lat'><strong>1261,</strong></span> <span class='ocrx_word' id='word_1_46' title='bbox 1778 705 1840 753; x_wconf 92' lang='lat' dir='ltr'>ut</span> 
     </span>
    </p>
   </div>
   <div class='ocr_carea' id='block_1_8' title="bbox 182 790 1838 862">
    <p class='ocr_par' dir='ltr' id='par_1_8' title="bbox 182 790 1838 862">
     <span class='ocr_line' id='line_1_8' title="bbox 182 790 1838 862; baseline -0.004 -13"><span class='ocrx_word' id='word_1_47' title='bbox 182 794 225 849; x_wconf 93' lang='lat' dir='ltr'>l.</span> <span class='ocrx_word' id='word_1_48' title='bbox 265 812 325 850; x_wconf 87' lang='grc' dir='ltr'>ιιι</span> <span class='ocrx_word' id='word_1_49' title='bbox 360 795 649 849; x_wconf 86' lang='lat' dir='ltr'>dicemus.</span> <span class='ocrx_word' id='word_1_50' title='bbox 684 792 947 855; x_wconf 79' lang='lat' dir='ltr'>Quatuor</span> <span class='ocrx_word' id='word_1_51' title='bbox 996 796 1096 845; x_wconf 90' lang='lat' dir='ltr'>aut</span> <span class='ocrx_word' id='word_1_52' title='bbox 1128 791 1390 862; x_wconf 90' lang='lat' dir='ltr'>quinque</span> <span class='ocrx_word' id='word_1_53' title='bbox 1421 795 1555 845; x_wconf 88' lang='lat' dir='ltr'>ante</span> <span class='ocrx_word' id='word_1_54' title='bbox 1585 790 1694 844; x_wconf 92' lang='lat' dir='ltr'>hoc</span> <span class='ocrx_word' id='word_1_55' title='bbox 1727 806 1838 842; x_wconf 90' lang='lat' dir='ltr'>an-</span> 
     </span>
    </p>
   </div>
   <div class='ocr_carea' id='block_1_9' title="bbox 181 879 1838 955">
    <p class='ocr_par' dir='ltr' id='par_1_9' title="bbox 181 879 1838 955">
     <span class='ocr_line' id='line_1_9' title="bbox 181 879 1838 955; baseline -0.005 -15"><span class='ocrx_word' id='word_1_56' title='bbox 181 885 282 940; x_wconf 86' lang='lat' dir='ltr'>nis</span> <span class='ocrx_word' id='word_1_57' title='bbox 300 885 626 955; x_wconf 83' lang='lat' dir='ltr'>imperante</span> <span class='ocrx_word' id='word_1_58' title='bbox 648 882 952 936; x_wconf 86' lang='lat' dir='ltr'>Theodoro</span> <span class='ocrx_word' id='word_1_59' title='bbox 978 879 1066 935; x_wconf 77' lang='lat' dir='ltr'>hae</span> <span class='ocrx_word' id='word_1_60' title='bbox 1100 880 1473 950; x_wconf 82' lang='lat' dir='ltr'>probationes</span> <span class='ocrx_word' id='word_1_61' title='bbox 1501 896 1603 951; x_wconf 90' lang='lat' dir='ltr'>per</span> <span class='ocrx_word' id='word_1_62' title='bbox 1622 880 1838 932; x_wconf 83' lang='lat' dir='ltr'>ferrum</span> 
     </span>
    </p>
   </div>
   <div class='ocr_carea' id='block_1_10' title="bbox 184 967 1840 1041">
    <p class='ocr_par' dir='ltr' id='par_1_10' title="bbox 184 967 1840 1041">
     <span class='ocr_line' id='line_1_10' title="bbox 184 967 1840 1041; baseline -0.006 -12"><span class='ocrx_word' id='word_1_63' title='bbox 184 975 450 1030; x_wconf 88' lang='lat' dir='ltr'>candens</span> <span class='ocrx_word' id='word_1_64' title='bbox 492 972 695 1026; x_wconf 65' lang='lat' dir='ltr'>Nicaeae</span> <span class='ocrx_word' id='word_1_65' title='bbox 743 970 1287 1041; x_wconf 82' lang='lat' dir='ltr'>frequentabantur,</span> <span class='ocrx_word' id='word_1_66' title='bbox 1340 970 1438 1024; x_wconf 90' lang='lat' dir='ltr'>ubi</span> <span class='ocrx_word' id='word_1_67' title='bbox 1488 985 1587 1023; x_wconf 90' lang='lat' dir='ltr'>eas</span> <span class='ocrx_word' id='word_1_68' title='bbox 1635 967 1732 1022; x_wconf 90' lang='lat' dir='ltr'>ille</span> <span class='ocrx_word' id='word_1_69' title='bbox 1775 967 1840 1019; x_wconf 81' lang='grc'>14</span> 
     </span>
    </p>
   </div>
   <div class='ocr_carea' id='block_1_11' title="bbox 186 1056 1767 1133">
    <p class='ocr_par' dir='ltr' id='par_1_11' title="bbox 186 1056 1767 1133">
     <span class='ocr_line' id='line_1_11' title="bbox 186 1056 1767 1133; baseline -0.006 -14"><span class='ocrx_word' id='word_1_70' title='bbox 186 1068 293 1119; x_wconf 88' lang='lat' dir='ltr'>aut</span> <span class='ocrx_word' id='word_1_71' title='bbox 325 1063 539 1133; x_wconf 87' lang='lat' dir='ltr'>15jam</span> <span class='ocrx_word' id='word_1_72' title='bbox 575 1077 862 1114; x_wconf 88' lang='lat' dir='ltr'>annorum</span> <span class='ocrx_word' id='word_1_73' title='bbox 897 1057 1233 1113; x_wconf 82' lang='lat' dir='ltr'>adolescens</span> <span class='ocrx_word' id='word_1_74' title='bbox 1265 1062 1529 1130; x_wconf 90' lang='lat' dir='ltr'>spectare</span> <span class='ocrx_word' id='word_1_75' title='bbox 1561 1056 1767 1129; x_wconf 89' lang='lat' dir='ltr'>potuit.</span> 
     </span>
    </p>
   </div>
   <div class='ocr_carea' id='block_1_12' title="bbox 260 1156 1842 1228">
    <p class='ocr_par' dir='ltr' id='par_1_12' title="bbox 260 1156 1842 1228">
     <span class='ocr_line' id='line_1_12' title="bbox 260 1156 1842 1228; baseline -0.004 -12"><span class='ocrx_word' id='word_1_76' title='bbox 260 1161 417 1216; x_wconf 72' lang='lat'>634</span> <span class='ocrx_word' id='word_1_77' title='bbox 452 1159 594 1213; x_wconf 82' lang='lat' dir='ltr'>Ibid.</span> <span class='ocrx_word' id='word_1_78' title='bbox 627 1159 905 1226; x_wconf 82' lang='lat' dir='ltr'>Quosdam</span> <span class='ocrx_word' id='word_1_79' title='bbox 935 1158 1283 1224; x_wconf 11' lang='lat' dir='ltr'>citragullam</span> <span class='ocrx_word' id='word_1_80' title='bbox 1307 1156 1589 1228; x_wconf 75' lang='lat' dir='ltr'>defunctos</span> <span class='ocrx_word' id='word_1_81' title='bbox 1632 1172 1842 1210; x_wconf 72' lang='lat' dir='ltr'>noxam</span> 
     </span>
    </p>
   </div>
   <div class='ocr_carea' id='block_1_13' title="bbox 183 1244 1841 1316">
    <p class='ocr_par' dir='ltr' id='par_1_13' title="bbox 183 1244 1841 1316">
     <span class='ocr_line' id='line_1_13' title="bbox 183 1244 1841 1316; baseline -0.007 -8"><span class='ocrx_word' id='word_1_82' title='bbox 183 1249 485 1308; x_wconf 73' lang='lat' dir='ltr'>madentis</span> <span class='ocrx_word' id='word_1_83' title='bbox 514 1246 727 1303; x_wconf 83' lang='lat' dir='ltr'>metalli</span> <span class='ocrx_word' id='word_1_84' title='bbox 759 1249 1050 1301; x_wconf 79' lang='lat' dir='ltr'>tactu.Hoc</span> <span class='ocrx_word' id='word_1_85' title='bbox 1073 1246 1345 1316; x_wconf 67' lang='lat' dir='ltr'>fiebat,£si</span> <span class='ocrx_word' id='word_1_86' title='bbox 1378 1250 1572 1300; x_wconf 89' lang='lat' dir='ltr'>tamen</span> <span class='ocrx_word' id='word_1_87' title='bbox 1608 1244 1841 1314; x_wconf 74' lang='lat' dir='ltr'>magicae</span> 
     </span>
    </p>
   </div>
   <div class='ocr_carea' id='block_1_14' title="bbox 186 1334 1840 1403">
    <p class='ocr_par' dir='ltr' id='par_1_14' title="bbox 186 1334 1840 1403">
     <span class='ocr_line' id='line_1_14' title="bbox 186 1334 1840 1403; baseline -0.006 -6"><span class='ocrx_word' id='word_1_88' title='bbox 186 1346 354 1397; x_wconf 86' lang='lat' dir='ltr'>artes</span> <span class='ocrx_word' id='word_1_89' title='bbox 386 1337 779 1403; x_wconf 87' lang='lat' dir='ltr'>aberant,Deo</span> <span class='ocrx_word' id='word_1_90' title='bbox 795 1334 1113 1390; x_wconf 84' lang='lat' dir='ltr'>miserante</span> <span class='ocrx_word' id='word_1_91' title='bbox 1143 1335 1431 1390; x_wconf 78' lang='lat' dir='ltr'>infelicem</span> <span class='ocrx_word' id='word_1_92' title='bbox 1458 1334 1840 1389; x_wconf 90' lang='lat' dir='ltr'>innocentum</span> 
     </span>
    </p>
   </div>
   <div class='ocr_carea' id='block_1_15' title="bbox 186 1425 1839 1495">
    <p class='ocr_par' dir='ltr' id='par_1_15' title="bbox 186 1425 1839 1495">
     <span class='ocr_line' id='line_1_15' title="bbox 186 1425 1839 1495; baseline -0.004 -12"><span class='ocrx_word' id='word_1_93' title='bbox 186 1430 626 1489; x_wconf 88' lang='lat' dir='ltr'>necessitatem,</span> <span class='ocrx_word' id='word_1_94' title='bbox 659 1442 774 1480; x_wconf 94' lang='lat' dir='ltr'>non</span> <span class='ocrx_word' id='word_1_95' title='bbox 834 1429 1028 1479; x_wconf 89' lang='lat' dir='ltr'>autem</span> <span class='ocrx_word' id='word_1_96' title='bbox 1085 1425 1444 1495; x_wconf 87' lang='lat' dir='ltr'>approbante</span> <span class='ocrx_word' id='word_1_97' title='bbox 1502 1439 1839 1495; x_wconf 88' lang='lat' dir='ltr'>perversum</span> 
     </span>
    </p>
   </div>
   <div class='ocr_carea' id='block_1_16' title="bbox 184 1511 1842 1585">
    <p class='ocr_par' dir='ltr' id='par_1_16' title="bbox 184 1511 1842 1585">
     <span class='ocr_line' id='line_1_16' title="bbox 184 1511 1842 1585; baseline -0.004 -13"><span class='ocrx_word' id='word_1_98' title='bbox 184 1534 369 1572; x_wconf 89' lang='lat' dir='ltr'>usum</span> <span class='ocrx_word' id='word_1_99' title='bbox 404 1514 544 1571; x_wconf 87' lang='lat' dir='ltr'>talia</span> <span class='ocrx_word' id='word_1_100' title='bbox 567 1513 927 1585; x_wconf 88' lang='lat' dir='ltr'>jubentium.</span> <span class='ocrx_word' id='word_1_101' title='bbox 960 1512 1126 1580; x_wconf 89' lang='lat' dir='ltr'>Vide,</span> <span class='ocrx_word' id='word_1_102' title='bbox 1151 1514 1199 1567; x_wconf 89' lang='lat' dir='ltr'>si</span> <span class='ocrx_word' id='word_1_103' title='bbox 1232 1512 1391 1579; x_wconf 88' lang='lat' dir='ltr'>libet,</span> <span class='ocrx_word' id='word_1_104' title='bbox 1436 1511 1842 1583; x_wconf 62' lang='lat' dir='ltr'>apudsCanta-</span> 
     </span>
    </p>
   </div>
   <div class='ocr_carea' id='block_1_17' title="bbox 183 1601 1843 1673">
    <p class='ocr_par' dir='ltr' id='par_1_17' title="bbox 183 1601 1843 1673">
     <span class='ocr_line' id='line_1_17' title="bbox 183 1601 1843 1673; baseline -0.005 -11"><span class='ocrx_word' id='word_1_105' title='bbox 183 1622 501 1669; x_wconf 89' lang='lat' dir='ltr'>cuzenum,</span> <span class='ocrx_word' id='word_1_106' title='bbox 528 1603 571 1659; x_wconf 93' lang='lat' dir='ltr'>l.</span> <span class='ocrx_word' id='word_1_107' title='bbox 603 1620 691 1669; x_wconf 86' lang='grc' dir='ltr'>ιιι,</span> <span class='ocrx_word' id='word_1_108' title='bbox 726 1603 879 1669; x_wconf 84' lang='lat' dir='ltr'>c.27,</span> <span class='ocrx_word' id='word_1_109' title='bbox 902 1602 1184 1673; x_wconf 72' lang='lat' dir='ltr'>p.439ed.</span> <span class='ocrx_word' id='word_1_110' title='bbox 1217 1606 1379 1673; x_wconf 80' lang='lat' dir='ltr'>Reg.,</span> <span class='ocrx_word' id='word_1_111' title='bbox 1414 1601 1630 1656; x_wconf 91' lang='lat' dir='ltr'>mirum</span> <span class='ocrx_word' id='word_1_112' title='bbox 1653 1616 1843 1655; x_wconf 89' lang='lat' dir='ltr'>exem-</span> 
     </span>
    </p>
   </div>
   <div class='ocr_carea' id='block_1_18' title="bbox 187 1690 1840 1766">
    <p class='ocr_par' dir='ltr' id='par_1_18' title="bbox 187 1690 1840 1766">
     <span class='ocr_line' id='line_1_18' title="bbox 187 1690 1840 1766; baseline -0.004 -17"><span class='ocrx_word' id='word_1_113' title='bbox 187 1695 360 1766; x_wconf 89' lang='lat' dir='ltr'>plum</span> <span class='ocrx_word' id='word_1_114' title='bbox 388 1693 653 1748; x_wconf 85' lang='lat' dir='ltr'>mulieris</span> <span class='ocrx_word' id='word_1_115' title='bbox 689 1690 961 1748; x_wconf 86' lang='lat' dir='ltr'>adulterii</span> <span class='ocrx_word' id='word_1_116' title='bbox 1010 1707 1119 1745; x_wconf 84' lang='lat' dir='ltr'>reae</span> <span class='ocrx_word' id='word_1_117' title='bbox 1163 1692 1261 1746; x_wconf 91' lang='lat' dir='ltr'>sed</span> <span class='ocrx_word' id='word_1_118' title='bbox 1305 1690 1660 1762; x_wconf 67' lang='lat' dir='ltr'>paenitentis,</span> <span class='ocrx_word' id='word_1_119' title='bbox 1712 1706 1840 1760; x_wconf 83' lang='lat' dir='ltr'>quae</span> 
     </span>
    </p>
   </div>
   <div class='ocr_carea' id='block_1_19' title="bbox 183 1779 1842 1851">
    <p class='ocr_par' dir='ltr' id='par_1_19' title="bbox 183 1779 1842 1851">
     <span class='ocr_line' id='line_1_19' title="bbox 183 1779 1842 1851; baseline -0.004 -12"><span class='ocrx_word' id='word_1_120' title='bbox 183 1785 280 1839; x_wconf 86' lang='lat' dir='ltr'>sic</span> <span class='ocrx_word' id='word_1_121' title='bbox 306 1800 369 1839; x_wconf 92' lang='lat' dir='ltr'>se</span> <span class='ocrx_word' id='word_1_122' title='bbox 398 1783 775 1839; x_wconf 88' lang='lat' dir='ltr'>innocentem</span> <span class='ocrx_word' id='word_1_123' title='bbox 806 1782 928 1836; x_wconf 90' lang='lat' dir='ltr'>viro</span> <span class='ocrx_word' id='word_1_124' title='bbox 960 1781 1245 1851; x_wconf 82' lang='lat' dir='ltr'>probavit.</span> <span class='ocrx_word' id='word_1_125' title='bbox 1283 1782 1349 1834; x_wconf 87' lang='lat' dir='ltr'>Et</span> <span class='ocrx_word' id='word_1_126' title='bbox 1388 1779 1501 1834; x_wconf 88' lang='lat' dir='ltr'>alia</span> <span class='ocrx_word' id='word_1_127' title='bbox 1552 1779 1842 1849; x_wconf 90' lang='lat' dir='ltr'>quadam-</span> 
     </span>
    </p>
   </div>
   <div class='ocr_carea' id='block_1_20' title="bbox 189 1871 1835 1944">
    <p class='ocr_par' dir='ltr' id='par_1_20' title="bbox 189 1871 1835 1944">
     <span class='ocr_line' id='line_1_20' title="bbox 189 1871 1835 1944; baseline -0.005 -13"><span class='ocrx_word' id='word_1_128' title='bbox 189 1883 367 1931; x_wconf 88' lang='lat' dir='ltr'>tenus</span> <span class='ocrx_word' id='word_1_129' title='bbox 398 1873 617 1930; x_wconf 84' lang='lat' dir='ltr'>similia</span> <span class='ocrx_word' id='word_1_130' title='bbox 650 1874 802 1944; x_wconf 91' lang='lat' dir='ltr'>apud</span> <span class='ocrx_word' id='word_1_131' title='bbox 844 1871 1182 1927; x_wconf 75' lang='lat' dir='ltr'>Caesarium.</span> <span class='ocrx_word' id='word_1_132' title='bbox 1229 1871 1267 1925; x_wconf 89' lang='lat' dir='ltr'>l.</span> <span class='ocrx_word' id='word_1_133' title='bbox 1305 1889 1367 1926; x_wconf 87' lang='grc' dir='ltr'>ιιι</span> <span class='ocrx_word' id='word_1_134' title='bbox 1425 1871 1835 1937; x_wconf 82' lang='lat' dir='ltr'>Miraculorum,</span> 
     </span>
    </p>
   </div>
   <div class='ocr_carea' id='block_1_21' title="bbox 180 1959 1834 2036">
    <p class='ocr_par' dir='ltr' id='par_1_21' title="bbox 180 1959 1834 2036">
     <span class='ocr_line' id='line_1_21' title="bbox 180 1959 1834 2036; baseline -0.004 -18"><span class='ocrx_word' id='word_1_135' title='bbox 180 1980 320 2036; x_wconf 63' lang='lat' dir='ltr'>qua;</span> <span class='ocrx_word' id='word_1_136' title='bbox 354 1963 488 2017; x_wconf 88' lang='lat' dir='ltr'>inde</span> <span class='ocrx_word' id='word_1_137' title='bbox 517 1960 723 2017; x_wconf 86' lang='lat' dir='ltr'>recitat</span> <span class='ocrx_word' id='word_1_138' title='bbox 757 1960 944 2016; x_wconf 92' lang='lat' dir='ltr'>Delrio</span> <span class='ocrx_word' id='word_1_139' title='bbox 979 1960 1271 2031; x_wconf 60' lang='lat' dir='ltr'>locoﬂjam</span> <span class='ocrx_word' id='word_1_140' title='bbox 1313 1960 1589 2029; x_wconf 89' lang='lat' dir='ltr'>indicato,</span> <span class='ocrx_word' id='word_1_141' title='bbox 1624 1976 1680 2030; x_wconf 92' lang='lat' dir='ltr'>p.</span> <span class='ocrx_word' id='word_1_142' title='bbox 1734 1959 1834 2012; x_wconf 87' lang='grc'>321</span> 
     </span>
    </p>
   </div>
   <div class='ocr_carea' id='block_1_22' title="bbox 182 2052 505 2123">
    <p class='ocr_par' dir='ltr' id='par_1_22' title="bbox 182 2052 505 2123">
     <span class='ocr_line' id='line_1_22' title="bbox 182 2052 505 2123; baseline -0.009 -14"><span class='ocrx_word' id='word_1_143' title='bbox 182 2053 285 2109; x_wconf 92' lang='lat' dir='ltr'>ed.</span> <span class='ocrx_word' id='word_1_144' title='bbox 321 2052 505 2123; x_wconf 87' lang='lat' dir='ltr'>Lugd.</span> 
     </span>
    </p>
   </div>
   <div class='ocr_carea' id='block_1_23' title="bbox 263 2144 1842 2222">
    <p class='ocr_par' dir='ltr' id='par_1_23' title="bbox 263 2144 1842 2222">
     <span class='ocr_line' id='line_1_23' title="bbox 263 2144 1842 2222; baseline -0.006 -16"><span class='ocrx_word' id='word_1_145' title='bbox 263 2150 401 2222; x_wconf 87' lang='lat' dir='ltr'>Cap.</span> <span class='ocrx_word' id='word_1_146' title='bbox 438 2150 524 2205; x_wconf 91' lang='grc'>13.</span> <span class='ocrx_word' id='word_1_147' title='bbox 558 2149 665 2205; x_wconf 93' lang='lat' dir='ltr'>Ubi</span> <span class='ocrx_word' id='word_1_148' title='bbox 698 2148 913 2219; x_wconf 84' lang='lat' dir='ltr'>legitur</span> <span class='ocrx_word' id='word_1_149' title='bbox 946 2148 1002 2202; x_wconf 92' lang='lat' dir='ltr'>in</span> <span class='ocrx_word' id='word_1_150' title='bbox 1039 2147 1255 2203; x_wconf 87' lang='lat' dir='ltr'>nostris</span> <span class='ocrx_word' id='word_1_151' title='bbox 1284 2147 1457 2203; x_wconf 90' lang='lat' dir='ltr'>editis</span> <span class='ocrx_word' id='word_1_152' title='bbox 1497 2147 1579 2206; x_wconf 82' lang='grc' dir='ltr'>οἷς</span> <span class='ocrx_word' id='word_1_153' title='bbox 1613 2145 1641 2198; x_wconf 86' lang='grc' dir='ltr'><strong>ὁ</strong></span> <span class='ocrx_word' id='word_1_154' title='bbox 1673 2144 1842 2217; x_wconf 84' lang='grc' dir='ltr'>λόγος</span> 
     </span>
    </p>
   </div>
   <div class='ocr_carea' id='block_1_24' title="bbox 187 2234 1840 2310">
    <p class='ocr_par' dir='ltr' id='par_1_24' title="bbox 187 2234 1840 2310">
     <span class='ocr_line' id='line_1_24' title="bbox 187 2234 1840 2310; baseline -0.002 -19"><span class='ocrx_word' id='word_1_155' title='bbox 187 2234 543 2310; x_wconf 80' lang='grc' dir='ltr'>σπούδασμα,</span> <span class='ocrx_word' id='word_1_156' title='bbox 577 2239 706 2293; x_wconf 94' lang='lat' dir='ltr'>cod.</span> <span class='ocrx_word' id='word_1_157' title='bbox 741 2238 910 2292; x_wconf 89' lang='lat' dir='ltr'>Barb.</span> <span class='ocrx_word' id='word_1_158' title='bbox 943 2236 1117 2292; x_wconf 89' lang='lat' dir='ltr'>aliam</span> <span class='ocrx_word' id='word_1_159' title='bbox 1152 2236 1504 2307; x_wconf 90' lang='lat' dir='ltr'>suggerebat</span> <span class='ocrx_word' id='word_1_160' title='bbox 1533 2235 1840 2290; x_wconf 87' lang='lat' dir='ltr'>lectionem</span> 
     </span>
    </p>
   </div>
   <div class='ocr_carea' id='block_1_25' title="bbox 187 2320 1397 2398">
    <p class='ocr_par' dir='ltr' id='par_1_25' title="bbox 187 2320 1397 2398">
     <span class='ocr_line' id='line_1_25' title="bbox 187 2320 1397 2398; baseline -0.004 -14"><span class='ocrx_word' id='word_1_161' title='bbox 187 2345 313 2384; x_wconf 90' lang='lat' dir='ltr'>non</span> <span class='ocrx_word' id='word_1_162' title='bbox 354 2325 803 2398; x_wconf 89' lang='lat' dir='ltr'>improbabilem</span> <span class='ocrx_word' id='word_1_163' title='bbox 835 2324 896 2378; x_wconf 87' lang='grc' dir='ltr'>τὸ</span> <span class='ocrx_word' id='word_1_164' title='bbox 932 2320 1397 2395; x_wconf 81' lang='grc' dir='ltr'>σπουδαζόμενον.</span> 
     </span>
    </p>
   </div>
   <div class='ocr_carea' id='block_1_26' title="bbox 264 2420 1842 2498">
    <p class='ocr_par' dir='ltr' id='par_1_26' title="bbox 264 2420 1842 2498">
     <span class='ocr_line' id='line_1_26' title="bbox 264 2420 1842 2498; baseline -0.004 -17"><span class='ocrx_word' id='word_1_165' title='bbox 264 2428 401 2498; x_wconf 85' lang='lat' dir='ltr'>Cap.</span> <span class='ocrx_word' id='word_1_166' title='bbox 440 2425 527 2482; x_wconf 82' lang='grc'>14.</span> <span class='ocrx_word' id='word_1_167' title='bbox 563 2426 723 2490; x_wconf 90' lang='lat' dir='ltr'>Quod</span> <span class='ocrx_word' id='word_1_168' title='bbox 753 2425 868 2479; x_wconf 92' lang='lat' dir='ltr'>duo</span> <span class='ocrx_word' id='word_1_169' title='bbox 900 2422 1293 2494; x_wconf 91' lang='lat' dir='ltr'>codd.optimi</span> <span class='ocrx_word' id='word_1_170' title='bbox 1330 2422 1559 2477; x_wconf 88' lang='lat' dir='ltr'>Barber.</span> <span class='ocrx_word' id='word_1_171' title='bbox 1590 2426 1648 2476; x_wconf 90' lang='lat' dir='ltr'>et</span> <span class='ocrx_word' id='word_1_172' title='bbox 1671 2420 1842 2475; x_wconf 86' lang='lat' dir='ltr'>Allat.</span> 
     </span>
    </p>
   </div>
   <div class='ocr_carea' id='block_1_27' title="bbox 186 2507 1843 2583">
    <p class='ocr_par' dir='ltr' id='par_1_27' title="bbox 186 2507 1843 2583">
     <span class='ocr_line' id='line_1_27' title="bbox 186 2507 1843 2583; baseline -0.005 -12"><span class='ocrx_word' id='word_1_173' title='bbox 186 2515 435 2582; x_wconf 81' lang='lat' dir='ltr'>habent,</span> <span class='ocrx_word' id='word_1_174' title='bbox 490 2511 581 2566; x_wconf 80' lang='grc' dir='ltr'>καὶ</span> <span class='ocrx_word' id='word_1_175' title='bbox 641 2508 949 2580; x_wconf 77' lang='grc' dir='ltr'>ἀλαστήσας</span> <span class='ocrx_word' id='word_1_176' title='bbox 1010 2511 1146 2583; x_wconf 80' lang='grc' dir='ltr'>πρὸς</span> <span class='ocrx_word' id='word_1_177' title='bbox 1204 2509 1403 2563; x_wconf 82' lang='grc' dir='ltr'>ἐκεῖνον</span> <span class='ocrx_word' id='word_1_178' title='bbox 1462 2511 1600 2577; x_wconf 85' lang='grc' dir='ltr'>οἷον,</span> <span class='ocrx_word' id='word_1_179' title='bbox 1658 2507 1843 2565; x_wconf 85' lang='lat' dir='ltr'>Vatic.</span> 
     </span>
    </p>
   </div>
   <div class='ocr_carea' id='block_1_28' title="bbox 190 2596 1848 2673">
    <p class='ocr_par' dir='ltr' id='par_1_28' title="bbox 190 2596 1848 2673">
     <span class='ocr_line' id='line_1_28' title="bbox 190 2596 1848 2673; baseline -0.005 -12"><span class='ocrx_word' id='word_1_180' title='bbox 190 2604 393 2661; x_wconf 82' lang='lat' dir='ltr'>reddit</span> <span class='ocrx_word' id='word_1_181' title='bbox 421 2600 511 2655; x_wconf 82' lang='grc' dir='ltr'>καὶ</span> <span class='ocrx_word' id='word_1_182' title='bbox 545 2601 658 2655; x_wconf 79' lang='grc' dir='ltr'>οἷον</span> <span class='ocrx_word' id='word_1_183' title='bbox 692 2600 1057 2673; x_wconf 84' lang='grc' dir='ltr'>θυμούμενος.</span> <span class='ocrx_word' id='word_1_184' title='bbox 1094 2601 1313 2671; x_wconf 85' lang='lat' dir='ltr'>Nempe</span> <span class='ocrx_word' id='word_1_185' title='bbox 1352 2596 1600 2652; x_wconf 79' lang='grc' dir='ltr'>ἀλαστέω</span> <span class='ocrx_word' id='word_1_186' title='bbox 1650 2599 1848 2653; x_wconf 90' lang='lat' dir='ltr'>minus</span> 
     </span>
    </p>
   </div>
   <div class='ocr_carea' id='block_1_29' title="bbox 193 2687 1849 2761">
    <p class='ocr_par' dir='ltr' id='par_1_29' title="bbox 193 2687 1849 2761">
     <span class='ocr_line' id='line_1_29' title="bbox 193 2687 1849 2761; baseline -0.005 -12"><span class='ocrx_word' id='word_1_187' title='bbox 193 2694 425 2749; x_wconf 87' lang='lat' dir='ltr'>usitata</span> <span class='ocrx_word' id='word_1_188' title='bbox 473 2709 579 2747; x_wconf 89' lang='lat' dir='ltr'>vox</span> <span class='ocrx_word' id='word_1_189' title='bbox 645 2691 770 2745; x_wconf 86' lang='lat' dir='ltr'>visa</span> <span class='ocrx_word' id='word_1_190' title='bbox 828 2690 1209 2761; x_wconf 85' lang='lat' dir='ltr'>paraphraste</span> <span class='ocrx_word' id='word_1_191' title='bbox 1269 2694 1371 2743; x_wconf 89' lang='lat' dir='ltr'>aut</span> <span class='ocrx_word' id='word_1_192' title='bbox 1435 2687 1849 2759; x_wconf 90' lang='lat' dir='ltr'>interpolatore</span> 
     </span>
    </p>
   </div>
   <div class='ocr_carea' id='block_1_30' title="bbox 190 2777 1853 2856">
    <p class='ocr_par' dir='ltr' id='par_1_30' title="bbox 190 2777 1853 2856">
     <span class='ocr_line' id='line_1_30' title="bbox 190 2777 1853 2856; baseline -0.005 -17"><span class='ocrx_word' id='word_1_193' title='bbox 190 2783 400 2856; x_wconf 90' lang='lat' dir='ltr'>potius</span> <span class='ocrx_word' id='word_1_194' title='bbox 429 2797 606 2852; x_wconf 88' lang='lat' dir='ltr'>quam</span> <span class='ocrx_word' id='word_1_195' title='bbox 655 2779 976 2851; x_wconf 81' lang='lat' dir='ltr'>excriptore</span> <span class='ocrx_word' id='word_1_196' title='bbox 1037 2779 1094 2833; x_wconf 91' lang='lat' dir='ltr'>in</span> <span class='ocrx_word' id='word_1_197' title='bbox 1153 2778 1435 2833; x_wconf 88' lang='lat' dir='ltr'>tritiorem</span> <span class='ocrx_word' id='word_1_198' title='bbox 1498 2795 1606 2833; x_wconf 90' lang='lat' dir='ltr'>usu</span> <span class='ocrx_word' id='word_1_199' title='bbox 1664 2777 1853 2831; x_wconf 91' lang='lat' dir='ltr'>notio-</span> 
     </span>
    </p>
   </div>
   <div class='ocr_carea' id='block_1_31' title="bbox 194 2865 1851 2940">
    <p class='ocr_par' dir='ltr' id='par_1_31' title="bbox 194 2865 1851 2940">
     <span class='ocr_line' id='line_1_31' title="bbox 194 2865 1851 2940; baseline -0.004 -16"><span class='ocrx_word' id='word_1_200' title='bbox 194 2884 447 2940; x_wconf 88' lang='lat' dir='ltr'>remque</span> <span class='ocrx_word' id='word_1_201' title='bbox 480 2872 706 2922; x_wconf 87' lang='lat' dir='ltr'>mutata</span> <span class='ocrx_word' id='word_1_202' title='bbox 727 2872 835 2935; x_wconf 90' lang='lat' dir='ltr'>est,</span> <span class='ocrx_word' id='word_1_203' title='bbox 871 2871 1044 2938; x_wconf 90' lang='lat' dir='ltr'>prout</span> <span class='ocrx_word' id='word_1_204' title='bbox 1104 2867 1320 2936; x_wconf 81' lang='lat' dir='ltr'>passim</span> <span class='ocrx_word' id='word_1_205' title='bbox 1363 2866 1639 2936; x_wconf 87' lang='lat' dir='ltr'>deinceps</span> <span class='ocrx_word' id='word_1_206' title='bbox 1695 2865 1851 2919; x_wconf 92' lang='lat' dir='ltr'>idem</span> 
     </span>
    </p>
   </div>
   <div class='ocr_carea' id='block_1_32' title="bbox 191 2954 1780 3028">
    <p class='ocr_par' dir='ltr' id='par_1_32' title="bbox 191 2954 1780 3028">
     <span class='ocr_line' id='line_1_32' title="bbox 191 2954 1780 3028; baseline -0.005 -13"><span class='ocrx_word' id='word_1_207' title='bbox 191 2959 363 3015; x_wconf 88' lang='lat' dir='ltr'>solet.</span> <span class='ocrx_word' id='word_1_208' title='bbox 403 2958 536 3022; x_wconf 69' lang='lat' dir='ltr'>Quae</span> <span class='ocrx_word' id='word_1_209' title='bbox 561 2956 867 3028; x_wconf 88' lang='lat' dir='ltr'>sigillatim</span> <span class='ocrx_word' id='word_1_210' title='bbox 900 2960 1100 3009; x_wconf 90' lang='lat' dir='ltr'>notare</span> <span class='ocrx_word' id='word_1_211' title='bbox 1133 2954 1310 3009; x_wconf 90' lang='lat' dir='ltr'>nimis</span> <span class='ocrx_word' id='word_1_212' title='bbox 1342 2954 1581 3026; x_wconf 89' lang='lat' dir='ltr'>longum</span> <span class='ocrx_word' id='word_1_213' title='bbox 1616 2956 1780 3007; x_wconf 84' lang='lat' dir='ltr'>foret.</span> 
     </span>
    </p>
   </div>
   <div class='ocr_carea' id='block_1_33' title="bbox 271 3051 1852 3127">
    <p class='ocr_par' dir='ltr' id='par_1_33' title="bbox 271 3051 1852 3127">
     <span class='ocr_line' id='line_1_33' title="bbox 271 3051 1852 3127; baseline -0.003 -17"><span class='ocrx_word' id='word_1_214' title='bbox 271 3058 415 3127; x_wconf 89' lang='lat' dir='ltr'>Cap.</span> <span class='ocrx_word' id='word_1_215' title='bbox 452 3055 538 3109; x_wconf 87' lang='grc'>16.</span> <span class='ocrx_word' id='word_1_216' title='bbox 574 3055 761 3123; x_wconf 88' lang='lat' dir='ltr'>Hujus</span> <span class='ocrx_word' id='word_1_217' title='bbox 785 3053 1080 3109; x_wconf 91' lang='lat' dir='ltr'>concionis</span> <span class='ocrx_word' id='word_1_218' title='bbox 1098 3071 1131 3107; x_wconf 91' lang='lat' dir='ltr'>a</span> <span class='ocrx_word' id='word_1_219' title='bbox 1149 3051 1445 3108; x_wconf 87' lang='lat' dir='ltr'>Muzalone</span> <span class='ocrx_word' id='word_1_220' title='bbox 1471 3053 1852 3124; x_wconf 90' lang='lat' dir='ltr'>protovestia-</span> 
     </span>
    </p>
   </div>
   <div class='ocr_carea' id='block_1_34' title="bbox 193 3140 1854 3212">
    <p class='ocr_par' dir='ltr' id='par_1_34' title="bbox 193 3140 1854 3212">
     <span class='ocr_line' id='line_1_34' title="bbox 193 3140 1854 3212; baseline -0.004 -11"><span class='ocrx_word' id='word_1_221' title='bbox 193 3146 287 3201; x_wconf 89' lang='lat' dir='ltr'>rio</span> <span class='ocrx_word' id='word_1_222' title='bbox 341 3143 557 3199; x_wconf 69' lang='lat' dir='ltr'>habitis</span> <span class='ocrx_word' id='word_1_223' title='bbox 616 3143 967 3198; x_wconf 86' lang='lat' dir='ltr'>sententiam</span> <span class='ocrx_word' id='word_1_224' title='bbox 1030 3142 1282 3196; x_wconf 90' lang='lat' dir='ltr'>breviter</span> <span class='ocrx_word' id='word_1_225' title='bbox 1337 3140 1854 3212; x_wconf 89' lang='lat' dir='ltr'>comprehendisse</span> 
     </span>
    </p>
   </div>
   <div class='ocr_carea' id='block_1_35' title="bbox 190 3228 1853 3302">
    <p class='ocr_par' dir='ltr' id='par_1_35' title="bbox 190 3228 1853 3302">
     <span class='ocr_line' id='line_1_35' title="bbox 190 3228 1853 3302; baseline -0.004 -13"><span class='ocrx_word' id='word_1_226' title='bbox 190 3234 363 3289; x_wconf 88' lang='lat' dir='ltr'>visus</span> <span class='ocrx_word' id='word_1_227' title='bbox 396 3239 485 3287; x_wconf 88' lang='lat' dir='ltr'>est</span> <span class='ocrx_word' id='word_1_228' title='bbox 512 3231 877 3302; x_wconf 91' lang='lat' dir='ltr'>Nicephorus</span> <span class='ocrx_word' id='word_1_229' title='bbox 925 3232 1231 3300; x_wconf 89' lang='lat' dir='ltr'>Gregoras,</span> <span class='ocrx_word' id='word_1_230' title='bbox 1278 3228 1315 3283; x_wconf 93' lang='lat' dir='ltr'>l.</span> <span class='ocrx_word' id='word_1_231' title='bbox 1352 3247 1435 3297; x_wconf 89' lang='grc' dir='ltr'>ιιι,</span> <span class='ocrx_word' id='word_1_232' title='bbox 1490 3246 1546 3299; x_wconf 93' lang='lat' dir='ltr'>p.</span> <span class='ocrx_word' id='word_1_233' title='bbox 1590 3230 1679 3297; x_wconf 91' lang='lat'>30,</span> <span class='ocrx_word' id='word_1_234' title='bbox 1713 3229 1853 3283; x_wconf 91' lang='lat' dir='ltr'>dum</span> 
     </span>
    </p>
   </div>
   <div class='ocr_carea' id='block_1_36' title="bbox 192 3314 1852 3387">
    <p class='ocr_par' dir='ltr' id='par_1_36' title="bbox 192 3314 1852 3387">
     <span class='ocr_line' id='line_1_36' title="bbox 192 3314 1852 3387; baseline -0.004 -10"><span class='ocrx_word' id='word_1_235' title='bbox 192 3322 284 3377; x_wconf 90' lang='lat' dir='ltr'>sic</span> <span class='ocrx_word' id='word_1_236' title='bbox 348 3320 589 3376; x_wconf 80' lang='lat' dir='ltr'>scribit:</span> <span class='ocrx_word' id='word_1_237' title='bbox 650 3320 833 3374; x_wconf 79' lang='grc' dir='ltr'>Ταῦτα</span> <span class='ocrx_word' id='word_1_238' title='bbox 907 3314 963 3371; x_wconf 76' lang='grc' dir='ltr'>δὲ</span> <span class='ocrx_word' id='word_1_239' title='bbox 1023 3315 1121 3371; x_wconf 79' lang='grc' dir='ltr'>οὐκ</span> <span class='ocrx_word' id='word_1_240' title='bbox 1176 3315 1427 3387; x_wconf 77' lang='grc' dir='ltr'>ἐλελήθει</span> <span class='ocrx_word' id='word_1_241' title='bbox 1492 3315 1852 3384; x_wconf 85' lang='grc' dir='ltr'>Μουζάλωνα·</span> 
     </span>
    </p>
   </div>
   <div class='ocr_carea' id='block_1_37' title="bbox 198 3402 1859 3483">
    <p class='ocr_par' dir='ltr' id='par_1_37' title="bbox 198 3402 1859 3483">
     <span class='ocr_line' id='line_1_37' title="bbox 198 3402 1859 3483; baseline -0.003 -20"><span class='ocrx_word' id='word_1_242' title='bbox 198 3408 385 3471; x_wconf 81' lang='grc' dir='ltr'>δεινὸς</span> <span class='ocrx_word' id='word_1_243' title='bbox 447 3409 540 3480; x_wconf 78' lang='grc' dir='ltr'>μὲν</span> <span class='ocrx_word' id='word_1_244' title='bbox 599 3408 701 3483; x_wconf 77' lang='grc' dir='ltr'>γὰρ</span> <span class='ocrx_word' id='word_1_245' title='bbox 735 3408 762 3461; x_wconf 88' lang='grc' dir='ltr'>ὁ</span> <span class='ocrx_word' id='word_1_246' title='bbox 789 3406 926 3481; x_wconf 69' lang='grc' dir='ltr'>ἀνὴρ</span> <span class='ocrx_word' id='word_1_247' title='bbox 958 3407 1045 3460; x_wconf 78' lang='grc' dir='ltr'>καὶ</span> <span class='ocrx_word' id='word_1_248' title='bbox 1080 3405 1344 3481; x_wconf 82' lang='grc' dir='ltr'>πρότερον</span> <span class='ocrx_word' id='word_1_249' title='bbox 1377 3405 1442 3474; x_wconf 80' lang='grc' dir='ltr'>ἦν</span> <span class='ocrx_word' id='word_1_250' title='bbox 1476 3405 1529 3467; x_wconf 80' lang='grc' dir='ltr'>ἐς</span> <span class='ocrx_word' id='word_1_251' title='bbox 1576 3406 1637 3459; x_wconf 88' lang='grc' dir='ltr'>τὸ</span> <span class='ocrx_word' id='word_1_252' title='bbox 1685 3402 1859 3459; x_wconf 77' lang='grc' dir='ltr'>συνιέ-</span> 
     </span>
    </p>
   </div>
   <div class='ocr_carea' id='block_1_38' title="bbox 196 3493 1856 3572">
    <p class='ocr_par' dir='ltr' id='par_1_38' title="bbox 196 3493 1856 3572">
     <span class='ocr_line' id='line_1_38' title="bbox 196 3493 1856 3572; baseline -0.004 -18"><span class='ocrx_word' id='word_1_253' title='bbox 196 3520 287 3555; x_wconf 85' lang='grc' dir='ltr'>ναι</span> <span class='ocrx_word' id='word_1_254' title='bbox 346 3501 593 3552; x_wconf 69' lang='grc' dir='ltr'>τοιαῦτου</span> <span class='ocrx_word' id='word_1_255' title='bbox 652 3497 778 3551; x_wconf 85' lang='grc' dir='ltr'>τότε</span> <span class='ocrx_word' id='word_1_256' title='bbox 834 3493 891 3550; x_wconf 70' lang='grc' dir='ltr'>δὲ</span> <span class='ocrx_word' id='word_1_257' title='bbox 945 3495 1035 3550; x_wconf 84' lang='grc' dir='ltr'>καὶ</span> <span class='ocrx_word' id='word_1_258' title='bbox 1094 3500 1200 3549; x_wconf 80' lang='grc' dir='ltr'>τῶν</span> <span class='ocrx_word' id='word_1_259' title='bbox 1261 3496 1596 3572; x_wconf 80' lang='grc' dir='ltr'>πραγμάτων</span> <span class='ocrx_word' id='word_1_260' title='bbox 1630 3494 1856 3564; x_wconf 85' lang='grc' dir='ltr'>ζεόντων</span> 
     </span>
    </p>
   </div>
   <div class='ocr_carea' id='block_1_39' title="bbox 195 3583 1857 3663">
    <p class='ocr_par' dir='ltr' id='par_1_39' title="bbox 195 3583 1857 3663">
     <span class='ocr_line' id='line_1_39' title="bbox 195 3583 1857 3663; baseline -0.004 -19"><span class='ocrx_word' id='word_1_261' title='bbox 195 3590 295 3644; x_wconf 78' lang='grc' dir='ltr'>καὶ</span> <span class='ocrx_word' id='word_1_262' title='bbox 348 3587 586 3662; x_wconf 78' lang='grc' dir='ltr'>ἀγωνίαν</span> <span class='ocrx_word' id='word_1_263' title='bbox 642 3586 900 3663; x_wconf 74' lang='grc' dir='ltr'>μεγίστην</span> <span class='ocrx_word' id='word_1_264' title='bbox 948 3590 1016 3660; x_wconf 80' lang='grc' dir='ltr'>τῇ</span> <span class='ocrx_word' id='word_1_265' title='bbox 1075 3584 1281 3639; x_wconf 83' lang='grc' dir='ltr'>τούτων</span> <span class='ocrx_word' id='word_1_266' title='bbox 1331 3589 1485 3659; x_wconf 77' lang='grc' dir='ltr'>ψυχῇ</span> <span class='ocrx_word' id='word_1_267' title='bbox 1534 3583 1857 3660; x_wconf 72' lang='grc' dir='ltr'>προξενούν-</span> 
     </span>
    </p>
   </div>
   <div class='ocr_carea' id='block_1_40' title="bbox 194 3672 1858 3748">
    <p class='ocr_par' dir='ltr' id='par_1_40' title="bbox 194 3672 1858 3748">
     <span class='ocr_line' id='line_1_40' title="bbox 194 3672 1858 3748; baseline -0.005 -15"><span class='ocrx_word' id='word_1_268' title='bbox 194 3699 339 3745; x_wconf 86' lang='grc' dir='ltr'>των,</span> <span class='ocrx_word' id='word_1_269' title='bbox 403 3677 765 3748; x_wconf 84' lang='grc' dir='ltr'>συνετώτερος</span> <span class='ocrx_word' id='word_1_270' title='bbox 818 3674 975 3736; x_wconf 82' lang='grc' dir='ltr'>αὐτὸς</span> <span class='ocrx_word' id='word_1_271' title='bbox 1017 3672 1191 3729; x_wconf 82' lang='grc' dir='ltr'>ἐδόκει</span> <span class='ocrx_word' id='word_1_272' title='bbox 1238 3672 1438 3744; x_wconf 75' lang='grc' dir='ltr'>πολλῷ</span> <span class='ocrx_word' id='word_1_273' title='bbox 1486 3672 1699 3729; x_wconf 73' lang='grc' dir='ltr'>ἑαυτοῦ.</span> <span class='ocrx_word' id='word_1_274' title='bbox 1752 3672 1858 3727; x_wconf 84' lang='grc' dir='ltr'>Καὶ</span> 
     </span>
    </p>
   </div>
   <div class='ocr_carea' id='block_1_41' title="bbox 195 3761 1860 3839">
    <p class='ocr_par' dir='ltr' id='par_1_41' title="bbox 195 3761 1860 3839">
     <span class='ocr_line' id='line_1_41' title="bbox 195 3761 1860 3839; baseline -0.004 -18"><span class='ocrx_word' id='word_1_275' title='bbox 195 3764 269 3835; x_wconf 74' lang='grc' dir='ltr'>δὴ</span> <span class='ocrx_word' id='word_1_276' title='bbox 305 3766 408 3833; x_wconf 82' lang='grc' dir='ltr'>τήν</span> <span class='ocrx_word' id='word_1_277' title='bbox 452 3762 723 3839; x_wconf 81' lang='grc' dir='ltr'>ταχίστην</span> <span class='ocrx_word' id='word_1_278' title='bbox 772 3763 825 3824; x_wconf 78' lang='grc' dir='ltr'>ἐς</span> <span class='ocrx_word' id='word_1_279' title='bbox 882 3761 1276 3838; x_wconf 83' lang='grc' dir='ltr'>βουλευτήριον</span> <span class='ocrx_word' id='word_1_280' title='bbox 1320 3763 1556 3823; x_wconf 76' lang='grc' dir='ltr'>ἅπαντας</span> <span class='ocrx_word' id='word_1_281' title='bbox 1611 3767 1860 3836; x_wconf 74' lang='grc' dir='ltr'>μεγιστᾶ-</span> 
     </span>
    </p>
   </div>
   <div class='ocr_carea' id='block_1_42' title="bbox 190 3849 1861 3925">
    <p class='ocr_par' dir='ltr' id='par_1_42' title="bbox 190 3849 1861 3925">
     <span class='ocr_line' id='line_1_42' title="bbox 190 3849 1861 3925; baseline -0.004 -15"><span class='ocrx_word' id='word_1_282' title='bbox 190 3876 294 3918; x_wconf 83' lang='grc' dir='ltr'>νας</span> <span class='ocrx_word' id='word_1_283' title='bbox 328 3852 698 3925; x_wconf 78' lang='grc' dir='ltr'>συνηθροικὼς</span> <span class='ocrx_word' id='word_1_284' title='bbox 728 3850 898 3922; x_wconf 81' lang='grc' dir='ltr'>δεξιάν</span> <span class='ocrx_word' id='word_1_285' title='bbox 929 3873 988 3906; x_wconf 87' lang='grc' dir='ltr'>τε</span> <span class='ocrx_word' id='word_1_286' title='bbox 1034 3849 1216 3906; x_wconf 75' lang='grc' dir='ltr'>ἐδίδου</span> <span class='ocrx_word' id='word_1_287' title='bbox 1246 3857 1363 3912; x_wconf 86' lang='grc' dir='ltr'>τοῖς</span> <span class='ocrx_word' id='word_1_288' title='bbox 1416 3849 1589 3917; x_wconf 80' lang='grc' dir='ltr'>ὅλοις,</span> <span class='ocrx_word' id='word_1_289' title='bbox 1636 3849 1724 3904; x_wconf 84' lang='grc' dir='ltr'>καὶ</span> <span class='ocrx_word' id='word_1_290' title='bbox 1756 3850 1861 3904; x_wconf 86' lang='grc' dir='ltr'>ἀπὸ</span> 
     </span>
    </p>
   </div>
   <div class='ocr_carea' id='block_1_43' title="bbox 192 3937 1860 4017">
    <p class='ocr_par' dir='ltr' id='par_1_43' title="bbox 192 3937 1860 4017">
     <span class='ocr_line' id='line_1_43' title="bbox 192 3937 1860 4017; baseline -0.004 -17"><span class='ocrx_word' id='word_1_291' title='bbox 192 3943 299 4000; x_wconf 79' lang='grc' dir='ltr'>τοῦ</span> <span class='ocrx_word' id='word_1_292' title='bbox 331 3943 559 4013; x_wconf 70' lang='grc' dir='ltr'>ἥττονος</span> <span class='ocrx_word' id='word_1_293' title='bbox 608 3938 877 4017; x_wconf 72' lang='grc' dir='ltr'>προῦφερι</span> <span class='ocrx_word' id='word_1_294' title='bbox 907 3943 1008 4011; x_wconf 78' lang='grc' dir='ltr'>τὴν</span> <span class='ocrx_word' id='word_1_295' title='bbox 1036 3940 1282 4014; x_wconf 78' lang='grc' dir='ltr'>ὁμιλίαν,</span> <span class='ocrx_word' id='word_1_296' title='bbox 1333 3940 1421 3994; x_wconf 83' lang='grc' dir='ltr'>καὶ</span> <span class='ocrx_word' id='word_1_297' title='bbox 1456 3937 1627 4008; x_wconf 80' lang='grc' dir='ltr'>δῆλος</span> <span class='ocrx_word' id='word_1_298' title='bbox 1658 3940 1724 4007; x_wconf 80' lang='grc' dir='ltr'>ἦν</span> <span class='ocrx_word' id='word_1_299' title='bbox 1756 3960 1860 3993; x_wconf 87' lang='grc' dir='ltr'>πα-</span> 
     </span>
    </p>
   </div>
   <div class='ocr_carea' id='block_1_44' title="bbox 197 4028 1859 4109">
    <p class='ocr_par' dir='ltr' id='par_1_44' title="bbox 197 4028 1859 4109">
     <span class='ocr_line' id='line_1_44' title="bbox 197 4028 1859 4109; baseline -0.005 -21"><span class='ocrx_word' id='word_1_300' title='bbox 197 4034 557 4109; x_wconf 80' lang='grc' dir='ltr'>ραχωρήσων</span> <span class='ocrx_word' id='word_1_301' title='bbox 605 4031 856 4103; x_wconf 64' lang='grc' dir='ltr'>ἀσμένως</span> <span class='ocrx_word' id='word_1_302' title='bbox 906 4034 985 4101; x_wconf 78' lang='grc' dir='ltr'>τῷ</span> <span class='ocrx_word' id='word_1_303' title='bbox 1039 4028 1364 4104; x_wconf 80' lang='grc' dir='ltr'>βουλομένῳ</span> <span class='ocrx_word' id='word_1_304' title='bbox 1407 4030 1505 4097; x_wconf 80' lang='grc' dir='ltr'>τὴν</span> <span class='ocrx_word' id='word_1_305' title='bbox 1559 4028 1859 4099; x_wconf 73' lang='grc' dir='ltr'>ἐπιτροπὴν</span> 
     </span>
    </p>
   </div>
   <div class='ocr_carea' id='block_1_45' title="bbox 197 4113 1865 4193">
    <p class='ocr_par' dir='ltr' id='par_1_45' title="bbox 197 4113 1865 4193">
     <span class='ocr_line' id='line_1_45' title="bbox 197 4113 1865 4193; baseline -0.005 -16"><span class='ocrx_word' id='word_1_306' title='bbox 197 4127 316 4177; x_wconf 81' lang='grc' dir='ltr'>τῶν</span> <span class='ocrx_word' id='word_1_307' title='bbox 346 4141 406 4175; x_wconf 87' lang='grc' dir='ltr'>τε</span> <span class='ocrx_word' id='word_1_308' title='bbox 446 4124 645 4174; x_wconf 83' lang='grc' dir='ltr'>κοινῶν</span> <span class='ocrx_word' id='word_1_309' title='bbox 694 4117 1033 4193; x_wconf 79' lang='grc' dir='ltr'>πραγμάτων</span> <span class='ocrx_word' id='word_1_310' title='bbox 1076 4119 1163 4172; x_wconf 86' lang='grc' dir='ltr'>καὶ</span> <span class='ocrx_word' id='word_1_311' title='bbox 1216 4115 1379 4172; x_wconf 58' lang='lat' dir='ltr'>aii-:05</span> <span class='ocrx_word' id='word_1_312' title='bbox 1430 4114 1624 4187; x_wconf 79' lang='grc' dir='ltr'>δήτοῦ</span> <span class='ocrx_word' id='word_1_313' title='bbox 1671 4113 1865 4180; x_wconf 79' lang='grc' dir='ltr'>παιδὸς</span> 
     </span>
    </p>
   </div>
   <div class='ocr_carea' id='block_1_46' title="bbox 202 4206 1861 4285">
    <p class='ocr_par' dir='ltr' id='par_1_46' title="bbox 202 4206 1861 4285">
     <span class='ocr_line' id='line_1_46' title="bbox 202 4206 1861 4285; baseline -0.003 -19"><span class='ocrx_word' id='word_1_314' title='bbox 202 4215 309 4266; x_wconf 80' lang='grc' dir='ltr'>τοῦ</span> <span class='ocrx_word' id='word_1_315' title='bbox 341 4206 632 4285; x_wconf 75' lang='grc' dir='ltr'>βασιλέως.</span> <span class='ocrx_word' id='word_1_316' title='bbox 662 4209 793 4265; x_wconf 82' lang='lat' dir='ltr'>Haec</span> <span class='ocrx_word' id='word_1_317' title='bbox 825 4209 926 4263; x_wconf 89' lang='lat' dir='ltr'>ibi.</span> <span class='ocrx_word' id='word_1_318' title='bbox 960 4214 1038 4263; x_wconf 86' lang='lat' dir='ltr'>Ex</span> <span class='ocrx_word' id='word_1_319' title='bbox 1086 4210 1301 4279; x_wconf 84' lang='lat' dir='ltr'>quibus</span> <span class='ocrx_word' id='word_1_320' title='bbox 1346 4213 1506 4280; x_wconf 87' lang='lat' dir='ltr'>patet</span> <span class='ocrx_word' id='word_1_321' title='bbox 1549 4207 1861 4278; x_wconf 88' lang='lat' dir='ltr'>Georgium</span> 
     </span>
    </p>
   </div>
   <div class='ocr_carea' id='block_1_47' title="bbox 211 4296 1862 4370">
    <p class='ocr_par' dir='ltr' id='par_1_47' title="bbox 211 4296 1862 4370">
     <span class='ocr_line' id='line_1_47' title="bbox 211 4296 1862 4370; baseline -0.005 -13"><span class='ocrx_word' id='word_1_322' title='bbox 211 4300 587 4358; x_wconf 85' lang='lat' dir='ltr'>Muzalonem</span> <span class='ocrx_word' id='word_1_323' title='bbox 652 4296 1161 4370; x_wconf 87' lang='lat' dir='ltr'>protovestiorium</span> <span class='ocrx_word' id='word_1_324' title='bbox 1230 4297 1377 4352; x_wconf 91' lang='lat' dir='ltr'>bene</span> <span class='ocrx_word' id='word_1_325' title='bbox 1438 4296 1862 4367; x_wconf 90' lang='lat' dir='ltr'>intelligentem</span> 
     </span>
    </p>
   </div>
   <div class='ocr_carea' id='block_1_48' title="bbox 207 4385 1863 4462">
    <p class='ocr_par' dir='ltr' id='par_1_48' title="bbox 207 4385 1863 4462">
     <span class='ocr_line' id='line_1_48' title="bbox 207 4385 1863 4462; baseline -0.004 -19"><span class='ocrx_word' id='word_1_326' title='bbox 207 4393 440 4462; x_wconf 87' lang='lat' dir='ltr'>quanta</span> <span class='ocrx_word' id='word_1_327' title='bbox 467 4387 527 4442; x_wconf 90' lang='lat' dir='ltr'>in</span> <span class='ocrx_word' id='word_1_328' title='bbox 559 4402 693 4442; x_wconf 89' lang='lat' dir='ltr'>eum</span> <span class='ocrx_word' id='word_1_329' title='bbox 727 4388 1002 4459; x_wconf 79' lang='lat' dir='ltr'>ﬂagraret</span> <span class='ocrx_word' id='word_1_330' title='bbox 1044 4385 1283 4453; x_wconf 88' lang='lat' dir='ltr'>invidia,</span> <span class='ocrx_word' id='word_1_331' title='bbox 1337 4387 1408 4441; x_wconf 90' lang='lat' dir='ltr'>ad</span> <span class='ocrx_word' id='word_1_332' title='bbox 1460 4386 1755 4456; x_wconf 88' lang='lat' dir='ltr'>principes</span> <span class='ocrx_word' id='word_1_333' title='bbox 1804 4385 1863 4437; x_wconf 93' lang='lat' dir='ltr'>in</span> 
     </span>
    </p>
   </div>
   <div class='ocr_carea' id='block_1_49' title="bbox 204 4473 1865 4545">
    <p class='ocr_par' dir='ltr' id='par_1_49' title="bbox 204 4473 1865 4545">
     <span class='ocr_line' id='line_1_49' title="bbox 204 4473 1865 4545; baseline -0.004 -11"><span class='ocrx_word' id='word_1_334' title='bbox 204 4482 487 4535; x_wconf 88' lang='lat' dir='ltr'>senatum</span> <span class='ocrx_word' id='word_1_335' title='bbox 523 4481 866 4532; x_wconf 86' lang='lat' dir='ltr'>convocatos</span> <span class='ocrx_word' id='word_1_336' title='bbox 898 4491 1032 4529; x_wconf 90' lang='lat' dir='ltr'>cum</span> <span class='ocrx_word' id='word_1_337' title='bbox 1076 4474 1370 4529; x_wconf 86' lang='lat' dir='ltr'>submisse</span> <span class='ocrx_word' id='word_1_338' title='bbox 1415 4479 1592 4545; x_wconf 90' lang='lat' dir='ltr'>atque</span> <span class='ocrx_word' id='word_1_339' title='bbox 1621 4473 1865 4528; x_wconf 82' lang='lat' dir='ltr'>obnoxie</span> 
     </span>
    </p>
   </div>
   <div class='ocr_carea' id='block_1_50' title="bbox 1950 519 3595 594">
    <p class='ocr_par' dir='ltr' id='par_1_50' title="bbox 1950 519 3595 594">
     <span class='ocr_line' id='line_1_50' title="bbox 1950 519 3595 594; baseline 0.003 -19"><span class='ocrx_word' id='word_1_340' title='bbox 1950 519 2209 575; x_wconf 66' lang='lat' dir='ltr'>historia:</span> <span class='ocrx_word' id='word_1_341' title='bbox 2242 538 2361 575; x_wconf 72' lang='lat' dir='ltr'>suae</span> <span class='ocrx_word' id='word_1_342' title='bbox 2396 521 2687 592; x_wconf 85' lang='lat' dir='ltr'>ﬁgendam</span> <span class='ocrx_word' id='word_1_343' title='bbox 2708 522 2766 576; x_wconf 88' lang='lat' dir='ltr'>in</span> <span class='ocrx_word' id='word_1_344' title='bbox 2799 521 3240 593; x_wconf 86' lang='lat' dir='ltr'>recuperatione</span> <span class='ocrx_word' id='word_1_345' title='bbox 3263 522 3595 594; x_wconf 85' lang='lat' dir='ltr'>urbis,quas</span> 
     </span>
    </p>
   </div>
   <div class='ocr_carea' id='block_1_51' title="bbox 1950 608 3597 683">
    <p class='ocr_par' dir='ltr' id='par_1_51' title="bbox 1950 608 3597 683">
     <span class='ocr_line' id='line_1_51' title="bbox 1950 608 3597 683; baseline 0.002 -19"><span class='ocrx_word' id='word_1_346' title='bbox 1950 608 2196 664; x_wconf 85' lang='lat' dir='ltr'>Joannis</span> <span class='ocrx_word' id='word_1_347' title='bbox 2226 610 2667 665; x_wconf 67' lang='lat' dir='ltr'>exceecationem</span> <span class='ocrx_word' id='word_1_348' title='bbox 2703 611 2857 665; x_wconf 89' lang='lat' dir='ltr'>haud</span> <span class='ocrx_word' id='word_1_349' title='bbox 2892 611 3062 683; x_wconf 88' lang='lat' dir='ltr'>longo</span> <span class='ocrx_word' id='word_1_350' title='bbox 3085 612 3273 682; x_wconf 89' lang='lat' dir='ltr'>spatio</span> <span class='ocrx_word' id='word_1_351' title='bbox 3298 615 3597 682; x_wconf 73' lang='lat' dir='ltr'>przecessit</span> 
     </span>
    </p>
   </div>
   <div class='ocr_carea' id='block_1_52' title="bbox 1952 696 3593 757">
    <p class='ocr_par' dir='ltr' id='par_1_52' title="bbox 1952 696 3593 757">
     <span class='ocr_line' id='line_1_52' title="bbox 1952 696 3593 757; baseline 0.003 -5"><span class='ocrx_word' id='word_1_352' title='bbox 1952 702 2017 752; x_wconf 92' lang='lat' dir='ltr'>ut</span> <span class='ocrx_word' id='word_1_353' title='bbox 2048 696 2493 753; x_wconf 86' lang='lat' dir='ltr'>libromharum</span> <span class='ocrx_word' id='word_1_354' title='bbox 2519 699 3005 755; x_wconf 86' lang='lat' dir='ltr'>Observationum</span> <span class='ocrx_word' id='word_1_355' title='bbox 3031 701 3593 757; x_wconf 84' lang='lat' dir='ltr'>demonstrabimus.</span> 
     </span>
    </p>
   </div>
   <div class='ocr_carea' id='block_1_53' title="bbox 1950 788 3596 865">
    <p class='ocr_par' dir='ltr' id='par_1_53' title="bbox 1950 788 3596 865">
     <span class='ocr_line' id='line_1_53' title="bbox 1950 788 3596 865; baseline 0.003 -24"><span class='ocrx_word' id='word_1_356' title='bbox 1950 791 2065 841; x_wconf 90' lang='lat' dir='ltr'>Nec</span> <span class='ocrx_word' id='word_1_357' title='bbox 2097 788 2259 843; x_wconf 86' lang='lat' dir='ltr'>abest</span> <span class='ocrx_word' id='word_1_358' title='bbox 2290 788 2926 858; x_wconf 55' lang='lat' dir='ltr'>aﬁverisimilisensisse</span> <span class='ocrx_word' id='word_1_359' title='bbox 2949 790 3363 861; x_wconf 79' lang='lat' dir='ltr'>Acropolitam,</span> <span class='ocrx_word' id='word_1_360' title='bbox 3388 792 3451 862; x_wconf 92' lang='lat' dir='ltr'>[P</span> <span class='ocrx_word' id='word_1_361' title='bbox 3468 794 3596 865; x_wconf 83' lang='grc'>443]</span> 
     </span>
    </p>
   </div>
   <div class='ocr_carea' id='block_1_54' title="bbox 1952 876 3600 950">
    <p class='ocr_par' dir='ltr' id='par_1_54' title="bbox 1952 876 3600 950">
     <span class='ocr_line' id='line_1_54' title="bbox 1952 876 3600 950; baseline 0.004 -21"><span class='ocrx_word' id='word_1_362' title='bbox 1952 876 2169 947; x_wconf 90' lang='lat' dir='ltr'>quippe</span> <span class='ocrx_word' id='word_1_363' title='bbox 2201 877 2497 932; x_wconf 90' lang='lat' dir='ltr'>hominem</span> <span class='ocrx_word' id='word_1_364' title='bbox 2522 878 2823 948; x_wconf 80' lang='lat' dir='ltr'>politicum</span> <span class='ocrx_word' id='word_1_365' title='bbox 2856 878 2916 933; x_wconf 92' lang='lat' dir='ltr'>in</span> <span class='ocrx_word' id='word_1_366' title='bbox 2950 879 3172 950; x_wconf 87' lang='lat' dir='ltr'>paucis,</span> <span class='ocrx_word' id='word_1_367' title='bbox 3219 896 3396 950; x_wconf 90' lang='lat' dir='ltr'>quam</span> <span class='ocrx_word' id='word_1_368' title='bbox 3445 886 3600 937; x_wconf 87' lang='lat' dir='ltr'>esset</span> 
     </span>
    </p>
   </div>
   <div class='ocr_carea' id='block_1_55' title="bbox 1952 965 3623 1040">
    <p class='ocr_par' dir='ltr' id='par_1_55' title="bbox 1952 965 3623 1040">
     <span class='ocr_line' id='line_1_55' title="bbox 1952 965 3623 1040; baseline 0.004 -22"><span class='ocrx_word' id='word_1_369' title='bbox 1952 965 2099 1021; x_wconf 78' lang='lat'>635</span> <span class='ocrx_word' id='word_1_370' title='bbox 2130 966 2335 1021; x_wconf 88' lang='lat' dir='ltr'>merito</span> <span class='ocrx_word' id='word_1_371' title='bbox 2368 971 2676 1037; x_wconf 88' lang='lat' dir='ltr'>suspectus</span> <span class='ocrx_word' id='word_1_372' title='bbox 2708 968 2947 1022; x_wconf 87' lang='lat' dir='ltr'>Michael</span> <span class='ocrx_word' id='word_1_373' title='bbox 2998 968 3358 1039; x_wconf 74' lang='lat' dir='ltr'>Palzeologus</span> <span class='ocrx_word' id='word_1_374' title='bbox 3390 987 3623 1040; x_wconf 25' lang='lat' dir='ltr'>procu-.</span> 
     </span>
    </p>
   </div>
   <div class='ocr_carea' id='block_1_56' title="bbox 1952 1053 3599 1130">
    <p class='ocr_par' dir='ltr' id='par_1_56' title="bbox 1952 1053 3599 1130">
     <span class='ocr_line' id='line_1_56' title="bbox 1952 1053 3599 1130; baseline 0.004 -22"><span class='ocrx_word' id='word_1_375' title='bbox 1952 1060 2087 1109; x_wconf 68' lang='lat' dir='ltr'>ratae</span> <span class='ocrx_word' id='word_1_376' title='bbox 2118 1053 2268 1109; x_wconf 91' lang='lat' dir='ltr'>clam</span> <span class='ocrx_word' id='word_1_377' title='bbox 2301 1055 2620 1111; x_wconf 89' lang='lat' dir='ltr'>eversionis</span> <span class='ocrx_word' id='word_1_378' title='bbox 2651 1072 2717 1111; x_wconf 94' lang='lat' dir='ltr'>oc</span> <span class='ocrx_word' id='word_1_379' title='bbox 2761 1057 2935 1111; x_wconf 73' lang='lat' dir='ltr'>caedis</span> <span class='ocrx_word' id='word_1_380' title='bbox 2984 1057 3379 1126; x_wconf 87' lang='lat' dir='ltr'>Muzalonum,</span> <span class='ocrx_word' id='word_1_381' title='bbox 3430 1061 3599 1130; x_wconf 89' lang='lat' dir='ltr'>cujus</span> 
     </span>
    </p>
   </div>
   <div class='ocr_carea' id='block_1_57' title="bbox 1951 1144 3599 1218">
    <p class='ocr_par' dir='ltr' id='par_1_57' title="bbox 1951 1144 3599 1218">
     <span class='ocr_line' id='line_1_57' title="bbox 1951 1144 3599 1218; baseline 0.004 -21"><span class='ocrx_word' id='word_1_382' title='bbox 1951 1144 2079 1198; x_wconf 92' lang='lat' dir='ltr'>ideo</span> <span class='ocrx_word' id='word_1_383' title='bbox 2110 1144 2511 1215; x_wconf 90' lang='lat' dir='ltr'>catastrophes</span> <span class='ocrx_word' id='word_1_384' title='bbox 2544 1149 2863 1215; x_wconf 88' lang='lat' dir='ltr'>apparatus</span> <span class='ocrx_word' id='word_1_385' title='bbox 2912 1162 2977 1200; x_wconf 89' lang='lat' dir='ltr'>ac</span> <span class='ocrx_word' id='word_1_386' title='bbox 3007 1162 3215 1201; x_wconf 88' lang='lat' dir='ltr'>causas</span> <span class='ocrx_word' id='word_1_387' title='bbox 3273 1148 3599 1218; x_wconf 88' lang='lat' dir='ltr'>disquirere</span> 
     </span>
    </p>
   </div>
   <div class='ocr_carea' id='block_1_58' title="bbox 1950 1233 3599 1308">
    <p class='ocr_par' dir='ltr' id='par_1_58' title="bbox 1950 1233 3599 1308">
     <span class='ocr_line' id='line_1_58' title="bbox 1950 1233 3599 1308; baseline 0.004 -21"><span class='ocrx_word' id='word_1_388' title='bbox 1950 1233 2239 1287; x_wconf 89' lang='lat' dir='ltr'>curiosius</span> <span class='ocrx_word' id='word_1_389' title='bbox 2270 1233 2534 1288; x_wconf 86' lang='lat' dir='ltr'>omiserit</span> <span class='ocrx_word' id='word_1_390' title='bbox 2564 1234 2623 1287; x_wconf 89' lang='lat' dir='ltr'>in</span> <span class='ocrx_word' id='word_1_391' title='bbox 2655 1251 2826 1305; x_wconf 88' lang='lat' dir='ltr'>opere</span> <span class='ocrx_word' id='word_1_392' title='bbox 2859 1236 2927 1289; x_wconf 92' lang='lat' dir='ltr'>ad</span> <span class='ocrx_word' id='word_1_393' title='bbox 2961 1236 3231 1306; x_wconf 87' lang='lat' dir='ltr'>gratiam,</span> <span class='ocrx_word' id='word_1_394' title='bbox 3263 1241 3325 1291; x_wconf 90' lang='lat' dir='ltr'>ut</span> <span class='ocrx_word' id='word_1_395' title='bbox 3357 1243 3599 1308; x_wconf 86' lang='lat' dir='ltr'>apparet</span> 
     </span>
    </p>
   </div>
   <div class='ocr_carea' id='block_1_59' title="bbox 1953 1321 3597 1395">
    <p class='ocr_par' dir='ltr' id='par_1_59' title="bbox 1953 1321 3597 1395">
     <span class='ocr_line' id='line_1_59' title="bbox 1953 1321 3597 1395; baseline 0.003 -20"><span class='ocrx_word' id='word_1_396' title='bbox 1953 1322 2285 1392; x_wconf 69' lang='lat' dir='ltr'>Palaeologaa</span> <span class='ocrx_word' id='word_1_397' title='bbox 2316 1321 2549 1377; x_wconf 67' lang='lat' dir='ltr'>familiae</span> <span class='ocrx_word' id='word_1_398' title='bbox 2583 1326 2721 1377; x_wconf 87' lang='lat' dir='ltr'>tunc</span> <span class='ocrx_word' id='word_1_399' title='bbox 2754 1324 3052 1394; x_wconf 88' lang='lat' dir='ltr'>regnantis</span> <span class='ocrx_word' id='word_1_400' title='bbox 3075 1324 3251 1379; x_wconf 90' lang='lat' dir='ltr'>edito.</span> <span class='ocrx_word' id='word_1_401' title='bbox 3299 1325 3597 1395; x_wconf 91' lang='lat' dir='ltr'>Suspicio-</span> 
     </span>
    </p>
   </div>
   <div class='ocr_carea' id='block_1_60' title="bbox 1952 1412 3597 1481">
    <p class='ocr_par' dir='ltr' id='par_1_60' title="bbox 1952 1412 3597 1481">
     <span class='ocr_line' id='line_1_60' title="bbox 1952 1412 3597 1481; baseline 0.002 -15"><span class='ocrx_word' id='word_1_402' title='bbox 1952 1412 2044 1466; x_wconf 90' lang='lat' dir='ltr'>nis</span> <span class='ocrx_word' id='word_1_403' title='bbox 2076 1412 2203 1480; x_wconf 85' lang='lat' dir='ltr'>ejus</span> <span class='ocrx_word' id='word_1_404' title='bbox 2235 1416 2464 1480; x_wconf 63' lang='lat' dir='ltr'>(praeter</span> <span class='ocrx_word' id='word_1_405' title='bbox 2509 1412 2848 1467; x_wconf 88' lang='lat' dir='ltr'>Cassianam</span> <span class='ocrx_word' id='word_1_406' title='bbox 2909 1412 3303 1481; x_wconf 81' lang='lat' dir='ltr'>conjecturam</span> <span class='ocrx_word' id='word_1_407' title='bbox 3339 1430 3404 1467; x_wconf 89' lang='lat' dir='ltr'>ex</span> <span class='ocrx_word' id='word_1_408' title='bbox 3464 1431 3597 1469; x_wconf 92' lang='lat' dir='ltr'>suc-</span> 
     </span>
    </p>
   </div>
   <div class='ocr_carea' id='block_1_61' title="bbox 1951 1499 3598 1571">
    <p class='ocr_par' dir='ltr' id='par_1_61' title="bbox 1951 1499 3598 1571">
     <span class='ocr_line' id='line_1_61' title="bbox 1951 1499 3598 1571; baseline 0.002 -17"><span class='ocrx_word' id='word_1_409' title='bbox 1951 1516 2119 1555; x_wconf 90' lang='lat' dir='ltr'>cessu</span> <span class='ocrx_word' id='word_1_410' title='bbox 2152 1499 2412 1570; x_wconf 88' lang='lat' dir='ltr'>petitam,</span> <span class='ocrx_word' id='word_1_411' title='bbox 2434 1517 2561 1570; x_wconf 76' lang='lat' dir='ltr'>quae</span> <span class='ocrx_word' id='word_1_412' title='bbox 2594 1501 2642 1555; x_wconf 91' lang='lat' dir='ltr'>si</span> <span class='ocrx_word' id='word_1_413' title='bbox 2665 1517 2799 1555; x_wconf 89' lang='lat' dir='ltr'>eum</span> <span class='ocrx_word' id='word_1_414' title='bbox 2816 1501 3096 1556; x_wconf 90' lang='lat' dir='ltr'>onerabat</span> <span class='ocrx_word' id='word_1_415' title='bbox 3115 1502 3282 1571; x_wconf 90' lang='lat' dir='ltr'>cujus</span> <span class='ocrx_word' id='word_1_416' title='bbox 3312 1501 3501 1556; x_wconf 83' lang='lat' dir='ltr'>fructu</span> <span class='ocrx_word' id='word_1_417' title='bbox 3533 1519 3598 1558; x_wconf 91' lang='lat' dir='ltr'>ac</span> 
     </span>
    </p>
   </div>
   <div class='ocr_carea' id='block_1_62' title="bbox 1952 1589 3597 1659">
    <p class='ocr_par' dir='ltr' id='par_1_62' title="bbox 1952 1589 3597 1659">
     <span class='ocr_line' id='line_1_62' title="bbox 1952 1589 3597 1659; baseline 0.002 -15"><span class='ocrx_word' id='word_1_418' title='bbox 1952 1590 2103 1644; x_wconf 91' lang='lat' dir='ltr'>bono</span> <span class='ocrx_word' id='word_1_419' title='bbox 2138 1589 2390 1644; x_wconf 84' lang='lat' dir='ltr'>maximo</span> <span class='ocrx_word' id='word_1_420' title='bbox 2421 1592 2601 1645; x_wconf 89' lang='lat' dir='ltr'>amoti</span> <span class='ocrx_word' id='word_1_421' title='bbox 2642 1607 2671 1645; x_wconf 91' lang='lat' dir='ltr'>e</span> <span class='ocrx_word' id='word_1_422' title='bbox 2719 1590 2908 1645; x_wconf 90' lang='lat' dir='ltr'>medio</span> <span class='ocrx_word' id='word_1_423' title='bbox 2966 1592 3298 1647; x_wconf 87' lang='lat' dir='ltr'>Muzalones</span> <span class='ocrx_word' id='word_1_424' title='bbox 3359 1592 3597 1659; x_wconf 82' lang='lat' dir='ltr'>fuerint,</span> 
     </span>
    </p>
   </div>
   <div class='ocr_carea' id='block_1_63' title="bbox 1950 1678 3599 1750">
    <p class='ocr_par' dir='ltr' id='par_1_63' title="bbox 1950 1678 3599 1750">
     <span class='ocr_line' id='line_1_63' title="bbox 1950 1678 3599 1750; baseline 0.002 -17"><span class='ocrx_word' id='word_1_425' title='bbox 1950 1679 2246 1733; x_wconf 90' lang='lat' dir='ltr'>neminem</span> <span class='ocrx_word' id='word_1_426' title='bbox 2284 1679 2471 1750; x_wconf 90' lang='lat' dir='ltr'>magis</span> <span class='ocrx_word' id='word_1_427' title='bbox 2500 1678 2824 1734; x_wconf 85' lang='lat' dir='ltr'>infamabat</span> <span class='ocrx_word' id='word_1_428' title='bbox 2863 1696 3039 1750; x_wconf 90' lang='lat' dir='ltr'>quam</span> <span class='ocrx_word' id='word_1_429' title='bbox 3092 1680 3456 1749; x_wconf 87' lang='lat' dir='ltr'>Michaelem,</span> <span class='ocrx_word' id='word_1_430' title='bbox 3504 1684 3599 1737; x_wconf 91' lang='lat' dir='ltr'>cui</span> 
     </span>
    </p>
   </div>
   <div class='ocr_carea' id='block_1_64' title="bbox 1953 1768 3597 1839">
    <p class='ocr_par' dir='ltr' id='par_1_64' title="bbox 1953 1768 3597 1839">
     <span class='ocr_line' id='line_1_64' title="bbox 1953 1768 3597 1839; baseline 0.002 -18"><span class='ocrx_word' id='word_1_431' title='bbox 1953 1768 2147 1823; x_wconf 88' lang='lat' dir='ltr'>aditus</span> <span class='ocrx_word' id='word_1_432' title='bbox 2178 1768 2249 1823; x_wconf 91' lang='lat' dir='ltr'>ad</span> <span class='ocrx_word' id='word_1_433' title='bbox 2282 1768 2596 1839; x_wconf 90' lang='lat' dir='ltr'>imperium</span> <span class='ocrx_word' id='word_1_434' title='bbox 2630 1768 2738 1822; x_wconf 91' lang='lat' dir='ltr'>hoc</span> <span class='ocrx_word' id='word_1_435' title='bbox 2772 1769 2921 1824; x_wconf 86' lang='lat' dir='ltr'>facto</span> <span class='ocrx_word' id='word_1_436' title='bbox 2956 1770 3427 1839; x_wconf 87' lang='lat' dir='ltr'>patuerit)etiam</span> <span class='ocrx_word' id='word_1_437' title='bbox 3462 1771 3597 1825; x_wconf 88' lang='lat' dir='ltr'>fun-</span> 
     </span>
    </p>
   </div>
   <div class='ocr_carea' id='block_1_65' title="bbox 1950 1855 3595 1929">
    <p class='ocr_par' dir='ltr' id='par_1_65' title="bbox 1950 1855 3595 1929">
     <span class='ocr_line' id='line_1_65' title="bbox 1950 1855 3595 1929; baseline 0.002 -18"><span class='ocrx_word' id='word_1_438' title='bbox 1950 1857 2294 1911; x_wconf 89' lang='lat' dir='ltr'>damentum</span> <span class='ocrx_word' id='word_1_439' title='bbox 2358 1855 2518 1911; x_wconf 90' lang='lat' dir='ltr'>aliud</span> <span class='ocrx_word' id='word_1_440' title='bbox 2568 1856 2953 1929; x_wconf 81' lang='lat' dir='ltr'>Pachymeres</span> <span class='ocrx_word' id='word_1_441' title='bbox 2995 1858 3278 1928; x_wconf 89' lang='lat' dir='ltr'>suggerit,</span> <span class='ocrx_word' id='word_1_442' title='bbox 3313 1874 3369 1928; x_wconf 92' lang='lat' dir='ltr'>p.</span> <span class='ocrx_word' id='word_1_443' title='bbox 3418 1860 3489 1912; x_wconf 87' lang='grc'>55</span> <span class='ocrx_word' id='word_1_444' title='bbox 3537 1860 3595 1915; x_wconf 90' lang='lat' dir='ltr'>in</span> 
     </span>
    </p>
   </div>
   <div class='ocr_carea' id='block_1_66' title="bbox 1948 1938 3599 2019">
    <p class='ocr_par' dir='ltr' id='par_1_66' title="bbox 1948 1938 3599 2019">
     <span class='ocr_line' id='line_1_66' title="bbox 1948 1938 3599 2019; baseline 0.001 -20"><span class='ocrx_word' id='word_1_445' title='bbox 1948 1945 2104 1999; x_wconf 94' lang='lat' dir='ltr'>hunc</span> <span class='ocrx_word' id='word_1_446' title='bbox 2136 1945 2374 1999; x_wconf 90' lang='lat' dir='ltr'>modum</span> <span class='ocrx_word' id='word_1_447' title='bbox 2402 1944 2694 2000; x_wconf 90' lang='lat' dir='ltr'>scribens:</span> <span class='ocrx_word' id='word_1_448' title='bbox 2726 1942 2913 2000; x_wconf 71' lang='grc' dir='ltr'>Λῒτίαν</span> <span class='ocrx_word' id='word_1_449' title='bbox 2949 1942 3005 1998; x_wconf 73' lang='grc' dir='ltr'>δὲ</span> <span class='ocrx_word' id='word_1_450' title='bbox 3025 1938 3181 2019; x_wconf 76' lang='grc' dir='ltr'>ἔσχεν</span> <span class='ocrx_word' id='word_1_451' title='bbox 3212 1944 3287 2006; x_wconf 81' lang='grc' dir='ltr'>εἷς</span> <span class='ocrx_word' id='word_1_452' title='bbox 3315 1950 3503 2015; x_wconf 58' lang='lat' dir='ltr'>toﬁ-co,</span> <span class='ocrx_word' id='word_1_453' title='bbox 3524 1948 3599 2011; x_wconf 87' lang='grc' dir='ltr'>ὡς</span> 
     </span>
    </p>
   </div>
   <div class='ocr_carea' id='block_1_67' title="bbox 1950 2029 3597 2113">
    <p class='ocr_par' dir='ltr' id='par_1_67' title="bbox 1950 2029 3597 2113">
     <span class='ocr_line' id='line_1_67' title="bbox 1950 2029 3597 2113; baseline 0.004 -29"><span class='ocrx_word' id='word_1_454' title='bbox 1950 2032 1978 2084; x_wconf 87' lang='grc' dir='ltr'>ὁ</span> <span class='ocrx_word' id='word_1_455' title='bbox 2032 2035 2140 2084; x_wconf 82' lang='grc' dir='ltr'>τῶν</span> <span class='ocrx_word' id='word_1_456' title='bbox 2198 2030 2426 2087; x_wconf 81' lang='grc' dir='ltr'>πολλῶν</span> <span class='ocrx_word' id='word_1_457' title='bbox 2488 2032 2653 2107; x_wconf 82' lang='grc' dir='ltr'>λόγος</span> <span class='ocrx_word' id='word_1_458' title='bbox 2707 2029 2846 2108; x_wconf 78' lang='grc' dir='ltr'>ἔχει,</span> <span class='ocrx_word' id='word_1_459' title='bbox 2881 2035 2908 2088; x_wconf 87' lang='grc' dir='ltr'>ὁ</span> <span class='ocrx_word' id='word_1_460' title='bbox 2937 2033 3142 2088; x_wconf 81' lang='grc' dir='ltr'>τούτων</span> <span class='ocrx_word' id='word_1_461' title='bbox 3182 2042 3282 2104; x_wconf 81' lang='grc' dir='ltr'>τῆς</span> <span class='ocrx_word' id='word_1_462' title='bbox 3315 2038 3597 2113; x_wconf 80' lang='grc' dir='ltr'>φάλαγγος</span> 
     </span>
    </p>
   </div>
   <div class='ocr_carea' id='block_1_68' title="bbox 1950 2119 3594 2197">
    <p class='ocr_par' dir='ltr' id='par_1_68' title="bbox 1950 2119 3594 2197">
     <span class='ocr_line' id='line_1_68' title="bbox 1950 2119 3594 2197; baseline 0.004 -25"><span class='ocrx_word' id='word_1_463' title='bbox 1950 2119 2422 2194; x_wconf 68' lang='grc' dir='ltr'>ἐξηγούμενος,’ὀς</span> <span class='ocrx_word' id='word_1_464' title='bbox 2479 2122 2566 2176; x_wconf 81' lang='grc' dir='ltr'>καὶ</span> <span class='ocrx_word' id='word_1_465' title='bbox 2615 2121 2785 2177; x_wconf 83' lang='grc' dir='ltr'>πάλαι</span> <span class='ocrx_word' id='word_1_466' title='bbox 2838 2124 2933 2196; x_wconf 76' lang='grc' dir='ltr'>μὶν</span> <span class='ocrx_word' id='word_1_467' title='bbox 2962 2125 3329 2197; x_wconf 67' lang='grc' dir='ltr'>ὡρμημένους</span> <span class='ocrx_word' id='word_1_468' title='bbox 3380 2124 3594 2197; x_wconf 79' lang='grc' dir='ltr'>αὐτοὺς,</span> 
     </span>
    </p>
   </div>
   <div class='ocr_carea' id='block_1_69' title="bbox 1948 2207 3599 2290">
    <p class='ocr_par' dir='ltr' id='par_1_69' title="bbox 1948 2207 3599 2290">
     <span class='ocr_line' id='line_1_69' title="bbox 1948 2207 3599 2290; baseline 0.003 -28"><span class='ocrx_word' id='word_1_469' title='bbox 1948 2208 2070 2263; x_wconf 79' lang='grc' dir='ltr'>τότε</span> <span class='ocrx_word' id='word_1_470' title='bbox 2103 2207 2148 2263; x_wconf 85' lang='grc' dir='ltr'>δ’</span> <span class='ocrx_word' id='word_1_471' title='bbox 2180 2209 2497 2287; x_wconf 76' lang='grc' dir='ltr'>ἐξαφθέντας</span> <span class='ocrx_word' id='word_1_472' title='bbox 2525 2210 2718 2283; x_wconf 49' lang='grc' dir='ltr'>εἶπλὲον</span> <span class='ocrx_word' id='word_1_473' title='bbox 2781 2212 3053 2274; x_wconf 71' lang='grc' dir='ltr'>ἀνεθέντας</span> <span class='ocrx_word' id='word_1_474' title='bbox 3107 2217 3204 2267; x_wconf 78' lang='grc' dir='ltr'>τοῦ</span> <span class='ocrx_word' id='word_1_475' title='bbox 3261 2210 3455 2290; x_wconf 73' lang='grc' dir='ltr'>φόϐου,</span> <span class='ocrx_word' id='word_1_476' title='bbox 3509 2214 3599 2269; x_wconf 80' lang='grc' dir='ltr'>καὶ</span> 
     </span>
    </p>
   </div>
   <div class='ocr_carea' id='block_1_70' title="bbox 1954 2295 3600 2375">
    <p class='ocr_par' dir='ltr' id='par_1_70' title="bbox 1954 2295 3600 2375">
     <span class='ocr_line' id='line_1_70' title="bbox 1954 2295 3600 2375; baseline 0.004 -24"><span class='ocrx_word' id='word_1_477' title='bbox 1954 2295 2305 2373; x_wconf 76' lang='grc' dir='ltr'>δρασείοντας</span> <span class='ocrx_word' id='word_1_478' title='bbox 2361 2302 2427 2354; x_wconf 77' lang='grc' dir='ltr'>τὰ</span> <span class='ocrx_word' id='word_1_479' title='bbox 2476 2301 2775 2371; x_wconf 77' lang='grc' dir='ltr'>ἀνήκεστα,</span> <span class='ocrx_word' id='word_1_480' title='bbox 2836 2302 2887 2372; x_wconf 79' lang='grc' dir='ltr'>ἐξ</span> <span class='ocrx_word' id='word_1_481' title='bbox 2944 2303 3165 2375; x_wconf 70' lang='grc' dir='ltr'>ἑτοίμου</span> <span class='ocrx_word' id='word_1_482' title='bbox 3236 2304 3455 2374; x_wconf 64' lang='grc' dir='ltr'>ἠρέθισε</span> <span class='ocrx_word' id='word_1_483' title='bbox 3509 2305 3600 2358; x_wconf 85' lang='grc' dir='ltr'>τὸν</span> 
     </span>
    </p>
   </div>
   <div class='ocr_carea' id='block_1_71' title="bbox 1954 2388 3605 2467">
    <p class='ocr_par' dir='ltr' id='par_1_71' title="bbox 1954 2388 3605 2467">
     <span class='ocr_line' id='line_1_71' title="bbox 1954 2388 3605 2467; baseline 0.004 -26"><span class='ocrx_word' id='word_1_484' title='bbox 1954 2389 2116 2465; x_wconf 70' lang='grc' dir='ltr'>φόνον</span> <span class='ocrx_word' id='word_1_485' title='bbox 2175 2388 2544 2462; x_wconf 79' lang='grc' dir='ltr'>ἐπιτολμῆσαι</span> <span class='ocrx_word' id='word_1_486' title='bbox 2596 2392 2783 2466; x_wconf 84' lang='grc' dir='ltr'>καιρὸν</span> <span class='ocrx_word' id='word_1_487' title='bbox 2842 2388 3089 2467; x_wconf 79' lang='grc' dir='ltr'>ἔχοντας.</span> <span class='ocrx_word' id='word_1_488' title='bbox 3154 2393 3316 2448; x_wconf 84' lang='grc' dir='ltr'>Καὶὸ</span> <span class='ocrx_word' id='word_1_489' title='bbox 3349 2392 3511 2466; x_wconf 83' lang='grc' dir='ltr'>λόγος</span> <span class='ocrx_word' id='word_1_490' title='bbox 3545 2392 3605 2447; x_wconf 83' lang='grc' dir='ltr'>ἐκ</span> 
     </span>
    </p>
   </div>
   <div class='ocr_carea' id='block_1_72' title="bbox 1952 2476 3604 2556">
    <p class='ocr_par' dir='ltr' id='par_1_72' title="bbox 1952 2476 3604 2556">
     <span class='ocr_line' id='line_1_72' title="bbox 1952 2476 3604 2556; baseline 0.004 -26"><span class='ocrx_word' id='word_1_491' title='bbox 1952 2482 2058 2531; x_wconf 83' lang='grc' dir='ltr'>τῶν</span> <span class='ocrx_word' id='word_1_492' title='bbox 2118 2476 2336 2553; x_wconf 76' lang='grc' dir='ltr'>ὕστερον</span> <span class='ocrx_word' id='word_1_493' title='bbox 2397 2477 2547 2556; x_wconf 75' lang='grc' dir='ltr'>φέρει</span> <span class='ocrx_word' id='word_1_494' title='bbox 2604 2480 2665 2533; x_wconf 83' lang='grc' dir='ltr'>τὸ</span> <span class='ocrx_word' id='word_1_495' title='bbox 2723 2482 2970 2543; x_wconf 85' lang='grc' dir='ltr'>πιθανόν·</span> <span class='ocrx_word' id='word_1_496' title='bbox 3033 2478 3288 2555; x_wconf 73' lang='grc' dir='ltr'>οὐδὲγὰρ</span> <span class='ocrx_word' id='word_1_497' title='bbox 3330 2480 3604 2554; x_wconf 78' lang='grc' dir='ltr'>ἐτόλμων,</span> 
     </span>
    </p>
   </div>
   <div class='ocr_carea' id='block_1_73' title="bbox 1954 2564 3607 2645">
    <p class='ocr_par' dir='ltr' id='par_1_73' title="bbox 1954 2564 3607 2645">
     <span class='ocr_line' id='line_1_73' title="bbox 1954 2564 3607 2645; baseline 0.001 -24"><span class='ocrx_word' id='word_1_498' title='bbox 1954 2567 2006 2621; x_wconf 78' lang='grc' dir='ltr'>τί</span> <span class='ocrx_word' id='word_1_499' title='bbox 2059 2568 2133 2639; x_wconf 85' lang='grc' dir='ltr'>μή</span> <span class='ocrx_word' id='word_1_500' title='bbox 2163 2588 2310 2628; x_wconf 84' lang='grc' dir='ltr'>τινας</span> <span class='ocrx_word' id='word_1_501' title='bbox 2339 2564 2693 2642; x_wconf 62' lang='grc' dir='ltr'>προϐιϐάσας</span> <span class='ocrx_word' id='word_1_502' title='bbox 2753 2569 2929 2645; x_wconf 76' lang='grc' dir='ltr'>εἶχον,</span> <span class='ocrx_word' id='word_1_503' title='bbox 2960 2568 3280 2634; x_wconf 81' lang='grc' dir='ltr'>ἀλλοεθνεῖς</span> <span class='ocrx_word' id='word_1_504' title='bbox 3322 2566 3471 2631; x_wconf 76' lang='grc' dir='ltr'>ὄντες</span> <span class='ocrx_word' id='word_1_505' title='bbox 3517 2571 3607 2625; x_wconf 82' lang='grc' dir='ltr'>καὶ</span> 
     </span>
    </p>
   </div>
   <div class='ocr_carea' id='block_1_74' title="bbox 1955 2655 3609 2731">
    <p class='ocr_par' dir='ltr' id='par_1_74' title="bbox 1955 2655 3609 2731">
     <span class='ocr_line' id='line_1_74' title="bbox 1955 2655 3609 2731; baseline 0.004 -21"><span class='ocrx_word' id='word_1_506' title='bbox 1955 2657 2018 2710; x_wconf 85' lang='grc' dir='ltr'>τὸ</span> <span class='ocrx_word' id='word_1_507' title='bbox 2048 2657 2214 2710; x_wconf 69' lang='grc' dir='ltr'>πλέον</span> <span class='ocrx_word' id='word_1_508' title='bbox 2246 2655 2538 2726; x_wconf 73' lang='grc' dir='ltr'>ἐπήλυδες,</span> <span class='ocrx_word' id='word_1_509' title='bbox 2582 2664 2692 2716; x_wconf 91' lang='lat' dir='ltr'>etc.</span> <span class='ocrx_word' id='word_1_510' title='bbox 2752 2662 2885 2725; x_wconf 64' lang='lat' dir='ltr'>Qua:</span> <span class='ocrx_word' id='word_1_511' title='bbox 2936 2660 3274 2731; x_wconf 79' lang='lat' dir='ltr'>signiﬁcant</span> <span class='ocrx_word' id='word_1_512' title='bbox 3320 2662 3609 2731; x_wconf 89' lang='lat' dir='ltr'>jactatum</span> 
     </span>
    </p>
   </div>
   <div class='ocr_carea' id='block_1_75' title="bbox 1954 2748 3610 2821">
    <p class='ocr_par' dir='ltr' id='par_1_75' title="bbox 1954 2748 3610 2821">
     <span class='ocr_line' id='line_1_75' title="bbox 1954 2748 3610 2821; baseline 0.003 -21"><span class='ocrx_word' id='word_1_513' title='bbox 1954 2748 2078 2818; x_wconf 89' lang='lat' dir='ltr'>jam</span> <span class='ocrx_word' id='word_1_514' title='bbox 2112 2752 2236 2801; x_wconf 90' lang='lat' dir='ltr'>tum</span> <span class='ocrx_word' id='word_1_515' title='bbox 2280 2749 2508 2803; x_wconf 87' lang='lat' dir='ltr'>arcanis</span> <span class='ocrx_word' id='word_1_516' title='bbox 2568 2749 2833 2804; x_wconf 88' lang='lat' dir='ltr'>susurris</span> <span class='ocrx_word' id='word_1_517' title='bbox 2893 2749 3332 2821; x_wconf 88' lang='lat' dir='ltr'>plerorumque,</span> <span class='ocrx_word' id='word_1_518' title='bbox 3393 2752 3610 2806; x_wconf 76' lang='lat' dir='ltr'>caedem</span> 
     </span>
    </p>
   </div>
   <div class='ocr_carea' id='block_1_76' title="bbox 1962 2835 3606 2911">
    <p class='ocr_par' dir='ltr' id='par_1_76' title="bbox 1962 2835 3606 2911">
     <span class='ocr_line' id='line_1_76' title="bbox 1962 2835 3606 2911; baseline 0.002 -20"><span class='ocrx_word' id='word_1_519' title='bbox 1962 2835 2336 2891; x_wconf 89' lang='lat' dir='ltr'>Muzalonum</span> <span class='ocrx_word' id='word_1_520' title='bbox 2369 2838 2441 2892; x_wconf 91' lang='lat' dir='ltr'>ab</span> <span class='ocrx_word' id='word_1_521' title='bbox 2492 2837 2696 2893; x_wconf 89' lang='lat' dir='ltr'>Italica</span> <span class='ocrx_word' id='word_1_522' title='bbox 2750 2839 3003 2893; x_wconf 87' lang='lat' dir='ltr'>maxime</span> <span class='ocrx_word' id='word_1_523' title='bbox 3053 2839 3264 2893; x_wconf 89' lang='lat' dir='ltr'>militia</span> <span class='ocrx_word' id='word_1_524' title='bbox 3318 2845 3606 2911; x_wconf 88' lang='lat' dir='ltr'>patratam</span> 
     </span>
    </p>
   </div>
   <div class='ocr_carea' id='block_1_77' title="bbox 1964 2924 3611 2998">
    <p class='ocr_par' dir='ltr' id='par_1_77' title="bbox 1964 2924 3611 2998">
     <span class='ocr_line' id='line_1_77' title="bbox 1964 2924 3611 2998; baseline 0.002 -19"><span class='ocrx_word' id='word_1_525' title='bbox 1964 2924 2120 2979; x_wconf 88' lang='lat' dir='ltr'>haud</span> <span class='ocrx_word' id='word_1_526' title='bbox 2153 2925 2279 2980; x_wconf 88' lang='lat' dir='ltr'>sine</span> <span class='ocrx_word' id='word_1_527' title='bbox 2310 2926 2668 2981; x_wconf 89' lang='lat' dir='ltr'>conscientia</span> <span class='ocrx_word' id='word_1_528' title='bbox 2698 2932 2755 2981; x_wconf 93' lang='lat' dir='ltr'>et</span> <span class='ocrx_word' id='word_1_529' title='bbox 2784 2926 2959 2982; x_wconf 89' lang='lat' dir='ltr'>tacito</span> <span class='ocrx_word' id='word_1_530' title='bbox 2989 2927 3252 2998; x_wconf 90' lang='lat' dir='ltr'>impulsu</span> <span class='ocrx_word' id='word_1_531' title='bbox 3286 2928 3456 2983; x_wconf 90' lang='lat' dir='ltr'>ducis</span> <span class='ocrx_word' id='word_1_532' title='bbox 3496 2928 3611 2982; x_wconf 93' lang='lat' dir='ltr'>hu-</span> 
     </span>
    </p>
   </div>
   <div class='ocr_carea' id='block_1_78' title="bbox 1958 3013 3608 3084">
    <p class='ocr_par' dir='ltr' id='par_1_78' title="bbox 1958 3013 3608 3084">
     <span class='ocr_line' id='line_1_78' title="bbox 1958 3013 3608 3084; baseline 0.003 -18"><span class='ocrx_word' id='word_1_533' title='bbox 1958 3014 2059 3082; x_wconf 89' lang='lat' dir='ltr'>jus</span> <span class='ocrx_word' id='word_1_534' title='bbox 2090 3013 2320 3084; x_wconf 87' lang='lat' dir='ltr'>generis</span> <span class='ocrx_word' id='word_1_535' title='bbox 2356 3014 2610 3069; x_wconf 89' lang='lat' dir='ltr'>militum</span> <span class='ocrx_word' id='word_1_536' title='bbox 2641 3014 2822 3069; x_wconf 87' lang='lat' dir='ltr'>videri</span> <span class='ocrx_word' id='word_1_537' title='bbox 2854 3020 3226 3070; x_wconf 87' lang='lat' dir='ltr'>attentatam.</span> <span class='ocrx_word' id='word_1_538' title='bbox 3255 3016 3377 3073; x_wconf 90' lang='lat' dir='ltr'>Non</span> <span class='ocrx_word' id='word_1_539' title='bbox 3403 3017 3486 3071; x_wconf 89' lang='lat' dir='ltr'>ait</span> <span class='ocrx_word' id='word_1_540' title='bbox 3517 3016 3608 3071; x_wconf 88' lang='lat' dir='ltr'>hic</span> 
     </span>
    </p>
   </div>
   <div class='ocr_carea' id='block_1_79' title="bbox 1966 3102 3609 3176">
    <p class='ocr_par' dir='ltr' id='par_1_79' title="bbox 1966 3102 3609 3176">
     <span class='ocr_line' id='line_1_79' title="bbox 1966 3102 3609 3176; baseline 0.002 -20"><span class='ocrx_word' id='word_1_541' title='bbox 1966 3103 2203 3172; x_wconf 89' lang='lat' dir='ltr'>quidem</span> <span class='ocrx_word' id='word_1_542' title='bbox 2238 3102 2583 3158; x_wconf 87' lang='lat' dir='ltr'>nominatim</span> <span class='ocrx_word' id='word_1_543' title='bbox 2617 3104 2754 3174; x_wconf 88' lang='lat' dir='ltr'>quis</span> <span class='ocrx_word' id='word_1_544' title='bbox 2786 3104 2893 3159; x_wconf 92' lang='lat' dir='ltr'>iste</span> <span class='ocrx_word' id='word_1_545' title='bbox 2924 3105 3039 3159; x_wconf 89' lang='lat' dir='ltr'>dux</span> <span class='ocrx_word' id='word_1_546' title='bbox 3072 3104 3247 3159; x_wconf 85' lang='lat' dir='ltr'>fuerit</span> <span class='ocrx_word' id='word_1_547' title='bbox 3270 3106 3401 3172; x_wconf 88' lang='lat' dir='ltr'>;sed</span> <span class='ocrx_word' id='word_1_548' title='bbox 3437 3122 3609 3176; x_wconf 84' lang='lat' dir='ltr'>supe-</span> 
     </span>
    </p>
   </div>
   <div class='ocr_carea' id='block_1_80' title="bbox 1887 3180 3609 3264">
    <p class='ocr_par' dir='ltr' id='par_1_80' title="bbox 1887 3180 3609 3264">
     <span class='ocr_line' id='line_1_80' title="bbox 1887 3180 3609 3264; baseline 0 -17"><span class='ocrx_word' id='word_1_549' title='bbox 1887 3180 1931 3247; x_wconf 86' lang='lat' dir='ltr'>C</span> <span class='ocrx_word' id='word_1_550' title='bbox 1971 3190 2093 3244; x_wconf 91' lang='lat' dir='ltr'>rius</span> <span class='ocrx_word' id='word_1_551' title='bbox 2126 3208 2178 3261; x_wconf 93' lang='lat' dir='ltr'>p.</span> <span class='ocrx_word' id='word_1_552' title='bbox 2212 3191 2270 3245; x_wconf 77' lang='lat'><strong>21</strong></span> <span class='ocrx_word' id='word_1_553' title='bbox 2298 3193 2424 3261; x_wconf 88' lang='lat' dir='ltr'>jam</span> <span class='ocrx_word' id='word_1_554' title='bbox 2458 3192 2682 3246; x_wconf 88' lang='lat' dir='ltr'>dixerat</span> <span class='ocrx_word' id='word_1_555' title='bbox 2732 3191 2962 3247; x_wconf 90' lang='lat' dir='ltr'>Italicas</span> <span class='ocrx_word' id='word_1_556' title='bbox 3011 3209 3216 3248; x_wconf 89' lang='lat' dir='ltr'>omnes</span> <span class='ocrx_word' id='word_1_557' title='bbox 3263 3194 3459 3264; x_wconf 90' lang='lat' dir='ltr'>copias</span> <span class='ocrx_word' id='word_1_558' title='bbox 3508 3193 3609 3247; x_wconf 84' lang='lat' dir='ltr'>Mi-</span> 
     </span>
    </p>
   </div>
   <div class='ocr_carea' id='block_1_81' title="bbox 1966 3279 3613 3352">
    <p class='ocr_par' dir='ltr' id='par_1_81' title="bbox 1966 3279 3613 3352">
     <span class='ocr_line' id='line_1_81' title="bbox 1966 3279 3613 3352; baseline 0.002 -19"><span class='ocrx_word' id='word_1_559' title='bbox 1966 3279 2151 3334; x_wconf 89' lang='lat' dir='ltr'>chaeli</span> <span class='ocrx_word' id='word_1_560' title='bbox 2213 3280 2553 3352; x_wconf 71' lang='lat' dir='ltr'>Palaaologo,</span> <span class='ocrx_word' id='word_1_561' title='bbox 2614 3286 2680 3336; x_wconf 90' lang='lat' dir='ltr'>ut</span> <span class='ocrx_word' id='word_1_562' title='bbox 2737 3297 2949 3352; x_wconf 87' lang='lat' dir='ltr'>magno</span> <span class='ocrx_word' id='word_1_563' title='bbox 3006 3283 3367 3351; x_wconf 87' lang='lat' dir='ltr'>conostaulo,</span> <span class='ocrx_word' id='word_1_564' title='bbox 3430 3283 3613 3337; x_wconf 89' lang='lat' dir='ltr'>fuisse</span> 
     </span>
    </p>
   </div>
   <div class='ocr_carea' id='block_1_82' title="bbox 1967 3370 3617 3443">
    <p class='ocr_par' dir='ltr' id='par_1_82' title="bbox 1967 3370 3617 3443">
     <span class='ocr_line' id='line_1_82' title="bbox 1967 3370 3617 3443; baseline 0.001 -20"><span class='ocrx_word' id='word_1_565' title='bbox 1967 3370 2289 3439; x_wconf 88' lang='lat' dir='ltr'>subjectas.</span> <span class='ocrx_word' id='word_1_566' title='bbox 2324 3370 2487 3426; x_wconf 91' lang='lat' dir='ltr'>Unde</span> <span class='ocrx_word' id='word_1_567' title='bbox 2518 3376 2745 3426; x_wconf 88' lang='lat' dir='ltr'>constat</span> <span class='ocrx_word' id='word_1_568' title='bbox 2771 3370 2880 3426; x_wconf 92' lang='lat' dir='ltr'>hoc</span> <span class='ocrx_word' id='word_1_569' title='bbox 2918 3370 3042 3426; x_wconf 88' lang='lat' dir='ltr'>loco</span> <span class='ocrx_word' id='word_1_570' title='bbox 3074 3372 3449 3443; x_wconf 88' lang='lat' dir='ltr'>designatum</span> <span class='ocrx_word' id='word_1_571' title='bbox 3508 3372 3617 3427; x_wconf 93' lang='lat' dir='ltr'>Mi-</span> 
     </span>
    </p>
   </div>
   <div class='ocr_carea' id='block_1_83' title="bbox 1968 3457 3619 3529">
    <p class='ocr_par' dir='ltr' id='par_1_83' title="bbox 1968 3457 3619 3529">
     <span class='ocr_line' id='line_1_83' title="bbox 1968 3457 3619 3529; baseline 0.002 -17"><span class='ocrx_word' id='word_1_572' title='bbox 1968 3457 2251 3527; x_wconf 89' lang='lat' dir='ltr'>chaelem,</span> <span class='ocrx_word' id='word_1_573' title='bbox 2284 3460 2455 3515; x_wconf 84' lang='lat' dir='ltr'>tacito</span> <span class='ocrx_word' id='word_1_574' title='bbox 2485 3464 2681 3514; x_wconf 91' lang='lat' dir='ltr'>tamen</span> <span class='ocrx_word' id='word_1_575' title='bbox 2713 3461 2841 3529; x_wconf 87' lang='lat' dir='ltr'>ejus</span> <span class='ocrx_word' id='word_1_576' title='bbox 2885 3460 3142 3529; x_wconf 90' lang='lat' dir='ltr'>nomine,</span> <span class='ocrx_word' id='word_1_577' title='bbox 3192 3462 3263 3515; x_wconf 87' lang='lat' dir='ltr'>ad</span> <span class='ocrx_word' id='word_1_578' title='bbox 3316 3461 3619 3515; x_wconf 86' lang='lat' dir='ltr'>vitandam</span> 
     </span>
    </p>
   </div>
   <div class='ocr_carea' id='block_1_84' title="bbox 1969 3548 3251 3620">
    <p class='ocr_par' dir='ltr' id='par_1_84' title="bbox 1969 3548 3251 3620">
     <span class='ocr_line' id='line_1_84' title="bbox 1969 3548 3251 3620; baseline 0 -17"><span class='ocrx_word' id='word_1_579' title='bbox 1969 3548 2193 3603; x_wconf 88' lang='lat' dir='ltr'>scilicet</span> <span class='ocrx_word' id='word_1_580' title='bbox 2223 3549 2603 3604; x_wconf 73' lang='lat' dir='ltr'>offensionem</span> <span class='ocrx_word' id='word_1_581' title='bbox 2637 3549 2985 3620; x_wconf 85' lang='lat' dir='ltr'>imperantis</span> <span class='ocrx_word' id='word_1_582' title='bbox 3018 3551 3251 3605; x_wconf 90' lang='lat' dir='ltr'>domus.</span> 
     </span>
    </p>
   </div>
   <div class='ocr_carea' id='block_1_85' title="bbox 2042 3654 3621 3725">
    <p class='ocr_par' dir='ltr' id='par_1_85' title="bbox 2042 3654 3621 3725">
     <span class='ocr_line' id='line_1_85' title="bbox 2042 3654 3621 3725; baseline 0.003 -19"><span class='ocrx_word' id='word_1_583' title='bbox 2042 3657 2179 3723; x_wconf 88' lang='lat' dir='ltr'>Pag.</span> <span class='ocrx_word' id='word_1_584' title='bbox 2214 3655 2301 3707; x_wconf 87' lang='grc'>49.</span> <span class='ocrx_word' id='word_1_585' title='bbox 2337 3654 2502 3725; x_wconf 83' lang='lat' dir='ltr'>Cujus</span> <span class='ocrx_word' id='word_1_586' title='bbox 2552 3658 2747 3709; x_wconf 74' lang='lat' dir='ltr'>uxoris</span> <span class='ocrx_word' id='word_1_587' title='bbox 2787 3657 3125 3710; x_wconf 84' lang='lat' dir='ltr'>avunculum</span> <span class='ocrx_word' id='word_1_588' title='bbox 3171 3674 3228 3710; x_wconf 83' lang='lat' dir='ltr'>se</span> <span class='ocrx_word' id='word_1_589' title='bbox 3278 3658 3621 3712; x_wconf 80' lang='lat' dir='ltr'>meminerat.</span> 
     </span>
    </p>
   </div>
   <div class='ocr_carea' id='block_1_86' title="bbox 1971 3742 3619 3816">
    <p class='ocr_par' dir='ltr' id='par_1_86' title="bbox 1971 3742 3619 3816">
     <span class='ocr_line' id='line_1_86' title="bbox 1971 3742 3619 3816; baseline 0.002 -20"><span class='ocrx_word' id='word_1_590' title='bbox 1971 3742 2290 3813; x_wconf 90' lang='lat' dir='ltr'>Conjugem</span> <span class='ocrx_word' id='word_1_591' title='bbox 2350 3743 2774 3812; x_wconf 87' lang='lat' dir='ltr'>protovestiarii</span> <span class='ocrx_word' id='word_1_592' title='bbox 2839 3744 3162 3799; x_wconf 87' lang='lat' dir='ltr'>Muzalonis</span> <span class='ocrx_word' id='word_1_593' title='bbox 3222 3745 3526 3816; x_wconf 90' lang='lat' dir='ltr'>Gregoras,</span> <span class='ocrx_word' id='word_1_594' title='bbox 3581 3745 3619 3799; x_wconf 93' lang='lat' dir='ltr'>l.</span> 
     </span>
    </p>
   </div>
   <div class='ocr_carea' id='block_1_87' title="bbox 1972 3831 3617 3903">
    <p class='ocr_par' dir='ltr' id='par_1_87' title="bbox 1972 3831 3617 3903">
     <span class='ocr_line' id='line_1_87' title="bbox 1972 3831 3617 3903; baseline 0.002 -20"><span class='ocrx_word' id='word_1_595' title='bbox 1972 3847 2056 3895; x_wconf 87' lang='grc' dir='ltr'>ιιι,</span> <span class='ocrx_word' id='word_1_596' title='bbox 2092 3847 2222 3901; x_wconf 91' lang='lat' dir='ltr'>pag.</span> <span class='ocrx_word' id='word_1_597' title='bbox 2256 3832 2347 3899; x_wconf 86' lang='lat'>29,</span> <span class='ocrx_word' id='word_1_598' title='bbox 2382 3831 2574 3885; x_wconf 89' lang='lat' dir='ltr'>solum</span> <span class='ocrx_word' id='word_1_599' title='bbox 2606 3832 2687 3885; x_wconf 88' lang='lat' dir='ltr'>ait</span> <span class='ocrx_word' id='word_1_600' title='bbox 2712 3831 3168 3901; x_wconf 87' lang='lat' dir='ltr'>eximperatorio</span> <span class='ocrx_word' id='word_1_601' title='bbox 3186 3848 3397 3903; x_wconf 86' lang='lat' dir='ltr'>genere</span> <span class='ocrx_word' id='word_1_602' title='bbox 3418 3833 3617 3888; x_wconf 85' lang='lat' dir='ltr'>fuisse:</span> 
     </span>
    </p>
   </div>
   <div class='ocr_carea' id='block_1_88' title="bbox 1971 3919 3621 3991">
    <p class='ocr_par' dir='ltr' id='par_1_88' title="bbox 1971 3919 3621 3991">
     <span class='ocr_line' id='line_1_88' title="bbox 1971 3919 3621 3991; baseline 0.001 -18"><span class='ocrx_word' id='word_1_603' title='bbox 1971 3924 2202 3990; x_wconf 87' lang='lat' dir='ltr'>gentem</span> <span class='ocrx_word' id='word_1_604' title='bbox 2237 3936 2350 3973; x_wconf 89' lang='lat' dir='ltr'>non</span> <span class='ocrx_word' id='word_1_605' title='bbox 2383 3920 2675 3990; x_wconf 75' lang='lat' dir='ltr'>eXprimit.</span> <span class='ocrx_word' id='word_1_606' title='bbox 2715 3919 3059 3990; x_wconf 87' lang='lat' dir='ltr'>Diligentius</span> <span class='ocrx_word' id='word_1_607' title='bbox 3108 3925 3303 3974; x_wconf 88' lang='lat' dir='ltr'>noster</span> <span class='ocrx_word' id='word_1_608' title='bbox 3343 3922 3469 3991; x_wconf 91' lang='lat' dir='ltr'>jam</span> <span class='ocrx_word' id='word_1_609' title='bbox 3519 3938 3621 3975; x_wconf 89' lang='lat' dir='ltr'>su-</span> 
     </span>
    </p>
   </div>
   <div class='ocr_carea' id='block_1_89' title="bbox 1973 4007 3616 4080">
    <p class='ocr_par' dir='ltr' id='par_1_89' title="bbox 1973 4007 3616 4080">
     <span class='ocr_line' id='line_1_89' title="bbox 1973 4007 3616 4080; baseline 0.001 -18"><span class='ocrx_word' id='word_1_610' title='bbox 1973 4008 2192 4080; x_wconf 90' lang='lat' dir='ltr'>perius,</span> <span class='ocrx_word' id='word_1_611' title='bbox 2227 4009 2396 4078; x_wconf 71' lang='lat' dir='ltr'>p.24,</span> <span class='ocrx_word' id='word_1_612' title='bbox 2438 4009 2757 4078; x_wconf 72' lang='lat' dir='ltr'>scripserat</span> <span class='ocrx_word' id='word_1_613' title='bbox 2804 4008 2985 4062; x_wconf 84' lang='lat' dir='ltr'>fuisse</span> <span class='ocrx_word' id='word_1_614' title='bbox 3044 4007 3203 4063; x_wconf 91' lang='lat' dir='ltr'>illam</span> <span class='ocrx_word' id='word_1_615' title='bbox 3265 4008 3616 4063; x_wconf 89' lang='lat' dir='ltr'>Cantacuze-</span> 
     </span>
    </p>
   </div>
   <div class='ocr_carea' id='block_1_90' title="bbox 1973 4095 3617 4168">
    <p class='ocr_par' dir='ltr' id='par_1_90' title="bbox 1973 4095 3617 4168">
     <span class='ocr_line' id='line_1_90' title="bbox 1973 4095 3617 4168; baseline 0 -17"><span class='ocrx_word' id='word_1_616' title='bbox 1973 4113 2107 4151; x_wconf 89' lang='lat' dir='ltr'>nam</span> <span class='ocrx_word' id='word_1_617' title='bbox 2142 4113 2209 4150; x_wconf 87' lang='lat' dir='ltr'>ex</span> <span class='ocrx_word' id='word_1_618' title='bbox 2234 4102 2393 4166; x_wconf 87' lang='lat' dir='ltr'>patre</span> <span class='ocrx_word' id='word_1_619' title='bbox 2425 4095 2725 4150; x_wconf 90' lang='lat' dir='ltr'>Michaelis</span> <span class='ocrx_word' id='word_1_620' title='bbox 2749 4096 3056 4166; x_wconf 71' lang='lat' dir='ltr'>Palzeologi</span> <span class='ocrx_word' id='word_1_621' title='bbox 3090 4112 3286 4151; x_wconf 90' lang='lat' dir='ltr'>sorore</span> <span class='ocrx_word' id='word_1_622' title='bbox 3335 4098 3617 4168; x_wconf 87' lang='lat' dir='ltr'>genitam,</span> 
     </span>
    </p>
   </div>
   <div class='ocr_carea' id='block_1_91' title="bbox 1972 4185 3620 4257">
    <p class='ocr_par' dir='ltr' id='par_1_91' title="bbox 1972 4185 3620 4257">
     <span class='ocr_line' id='line_1_91' title="bbox 1972 4185 3620 4257; baseline -0.001 -17"><span class='ocrx_word' id='word_1_623' title='bbox 1972 4186 2207 4241; x_wconf 89' lang='lat' dir='ltr'>nomine</span> <span class='ocrx_word' id='word_1_624' title='bbox 2234 4185 2616 4240; x_wconf 81' lang='lat' dir='ltr'>Theodoram.</span> <span class='ocrx_word' id='word_1_625' title='bbox 2651 4185 2798 4239; x_wconf 91' lang='lat' dir='ltr'>Vere</span> <span class='ocrx_word' id='word_1_626' title='bbox 2830 4200 2966 4257; x_wconf 88' lang='lat' dir='ltr'>ergo</span> <span class='ocrx_word' id='word_1_627' title='bbox 2997 4185 3202 4241; x_wconf 88' lang='lat' dir='ltr'>scribit</span> <span class='ocrx_word' id='word_1_628' title='bbox 3223 4191 3423 4240; x_wconf 88' lang='lat' dir='ltr'>noster</span> <span class='ocrx_word' id='word_1_629' title='bbox 3451 4191 3505 4239; x_wconf 88' lang='lat' dir='ltr'>et</span> <span class='ocrx_word' id='word_1_630' title='bbox 3528 4186 3620 4240; x_wconf 91' lang='lat' dir='ltr'>hic</span> 
     </span>
    </p>
   </div>
   <div class='ocr_carea' id='block_1_92' title="bbox 1972 4270 3622 4346">
    <p class='ocr_par' dir='ltr' id='par_1_92' title="bbox 1972 4270 3622 4346">
     <span class='ocr_line' id='line_1_92' title="bbox 1972 4270 3622 4346; baseline -0.004 -14"><span class='ocrx_word' id='word_1_631' title='bbox 1972 4281 2029 4332; x_wconf 88' lang='lat' dir='ltr'>et</span> <span class='ocrx_word' id='word_1_632' title='bbox 2059 4276 2168 4330; x_wconf 90' lang='lat' dir='ltr'>sub</span> <span class='ocrx_word' id='word_1_633' title='bbox 2201 4274 2375 4328; x_wconf 88' lang='lat' dir='ltr'>finem</span> <span class='ocrx_word' id='word_1_634' title='bbox 2412 4292 2465 4345; x_wconf 90' lang='lat' dir='ltr'>p.</span> <span class='ocrx_word' id='word_1_635' title='bbox 2498 4276 2587 4341; x_wconf 85' lang='lat'>62,</span> <span class='ocrx_word' id='word_1_636' title='bbox 2624 4274 2968 4329; x_wconf 89' lang='lat' dir='ltr'>Michaelem</span> <span class='ocrx_word' id='word_1_637' title='bbox 3020 4274 3409 4346; x_wconf 70' lang='lat' dir='ltr'>Palaeologum</span> <span class='ocrx_word' id='word_1_638' title='bbox 3452 4270 3622 4341; x_wconf 81' lang='grc' dir='ltr'>θέῖον,</span> 
     </span>
    </p>
   </div>
   <div class='ocr_carea' id='block_1_93' title="bbox 1974 4362 3625 4426">
    <p class='ocr_par' dir='ltr' id='par_1_93' title="bbox 1974 4362 3625 4426">
     <span class='ocr_line' id='line_1_93' title="bbox 1974 4362 3625 4426; baseline -0.001 -7"><span class='ocrx_word' id='word_1_639' title='bbox 1974 4364 2084 4419; x_wconf 92' lang='lat' dir='ltr'>hoc</span> <span class='ocrx_word' id='word_1_640' title='bbox 2114 4368 2203 4418; x_wconf 88' lang='lat' dir='ltr'>est</span> <span class='ocrx_word' id='word_1_641' title='bbox 2233 4362 2589 4417; x_wconf 78' lang='lat' dir='ltr'>avunculum</span> <span class='ocrx_word' id='word_1_642' title='bbox 2625 4363 2807 4419; x_wconf 85' lang='lat' dir='ltr'>fuisse</span> <span class='ocrx_word' id='word_1_643' title='bbox 2838 4364 3031 4418; x_wconf 85' lang='lat' dir='ltr'>uxoris</span> <span class='ocrx_word' id='word_1_644' title='bbox 3066 4362 3405 4418; x_wconf 90' lang='lat' dir='ltr'>Muzalonis.</span> <span class='ocrx_word' id='word_1_645' title='bbox 3432 4363 3625 4426; x_wconf 81' lang='lat' dir='ltr'>Quan-</span> 
     </span>
    </p>
   </div>
   <div class='ocr_carea' id='block_1_94' title="bbox 1975 4452 3627 4525">
    <p class='ocr_par' dir='ltr' id='par_1_94' title="bbox 1975 4452 3627 4525">
     <span class='ocr_line' id='line_1_94' title="bbox 1975 4452 3627 4525; baseline 0.001 -18"><span class='ocrx_word' id='word_1_646' title='bbox 1975 4469 2147 4525; x_wconf 87' lang='lat' dir='ltr'>quam</span> <span class='ocrx_word' id='word_1_647' title='bbox 2182 4452 2327 4507; x_wconf 84' lang='lat' dir='ltr'>mihi</span> <span class='ocrx_word' id='word_1_648' title='bbox 2355 4452 2728 4520; x_wconf 83' lang='lat' dir='ltr'>posteriorem</span> <span class='ocrx_word' id='word_1_649' title='bbox 2763 4453 2951 4508; x_wconf 90' lang='lat' dir='ltr'>locum</span> <span class='ocrx_word' id='word_1_650' title='bbox 2988 4453 3399 4525; x_wconf 87' lang='lat' dir='ltr'>interpretanti</span> <span class='ocrx_word' id='word_1_651' title='bbox 3438 4454 3627 4523; x_wconf 87' lang='lat' dir='ltr'>patrui</span> 
     </span>
    </p>
   </div>
   <div class='ocr_carea' id='block_1_95' title="bbox 204 4542 1828 4635">
    <p class='ocr_par' dir='ltr' id='par_1_95' title="bbox 204 4563 1828 4635">
     <span class='ocr_line' id='line_1_95' title="bbox 204 4563 1828 4635; baseline -0.004 -13"><span class='ocrx_word' id='word_1_652' title='bbox 204 4567 504 4631; x_wconf 89' lang='lat' dir='ltr'>locutum,</span> <span class='ocrx_word' id='word_1_653' title='bbox 535 4571 661 4619; x_wconf 90' lang='lat' dir='ltr'>tum</span> <span class='ocrx_word' id='word_1_654' title='bbox 711 4563 862 4619; x_wconf 90' lang='lat' dir='ltr'>serio</span> <span class='ocrx_word' id='word_1_655' title='bbox 905 4564 1281 4635; x_wconf 89' lang='lat' dir='ltr'>deprecatum</span> <span class='ocrx_word' id='word_1_656' title='bbox 1346 4563 1559 4618; x_wconf 91' lang='lat' dir='ltr'>nimios</span> <span class='ocrx_word' id='word_1_657' title='bbox 1618 4563 1828 4617; x_wconf 88' lang='lat' dir='ltr'>honore</span> 
     </span>
    </p>
   </div>
   <div class='ocr_carea' id='block_1_96' title="bbox 1965 4542 3628 4635">
    <p class='ocr_par' dir='ltr' id='par_1_96' title="bbox 1977 4542 3628 4615">
     <span class='ocr_line' id='line_1_96' title="bbox 1977 4542 3628 4615; baseline -0.001 -17"><span class='ocrx_word' id='word_1_658' title='bbox 1977 4542 2330 4598; x_wconf 91' lang='lat' dir='ltr'>vocabulum</span> <span class='ocrx_word' id='word_1_659' title='bbox 2387 4558 2491 4614; x_wconf 89' lang='lat' dir='ltr'>pro</span> <span class='ocrx_word' id='word_1_660' title='bbox 2561 4542 2847 4598; x_wconf 91' lang='lat' dir='ltr'>avunculo</span> <span class='ocrx_word' id='word_1_661' title='bbox 2905 4542 3155 4611; x_wconf 89' lang='lat' dir='ltr'>excidit;</span> <span class='ocrx_word' id='word_1_662' title='bbox 3215 4544 3370 4613; x_wconf 91' lang='lat' dir='ltr'>quod</span> <span class='ocrx_word' id='word_1_663' title='bbox 3421 4559 3628 4615; x_wconf 88' lang='lat' dir='ltr'>precor</span> 
     </span>
    </p>
   </div>
   <div class='ocr_carea' id='block_1_97' title="bbox 205 4650 1864 4729">
    <p class='ocr_par' dir='ltr' id='par_1_97' title="bbox 205 4650 1864 4729">
     <span class='ocr_line' id='line_1_97' title="bbox 205 4650 1864 4729; baseline -0.002 -20"><span class='ocrx_word' id='word_1_664' title='bbox 205 4654 433 4729; x_wconf 88' lang='lat' dir='ltr'>quibus</span> <span class='ocrx_word' id='word_1_665' title='bbox 464 4658 619 4709; x_wconf 90' lang='lat' dir='ltr'>esset</span> <span class='ocrx_word' id='word_1_666' title='bbox 650 4653 826 4707; x_wconf 92' lang='lat' dir='ltr'>homo</span> <span class='ocrx_word' id='word_1_667' title='bbox 875 4668 1065 4707; x_wconf 91' lang='lat' dir='ltr'>novus</span> <span class='ocrx_word' id='word_1_668' title='bbox 1123 4651 1508 4707; x_wconf 89' lang='lat' dir='ltr'>nobilissimis</span> <span class='ocrx_word' id='word_1_669' title='bbox 1567 4650 1864 4723; x_wconf 62' lang='lat' dir='ltr'>praelatus,</span> 
     </span>
    </p>
   </div>
   <div class='ocr_carea' id='block_1_98' title="bbox 204 4738 1866 4811">
    <p class='ocr_par' dir='ltr' id='par_1_98' title="bbox 204 4738 1866 4811">
     <span class='ocr_line' id='line_1_98' title="bbox 204 4738 1866 4811; baseline -0.002 -11"><span class='ocrx_word' id='word_1_670' title='bbox 204 4744 371 4800; x_wconf 87' lang='lat' dir='ltr'>ultro</span> <span class='ocrx_word' id='word_1_671' title='bbox 404 4742 839 4797; x_wconf 88' lang='lat' dir='ltr'>abdicationem</span> <span class='ocrx_word' id='word_1_672' title='bbox 880 4740 1414 4797; x_wconf 89' lang='lat' dir='ltr'>administrationis</span> <span class='ocrx_word' id='word_1_673' title='bbox 1443 4738 1773 4811; x_wconf 66' lang='lat' dir='ltr'>reipublicaa</span> <span class='ocrx_word' id='word_1_674' title='bbox 1808 4746 1866 4796; x_wconf 91' lang='lat' dir='ltr'>et</span> 
     </span>
    </p>
   </div>
   <div class='ocr_carea' id='block_1_99' title="bbox 204 4829 1865 4901">
    <p class='ocr_par' dir='ltr' id='par_1_99' title="bbox 204 4829 1865 4901">
     <span class='ocr_line' id='line_1_99' title="bbox 204 4829 1865 4901; baseline -0.002 -14"><span class='ocrx_word' id='word_1_675' title='bbox 204 4832 412 4887; x_wconf 67' lang='lat' dir='ltr'>tutelas</span> <span class='ocrx_word' id='word_1_676' title='bbox 444 4830 609 4900; x_wconf 87' lang='lat' dir='ltr'>pueri</span> <span class='ocrx_word' id='word_1_677' title='bbox 656 4830 908 4901; x_wconf 89' lang='lat' dir='ltr'>Augusti</span> <span class='ocrx_word' id='word_1_678' title='bbox 956 4829 1265 4885; x_wconf 90' lang='lat' dir='ltr'>obtulisse.</span> <span class='ocrx_word' id='word_1_679' title='bbox 1297 4830 1455 4886; x_wconf 90' lang='lat' dir='ltr'>Unde</span> <span class='ocrx_word' id='word_1_680' title='bbox 1487 4833 1724 4900; x_wconf 88' lang='lat' dir='ltr'>apparet</span> <span class='ocrx_word' id='word_1_681' title='bbox 1775 4829 1865 4883; x_wconf 91' lang='lat' dir='ltr'>vel</span> 
     </span>
    </p>
   </div>
   <div class='ocr_carea' id='block_1_100' title="bbox 203 4915 1863 4991">
    <p class='ocr_par' dir='ltr' id='par_1_100' title="bbox 203 4915 1863 4991">
     <span class='ocr_line' id='line_1_100' title="bbox 203 4915 1863 4991; baseline -0.003 -15"><span class='ocrx_word' id='word_1_682' title='bbox 203 4920 367 4977; x_wconf 86' lang='lat' dir='ltr'>hanc</span> <span class='ocrx_word' id='word_1_683' title='bbox 398 4935 527 4974; x_wconf 90' lang='lat' dir='ltr'>esse</span> <span class='ocrx_word' id='word_1_684' title='bbox 557 4918 747 4990; x_wconf 87' lang='lat' dir='ltr'>ipsam</span> <span class='ocrx_word' id='word_1_685' title='bbox 787 4915 1119 4991; x_wconf 78' lang='grc' dir='ltr'>αὐτόχρημα</span> <span class='ocrx_word' id='word_1_686' title='bbox 1160 4917 1482 4973; x_wconf 83' lang='lat' dir='ltr'>Muzalonis</span> <span class='ocrx_word' id='word_1_687' title='bbox 1514 4917 1863 4983; x_wconf 87' lang='lat' dir='ltr'>orationem,</span> 
     </span>
    </p>
   </div>
   <div class='ocr_carea' id='block_1_101' title="bbox 205 5005 1863 5080">
    <p class='ocr_par' dir='ltr' id='par_1_101' title="bbox 205 5005 1863 5080">
     <span class='ocr_line' id='line_1_101' title="bbox 205 5005 1863 5080; baseline -0.002 -15"><span class='ocrx_word' id='word_1_688' title='bbox 205 5011 388 5080; x_wconf 89' lang='lat' dir='ltr'>cujus</span> <span class='ocrx_word' id='word_1_689' title='bbox 406 5008 738 5079; x_wconf 86' lang='lat' dir='ltr'>exemplum</span> <span class='ocrx_word' id='word_1_690' title='bbox 765 5008 1143 5080; x_wconf 79' lang='lat' dir='ltr'>Pacbymeres</span> <span class='ocrx_word' id='word_1_691' title='bbox 1172 5011 1380 5061; x_wconf 90' lang='lat' dir='ltr'>nactus</span> <span class='ocrx_word' id='word_1_692' title='bbox 1403 5005 1539 5060; x_wconf 91' lang='lat' dir='ltr'>huic</span> <span class='ocrx_word' id='word_1_693' title='bbox 1566 5005 1691 5060; x_wconf 95' lang='lat' dir='ltr'>loco</span> <span class='ocrx_word' id='word_1_694' title='bbox 1710 5006 1863 5061; x_wconf 87' lang='lat' dir='ltr'>inse-</span> 
     </span>
    </p>
   </div>
   <div class='ocr_carea' id='block_1_102' title="bbox 208 5094 1861 5168">
    <p class='ocr_par' dir='ltr' id='par_1_102' title="bbox 208 5094 1861 5168">
     <span class='ocr_line' id='line_1_102' title="bbox 208 5094 1861 5168; baseline -0.004 -13"><span class='ocrx_word' id='word_1_695' title='bbox 208 5097 421 5163; x_wconf 87' lang='lat' dir='ltr'>ruerit,</span> <span class='ocrx_word' id='word_1_696' title='bbox 471 5097 557 5152; x_wconf 89' lang='lat' dir='ltr'>vcl</span> <span class='ocrx_word' id='word_1_697' title='bbox 611 5097 658 5152; x_wconf 89' lang='lat' dir='ltr'>si</span> <span class='ocrx_word' id='word_1_698' title='bbox 719 5096 790 5151; x_wconf 91' lang='lat' dir='ltr'>ab</span> <span class='ocrx_word' id='word_1_699' title='bbox 847 5097 977 5168; x_wconf 89' lang='lat' dir='ltr'>ipso</span> <span class='ocrx_word' id='word_1_700' title='bbox 1005 5094 1336 5165; x_wconf 78' lang='lat' dir='ltr'>conscripta</span> <span class='ocrx_word' id='word_1_701' title='bbox 1368 5098 1458 5149; x_wconf 86' lang='lat' dir='ltr'>est</span> <span class='ocrx_word' id='word_1_702' title='bbox 1489 5094 1861 5166; x_wconf 83' lang='lat' dir='ltr'>Pachymere,</span> 
     </span>
    </p>
   </div>
   <div class='ocr_carea' id='block_1_103' title="bbox 207 5183 1865 5259">
    <p class='ocr_par' dir='ltr' id='par_1_103' title="bbox 207 5183 1865 5259">
     <span class='ocr_line' id='line_1_103' title="bbox 207 5183 1865 5259; baseline -0.002 -16"><span class='ocrx_word' id='word_1_703' title='bbox 207 5192 349 5259; x_wconf 86' lang='lat' dir='ltr'>apte</span> <span class='ocrx_word' id='word_1_704' title='bbox 382 5185 455 5240; x_wconf 91' lang='lat' dir='ltr'>ab</span> <span class='ocrx_word' id='word_1_705' title='bbox 490 5201 556 5239; x_wconf 89' lang='lat' dir='ltr'>eo</span> <span class='ocrx_word' id='word_1_706' title='bbox 607 5186 676 5239; x_wconf 89' lang='lat' dir='ltr'>ad</span> <span class='ocrx_word' id='word_1_707' title='bbox 728 5202 925 5240; x_wconf 90' lang='lat' dir='ltr'>vervm</span> <span class='ocrx_word' id='word_1_708' title='bbox 987 5185 1375 5249; x_wconf 85' lang='lat' dir='ltr'>el&#39;l&#39;ormatam,</span> <span class='ocrx_word' id='word_1_709' title='bbox 1433 5183 1765 5253; x_wconf 88' lang='lat' dir='ltr'>Acropolita</span> <span class='ocrx_word' id='word_1_710' title='bbox 1796 5185 1865 5239; x_wconf 90' lang='lat' dir='ltr'>de</span> 
     </span>
    </p>
   </div>
   <div class='ocr_carea' id='block_1_104' title="bbox 207 5273 1868 5346">
    <p class='ocr_par' dir='ltr' id='par_1_104' title="bbox 207 5273 1868 5346">
     <span class='ocr_line' id='line_1_104' title="bbox 207 5273 1868 5346; baseline -0.003 -14"><span class='ocrx_word' id='word_1_711' title='bbox 207 5277 311 5332; x_wconf 90' lang='lat' dir='ltr'>his</span> <span class='ocrx_word' id='word_1_712' title='bbox 344 5274 499 5339; x_wconf 90' lang='lat' dir='ltr'>silet,</span> <span class='ocrx_word' id='word_1_713' title='bbox 530 5291 595 5329; x_wconf 88' lang='lat' dir='ltr'>ac</span> <span class='ocrx_word' id='word_1_714' title='bbox 627 5274 858 5330; x_wconf 88' lang='lat' dir='ltr'>solitam</span> <span class='ocrx_word' id='word_1_715' title='bbox 892 5274 1259 5346; x_wconf 88' lang='lat' dir='ltr'>diligentiam</span> <span class='ocrx_word' id='word_1_716' title='bbox 1295 5273 1590 5327; x_wconf 87' lang='lat' dir='ltr'>remittere</span> <span class='ocrx_word' id='word_1_717' title='bbox 1638 5273 1868 5327; x_wconf 88' lang='lat' dir='ltr'>videtur</span> 
     </span>
    </p>
   </div>
   <div class='ocr_carea' id='block_1_105' title="bbox 208 5361 1865 5434">
    <p class='ocr_par' dir='ltr' id='par_1_105' title="bbox 208 5361 1865 5434">
     <span class='ocr_line' id='line_1_105' title="bbox 208 5361 1865 5434; baseline -0.003 -14"><span class='ocrx_word' id='word_1_718' title='bbox 208 5366 273 5420; x_wconf 91' lang='lat' dir='ltr'>in</span> <span class='ocrx_word' id='word_1_719' title='bbox 312 5364 446 5420; x_wconf 87' lang='lat' dir='ltr'>istis</span> <span class='ocrx_word' id='word_1_720' title='bbox 480 5362 917 5434; x_wconf 83' lang='lat' dir='ltr'>initiisimperii</span> <span class='ocrx_word' id='word_1_721' title='bbox 969 5362 1293 5429; x_wconf 89' lang='lat' dir='ltr'>Michaelis,</span> <span class='ocrx_word' id='word_1_722' title='bbox 1349 5361 1563 5429; x_wconf 86' lang='lat' dir='ltr'>vitans,</span> <span class='ocrx_word' id='word_1_723' title='bbox 1618 5366 1684 5416; x_wconf 90' lang='lat' dir='ltr'>ut</span> <span class='ocrx_word' id='word_1_724' title='bbox 1739 5363 1865 5433; x_wconf 90' lang='lat' dir='ltr'>opi-</span> 
     </span>
    </p>
   </div>
   <div class='ocr_carea' id='block_1_106' title="bbox 212 5449 1865 5523">
    <p class='ocr_par' dir='ltr' id='par_1_106' title="bbox 212 5449 1865 5523">
     <span class='ocr_line' id='line_1_106' title="bbox 212 5449 1865 5523; baseline -0.002 -14"><span class='ocrx_word' id='word_1_725' title='bbox 212 5471 348 5519; x_wconf 89' lang='lat' dir='ltr'>nor,</span> <span class='ocrx_word' id='word_1_726' title='bbox 400 5457 679 5523; x_wconf 86' lang='lat' dir='ltr'>tanquam</span> <span class='ocrx_word' id='word_1_727' title='bbox 732 5451 1038 5523; x_wconf 90' lang='lat' dir='ltr'>scopulum</span> <span class='ocrx_word' id='word_1_728' title='bbox 1093 5451 1377 5505; x_wconf 79' lang='lat' dir='ltr'>nefariam</span> <span class='ocrx_word' id='word_1_729' title='bbox 1422 5449 1865 5521; x_wconf 89' lang='lat' dir='ltr'>oppressionem</span> 
     </span>
    </p>
   </div>
   <div class='ocr_carea' id='block_1_107' title="bbox 209 5538 1865 5616">
    <p class='ocr_par' dir='ltr' id='par_1_107' title="bbox 209 5538 1865 5616">
     <span class='ocr_line' id='line_1_107' title="bbox 209 5538 1865 5616; baseline -0.001 -18"><span class='ocrx_word' id='word_1_730' title='bbox 209 5540 431 5616; x_wconf 90' lang='lat' dir='ltr'>pupilli</span> <span class='ocrx_word' id='word_1_731' title='bbox 457 5541 728 5609; x_wconf 86' lang='lat' dir='ltr'>Joannis,</span> <span class='ocrx_word' id='word_1_732' title='bbox 763 5557 833 5597; x_wconf 90' lang='lat' dir='ltr'>ne</span> <span class='ocrx_word' id='word_1_733' title='bbox 865 5540 1280 5612; x_wconf 86' lang='lat' dir='ltr'>imperatorem</span> <span class='ocrx_word' id='word_1_734' title='bbox 1310 5538 1671 5603; x_wconf 89' lang='lat' dir='ltr'>Michaelem,</span> <span class='ocrx_word' id='word_1_735' title='bbox 1697 5541 1865 5611; x_wconf 90' lang='lat' dir='ltr'>cujus</span> 
     </span>
    </p>
   </div>
   <div class='ocr_carea' id='block_1_108' title="bbox 214 5628 1864 5703">
    <p class='ocr_par' dir='ltr' id='par_1_108' title="bbox 214 5628 1864 5703">
     <span class='ocr_line' id='line_1_108' title="bbox 214 5628 1864 5703; baseline -0.002 -14"><span class='ocrx_word' id='word_1_736' title='bbox 214 5646 529 5703; x_wconf 88' lang='lat' dir='ltr'>nunquam</span> <span class='ocrx_word' id='word_1_737' title='bbox 563 5630 691 5686; x_wconf 91' lang='lat' dir='ltr'>sine</span> <span class='ocrx_word' id='word_1_738' title='bbox 720 5629 908 5701; x_wconf 85' lang='lat' dir='ltr'>elogio</span> <span class='ocrx_word' id='word_1_739' title='bbox 941 5628 1228 5699; x_wconf 87' lang='lat' dir='ltr'>meminit,</span> <span class='ocrx_word' id='word_1_740' title='bbox 1259 5628 1591 5699; x_wconf 89' lang='lat' dir='ltr'>vituperare</span> <span class='ocrx_word' id='word_1_741' title='bbox 1633 5643 1864 5701; x_wconf 88' lang='lat' dir='ltr'>cogere-</span> 
     </span>
    </p>
   </div>
   <div class='ocr_carea' id='block_1_109' title="bbox 539 5747 1269 5810">
    <p class='ocr_par' dir='ltr' id='par_1_109' title="bbox 539 5747 1269 5810">
     <span class='ocr_line' id='line_1_109' title="bbox 539 5747 1269 5810; baseline -0.001 -2"><span class='ocrx_word' id='word_1_742' title='bbox 539 5750 808 5810; x_wconf 69' lang='lat' dir='ltr'>Puaon.</span> <span class='ocrx_word' id='word_1_743' title='bbox 857 5749 969 5809; x_wconf 73' lang='lat' dir='ltr'>Gn.</span> <span class='ocrx_word' id='word_1_744' title='bbox 1014 5747 1269 5808; x_wconf 78' lang='lat' dir='ltr'><strong>CXLIII.</strong></span> 
     </span>
    </p>
   </div>
   <div class='ocr_carea' id='block_1_110' title="bbox 1976 4631 3004 4703">
    <p class='ocr_par' dir='ltr' id='par_1_110' title="bbox 1976 4631 3004 4703">
     <span class='ocr_line' id='line_1_110' title="bbox 1976 4631 3004 4703; baseline 0 -18"><span class='ocrx_word' id='word_1_745' title='bbox 1976 4631 2253 4688; x_wconf 89' lang='lat' dir='ltr'>lectorem</span> <span class='ocrx_word' id='word_1_746' title='bbox 2287 4647 2358 4686; x_wconf 90' lang='lat' dir='ltr'>ne</span> <span class='ocrx_word' id='word_1_747' title='bbox 2391 4631 2682 4703; x_wconf 87' lang='lat' dir='ltr'>corrigere</span> <span class='ocrx_word' id='word_1_748' title='bbox 2712 4637 3004 4703; x_wconf 89' lang='lat' dir='ltr'>gravetur.</span> 
     </span>
    </p>
   </div>
   <div class='ocr_carea' id='block_1_111' title="bbox 2046 4738 3618 4809">
    <p class='ocr_par' dir='ltr' id='par_1_111' title="bbox 2046 4738 3618 4809">
     <span class='ocr_line' id='line_1_111' title="bbox 2046 4738 3618 4809; baseline 0.001 -16"><span class='ocrx_word' id='word_1_749' title='bbox 2046 4739 2182 4809; x_wconf 90' lang='lat' dir='ltr'>Pag.</span> <span class='ocrx_word' id='word_1_750' title='bbox 2231 4740 2321 4793; x_wconf 89' lang='grc'>50.</span> <span class='ocrx_word' id='word_1_751' title='bbox 2379 4740 2460 4794; x_wconf 83' lang='lat' dir='ltr'>lbi</span> <span class='ocrx_word' id='word_1_752' title='bbox 2504 4738 2700 4809; x_wconf 77' lang='lat' dir='ltr'>fatalis</span> <span class='ocrx_word' id='word_1_753' title='bbox 2747 4738 3046 4794; x_wconf 73' lang='lat' dir='ltr'>necessitas</span> <span class='ocrx_word' id='word_1_754' title='bbox 3093 4755 3322 4794; x_wconf 81' lang='lat' dir='ltr'>causam</span> <span class='ocrx_word' id='word_1_755' title='bbox 3351 4740 3618 4796; x_wconf 82' lang='lat' dir='ltr'>absolvit.</span> 
     </span>
    </p>
   </div>
   <div class='ocr_carea' id='block_1_112' title="bbox 1972 4827 3623 4885">
    <p class='ocr_par' dir='ltr' id='par_1_112' title="bbox 1972 4827 3623 4885">
     <span class='ocr_line' id='line_1_112' title="bbox 1972 4827 3623 4885; baseline 0.001 -2"><span class='ocrx_word' id='word_1_756' title='bbox 1972 4828 2187 4883; x_wconf 90' lang='lat' dir='ltr'>Mentio</span> <span class='ocrx_word' id='word_1_757' title='bbox 2215 4827 2308 4881; x_wconf 88' lang='lat' dir='ltr'>hic</span> <span class='ocrx_word' id='word_1_758' title='bbox 2342 4827 2533 4883; x_wconf 89' lang='lat' dir='ltr'>fatalis</span> <span class='ocrx_word' id='word_1_759' title='bbox 2569 4828 2935 4884; x_wconf 90' lang='lat' dir='ltr'>necessitatis</span> <span class='ocrx_word' id='word_1_760' title='bbox 2980 4828 3051 4882; x_wconf 89' lang='lat' dir='ltr'>ad</span> <span class='ocrx_word' id='word_1_761' title='bbox 3112 4828 3320 4883; x_wconf 89' lang='lat' dir='ltr'>mortis</span> <span class='ocrx_word' id='word_1_762' title='bbox 3376 4829 3623 4885; x_wconf 81' lang='lat' dir='ltr'>inevita-</span> 
     </span>
    </p>
   </div>
   <div class='ocr_carea' id='block_1_113' title="bbox 1974 4916 3619 4990">
    <p class='ocr_par' dir='ltr' id='par_1_113' title="bbox 1974 4916 3619 4990">
     <span class='ocr_line' id='line_1_113' title="bbox 1974 4916 3619 4990; baseline 0.002 -20"><span class='ocrx_word' id='word_1_763' title='bbox 1974 4916 2149 4971; x_wconf 89' lang='lat' dir='ltr'>bilem</span> <span class='ocrx_word' id='word_1_764' title='bbox 2184 4916 2592 4971; x_wconf 82' lang='lat' dir='ltr'>certitudinem</span> <span class='ocrx_word' id='word_1_765' title='bbox 2630 4916 3030 4988; x_wconf 88' lang='lat' dir='ltr'>pertinet,non</span> <span class='ocrx_word' id='word_1_766' title='bbox 3053 4918 3523 4990; x_wconf 90' lang='lat' dir='ltr'>autem,opinor,</span> <span class='ocrx_word' id='word_1_767' title='bbox 3549 4920 3619 4973; x_wconf 88' lang='lat' dir='ltr'>ad</span> 
     </span>
    </p>
   </div>
   <div class='ocr_carea' id='block_1_114' title="bbox 1974 5008 3618 5081">
    <p class='ocr_par' dir='ltr' id='par_1_114' title="bbox 1974 5008 3618 5081">
     <span class='ocr_line' id='line_1_114' title="bbox 1974 5008 3618 5081; baseline 0.002 -18"><span class='ocrx_word' id='word_1_768' title='bbox 1974 5008 2356 5063; x_wconf 88' lang='lat' dir='ltr'>astruendum</span> <span class='ocrx_word' id='word_1_769' title='bbox 2399 5008 2648 5080; x_wconf 91' lang='lat' dir='ltr'>impium</span> <span class='ocrx_word' id='word_1_770' title='bbox 2706 5010 2921 5081; x_wconf 90' lang='lat' dir='ltr'>dogma</span> <span class='ocrx_word' id='word_1_771' title='bbox 2976 5008 3308 5065; x_wconf 86' lang='lat' dir='ltr'>libertatem</span> <span class='ocrx_word' id='word_1_772' title='bbox 3371 5011 3618 5066; x_wconf 87' lang='lat' dir='ltr'>arbitrii.</span> 
     </span>
    </p>
   </div>
   <div class='ocr_carea' id='block_1_115' title="bbox 1975 5096 3625 5170">
    <p class='ocr_par' dir='ltr' id='par_1_115' title="bbox 1975 5096 3625 5170">
     <span class='ocr_line' id='line_1_115' title="bbox 1975 5096 3625 5170; baseline 0.001 -18"><span class='ocrx_word' id='word_1_773' title='bbox 1975 5115 2151 5170; x_wconf 90' lang='lat' dir='ltr'>quam</span> <span class='ocrx_word' id='word_1_774' title='bbox 2219 5096 2485 5153; x_wconf 88' lang='lat' dir='ltr'>doctrina</span> <span class='ocrx_word' id='word_1_775' title='bbox 2536 5098 2825 5153; x_wconf 90' lang='lat' dir='ltr'>catholica</span> <span class='ocrx_word' id='word_1_776' title='bbox 2892 5099 3043 5153; x_wconf 90' lang='lat' dir='ltr'>tueri</span> <span class='ocrx_word' id='word_1_777' title='bbox 3092 5099 3285 5170; x_wconf 85' lang='lat' dir='ltr'>jubet,</span> <span class='ocrx_word' id='word_1_778' title='bbox 3351 5100 3625 5155; x_wconf 85' lang='lat' dir='ltr'>extermi-</span> 
     </span>
    </p>
   </div>
   <div class='ocr_carea' id='block_1_116' title="bbox 1974 5189 3627 5257">
    <p class='ocr_par' dir='ltr' id='par_1_116' title="bbox 1974 5189 3627 5257">
     <span class='ocr_line' id='line_1_116' title="bbox 1974 5189 3627 5257; baseline 0.001 -16"><span class='ocrx_word' id='word_1_779' title='bbox 1974 5204 2121 5241; x_wconf 90' lang='lat' dir='ltr'>nans</span> <span class='ocrx_word' id='word_1_780' title='bbox 2146 5203 2450 5257; x_wconf 89' lang='lat' dir='ltr'>perperam</span> <span class='ocrx_word' id='word_1_781' title='bbox 2483 5192 2704 5241; x_wconf 89' lang='lat' dir='ltr'>asserta</span> <span class='ocrx_word' id='word_1_782' title='bbox 2732 5204 3047 5243; x_wconf 90' lang='lat' dir='ltr'>causarum</span> <span class='ocrx_word' id='word_1_783' title='bbox 3080 5192 3431 5243; x_wconf 59' lang='lat' dir='ltr'>aeternarum</span> <span class='ocrx_word' id='word_1_784' title='bbox 3457 5189 3627 5243; x_wconf 88' lang='lat' dir='ltr'>obvia</span> 
     </span>
    </p>
   </div>
   <div class='ocr_carea' id='block_1_117' title="bbox 1980 5275 3625 5347">
    <p class='ocr_par' dir='ltr' id='par_1_117' title="bbox 1980 5275 3625 5347">
     <span class='ocr_line' id='line_1_117' title="bbox 1980 5275 3625 5347; baseline 0.001 -17"><span class='ocrx_word' id='word_1_785' title='bbox 1980 5293 2225 5347; x_wconf 75' lang='lat' dir='ltr'>quaeque</span> <span class='ocrx_word' id='word_1_786' title='bbox 2256 5275 2709 5331; x_wconf 88' lang='lat' dir='ltr'>ineluctabiliter</span> <span class='ocrx_word' id='word_1_787' title='bbox 2740 5277 3094 5346; x_wconf 84' lang='lat' dir='ltr'>rapientium</span> <span class='ocrx_word' id='word_1_788' title='bbox 3128 5277 3342 5331; x_wconf 87' lang='lat' dir='ltr'>invicta</span> <span class='ocrx_word' id='word_1_789' title='bbox 3372 5279 3625 5347; x_wconf 89' lang='lat' dir='ltr'>quadam</span> 
     </span>
    </p>
   </div>
   <div class='ocr_carea' id='block_1_118' title="bbox 1973 5365 3632 5421">
    <p class='ocr_par' dir='ltr' id='par_1_118' title="bbox 1973 5365 3632 5421">
     <span class='ocr_line' id='line_1_118' title="bbox 1973 5365 3632 5421; baseline 0 -3"><span class='ocrx_word' id='word_1_790' title='bbox 1973 5365 2049 5421; x_wconf 91' lang='lat' dir='ltr'>vi.</span> <span class='ocrx_word' id='word_1_791' title='bbox 2082 5366 2137 5421; x_wconf 90' lang='lat' dir='ltr'>Si</span> <span class='ocrx_word' id='word_1_792' title='bbox 2171 5371 2363 5421; x_wconf 91' lang='lat' dir='ltr'>tamen</span> <span class='ocrx_word' id='word_1_793' title='bbox 2401 5366 2494 5421; x_wconf 88' lang='lat' dir='ltr'>hic</span> <span class='ocrx_word' id='word_1_794' title='bbox 2552 5372 2654 5421; x_wconf 85' lang='lat' dir='ltr'>aut</span> <span class='ocrx_word' id='word_1_795' title='bbox 2712 5365 2849 5420; x_wconf 88' lang='lat' dir='ltr'>alibi</span> <span class='ocrx_word' id='word_1_796' title='bbox 2910 5370 3112 5421; x_wconf 91' lang='lat' dir='ltr'>noster</span> <span class='ocrx_word' id='word_1_797' title='bbox 3171 5366 3484 5421; x_wconf 87' lang='lat' dir='ltr'>historicus</span> <span class='ocrx_word' id='word_1_798' title='bbox 3530 5369 3632 5418; x_wconf 85' lang='lat' dir='ltr'>aut</span> 
     </span>
    </p>
   </div>
   <div class='ocr_carea' id='block_1_119' title="bbox 1974 5453 3628 5525">
    <p class='ocr_par' dir='ltr' id='par_1_119' title="bbox 1974 5453 3628 5525">
     <span class='ocr_line' id='line_1_119' title="bbox 1974 5453 3628 5525; baseline -0.001 -18"><span class='ocrx_word' id='word_1_799' title='bbox 1974 5454 2099 5525; x_wconf 90' lang='lat' dir='ltr'>ipse</span> <span class='ocrx_word' id='word_1_800' title='bbox 2122 5454 2381 5508; x_wconf 86' lang='lat' dir='ltr'>afﬁrmat</span> <span class='ocrx_word' id='word_1_801' title='bbox 2411 5454 2715 5525; x_wconf 86' lang='lat' dir='ltr'>quidpiam</span> <span class='ocrx_word' id='word_1_802' title='bbox 2750 5458 2852 5508; x_wconf 89' lang='lat' dir='ltr'>aut</span> <span class='ocrx_word' id='word_1_803' title='bbox 2880 5453 3026 5509; x_wconf 79' lang='lat' dir='ltr'>alios</span> <span class='ocrx_word' id='word_1_804' title='bbox 3067 5454 3289 5508; x_wconf 89' lang='lat' dir='ltr'>aientes</span> <span class='ocrx_word' id='word_1_805' title='bbox 3341 5453 3535 5515; x_wconf 85' lang='lat' dir='ltr'>refert,</span> <span class='ocrx_word' id='word_1_806' title='bbox 3569 5453 3628 5505; x_wconf 90' lang='lat' dir='ltr'>in</span> 
     </span>
    </p>
   </div>
   <div class='ocr_carea' id='block_1_120' title="bbox 1975 5539 3626 5614">
    <p class='ocr_par' dir='ltr' id='par_1_120' title="bbox 1975 5539 3626 5614">
     <span class='ocr_line' id='line_1_120' title="bbox 1975 5539 3626 5614; baseline -0.002 -16"><span class='ocrx_word' id='word_1_807' title='bbox 1975 5558 2091 5614; x_wconf 88' lang='lat' dir='ltr'>quo</span> <span class='ocrx_word' id='word_1_808' title='bbox 2123 5544 2253 5613; x_wconf 88' lang='lat' dir='ltr'>ejus</span> <span class='ocrx_word' id='word_1_809' title='bbox 2284 5544 2595 5614; x_wconf 90' lang='lat' dir='ltr'>proscripti</span> <span class='ocrx_word' id='word_1_810' title='bbox 2628 5544 2701 5599; x_wconf 86' lang='lat' dir='ltr'>ab</span> <span class='ocrx_word' id='word_1_811' title='bbox 2730 5542 2991 5599; x_wconf 86' lang='lat' dir='ltr'>Ecclesia</span> <span class='ocrx_word' id='word_1_812' title='bbox 3040 5542 3254 5597; x_wconf 89' lang='lat' dir='ltr'>erroris</span> <span class='ocrx_word' id='word_1_813' title='bbox 3310 5539 3626 5611; x_wconf 88' lang='lat' dir='ltr'>vestigium</span> 
     </span>
    </p>
   </div>
   <div class='ocr_carea' id='block_1_121' title="bbox 1977 5629 3626 5704">
    <p class='ocr_par' dir='ltr' id='par_1_121' title="bbox 1977 5629 3626 5704">
     <span class='ocr_line' id='line_1_121' title="bbox 1977 5629 3626 5704; baseline -0.003 -15"><span class='ocrx_word' id='word_1_814' title='bbox 1977 5633 2214 5703; x_wconf 88' lang='lat' dir='ltr'>aliquod</span> <span class='ocrx_word' id='word_1_815' title='bbox 2245 5632 2741 5704; x_wconf 85' lang='lat' dir='ltr'>deprehendatur,</span> <span class='ocrx_word' id='word_1_816' title='bbox 2774 5632 3109 5688; x_wconf 88' lang='lat' dir='ltr'>meminerit</span> <span class='ocrx_word' id='word_1_817' title='bbox 3154 5630 3336 5687; x_wconf 89' lang='lat' dir='ltr'>lector</span> <span class='ocrx_word' id='word_1_818' title='bbox 3380 5629 3626 5686; x_wconf 89' lang='lat' dir='ltr'>catholi-</span> 
     </span>
    </p>
   </div>
   <div class='ocr_carea' id='block_1_122' title="bbox 3229 5750 3303 5808">
    <p class='ocr_par' dir='ltr' id='par_1_122' title="bbox 3229 5750 3303 5808">
     <span class='ocr_line' id='line_1_122' title="bbox 3229 5750 3303 5808; baseline 0 0"><span class='ocrx_word' id='word_1_819' title='bbox 3229 5750 3303 5808; x_wconf 78' lang='grc'>35</span> 
     </span>
    </p>
   </div>
  </div>
