3968 6202
447 273 587 330 1099

1487 258 1556 311 Ρ.
1597 250 1874 308 POSSINI
1911 241 2525 304 OBSERVATIONUM
2563 242 2700 296 LIB.
2738 244 2812 297 Ῑῐ.

3635 244 3743 302 1100

447 416 552 454 cus
586 395 729 450 nihil
767 387 1152 462 prsejudicare
1171 385 1369 438 contra
1391 377 1770 436 orthodoxam
1793 373 2096 428 veritatem
2129 370 2183 436 Α
2211 370 2606 423 consentanea
2633 363 2812 420 variis
2847 363 3107 421 historias
3157 369 3211 420 et
3264 365 3494 422 chronici
3535 367 3608 423 sui
3638 367 3745 426 locis

450 482 748 556 quaslibet
807 473 1326 532 schismaticorum
1381 467 1704 536 o;-iniones.
1753 462 1898 516 Nam
1949 458 2102 514 utin

449 567 790 642 przel‘atione
824 562 1313 636 praemonuimus,
1365 557 1457 611 hic
1506 554 1759 624 scriptor
1814 547 2102 605 schisma-

452 661 608 715 ticus
639 660 748 710 est.

523 757 678 812 636
709 757 848 826 Cap.
885 753 973 806 19.
1026 753 1162 816 Quae
1213 747 1354 802 urbs
1401 759 1635 800 scenam
1694 737 1917 796 dederit
1966 733 2105 820 huic

450 846 776 918 tragoediae,
810 858 915 897 nec
953 845 1152 895 noster
1184 853 1288 891 nec
1319 833 1656 905 Acr0polita
1695 846 1799 884 nec
1820 815 2105 895 Gregoras

455 937 629 1004 clare,
662 935 804 988 dum
839 947 966 986 eam
1003 931 1268 993 narrant,
1302 924 1652 993 exprimunt.
1678 918 1878 973 Fuisse
1911 918 2105 969 autem

455 1003 817 1096 Magnesiam
887 1035 951 1073 ex
1026 1015 1258 1070 duobus
1325 1008 1687 1082 argumentis
1753 1003 2104 1074 colligimus.

456 1094 622 1168 Prius
653 1108 921 1181 estquod
964 1124 1012 1161 c.
1069 1107 1134 1158 15
1186 1104 1362 1157 refert-
1418 1098 1819 1168 Pachymeres,
1879 1094 2108 1146 mortuo

455 1202 757 1259 Theodoro
791 1200 1052 1268 Augusto
1081 1195 1208 1263 ejus
1245 1191 1426 1244 [ilium
1463 1189 1533 1242 ab
1565 1188 1692 1257 ejus
1735 1188 1925 1238 tutore
1983 1183 2106 1232 Mu-

453 1291 656 1346 zalone
690 1288 1006 1343 deductum
1042 1284 1100 1336 in
1135 1278 1599 1335 munitissimam
1640 1289 1831 1329 arcem
1866 1271 1934 1324 ad
1971 1268 2109 1323 lier-

456 1395 620 1434 mum
658 1373 987 1445 Magnesiae.
1041 1374 1230 1436 Quare
1279 1384 1412 1423 cum
1477 1364 1851 1419 manifestum
1913 1357 1987 1413 sit
2043 1373 2111 1411 ex

453 1469 586 1540 ipsa
617 1464 897 1521 relatione
930 1461 1011 1516 rei
1044 1475 1198 1516 nono
1227 1459 1316 1512 die
1348 1474 1379 1510 a
1410 1452 1694 1510 Theodori
1727 1450 1885 1505 obitu
1911 1451 2108 1519 gestae,

460 1536 573 1612 non
595 1555 768 1626 longe
792 1551 1052 1606 abfuisse
1070 1551 1350 1603 Joannem
1375 1543 1656 1616 pupillum
1686 1539 1853 1595 aloco
1877 1536 2110 1592 ubiMu-

460 1623 1010 1701 zalones'intert‘ecti
1046 1644 1206 1706 sunt,
1225 1633 1522 1707 oportetid
1540 1632 1690 1686 factu
1703 1648 1756 1683 ιιι
1772 1644 1882 1682 non
1911 1623 2106 1698 procul

462 1737 533 1791 ab
559 1733 700 1788 urbe
730 1729 1042 1802 Magnesia.
1077 1726 1246 1782 Aliud
1273 1727 1682 1794 argumentum
1716 1717 2009 1772 sumimus
2041 1730 2108 1769 ex
2141 1739 2186 1803 B

461 1821 677 1894 templo
699 1815 1256 1884 Sosandrorum,ubi
1283 1811 1580 1884 piaculum
1615 1808 1759 1863 illud
1812 1811 2106 1878 patratum

462 1918 570 1968 est.
610 1914 683 1966 De
714 1927 830 1981 quo
861 1909 945 1963 sic
977 1905 1181 1961 scribit
1212 1903 1518 1973 Gregoras,
1553 1898 1592 1953 l.
1629 1915 1690 1965 ιι,
1734 1911 1864 1967 pag.
1897 1895 1988 1960 21,
2040 1895 2110 1948 de

458 2004 686 2057 Joanne
717 2004 874 2052 Duca
907 1995 1026 2052 sive
1058 1996 1286 2049 Batatze
1310 1996 1366 2046 et
1398 1991 1528 2059 ejus
1559 1987 1802 2054 conjuge
1847 1986 2112 2054 Augusta

460 2107 636 2146 rene:
697 2083 1018 2156 Ἑδείμαντο
1075 2079 1132 2135 δὲ
1180 2080 1267 2133 καὶ
1302 2078 1462 2140 ναοὺς
1493 2073 1790 2152 ἀμφότεροι
1843 2070 1962 2126 λίαν
2011 2091 2111 2124 πε·-

460 2175 762 2254 ρικαλλεῖς,
815 2171 1092 2232 πλείστοις
1137 2166 1488 2240 ἀναλώμασιν
1545 2163 1798 2237 μεγίστας
1849 2158 1937 2214 καὶ
1986 2179 2111 2213 ποι-

457 2266 615 2328 κίλας
667 2265 765 2325 τὰς
821 2261 1026 2317 τούτων
1087 2255 1384 2330 οἰκοδομὰς
1435 2257 1518 2326 [Ρ.
1556 2254 1679 2324 [illi]
1723 2250 2112 2305 κατεσκευακό-

459 2377 570 2426 τες,
629 2356 656 2408 ὁ
715 2354 807 2426 μὶν
873 2348 1125 2426 βασιλεὺς
1175 2347 1264 2402 τόν
1311 2367 1370 2400 τε
1395 2343 1519 2418 περὶ
1550 2342 1646 2410 τήν
1681 2339 1990 2416 Μαγνησίαν
2041 2335 2116 2400 εἷς

466 2441 642 2516 ὄνομα
690 2449 790 2512 τῆς
849 2442 1198 2512 θεομήτορος
1255 2431 1551 2507 Σώσανδρα
1605 2429 1969 2502 καλούμενον,
2025 2427 2114 2480 καὶ

465 2533 556 2586 τὸν
617 2529 764 2591 ἐντὸς
809 2535 910 2597 τῆς
957 2525 1181 2586 Νικαίας
1209 2524 1283 2585 εἷς
1317 2520 1491 2595 ὄνομα
1546 2519 1838 2576 Ἀντω·.ίου
1894 2520 1989 2571 τοῦ
2024 2535 2117 2588 με·

467 2617 660 2696 γάλου.
673 2624 750 2673 En
766 2617 1052 2689 templum
1075 2614 1296 2670 Sosand
1309 2629 1504 2667 rerum
1521 2610 1743 2664 dictum
1766 2607 2114 2662 aedificatum

472 2693 1058 2781 magnificentissime
1090 2721 1122 2758 a
1151 2703 1376 2758 Joanne
1409 2702 1636 2754 Batatze
1689 2698 1947 2766 Augusto
1993 2693 2118 2768 περὶ

470 2793 791 2870 Μαγνησίαν
852 2794 1004 2848 circa
1061 2790 1445 2862 Magnesiam,
1492 2787 1598 2840 hoc
1629 2790 1739 2853 est,
1773 2788 1837 2838 ut
1891 2782 2117 2854 opinor,

472 2888 532 2942 in
560 2885 900 2942 suburbano
931 2883 1059 2952 ejus
1091 2879 1347 2934 civitatis
1381 2885 1541 2932 extra
1569 2876 1696 2944 ejus
1727 2889 1946 2928 muros.
1974 2872 2121 2928 Nam

473 2978 579 3032 hoc
609 2974 786 3045 exigit
817 2969 1129 3027 antithesis
1160 2984 1293 3022 cum
1329 2965 1442 3020 alio
1478 2965 1535 3019 in
1570 2963 1848 3018 honorem
1881 2965 1937 3014 S.
1997 2967 2120 3014 An-

470 3064 613 3122 tonii
641 3061 860 3134 Magni,
911 3057 1060 3118 ἐντὸς
1116 3062 1218 3124 τῆς
1277 3052 1503 3113 Νικαίας
1563 3053 1719 3107 intra
1777 3058 1976 3105 urbem
2025 3049 2123 3104 Ni-

475 3169 651 3208 czeam
682 3152 754 3206 ab
781 3150 993 3206 codum
1027 3151 1271 3200 structo.

544 3256 682 3321 Pag,
737 3249 831 3314 6,2
882 3249 1107 3316 Impune
1157 3245 1304 3298 velut
1335 3258 1362 3297 θ
1415 3242 1576 3310 Mysis
1628 3237 1879 3310 praedam
1933 3251 2118 3304 conge-

475 3341 688 3405 rebant,
721 3343 852 3401 etc.,
887 3335 972 3388 sic
1004 3331 1400 3403 expressimus
1440 3330 1642 3382 Graeca
1689 3325 1788 3380 illa
1829 3323 1919 3378 καὶ
1977 3321 2123 3378 λείαν

479 3424 674 3480 Μυσῶν
707 3423 965 3476 τάκείνων
1029 3418 1269 3472 ἐποίουν.
1332 3418 1544 3471 Notum
1606 3415 1938 3469 Grazcorum
1987 3414 2124 3468 ada-

485 3517 645 3587 gium
680 3519 770 3569 est
800 3511 1000 3565 Μυσῶν
1055 3505 1222 3573 λείας
1280 3507 1337 3559 in
1389 3506 1558 3574 cujus
1610 3502 1977 3557 enarratione
2035 3520 2124 3556 as-

486 3605 707 3660 sentior
754 3601 949 3672 potius
979 3595 1228 3652 Zenobio
1289 3599 1346 3649 ct
1401 3593 1591 3646 Suidae
1652 3591 1879 3662 passive
1941 3591 1996 3645 id
2056 3592 2126 3646 de

474 3692 651 3763 Mysis
683 3689 891 3762 praedas
922 3688 1048 3743 sine
1090 3684 1316 3739 vindice
1358 3681 1641 3752 expositis
1699 3679 2126 3749 interpretanti-

476 3785 609 3850 bus,
645 3797 820 3853 quam
858 3777 1216 3848 Diogeniano
1251 3775 1442 3845 Mysos
1491 3772 1841 3842 praedatores
1893 3770 2123 3825 vicino-

474 3889 607 3928 rum
638 3873 766 3928 sine
799 3872 1038 3924 auctore
1071 3865 1279 3918 idoneo
1315 3861 1633 3916 inducenti.

539 3975 681 4041 Pag.
711 3968 800 4024 59.
835 3969 1089 4023 Calceum
1121 3961 1182 4016 in
1226 3969 1448 4015 mortuo
1503 3957 1748 4027 nigrum.
1809 3955 2123 4010 Existima-

467 4065 602 4115 rant
634 4059 789 4114 hunc
821 4051 1328 4124 Theophylactum
1354 4046 1806 4119 grammaticum
1830 4061 1958 4098 esse
1991 4060 2123 4115 pro-

463 4146 867 4203 tovestiarium
903 4137 1552 4206 Muzalonem.ideequc
1574 4133 1741 4188 illum
1766 4134 2119 4188 occiderant.

467 4237 577 4291 Sed
611 4251 747 4289 cum
784 4229 1000 4286 mortui
1037 4228 1263 4283 calceos
1290 4226 1492 4295 nigros
1545 4220 2118 4290 animadvertissent,

466 4336 693 4376 errasse
725 4336 786 4374 se
808 4320 1188 4390 agnoverunt.
1251 4313 1564 4378 Nimirum,
1617 4314 1682 4364 ut
1730 4310 1896 4363 docet
1951 4308 2114 4364 Codi-

467 4427 601 4478 nus,
637 4415 714 4464 De
737 4409 907 4478 ofﬂa,
939 4421 988 4459 c.
1021 4405 1074 4470 4,
1102 4421 1156 4474 ρ.
1183 4403 1251 4457 46
1276 4401 1366 4456 ed.
1391 4401 1414 4454 1
1444 4398 1654 4461 Paris.,
1680 4396 1762 4451 Τὰ
1788 4391 2118 4467 ὑποδήματα

465 4497 629 4551 αὐτοῦ
705 4487 1275 4568 (πρωτοϐεστιαρίου)
1347 4487 1619 4562 πράσινα.
1687 4485 1833 4539 Hinc
1909 4485 2120 4539 intelli-

464 4587 624 4659 gitur
656 4586 711 4640 in
746 4582 970 4640 caeteris
1018 4578 1382 4635 indumentis
1441 4574 1588 4631 nihil
1646 4578 1772 4628 tum
1835 4573 2113 4628 eximium

465 4673 904 4747 protovestiario
928 4671 1129 4740 fuisse,
1164 4686 1276 4740 quo
1318 4685 1351 4722 a
1384 4667 1606 4737 privato
1664 4663 2112 4717 discerneretur.

464 4767 527 4820 In
545 4780 660 4834 quo
686 4765 1190 4834 posteamutatum
1223 4755 1547 4828 quidpiam.
1568 4752 1815 4807 Utenim
1849 4751 2118 4807 observat

465 4855 619 4909 idem
641 4852 898 4907 Codinus
931 4867 979 4903 c.
1011 4850 1068 4916 2,
1091 4844 1468 4918 p,8,Micbael
1492 4844 1714 4914 primus
1733 4859 1763 4896 e
1783 4840 2116 4911 Palazolegis

467 4945 782 5015 imperator
809 4937 1445 5012 prasinaindumenta,
1498 4951 1628 5004 quas
1671 4933 1897 5003 insigne
1955 4933 2117 5003 prius

467 5034 698 5088 fuerant
731 5026 1140 5103 protosebasti,
1167 5027 1236 5081 ad
1267 5021 2115 5095 protovestiariumtranstulit:

467 5119 785 5192 Σημείωσοιι
818 5115 901 5170 ὅτι
958 5109 1219 5188 βασιλεὺς
1257 5110 1491 5184 Μιχαὴλ
1546 5114 1654 5164 τῶν
1720 5107 2114 5183 [Ιαλαιολόγων

461 5213 702 5286 πρῶτος,
734 5207 840 5260 ἀπὸ
867 5207 964 5257 τοῦ
1009 5196 1470 5272 πρωτοσεϐαστοῦ
1503 5199 1567 5252 τὰ
1605 5198 1838 5271 πράσινα
1878 5199 2116 5274 ἀφελὼν,

459 5300 680 5378 ἐφόρεσε
729 5300 897 5353 ταῦτα
956 5293 1031 5354 εἷς
1089 5293 1181 5346 τὸν
1244 5289 1471 5361 ἀνεψιὸν
1533 5287 1698 5341 αὐτοῦ
1739 5287 1974 5360 Μιχαὴλ
2026 5288 2118 5342 τὸν

459 5387 902 5464 Ταρχανειώτην,
959 5382 1199 5454 τιμήσας
1275 5371 1803 5452 πρωτοῧεστιοὶριον.
1869 5375 1953 5430 Ita
2000 5378 2115 5432 ille,

537 5492 665 5563 Pag.
705 5487 793 5542 8t.
855 5481 1132 5539 Theodori.
1184 5479 1262 5533 De
1299 5478 1403 5530 boc
1464 5473 1778 5529 Theodoro
1833 5473 2120 5532 videndus

461 5561 815 5651 Acropolita,
849 5572 1035 5630 multa
1084 5571 1154 5626 de
1185 5567 1286 5623 illo
1319 5565 1413 5621 his
1452 5579 1579 5637 quas
1635 5561 1730 5615 hic
1788 5561 2122 5621 indicantur

2213 457 2488 510 referens.
2523 453 2656 524 Agit
2687 459 2744 508 et
2777 454 2848 508 de
2875 453 2974 508 illo
3009 457 3310 522 Gregoras,
3342 453 3376 509 ι.
3421 471 3476 524 ιι,
3522 471 3569 526 p.
3615 457 3665 512 lt
3708 463 3747 513 et

2215 545 2300 614 12,
2335 543 2456 608 ubi,
2491 543 2662 598 etiam
2690 543 2968 599 ascivisse
2999 543 3198 615 ipsum
3230 544 3336 599 sibi
3387 560 3570 600 nomen
3617 546 3752 618 impe-

2214 633 2426 688 ratoris
2454 632 2631 686 tradit
2663 631 2752 686 his
2783 633 3000 700 verbis,
3032 630 3122 685 καὶ
3159 629 3416 705 βασιλείας
3457 631 3601 702 ἑαυτῷ
3641 653 3753 707 περι-

2211 719 2422 790 τίθησιν
2457 715 2632 791 ὄνομα
2662 739 2675 785 ;
2709 722 2862 776 637
2900 738 3153 793 quorum
3186 723 3506 778 sententiam
3533 739 3627 777 non
3651 725 3755 780 satis

2214 812 2502 884 expressit
2529 811 2838 884 interpres,
2874 813 3014 866 dum
3041 815 3208 868 vertit
3250 815 3354 867 sibi
3381 812 3567 880 regium
3611 829 3754 868 nomen

2216 904 2470 957 asciscit:
2531 901 2675 955 satis
2733 901 2891 955 enim
2951 918 3019 956 ex
3068 901 3529 972 consequentibus
3577 907 3756 974 apparet

2216 991 2463 1046 seillnm
2501 1007 2602 1061 pro
2632 990 2984 1062 imperatore
3043 991 3313 1062 gessisse,
3370 996 3421 1044 et
3471 989 3616 1046 talem
3659 1007 3759 1045 con-

2219 1081 2399 1134 suetis
2456 1079 2666 1133 ritibus
2728 1079 3068 1150 inaugurari
3121 1095 3182 1134 se
3212 1094 3433 1133 curasse
3471 1095 3500 1133 a
3549 1077 3759 1149 Bulgaria

2219 1168 2511 1240 episcopo,
2549 1175 2613 1222 ut
2637 1183 2769 1222 mox
2796 1168 2966 1223 docet
2995 1167 3151 1223 idem
3185 1167 3483 1240 Gregoras:
3512 1167 3590 1221 cui
3619 1171 3761 1222 noster

2220 1258 2594 1313 consentiens
2627 1258 2799 1328 paulo
2832 1257 3097 1327 inferius,
3153 1257 3260 1313 hoc
3289 1257 3482 1328 capite,
3512 1257 3560 1310 id
3603 1256 3762 1310 factum

2221 1347 2293 1402 ab
2326 1347 2669 1401 Achridensi
2699 1346 2994 1418 episcopo,
3029 1346 3120 1401 cui
3151 1346 3402 1401 Jacobus
3455 1361 3633 1400 nomen
3679 1350 3768 1399 erat

2219 1436 2418 1492 tradit.
2448 1436 2668 1507 Nempe
2714 1435 2925 1490 Achris
2985 1435 3268 1508 Bulgaria:
3320 1435 3617 1506 metropolis
3659 1437 3766 1499 erat,

2290 1535 2427 1606 Cap.
2460 1534 2548 1588 31.
2581 1532 2836 1588 Victoria
2865 1533 2974 1588 hoc
3006 1533 3196 1604 capite
3225 1536 3468 1598 narrata,
3513 1549 3611 1603 qua
3655 1531 3771 1602 prin-

2220 1639 2355 1694 ceps
2381 1622 2608 1678 Achaia:
2642 1639 2672 1677 a
2703 1622 2982 1678 Romanis
3012 1622 3263 1676 ducibus
3292 1629 3486 1692 captus
3535 1624 3624 1685 est,
3671 1635 3766 1690 pro-

2220 1712 2438 1767 ditione
2465 1710 2710 1766 Joannis
2734 1710 2919 1781 nothi,
2951 1712 3194 1766 confuse
3226 1711 3296 1766 ab
3320 1708 3614 1780 Acropolita
3639 1725 3678 1762 c.
3702 1707 3767 1774 82,

2220 1808 2276 1856 et
2305 1818 2338 1855 a
2368 1800 2621 1872 Gregora
2652 1800 2689 1854 l.
2726 1817 2810 1869 ιιι,
2844 1817 2901 1872 p.
2958 1801 3027 1854 35
3085 1804 3454 1855 memoratur.
3505 1796 3767 1854 Clarissima

2219 1890 2482 1947 omnium
2514 1906 2638 1945 eam
2672 1896 2868 1944 noster
2898 1890 3153 1960 exponit,
3185 1888 3450 1944 indicatis
3478 1888 3587 1956 ejus
3612 1885 3772 1952 causis,

2221 1997 2473 2053 quarum
2507 1980 2795 2051 praecipua
2828 1979 2932 2033 iuit
2965 1978 3319 2034 contumelia
3347 1977 3538 2033 Joanni
3566 1975 3706 2030 notho
3729 1973 3772 2027 il-

2221 2070 2359 2136 lata,
2393 2086 2566 2140 quam
2602 2069 2695 2124 ille
2717 2068 3042 2139 proditione
3070 2067 3231 2122 ultus
3255 2067 3376 2122 suis
3408 2064 3659 2120 fmderatis
3683 2079 3774 2118 ma-

2223 2177 2397 2232 gnam
2425 2159 2739 2231 improviso
2771 2157 2995 2213 cladem
3029 2156 3316 2214 intulerit.
3365 2156 3498 2212 Illud
3541 2158 3719 2209 tantum
3751 2167 3775 2205 a

2225 2255 2424 2304 nostro
2457 2248 2917 2320 prmtermissum
2963 2247 3071 2302 hoc
3102 2247 3252 2311 loco,
3287 2246 3387 2301 sed
3417 2244 3636 2317 positum
3662 2245 3776 2314 post-

2225 2355 2312 2405 ea,
2366 2355 2416 2392 c.
2466 2339 2551 2404 13,
2611 2337 2651 2392 1.
2701 2354 2762 2404 ιι,
2825 2344 3153 2408 opportune
3211 2335 3464 2407 suggerit
3505 2330 3776 2402 Acropolita,

2224 2433 2341 2482 tres
2376 2426 2768 2480 Romanorum
2803 2427 3003 2488 duces,
3037 2424 3259 2495 quibus
3291 2424 3384 2478 hic
3405 2435 3669 2477 successus
3685 2433 3778 2471 con-

2224 2516 2377 2586 tigit.
2407 2515 2694 2569 Joannem
2718 2513 3020 2568 Michaelis
3037 2513 3288 2584 Augusti
3316 2510 3779 2574 fratrem,Constan-

2227 2607 2417 2662 tinum
2461 2604 2793 2660 Tornicium
2846 2609 2905 2659 et
2958 2603 3234 2659 Alexium
3293 2597 3707 2671 Strategopulum
3739 2595 3779 2647 in

2228 2698 2530 2768 prazmium
2584 2693 2836 2749 victoriae
2896 2692 3078 2748 fuisse
3147 2692 3218 2747 ab
3277 2692 3594 2763 imperatore
3635 2690 3782 2741 auctos

2229 2783 2588 2839 honoribus:
2617 2786 2898 2837 Joannem
2936 2781 3090 2836 enim
3126 2781 3294 2852 prius
3352 2779 3782 2835 sebastecratorem

2231 2876 2532 2944 despotam
2576 2876 2858 2935 creatum,
2919 2870 3190 2926 Tornicio
3245 2885 3378 2925 vero
3433 2872 3586 2923 antea
3634 2875 3786 2933 magno

2232 2961 2562 3033 primicerio
2595 2957 3077 3014 sebastocratoris
3110 2957 3356 3013 titulum
3413 2955 3670 3012 collatum.
3714 2949 3788 3003 De-

2237 3051 2413 3120 nique
2482 3047 2573 3100 τὸν
2643 3043 3102 3122 Σρατηγόπουλον
3173 3045 3416 3115 Ἀλὲξιον
3472 3043 3654 3117 (verba
3693 3039 3792 3093 sunt

2234 3136 2606 3210 AcrOpolitre)
2722 3134 2887 3209 μεγαν
2990 3131 3320 3206 δομέστικον
3405 3135 3430 3187 ὁ
3525 3127 3790 3200 abs-expith

2232 3225 2568 3298 τετιμηκὼς,
2628 3225 2697 3278 δι’
2747 3221 3062 3293 ἀποστολῆς
3109 3224 3377 3296 τετίμηκε
3431 3220 3640 3294 Καίσαρα
3683 3215 3792 3270 Stra-

2235 3315 2557 3387 tegoputum
2587 3315 2841 3370 Alexium
2888 3315 3048 3381 prius
3076 3331 3111 3367 α
3172 3330 3232 3368 se
3267 3315 3347 3385 [P.
3381 3312 3500 3382 445]
3549 3311 3796 3363 honoratum

2234 3406 2429 3475 magni
2463 3404 2748 3458 domestici
2802 3405 3004 3473 o/ﬁcio,
3067 3404 3342 3458 starem
3377 3403 3630 3456 absentem
3674 3392 3792 3454 dixit,

2235 3503 2285 3550 et
2315 3495 2477 3549 istius
2525 3492 2635 3564 ipsi
2687 3492 2977 3563 dignitatis
3027 3495 3178 3548 misit
3211 3494 3481 3562 insignia.
3529 3490 3620 3544 Hic
3662 3485 3796 3539 Cesar

2236 3583 2408 3656 paulo
2443 3589 2574 3654 post
2605 3586 2811 3652 captus
2843 3582 2914 3636 ab
2964 3581 3262 3648 hostibus,
3310 3588 3374 3636 ut
3429 3595 3544 3650 cap.
3598 3566 3795 3644 sequenti

2236 3671 2649 3735 nostertradit,
2685 3672 2779 3723 sed
2833 3686 2970 3741 pace
3023 3671 3178 3724 facta
3229 3671 3378 3725 liber
3426 3667 3690 3725 dimissus,
3727 3674 3795 3712 ur-

2234 3760 2365 3814 bem
2425 3757 2987 3829 Constantinopolim
3048 3764 3256 3828 postea
3304 3756 3516 3828 recepit
3560 3770 3585 3809 e
3635 3744 3797 3804 Latinis

2235 3848 2372 3904 Post
2401 3849 2551 3917 quod
2605 3847 2812 3901 iterum
2875 3851 3101 3918 captus,
3164 3852 3223 3902 et
3268 3847 3330 3902 in
3392 3845 3548 3901 italia
3596 3840 3798 3896 detentus

2234 3937 2520 4004 custodia,
2552 3937 2688 3991 inde
2721 3937 3149 4008 permutatione
3183 3954 3322 3992 cum
3357 3935 3580 3992 domina
3606 3935 3802 3984 Annare-

2233 4027 2477 4081 stitutus
2510 4030 2598 4080 est
2627 4024 2844 4096 patrias.

2304 4123 2439 4194 Pag.
2471 4123 2536 4175 91
2571 4121 2907 4177 Modulatam
2929 4123 3144 4189 tussim,
3209 4121 3409 4176 Graec
3455 4111 3663 4190 ἐμμελὲς
3706 4107 3799 4181 βτῖτ·

2228 4233 2359 4266 τειν.
2393 4213 2690 4266 Consuetaa
2722 4209 3089 4266 adulatorum
3120 4227 3322 4266 voces.
3380 4211 3576 4266 Juven.
3617 4203 3710 4258 Sat.
3731 4207 3800 4250 tu:

2231 4301 2490 4356 Laudare
2515 4308 2748 4371 paratus
2777 4302 2828 4355 si
2858 4300 2991 4354 bene
3021 4300 3292 4370 ructavit,
3327 4305 3436 4355 etc.

2303 4400 2437 4471 Pag.
2470 4401 2560 4452 91.
2595 4398 2760 4454 Nemo
2789 4401 3040 4454 contactu
3069 4400 3213 4467 ferri
3243 4394 3543 4463 candentis,
3569 4393 3661 4448 etc.
3705 4384 3803 4471 Sus:

2234 4466 2597 4544 tulitvadhuc
2630 4489 2891 4558 despota,
2926 4489 3024 4544 sed
3049 4466 3292 4544 inhians
3353 4484 3586 4557 imperio
3622 4466 3803 4558 Michael

2224 4579 2493 4649 iniquum
2519 4593 2694 4632 usum
2731 4577 3002 4647 adigendi
3049 4582 3366 4632 accusatos
3397 4573 3680 4630 dubiorum
3725 4557 3802 4614 cri«

2226 4667 2453 4721 minum
2514 4667 2584 4720 ad
2647 4665 3040 4720 innocentiam
3100 4667 3469 4736 probandam
3525 4651 3803 4726 ancipitibus

2226 4755 2641 4828 experimentis
2683 4755 3106 4810 monomachia:
3165 4761 3272 4809 aut
3318 4756 3608 4809 contactus
3657 4748 3803 4797 maSS8

2227 4843 2528 4899 candentis
2559 4860 2572 4911 ;
2608 4843 2676 4896 de
2717 4843 2932 4912 quibus
2965 4858 3071 4896 nos
3103 4857 3291 4913 supra
3319 4840 3392 4894 ad
3427 4854 3550 4911 pag.
3579 4833 3656 4888 33.

2299 4944 2436 5014 Pag.
2471 4944 2562 5006 94,
2605 4943 2754 4997 Vicit
2782 4951 2964 4997 tamen
3011 4941 3212 4998 divina
3267 4931 3683 5013 prwdcstinatio,
3727 4924 3802 4976 eic-

2227 5033 2286 5087 In
2339 5032 2739 5086 evectionibus
2798 5030 3104 5086 hominum
3165 5031 3240 5085 ad
3303 5045 3480 5100 regna
3528 5017 3804 5097 peculiarem

2229 5137 2460 5191 semper
2489 5120 2842 5174 intervenire
2876 5119 2971 5174 Dei
3005 5099 3460 5190 providentiam,
3488 5127 3601 5185 qua?
3639 5099 3806 5161 nullum

2227 5228 2292 5265 eo
2326 5209 2567 5281 perduci
2600 5209 2856 5279 patiatur
2889 5226 3002 5263 non
3034 5213 3167 5263 ante
3201 5207 3318 5262 sibi
3355 5205 3715 5275 designatum,
3739 5197 3808 5281 pro

2227 5277 2382 5356 certo
2418 5303 2474 5352 et
2504 5277 2677 5370 vulgo
2707 5302 2842 5352 noto
2901 5297 3170 5369 proponit
3224 5297 3355 5368 ipse
3407 5287 3636 5349 Michael
3682 5277 3806 5370 igffl:

2230 5408 2286 5461 p.
2333 5389 2454 5456 154,
2516 5386 2609 5441 bis
2670 5387 2906 5442 verbis:
2965 5384 3068 5440 Καὶ
3127 5383 3285 5451 Θεὸν,
3348 5382 3496 5454 εἴπερ
3559 5372 3651 5431 τινὶ
3699 5359 3808 5427 ἄλλῳ

2234 5496 2492 5550 μεγιστῳ,
2568 5475 2654 5527 καὶ
2733 5472 3053 5529 καταστάσει
3128 5471 3419 5546 βασελείας
3504 5462 3706 5521 συνιέναι
3748 5468 3810 5503 ἴε·

2229 5563 2509 5636 στεύομεν,
2542 5570 2652 5621 etc.
