3968 6202
185 284 323 370 1101

1774 303 1983 360 NOTB
1992 345 2004 359 .

3466 311 3608 369 1102

260 437 401 508 Pag.
432 435 523 489 95.
577 431 740 499 Quod
785 430 882 485 hic
912 429 1149 498 dicitur,
1201 427 1460 484 solutum
1508 445 1542 482 a
1595 426 1839 500 synodio
1872 430 2110 493 Aluum
2156 433 2221 487 de
2268 434 2380 489 loco
2438 450 2556 503 suo,
2606 434 2722 488 nisi
2762 434 3143 505 paenitentiam
3186 435 3359 505 egeris
3416 436 3603 509 (Apoc.

189 524 423 596 antiqui
460 521 743 595 religione
783 517 1177 590 jurisjurandi
1231 515 1596 583 Michaelem,
1628 515 1844 587 quibus

186 613 542 685 exprimitur
568 609 781 676 verbis,
817 624 928 662 non
962 607 1193 661 videtur
1238 604 1396 660 aliud
1426 621 1635 660 sonare
1668 620 1843 674 quam

188 703 523 759 declarasse
580 700 740 770 ipsos
786 696 925 769 quid
961 695 1018 749 in
1054 712 1112 750 re
1160 699 1339 763 esset,
1400 698 1455 748 et
1503 694 1655 748 638
1709 709 1846 748 con-

194 792 387 848 sultos
419 795 475 846 et
524 790 790 845 doctores
821 785 1194 857 respondisse
1245 800 1359 838 non
1417 783 1599 837 videri
1642 784 1846 837 vincu-

191 882 314 936 lum
350 878 564 952 prioris
616 876 776 930 illius
821 872 1168 929 sacramenti
1220 874 1293 926 ad
1348 872 1456 926 hoc
1513 877 1746 942 tempus
1782 885 1847 923 ac

194 986 392 1026 rerum
423 966 737 1022 articulum
771 963 1016 1019 extendi.
1051 964 1400 1031 Quanquam
1450 960 1498 1015 si
1531 960 1714 1014 Graeci
1749 956 1847 1012 isti

194 1065 247 1116 et
279 1065 418 1113 tunc
448 1058 521 1112 ab
556 1054 824 1110 Ecclesiae
860 1053 1130 1107 Romana:
1170 1049 1586 1106 communione
1618 1045 1849 1102 discissi

193 1149 489 1205 antistites
512 1145 769 1214 aliquam
796 1142 906 1197 sibi
923 1140 1402 1212 jurisdictionem
1426 1144 1481 1194 et
1502 1142 1847 1209 potestatem

193 1237 355 1292 ultra
405 1237 492 1291 fas
540 1240 596 1289 et
627 1247 916 1288 canonum
963 1230 1375 1302 praescriptum
1435 1227 1851 1291 attribuerent,

196 1326 450 1382 minime
478 1324 533 1378 id
564 1322 779 1377 mirum
812 1323 983 1387 esset,
1013 1335 1145 1373 cum
1180 1317 1323 1373 talia
1351 1317 1703 1386 jamdudum
1739 1315 1849 1368 im-

194 1431 361 1487 pune
411 1426 646 1485 peccare
697 1409 856 1465 soliti
905 1412 1122 1464 essent.
1179 1408 1324 1477 Ergo
1357 1410 1413 1461 et
1463 1406 1592 1475 hac,
1628 1409 1691 1459 ut
1739 1403 1854 1457 alia

194 1521 328 1576 quae
360 1519 474 1558 non
510 1516 692 1573 pauca
718 1499 779 1553 in
805 1498 925 1553 haec
956 1496 1207 1552 historia
1228 1499 1538 1550 occurrent
1560 1492 1853 1549 schisma-

196 1594 299 1649 tici
333 1590 590 1647 auctoris
633 1588 841 1642 vitium
874 1584 1221 1652 redolentia,
1274 1584 1419 1639 citra
1451 1581 1855 1653 praajudicium

198 1687 255 1737 et
287 1697 427 1736 cum
460 1677 730 1732 cautione
763 1674 959 1731 debita
990 1673 1285 1746 legantur.

1954 538 2031 585 x1,
2056 520 2133 589 5).
2167 522 2248 576 Ne
2278 538 2411 578 vero
2434 524 2566 594 quis
2601 524 2671 577 ad
2706 523 3049 578 hodiernam
3082 525 3434 580 nostratium
3460 543 3603 581 con-

1954 609 2329 666 suetudinem
2355 613 2476 667 hasc
2508 614 2743 683 exigens
2778 612 2922 666 forte
2968 613 3290 667 arbitretur
3324 615 3604 670 candela-

1954 700 2126 754 brum
2163 700 2255 755 hic
2286 702 2532 772 intelligi
2567 700 2734 772 quale
2777 701 3034 773 praeferri
3088 719 3121 755 a
3153 702 3422 757 ministro
3455 706 3603 759 cele-

1958 789 2265 844 brantibus
2342 790 2632 861 episcopis
2700 790 2867 858 solet,
2947 795 3219 861 argenteo
3292 793 3602 848 manubrio

1957 894 2190 932 cereum
2246 880 2545 933 ardentem
2598 883 2859 950 portans,
2910 881 3064 949 quod
3116 880 3284 952 vulgo
3329 883 3387 936 in
3438 884 3605 939 Italia

1961 967 2187 1035 bugiam
2216 973 2425 1023 vocant
2458 974 2515 1023 et
2547 969 2700 1023 inter
2738 968 3130 1038 episcopalem
3176 970 3601 1041 supellectilem

1960 1061 2264 1111 censetur:
2302 1074 2392 1125 ne,
2456 1058 2721 1126 inquam,
2781 1057 2837 1110 id
2914 1057 3127 1111 habere
3196 1058 3388 1114 locum
3449 1062 3600 1115 639

1959 1146 2165 1216 possit,
2203 1147 2415 1210 obstat,
2448 1147 2603 1217 quod
2634 1145 3051 1200 candelabrum
3084 1148 3254 1217 cujus
3308 1148 3401 1202 hic
3428 1154 3485 1204 et
3545 1150 3604 1205 in

1960 1233 2107 1289 locis
2158 1234 2585 1305 Apocalypseos
2633 1233 2890 1288 laudatis
2939 1240 3029 1289 est
3087 1236 3327 1302 mentio,
3362 1254 3475 1292 non
3510 1256 3604 1294 ce-

1960 1339 2124 1377 reum
2158 1323 2354 1378 funale
2386 1323 2656 1394 praetulit,
2686 1323 2786 1378 sed
2822 1339 2924 1376 vas
2958 1322 3089 1387 olei,
3122 1323 3241 1379 sive
3269 1324 3605 1395 lampadem

1959 1414 2114 1468 intra
2161 1430 2339 1486 quam
2389 1412 2513 1468 oleo
2566 1413 2850 1468 innatans
2894 1412 3251 1484 ellychnium
3307 1416 3604 1471 ﬂammam

1962 1508 2299 1574 conceptam
2359 1504 2597 1574 pinguis
2668 1503 2916 1573 liquoris
2982 1520 3155 1559 succo
3213 1504 3412 1561 aleret.
3472 1506 3609 1561 Tale

1964 1594 2178 1665 quippe
2210 1592 2321 1647 fuit
2349 1590 2768 1647 candelabrum
2802 1592 3162 1648 tabernaculi
3194 1595 3608 1663 veteris,Exod.

1962 1699 2090 1748 xxv,
2123 1682 2212 1751 31,
2244 1686 2300 1736 et
2348 1698 2473 1751 quae
2524 1680 2593 1733 ad
2646 1679 2828 1748 hujus
2876 1680 3206 1750 exemplum
3263 1682 3615 1738 candelabra

269 1769 415 1841 Cap.
445 1768 499 1820 8.
554 1767 701 1821 Loca
752 1781 879 1837 quae
910 1763 1005 1817 hic
1047 1763 1193 1818 citat
1236 1760 1619 1832 Pachymeres
1649 1775 1717 1814 ex
1749 1758 1855 1813 Ho-

1982 1773 2164 1827 lecem
2196 1787 2374 1826 aurea
2403 1770 2537 1824 fecit
2568 1767 2843 1823 Salomon
2876 1772 2933 1821 et
2964 1769 3158 1836 posuit
3190 1769 3247 1823 in
3280 1772 3517 1841 templo,
3562 1773 3613 1826 II

196 1874 364 1914 mero
421 1856 699 1927 leguntur
750 1855 808 1907 in
859 1852 1022 1908 Iliad.
1078 1853 1120 1921 Ι,
1172 1868 1226 1908 v.
1281 1849 1661 1917 44Ο;Νήπιον,
1704 1845 1856 1900 οὔπω

195 1943 367 2008 εἰδόθ’
411 1942 608 2015 ὁμοίου
660 1940 956 2013 πολέμοιο,
1012 1945 1068 1996 et
1114 1936 1359 2010 lliad,3,
1403 1957 1456 1995 ν.
1490 1939 1631 1993 32οε
1685 1933 1859 1992 Ἀλλά

197 2042 464 2109 σεγῆρας
504 2032 667 2105 τείρει
722 2029 959 2103 ὁμοίιον.
1012 2031 1097 2085 Ad
1151 2045 1325 2101 quem
1379 2032 1742 2099 postremum
1775 2027 1866 2080 lo-

202 2142 344 2180 cum
402 2130 570 2179 vetus
620 2121 986 2184 scholiastes,
1041 2135 1217 2190 quem
1248 2118 1569 2188 Didymum
1622 2115 1863 2186 quidam

206 2216 452 2285 putant,
497 2214 580 2268 sic
630 2212 907 2266 adnotat:
960 2207 1153 2260 Ἰστὲυν
1183 2202 1229 2259 δ’
1271 2205 1353 2259 ὅτι
1398 2204 1425 2258 ὁ
1457 2204 1695 2273 ποιητὴς
1741 2223 1867 2256 παν-

204 2308 393 2379 ταχοῦ
419 2304 482 2356 τὸ
529 2300 746 2374 ὁμύίιον
791 2298 878 2353 ἐπὶ
928 2302 1025 2351 τοῦ
1075 2295 1286 2373 φαύλου
1321 2289 1613 2367 λαμϐάνει.
1674 2294 1864 2349 Scien—

206 2396 347 2450 dum
382 2397 583 2465 paelum
628 2392 830 2462 ubique
875 2389 1062 2444 simile
1088 2402 1190 2458 pro
1220 2384 1372 2441 malo
1414 2401 1651 2440 sumere.
1702 2384 1864 2438 Idem

211 2484 404 2539 tradit
432 2488 488 2537 et
509 2480 857 2537 Eustathius
881 2479 951 2533 ad
976 2494 1108 2532 eum
1128 2477 1317 2531 locum
1346 2492 1398 2545 p.
1424 2475 1527 2527 476
1557 2474 1648 2536 ed,
1672 2476 1864 2540 Rom.,

206 2573 441 2630 addens
476 2575 533 2626 et
574 2570 696 2625 haec
729 2587 742 2624 :
776 2567 988 2621 Ἀπίων
1033 2568 1163 2639 γοῦν
1224 2562 1312 2617 καὶ
1343 2558 1675 2636 Ἠρωδιανός
1707 2580 1864 2637 φασιν

207 2664 297 2717 ὅτι
363 2661 416 2714 o't
468 2658 890 2733 γλωσσογράφοι
960 2653 1177 2728 ὁμοίιον
1230 2650 1366 2707 κατᾶ
1423 2648 1682 2724 διαίρεσιν
1739 2669 1865 2726 φασι

197 2752 264 2806 τὸ
299 2748 475 2805 κακόν
508 2754 618 2804 etc.
654 2748 735 2803 ibi
769 2746 1041 2801 videnda.

277 2845 427 2910 Pag.
464 2840 584 2894 104.
641 2837 792 2904 Quod
841 2836 1065 2889 omnino
1109 2834 1363 2903 futurum
1412 2831 1682 2885 estnulla
1710 2845 1865 2901 posse

196 2927 515 3003 prudentia
544 2924 825 2997 prmverti.
860 2922 1048 2979 Semel
1084 2921 1356 2992 superius
1408 2920 1629 2987 monui,
1664 2918 1710 2972 si
1745 2918 1865 2972 haec

205 3021 285 3075 ad
323 3016 707 3074 astruendam
744 3029 981 3085 pravam
1016 3012 1088 3066 de
1119 3011 1234 3065 fato
1276 3010 1592 3063 humanam
1628 3007 1865 3062 liberta-

198 3116 331 3166 tem
386 3107 715 3178 perimente
760 3101 1087 3158 doctrinam
1138 3098 1393 3170 cuipiam
1446 3097 1733 3168 pertinere
1783 3096 1870 3149 vi-

1977 1860 2158 1917 Paral.
2210 1877 2287 1923 1v,
2335 1860 2389 1915 7.
2446 1858 2649 1929 Itaque
2679 1857 2824 1913 etin
2871 1856 3215 1926 Apocalypsi
3264 1860 3618 1915 candelabra

1974 1951 2096 2005 haec
2128 1946 2350 2022 λυχνίαι
2373 1952 2675 2012 vocantur,
2706 1947 2859 2018 quod
2884 1945 3156 2017 cerigeris
3178 1946 3615 2015 instrumentis,

1974 2040 2202 2111 opinor,
2238 2054 2353 2093 non
2387 2036 2675 2105 convenit,
2710 2035 2794 2090 uti
2830 2052 2933 2090 nec
2964 2051 3091 2106 quae
3126 2035 3219 2091 hic
3249 2039 3441 2090 Graece
3473 2037 3619 2107 legi-

1973 2133 2069 2183 tur
2098 2144 2207 2182 vox
2228 2122 2650 2199 λαμπαδοῦχον.
2676 2127 3035 2196 Argenteum
3085 2140 3217 2179 vero
3254 2124 3394 2179 illud
3441 2125 3621 2179 cerei-

1971 2216 2359 2288 gestatorium
2392 2233 2426 2270 a
2457 2216 2669 2269 Graecis
2694 2214 3117 2269 recentioribus
3140 2214 3375 2268 videtur
3407 2234 3479 2285 μα
3498 2233 3623 2267 νου-

1974 2304 2131 2359 άλιυν
2166 2305 2356 2376 potius
2387 2305 2632 2358 dictum.
2667 2304 2899 2358 Nicctas
2947 2304 3007 2357 in
3075 2304 3296 2358 Isaacio
3330 2308 3389 2358 et
3436 2303 3629 2359 Alexio

1974 2393 2052 2450 Τά
2080 2414 2139 2447 τε
2198 2392 2503 2465 μανουάλια
2567 2392 2655 2445 καὶ
2709 2389 3009 2461 κανδήλας.
3071 2398 3242 2447 Anna.
3306 2395 3627 2448 Commena

1976 2484 2013 2539 1.
2048 2501 2120 2538 xv
2153 2479 2488 2554 μανουηλήμ
2559 2481 2809 2554 appellat
2853 2481 3272 2538 candelabrum
3326 2487 3457 2537 ante
3515 2483 3625 2538 im-

1977 2577 2304 2645 peratorem
2339 2572 2594 2643 praeferri
2627 2569 2894 2639 solitum,
2926 2586 3061 2626 cum
3094 2571 3277 2625 funali
3305 2573 3528 2628 scilicet
3571 2578 3630 2628 et

1976 2678 2137 2716 cerea
2169 2660 2431 2715 candelo.
2467 2659 2629 2723 Quod
2664 2659 2712 2713 si
2746 2657 3166 2713 candelabrum
3212 2676 3445 2731 quoque
3485 2678 3628 2731 pon-

1975 2750 2234 2805 tiﬁcibus
2267 2748 2598 2821 prmlatum,
2630 2763 2740 2802 usu
2782 2746 3064 2802 similium
3116 2765 3308 2803 rerum
3349 2749 3633 2805 vocabula

1976 2838 2274 2907 vulgante,
2306 2837 2633 2908 reperiatur
2666 2833 2996 2906 μανουάλιον
3026 2839 3081 2890 et
3105 2835 3302 2907 ipsum
3346 2838 3564 2891 dictum
3599 2856 3633 2893 a

1978 2928 2280 2981 Philotheo
2314 2926 2370 2980 in
2403 2926 2735 2990 Diaconico,
2770 2930 2966 2979 tamen
3000 2941 3116 2979 non
3148 2925 3227 2979 illi
3264 2942 3485 2993 cereus,
3521 2928 3620 2981 sed

1979 3016 2205 3087 lampas
2257 3014 2688 3085 imponebatur,
2738 3016 2802 3067 ut
2841 3013 2994 3066 idem
3029 3012 3107 3067 ibi
3141 3013 3431 3080 observat,
3467 3014 3563 3066 Καὶ
3596 3015 3623 3068 ὁ

1980 3101 2231 3163 διάκονος
2268 3102 2591 3173 (inquiens)
2627 3099 2836 3154 ἵσταται
2887 3097 3118 3169 δεξιόθεν
3178 3101 3345 3154 αὐτυῦ
3374 3101 3625 3176 κατέχων

200 3177 494 3265 deantur,
546 3195 609 3266 (P
655 3194 781 3261 446)
829 3191 1125 3247 erroribus
1179 3187 1434 3243 auctoris
1484 3186 1866 3253 accensenda,

1985 3191 2315 3266 μανουάλιον
2390 3191 2523 3263 μετὰ
2597 3186 2885 3262 λαμπάδος
2957 3187 3242 3262 ἡμμένης.
3315 3193 3626 3263 Proprium

203 3295 271 3344 ut
306 3284 461 3341 nihil
496 3287 697 3339 contra
726 3281 845 3337 veri
880 3279 1141 3349 certique
1172 3276 1468 3348 dogmatis
1500 3275 1875 3346 praescribere

210 3375 635 3433 auctoritatem
668 3374 905 3442 queant.

287 3466 438 3535 Pag.
476 3463 600 3518 113.
651 3461 865 3516 Nicetas
913 3458 1197 3529 episcOpus
1239 3456 1515 3511 Heraclea?
1546 3455 1873 3509 mitteretur.

212 3558 494 3612 Graeca:
573 3550 855 3621 Πὲμπουσι
938 3544 1065 3606 τοὺς
1160 3542 1284 3616 περὶ
1379 3542 1471 3597 τὸν
1554 3541 1875 3615 Ἡρακλείας

210 3641 493 3711 Νικήταν.
528 3640 657 3695 Haec
689 3642 827 3693 sunt
856 3653 924 3691 ex
949 3635 1075 3690 cod.
1132 3632 1425 3688 Allatiano
1466 3637 1523 3688 et
1551 3633 1603 3687 ei
1634 3650 1878 3687 consen-

205 3733 413 3789 tiente
446 3727 899 3784 Vaticano.Nam
920 3724 1275 3779 Barberinus
1296 3722 1567 3785 habebat,
1599 3720 1878 3791 ιΙέμπουσι

202 3819 348 3881 τοὺς
400 3817 530 3893 περὶ
584 3818 676 3871 τὸν
726 3810 1106 3886 Νικομηδείας
1134 3812 1413 3881 Ἰωάννην.
1464 3811 1682 3865 Tamen
1723 3811 1878 3865 idem

216 3913 414 3968 codex
458 3908 768 3964 lectionem
822 3904 1093 3960 Allatiani
1142 3902 1461 3956 annotabat
1488 3899 1546 3953 in
1598 3900 1879 3969 margine,

216 4001 307 4057 uti
349 4008 405 4054 et
439 3997 773 4053 Allatianus
801 3993 1063 4049 vicissim
1096 3991 1404 4047 lectionem
1438 3988 1669 4043 Barber.
1695 3990 1881 4053 Quare

213 4106 361 4147 cum
398 4086 487 4143 illi
539 4088 655 4141 duo
705 4084 969 4155 ambigui
1014 4088 1230 4150 essent,
1281 4078 1557 4148 suﬂ‘ragio
1612 4078 1879 4132 Vaticani

215 4180 311 4235 eis
345 4178 644 4247 dirempta
675 4178 795 4240 est;
830 4178 884 4227 et
914 4170 1175 4227 omnium
1203 4170 1327 4239 jam
1359 4182 1646 4222 consensu
1672 4167 1878 4237 proba-

213 4275 347 4325 tam
410 4264 640 4322 ounctis
698 4262 928 4318 restitui
982 4260 1316 4322 lectionem,
1376 4273 1445 4311 ex
1491 4256 1679 4328 ipsius
1736 4257 1880 4310 forte

216 4356 493 4414 auctoris
539 4353 897 4409 correctione
943 4355 1154 4415 ortam,
1202 4348 1301 4419 qui
1352 4347 1502 4418 quod
1562 4346 1726 4417 prius
1776 4362 1880 4416 po-

216 4452 449 4513 suerat,
507 4443 830 4498 emendans
879 4438 1212 4494 mutaverit.
1256 4437 1422 4491 Certo
1469 4436 1880 4506 pronuntiare-

1985 3301 2118 3356 ergo
2147 3283 2379 3338 videtur
2408 3280 2785 3337 ecclesiastici
2810 3284 2868 3335 et
2903 3280 3253 3352 episcopalis
3294 3283 3632 3338 candelabri

1984 3374 2321 3445 lampadem
2382 3387 2517 3426 cum
2566 3370 2689 3426 oleo
2765 3373 3015 3441 gestare.
3074 3373 3235 3425 Unde
3284 3372 3430 3427 forte
3472 3375 3627 3444 apud

1984 3463 2323 3519 Zachariam
2354 3460 2719 3532 prophetam,
2752 3476 2800 3515 c.
2834 3461 2886 3528 4,
2919 3458 3207 3515 olivarum
3248 3477 3381 3515 cum
3414 3463 3629 3518 cande-

1986 3553 2150 3608 labro
2191 3551 2409 3606 mentio
2454 3550 2749 3621 jungitur.
2800 3553 2923 3603 Huc
2963 3548 3306 3604 crediderim
3359 3550 3631 3606 allusisse

1984 3640 2318 3712 Synesium,
2353 3639 2491 3693 dum
2538 3638 2939 3709 episcopatum
2974 3636 3164 3689 ἐλαίου
3196 3643 3254 3693 et
3284 3636 3489 3706 ἐλαίας,
3521 3641 3633 3695 olei

1988 3736 2044 3784 et
2077 3730 2239 3783 oliva:
2287 3727 2573 3799 symbolis
2620 3727 3007 3781 adumbravit.
3058 3727 3331 3782 Scribens
3378 3729 3532 3782 enim
3558 3730 3628 3783 ad

1987 3817 2244 3872 amicum
2278 3816 2379 3886 qui
2410 3815 2502 3870 sui
2534 3816 2819 3870 rationem
2851 3816 3109 3870 absentis
3132 3815 3336 3871 haberi
3377 3817 3631 3873 comitiis

1990 3904 2419 3977 episcopalibus
2470 3904 2790 3974 cupiverat,
2840 3920 2945 3959 nec
2993 3920 3233 3975 compos
3273 3905 3455 3975 optati
3506 3910 3633 3962 erat

1990 3997 2197 4063 factus,
2231 4010 2548 4065 serumque
2577 4010 2683 4049 nec
2736 3993 2860 4064 spei
2921 3994 3095 4047 affine
3146 3994 3269 4062 jam
3324 3994 3380 4047 id
3433 4000 3630 4050 votum

1989 4088 2132 4147 erat,
2167 4083 2323 4153 quod
2351 4082 2629 4137 omnibus
2662 4082 2859 4136 vacuis
2897 4081 3138 4136 sedibus
3187 4082 3445 4153 impositi
3479 4100 3626 4154 prte-

1990 4174 2145 4230 sides
2176 4171 2433 4243 episcopi
2492 4170 2763 4237 fuissent,
2799 4171 2856 4225 id
2910 4170 3109 4241 ipsum
3161 4170 3383 4226 indicat
3439 4172 3629 4245 amig-

1992 4262 2200 4317 matic-e
2230 4260 2322 4315 his
2349 4260 2542 4315 verbis
2573 4277 2587 4315 :
2613 4260 2675 4310 Ὃ
2729 4258 2830 4333 γὰρ
2879 4254 3064 4313 ἔλαιον
3100 4256 3163 4311 σύ
3192 4278 3251 4311 τε
3298 4258 3494 4330 ἀξιοῖς,
3527 4266 3637 4317 etc.

1991 4357 2048 4406 et
2074 4349 2248 4422 paulo
2290 4353 2460 4421 post:
2511 4345 2643 4405 Οὐδ’
2676 4347 2832 4402 ἐλαία
2878 4368 2959 4407 τις
2992 4346 3133 4401 ἐστιν
3188 4344 3637 4423 ἐνοφθαλμισμοὶ-

1988 4460 2097 4492 των
2131 4438 2486 4511 ἐστερημένη.
2535 4481 2546 4493 .
2594 4478 2606 4492 .
2660 4480 2673 4495 .
2713 4435 2794 4513 ἐφ’
2846 4435 2983 4509 ᾗπερ
3018 4435 3074 4489 ἂν
3134 4436 3161 4488 ὁ
3197 4433 3332 4504 ἡδὺς
3364 4434 3523 4514 φίλος
3552 4437 3639 4512 ἐγ-

217 4554 365 4593 mus
397 4536 472 4590 de
503 4549 585 4600 re,
620 4532 669 4588 si
701 4534 994 4586 constaret
1050 4531 1182 4581 utra
1213 4526 1271 4579 in
1304 4524 1560 4588 civitate,
1610 4524 1884 4579 Heraclea
1914 4544 1959 4607 Ι)
1989 4526 2352 4601 κεντρισθεὶη.
2408 4532 2478 4582 At
2526 4527 2737 4582 melius
2781 4528 2957 4581 fuerit
3004 4530 3184 4581 totam
3238 4526 3408 4582 istam
3454 4532 3638 4598 Syne-

217 4644 299 4683 an
352 4622 720 4687 Nicomedia,
766 4623 922 4675 esset
970 4615 1411 4673 monasterium.
1452 4619 1508 4667 Β.
1560 4614 1878 4680 Diomedis,

220 4718 409 4787 cujus
435 4712 535 4768 hic
566 4709 812 4766 mentio.

302 4809 447 4875 Pag.
484 4801 608 4857 115.
644 4799 806 4865 Quod
846 4795 1261 4853 candelabrum
1301 4792 1589 4864 repetitur
1617 4793 1689 4847 ab
1720 4797 1883 4848 Arse-

220 4894 332 4950 nio
364 4893 426 4946 in
461 4890 697 4959 signum
730 4886 982 4942 abdicati
1016 4883 1253 4939 honoris
1284 4880 1714 4953 patriarchalis,
1748 4882 1883 4937 inde

220 4984 467 5040 videtur
501 4975 902 5045 factum,quod
935 4973 1088 5043 apud
1120 4975 1347 5025 Graecos
1372 4969 1604 5041 insigne
1625 4974 1884 5041 potesta-

226 5074 315 5129 tis
347 5065 707 5140 episcopalis
740 5061 1159 5118 candelabrum
1192 5060 1523 5114 haberetur.
1559 5057 1704 5113 Nam
1737 5064 1794 5113 et
1824 5059 1882 5113 in

216 5156 590 5231 Apocalypsi
621 5158 845 5225 septem
876 5150 1137 5222 episcopi
1166 5149 1310 5204 Asia:
1344 5152 1567 5218 septem
1610 5148 1885 5203 candela-

222 5251 485 5305 brorum
535 5241 797 5316 symbolo
848 5239 1273 5309 designantur;
1328 5242 1383 5292 et
1414 5237 1512 5291 ubi
1564 5254 1631 5291 ex
1662 5237 1751 5292 his
1784 5238 1884 5293 uni

223 5336 539 5408 Ephesino
563 5328 944 5387 comminatio
975 5327 1295 5382 intentatur
1324 5325 1887 5397 eripiendihonoris,

222 5445 306 5484 ea
362 5419 718 5495 exprimitur
770 5417 863 5473 his
909 5416 1103 5472 verbis
1152 5432 1165 5470 :
1227 5415 1435 5471 Movebo
1488 5414 1890 5472 candelabrum

1991 4618 2138 4673 siani
2171 4633 2298 4671 vere
2323 4616 2685 4672 characteris
2729 4615 3064 4687 epistolam,
3110 4631 3241 4685 quas
3273 4617 3424 4671 inter
3453 4617 3642 4674 editas

1992 4724 2101 4761 non
2137 4710 2437 4777 comparet
2459 4706 2559 4775 (α),
2595 4720 2662 4758 ex
2713 4705 2935 4775 optimo
2980 4704 3262 4759 Vaticano
3313 4705 3509 4760 codice
3543 4706 3639 4761 hic

1993 4795 2343 4862 describere,
2379 4794 2655 4864 adjuncta
2686 4797 2889 4848 nostra
2914 4793 3390 4864 interpretatione
3411 4796 3641 4851 Latina.

1994 4886 2088 4940 Sic
2119 4879 2807 4955 igiturghabetzzuvseiou
2870 4883 2953 4953 [P.
2987 4883 3113 4953 447]
3170 4880 3434 4951 ἐπιστολή
3498 4885 3638 4957 ρκγ¹,

1996 4970 2133 5046 πρός
2182 4992 2304 5024 τινα
2358 4971 2463 5025 τῶν
2525 4969 2750 5043 ἑταίρων
2804 4968 3105 5039 ἐπισκοπὴν
3138 4969 3199 5025 ἐκ
3250 4973 3513 5046 μακρόθεν
3565 4974 3647 5026 αἱ-

1996 5064 2235 5133 τήσαντα
2266 5062 2399 5134 μετᾶ
2421 5062 2520 5130 τὴν
2569 5065 2677 5115 τῶν
2732 5060 3042 5116 ἐπισκόπων
3074 5061 3527 5117 ἀποκατάστασιν.
3563 5064 3645 5118 Τὰ

1999 5154 2310 5229 σοφώτατον
2338 5153 2556 5227 γράμμ,
2589 5158 2702 5208 etc.

2073 5244 2410 5297 640-64]
2439 5243 2575 5313 Cap.
2611 5243 2697 5296 19.
2732 5243 2813 5314 (Ρ.
2840 5242 2965 5313 448)
2992 5241 3174 5297 Valde
3200 5242 3429 5296 videtur
3469 5244 3645 5293 notan

2000 5333 2136 5387 dum
2166 5333 2463 5388 somnium
2495 5331 2605 5386 hoc
2649 5332 3060 5403 propheticum
3111 5330 3372 5386 oblatum
3403 5327 3645 5382 Joanni-

2002 5425 2186 5478 Vecco
2213 5427 2269 5477 et
2298 5420 2701 5477 testimonium
2727 5421 2881 5491 quod
2904 5420 3063 5475 illius
3084 5420 3215 5473 ﬁdei
3248 5435 3311 5471 ac
3345 5414 3640 5471 veracitati

321 5639 402 5712 (α)
428 5637 637 5694 Exstat
663 5632 723 5689 in
756 5633 960 5688 nostra
976 5603 1245 5686 .editione
1274 5627 1534 5700 Operum
1565 5631 1811 5702 Synesii.
1844 5633 1989 5691 Vide
2015 5639 2159 5693 tom.
2193 5634 2385 5706 LXVI,
2417 5635 2525 5692 col.
2560 5634 2716 5689 1559.
