  <div class='ocr_page' id='page_1' title='image "/cluster/home/n/w/nwhite01/storage/ocr_20150623/143/hvd.32044073502585/557.png"; bbox 0 0 3978 6182; ppageno 0'>
   <div class='ocr_carea' id='block_1_1' title="bbox 469 242 610 300">
    <p class='ocr_par' dir='ltr' id='par_1_1' title="bbox 469 242 610 300">
     <span class='ocr_line' id='line_1_1' title="bbox 469 242 610 300; baseline 0.007 -1"><span class='ocrx_word' id='word_1_1' title='bbox 469 242 610 300; x_wconf 82' lang='grc'>1103</span> 
     </span>
    </p>
   </div>
   <div class='ocr_carea' id='block_1_2' title="bbox 1507 227 2887 290">
    <p class='ocr_par' dir='ltr' id='par_1_2' title="bbox 1507 227 2887 290">
     <span class='ocr_line' id='line_1_2' title="bbox 1507 227 2887 290; baseline -0.009 0"><span class='ocrx_word' id='word_1_2' title='bbox 1507 239 1569 290; x_wconf 87' lang='grc' dir='ltr'><strong>Ρ.</strong></span> <span class='ocrx_word' id='word_1_3' title='bbox 1610 234 1890 290; x_wconf 81' lang='lat' dir='ltr'>POSSINI</span> <span class='ocrx_word' id='word_1_4' title='bbox 1925 229 2543 288; x_wconf 76' lang='lat' dir='ltr'>OBSERVATIONUM</span> <span class='ocrx_word' id='word_1_5' title='bbox 2579 229 2712 282; x_wconf 86' lang='lat' dir='ltr'>LIB.</span> <span class='ocrx_word' id='word_1_6' title='bbox 2751 229 2824 281; x_wconf 82' lang='lat' dir='ltr'><strong>II.</strong></span> <span class='ocrx_word' id='word_1_7' title='bbox 2883 227 2887 230; x_wconf 45' lang='grc'><strong>⁴</strong></span> 
     </span>
    </p>
   </div>
   <div class='ocr_carea' id='block_1_3' title="bbox 3680 233 3797 293">
    <p class='ocr_par' dir='ltr' id='par_1_3' title="bbox 3680 233 3797 293">
     <span class='ocr_line' id='line_1_3' title="bbox 3680 233 3797 293; baseline 0.026 -3"><span class='ocrx_word' id='word_1_8' title='bbox 3680 233 3797 293; x_wconf 68' lang='lat' dir='ltr'>MOI</span> 
     </span>
    </p>
   </div>
   <div class='ocr_carea' id='block_1_4' title="bbox 473 348 3796 438">
    <p class='ocr_par' dir='ltr' id='par_1_4' title="bbox 473 348 3796 438">
     <span class='ocr_line' id='line_1_4' title="bbox 473 348 3796 438; baseline -0.004 -14"><span class='ocrx_word' id='word_1_9' title='bbox 473 360 964 438; x_wconf 82' lang='lat' dir='ltr'>Pachymeres,illi</span> <span class='ocrx_word' id='word_1_10' title='bbox 989 359 1261 430; x_wconf 88' lang='lat' dir='ltr'>alias,ubi</span> <span class='ocrx_word' id='word_1_11' title='bbox 1279 359 1352 414; x_wconf 88' lang='lat' dir='ltr'>de</span> <span class='ocrx_word' id='word_1_12' title='bbox 1380 356 1803 413; x_wconf 75' lang='lat' dir='ltr'>conciliationis</span> <span class='ocrx_word' id='word_1_13' title='bbox 1823 353 2108 410; x_wconf 85' lang='lat' dir='ltr'>Ecclesia-</span> <span class='ocrx_word' id='word_1_14' title='bbox 2138 356 2193 420; x_wconf 75' lang='grc' dir='ltr'><strong>Α</strong></span> <span class='ocrx_word' id='word_1_15' title='bbox 2223 351 2603 424; x_wconf 80' lang='lat' dir='ltr'>repudientur</span> <span class='ocrx_word' id='word_1_16' title='bbox 2631 354 2689 406; x_wconf 91' lang='lat' dir='ltr'>et</span> <span class='ocrx_word' id='word_1_17' title='bbox 2711 348 3079 420; x_wconf 74' lang='lat' dir='ltr'>corrigantur</span> <span class='ocrx_word' id='word_1_18' title='bbox 3098 364 3132 402; x_wconf 93' lang='lat' dir='ltr'>a</span> <span class='ocrx_word' id='word_1_19' title='bbox 3150 348 3427 418; x_wconf 86' lang='lat' dir='ltr'>prudente</span> <span class='ocrx_word' id='word_1_20' title='bbox 3451 349 3644 409; x_wconf 76' lang='lat' dir='ltr'>lectore</span> <span class='ocrx_word' id='word_1_21' title='bbox 3663 355 3796 426; x_wconf 71' lang='lat' dir='ltr'>juxta</span> 
     </span>
    </p>
   </div>
   <div class='ocr_carea' id='block_1_5' title="bbox 473 445 2108 522">
    <p class='ocr_par' dir='ltr' id='par_1_5' title="bbox 473 445 2108 522">
     <span class='ocr_line' id='line_1_5' title="bbox 473 445 2108 522; baseline -0.01 -10"><span class='ocrx_word' id='word_1_22' title='bbox 473 473 602 512; x_wconf 80' lang='lat' dir='ltr'>tum</span> <span class='ocrx_word' id='word_1_23' title='bbox 638 450 868 522; x_wconf 87' lang='lat' dir='ltr'>negotio</span> <span class='ocrx_word' id='word_1_24' title='bbox 898 450 1324 522; x_wconf 85' lang='lat' dir='ltr'>agitur,parum</span> <span class='ocrx_word' id='word_1_25' title='bbox 1358 445 1941 518; x_wconf 66' lang='lat' dir='ltr'>asquus,reddit,dum</span> <span class='ocrx_word' id='word_1_26' title='bbox 1975 459 2108 498; x_wconf 90' lang='lat' dir='ltr'>eum</span> 
     </span>
    </p>
   </div>
   <div class='ocr_carea' id='block_1_6' title="bbox 467 531 2107 619">
    <p class='ocr_par' dir='ltr' id='par_1_6' title="bbox 467 531 2107 619">
     <span class='ocr_line' id='line_1_6' title="bbox 467 531 2107 619; baseline -0.005 -24"><span class='ocrx_word' id='word_1_27' title='bbox 467 540 751 619; x_wconf 76' lang='grc' dir='ltr'>φιλαληθῆ</span> <span class='ocrx_word' id='word_1_28' title='bbox 800 537 874 600; x_wconf 79' lang='grc' dir='ltr'>εἷς</span> <span class='ocrx_word' id='word_1_29' title='bbox 932 535 1112 592; x_wconf 81' lang='grc' dir='ltr'>πίστιν</span> <span class='ocrx_word' id='word_1_30' title='bbox 1165 541 1271 590; x_wconf 82' lang='grc' dir='ltr'>τῶν</span> <span class='ocrx_word' id='word_1_31' title='bbox 1334 534 1646 610; x_wconf 75' lang='grc' dir='ltr'>λεγομὲνων</span> <span class='ocrx_word' id='word_1_32' title='bbox 1708 534 1888 588; x_wconf 83' lang='lat' dir='ltr'>fuisse</span> <span class='ocrx_word' id='word_1_33' title='bbox 1946 531 2107 597; x_wconf 82' lang='lat' dir='ltr'>dicit,</span> 
     </span>
    </p>
   </div>
   <div class='ocr_carea' id='block_1_7' title="bbox 464 622 2109 694">
    <p class='ocr_par' dir='ltr' id='par_1_7' title="bbox 464 622 2109 694">
     <span class='ocr_line' id='line_1_7' title="bbox 464 622 2109 694; baseline -0.009 -6"><span class='ocrx_word' id='word_1_34' title='bbox 464 635 570 688; x_wconf 89' lang='lat' dir='ltr'>hoc</span> <span class='ocrx_word' id='word_1_35' title='bbox 599 636 690 688; x_wconf 87' lang='lat' dir='ltr'>est</span> <span class='ocrx_word' id='word_1_36' title='bbox 713 629 978 687; x_wconf 92' lang='lat' dir='ltr'>veritatis</span> <span class='ocrx_word' id='word_1_37' title='bbox 1010 633 1329 694; x_wconf 82' lang='lat' dir='ltr'>amentem,</span> <span class='ocrx_word' id='word_1_38' title='bbox 1383 632 1440 682; x_wconf 91' lang='lat' dir='ltr'>et</span> <span class='ocrx_word' id='word_1_39' title='bbox 1469 626 1563 681; x_wconf 92' lang='lat' dir='ltr'>cui</span> <span class='ocrx_word' id='word_1_40' title='bbox 1613 630 1741 680; x_wconf 92' lang='lat' dir='ltr'>tuto</span> <span class='ocrx_word' id='word_1_41' title='bbox 1767 624 1917 693; x_wconf 89' lang='lat' dir='ltr'>quod</span> <span class='ocrx_word' id='word_1_42' title='bbox 1951 622 2109 676; x_wconf 81' lang='lat' dir='ltr'>afﬁr-</span> 
     </span>
    </p>
   </div>
   <div class='ocr_carea' id='block_1_8' title="bbox 456 711 2109 787">
    <p class='ocr_par' dir='ltr' id='par_1_8' title="bbox 456 711 2109 787">
     <span class='ocr_line' id='line_1_8' title="bbox 456 711 2109 787; baseline -0.007 -9"><span class='ocrx_word' id='word_1_43' title='bbox 456 723 660 778; x_wconf 88' lang='lat' dir='ltr'>mabat</span> <span class='ocrx_word' id='word_1_44' title='bbox 674 718 1202 777; x_wconf 91' lang='lat' dir='ltr'>crederetur.Unde</span> <span class='ocrx_word' id='word_1_45' title='bbox 1227 717 1615 787; x_wconf 80' lang='lat' dir='ltr'>intelligimus</span> <span class='ocrx_word' id='word_1_46' title='bbox 1637 730 1763 786; x_wconf 67' lang='lat' dir='ltr'>quas</span> <span class='ocrx_word' id='word_1_47' title='bbox 1787 713 1882 767; x_wconf 91' lang='lat' dir='ltr'>ille</span> <span class='ocrx_word' id='word_1_48' title='bbox 1900 711 2109 768; x_wconf 91' lang='lat' dir='ltr'>deinde</span> 
     </span>
    </p>
   </div>
   <div class='ocr_carea' id='block_1_9' title="bbox 459 801 2107 882">
    <p class='ocr_par' dir='ltr' id='par_1_9' title="bbox 459 801 2107 882">
     <span class='ocr_line' id='line_1_9' title="bbox 459 801 2107 882; baseline -0.008 -15"><span class='ocrx_word' id='word_1_49' title='bbox 459 812 647 867; x_wconf 89' lang='lat' dir='ltr'>multa</span> <span class='ocrx_word' id='word_1_50' title='bbox 681 825 1014 882; x_wconf 88' lang='lat' dir='ltr'>magnaque</span> <span class='ocrx_word' id='word_1_51' title='bbox 1048 825 1152 880; x_wconf 92' lang='lat' dir='ltr'>pro</span> <span class='ocrx_word' id='word_1_52' title='bbox 1190 806 1405 862; x_wconf 84' lang='lat' dir='ltr'>Latinis</span> <span class='ocrx_word' id='word_1_53' title='bbox 1453 810 1658 859; x_wconf 90' lang='lat' dir='ltr'>contra</span> <span class='ocrx_word' id='word_1_54' title='bbox 1697 802 1926 858; x_wconf 64' lang='lat' dir='ltr'>Grmcos</span> <span class='ocrx_word' id='word_1_55' title='bbox 1959 801 2107 856; x_wconf 90' lang='lat' dir='ltr'>scri-</span> 
     </span>
    </p>
   </div>
   <div class='ocr_carea' id='block_1_10' title="bbox 457 889 2108 970">
    <p class='ocr_par' dir='ltr' id='par_1_10' title="bbox 457 889 2108 970">
     <span class='ocr_line' id='line_1_10' title="bbox 457 889 2108 970; baseline -0.008 -14"><span class='ocrx_word' id='word_1_56' title='bbox 457 901 578 970; x_wconf 92' lang='lat' dir='ltr'>psit</span> <span class='ocrx_word' id='word_1_57' title='bbox 608 905 666 956; x_wconf 92' lang='lat' dir='ltr'>et</span> <span class='ocrx_word' id='word_1_58' title='bbox 693 899 860 966; x_wconf 86' lang='lat' dir='ltr'>dixit,</span> <span class='ocrx_word' id='word_1_59' title='bbox 896 913 1072 970; x_wconf 89' lang='lat' dir='ltr'>quam</span> <span class='ocrx_word' id='word_1_60' title='bbox 1105 897 1176 952; x_wconf 92' lang='lat' dir='ltr'>ob</span> <span class='ocrx_word' id='word_1_61' title='bbox 1204 895 1366 951; x_wconf 90' lang='lat' dir='ltr'>omni</span> <span class='ocrx_word' id='word_1_62' title='bbox 1414 893 1754 964; x_wconf 80' lang='lat' dir='ltr'>exceptione</span> <span class='ocrx_word' id='word_1_63' title='bbox 1800 889 2024 944; x_wconf 84' lang='lat' dir='ltr'>fraudis</span> <span class='ocrx_word' id='word_1_64' title='bbox 2050 891 2108 943; x_wconf 88' lang='lat' dir='ltr'>et</span> 
     </span>
    </p>
   </div>
   <div class='ocr_carea' id='block_1_11' title="bbox 459 985 1336 1044">
    <p class='ocr_par' dir='ltr' id='par_1_11' title="bbox 459 985 1336 1044">
     <span class='ocr_line' id='line_1_11' title="bbox 459 985 1336 1044; baseline -0.007 1"><span class='ocrx_word' id='word_1_65' title='bbox 459 990 574 1044; x_wconf 94' lang='lat' dir='ltr'>fuci</span> <span class='ocrx_word' id='word_1_66' title='bbox 609 988 799 1044; x_wconf 89' lang='lat' dir='ltr'>aliena</span> <span class='ocrx_word' id='word_1_67' title='bbox 830 988 1083 1043; x_wconf 83' lang='lat' dir='ltr'>debeant</span> <span class='ocrx_word' id='word_1_68' title='bbox 1113 985 1336 1040; x_wconf 91' lang='lat' dir='ltr'>haberi.</span> 
     </span>
    </p>
   </div>
   <div class='ocr_carea' id='block_1_12' title="bbox 532 1075 2105 1158">
    <p class='ocr_par' dir='ltr' id='par_1_12' title="bbox 532 1075 2105 1158">
     <span class='ocr_line' id='line_1_12' title="bbox 532 1075 2105 1158; baseline -0.008 -17"><span class='ocrx_word' id='word_1_69' title='bbox 532 1087 669 1158; x_wconf 89' lang='lat' dir='ltr'>Pag.</span> <span class='ocrx_word' id='word_1_70' title='bbox 706 1086 826 1141; x_wconf 75' lang='grc'><strong>124.</strong></span> <span class='ocrx_word' id='word_1_71' title='bbox 863 1087 927 1140; x_wconf 85' lang='lat' dir='ltr'>In</span> <span class='ocrx_word' id='word_1_72' title='bbox 952 1083 1240 1139; x_wconf 84' lang='lat' dir='ltr'>suburbio.</span> <span class='ocrx_word' id='word_1_73' title='bbox 1297 1081 1465 1136; x_wconf 87' lang='lat' dir='ltr'>Forte</span> <span class='ocrx_word' id='word_1_74' title='bbox 1496 1079 1695 1150; x_wconf 86' lang='lat' dir='ltr'>aptius</span> <span class='ocrx_word' id='word_1_75' title='bbox 1733 1075 2105 1146; x_wconf 86' lang='lat' dir='ltr'>scripsissem</span> 
     </span>
    </p>
   </div>
   <div class='ocr_carea' id='block_1_13' title="bbox 456 1165 2103 1234">
    <p class='ocr_par' dir='ltr' id='par_1_13' title="bbox 456 1165 2103 1234">
     <span class='ocr_line' id='line_1_13' title="bbox 456 1165 2103 1234; baseline -0.01 0"><span class='ocrx_word' id='word_1_76' title='bbox 456 1181 514 1234; x_wconf 85' lang='lat' dir='ltr'>in</span> <span class='ocrx_word' id='word_1_77' title='bbox 537 1178 872 1234; x_wconf 84' lang='lat' dir='ltr'>suburbano.</span> <span class='ocrx_word' id='word_1_78' title='bbox 908 1181 1044 1229; x_wconf 88' lang='lat' dir='ltr'>Nam</span> <span class='ocrx_word' id='word_1_79' title='bbox 1081 1173 1434 1229; x_wconf 90' lang='lat' dir='ltr'>suburbium</span> <span class='ocrx_word' id='word_1_80' title='bbox 1483 1171 1714 1225; x_wconf 90' lang='lat' dir='ltr'>videtur</span> <span class='ocrx_word' id='word_1_81' title='bbox 1759 1168 1923 1223; x_wconf 90' lang='lat' dir='ltr'>locus</span> <span class='ocrx_word' id='word_1_82' title='bbox 1973 1165 2103 1220; x_wconf 86' lang='lat' dir='ltr'>urbi</span> 
     </span>
    </p>
   </div>
   <div class='ocr_carea' id='block_1_14' title="bbox 452 1257 2101 1338">
    <p class='ocr_par' dir='ltr' id='par_1_14' title="bbox 452 1257 2101 1338">
     <span class='ocr_line' id='line_1_14' title="bbox 452 1257 2101 1338; baseline -0.009 -15"><span class='ocrx_word' id='word_1_83' title='bbox 452 1270 740 1322; x_wconf 82' lang='lat' dir='ltr'>admotior</span> <span class='ocrx_word' id='word_1_84' title='bbox 760 1282 938 1338; x_wconf 91' lang='lat' dir='ltr'>quam</span> <span class='ocrx_word' id='word_1_85' title='bbox 972 1265 1065 1318; x_wconf 90' lang='lat' dir='ltr'>hic</span> <span class='ocrx_word' id='word_1_86' title='bbox 1085 1263 1402 1330; x_wconf 88' lang='lat' dir='ltr'>indicatus,</span> <span class='ocrx_word' id='word_1_87' title='bbox 1437 1260 1656 1331; x_wconf 89' lang='lat' dir='ltr'>quippe</span> <span class='ocrx_word' id='word_1_88' title='bbox 1682 1259 1748 1312; x_wconf 91' lang='lat' dir='ltr'>ad</span> <span class='ocrx_word' id='word_1_89' title='bbox 1784 1257 2101 1328; x_wconf 86' lang='lat' dir='ltr'>septimum</span> 
     </span>
    </p>
   </div>
   <div class='ocr_carea' id='block_1_15' title="bbox 453 1345 2100 1426">
    <p class='ocr_par' dir='ltr' id='par_1_15' title="bbox 453 1345 2100 1426">
     <span class='ocr_line' id='line_1_15' title="bbox 453 1345 2100 1426; baseline -0.009 -16"><span class='ocrx_word' id='word_1_90' title='bbox 453 1356 603 1411; x_wconf 91' lang='lat' dir='ltr'>situs</span> <span class='ocrx_word' id='word_1_91' title='bbox 636 1355 915 1426; x_wconf 89' lang='lat' dir='ltr'>lapidem.</span> <span class='ocrx_word' id='word_1_92' title='bbox 946 1353 1216 1408; x_wconf 88' lang='lat' dir='ltr'>Nondum</span> <span class='ocrx_word' id='word_1_93' title='bbox 1240 1357 1436 1406; x_wconf 85' lang='lat' dir='ltr'>tamen</span> <span class='ocrx_word' id='word_1_94' title='bbox 1472 1365 1559 1403; x_wconf 91' lang='lat' dir='ltr'>me</span> <span class='ocrx_word' id='word_1_95' title='bbox 1592 1349 1720 1416; x_wconf 91' lang='lat' dir='ltr'>ipse</span> <span class='ocrx_word' id='word_1_96' title='bbox 1751 1345 2100 1412; x_wconf 89' lang='lat' dir='ltr'>condemno,</span> 
     </span>
    </p>
   </div>
   <div class='ocr_carea' id='block_1_16' title="bbox 453 1432 2102 1516">
    <p class='ocr_par' dir='ltr' id='par_1_16' title="bbox 453 1432 2102 1516">
     <span class='ocr_line' id='line_1_16' title="bbox 453 1432 2102 1516; baseline -0.009 -15"><span class='ocrx_word' id='word_1_97' title='bbox 453 1445 554 1516; x_wconf 89' lang='lat' dir='ltr'>qui</span> <span class='ocrx_word' id='word_1_98' title='bbox 584 1445 763 1500; x_wconf 82' lang='lat' dir='ltr'>sciam</span> <span class='ocrx_word' id='word_1_99' title='bbox 794 1444 854 1497; x_wconf 88' lang='lat' dir='ltr'>in</span> <span class='ocrx_word' id='word_1_100' title='bbox 898 1442 1174 1497; x_wconf 77' lang='lat' dir='ltr'>maximis</span> <span class='ocrx_word' id='word_1_101' title='bbox 1213 1446 1270 1495; x_wconf 90' lang='lat' dir='ltr'>et</span> <span class='ocrx_word' id='word_1_102' title='bbox 1313 1438 1490 1510; x_wconf 81' lang='lat' dir='ltr'>regiis</span> <span class='ocrx_word' id='word_1_103' title='bbox 1537 1437 1784 1491; x_wconf 91' lang='lat' dir='ltr'>urbibus</span> <span class='ocrx_word' id='word_1_104' title='bbox 1818 1432 2102 1489; x_wconf 89' lang='lat' dir='ltr'>suburbia</span> 
     </span>
    </p>
   </div>
   <div class='ocr_carea' id='block_1_17' title="bbox 454 1523 2100 1589">
    <p class='ocr_par' dir='ltr' id='par_1_17' title="bbox 454 1523 2100 1589">
     <span class='ocr_line' id='line_1_17' title="bbox 454 1523 2100 1589; baseline -0.008 -1"><span class='ocrx_word' id='word_1_105' title='bbox 454 1534 750 1589; x_wconf 86' lang='lat' dir='ltr'>interdum</span> <span class='ocrx_word' id='word_1_106' title='bbox 782 1533 853 1586; x_wconf 90' lang='lat' dir='ltr'>ad</span> <span class='ocrx_word' id='word_1_107' title='bbox 887 1532 1084 1587; x_wconf 90' lang='lat' dir='ltr'>decem</span> <span class='ocrx_word' id='word_1_108' title='bbox 1115 1535 1173 1584; x_wconf 90' lang='lat' dir='ltr'>et</span> <span class='ocrx_word' id='word_1_109' title='bbox 1217 1527 1372 1583; x_wconf 90' lang='lat' dir='ltr'>ultra</span> <span class='ocrx_word' id='word_1_110' title='bbox 1422 1525 1671 1580; x_wconf 87' lang='lat' dir='ltr'>miliaria</span> <span class='ocrx_word' id='word_1_111' title='bbox 1701 1523 1929 1578; x_wconf 81' lang='lat' dir='ltr'>extendi</span> <span class='ocrx_word' id='word_1_112' title='bbox 1960 1539 2100 1577; x_wconf 91' lang='lat' dir='ltr'>con-</span> 
     </span>
    </p>
   </div>
   <div class='ocr_carea' id='block_1_18' title="bbox 457 1610 2100 1683">
    <p class='ocr_par' dir='ltr' id='par_1_18' title="bbox 457 1610 2100 1683">
     <span class='ocr_line' id='line_1_18' title="bbox 457 1610 2100 1683; baseline -0.007 -5"><span class='ocrx_word' id='word_1_113' title='bbox 457 1624 622 1678; x_wconf 84' lang='lat' dir='ltr'>tinua</span> <span class='ocrx_word' id='word_1_114' title='bbox 656 1623 772 1677; x_wconf 87' lang='lat' dir='ltr'>fere</span> <span class='ocrx_word' id='word_1_115' title='bbox 803 1623 954 1676; x_wconf 88' lang='lat' dir='ltr'>serie</span> <span class='ocrx_word' id='word_1_116' title='bbox 1001 1619 1295 1673; x_wconf 87' lang='lat' dir='ltr'>villarum.</span> <span class='ocrx_word' id='word_1_117' title='bbox 1337 1620 1530 1671; x_wconf 77' lang='lat' dir='ltr'>Romae</span> <span class='ocrx_word' id='word_1_118' title='bbox 1565 1631 1704 1669; x_wconf 84' lang='lat' dir='ltr'>sane</span> <span class='ocrx_word' id='word_1_119' title='bbox 1735 1610 2100 1683; x_wconf 85' lang='lat' dir='ltr'>longiuscule</span> 
     </span>
    </p>
   </div>
   <div class='ocr_carea' id='block_1_19' title="bbox 452 1700 2179 1788">
    <p class='ocr_par' dir='ltr' id='par_1_19' title="bbox 452 1700 2179 1788">
     <span class='ocr_line' id='line_1_19' title="bbox 452 1700 2179 1788; baseline -0.008 -22"><span class='ocrx_word' id='word_1_120' title='bbox 452 1710 816 1783; x_wconf 88' lang='lat' dir='ltr'>procurrisse</span> <span class='ocrx_word' id='word_1_121' title='bbox 848 1711 920 1763; x_wconf 91' lang='lat' dir='ltr'>ab</span> <span class='ocrx_word' id='word_1_122' title='bbox 955 1709 1100 1762; x_wconf 89' lang='lat' dir='ltr'>urbe</span> <span class='ocrx_word' id='word_1_123' title='bbox 1131 1705 1419 1762; x_wconf 90' lang='lat' dir='ltr'>suburbia</span> <span class='ocrx_word' id='word_1_124' title='bbox 1460 1704 1580 1774; x_wconf 88' lang='lat' dir='ltr'>jam</span> <span class='ocrx_word' id='word_1_125' title='bbox 1617 1708 1754 1757; x_wconf 92' lang='lat' dir='ltr'>tunc</span> <span class='ocrx_word' id='word_1_126' title='bbox 1794 1717 1910 1756; x_wconf 66' lang='lat' dir='ltr'>aevo</span> <span class='ocrx_word' id='word_1_127' title='bbox 1942 1700 2098 1755; x_wconf 89' lang='lat' dir='ltr'>Cice-</span> <span class='ocrx_word' id='word_1_128' title='bbox 2132 1724 2179 1788; x_wconf 82' lang='lat' dir='ltr'><strong>B</strong></span> 
     </span>
    </p>
   </div>
   <div class='ocr_carea' id='block_1_20' title="bbox 450 1789 2104 1868">
    <p class='ocr_par' dir='ltr' id='par_1_20' title="bbox 450 1789 2104 1868">
     <span class='ocr_line' id='line_1_20' title="bbox 450 1789 2104 1868; baseline -0.008 -14"><span class='ocrx_word' id='word_1_129' title='bbox 450 1801 632 1864; x_wconf 90' lang='lat' dir='ltr'>renis,</span> <span class='ocrx_word' id='word_1_130' title='bbox 666 1798 885 1853; x_wconf 90' lang='lat' dir='ltr'>indicio</span> <span class='ocrx_word' id='word_1_131' title='bbox 909 1801 999 1852; x_wconf 84' lang='lat' dir='ltr'>est</span> <span class='ocrx_word' id='word_1_132' title='bbox 1029 1796 1185 1868; x_wconf 91' lang='lat' dir='ltr'>quod</span> <span class='ocrx_word' id='word_1_133' title='bbox 1219 1794 1473 1865; x_wconf 85' lang='lat' dir='ltr'>legimus</span> <span class='ocrx_word' id='word_1_134' title='bbox 1494 1790 1747 1861; x_wconf 84' lang='lat' dir='ltr'>Philipp.</span> <span class='ocrx_word' id='word_1_135' title='bbox 1779 1789 1881 1844; x_wconf 90' lang='lat' dir='ltr'><strong>XII</strong></span> <span class='ocrx_word' id='word_1_136' title='bbox 1911 1805 1922 1842; x_wconf 94' lang='lat'>:</span> <span class='ocrx_word' id='word_1_137' title='bbox 1947 1790 2104 1842; x_wconf 85' lang='lat' dir='ltr'>Hisce</span> 
     </span>
    </p>
   </div>
   <div class='ocr_carea' id='block_1_21' title="bbox 445 1879 2102 1959">
    <p class='ocr_par' dir='ltr' id='par_1_21' title="bbox 445 1879 2102 1959">
     <span class='ocr_line' id='line_1_21' title="bbox 445 1879 2102 1959; baseline -0.007 -16"><span class='ocrx_word' id='word_1_138' title='bbox 445 1904 540 1959; x_wconf 86' lang='lat' dir='ltr'>ego</span> <span class='ocrx_word' id='word_1_139' title='bbox 573 1903 658 1942; x_wconf 90' lang='lat' dir='ltr'>me</span> <span class='ocrx_word' id='word_1_140' title='bbox 683 1889 793 1943; x_wconf 86' lang='lat' dir='ltr'>viis</span> <span class='ocrx_word' id='word_1_141' title='bbox 836 1884 1208 1950; x_wconf 82' lang='lat' dir='ltr'>committam,</span> <span class='ocrx_word' id='word_1_142' title='bbox 1245 1881 1342 1953; x_wconf 88' lang='lat' dir='ltr'>qui</span> <span class='ocrx_word' id='word_1_143' title='bbox 1388 1879 1782 1936; x_wconf 85' lang='lat' dir='ltr'>terminalibus</span> <span class='ocrx_word' id='word_1_144' title='bbox 1817 1894 1996 1948; x_wconf 73' lang='lat' dir='ltr'>nuper</span> <span class='ocrx_word' id='word_1_145' title='bbox 2041 1879 2102 1931; x_wconf 85' lang='lat' dir='ltr'>in</span> 
     </span>
    </p>
   </div>
   <div class='ocr_carea' id='block_1_22' title="bbox 444 1970 2104 2042">
    <p class='ocr_par' dir='ltr' id='par_1_22' title="bbox 444 1970 2104 2042">
     <span class='ocr_line' id='line_1_22' title="bbox 444 1970 2104 2042; baseline -0.007 -10"><span class='ocrx_word' id='word_1_146' title='bbox 444 1976 790 2042; x_wconf 89' lang='lat' dir='ltr'>suburbium,</span> <span class='ocrx_word' id='word_1_147' title='bbox 825 1980 884 2030; x_wconf 88' lang='lat' dir='ltr'>ut</span> <span class='ocrx_word' id='word_1_148' title='bbox 932 1974 1118 2030; x_wconf 89' lang='lat' dir='ltr'>eodem</span> <span class='ocrx_word' id='word_1_149' title='bbox 1174 1974 1266 2026; x_wconf 83' lang='lat' dir='ltr'>die</span> <span class='ocrx_word' id='word_1_150' title='bbox 1296 1980 1616 2036; x_wconf 83' lang='lat' dir='ltr'>recerterer,</span> <span class='ocrx_word' id='word_1_151' title='bbox 1651 1970 1736 2024; x_wconf 85' lang='lat' dir='ltr'>ire</span> <span class='ocrx_word' id='word_1_152' title='bbox 1782 1982 1891 2022; x_wconf 81' lang='lat' dir='ltr'>non</span> <span class='ocrx_word' id='word_1_153' title='bbox 1935 1983 2104 2020; x_wconf 89' lang='lat' dir='ltr'>ausus</span> 
     </span>
    </p>
   </div>
   <div class='ocr_carea' id='block_1_23' title="bbox 444 2059 2100 2130">
    <p class='ocr_par' dir='ltr' id='par_1_23' title="bbox 444 2059 2100 2130">
     <span class='ocr_line' id='line_1_23' title="bbox 444 2059 2100 2130; baseline -0.008 -8"><span class='ocrx_word' id='word_1_154' title='bbox 444 2068 596 2122; x_wconf 81' lang='lat' dir='ltr'>sim?</span> <span class='ocrx_word' id='word_1_155' title='bbox 626 2065 766 2121; x_wconf 91' lang='lat' dir='ltr'>Utut</span> <span class='ocrx_word' id='word_1_156' title='bbox 813 2065 884 2119; x_wconf 92' lang='lat' dir='ltr'>de</span> <span class='ocrx_word' id='word_1_157' title='bbox 923 2063 1032 2118; x_wconf 91' lang='lat' dir='ltr'>hoc</span> <span class='ocrx_word' id='word_1_158' title='bbox 1083 2061 1180 2129; x_wconf 87' lang='lat' dir='ltr'>sit,</span> <span class='ocrx_word' id='word_1_159' title='bbox 1220 2059 1364 2115; x_wconf 92' lang='lat' dir='ltr'>illud</span> <span class='ocrx_word' id='word_1_160' title='bbox 1415 2059 1654 2130; x_wconf 88' lang='lat' dir='ltr'>quidem</span> <span class='ocrx_word' id='word_1_161' title='bbox 1713 2060 1939 2111; x_wconf 90' lang='lat' dir='ltr'>certum</span> <span class='ocrx_word' id='word_1_162' title='bbox 1991 2063 2100 2122; x_wconf 90' lang='lat' dir='ltr'>est,</span> 
     </span>
    </p>
   </div>
   <div class='ocr_carea' id='block_1_24' title="bbox 449 2143 2101 2222">
    <p class='ocr_par' dir='ltr' id='par_1_24' title="bbox 449 2143 2101 2222">
     <span class='ocr_line' id='line_1_24' title="bbox 449 2143 2101 2222; baseline -0.007 -12"><span class='ocrx_word' id='word_1_163' title='bbox 449 2155 812 2210; x_wconf 84' lang='lat' dir='ltr'>Hebdomun.</span> <span class='ocrx_word' id='word_1_164' title='bbox 839 2153 910 2208; x_wconf 87' lang='lat' dir='ltr'>de</span> <span class='ocrx_word' id='word_1_165' title='bbox 939 2168 1055 2222; x_wconf 81' lang='lat' dir='ltr'>quo</span> <span class='ocrx_word' id='word_1_166' title='bbox 1089 2154 1288 2206; x_wconf 90' lang='lat' dir='ltr'>noster</span> <span class='ocrx_word' id='word_1_167' title='bbox 1326 2148 1432 2202; x_wconf 87' lang='lat' dir='ltr'>hoc</span> <span class='ocrx_word' id='word_1_168' title='bbox 1475 2146 1622 2213; x_wconf 90' lang='lat' dir='ltr'>loco,</span> <span class='ocrx_word' id='word_1_169' title='bbox 1657 2159 1869 2200; x_wconf 88' lang='lat' dir='ltr'>nomen</span> <span class='ocrx_word' id='word_1_170' title='bbox 1919 2143 2101 2199; x_wconf 88' lang='lat' dir='ltr'>fuisse</span> 
     </span>
    </p>
   </div>
   <div class='ocr_carea' id='block_1_25' title="bbox 451 2234 2100 2310">
    <p class='ocr_par' dir='ltr' id='par_1_25' title="bbox 451 2234 2100 2310">
     <span class='ocr_line' id='line_1_25' title="bbox 451 2234 2100 2310; baseline -0.008 -10"><span class='ocrx_word' id='word_1_171' title='bbox 451 2243 779 2301; x_wconf 87' lang='lat' dir='ltr'>suburbani</span> <span class='ocrx_word' id='word_1_172' title='bbox 809 2239 1304 2310; x_wconf 89' lang='lat' dir='ltr'>Constantinopoli</span> <span class='ocrx_word' id='word_1_173' title='bbox 1337 2237 1622 2308; x_wconf 89' lang='lat' dir='ltr'>disjuncti</span> <span class='ocrx_word' id='word_1_174' title='bbox 1655 2234 1983 2290; x_wconf 83' lang='lat' dir='ltr'>mitioribus</span> <span class='ocrx_word' id='word_1_175' title='bbox 2011 2249 2100 2289; x_wconf 88' lang='lat' dir='ltr'>se-</span> 
     </span>
    </p>
   </div>
   <div class='ocr_carea' id='block_1_26' title="bbox 451 2323 2100 2406">
    <p class='ocr_par' dir='ltr' id='par_1_26' title="bbox 451 2323 2100 2406">
     <span class='ocr_line' id='line_1_26' title="bbox 451 2323 2100 2406; baseline -0.008 -16"><span class='ocrx_word' id='word_1_176' title='bbox 451 2339 631 2406; x_wconf 90' lang='lat' dir='ltr'>ptem,</span> <span class='ocrx_word' id='word_1_177' title='bbox 667 2337 840 2403; x_wconf 89' lang='lat' dir='ltr'>prout</span> <span class='ocrx_word' id='word_1_178' title='bbox 871 2332 1099 2387; x_wconf 87' lang='lat' dir='ltr'>erudite</span> <span class='ocrx_word' id='word_1_179' title='bbox 1127 2330 1495 2384; x_wconf 86' lang='lat' dir='ltr'>demonstrat</span> <span class='ocrx_word' id='word_1_180' title='bbox 1527 2326 1801 2382; x_wconf 83' lang='lat' dir='ltr'>Nicotaus</span> <span class='ocrx_word' id='word_1_181' title='bbox 1825 2323 2100 2378; x_wconf 88' lang='lat' dir='ltr'>Alaman-</span> 
     </span>
    </p>
   </div>
   <div class='ocr_carea' id='block_1_27' title="bbox 451 2413 2102 2483">
    <p class='ocr_par' dir='ltr' id='par_1_27' title="bbox 451 2413 2102 2483">
     <span class='ocr_line' id='line_1_27' title="bbox 451 2413 2102 2483; baseline -0.007 -6"><span class='ocrx_word' id='word_1_182' title='bbox 451 2439 564 2478; x_wconf 88' lang='lat' dir='ltr'>nus</span> <span class='ocrx_word' id='word_1_183' title='bbox 594 2421 758 2476; x_wconf 86' lang='lat' dir='ltr'>Notis</span> <span class='ocrx_word' id='word_1_184' title='bbox 787 2421 882 2474; x_wconf 90' lang='lat' dir='ltr'>ad.</span> <span class='ocrx_word' id='word_1_185' title='bbox 915 2435 965 2474; x_wconf 93' lang='lat' dir='ltr'>c.</span> <span class='ocrx_word' id='word_1_186' title='bbox 1011 2420 1079 2474; x_wconf 84' lang='lat' dir='ltr'>l5</span> <span class='ocrx_word' id='word_1_187' title='bbox 1124 2417 1390 2472; x_wconf 69' lang='lat' dir='ltr'>Historiae</span> <span class='ocrx_word' id='word_1_188' title='bbox 1449 2431 1672 2471; x_wconf 66' lang='lat' dir='ltr'>arcana:</span> <span class='ocrx_word' id='word_1_189' title='bbox 1713 2413 2001 2483; x_wconf 86' lang='lat' dir='ltr'>Proc0pii,</span> <span class='ocrx_word' id='word_1_190' title='bbox 2033 2427 2102 2468; x_wconf 88' lang='lat' dir='ltr'>ex</span> 
     </span>
    </p>
   </div>
   <div class='ocr_carea' id='block_1_28' title="bbox 448 2506 1371 2572">
    <p class='ocr_par' dir='ltr' id='par_1_28' title="bbox 448 2506 1371 2572">
     <span class='ocr_line' id='line_1_28' title="bbox 448 2506 1371 2572; baseline -0.004 -8"><span class='ocrx_word' id='word_1_191' title='bbox 448 2511 703 2572; x_wconf 81' lang='lat' dir='ltr'>Socrate,</span> <span class='ocrx_word' id='word_1_192' title='bbox 734 2513 1052 2564; x_wconf 89' lang='lat' dir='ltr'>Sozomeno</span> <span class='ocrx_word' id='word_1_193' title='bbox 1083 2515 1134 2561; x_wconf 91' lang='lat' dir='ltr'>et</span> <span class='ocrx_word' id='word_1_194' title='bbox 1169 2506 1371 2561; x_wconf 89' lang='lat' dir='ltr'>ldatio.</span> 
     </span>
    </p>
   </div>
   <div class='ocr_carea' id='block_1_29' title="bbox 523 2598 2096 2678">
    <p class='ocr_par' dir='ltr' id='par_1_29' title="bbox 523 2598 2096 2678">
     <span class='ocr_line' id='line_1_29' title="bbox 523 2598 2096 2678; baseline -0.006 -16"><span class='ocrx_word' id='word_1_195' title='bbox 523 2607 638 2678; x_wconf 88' lang='lat' dir='ltr'>Cap</span> <span class='ocrx_word' id='word_1_196' title='bbox 667 2606 756 2660; x_wconf 80' lang='grc'>24.</span> <span class='ocrx_word' id='word_1_197' title='bbox 792 2605 1111 2674; x_wconf 78' lang='lat' dir='ltr'>Postquam</span> <span class='ocrx_word' id='word_1_198' title='bbox 1148 2619 1240 2656; x_wconf 91' lang='lat' dir='ltr'>res</span> <span class='ocrx_word' id='word_1_199' title='bbox 1273 2601 1530 2666; x_wconf 90' lang='lat' dir='ltr'>Persica,</span> <span class='ocrx_word' id='word_1_200' title='bbox 1583 2599 1736 2670; x_wconf 92' lang='lat' dir='ltr'>quod</span> <span class='ocrx_word' id='word_1_201' title='bbox 1773 2598 1867 2653; x_wconf 91' lang='lat' dir='ltr'>hic</span> <span class='ocrx_word' id='word_1_202' title='bbox 1899 2615 2096 2654; x_wconf 88' lang='lat' dir='ltr'>narra-</span> 
     </span>
    </p>
   </div>
   <div class='ocr_carea' id='block_1_30' title="bbox 449 2687 2096 2759">
    <p class='ocr_par' dir='ltr' id='par_1_30' title="bbox 449 2687 2096 2759">
     <span class='ocr_line' id='line_1_30' title="bbox 449 2687 2096 2759; baseline -0.005 -9"><span class='ocrx_word' id='word_1_203' title='bbox 449 2700 548 2750; x_wconf 92' lang='lat' dir='ltr'>tur</span> <span class='ocrx_word' id='word_1_204' title='bbox 595 2693 892 2749; x_wconf 88' lang='lat' dir='ltr'>succuluit</span> <span class='ocrx_word' id='word_1_205' title='bbox 933 2690 1232 2757; x_wconf 90' lang='lat' dir='ltr'>Tocharis,</span> <span class='ocrx_word' id='word_1_206' title='bbox 1297 2690 1530 2745; x_wconf 88' lang='lat' dir='ltr'>videtur</span> <span class='ocrx_word' id='word_1_207' title='bbox 1589 2687 1910 2759; x_wconf 85' lang='lat' dir='ltr'>contigisse</span> <span class='ocrx_word' id='word_1_208' title='bbox 1941 2687 2096 2757; x_wconf 90' lang='lat' dir='ltr'>quod</span> 
     </span>
    </p>
   </div>
   <div class='ocr_carea' id='block_1_31' title="bbox 2220 439 3130 515">
    <p class='ocr_par' dir='ltr' id='par_1_31' title="bbox 2220 439 3130 515">
     <span class='ocr_line' id='line_1_31' title="bbox 2220 439 3130 515; baseline 0 -19"><span class='ocrx_word' id='word_1_209' title='bbox 2220 442 2435 515; x_wconf 87' lang='lat' dir='ltr'>placita</span> <span class='ocrx_word' id='word_1_210' title='bbox 2469 441 2775 497; x_wconf 81' lang='lat' dir='ltr'>orthodoxi</span> <span class='ocrx_word' id='word_1_211' title='bbox 2809 439 3130 510; x_wconf 84' lang='lat' dir='ltr'>dogmatis.</span> 
     </span>
    </p>
   </div>
   <div class='ocr_carea' id='block_1_32' title="bbox 2291 547 3788 621">
    <p class='ocr_par' dir='ltr' id='par_1_32' title="bbox 2291 547 3788 621">
     <span class='ocr_line' id='line_1_32' title="bbox 2291 547 3788 621; baseline 0.005 -17"><span class='ocrx_word' id='word_1_212' title='bbox 2291 550 2410 621; x_wconf 90' lang='lat' dir='ltr'>Pag</span> <span class='ocrx_word' id='word_1_213' title='bbox 2442 550 2563 604; x_wconf 81' lang='grc'><strong>141.</strong></span> <span class='ocrx_word' id='word_1_214' title='bbox 2614 549 3010 604; x_wconf 80' lang='lat' dir='ltr'>Monasterium</span> <span class='ocrx_word' id='word_1_215' title='bbox 3058 547 3132 602; x_wconf 84' lang='lat' dir='ltr'>ad</span> <span class='ocrx_word' id='word_1_216' title='bbox 3172 547 3387 602; x_wconf 82' lang='lat' dir='ltr'>Foniem</span> <span class='ocrx_word' id='word_1_217' title='bbox 3441 551 3616 606; x_wconf 85' lang='lat' dir='ltr'>situm.</span> <span class='ocrx_word' id='word_1_218' title='bbox 3659 553 3788 611; x_wconf 84' lang='lat' dir='ltr'>Hunc</span> 
     </span>
    </p>
   </div>
   <div class='ocr_carea' id='block_1_33' title="bbox 2219 635 3795 713">
    <p class='ocr_par' dir='ltr' id='par_1_33' title="bbox 2219 635 3795 713">
     <span class='ocr_line' id='line_1_33' title="bbox 2219 635 3795 713; baseline 0.003 -20"><span class='ocrx_word' id='word_1_219' title='bbox 2219 639 2439 694; x_wconf 81' lang='lat' dir='ltr'>fontem</span> <span class='ocrx_word' id='word_1_220' title='bbox 2471 644 2526 693; x_wconf 91' lang='lat' dir='ltr'>et</span> <span class='ocrx_word' id='word_1_221' title='bbox 2558 638 2750 693; x_wconf 91' lang='lat' dir='ltr'>locum</span> <span class='ocrx_word' id='word_1_222' title='bbox 2778 635 3056 691; x_wconf 84' lang='lat' dir='ltr'>describit</span> <span class='ocrx_word' id='word_1_223' title='bbox 3085 635 3396 707; x_wconf 87' lang='lat' dir='ltr'>Procopius</span> <span class='ocrx_word' id='word_1_224' title='bbox 3447 640 3483 692; x_wconf 90' lang='grc' dir='ltr'><strong>Ι.</strong></span> <span class='ocrx_word' id='word_1_225' title='bbox 3515 656 3534 694; x_wconf 85' lang='lat'><strong>1</strong></span> <span class='ocrx_word' id='word_1_226' title='bbox 3565 642 3678 713; x_wconf 81' lang='grc' dir='ltr'>Περὶ</span> <span class='ocrx_word' id='word_1_227' title='bbox 3704 663 3795 697; x_wconf 79' lang='grc' dir='ltr'>κτι-</span> 
     </span>
    </p>
   </div>
   <div class='ocr_carea' id='block_1_34' title="bbox 2219 723 3789 799">
    <p class='ocr_par' dir='ltr' id='par_1_34' title="bbox 2219 723 3789 799">
     <span class='ocr_line' id='line_1_34' title="bbox 2219 723 3789 799; baseline 0.006 -20"><span class='ocrx_word' id='word_1_228' title='bbox 2219 728 2460 798; x_wconf 74' lang='grc' dir='ltr'>σμάτων,</span> <span class='ocrx_word' id='word_1_229' title='bbox 2513 743 2564 782; x_wconf 92' lang='lat' dir='ltr'>e.</span> <span class='ocrx_word' id='word_1_230' title='bbox 2599 727 2652 793; x_wconf 89' lang='lat'>3,</span> <span class='ocrx_word' id='word_1_231' title='bbox 2703 725 2842 780; x_wconf 90' lang='lat' dir='ltr'>dum</span> <span class='ocrx_word' id='word_1_232' title='bbox 2890 723 3096 796; x_wconf 88' lang='lat' dir='ltr'>templi</span> <span class='ocrx_word' id='word_1_233' title='bbox 3126 723 3185 778; x_wconf 92' lang='lat' dir='ltr'>in</span> <span class='ocrx_word' id='word_1_234' title='bbox 3231 724 3448 781; x_wconf 90' lang='lat' dir='ltr'>honore</span> <span class='ocrx_word' id='word_1_235' title='bbox 3499 728 3708 799; x_wconf 85' lang='lat' dir='ltr'>Deipare</span> <span class='ocrx_word' id='word_1_236' title='bbox 3733 733 3789 788; x_wconf 87' lang='lat' dir='ltr'>ibi</span> 
     </span>
    </p>
   </div>
   <div class='ocr_carea' id='block_1_35' title="bbox 2217 815 3792 893">
    <p class='ocr_par' dir='ltr' id='par_1_35' title="bbox 2217 815 3792 893">
     <span class='ocr_line' id='line_1_35' title="bbox 2217 815 3792 893; baseline 0.001 -19"><span class='ocrx_word' id='word_1_237' title='bbox 2217 836 2250 874; x_wconf 90' lang='lat' dir='ltr'>a</span> <span class='ocrx_word' id='word_1_238' title='bbox 2279 818 2610 874; x_wconf 83' lang='lat' dir='ltr'>Justiniano</span> <span class='ocrx_word' id='word_1_239' title='bbox 2660 816 2879 873; x_wconf 88' lang='lat' dir='ltr'>conditi</span> <span class='ocrx_word' id='word_1_240' title='bbox 2940 816 3212 870; x_wconf 88' lang='lat' dir='ltr'>meminit</span> <span class='ocrx_word' id='word_1_241' title='bbox 3241 815 3334 872; x_wconf 90' lang='lat' dir='ltr'>his</span> <span class='ocrx_word' id='word_1_242' title='bbox 3365 817 3551 874; x_wconf 83' lang='lat' dir='ltr'>verbis</span> <span class='ocrx_word' id='word_1_243' title='bbox 3580 835 3593 874; x_wconf 93' lang='lat'>:</span> <span class='ocrx_word' id='word_1_244' title='bbox 3618 820 3792 893; x_wconf 71' lang='grc' dir='ltr'>Ἕτερον</span> 
     </span>
    </p>
   </div>
   <div class='ocr_carea' id='block_1_36' title="bbox 2215 897 3792 986">
    <p class='ocr_par' dir='ltr' id='par_1_36' title="bbox 2215 897 3792 986">
     <span class='ocr_line' id='line_1_36' title="bbox 2215 897 3792 986; baseline 0.006 -28"><span class='ocrx_word' id='word_1_245' title='bbox 2215 903 2272 959; x_wconf 75' lang='grc' dir='ltr'>δὲ</span> <span class='ocrx_word' id='word_1_246' title='bbox 2302 906 2446 980; x_wconf 79' lang='grc' dir='ltr'>ἱερὸν</span> <span class='ocrx_word' id='word_1_247' title='bbox 2474 905 2610 976; x_wconf 79' lang='grc' dir='ltr'>αὐτῇ</span> <span class='ocrx_word' id='word_1_248' title='bbox 2643 906 2728 976; x_wconf 75' lang='grc' dir='ltr'>(τῇ</span> <span class='ocrx_word' id='word_1_249' title='bbox 2759 897 3023 974; x_wconf 77' lang='grc' dir='ltr'>θεάτὸκῳ)</span> <span class='ocrx_word' id='word_1_250' title='bbox 3055 900 3106 956; x_wconf 81' lang='grc' dir='ltr'>ἐν</span> <span class='ocrx_word' id='word_1_251' title='bbox 3139 903 3312 977; x_wconf 83' lang='grc' dir='ltr'>χώρῳ</span> <span class='ocrx_word' id='word_1_252' title='bbox 3344 900 3646 980; x_wconf 70' lang='grc' dir='ltr'>καλουμένῳ</span> <span class='ocrx_word' id='word_1_253' title='bbox 3673 912 3792 986; x_wconf 76' lang='grc' dir='ltr'>Ιιηγῇ</span> 
     </span>
    </p>
   </div>
   <div class='ocr_carea' id='block_1_37' title="bbox 2213 987 3792 1070">
    <p class='ocr_par' dir='ltr' id='par_1_37' title="bbox 2213 987 3792 1070">
     <span class='ocr_line' id='line_1_37' title="bbox 2213 987 3792 1070; baseline 0.001 -22"><span class='ocrx_word' id='word_1_254' title='bbox 2213 993 2489 1064; x_wconf 74' lang='grc' dir='ltr'>ἀνέθηκεν.</span> <span class='ocrx_word' id='word_1_255' title='bbox 2547 994 2807 1050; x_wconf 81' lang='grc' dir='ltr'>Ἑνταῦθά</span> <span class='ocrx_word' id='word_1_256' title='bbox 2852 990 2963 1046; x_wconf 77' lang='grc' dir='ltr'>ἐστι</span> <span class='ocrx_word' id='word_1_257' title='bbox 3023 987 3184 1055; x_wconf 81' lang='grc' dir='ltr'>δάσος</span> <span class='ocrx_word' id='word_1_258' title='bbox 3233 993 3588 1066; x_wconf 75' lang='grc' dir='ltr'>κυπαρίσσων,</span> <span class='ocrx_word' id='word_1_259' title='bbox 3629 995 3792 1070; x_wconf 82' lang='grc' dir='ltr'>λειμὼν</span> 
     </span>
    </p>
   </div>
   <div class='ocr_carea' id='block_1_38' title="bbox 2213 1079 3793 1162">
    <p class='ocr_par' dir='ltr' id='par_1_38' title="bbox 2213 1079 3793 1162">
     <span class='ocr_line' id='line_1_38' title="bbox 2213 1079 3793 1162; baseline -0.003 -25"><span class='ocrx_word' id='word_1_260' title='bbox 2213 1081 2264 1137; x_wconf 85' lang='grc' dir='ltr'>ἐν</span> <span class='ocrx_word' id='word_1_261' title='bbox 2325 1082 2562 1146; x_wconf 82' lang='grc' dir='ltr'>ἁπαλαῖς</span> <span class='ocrx_word' id='word_1_262' title='bbox 2602 1087 2720 1144; x_wconf 86' lang='grc' dir='ltr'>ταῖς</span> <span class='ocrx_word' id='word_1_263' title='bbox 2765 1080 3025 1155; x_wconf 77' lang='grc' dir='ltr'>ἀρούραις</span> <span class='ocrx_word' id='word_1_264' title='bbox 3073 1079 3320 1150; x_wconf 80' lang='grc' dir='ltr'>τεθηλὼς</span> <span class='ocrx_word' id='word_1_265' title='bbox 3357 1083 3546 1153; x_wconf 76' lang='grc' dir='ltr'>ἄνθεσι,</span> <span class='ocrx_word' id='word_1_266' title='bbox 3595 1086 3793 1162; x_wconf 68' lang='grc' dir='ltr'>παράξει.</span> 
     </span>
    </p>
   </div>
   <div class='ocr_carea' id='block_1_39' title="bbox 2214 1170 3792 1249">
    <p class='ocr_par' dir='ltr' id='par_1_39' title="bbox 2214 1170 3792 1249">
     <span class='ocr_line' id='line_1_39' title="bbox 2214 1170 3792 1249; baseline 0.003 -23"><span class='ocrx_word' id='word_1_267' title='bbox 2214 1194 2305 1234; x_wconf 87' lang='grc' dir='ltr'>σος</span> <span class='ocrx_word' id='word_1_268' title='bbox 2360 1172 2607 1248; x_wconf 80' lang='grc' dir='ltr'>εὐφορῶν</span> <span class='ocrx_word' id='word_1_269' title='bbox 2659 1171 2726 1226; x_wconf 79' lang='grc' dir='ltr'>τὰ</span> <span class='ocrx_word' id='word_1_270' title='bbox 2784 1171 3006 1242; x_wconf 78' lang='grc' dir='ltr'>ὡραῖα,</span> <span class='ocrx_word' id='word_1_271' title='bbox 3064 1172 3218 1245; x_wconf 76' lang='grc' dir='ltr'>πηγή</span> <span class='ocrx_word' id='word_1_272' title='bbox 3273 1170 3512 1247; x_wconf 73' lang='grc' dir='ltr'>ἀψοφητὶ</span> <span class='ocrx_word' id='word_1_273' title='bbox 3575 1171 3792 1249; x_wconf 73' lang='grc' dir='ltr'>βλῦζουσα</span> 
     </span>
    </p>
   </div>
   <div class='ocr_carea' id='block_1_40' title="bbox 2209 1259 3791 1338">
    <p class='ocr_par' dir='ltr' id='par_1_40' title="bbox 2209 1259 3791 1338">
     <span class='ocr_line' id='line_1_40' title="bbox 2209 1259 3791 1338; baseline 0.004 -22"><span class='ocrx_word' id='word_1_274' title='bbox 2209 1259 2449 1338; x_wconf 82' lang='grc' dir='ltr'>γαληνὸν</span> <span class='ocrx_word' id='word_1_275' title='bbox 2497 1262 2560 1316; x_wconf 87' lang='grc' dir='ltr'>τὸ</span> <span class='ocrx_word' id='word_1_276' title='bbox 2617 1259 2762 1337; x_wconf 82' lang='grc' dir='ltr'>ὕδωρ</span> <span class='ocrx_word' id='word_1_277' title='bbox 2815 1261 2907 1315; x_wconf 83' lang='grc' dir='ltr'>καὶ</span> <span class='ocrx_word' id='word_1_278' title='bbox 2961 1259 3221 1334; x_wconf 84' lang='grc' dir='ltr'>πότιμον.</span> <span class='ocrx_word' id='word_1_279' title='bbox 3268 1262 3400 1319; x_wconf 82' lang='lat' dir='ltr'>Haec</span> <span class='ocrx_word' id='word_1_280' title='bbox 3425 1263 3520 1318; x_wconf 87' lang='lat' dir='ltr'>ille</span> <span class='ocrx_word' id='word_1_281' title='bbox 3559 1281 3706 1336; x_wconf 78' lang='lat' dir='ltr'>:qutn</span> <span class='ocrx_word' id='word_1_282' title='bbox 3730 1269 3791 1323; x_wconf 83' lang='lat' dir='ltr'>sic</span> 
     </span>
    </p>
   </div>
   <div class='ocr_carea' id='block_1_41' title="bbox 2213 1351 3793 1422">
    <p class='ocr_par' dir='ltr' id='par_1_41' title="bbox 2213 1351 3793 1422">
     <span class='ocr_line' id='line_1_41' title="bbox 2213 1351 3793 1422; baseline 0.003 -14"><span class='ocrx_word' id='word_1_283' title='bbox 2213 1353 2433 1408; x_wconf 87' lang='lat' dir='ltr'>Latinis</span> <span class='ocrx_word' id='word_1_284' title='bbox 2464 1358 2677 1408; x_wconf 89' lang='lat' dir='ltr'>sonant</span> <span class='ocrx_word' id='word_1_285' title='bbox 2706 1369 2777 1407; x_wconf 87' lang='lat' dir='ltr'>ex</span> <span class='ocrx_word' id='word_1_286' title='bbox 2803 1351 3056 1420; x_wconf 76' lang='lat' dir='ltr'>eleganti</span> <span class='ocrx_word' id='word_1_287' title='bbox 3113 1353 3582 1422; x_wconf 84' lang='lat' dir='ltr'>interpretatione</span> <span class='ocrx_word' id='word_1_288' title='bbox 3613 1354 3793 1413; x_wconf 87' lang='lat' dir='ltr'>Claudii</span> 
     </span>
    </p>
   </div>
   <div class='ocr_carea' id='block_1_42' title="bbox 2211 1440 3793 1512">
    <p class='ocr_par' dir='ltr' id='par_1_42' title="bbox 2211 1440 3793 1512">
     <span class='ocr_line' id='line_1_42' title="bbox 2211 1440 3793 1512; baseline 0.003 -15"><span class='ocrx_word' id='word_1_289' title='bbox 2211 1443 2462 1497; x_wconf 87' lang='lat' dir='ltr'>Maltreti</span> <span class='ocrx_word' id='word_1_290' title='bbox 2522 1441 2753 1497; x_wconf 87' lang='lat' dir='ltr'>nostri:</span> <span class='ocrx_word' id='word_1_291' title='bbox 2809 1442 2998 1497; x_wconf 84' lang='lat' dir='ltr'>Eidem</span> <span class='ocrx_word' id='word_1_292' title='bbox 3037 1440 3343 1512; x_wconf 74' lang='lat' dir='ltr'>(Deiparte)</span> <span class='ocrx_word' id='word_1_293' title='bbox 3403 1444 3644 1512; x_wconf 79' lang='lat' dir='ltr'>templum</span> <span class='ocrx_word' id='word_1_294' title='bbox 3677 1446 3793 1502; x_wconf 76' lang='lat' dir='ltr'>aliud</span> 
     </span>
    </p>
   </div>
   <div class='ocr_carea' id='block_1_43' title="bbox 2207 1530 3792 1604">
    <p class='ocr_par' dir='ltr' id='par_1_43' title="bbox 2207 1530 3792 1604">
     <span class='ocr_line' id='line_1_43' title="bbox 2207 1530 3792 1604; baseline 0 -18"><span class='ocrx_word' id='word_1_295' title='bbox 2207 1531 2449 1588; x_wconf 80' lang='lat' dir='ltr'>condidit</span> <span class='ocrx_word' id='word_1_296' title='bbox 2473 1530 2884 1603; x_wconf 84' lang='lat' dir='ltr'>(Justinianus)</span> <span class='ocrx_word' id='word_1_297' title='bbox 2913 1530 3060 1601; x_wconf 86' lang='lat' dir='ltr'>apud</span> <span class='ocrx_word' id='word_1_298' title='bbox 3081 1532 3301 1586; x_wconf 78' lang='lat' dir='ltr'>Famem</span> <span class='ocrx_word' id='word_1_299' title='bbox 3325 1547 3338 1585; x_wconf 95' lang='lat'>:</span> <span class='ocrx_word' id='word_1_300' title='bbox 3358 1532 3436 1585; x_wconf 83' lang='lat' dir='ltr'>sic</span> <span class='ocrx_word' id='word_1_301' title='bbox 3461 1531 3625 1586; x_wconf 84' lang='lat' dir='ltr'>locum</span> <span class='ocrx_word' id='word_1_302' title='bbox 3650 1537 3792 1604; x_wconf 76' lang='lat' dir='ltr'>appel-</span> 
     </span>
    </p>
   </div>
   <div class='ocr_carea' id='block_1_44' title="bbox 2210 1619 3791 1693">
    <p class='ocr_par' dir='ltr' id='par_1_44' title="bbox 2210 1619 3791 1693">
     <span class='ocr_line' id='line_1_44' title="bbox 2210 1619 3791 1693; baseline 0.001 -19"><span class='ocrx_word' id='word_1_303' title='bbox 2210 1622 2330 1674; x_wconf 86' lang='lat' dir='ltr'>lant</span> <span class='ocrx_word' id='word_1_304' title='bbox 2349 1638 2370 1682; x_wconf 88' lang='grc'><em>;</em></span> <span class='ocrx_word' id='word_1_305' title='bbox 2401 1622 2460 1674; x_wconf 86' lang='lat' dir='ltr'>in</span> <span class='ocrx_word' id='word_1_306' title='bbox 2494 1638 2596 1693; x_wconf 92' lang='lat' dir='ltr'>quo</span> <span class='ocrx_word' id='word_1_307' title='bbox 2625 1619 3013 1692; x_wconf 81' lang='lat' dir='ltr'>opacissimum</span> <span class='ocrx_word' id='word_1_308' title='bbox 3055 1623 3137 1673; x_wconf 83' lang='lat' dir='ltr'>est</span> <span class='ocrx_word' id='word_1_309' title='bbox 3184 1624 3552 1689; x_wconf 81' lang='lat' dir='ltr'>cupresselum</span> <span class='ocrx_word' id='word_1_310' title='bbox 3575 1638 3587 1686; x_wconf 89' lang='lat'><strong>;</strong></span> <span class='ocrx_word' id='word_1_311' title='bbox 3613 1622 3791 1690; x_wconf 71' lang='lat' dir='ltr'>floribus</span> 
     </span>
    </p>
   </div>
   <div class='ocr_carea' id='block_1_45' title="bbox 2213 1708 3790 1780">
    <p class='ocr_par' dir='ltr' id='par_1_45' title="bbox 2213 1708 3790 1780">
     <span class='ocr_line' id='line_1_45' title="bbox 2213 1708 3790 1780; baseline 0.001 -17"><span class='ocrx_word' id='word_1_312' title='bbox 2213 1711 2375 1765; x_wconf 85' lang='lat' dir='ltr'>molli</span> <span class='ocrx_word' id='word_1_313' title='bbox 2397 1711 2510 1765; x_wconf 85' lang='lat' dir='ltr'>solo</span> <span class='ocrx_word' id='word_1_314' title='bbox 2560 1711 2910 1778; x_wconf 78' lang='lat' dir='ltr'>surgentibus</span> <span class='ocrx_word' id='word_1_315' title='bbox 2957 1717 3180 1780; x_wconf 84' lang='lat' dir='ltr'>pratum</span> <span class='ocrx_word' id='word_1_316' title='bbox 3217 1711 3409 1762; x_wconf 75' lang='lat' dir='ltr'>vernat</span> <span class='ocrx_word' id='word_1_317' title='bbox 3444 1727 3459 1775; x_wconf 87' lang='lat'><strong>;</strong></span> <span class='ocrx_word' id='word_1_318' title='bbox 3490 1708 3644 1763; x_wconf 86' lang='lat' dir='ltr'>domis</span> <span class='ocrx_word' id='word_1_319' title='bbox 3693 1726 3790 1764; x_wconf 73' lang='lat' dir='ltr'>m-</span> 
     </span>
    </p>
   </div>
   <div class='ocr_carea' id='block_1_46' title="bbox 2214 1797 3791 1868">
    <p class='ocr_par' dir='ltr' id='par_1_46' title="bbox 2214 1797 3791 1868">
     <span class='ocr_line' id='line_1_46' title="bbox 2214 1797 3791 1868; baseline 0 -14"><span class='ocrx_word' id='word_1_320' title='bbox 2214 1800 2368 1854; x_wconf 73' lang='lat' dir='ltr'>berut</span> <span class='ocrx_word' id='word_1_321' title='bbox 2405 1800 2774 1863; x_wconf 87' lang='lat' dir='ltr'>viridarium;</span> <span class='ocrx_word' id='word_1_322' title='bbox 2825 1800 2951 1868; x_wconf 80' lang='lat' dir='ltr'>fons</span> <span class='ocrx_word' id='word_1_323' title='bbox 3001 1799 3178 1852; x_wconf 81' lang='lat' dir='ltr'>tacita</span> <span class='ocrx_word' id='word_1_324' title='bbox 3213 1798 3550 1866; x_wconf 71' lang='lat' dir='ltr'>scaturigine</span> <span class='ocrx_word' id='word_1_325' title='bbox 3585 1797 3734 1854; x_wconf 85' lang='lat' dir='ltr'>lenem</span> <span class='ocrx_word' id='word_1_326' title='bbox 3755 1805 3791 1854; x_wconf 81' lang='lat' dir='ltr'>et</span> 
     </span>
    </p>
   </div>
   <div class='ocr_carea' id='block_1_47' title="bbox 2210 1886 3788 1958">
    <p class='ocr_par' dir='ltr' id='par_1_47' title="bbox 2210 1886 3788 1958">
     <span class='ocr_line' id='line_1_47' title="bbox 2210 1886 3788 1958; baseline 0 -16"><span class='ocrx_word' id='word_1_327' title='bbox 2210 1888 2428 1943; x_wconf 79' lang='lat' dir='ltr'>dulcem</span> <span class='ocrx_word' id='word_1_328' title='bbox 2461 1905 2664 1958; x_wconf 81' lang='lat' dir='ltr'>aquam</span> <span class='ocrx_word' id='word_1_329' title='bbox 2691 1887 2944 1958; x_wconf 66' lang='lat' dir='ltr'>effundit.</span> <span class='ocrx_word' id='word_1_330' title='bbox 2965 1886 3300 1957; x_wconf 90' lang='lat' dir='ltr'>Templum,</span> <span class='ocrx_word' id='word_1_331' title='bbox 3332 1892 3394 1940; x_wconf 88' lang='lat' dir='ltr'>ut</span> <span class='ocrx_word' id='word_1_332' title='bbox 3422 1886 3529 1941; x_wconf 85' lang='lat' dir='ltr'>alia</span> <span class='ocrx_word' id='word_1_333' title='bbox 3558 1886 3788 1958; x_wconf 81' lang='lat' dir='ltr'>pleraque,</span> 
     </span>
    </p>
   </div>
   <div class='ocr_carea' id='block_1_48' title="bbox 2215 1974 3788 2047">
    <p class='ocr_par' dir='ltr' id='par_1_48' title="bbox 2215 1974 3788 2047">
     <span class='ocr_line' id='line_1_48' title="bbox 2215 1974 3788 2047; baseline -0.001 -14"><span class='ocrx_word' id='word_1_334' title='bbox 2215 1978 2662 2033; x_wconf 90' lang='lat' dir='ltr'>custodiendum</span> <span class='ocrx_word' id='word_1_335' title='bbox 2695 1981 2784 2031; x_wconf 89' lang='lat' dir='ltr'>est</span> <span class='ocrx_word' id='word_1_336' title='bbox 2809 1977 3089 2032; x_wconf 88' lang='lat' dir='ltr'>traditum</span> <span class='ocrx_word' id='word_1_337' title='bbox 3137 1974 3468 2046; x_wconf 86' lang='lat' dir='ltr'>monachis,</span> <span class='ocrx_word' id='word_1_338' title='bbox 3500 1976 3690 2047; x_wconf 88' lang='lat' dir='ltr'>quibus</span> <span class='ocrx_word' id='word_1_339' title='bbox 3714 1977 3788 2032; x_wconf 89' lang='lat' dir='ltr'>do-</span> 
     </span>
    </p>
   </div>
   <div class='ocr_carea' id='block_1_49' title="bbox 2215 2064 3788 2120">
    <p class='ocr_par' dir='ltr' id='par_1_49' title="bbox 2215 2064 3788 2120">
     <span class='ocr_line' id='line_1_49' title="bbox 2215 2064 3788 2120; baseline 0 0"><span class='ocrx_word' id='word_1_340' title='bbox 2215 2065 2502 2120; x_wconf 90' lang='lat' dir='ltr'>micilium</span> <span class='ocrx_word' id='word_1_341' title='bbox 2535 2070 2863 2120; x_wconf 85' lang='lat' dir='ltr'>astructum</span> <span class='ocrx_word' id='word_1_342' title='bbox 2898 2064 2990 2118; x_wconf 90' lang='lat' dir='ltr'>hic</span> <span class='ocrx_word' id='word_1_343' title='bbox 3017 2064 3445 2118; x_wconf 86' lang='lat' dir='ltr'>monasterium</span> <span class='ocrx_word' id='word_1_344' title='bbox 3489 2064 3662 2119; x_wconf 87' lang='lat' dir='ltr'>Fontis</span> <span class='ocrx_word' id='word_1_345' title='bbox 3688 2066 3788 2120; x_wconf 89' lang='lat' dir='ltr'>dici-</span> 
     </span>
    </p>
   </div>
   <div class='ocr_carea' id='block_1_50' title="bbox 2211 2152 3786 2226">
    <p class='ocr_par' dir='ltr' id='par_1_50' title="bbox 2211 2152 3786 2226">
     <span class='ocr_line' id='line_1_50' title="bbox 2211 2152 3786 2226; baseline 0 -18"><span class='ocrx_word' id='word_1_346' title='bbox 2211 2158 2325 2210; x_wconf 88' lang='lat' dir='ltr'>tur.</span> <span class='ocrx_word' id='word_1_347' title='bbox 2361 2155 2492 2209; x_wconf 87' lang='lat' dir='ltr'>Erat</span> <span class='ocrx_word' id='word_1_348' title='bbox 2521 2159 2714 2209; x_wconf 88' lang='lat' dir='ltr'>autem</span> <span class='ocrx_word' id='word_1_349' title='bbox 2747 2153 2803 2208; x_wconf 91' lang='lat' dir='ltr'>id</span> <span class='ocrx_word' id='word_1_350' title='bbox 2837 2152 3039 2219; x_wconf 90' lang='lat' dir='ltr'>situm,</span> <span class='ocrx_word' id='word_1_351' title='bbox 3065 2157 3126 2207; x_wconf 92' lang='lat' dir='ltr'>ut</span> <span class='ocrx_word' id='word_1_352' title='bbox 3155 2152 3312 2208; x_wconf 90' lang='lat' dir='ltr'>idem</span> <span class='ocrx_word' id='word_1_353' title='bbox 3344 2152 3638 2226; x_wconf 84' lang='lat' dir='ltr'>Procopius</span> <span class='ocrx_word' id='word_1_354' title='bbox 3663 2153 3786 2225; x_wconf 81' lang='lat' dir='ltr'>paulo</span> 
     </span>
    </p>
   </div>
   <div class='ocr_carea' id='block_1_51' title="bbox 2211 2240 3785 2316">
    <p class='ocr_par' dir='ltr' id='par_1_51' title="bbox 2211 2240 3785 2316">
     <span class='ocr_line' id='line_1_51' title="bbox 2211 2240 3785 2316; baseline -0.003 -18"><span class='ocrx_word' id='word_1_355' title='bbox 2211 2249 2342 2314; x_wconf 88' lang='lat' dir='ltr'>post</span> <span class='ocrx_word' id='word_1_356' title='bbox 2371 2245 2744 2314; x_wconf 90' lang='lat' dir='ltr'>docet,prope</span> <span class='ocrx_word' id='word_1_357' title='bbox 2775 2247 3000 2313; x_wconf 89' lang='lat' dir='ltr'>portam</span> <span class='ocrx_word' id='word_1_358' title='bbox 3035 2249 3315 2311; x_wconf 80' lang='lat' dir='ltr'>Auream,</span> <span class='ocrx_word' id='word_1_359' title='bbox 3351 2240 3576 2316; x_wconf 69' lang='grc' dir='ltr'>ἄγχιστα</span> <span class='ocrx_word' id='word_1_360' title='bbox 3626 2262 3687 2311; x_wconf 76' lang='grc' dir='ltr'>πη</span> <span class='ocrx_word' id='word_1_361' title='bbox 3711 2247 3785 2295; x_wconf 69' lang='grc' dir='ltr'>τῶν</span> 
     </span>
    </p>
   </div>
   <div class='ocr_carea' id='block_1_52' title="bbox 2210 2326 3785 2403">
    <p class='ocr_par' dir='ltr' id='par_1_52' title="bbox 2210 2326 3785 2403">
     <span class='ocr_line' id='line_1_52' title="bbox 2210 2326 3785 2403; baseline 0.001 -18"><span class='ocrx_word' id='word_1_362' title='bbox 2210 2331 2430 2403; x_wconf 79' lang='grc' dir='ltr'>Χρυσῶν</span> <span class='ocrx_word' id='word_1_363' title='bbox 2490 2328 2847 2402; x_wconf 72' lang='grc' dir='ltr'>καλουμένων</span> <span class='ocrx_word' id='word_1_364' title='bbox 2897 2326 3111 2385; x_wconf 83' lang='grc' dir='ltr'>πυλῶν.</span> <span class='ocrx_word' id='word_1_365' title='bbox 3166 2329 3299 2386; x_wconf 65' lang='lat' dir='ltr'>Hinc</span> <span class='ocrx_word' id='word_1_366' title='bbox 3348 2336 3438 2386; x_wconf 89' lang='lat' dir='ltr'>est</span> <span class='ocrx_word' id='word_1_367' title='bbox 3465 2335 3610 2400; x_wconf 88' lang='lat' dir='ltr'>porta</span> <span class='ocrx_word' id='word_1_368' title='bbox 3631 2331 3785 2403; x_wconf 68' lang='lat' dir='ltr'>Fontis,</span> 
     </span>
    </p>
   </div>
   <div class='ocr_carea' id='block_1_53' title="bbox 2209 2419 3782 2491">
    <p class='ocr_par' dir='ltr' id='par_1_53' title="bbox 2209 2419 3782 2491">
     <span class='ocr_line' id='line_1_53' title="bbox 2209 2419 3782 2491; baseline -0.001 -16"><span class='ocrx_word' id='word_1_369' title='bbox 2209 2421 2382 2489; x_wconf 86' lang='lat' dir='ltr'>cujus</span> <span class='ocrx_word' id='word_1_370' title='bbox 2415 2419 2586 2491; x_wconf 88' lang='lat' dir='ltr'>paulo</span> <span class='ocrx_word' id='word_1_371' title='bbox 2627 2419 2876 2474; x_wconf 86' lang='lat' dir='ltr'>inferius</span> <span class='ocrx_word' id='word_1_372' title='bbox 2924 2419 3312 2490; x_wconf 81' lang='lat' dir='ltr'>Pacbymeres</span> <span class='ocrx_word' id='word_1_373' title='bbox 3351 2419 3621 2474; x_wconf 87' lang='lat' dir='ltr'>meminit.</span> <span class='ocrx_word' id='word_1_374' title='bbox 3670 2419 3782 2475; x_wconf 85' lang='lat' dir='ltr'>Idem</span> 
     </span>
    </p>
   </div>
   <div class='ocr_carea' id='block_1_54' title="bbox 2209 2504 3781 2580">
    <p class='ocr_par' dir='ltr' id='par_1_54' title="bbox 2209 2504 3781 2580">
     <span class='ocr_line' id='line_1_54' title="bbox 2209 2504 3781 2580; baseline -0.001 -16"><span class='ocrx_word' id='word_1_375' title='bbox 2209 2509 2373 2568; x_wconf 81' lang='lat' dir='ltr'>alibi.</span> <span class='ocrx_word' id='word_1_376' title='bbox 2407 2524 2613 2580; x_wconf 85' lang='lat' dir='ltr'>nempe</span> <span class='ocrx_word' id='word_1_377' title='bbox 2644 2526 2702 2580; x_wconf 87' lang='lat' dir='ltr'>p.</span> <span class='ocrx_word' id='word_1_378' title='bbox 2738 2509 2860 2578; x_wconf 86' lang='grc'>168,</span> <span class='ocrx_word' id='word_1_379' title='bbox 2909 2507 3147 2580; x_wconf 74' lang='grc' dir='ltr'>Χρυσὲαν</span> <span class='ocrx_word' id='word_1_380' title='bbox 3196 2504 3385 2576; x_wconf 73' lang='grc' dir='ltr'>πύλην</span> <span class='ocrx_word' id='word_1_381' title='bbox 3433 2516 3660 2564; x_wconf 85' lang='lat' dir='ltr'>Auream</span> <span class='ocrx_word' id='word_1_382' title='bbox 3688 2525 3781 2580; x_wconf 88' lang='lat' dir='ltr'>por-</span> 
     </span>
    </p>
   </div>
   <div class='ocr_carea' id='block_1_55' title="bbox 2209 2597 3783 2670">
    <p class='ocr_par' dir='ltr' id='par_1_55' title="bbox 2209 2597 3783 2670">
     <span class='ocr_line' id='line_1_55' title="bbox 2209 2597 3783 2670; baseline -0.001 -17"><span class='ocrx_word' id='word_1_383' title='bbox 2209 2604 2328 2654; x_wconf 88' lang='lat' dir='ltr'>tam</span> <span class='ocrx_word' id='word_1_384' title='bbox 2361 2599 2641 2670; x_wconf 86' lang='lat' dir='ltr'>appellat.</span> <span class='ocrx_word' id='word_1_385' title='bbox 2677 2603 2894 2653; x_wconf 81' lang='lat' dir='ltr'>Auctor</span> <span class='ocrx_word' id='word_1_386' title='bbox 2943 2597 3246 2654; x_wconf 70' lang='lat' dir='ltr'>Pandectaz</span> <span class='ocrx_word' id='word_1_387' title='bbox 3298 2597 3446 2653; x_wconf 86' lang='lat' dir='ltr'>Hist.</span> <span class='ocrx_word' id='word_1_388' title='bbox 3483 2599 3620 2653; x_wconf 84' lang='lat' dir='ltr'>Ture.</span> <span class='ocrx_word' id='word_1_389' title='bbox 3650 2614 3687 2653; x_wconf 80' lang='grc' dir='ltr'><strong>ο.</strong></span> <span class='ocrx_word' id='word_1_390' title='bbox 3710 2598 3783 2652; x_wconf 82' lang='lat'>200</span> 
     </span>
    </p>
   </div>
   <div class='ocr_carea' id='block_1_56' title="bbox 2207 2686 3779 2758">
    <p class='ocr_par' dir='ltr' id='par_1_56' title="bbox 2207 2686 3779 2758">
     <span class='ocr_line' id='line_1_56' title="bbox 2207 2686 3779 2758; baseline -0.002 -16"><span class='ocrx_word' id='word_1_391' title='bbox 2207 2686 2480 2757; x_wconf 65' lang='lat' dir='ltr'>Selybria&#39;:</span> <span class='ocrx_word' id='word_1_392' title='bbox 2505 2691 2731 2757; x_wconf 92' lang='lat' dir='ltr'>portam</span> <span class='ocrx_word' id='word_1_393' title='bbox 2765 2686 2978 2740; x_wconf 90' lang='lat' dir='ltr'>dictam</span> <span class='ocrx_word' id='word_1_394' title='bbox 3016 2702 3250 2758; x_wconf 89' lang='lat' dir='ltr'>quoque</span> <span class='ocrx_word' id='word_1_395' title='bbox 3292 2688 3376 2742; x_wconf 86' lang='lat' dir='ltr'>ait</span> <span class='ocrx_word' id='word_1_396' title='bbox 3407 2703 3420 2742; x_wconf 93' lang='lat'>:</span> <span class='ocrx_word' id='word_1_397' title='bbox 3455 2687 3578 2742; x_wconf 83' lang='lat' dir='ltr'>Inde</span> <span class='ocrx_word' id='word_1_398' title='bbox 3601 2687 3779 2758; x_wconf 68' lang='lat' dir='ltr'>(inquit)</span> 
     </span>
    </p>
   </div>
   <div class='ocr_carea' id='block_1_57' title="bbox 450 2772 3780 2854">
    <p class='ocr_par' dir='ltr' id='par_1_57' title="bbox 450 2772 3780 2854">
     <span class='ocr_line' id='line_1_57' title="bbox 450 2772 3780 2854; baseline -0.004 -15"><span class='ocrx_word' id='word_1_399' title='bbox 450 2788 650 2840; x_wconf 90' lang='lat' dir='ltr'>noster</span> <span class='ocrx_word' id='word_1_400' title='bbox 696 2799 749 2854; x_wconf 91' lang='lat' dir='ltr'>p.</span> <span class='ocrx_word' id='word_1_401' title='bbox 803 2782 869 2835; x_wconf 90' lang='grc'>18</span> <span class='ocrx_word' id='word_1_402' title='bbox 913 2780 1133 2844; x_wconf 89' lang='lat' dir='ltr'>retulit,</span> <span class='ocrx_word' id='word_1_403' title='bbox 1183 2784 1248 2834; x_wconf 92' lang='lat' dir='ltr'>ut</span> <span class='ocrx_word' id='word_1_404' title='bbox 1293 2793 1589 2849; x_wconf 88' lang='lat' dir='ltr'>pugnaces</span> <span class='ocrx_word' id='word_1_405' title='bbox 1640 2775 1880 2846; x_wconf 90' lang='lat' dir='ltr'>quidam</span> <span class='ocrx_word' id='word_1_406' title='bbox 1913 2775 2097 2830; x_wconf 73' lang='lat' dir='ltr'>Persea</span> <span class='ocrx_word' id='word_1_407' title='bbox 2201 2775 2524 2846; x_wconf 81' lang='lat' dir='ltr'>pervenitur</span> <span class='ocrx_word' id='word_1_408' title='bbox 2544 2773 2613 2829; x_wconf 87' lang='lat' dir='ltr'>ad</span> <span class='ocrx_word' id='word_1_409' title='bbox 2629 2775 2898 2829; x_wconf 87' lang='lat' dir='ltr'>decimam</span> <span class='ocrx_word' id='word_1_410' title='bbox 2926 2779 3164 2841; x_wconf 75' lang='lat' dir='ltr'>sextam,</span> <span class='ocrx_word' id='word_1_411' title='bbox 3195 2773 3450 2830; x_wconf 81' lang='lat' dir='ltr'>videlicet</span> <span class='ocrx_word' id='word_1_412' title='bbox 3479 2774 3706 2846; x_wconf 61' lang='lat' dir='ltr'>Silyltriz</span> <span class='ocrx_word' id='word_1_413' title='bbox 3726 2772 3780 2828; x_wconf 74' lang='lat' dir='ltr'>vel</span> 
     </span>
    </p>
   </div>
   <div class='ocr_carea' id='block_1_58' title="bbox 453 2862 3779 2942">
    <p class='ocr_par' dir='ltr' id='par_1_58' title="bbox 453 2862 3779 2942">
     <span class='ocr_line' id='line_1_58' title="bbox 453 2862 3779 2942; baseline -0.004 -15"><span class='ocrx_word' id='word_1_414' title='bbox 453 2887 654 2942; x_wconf 88' lang='lat' dir='ltr'>parere</span> <span class='ocrx_word' id='word_1_415' title='bbox 701 2869 984 2925; x_wconf 90' lang='lat' dir='ltr'>Tocharis</span> <span class='ocrx_word' id='word_1_416' title='bbox 1033 2867 1356 2940; x_wconf 87' lang='lat' dir='ltr'>dedignati,</span> <span class='ocrx_word' id='word_1_417' title='bbox 1407 2881 1572 2920; x_wconf 91' lang='lat' dir='ltr'>arces</span> <span class='ocrx_word' id='word_1_418' title='bbox 1621 2865 1863 2920; x_wconf 80' lang='lat' dir='ltr'>Romani</span> <span class='ocrx_word' id='word_1_419' title='bbox 1896 2862 2100 2918; x_wconf 86' lang='lat' dir='ltr'>limitis</span> <span class='ocrx_word' id='word_1_420' title='bbox 2207 2863 2475 2935; x_wconf 67' lang='lat' dir='ltr'>Selybriz</span> <span class='ocrx_word' id='word_1_421' title='bbox 2527 2867 2769 2934; x_wconf 86' lang='lat' dir='ltr'>portam,</span> <span class='ocrx_word' id='word_1_422' title='bbox 2817 2880 2942 2934; x_wconf 67' lang='lat' dir='ltr'>quin</span> <span class='ocrx_word' id='word_1_423' title='bbox 2973 2880 3006 2917; x_wconf 90' lang='lat' dir='ltr'>a</span> <span class='ocrx_word' id='word_1_424' title='bbox 3055 2863 3268 2934; x_wconf 85' lang='lat' dir='ltr'>priscis</span> <span class='ocrx_word' id='word_1_425' title='bbox 3327 2863 3508 2936; x_wconf 85' lang='grc' dir='ltr'>Χρυσῆ</span> <span class='ocrx_word' id='word_1_426' title='bbox 3547 2863 3692 2936; x_wconf 73' lang='grc' dir='ltr'>πόρτα</span> <span class='ocrx_word' id='word_1_427' title='bbox 3723 2863 3779 2916; x_wconf 79' lang='lat' dir='ltr'>vel</span> 
     </span>
    </p>
   </div>
   <div class='ocr_carea' id='block_1_59' title="bbox 449 2951 3778 3031">
    <p class='ocr_par' dir='ltr' id='par_1_59' title="bbox 449 2951 3778 3031">
     <span class='ocr_line' id='line_1_59' title="bbox 449 2951 3778 3031; baseline -0.003 -14"><span class='ocrx_word' id='word_1_428' title='bbox 449 2977 652 3016; x_wconf 89' lang='lat' dir='ltr'>vexare</span> <span class='ocrx_word' id='word_1_429' title='bbox 682 2959 944 3031; x_wconf 89' lang='lat' dir='ltr'>ceperint</span> <span class='ocrx_word' id='word_1_430' title='bbox 975 2973 1120 3028; x_wconf 89' lang='lat' dir='ltr'>quas</span> <span class='ocrx_word' id='word_1_431' title='bbox 1151 2961 1209 3011; x_wconf 91' lang='lat' dir='ltr'>et</span> <span class='ocrx_word' id='word_1_432' title='bbox 1234 2957 1470 3010; x_wconf 81' lang='lat' dir='ltr'>tandem</span> <span class='ocrx_word' id='word_1_433' title='bbox 1504 2957 1936 3025; x_wconf 86' lang='lat' dir='ltr'>expugnarunt.</span> <span class='ocrx_word' id='word_1_434' title='bbox 2207 2955 2385 3008; x_wconf 84' lang='lat' dir='ltr'>Aurea</span> <span class='ocrx_word' id='word_1_435' title='bbox 2408 2959 2569 3024; x_wconf 88' lang='lat' dir='ltr'>porta</span> <span class='ocrx_word' id='word_1_436' title='bbox 2612 2953 3022 3008; x_wconf 80' lang='lat' dir='ltr'>nominabatur.</span> <span class='ocrx_word' id='word_1_437' title='bbox 3069 2953 3206 3008; x_wconf 87' lang='lat' dir='ltr'>Nam</span> <span class='ocrx_word' id='word_1_438' title='bbox 3237 2962 3404 3008; x_wconf 69' lang='lat' dir='ltr'>extra</span> <span class='ocrx_word' id='word_1_439' title='bbox 3449 2960 3642 3024; x_wconf 85' lang='lat' dir='ltr'>portam</span> <span class='ocrx_word' id='word_1_440' title='bbox 3680 2951 3778 3006; x_wconf 65' lang='lat' dir='ltr'>hanc</span> 
     </span>
    </p>
   </div>
   <div class='ocr_carea' id='block_1_60' title="bbox 516 3051 2090 3128">
    <p class='ocr_par' dir='ltr' id='par_1_60' title="bbox 516 3051 2090 3128">
     <span class='ocr_line' id='line_1_60' title="bbox 516 3051 2090 3128; baseline -0.006 -16"><span class='ocrx_word' id='word_1_441' title='bbox 516 3063 654 3128; x_wconf 88' lang='lat' dir='ltr'>Pag.</span> <span class='ocrx_word' id='word_1_442' title='bbox 691 3057 812 3111; x_wconf 66' lang='grc'><strong>134.</strong></span> <span class='ocrx_word' id='word_1_443' title='bbox 845 3055 961 3110; x_wconf 84' lang='lat' dir='ltr'>Non</span> <span class='ocrx_word' id='word_1_444' title='bbox 1003 3053 1135 3108; x_wconf 85' lang='lat' dir='ltr'>inde</span> <span class='ocrx_word' id='word_1_445' title='bbox 1177 3053 1246 3108; x_wconf 88' lang='lat' dir='ltr'>ad</span> <span class='ocrx_word' id='word_1_446' title='bbox 1274 3068 1428 3124; x_wconf 69' lang='lat' dir='ltr'>prop)</span> <span class='ocrx_word' id='word_1_447' title='bbox 1445 3051 1562 3106; x_wconf 84' lang='lat' dir='ltr'>ium</span> <span class='ocrx_word' id='word_1_448' title='bbox 1611 3054 1817 3106; x_wconf 82' lang='lat' dir='ltr'>victum</span> <span class='ocrx_word' id='word_1_449' title='bbox 1856 3063 2090 3104; x_wconf 85' lang='lat' dir='ltr'>sumere.</span> 
     </span>
    </p>
   </div>
   <div class='ocr_carea' id='block_1_61' title="bbox 445 3094 2086 3213">
    <p class='ocr_par' dir='ltr' id='par_1_61' title="bbox 445 3094 2086 3213">
     <span class='ocr_line' id='line_1_61' title="bbox 517 3094 2086 3128; baseline -0.006 -16"><span class='ocrx_word' id='word_1_450' title='bbox 517 3094 654 3128; x_wconf 69' lang='grc' dir='ltr'>ηδ.</span> <span class='ocrx_word' id='word_1_451' title='bbox 693 3094 812 3111; x_wconf 60' lang='grc' dir='ltr'>μη.</span> <span class='ocrx_word' id='word_1_452' title='bbox 845 3094 961 3110; x_wconf 71' lang='grc' dir='ltr'><strong>μυ..</strong></span> <span class='ocrx_word' id='word_1_453' title='bbox 1007 3094 1132 3108; x_wconf 61' lang='grc' dir='ltr'><strong>...ην</strong></span> <span class='ocrx_word' id='word_1_454' title='bbox 1177 3094 1245 3108; x_wconf 64' lang='grc' dir='ltr'><strong>..η</strong></span> <span class='ocrx_word' id='word_1_455' title='bbox 1274 3094 1562 3124; x_wconf 67' lang='grc' dir='ltr'>,ηηηηυη</span> <span class='ocrx_word' id='word_1_456' title='bbox 1615 3094 1817 3106; x_wconf 52' lang='grc' dir='ltr'>ηψπ..-</span> <span class='ocrx_word' id='word_1_457' title='bbox 1856 3094 2086 3104; x_wconf 75' lang='lat'>-.....-.-.</span> 
     </span>
     <span class='ocr_line' id='line_1_62' title="bbox 445 3135 2086 3213; baseline -0.007 -12"><span class='ocrx_word' id='word_1_458' title='bbox 445 3146 663 3201; x_wconf 69' lang='lat' dir='ltr'>Graecis</span> <span class='ocrx_word' id='word_1_459' title='bbox 712 3144 830 3198; x_wconf 91' lang='lat' dir='ltr'>illis</span> <span class='ocrx_word' id='word_1_460' title='bbox 879 3142 1335 3213; x_wconf 89' lang='lat' dir='ltr'>respondentia:</span> <span class='ocrx_word' id='word_1_461' title='bbox 1368 3138 1642 3213; x_wconf 75' lang='grc' dir='ltr'>Φέροντας</span> <span class='ocrx_word' id='word_1_462' title='bbox 1668 3135 1713 3192; x_wconf 84' lang='grc' dir='ltr'>δ’</span> <span class='ocrx_word' id='word_1_463' title='bbox 1743 3135 1938 3207; x_wconf 60' lang='lat' dir='ltr'>tamen</span> <span class='ocrx_word' id='word_1_464' title='bbox 1974 3136 2086 3190; x_wconf 81' lang='grc' dir='ltr'>ἐπι-</span> 
     </span>
    </p>
   </div>
   <div class='ocr_carea' id='block_1_62' title="bbox 2202 3094 3881 3213">
    <p class='ocr_par' dir='ltr' id='par_1_62' title="bbox 2208 3130 3881 3202">
     <span class='ocr_line' id='line_1_63' title="bbox 2208 3130 3881 3202; baseline -0.001 -17"><span class='ocrx_word' id='word_1_465' title='bbox 2208 3130 2409 3187; x_wconf 65' lang='lat' dir='ltr'>Gras’cis</span> <span class='ocrx_word' id='word_1_466' title='bbox 2465 3133 2694 3202; x_wconf 84' lang='lat' dir='ltr'>antiquo</span> <span class='ocrx_word' id='word_1_467' title='bbox 2762 3131 2991 3186; x_wconf 85' lang='lat' dir='ltr'>nomine</span> <span class='ocrx_word' id='word_1_468' title='bbox 3045 3131 3282 3202; x_wconf 83' lang='lat' dir='ltr'>dicitur,</span> <span class='ocrx_word' id='word_1_469' title='bbox 3350 3132 3568 3188; x_wconf 89' lang='lat' dir='ltr'>celebris</span> <span class='ocrx_word' id='word_1_470' title='bbox 3630 3132 3678 3186; x_wconf 81' lang='lat' dir='ltr'>in</span> <span class='ocrx_word' id='word_1_471' title='bbox 3719 3145 3775 3184; x_wconf 73' lang='grc' dir='ltr'>ω-</span> <span class='ocrx_word' id='word_1_472' title='bbox 3880 3145 3881 3163; x_wconf 57' lang='grc' dir='ltr'>ι</span> 
     </span>
    </p>
   </div>
   <div class='ocr_carea' id='block_1_63' title="bbox 441 3220 2086 3300">
    <p class='ocr_par' dir='ltr' id='par_1_63' title="bbox 441 3229 2086 3300">
     <span class='ocr_line' id='line_1_64' title="bbox 441 3229 2086 3300; baseline -0.002 -14"><span class='ocrx_word' id='word_1_473' title='bbox 441 3232 648 3286; x_wconf 77' lang='grc' dir='ltr'>τάττων</span> <span class='ocrx_word' id='word_1_474' title='bbox 709 3229 1023 3298; x_wconf 73' lang='grc' dir='ltr'>σιτίζεσθαι.</span> <span class='ocrx_word' id='word_1_475' title='bbox 1083 3235 1213 3284; x_wconf 72' lang='lat' dir='ltr'>H330</span> <span class='ocrx_word' id='word_1_476' title='bbox 1270 3229 1544 3284; x_wconf 87' lang='lat' dir='ltr'>videntur</span> <span class='ocrx_word' id='word_1_477' title='bbox 1596 3246 1629 3282; x_wconf 89' lang='lat' dir='ltr'>a</span> <span class='ocrx_word' id='word_1_478' title='bbox 1708 3231 2086 3300; x_wconf 85' lang='lat' dir='ltr'>paraphraste</span> 
     </span>
    </p>
   </div>
   <div class='ocr_carea' id='block_1_64' title="bbox 2202 3220 3879 3300">
    <p class='ocr_par' dir='ltr' id='par_1_64' title="bbox 2202 3220 3879 3291">
     <span class='ocr_line' id='line_1_65' title="bbox 2202 3220 3879 3291; baseline -0.003 -16"><span class='ocrx_word' id='word_1_479' title='bbox 2202 3237 2325 3275; x_wconf 82' lang='lat' dir='ltr'>rum</span> <span class='ocrx_word' id='word_1_480' title='bbox 2364 3221 2634 3288; x_wconf 77' lang='lat' dir='ltr'>historiis,</span> <span class='ocrx_word' id='word_1_481' title='bbox 2674 3235 2803 3291; x_wconf 69' lang='lat' dir='ltr'>quae</span> <span class='ocrx_word' id='word_1_482' title='bbox 2837 3235 3216 3290; x_wconf 70' lang='lat' dir='ltr'>saepenumero</span> <span class='ocrx_word' id='word_1_483' title='bbox 3259 3220 3463 3290; x_wconf 84' lang='lat' dir='ltr'>palatii</span> <span class='ocrx_word' id='word_1_484' title='bbox 3505 3220 3662 3291; x_wconf 71' lang='grc' dir='ltr'>πηγῆς</span> <span class='ocrx_word' id='word_1_485' title='bbox 3698 3221 3776 3272; x_wconf 74' lang='lat' dir='ltr'>sive</span> <span class='ocrx_word' id='word_1_486' title='bbox 3878 3253 3879 3259; x_wconf 60' lang='grc' dir='ltr'><strong>η</strong></span> 
     </span>
    </p>
   </div>
   <div class='ocr_carea' id='block_1_65' title="bbox 2206 3041 3883 3115">
    <p class='ocr_par' dir='ltr' id='par_1_65' title="bbox 2206 3041 3883 3115">
     <span class='ocr_line' id='line_1_66' title="bbox 2206 3041 3883 3115; baseline -0.002 -19"><span class='ocrx_word' id='word_1_487' title='bbox 2206 3046 2283 3096; x_wconf 82' lang='lat' dir='ltr'>est</span> <span class='ocrx_word' id='word_1_488' title='bbox 2313 3043 2580 3114; x_wconf 79' lang='lat' dir='ltr'>hodieque</span> <span class='ocrx_word' id='word_1_489' title='bbox 2609 3043 2766 3111; x_wconf 80' lang='lat' dir='ltr'>Fons,</span> <span class='ocrx_word' id='word_1_490' title='bbox 2793 3044 2893 3113; x_wconf 90' lang='lat' dir='ltr'>qui</span> <span class='ocrx_word' id='word_1_491' title='bbox 2921 3041 3258 3115; x_wconf 80' lang='grc' dir='ltr'>χρυσοπηγή</span> <span class='ocrx_word' id='word_1_492' title='bbox 3321 3043 3407 3098; x_wconf 83' lang='grc' dir='ltr'>υεὶ</span> <span class='ocrx_word' id='word_1_493' title='bbox 3437 3058 3623 3098; x_wconf 84' lang='lat' dir='ltr'>aureus</span> <span class='ocrx_word' id='word_1_494' title='bbox 3643 3045 3737 3108; x_wconf 76' lang='lat' dir='ltr'>[om</span> <span class='ocrx_word' id='word_1_495' title='bbox 3759 3056 3778 3092; x_wconf 78' lang='grc' dir='ltr'><strong><em>ι</em></strong></span> <span class='ocrx_word' id='word_1_496' title='bbox 3882 3041 3883 3067; x_wconf 81' lang='lat'>‘</span> 
     </span>
    </p>
   </div>
   <div class='ocr_carea' id='block_1_66' title="bbox 443 3316 2089 3377">
    <p class='ocr_par' dir='ltr' id='par_1_66' title="bbox 443 3316 2089 3377">
     <span class='ocr_line' id='line_1_67' title="bbox 443 3316 2089 3377; baseline -0.003 -2"><span class='ocrx_word' id='word_1_497' title='bbox 443 3323 730 3377; x_wconf 87' lang='lat' dir='ltr'>Vaticano</span> <span class='ocrx_word' id='word_1_498' title='bbox 763 3338 877 3375; x_wconf 88' lang='lat' dir='ltr'>non</span> <span class='ocrx_word' id='word_1_499' title='bbox 911 3319 1230 3374; x_wconf 87' lang='lat' dir='ltr'>intellecta:</span> <span class='ocrx_word' id='word_1_500' title='bbox 1265 3323 1329 3372; x_wconf 93' lang='lat' dir='ltr'>ut</span> <span class='ocrx_word' id='word_1_501' title='bbox 1361 3335 1478 3372; x_wconf 88' lang='lat' dir='ltr'>non</span> <span class='ocrx_word' id='word_1_502' title='bbox 1513 3334 1642 3371; x_wconf 87' lang='lat' dir='ltr'>raro</span> <span class='ocrx_word' id='word_1_503' title='bbox 1664 3316 1808 3371; x_wconf 90' lang='lat' dir='ltr'>alias</span> <span class='ocrx_word' id='word_1_504' title='bbox 1839 3318 2089 3371; x_wconf 91' lang='lat' dir='ltr'>aberrat.</span> 
     </span>
    </p>
   </div>
   <div class='ocr_carea' id='block_1_67' title="bbox 444 3400 2089 3479">
    <p class='ocr_par' dir='ltr' id='par_1_67' title="bbox 444 3400 2089 3479">
     <span class='ocr_line' id='line_1_68' title="bbox 444 3400 2089 3479; baseline -0.006 -13"><span class='ocrx_word' id='word_1_505' title='bbox 444 3417 552 3466; x_wconf 87' lang='lat' dir='ltr'>Pro</span> <span class='ocrx_word' id='word_1_506' title='bbox 584 3410 676 3465; x_wconf 87' lang='lat' dir='ltr'>his</span> <span class='ocrx_word' id='word_1_507' title='bbox 707 3409 859 3464; x_wconf 89' lang='lat' dir='ltr'>enim</span> <span class='ocrx_word' id='word_1_508' title='bbox 894 3407 975 3463; x_wconf 81' lang='lat' dir='ltr'>sic</span> <span class='ocrx_word' id='word_1_509' title='bbox 1034 3407 1240 3478; x_wconf 88' lang='lat' dir='ltr'>ponit:</span> <span class='ocrx_word' id='word_1_510' title='bbox 1278 3406 1548 3479; x_wconf 77' lang='grc' dir='ltr'>Φὲροντας</span> <span class='ocrx_word' id='word_1_511' title='bbox 1580 3401 1626 3457; x_wconf 83' lang='grc' dir='ltr'>δ’</span> <span class='ocrx_word' id='word_1_512' title='bbox 1649 3400 1843 3473; x_wconf 62' lang='grc' dir='ltr'>ἔξωθεν</span> <span class='ocrx_word' id='word_1_513' title='bbox 1897 3404 1958 3457; x_wconf 86' lang='grc' dir='ltr'>τὸ</span> <span class='ocrx_word' id='word_1_514' title='bbox 1995 3403 2089 3476; x_wconf 77' lang='grc' dir='ltr'>μὶν</span> 
     </span>
    </p>
   </div>
   <div class='ocr_carea' id='block_1_68' title="bbox 446 3489 2093 3572">
    <p class='ocr_par' dir='ltr' id='par_1_68' title="bbox 446 3489 2093 3572">
     <span class='ocr_line' id='line_1_69' title="bbox 446 3489 2093 3572; baseline -0.004 -20"><span class='ocrx_word' id='word_1_515' title='bbox 446 3498 642 3572; x_wconf 77' lang='grc' dir='ltr'>ἀρκοῦν</span> <span class='ocrx_word' id='word_1_516' title='bbox 701 3499 798 3550; x_wconf 77' lang='grc' dir='ltr'>τοῦ</span> <span class='ocrx_word' id='word_1_517' title='bbox 857 3493 1004 3548; x_wconf 69' lang='grc' dir='ltr'>σίτου</span> <span class='ocrx_word' id='word_1_518' title='bbox 1065 3499 1326 3568; x_wconf 81' lang='grc' dir='ltr'>χρῆσθαι,</span> <span class='ocrx_word' id='word_1_519' title='bbox 1386 3494 1449 3546; x_wconf 90' lang='grc' dir='ltr'>τὸ</span> <span class='ocrx_word' id='word_1_520' title='bbox 1481 3489 1538 3547; x_wconf 77' lang='grc' dir='ltr'>δὲ</span> <span class='ocrx_word' id='word_1_521' title='bbox 1568 3491 1734 3547; x_wconf 74' lang='grc' dir='ltr'>πλέον</span> <span class='ocrx_word' id='word_1_522' title='bbox 1763 3489 1929 3546; x_wconf 85' lang='grc' dir='ltr'>πάλιν</span> <span class='ocrx_word' id='word_1_523' title='bbox 1960 3491 2093 3546; x_wconf 84' lang='grc' dir='ltr'>ἀπο-</span> 
     </span>
    </p>
   </div>
   <div class='ocr_carea' id='block_1_69' title="bbox 441 3582 2088 3658">
    <p class='ocr_par' dir='ltr' id='par_1_69' title="bbox 441 3582 2088 3658">
     <span class='ocr_line' id='line_1_70' title="bbox 441 3582 2088 3658; baseline -0.002 -17"><span class='ocrx_word' id='word_1_524' title='bbox 441 3588 703 3650; x_wconf 82' lang='grc' dir='ltr'>τίθεσθαι.</span> <span class='ocrx_word' id='word_1_525' title='bbox 758 3587 935 3658; x_wconf 81' lang='lat' dir='ltr'>Atqui</span> <span class='ocrx_word' id='word_1_526' title='bbox 992 3585 1053 3638; x_wconf 90' lang='grc' dir='ltr'>τὸ</span> <span class='ocrx_word' id='word_1_527' title='bbox 1110 3582 1301 3653; x_wconf 76' lang='grc' dir='ltr'>ἔξωθεν</span> <span class='ocrx_word' id='word_1_528' title='bbox 1345 3601 1413 3639; x_wconf 85' lang='lat' dir='ltr'>ex</span> <span class='ocrx_word' id='word_1_529' title='bbox 1463 3593 1659 3638; x_wconf 90' lang='lat' dir='ltr'>mente</span> <span class='ocrx_word' id='word_1_530' title='bbox 1713 3584 1966 3638; x_wconf 88' lang='lat' dir='ltr'>auctoris</span> <span class='ocrx_word' id='word_1_531' title='bbox 2017 3584 2088 3638; x_wconf 90' lang='lat' dir='ltr'>ad</span> 
     </span>
    </p>
   </div>
   <div class='ocr_carea' id='block_1_70' title="bbox 439 3672 2087 3745">
    <p class='ocr_par' dir='ltr' id='par_1_70' title="bbox 439 3672 2087 3745">
     <span class='ocr_line' id='line_1_71' title="bbox 439 3672 2087 3745; baseline -0.002 -15"><span class='ocrx_word' id='word_1_532' title='bbox 439 3675 729 3745; x_wconf 80' lang='grc' dir='ltr'>σιτίζεσθαι</span> <span class='ocrx_word' id='word_1_533' title='bbox 779 3676 1066 3731; x_wconf 74' lang='lat' dir='ltr'>refertur:</span> <span class='ocrx_word' id='word_1_534' title='bbox 1116 3679 1180 3728; x_wconf 87' lang='lat' dir='ltr'>ut</span> <span class='ocrx_word' id='word_1_535' title='bbox 1207 3672 1457 3728; x_wconf 90' lang='lat' dir='ltr'>voluerit</span> <span class='ocrx_word' id='word_1_536' title='bbox 1504 3673 1657 3728; x_wconf 73' lang='lat'>642</span> <span class='ocrx_word' id='word_1_537' title='bbox 1699 3672 1956 3727; x_wconf 83' lang='lat' dir='ltr'>Joannes</span> <span class='ocrx_word' id='word_1_538' title='bbox 1985 3672 2087 3726; x_wconf 89' lang='lat' dir='ltr'>im-</span> 
     </span>
    </p>
   </div>
   <div class='ocr_carea' id='block_1_71' title="bbox 437 3760 2087 3839">
    <p class='ocr_par' dir='ltr' id='par_1_71' title="bbox 437 3760 2087 3839">
     <span class='ocr_line' id='line_1_72' title="bbox 437 3760 2087 3839; baseline -0.005 -17"><span class='ocrx_word' id='word_1_539' title='bbox 437 3773 675 3839; x_wconf 88' lang='lat' dir='ltr'>perator</span> <span class='ocrx_word' id='word_1_540' title='bbox 694 3763 926 3835; x_wconf 86' lang='lat' dir='ltr'>bajulos</span> <span class='ocrx_word' id='word_1_541' title='bbox 959 3763 1239 3816; x_wconf 84' lang='lat' dir='ltr'>frumenti</span> <span class='ocrx_word' id='word_1_542' title='bbox 1267 3762 1585 3832; x_wconf 89' lang='lat' dir='ltr'>reponendi</span> <span class='ocrx_word' id='word_1_543' title='bbox 1607 3761 1664 3816; x_wconf 90' lang='lat' dir='ltr'>in</span> <span class='ocrx_word' id='word_1_544' title='bbox 1688 3761 1925 3816; x_wconf 89' lang='lat' dir='ltr'>arcibus</span> <span class='ocrx_word' id='word_1_545' title='bbox 1942 3760 2087 3815; x_wconf 90' lang='lat' dir='ltr'>nihil</span> 
     </span>
    </p>
   </div>
   <div class='ocr_carea' id='block_1_72' title="bbox 437 3849 2086 3921">
    <p class='ocr_par' dir='ltr' id='par_1_72' title="bbox 437 3849 2086 3921">
     <span class='ocr_line' id='line_1_73' title="bbox 437 3849 2086 3921; baseline -0.005 -9"><span class='ocrx_word' id='word_1_546' title='bbox 437 3857 573 3912; x_wconf 90' lang='lat' dir='ltr'>inde</span> <span class='ocrx_word' id='word_1_547' title='bbox 604 3854 792 3910; x_wconf 85' lang='lat' dir='ltr'>obiter</span> <span class='ocrx_word' id='word_1_548' title='bbox 843 3855 1107 3907; x_wconf 88' lang='lat' dir='ltr'>minuere</span> <span class='ocrx_word' id='word_1_549' title='bbox 1160 3851 1230 3906; x_wconf 89' lang='lat' dir='ltr'>ad</span> <span class='ocrx_word' id='word_1_550' title='bbox 1265 3849 1561 3921; x_wconf 89' lang='lat' dir='ltr'>proprium</span> <span class='ocrx_word' id='word_1_551' title='bbox 1609 3849 1844 3916; x_wconf 90' lang='lat' dir='ltr'>vietum,</span> <span class='ocrx_word' id='word_1_552' title='bbox 1886 3851 1985 3904; x_wconf 92' lang='lat' dir='ltr'>sed</span> <span class='ocrx_word' id='word_1_553' title='bbox 2014 3849 2086 3904; x_wconf 91' lang='lat' dir='ltr'>iis</span> 
     </span>
    </p>
   </div>
   <div class='ocr_carea' id='block_1_73' title="bbox 436 3938 2082 4013">
    <p class='ocr_par' dir='ltr' id='par_1_73' title="bbox 436 3938 2082 4013">
     <span class='ocr_line' id='line_1_74' title="bbox 436 3938 2082 4013; baseline -0.004 -14"><span class='ocrx_word' id='word_1_554' title='bbox 436 3945 676 4000; x_wconf 89' lang='lat' dir='ltr'>aliunde</span> <span class='ocrx_word' id='word_1_555' title='bbox 701 3942 986 4013; x_wconf 87' lang='lat' dir='ltr'>assignari</span> <span class='ocrx_word' id='word_1_556' title='bbox 1022 3939 1177 3994; x_wconf 91' lang='lat' dir='ltr'>unde</span> <span class='ocrx_word' id='word_1_557' title='bbox 1208 3938 1264 3992; x_wconf 71' lang='lat' dir='ltr'>in</span> <span class='ocrx_word' id='word_1_558' title='bbox 1289 3938 1392 3993; x_wconf 90' lang='lat' dir='ltr'>tali</span> <span class='ocrx_word' id='word_1_559' title='bbox 1424 3938 1512 3993; x_wconf 81' lang='lat' dir='ltr'>via</span> <span class='ocrx_word' id='word_1_560' title='bbox 1531 3955 1595 3993; x_wconf 91' lang='lat' dir='ltr'>ac</span> <span class='ocrx_word' id='word_1_561' title='bbox 1625 3938 1954 3992; x_wconf 88' lang='lat' dir='ltr'>ministerio</span> <span class='ocrx_word' id='word_1_562' title='bbox 1985 3953 2082 3993; x_wconf 88' lang='lat' dir='ltr'>ve-</span> 
     </span>
    </p>
   </div>
   <div class='ocr_carea' id='block_1_74' title="bbox 435 4039 758 4091">
    <p class='ocr_par' dir='ltr' id='par_1_74' title="bbox 435 4039 758 4091">
     <span class='ocr_line' id='line_1_75' title="bbox 435 4039 758 4091; baseline -0.006 -1"><span class='ocrx_word' id='word_1_563' title='bbox 435 4039 702 4091; x_wconf 90' lang='lat' dir='ltr'>scerentu</span> <span class='ocrx_word' id='word_1_564' title='bbox 712 4052 758 4089; x_wconf 91' lang='lat' dir='ltr'>r.</span> 
     </span>
    </p>
   </div>
   <div class='ocr_carea' id='block_1_75' title="bbox 506 4118 2083 4195">
    <p class='ocr_par' dir='ltr' id='par_1_75' title="bbox 506 4118 2083 4195">
     <span class='ocr_line' id='line_1_76' title="bbox 506 4118 2083 4195; baseline -0.005 -16"><span class='ocrx_word' id='word_1_565' title='bbox 506 4125 643 4195; x_wconf 88' lang='lat' dir='ltr'>Pag.</span> <span class='ocrx_word' id='word_1_566' title='bbox 681 4125 803 4178; x_wconf 79' lang='grc'><strong>140.</strong></span> <span class='ocrx_word' id='word_1_567' title='bbox 837 4122 979 4177; x_wconf 90' lang='lat' dir='ltr'>Idem</span> <span class='ocrx_word' id='word_1_568' title='bbox 1013 4121 1112 4176; x_wconf 87' lang='lat' dir='ltr'>ille</span> <span class='ocrx_word' id='word_1_569' title='bbox 1165 4119 1519 4176; x_wconf 72' lang='lat' dir='ltr'>Cutritzaces.</span> <span class='ocrx_word' id='word_1_570' title='bbox 1553 4118 1766 4173; x_wconf 82' lang='lat' dir='ltr'>Mentio</span> <span class='ocrx_word' id='word_1_571' title='bbox 1797 4118 2083 4173; x_wconf 89' lang='lat' dir='ltr'>Cutritza-</span> 
     </span>
    </p>
   </div>
   <div class='ocr_carea' id='block_1_76' title="bbox 430 4206 2082 4280">
    <p class='ocr_par' dir='ltr' id='par_1_76' title="bbox 430 4206 2082 4280">
     <span class='ocr_line' id='line_1_77' title="bbox 430 4206 2082 4280; baseline -0.004 -12"><span class='ocrx_word' id='word_1_572' title='bbox 430 4213 515 4268; x_wconf 92' lang='lat' dir='ltr'>cis</span> <span class='ocrx_word' id='word_1_573' title='bbox 547 4213 607 4267; x_wconf 88' lang='lat' dir='ltr'>in</span> <span class='ocrx_word' id='word_1_574' title='bbox 641 4211 857 4266; x_wconf 67' lang='lat' dir='ltr'>Graecis</span> <span class='ocrx_word' id='word_1_575' title='bbox 906 4211 1078 4266; x_wconf 91' lang='lat' dir='ltr'>editis</span> <span class='ocrx_word' id='word_1_576' title='bbox 1109 4227 1225 4265; x_wconf 88' lang='lat' dir='ltr'>non</span> <span class='ocrx_word' id='word_1_577' title='bbox 1272 4212 1611 4280; x_wconf 89' lang='lat' dir='ltr'>comparet:</span> <span class='ocrx_word' id='word_1_578' title='bbox 1660 4206 1759 4261; x_wconf 92' lang='lat' dir='ltr'>illa</span> <span class='ocrx_word' id='word_1_579' title='bbox 1788 4207 1944 4261; x_wconf 88' lang='lat' dir='ltr'>enim</span> <span class='ocrx_word' id='word_1_580' title='bbox 1990 4223 2082 4262; x_wconf 86' lang='lat' dir='ltr'>ex-</span> 
     </span>
    </p>
   </div>
   <div class='ocr_carea' id='block_1_77' title="bbox 429 4295 2077 4372">
    <p class='ocr_par' dir='ltr' id='par_1_77' title="bbox 429 4295 2077 4372">
     <span class='ocr_line' id='line_1_78' title="bbox 429 4295 2077 4372; baseline -0.004 -17"><span class='ocrx_word' id='word_1_581' title='bbox 429 4317 630 4372; x_wconf 89' lang='lat' dir='ltr'>pressa</span> <span class='ocrx_word' id='word_1_582' title='bbox 679 4305 819 4355; x_wconf 89' lang='lat' dir='ltr'>sunt</span> <span class='ocrx_word' id='word_1_583' title='bbox 876 4315 944 4355; x_wconf 84' lang='lat' dir='ltr'>ex</span> <span class='ocrx_word' id='word_1_584' title='bbox 1001 4299 1129 4353; x_wconf 93' lang='lat' dir='ltr'>cod.</span> <span class='ocrx_word' id='word_1_585' title='bbox 1182 4297 1420 4364; x_wconf 83' lang='lat' dir='ltr'>Barber,</span> <span class='ocrx_word' id='word_1_586' title='bbox 1481 4303 1538 4351; x_wconf 91' lang='lat' dir='ltr'>et</span> <span class='ocrx_word' id='word_1_587' title='bbox 1601 4296 1772 4350; x_wconf 87' lang='lat' dir='ltr'>Allat.</span> <span class='ocrx_word' id='word_1_588' title='bbox 1838 4295 1918 4365; x_wconf 81' lang='grc' dir='ltr'>(Ρ.</span> <span class='ocrx_word' id='word_1_589' title='bbox 1952 4297 2077 4367; x_wconf 76' lang='grc'>449)</span> 
     </span>
    </p>
   </div>
   <div class='ocr_carea' id='block_1_78' title="bbox 427 4385 2076 4460">
    <p class='ocr_par' dir='ltr' id='par_1_78' title="bbox 427 4385 2076 4460">
     <span class='ocr_line' id='line_1_79' title="bbox 427 4385 2076 4460; baseline -0.002 -16"><span class='ocrx_word' id='word_1_590' title='bbox 427 4405 676 4460; x_wconf 86' lang='lat' dir='ltr'>quorum</span> <span class='ocrx_word' id='word_1_591' title='bbox 710 4389 768 4442; x_wconf 90' lang='lat' dir='ltr'>in</span> <span class='ocrx_word' id='word_1_592' title='bbox 820 4393 1026 4443; x_wconf 89' lang='lat' dir='ltr'>neutro</span> <span class='ocrx_word' id='word_1_593' title='bbox 1077 4387 1308 4459; x_wconf 89' lang='lat' dir='ltr'>legitur.</span> <span class='ocrx_word' id='word_1_594' title='bbox 1353 4385 1653 4457; x_wconf 90' lang='lat' dir='ltr'>Supplevit</span> <span class='ocrx_word' id='word_1_595' title='bbox 1694 4391 1888 4440; x_wconf 89' lang='lat' dir='ltr'>autem</span> <span class='ocrx_word' id='word_1_596' title='bbox 1923 4391 2076 4441; x_wconf 88' lang='lat' dir='ltr'>recte</span> 
     </span>
    </p>
   </div>
   <div class='ocr_carea' id='block_1_79' title="bbox 2197 3302 3772 3376">
    <p class='ocr_par' dir='ltr' id='par_1_79' title="bbox 2197 3302 3772 3376">
     <span class='ocr_line' id='line_1_80' title="bbox 2197 3302 3772 3376; baseline -0.001 -21"><span class='ocrx_word' id='word_1_597' title='bbox 2197 3304 2367 3371; x_wconf 85' lang='lat' dir='ltr'>fontis</span> <span class='ocrx_word' id='word_1_598' title='bbox 2399 3305 2724 3357; x_wconf 80' lang='lat' dir='ltr'>mentionem</span> <span class='ocrx_word' id='word_1_599' title='bbox 2749 3304 2986 3373; x_wconf 70' lang='lat' dir='ltr'>faciunt,</span> <span class='ocrx_word' id='word_1_600' title='bbox 3009 3307 3061 3356; x_wconf 84' lang='lat' dir='ltr'>et</span> <span class='ocrx_word' id='word_1_601' title='bbox 3086 3302 3284 3374; x_wconf 87' lang='lat' dir='ltr'>templi</span> <span class='ocrx_word' id='word_1_602' title='bbox 3333 3304 3578 3376; x_wconf 77' lang='lat' dir='ltr'>Deiparae</span> <span class='ocrx_word' id='word_1_603' title='bbox 3602 3304 3772 3374; x_wconf 75' lang='lat' dir='ltr'>virgini:</span> 
     </span>
    </p>
   </div>
   <div class='ocr_carea' id='block_1_80' title="bbox 2199 3390 3172 3463">
    <p class='ocr_par' dir='ltr' id='par_1_80' title="bbox 2199 3390 3172 3463">
     <span class='ocr_line' id='line_1_81' title="bbox 2199 3390 3172 3463; baseline -0.001 -17"><span class='ocrx_word' id='word_1_604' title='bbox 2199 3391 2276 3446; x_wconf 87' lang='lat' dir='ltr'>ad</span> <span class='ocrx_word' id='word_1_605' title='bbox 2302 3410 2483 3463; x_wconf 83' lang='grc' dir='ltr'>πηγην</span> <span class='ocrx_word' id='word_1_606' title='bbox 2539 3395 2657 3447; x_wconf 87' lang='lat' dir='ltr'>sive</span> <span class='ocrx_word' id='word_1_607' title='bbox 2681 3394 2906 3460; x_wconf 81' lang='lat' dir='ltr'>fontem.</span> <span class='ocrx_word' id='word_1_608' title='bbox 2939 3394 3024 3447; x_wconf 87' lang='lat' dir='ltr'>Ita</span> <span class='ocrx_word' id='word_1_609' title='bbox 3054 3390 3172 3447; x_wconf 91' lang='lat' dir='ltr'>ille.</span> 
     </span>
    </p>
   </div>
   <div class='ocr_carea' id='block_1_81' title="bbox 2274 3497 3770 3569">
    <p class='ocr_par' dir='ltr' id='par_1_81' title="bbox 2274 3497 3770 3569">
     <span class='ocr_line' id='line_1_82' title="bbox 2274 3497 3770 3569; baseline 0.001 -17"><span class='ocrx_word' id='word_1_610' title='bbox 2274 3498 2404 3569; x_wconf 85' lang='lat' dir='ltr'>Pag.</span> <span class='ocrx_word' id='word_1_611' title='bbox 2472 3499 2594 3553; x_wconf 83' lang='grc'><strong>150.</strong></span> <span class='ocrx_word' id='word_1_612' title='bbox 2654 3498 2717 3553; x_wconf 86' lang='lat' dir='ltr'><strong>In</strong></span> <span class='ocrx_word' id='word_1_613' title='bbox 2775 3497 2868 3554; x_wconf 87' lang='lat' dir='ltr'>his</span> <span class='ocrx_word' id='word_1_614' title='bbox 2939 3498 3157 3554; x_wconf 76' lang='lat' dir='ltr'>Graecis</span> <span class='ocrx_word' id='word_1_615' title='bbox 3219 3501 3419 3556; x_wconf 68' lang='lat' dir='ltr'>verbis</span> <span class='ocrx_word' id='word_1_616' title='bbox 3489 3498 3770 3554; x_wconf 76' lang='grc' dir='ltr'>καταστάντος</span> 
     </span>
    </p>
   </div>
   <div class='ocr_carea' id='block_1_82' title="bbox 2197 3585 3769 3661">
    <p class='ocr_par' dir='ltr' id='par_1_82' title="bbox 2197 3585 3769 3661">
     <span class='ocr_line' id='line_1_83' title="bbox 2197 3585 3769 3661; baseline -0.001 -21"><span class='ocrx_word' id='word_1_617' title='bbox 2197 3591 2331 3640; x_wconf 80' lang='grc' dir='ltr'>κατὰ</span> <span class='ocrx_word' id='word_1_618' title='bbox 2361 3587 2548 3660; x_wconf 83' lang='grc' dir='ltr'>χώραν</span> <span class='ocrx_word' id='word_1_619' title='bbox 2603 3585 2939 3652; x_wconf 75' lang='grc' dir='ltr'>ὑπνούντων,</span> <span class='ocrx_word' id='word_1_620' title='bbox 2966 3588 3075 3643; x_wconf 84' lang='lat' dir='ltr'>etsi</span> <span class='ocrx_word' id='word_1_621' title='bbox 3105 3605 3173 3643; x_wconf 87' lang='lat' dir='ltr'>ex</span> <span class='ocrx_word' id='word_1_622' title='bbox 3223 3591 3396 3646; x_wconf 91' lang='lat' dir='ltr'>codd.</span> <span class='ocrx_word' id='word_1_623' title='bbox 3441 3591 3654 3661; x_wconf 86' lang='lat' dir='ltr'>optimis</span> <span class='ocrx_word' id='word_1_624' title='bbox 3677 3588 3769 3641; x_wconf 84' lang='lat' dir='ltr'>Bar-</span> 
     </span>
    </p>
   </div>
   <div class='ocr_carea' id='block_1_83' title="bbox 2199 3675 3768 3747">
    <p class='ocr_par' dir='ltr' id='par_1_83' title="bbox 2199 3675 3768 3747">
     <span class='ocr_line' id='line_1_84' title="bbox 2199 3675 3768 3747; baseline -0.002 -17"><span class='ocrx_word' id='word_1_625' title='bbox 2199 3677 2319 3730; x_wconf 90' lang='lat' dir='ltr'>ber.</span> <span class='ocrx_word' id='word_1_626' title='bbox 2351 3683 2406 3731; x_wconf 87' lang='lat' dir='ltr'>et</span> <span class='ocrx_word' id='word_1_627' title='bbox 2435 3676 2609 3741; x_wconf 86' lang='lat' dir='ltr'>Attat,</span> <span class='ocrx_word' id='word_1_628' title='bbox 2644 3692 2776 3730; x_wconf 89' lang='lat' dir='ltr'>cum</span> <span class='ocrx_word' id='word_1_629' title='bbox 2831 3675 2942 3731; x_wconf 88' lang='lat' dir='ltr'>fide</span> <span class='ocrx_word' id='word_1_630' title='bbox 2973 3691 3249 3747; x_wconf 86' lang='lat' dir='ltr'>expressa</span> <span class='ocrx_word' id='word_1_631' title='bbox 3293 3679 3450 3733; x_wconf 67' lang='lat'>048</span> <span class='ocrx_word' id='word_1_632' title='bbox 3495 3682 3634 3743; x_wconf 89' lang='lat' dir='ltr'>sunt,</span> <span class='ocrx_word' id='word_1_633' title='bbox 3659 3689 3768 3730; x_wconf 85' lang='lat' dir='ltr'>men-</span> 
     </span>
    </p>
   </div>
   <div class='ocr_carea' id='block_1_84' title="bbox 2197 3765 3867 3829">
    <p class='ocr_par' dir='ltr' id='par_1_84' title="bbox 2197 3765 3867 3829">
     <span class='ocr_line' id='line_1_85' title="bbox 2197 3765 3867 3829; baseline -0.002 -11"><span class='ocrx_word' id='word_1_634' title='bbox 2197 3765 2336 3818; x_wconf 92' lang='lat' dir='ltr'>dum</span> <span class='ocrx_word' id='word_1_635' title='bbox 2373 3765 2526 3820; x_wconf 91' lang='lat' dir='ltr'>inest</span> <span class='ocrx_word' id='word_1_636' title='bbox 2558 3783 2670 3820; x_wconf 89' lang='lat' dir='ltr'>non</span> <span class='ocrx_word' id='word_1_637' title='bbox 2699 3765 2971 3820; x_wconf 90' lang='lat' dir='ltr'>dubium.</span> <span class='ocrx_word' id='word_1_638' title='bbox 3021 3766 3168 3828; x_wconf 90' lang='lat' dir='ltr'>Quid</span> <span class='ocrx_word' id='word_1_639' title='bbox 3225 3767 3384 3822; x_wconf 90' lang='lat' dir='ltr'>enim</span> <span class='ocrx_word' id='word_1_640' title='bbox 3417 3766 3549 3822; x_wconf 86' lang='lat' dir='ltr'>illuc</span> <span class='ocrx_word' id='word_1_641' title='bbox 3573 3765 3768 3820; x_wconf 74' lang='lat' dir='ltr'>facitvox</span> <span class='ocrx_word' id='word_1_642' title='bbox 3866 3811 3867 3829; x_wconf 34' lang='grc' dir='ltr'><strong>η</strong></span> 
     </span>
    </p>
   </div>
   <div class='ocr_carea' id='block_1_85' title="bbox 2200 3853 3766 3928">
    <p class='ocr_par' dir='ltr' id='par_1_85' title="bbox 2200 3853 3766 3928">
     <span class='ocr_line' id='line_1_86' title="bbox 2200 3853 3766 3928; baseline -0.002 -21"><span class='ocrx_word' id='word_1_643' title='bbox 2200 3853 2510 3907; x_wconf 72' lang='grc' dir='ltr'>ὑπνούντων</span> <span class='ocrx_word' id='word_1_644' title='bbox 2546 3855 2736 3910; x_wconf 91' lang='lat' dir='ltr'>locum</span> <span class='ocrx_word' id='word_1_645' title='bbox 2768 3869 3062 3925; x_wconf 90' lang='lat' dir='ltr'>occupans</span> <span class='ocrx_word' id='word_1_646' title='bbox 3090 3855 3392 3923; x_wconf 85' lang='lat' dir='ltr'>vecabuli,</span> <span class='ocrx_word' id='word_1_647' title='bbox 3424 3855 3568 3928; x_wconf 90' lang='lat' dir='ltr'>quod</span> <span class='ocrx_word' id='word_1_648' title='bbox 3596 3867 3766 3924; x_wconf 84' lang='lat' dir='ltr'>respon-</span> 
     </span>
    </p>
   </div>
   <div class='ocr_carea' id='block_1_86' title="bbox 2193 3941 3766 4016">
    <p class='ocr_par' dir='ltr' id='par_1_86' title="bbox 2193 3941 3766 4016">
     <span class='ocr_line' id='line_1_87' title="bbox 2193 3941 3766 4016; baseline -0.004 -17"><span class='ocrx_word' id='word_1_649' title='bbox 2193 3944 2327 3999; x_wconf 89' lang='lat' dir='ltr'>deat</span> <span class='ocrx_word' id='word_1_650' title='bbox 2354 3943 2658 4016; x_wconf 91' lang='lat' dir='ltr'>participio</span> <span class='ocrx_word' id='word_1_651' title='bbox 2678 3941 3042 4003; x_wconf 81' lang='grc' dir='ltr'>καταστάντος</span> <span class='ocrx_word' id='word_1_652' title='bbox 3067 3943 3089 3998; x_wconf 84' lang='lat'><strong><em>?</em></strong></span> <span class='ocrx_word' id='word_1_653' title='bbox 3122 3944 3301 3999; x_wconf 84' lang='lat' dir='ltr'>Recte</span> <span class='ocrx_word' id='word_1_654' title='bbox 3335 3945 3512 4016; x_wconf 89' lang='lat' dir='ltr'>igitur</span> <span class='ocrx_word' id='word_1_655' title='bbox 3537 3948 3586 3998; x_wconf 88' lang='lat' dir='ltr'>et</span> <span class='ocrx_word' id='word_1_656' title='bbox 3609 3960 3662 3997; x_wconf 83' lang='lat' dir='ltr'>ex</span> <span class='ocrx_word' id='word_1_657' title='bbox 3685 3955 3766 3993; x_wconf 86' lang='lat' dir='ltr'>me-</span> 
     </span>
    </p>
   </div>
   <div class='ocr_carea' id='block_1_87' title="bbox 2193 4032 3760 4106">
    <p class='ocr_par' dir='ltr' id='par_1_87' title="bbox 2193 4032 3760 4106">
     <span class='ocr_line' id='line_1_88' title="bbox 2193 4032 3760 4106; baseline -0.004 -18"><span class='ocrx_word' id='word_1_658' title='bbox 2193 4033 2347 4101; x_wconf 87' lang='lat' dir='ltr'>liori,</span> <span class='ocrx_word' id='word_1_659' title='bbox 2380 4035 2608 4105; x_wconf 90' lang='lat' dir='ltr'>opinor,</span> <span class='ocrx_word' id='word_1_660' title='bbox 2657 4033 2976 4105; x_wconf 87' lang='lat' dir='ltr'>exemplari</span> <span class='ocrx_word' id='word_1_661' title='bbox 3024 4051 3130 4106; x_wconf 92' lang='lat' dir='ltr'>pro</span> <span class='ocrx_word' id='word_1_662' title='bbox 3177 4032 3493 4088; x_wconf 78' lang='grc' dir='ltr'>ὑπνούντων</span> <span class='ocrx_word' id='word_1_663' title='bbox 3527 4033 3760 4088; x_wconf 82' lang='lat' dir='ltr'>Vaticanus</span> 
     </span>
    </p>
   </div>
   <div class='ocr_carea' id='block_1_88' title="bbox 2193 4121 3760 4195">
    <p class='ocr_par' dir='ltr' id='par_1_88' title="bbox 2193 4121 3760 4195">
     <span class='ocr_line' id='line_1_89' title="bbox 2193 4121 3760 4195; baseline -0.005 -17"><span class='ocrx_word' id='word_1_664' title='bbox 2193 4123 2358 4194; x_wconf 87' lang='lat' dir='ltr'>ponit</span> <span class='ocrx_word' id='word_1_665' title='bbox 2401 4121 2733 4194; x_wconf 81' lang='grc' dir='ltr'>πνεύματος,</span> <span class='ocrx_word' id='word_1_666' title='bbox 2783 4139 2961 4178; x_wconf 90' lang='lat' dir='ltr'>sensu</span> <span class='ocrx_word' id='word_1_667' title='bbox 2994 4123 3119 4193; x_wconf 90' lang='lat' dir='ltr'>jam</span> <span class='ocrx_word' id='word_1_668' title='bbox 3169 4122 3371 4194; x_wconf 90' lang='lat' dir='ltr'>plano,</span> <span class='ocrx_word' id='word_1_669' title='bbox 3424 4139 3585 4195; x_wconf 87' lang='lat' dir='ltr'>quem</span> <span class='ocrx_word' id='word_1_670' title='bbox 3611 4125 3658 4175; x_wconf 88' lang='lat' dir='ltr'>et</span> <span class='ocrx_word' id='word_1_671' title='bbox 3691 4132 3760 4171; x_wconf 84' lang='lat' dir='ltr'>nos</span> 
     </span>
    </p>
   </div>
   <div class='ocr_carea' id='block_1_89' title="bbox 2193 4209 3757 4284">
    <p class='ocr_par' dir='ltr' id='par_1_89' title="bbox 2193 4209 3757 4284">
     <span class='ocr_line' id='line_1_90' title="bbox 2193 4209 3757 4284; baseline -0.005 -18"><span class='ocrx_word' id='word_1_672' title='bbox 2193 4214 2251 4266; x_wconf 91' lang='lat' dir='ltr'>in</span> <span class='ocrx_word' id='word_1_673' title='bbox 2283 4211 2764 4283; x_wconf 81' lang='lat' dir='ltr'>interpretatione</span> <span class='ocrx_word' id='word_1_674' title='bbox 2782 4211 3103 4267; x_wconf 88' lang='lat' dir='ltr'>tenuimus.</span> <span class='ocrx_word' id='word_1_675' title='bbox 3139 4211 3277 4275; x_wconf 62' lang='lat' dir='ltr'>Quae</span> <span class='ocrx_word' id='word_1_676' title='bbox 3293 4217 3609 4284; x_wconf 88' lang='lat' dir='ltr'>sequuntur</span> <span class='ocrx_word' id='word_1_677' title='bbox 3631 4209 3757 4263; x_wconf 79' lang='lat' dir='ltr'>iniis-</span> 
     </span>
    </p>
   </div>
   <div class='ocr_carea' id='block_1_90' title="bbox 2192 4295 3757 4372">
    <p class='ocr_par' dir='ltr' id='par_1_90' title="bbox 2192 4295 3757 4372">
     <span class='ocr_line' id='line_1_91' title="bbox 2192 4295 3757 4372; baseline -0.006 -16"><span class='ocrx_word' id='word_1_678' title='bbox 2192 4303 2321 4357; x_wconf 91' lang='lat' dir='ltr'>dem</span> <span class='ocrx_word' id='word_1_679' title='bbox 2357 4301 2522 4356; x_wconf 89' lang='lat' dir='ltr'>codd.</span> <span class='ocrx_word' id='word_1_680' title='bbox 2558 4301 2600 4355; x_wconf 88' lang='grc' dir='ltr'>Β</span> <span class='ocrx_word' id='word_1_681' title='bbox 2631 4307 2688 4355; x_wconf 92' lang='lat' dir='ltr'>et</span> <span class='ocrx_word' id='word_1_682' title='bbox 2713 4304 2778 4363; x_wconf 91' lang='lat' dir='ltr'>A,</span> <span class='ocrx_word' id='word_1_683' title='bbox 2828 4301 3199 4372; x_wconf 85' lang='lat' dir='ltr'>desperatam</span> <span class='ocrx_word' id='word_1_684' title='bbox 3255 4301 3662 4372; x_wconf 85' lang='lat' dir='ltr'>perplexitatem</span> <span class='ocrx_word' id='word_1_685' title='bbox 3690 4295 3757 4349; x_wconf 74' lang='lat' dir='ltr'>ha-</span> 
     </span>
    </p>
   </div>
   <div class='ocr_carea' id='block_1_91' title="bbox 2191 4385 3754 4460">
    <p class='ocr_par' dir='ltr' id='par_1_91' title="bbox 2191 4385 3754 4460">
     <span class='ocr_line' id='line_1_92' title="bbox 2191 4385 3754 4460; baseline -0.004 -15"><span class='ocrx_word' id='word_1_686' title='bbox 2191 4391 2328 4445; x_wconf 91' lang='lat' dir='ltr'>bent</span> <span class='ocrx_word' id='word_1_687' title='bbox 2360 4396 2618 4455; x_wconf 82' lang='lat' dir='ltr'>auctore,</span> <span class='ocrx_word' id='word_1_688' title='bbox 2673 4398 2736 4445; x_wconf 91' lang='lat' dir='ltr'>ut</span> <span class='ocrx_word' id='word_1_689' title='bbox 2789 4391 2957 4459; x_wconf 89' lang='lat' dir='ltr'>solet,</span> <span class='ocrx_word' id='word_1_690' title='bbox 2994 4397 3114 4445; x_wconf 89' lang='lat' dir='ltr'>tam</span> <span class='ocrx_word' id='word_1_691' title='bbox 3166 4390 3225 4445; x_wconf 92' lang='lat' dir='ltr'>in</span> <span class='ocrx_word' id='word_1_692' title='bbox 3275 4391 3499 4446; x_wconf 90' lang='lat' dir='ltr'>delectu</span> <span class='ocrx_word' id='word_1_693' title='bbox 3542 4403 3684 4460; x_wconf 87' lang='lat' dir='ltr'>quam</span> <span class='ocrx_word' id='word_1_694' title='bbox 3719 4385 3754 4435; x_wconf 85' lang='lat' dir='ltr'>in</span> 
     </span>
    </p>
   </div>
   <div class='ocr_carea' id='block_1_92' title="bbox 425 4455 3755 4543">
    <p class='ocr_par' dir='ltr' id='par_1_92' title="bbox 425 4455 3755 4543">
     <span class='ocr_line' id='line_1_93' title="bbox 425 4455 3755 4543; baseline -0.001 -14"><span class='ocrx_word' id='word_1_695' title='bbox 425 4455 784 4531; x_wconf 57' lang='lat' dir='ltr'>Vaticanus:</span> <span class='ocrx_word' id='word_1_696' title='bbox 819 4479 909 4530; x_wconf 88' lang='lat' dir='ltr'>est</span> <span class='ocrx_word' id='word_1_697' title='bbox 941 4475 1098 4529; x_wconf 90' lang='lat' dir='ltr'>enim</span> <span class='ocrx_word' id='word_1_698' title='bbox 1135 4455 1216 4528; x_wconf 52' lang='lat' dir='ltr'>ad</span> <span class='ocrx_word' id='word_1_699' title='bbox 1265 4455 1618 4528; x_wconf 63' lang='lat' dir='ltr'>sententiam</span> <span class='ocrx_word' id='word_1_700' title='bbox 1670 4473 2078 4543; x_wconf 81' lang='lat' dir='ltr'>explicandam</span> <span class='ocrx_word' id='word_1_701' title='bbox 2111 4455 2154 4518; x_wconf 85' lang='lat' dir='ltr'><strong>D</strong></span> <span class='ocrx_word' id='word_1_702' title='bbox 2188 4480 2569 4535; x_wconf 81' lang='lat' dir='ltr'>collocatione</span> <span class='ocrx_word' id='word_1_703' title='bbox 2596 4481 2903 4535; x_wconf 82' lang='lat' dir='ltr'>verborum</span> <span class='ocrx_word' id='word_1_704' title='bbox 2945 4455 3188 4534; x_wconf 75' lang='lat' dir='ltr'>obviam</span> <span class='ocrx_word' id='word_1_705' title='bbox 3244 4455 3575 4534; x_wconf 59' lang='lat' dir='ltr'>facilitatem</span> <span class='ocrx_word' id='word_1_706' title='bbox 3615 4471 3755 4532; x_wconf 82' lang='lat' dir='ltr'>sedulo</span> 
     </span>
    </p>
   </div>
   <div class='ocr_carea' id='block_1_93' title="bbox 427 4559 2072 4632">
    <p class='ocr_par' dir='ltr' id='par_1_93' title="bbox 427 4559 2072 4632">
     <span class='ocr_line' id='line_1_94' title="bbox 427 4559 2072 4632; baseline -0.003 -12"><span class='ocrx_word' id='word_1_707' title='bbox 427 4565 778 4621; x_wconf 89' lang='lat' dir='ltr'>necessaria.</span> <span class='ocrx_word' id='word_1_708' title='bbox 841 4564 946 4619; x_wconf 91' lang='lat' dir='ltr'>Ille</span> <span class='ocrx_word' id='word_1_709' title='bbox 1003 4565 1088 4618; x_wconf 90' lang='lat' dir='ltr'>sic</span> <span class='ocrx_word' id='word_1_710' title='bbox 1147 4562 1359 4618; x_wconf 87' lang='lat' dir='ltr'>habet:</span> <span class='ocrx_word' id='word_1_711' title='bbox 1419 4561 1612 4632; x_wconf 82' lang='grc' dir='ltr'>Ὅμως</span> <span class='ocrx_word' id='word_1_712' title='bbox 1667 4559 1826 4621; x_wconf 79' lang='grc' dir='ltr'>αὐτὸς</span> <span class='ocrx_word' id='word_1_713' title='bbox 1859 4560 2072 4622; x_wconf 78' lang='grc' dir='ltr'>οὗτοςὸ</span> 
     </span>
    </p>
   </div>
   <div class='ocr_carea' id='block_1_94' title="bbox 423 4646 2072 4726">
    <p class='ocr_par' dir='ltr' id='par_1_94' title="bbox 423 4646 2072 4726">
     <span class='ocr_line' id='line_1_95' title="bbox 423 4646 2072 4726; baseline 0.001 -20"><span class='ocrx_word' id='word_1_714' title='bbox 423 4653 829 4726; x_wconf 78' lang='grc' dir='ltr'>Κουτριτζάκης</span> <span class='ocrx_word' id='word_1_715' title='bbox 886 4652 978 4706; x_wconf 84' lang='grc' dir='ltr'>τὸν</span> <span class='ocrx_word' id='word_1_716' title='bbox 1056 4650 1222 4704; x_wconf 84' lang='grc' dir='ltr'>τόπον</span> <span class='ocrx_word' id='word_1_717' title='bbox 1305 4646 1490 4711; x_wconf 77' lang='grc' dir='ltr'>καλῶς</span> <span class='ocrx_word' id='word_1_718' title='bbox 1538 4648 1916 4718; x_wconf 81' lang='grc' dir='ltr'>ἐπιστάμενος.</span> <span class='ocrx_word' id='word_1_719' title='bbox 1997 4652 2072 4707; x_wconf 83' lang='lat' dir='ltr'>Ex</span> 
     </span>
    </p>
   </div>
   <div class='ocr_carea' id='block_1_95' title="bbox 423 4739 2068 4812">
    <p class='ocr_par' dir='ltr' id='par_1_95' title="bbox 423 4739 2068 4812">
     <span class='ocr_line' id='line_1_96' title="bbox 423 4739 2068 4812; baseline -0.002 -14"><span class='ocrx_word' id='word_1_720' title='bbox 423 4759 570 4812; x_wconf 89' lang='lat' dir='ltr'>quos</span> <span class='ocrx_word' id='word_1_721' title='bbox 583 4759 691 4798; x_wconf 88' lang='lat' dir='ltr'>nos</span> <span class='ocrx_word' id='word_1_722' title='bbox 709 4747 900 4797; x_wconf 85' lang='lat' dir='ltr'>totum</span> <span class='ocrx_word' id='word_1_723' title='bbox 921 4743 1112 4797; x_wconf 89' lang='lat' dir='ltr'>locum</span> <span class='ocrx_word' id='word_1_724' title='bbox 1139 4741 1221 4796; x_wconf 90' lang='lat' dir='ltr'>sic</span> <span class='ocrx_word' id='word_1_725' title='bbox 1238 4739 1660 4795; x_wconf 86' lang='lat' dir='ltr'>restimendnm</span> <span class='ocrx_word' id='word_1_726' title='bbox 1693 4740 2068 4810; x_wconf 88' lang='lat' dir='ltr'>putabamus:</span> 
     </span>
    </p>
   </div>
   <div class='ocr_carea' id='block_1_96' title="bbox 419 4821 2068 4902">
    <p class='ocr_par' dir='ltr' id='par_1_96' title="bbox 419 4821 2068 4902">
     <span class='ocr_line' id='line_1_97' title="bbox 419 4821 2068 4902; baseline -0.003 -16"><span class='ocrx_word' id='word_1_727' title='bbox 419 4831 554 4892; x_wconf 84' lang='grc' dir='ltr'>Τοῖς</span> <span class='ocrx_word' id='word_1_728' title='bbox 585 4823 1062 4902; x_wconf 75' lang='grc' dir='ltr'>ὑποϐαλλομὲνοις</span> <span class='ocrx_word' id='word_1_729' title='bbox 1106 4821 1418 4902; x_wconf 52' lang='grc' dir='ltr'>προσέἶων,</span> <span class='ocrx_word' id='word_1_730' title='bbox 1471 4826 1611 4900; x_wconf 80' lang='grc' dir='ltr'>ὁμοῦ</span> <span class='ocrx_word' id='word_1_731' title='bbox 1641 4826 1745 4900; x_wconf 81' lang='grc' dir='ltr'>γὰρ</span> <span class='ocrx_word' id='word_1_732' title='bbox 1784 4825 1944 4888; x_wconf 84' lang='grc' dir='ltr'>αὐτὸς</span> <span class='ocrx_word' id='word_1_733' title='bbox 1977 4825 2068 4881; x_wconf 78' lang='grc' dir='ltr'>οὗ-</span> 
     </span>
    </p>
   </div>
   <div class='ocr_carea' id='block_1_97' title="bbox 415 4911 2064 4994">
    <p class='ocr_par' dir='ltr' id='par_1_97' title="bbox 415 4911 2064 4994">
     <span class='ocr_line' id='line_1_98' title="bbox 415 4911 2064 4994; baseline -0.002 -22"><span class='ocrx_word' id='word_1_734' title='bbox 415 4938 509 4980; x_wconf 84' lang='grc' dir='ltr'>τος</span> <span class='ocrx_word' id='word_1_735' title='bbox 571 4918 599 4972; x_wconf 85' lang='grc' dir='ltr'>ὁ</span> <span class='ocrx_word' id='word_1_736' title='bbox 661 4917 1063 4994; x_wconf 84' lang='grc' dir='ltr'>Κουτριτζάκης</span> <span class='ocrx_word' id='word_1_737' title='bbox 1119 4913 1175 4969; x_wconf 75' lang='grc' dir='ltr'>εὖ</span> <span class='ocrx_word' id='word_1_738' title='bbox 1236 4911 1395 4976; x_wconf 72' lang='grc' dir='ltr'>εἰδὼς</span> <span class='ocrx_word' id='word_1_739' title='bbox 1450 4919 1557 4969; x_wconf 79' lang='grc' dir='ltr'>τῶν</span> <span class='ocrx_word' id='word_1_740' title='bbox 1609 4915 1791 4969; x_wconf 87' lang='grc' dir='ltr'>τόπων</span> <span class='ocrx_word' id='word_1_741' title='bbox 1851 4915 2064 4989; x_wconf 74' lang='grc' dir='ltr'>συνῄει.</span> 
     </span>
    </p>
   </div>
   <div class='ocr_carea' id='block_1_98' title="bbox 415 5005 2066 5078">
    <p class='ocr_par' dir='ltr' id='par_1_98' title="bbox 415 5005 2066 5078">
     <span class='ocr_line' id='line_1_99' title="bbox 415 5005 2066 5078; baseline 0 -16"><span class='ocrx_word' id='word_1_742' title='bbox 415 5008 553 5072; x_wconf 71' lang='lat' dir='ltr'>Qute</span> <span class='ocrx_word' id='word_1_743' title='bbox 611 5009 870 5064; x_wconf 88' lang='lat' dir='ltr'>inserere</span> <span class='ocrx_word' id='word_1_744' title='bbox 917 5005 1215 5062; x_wconf 84' lang='lat' dir='ltr'>contextui</span> <span class='ocrx_word' id='word_1_745' title='bbox 1302 5005 1454 5071; x_wconf 88' lang='lat' dir='ltr'>ausi,</span> <span class='ocrx_word' id='word_1_746' title='bbox 1517 5017 1705 5060; x_wconf 88' lang='lat' dir='ltr'>tamen</span> <span class='ocrx_word' id='word_1_747' title='bbox 1782 5005 2066 5078; x_wconf 85' lang='lat' dir='ltr'>interpre-</span> 
     </span>
    </p>
   </div>
   <div class='ocr_carea' id='block_1_99' title="bbox 417 5092 2066 5168">
    <p class='ocr_par' dir='ltr' id='par_1_99' title="bbox 417 5092 2066 5168">
     <span class='ocr_line' id='line_1_100' title="bbox 417 5092 2066 5168; baseline -0.002 -16"><span class='ocrx_word' id='word_1_748' title='bbox 417 5098 594 5152; x_wconf 88' lang='lat' dir='ltr'>tando</span> <span class='ocrx_word' id='word_1_749' title='bbox 625 5097 1026 5168; x_wconf 86' lang='lat' dir='ltr'>expressimus</span> <span class='ocrx_word' id='word_1_750' title='bbox 1055 5110 1068 5148; x_wconf 91' lang='lat'>:</span> <span class='ocrx_word' id='word_1_751' title='bbox 1123 5093 1433 5148; x_wconf 86' lang='lat' dir='ltr'>manifeste</span> <span class='ocrx_word' id='word_1_752' title='bbox 1493 5092 1711 5163; x_wconf 92' lang='lat' dir='ltr'>quippe</span> <span class='ocrx_word' id='word_1_753' title='bbox 1739 5109 1946 5148; x_wconf 86' lang='lat' dir='ltr'>manca</span> <span class='ocrx_word' id='word_1_754' title='bbox 1975 5098 2066 5148; x_wconf 92' lang='lat' dir='ltr'>est</span> 
     </span>
    </p>
   </div>
   <div class='ocr_carea' id='block_1_100' title="bbox 412 5181 2061 5250">
    <p class='ocr_par' dir='ltr' id='par_1_100' title="bbox 412 5181 2061 5250">
     <span class='ocr_line' id='line_1_101' title="bbox 412 5181 2061 5250; baseline -0.001 -12"><span class='ocrx_word' id='word_1_755' title='bbox 412 5184 678 5240; x_wconf 86' lang='lat' dir='ltr'>codicum</span> <span class='ocrx_word' id='word_1_756' title='bbox 711 5184 962 5240; x_wconf 88' lang='lat' dir='ltr'>aliorum</span> <span class='ocrx_word' id='word_1_757' title='bbox 997 5181 1189 5247; x_wconf 90' lang='lat' dir='ltr'>lectio,</span> <span class='ocrx_word' id='word_1_758' title='bbox 1224 5196 1327 5236; x_wconf 88' lang='lat' dir='ltr'>nec</span> <span class='ocrx_word' id='word_1_759' title='bbox 1369 5197 1613 5236; x_wconf 87' lang='lat' dir='ltr'>sensum</span> <span class='ocrx_word' id='word_1_760' title='bbox 1676 5196 1778 5250; x_wconf 91' lang='lat' dir='ltr'>per</span> <span class='ocrx_word' id='word_1_761' title='bbox 1808 5195 1871 5235; x_wconf 89' lang='lat' dir='ltr'>se</span> <span class='ocrx_word' id='word_1_762' title='bbox 1901 5197 2061 5236; x_wconf 88' lang='lat' dir='ltr'>com-</span> 
     </span>
    </p>
   </div>
   <div class='ocr_carea' id='block_1_101' title="bbox 410 5273 886 5330">
    <p class='ocr_par' dir='ltr' id='par_1_101' title="bbox 410 5273 886 5330">
     <span class='ocr_line' id='line_1_102' title="bbox 410 5273 886 5330; baseline -0.002 -1"><span class='ocrx_word' id='word_1_763' title='bbox 410 5275 653 5330; x_wconf 91' lang='lat' dir='ltr'>modum</span> <span class='ocrx_word' id='word_1_764' title='bbox 685 5273 886 5328; x_wconf 77' lang='lat' dir='ltr'>efficit.</span> 
     </span>
    </p>
   </div>
   <div class='ocr_carea' id='block_1_102' title="bbox 479 5364 2059 5444">
    <p class='ocr_par' dir='ltr' id='par_1_102' title="bbox 479 5364 2059 5444">
     <span class='ocr_line' id='line_1_103' title="bbox 479 5364 2059 5444; baseline -0.004 -16"><span class='ocrx_word' id='word_1_765' title='bbox 479 5372 614 5444; x_wconf 89' lang='lat' dir='ltr'>Pag.</span> <span class='ocrx_word' id='word_1_766' title='bbox 642 5372 799 5427; x_wconf 83' lang='grc' dir='ltr'><strong>139..ῐ</strong></span> <span class='ocrx_word' id='word_1_767' title='bbox 805 5386 898 5425; x_wconf 91' lang='lat' dir='ltr'>am</span> <span class='ocrx_word' id='word_1_768' title='bbox 917 5369 1071 5440; x_wconf 92' lang='lat' dir='ltr'>quod</span> <span class='ocrx_word' id='word_1_769' title='bbox 1089 5367 1183 5424; x_wconf 90' lang='lat' dir='ltr'>hic</span> <span class='ocrx_word' id='word_1_770' title='bbox 1200 5372 1396 5424; x_wconf 89' lang='lat' dir='ltr'>noster</span> <span class='ocrx_word' id='word_1_771' title='bbox 1427 5364 1768 5422; x_wconf 82' lang='lat' dir='ltr'>inevitabilis</span> <span class='ocrx_word' id='word_1_772' title='bbox 1791 5367 2059 5436; x_wconf 50' lang='lat' dir='ltr'>efﬁcacia,</span> 
     </span>
    </p>
   </div>
   <div class='ocr_carea' id='block_1_103' title="bbox 407 5455 2053 5529">
    <p class='ocr_par' dir='ltr' id='par_1_103' title="bbox 407 5455 2053 5529">
     <span class='ocr_line' id='line_1_104' title="bbox 407 5455 2053 5529; baseline -0.002 -13"><span class='ocrx_word' id='word_1_773' title='bbox 407 5476 538 5517; x_wconf 88' lang='lat' dir='ltr'>esse</span> <span class='ocrx_word' id='word_1_774' title='bbox 567 5461 650 5516; x_wconf 86' lang='lat' dir='ltr'>ait</span> <span class='ocrx_word' id='word_1_775' title='bbox 677 5461 898 5516; x_wconf 84' lang='lat' dir='ltr'>decreta</span> <span class='ocrx_word' id='word_1_776' title='bbox 939 5457 1323 5529; x_wconf 66' lang='lat' dir='ltr'>providentiae,</span> <span class='ocrx_word' id='word_1_777' title='bbox 1377 5457 1425 5511; x_wconf 89' lang='lat' dir='ltr'>si</span> <span class='ocrx_word' id='word_1_778' title='bbox 1486 5455 1578 5510; x_wconf 90' lang='lat' dir='ltr'>cui</span> <span class='ocrx_word' id='word_1_779' title='bbox 1618 5455 1927 5510; x_wconf 90' lang='lat' dir='ltr'>videantur</span> <span class='ocrx_word' id='word_1_780' title='bbox 1983 5458 2053 5512; x_wconf 92' lang='lat' dir='ltr'>ad</span> 
     </span>
    </p>
   </div>
   <div class='ocr_carea' id='block_1_104' title="bbox 407 5540 2053 5616">
    <p class='ocr_par' dir='ltr' id='par_1_104' title="bbox 407 5540 2053 5616">
     <span class='ocr_line' id='line_1_105' title="bbox 407 5540 2053 5616; baseline 0.001 -14"><span class='ocrx_word' id='word_1_781' title='bbox 407 5548 748 5604; x_wconf 83' lang='lat' dir='ltr'>damnatam</span> <span class='ocrx_word' id='word_1_782' title='bbox 781 5545 976 5603; x_wconf 86' lang='lat' dir='ltr'>fatalis</span> <span class='ocrx_word' id='word_1_783' title='bbox 1008 5543 1375 5602; x_wconf 87' lang='lat' dir='ltr'>necessitatis</span> <span class='ocrx_word' id='word_1_784' title='bbox 1405 5540 1732 5600; x_wconf 89' lang='lat' dir='ltr'>doctrinam</span> <span class='ocrx_word' id='word_1_785' title='bbox 1766 5548 2053 5616; x_wconf 89' lang='lat' dir='ltr'>spectare,</span> 
     </span>
    </p>
   </div>
   <div class='ocr_carea' id='block_1_105' title="bbox 2188 4567 3753 4640">
    <p class='ocr_par' dir='ltr' id='par_1_105' title="bbox 2188 4567 3753 4640">
     <span class='ocr_line' id='line_1_106' title="bbox 2188 4567 3753 4640; baseline -0.006 -18"><span class='ocrx_word' id='word_1_786' title='bbox 2188 4569 2462 4638; x_wconf 77' lang='lat' dir='ltr'>fugiente.</span> <span class='ocrx_word' id='word_1_787' title='bbox 2487 4571 2808 4624; x_wconf 86' lang='lat' dir='ltr'>Vaticanus</span> <span class='ocrx_word' id='word_1_788' title='bbox 2836 4585 2905 4624; x_wconf 91' lang='lat' dir='ltr'>ea</span> <span class='ocrx_word' id='word_1_789' title='bbox 2925 4569 3275 4640; x_wconf 89' lang='lat' dir='ltr'>compendio</span> <span class='ocrx_word' id='word_1_790' title='bbox 3307 4576 3368 4625; x_wconf 89' lang='lat' dir='ltr'>et</span> <span class='ocrx_word' id='word_1_791' title='bbox 3396 4569 3595 4624; x_wconf 85' lang='lat' dir='ltr'>clarius</span> <span class='ocrx_word' id='word_1_792' title='bbox 3616 4567 3671 4617; x_wconf 89' lang='lat' dir='ltr'>de</span> <span class='ocrx_word' id='word_1_793' title='bbox 3685 4575 3753 4615; x_wconf 83' lang='lat' dir='ltr'>suo</span> 
     </span>
    </p>
   </div>
   <div class='ocr_carea' id='block_1_106' title="bbox 2181 4648 3752 4732">
    <p class='ocr_par' dir='ltr' id='par_1_106' title="bbox 2181 4648 3752 4732">
     <span class='ocr_line' id='line_1_107' title="bbox 2181 4648 3752 4732; baseline -0.004 -19"><span class='ocrx_word' id='word_1_794' title='bbox 2181 4659 2516 4729; x_wconf 84' lang='lat' dir='ltr'>exprimens</span> <span class='ocrx_word' id='word_1_795' title='bbox 2549 4658 2633 4714; x_wconf 85' lang='lat' dir='ltr'>sic</span> <span class='ocrx_word' id='word_1_796' title='bbox 2683 4657 2895 4713; x_wconf 82' lang='lat' dir='ltr'>habet:</span> <span class='ocrx_word' id='word_1_797' title='bbox 2932 4656 3042 4712; x_wconf 77' lang='grc' dir='ltr'>Εἶτ’</span> <span class='ocrx_word' id='word_1_798' title='bbox 3099 4653 3185 4710; x_wconf 82' lang='grc' dir='ltr'>ἐάν</span> <span class='ocrx_word' id='word_1_799' title='bbox 3246 4677 3300 4711; x_wconf 91' lang='grc' dir='ltr'>τι</span> <span class='ocrx_word' id='word_1_800' title='bbox 3351 4657 3476 4732; x_wconf 79' lang='grc' dir='ltr'>περὶ</span> <span class='ocrx_word' id='word_1_801' title='bbox 3508 4655 3568 4709; x_wconf 73' lang='grc' dir='ltr'>τὰ</span> <span class='ocrx_word' id='word_1_802' title='bbox 3590 4648 3752 4717; x_wconf 65' lang='grc' dir='ltr'>αἴσθητᾶ</span> 
     </span>
    </p>
   </div>
   <div class='ocr_carea' id='block_1_107' title="bbox 2181 4736 3749 4821">
    <p class='ocr_par' dir='ltr' id='par_1_107' title="bbox 2181 4736 3749 4821">
     <span class='ocr_line' id='line_1_108' title="bbox 2181 4736 3749 4821; baseline -0.003 -23"><span class='ocrx_word' id='word_1_803' title='bbox 2181 4740 2461 4817; x_wconf 78' lang='grc' dir='ltr'>συμϐαίη,</span> <span class='ocrx_word' id='word_1_804' title='bbox 2525 4746 2600 4818; x_wconf 82' lang='grc' dir='ltr'>μή</span> <span class='ocrx_word' id='word_1_805' title='bbox 2661 4746 3022 4807; x_wconf 83' lang='grc' dir='ltr'>καταστάντος</span> <span class='ocrx_word' id='word_1_806' title='bbox 3078 4746 3216 4799; x_wconf 85' lang='grc' dir='ltr'>κατά</span> <span class='ocrx_word' id='word_1_807' title='bbox 3271 4746 3459 4821; x_wconf 86' lang='grc' dir='ltr'>χώραν</span> <span class='ocrx_word' id='word_1_808' title='bbox 3513 4747 3598 4799; x_wconf 78' lang='grc' dir='ltr'>τοῦ</span> <span class='ocrx_word' id='word_1_809' title='bbox 3643 4736 3749 4794; x_wconf 68' lang='grc' dir='ltr'>πνεύ-</span> 
     </span>
    </p>
   </div>
   <div class='ocr_carea' id='block_1_108' title="bbox 2183 4825 3749 4906">
    <p class='ocr_par' dir='ltr' id='par_1_108' title="bbox 2183 4825 3749 4906">
     <span class='ocr_line' id='line_1_109' title="bbox 2183 4825 3749 4906; baseline -0.003 -19"><span class='ocrx_word' id='word_1_810' title='bbox 2183 4854 2350 4906; x_wconf 80' lang='grc' dir='ltr'>ματος</span> <span class='ocrx_word' id='word_1_811' title='bbox 2408 4833 2452 4887; x_wconf 74' lang='grc' dir='ltr'>εἰ</span> <span class='ocrx_word' id='word_1_812' title='bbox 2517 4834 2610 4905; x_wconf 79' lang='grc' dir='ltr'>μὶν</span> <span class='ocrx_word' id='word_1_813' title='bbox 2663 4831 2874 4906; x_wconf 84' lang='grc' dir='ltr'>ὁμαλόν</span> <span class='ocrx_word' id='word_1_814' title='bbox 2933 4832 3042 4888; x_wconf 79' lang='grc' dir='ltr'>ἐστι</span> <span class='ocrx_word' id='word_1_815' title='bbox 3093 4835 3184 4888; x_wconf 85' lang='grc' dir='ltr'>καὶ</span> <span class='ocrx_word' id='word_1_816' title='bbox 3231 4839 3340 4889; x_wconf 82' lang='grc' dir='ltr'>τῶν</span> <span class='ocrx_word' id='word_1_817' title='bbox 3378 4836 3604 4904; x_wconf 74' lang='grc' dir='ltr'>συνήθων</span> <span class='ocrx_word' id='word_1_818' title='bbox 3629 4825 3749 4884; x_wconf 77' lang='grc' dir='ltr'>τὸάν-</span> 
     </span>
    </p>
   </div>
   <div class='ocr_carea' id='block_1_109' title="bbox 2174 4913 3745 4999">
    <p class='ocr_par' dir='ltr' id='par_1_109' title="bbox 2174 4913 3745 4999">
     <span class='ocr_line' id='line_1_110' title="bbox 2174 4913 3745 4999; baseline -0.003 -23"><span class='ocrx_word' id='word_1_819' title='bbox 2174 4917 2652 4994; x_wconf 75' lang='grc' dir='ltr'>τιλαμϐανόμενον</span> <span class='ocrx_word' id='word_1_820' title='bbox 2704 4921 2902 4999; x_wconf 75' lang='grc' dir='ltr'>αἴφνης</span> <span class='ocrx_word' id='word_1_821' title='bbox 2961 4923 3216 4978; x_wconf 75' lang='grc' dir='ltr'>ἀκουσθέν</span> <span class='ocrx_word' id='word_1_822' title='bbox 3242 4967 3256 4992; x_wconf 90' lang='grc'>,</span> <span class='ocrx_word' id='word_1_823' title='bbox 3318 4923 3382 4978; x_wconf 80' lang='grc' dir='ltr'>οὐ</span> <span class='ocrx_word' id='word_1_824' title='bbox 3434 4925 3659 4978; x_wconf 78' lang='grc' dir='ltr'>τοσοῦτον</span> <span class='ocrx_word' id='word_1_825' title='bbox 3692 4913 3745 4986; x_wconf 72' lang='grc' dir='ltr'>τί·</span> 
     </span>
    </p>
   </div>
   <div class='ocr_carea' id='block_1_110' title="bbox 2175 5001 3738 5087">
    <p class='ocr_par' dir='ltr' id='par_1_110' title="bbox 2175 5001 3738 5087">
     <span class='ocr_line' id='line_1_111' title="bbox 2175 5001 3738 5087; baseline -0.001 -24"><span class='ocrx_word' id='word_1_826' title='bbox 2175 5031 2319 5064; x_wconf 81' lang='grc' dir='ltr'>νεται</span> <span class='ocrx_word' id='word_1_827' title='bbox 2348 5011 2410 5065; x_wconf 87' lang='grc' dir='ltr'>τὸ</span> <span class='ocrx_word' id='word_1_828' title='bbox 2458 5005 2664 5086; x_wconf 80' lang='grc' dir='ltr'>βλάϐος</span> <span class='ocrx_word' id='word_1_829' title='bbox 2694 5012 2818 5087; x_wconf 88' lang='grc' dir='ltr'>περὶ</span> <span class='ocrx_word' id='word_1_830' title='bbox 2847 5011 2909 5065; x_wconf 85' lang='grc' dir='ltr'>τὸ</span> <span class='ocrx_word' id='word_1_831' title='bbox 2961 5009 3301 5086; x_wconf 85' lang='grc' dir='ltr'>λογιστικόν.</span> <span class='ocrx_word' id='word_1_832' title='bbox 3335 5012 3397 5070; x_wconf 81' lang='grc' dir='ltr'>Εἰ</span> <span class='ocrx_word' id='word_1_833' title='bbox 3429 5011 3484 5066; x_wconf 69' lang='grc' dir='ltr'>δδ</span> <span class='ocrx_word' id='word_1_834' title='bbox 3504 5001 3738 5081; x_wconf 67' lang='grc' dir='ltr'>λυπηρρνξ</span> 
     </span>
    </p>
   </div>
   <div class='ocr_carea' id='block_1_111' title="bbox 2173 5090 3740 5175">
    <p class='ocr_par' dir='ltr' id='par_1_111' title="bbox 2173 5090 3740 5175">
     <span class='ocr_line' id='line_1_112' title="bbox 2173 5090 3740 5175; baseline -0.002 -21"><span class='ocrx_word' id='word_1_835' title='bbox 2173 5101 2364 5175; x_wconf 83' lang='grc' dir='ltr'>χάριεν</span> <span class='ocrx_word' id='word_1_836' title='bbox 2409 5101 2472 5154; x_wconf 86' lang='grc' dir='ltr'>τὸ</span> <span class='ocrx_word' id='word_1_837' title='bbox 2523 5095 3068 5173; x_wconf 78' lang='grc' dir='ltr'>ἀντιλαμϐανόμενον</span> <span class='ocrx_word' id='word_1_838' title='bbox 3121 5100 3315 5163; x_wconf 71' lang='grc' dir='ltr'>εὐθέως</span> <span class='ocrx_word' id='word_1_839' title='bbox 3369 5100 3604 5162; x_wconf 77' lang='grc' dir='ltr'>ἄκουσθὲν</span> <span class='ocrx_word' id='word_1_840' title='bbox 3644 5090 3740 5162; x_wconf 51' lang='grc' dir='ltr'>καθά</span> 
     </span>
    </p>
   </div>
   <div class='ocr_carea' id='block_1_112' title="bbox 2171 5185 3732 5265">
    <p class='ocr_par' dir='ltr' id='par_1_112' title="bbox 2171 5185 3732 5265">
     <span class='ocr_line' id='line_1_113' title="bbox 2171 5185 3732 5265; baseline -0.002 -22"><span class='ocrx_word' id='word_1_841' title='bbox 2171 5195 2345 5244; x_wconf 82' lang='grc' dir='ltr'>πᾶσαν</span> <span class='ocrx_word' id='word_1_842' title='bbox 2412 5187 2790 5264; x_wconf 81' lang='grc' dir='ltr'>προσδοκίαν,</span> <span class='ocrx_word' id='word_1_843' title='bbox 2841 5185 3290 5265; x_wconf 73' lang='grc' dir='ltr'>τεθορυϐημένων</span> <span class='ocrx_word' id='word_1_844' title='bbox 3348 5195 3452 5244; x_wconf 84' lang='grc' dir='ltr'>τῶν</span> <span class='ocrx_word' id='word_1_845' title='bbox 3508 5187 3732 5252; x_wconf 66' lang='grc' dir='ltr'>αἰσθήσεων</span> 
     </span>
    </p>
   </div>
   <div class='ocr_carea' id='block_1_113' title="bbox 2170 5277 3731 5354">
    <p class='ocr_par' dir='ltr' id='par_1_113' title="bbox 2170 5277 3731 5354">
     <span class='ocr_line' id='line_1_114' title="bbox 2170 5277 3731 5354; baseline -0.001 -22"><span class='ocrx_word' id='word_1_846' title='bbox 2170 5277 2432 5349; x_wconf 81' lang='grc' dir='ltr'>ἔκπληξιν</span> <span class='ocrx_word' id='word_1_847' title='bbox 2478 5278 2854 5354; x_wconf 81' lang='grc' dir='ltr'>ἀπεργάζεται.</span> <span class='ocrx_word' id='word_1_848' title='bbox 2890 5284 2972 5336; x_wconf 86' lang='lat' dir='ltr'>Ita</span> <span class='ocrx_word' id='word_1_849' title='bbox 3017 5281 3114 5337; x_wconf 91' lang='lat' dir='ltr'>ille</span> <span class='ocrx_word' id='word_1_850' title='bbox 3171 5286 3409 5337; x_wconf 87' lang='lat' dir='ltr'>mutans</span> <span class='ocrx_word' id='word_1_851' title='bbox 3464 5285 3518 5335; x_wconf 89' lang='lat' dir='ltr'>et</span> <span class='ocrx_word' id='word_1_852' title='bbox 3567 5280 3731 5332; x_wconf 75' lang='lat' dir='ltr'>contr!-</span> 
     </span>
    </p>
   </div>
   <div class='ocr_carea' id='block_1_114' title="bbox 2169 5368 3729 5442">
    <p class='ocr_par' dir='ltr' id='par_1_114' title="bbox 2169 5368 3729 5442">
     <span class='ocr_line' id='line_1_115' title="bbox 2169 5368 3729 5442; baseline -0.004 -18"><span class='ocrx_word' id='word_1_853' title='bbox 2169 5368 2315 5425; x_wconf 90' lang='lat' dir='ltr'>hens</span> <span class='ocrx_word' id='word_1_854' title='bbox 2341 5387 2442 5441; x_wconf 92' lang='lat' dir='ltr'>pro</span> <span class='ocrx_word' id='word_1_855' title='bbox 2473 5371 2730 5425; x_wconf 85' lang='lat' dir='ltr'>arbitrio.</span> <span class='ocrx_word' id='word_1_856' title='bbox 2750 5370 2866 5424; x_wconf 89' lang='lat' dir='ltr'>Nos</span> <span class='ocrx_word' id='word_1_857' title='bbox 2889 5375 3186 5426; x_wconf 88' lang='lat' dir='ltr'>auctorem</span> <span class='ocrx_word' id='word_1_858' title='bbox 3211 5371 3403 5442; x_wconf 90' lang='lat' dir='ltr'>ipsum</span> <span class='ocrx_word' id='word_1_859' title='bbox 3437 5368 3729 5424; x_wconf 70' lang='lat' dir='ltr'>exhibemus.</span> 
     </span>
    </p>
   </div>
   <div class='ocr_carea' id='block_1_115' title="bbox 2167 5447 3730 5528">
    <p class='ocr_par' dir='ltr' id='par_1_115' title="bbox 2167 5447 3730 5528">
     <span class='ocr_line' id='line_1_116' title="bbox 2167 5447 3730 5528; baseline -0.006 -15"><span class='ocrx_word' id='word_1_860' title='bbox 2167 5463 2222 5512; x_wconf 90' lang='lat' dir='ltr'>et</span> <span class='ocrx_word' id='word_1_861' title='bbox 2253 5475 2424 5528; x_wconf 80' lang='lat' dir='ltr'>quam</span> <span class='ocrx_word' id='word_1_862' title='bbox 2486 5459 2829 5515; x_wconf 82' lang='lat' dir='ltr'>ﬁdelissime</span> <span class='ocrx_word' id='word_1_863' title='bbox 2860 5475 2925 5514; x_wconf 90' lang='lat' dir='ltr'>ac</span> <span class='ocrx_word' id='word_1_864' title='bbox 2980 5459 3305 5516; x_wconf 86' lang='lat' dir='ltr'>clarissime</span> <span class='ocrx_word' id='word_1_865' title='bbox 3343 5473 3607 5516; x_wconf 91' lang='lat' dir='ltr'>conamur</span> <span class='ocrx_word' id='word_1_866' title='bbox 3649 5447 3730 5506; x_wconf 83' lang='lat' dir='ltr'>red-</span> 
     </span>
    </p>
   </div>
   <div class='ocr_carea' id='block_1_116' title="bbox 2166 5547 2323 5603">
    <p class='ocr_par' dir='ltr' id='par_1_116' title="bbox 2166 5547 2323 5603">
     <span class='ocr_line' id='line_1_117' title="bbox 2166 5547 2323 5603; baseline 0 -1"><span class='ocrx_word' id='word_1_867' title='bbox 2166 5547 2323 5603; x_wconf 90' lang='lat' dir='ltr'>dere.</span> 
     </span>
    </p>
   </div>
  </div>
