3978 6182
222 330 361 389 1105

1813 333 2043 389 NOTB.

3488 343 3629 401 1106

295 456 376 528 [Ρ.
412 453 537 525 450]
572 452 707 525 Pag.
770 453 893 508 160.
956 454 1261 525 Postquam
1317 453 1416 509 diu
1470 451 1693 509 clamat
1740 469 1862 521 per-
1892 455 1946 524 Α
1985 462 2037 512 et
2071 457 2291 513 Venetos
2318 461 2489 517 multo
2537 462 2829 533 inferiores
2872 482 3105 523 numero
3155 467 3311 522 intra
3360 469 3623 526 moenium

217 547 496 600 manserat
532 551 730 613 aperta
777 546 859 596 est
888 550 1044 613 porta
1092 542 1297 598 Aurea.
1346 542 1440 597 Sic
1496 542 1863 598 reddidimus

221 634 371 707 quod
403 634 463 687 in
515 632 714 688 Graeco
774 631 1010 703 legitur,
1068 632 1321 685 ’Ἠνοικτο
1355 632 1389 699 ἡ
1444 629 1653 703 Χροσὲα
1709 629 1859 701 πύλη

220 721 433 796 χρονία.
472 723 558 778 Ita
588 720 744 776 clare
773 720 1114 792 exprimunt
1150 721 1357 793 optimi
1406 722 1575 777 codd.
1612 722 1672 777 Β.
1707 725 1764 776 et
1794 724 1856 777 A.

225 812 531 869 Vaticanus
591 815 787 865 autem
842 827 944 880 pro
992 807 1189 883 χρονία
1240 809 1406 880 ponit
1459 807 1645 880 μόλις.
1697 810 1859 865 Unde

219 898 615 955 intelleximus
637 898 782 954 velle
795 902 1093 954 auctorem
1109 898 1443 970 signiﬁcare
1466 904 1597 970 post
1620 898 1854 971 longam

216 989 465 1059 denique
487 987 981 1058 exspectationem
1013 989 1272 1059 patuisse
1305 988 1437 1044 illas
1481 990 1579 1043 diu
1626 990 1858 1045 obsera-

216 1082 304 1134 tas
335 1079 508 1133 fores.
546 1077 703 1132 More
726 1077 993 1133 videlicet
1026 1094 1372 1149 pomparum
1408 1078 1855 1147 solemniornm,

215 1168 453 1238 quibus,
486 1172 553 1222 ut
581 1165 981 1222 Tertullianus
1012 1167 1083 1221 de
1113 1166 1408 1237 mysteriis
1439 1166 1644 1222 scribit
1690 1167 1856 1223 initio

212 1255 349 1311 libri
408 1256 684 1311 adversus
732 1254 1191 1321 Valentinianos,
1241 1258 1565 1312 cruciantur
1620 1256 1852 1324 aditus;

209 1346 366 1416 quod
398 1344 596 1400 referri
628 1348 819 1416 potest
850 1344 920 1399 ad
951 1360 1143 1400 moras
1196 1344 1254 1398 in
1294 1346 1582 1400 vestibulo
1628 1345 1854 1401 haeren-

207 1434 380 1489 tium.
414 1433 592 1489 Paulo
624 1439 755 1504 post
778 1433 932 1488 idem
966 1438 1252 1489 memorat
1278 1436 1526 1503 suspiria
1540 1438 1851 1504 portarum,

198 1524 369 1594 juxta
399 1523 701 1581 lectionem
723 1526 1024 1594 cujusdam
1074 1526 1291 1580 codicis
1349 1541 1460 1580 non
1512 1542 1853 1596 usquequa~

208 1630 322 1685 que
353 1614 625 1670 fortassis
656 1614 1125 1685 improbabilem,
1180 1616 1287 1669 etsi
1343 1615 1547 1670 merito
1598 1616 1702 1669 viri
1749 1616 1850 1670 do-

206 1704 283 1758 cti
338 1703 702 1772 praetulerint
765 1703 1011 1775 suspiria
1067 1708 1387 1775 epoptarum
1454 1721 1589 1759 nam
1667 1704 1849 1758 videri

1984 546 2255 602 ambitum
2282 548 2468 604 domos
2500 550 2701 607 habere
2725 553 2881 610 haud
2904 569 3053 627 aegre
3080 556 3315 611 sinebat.

2054 634 2186 703 Pag.
2223 637 2344 691 173.
2379 637 2871 711 Χειροτονηθεῖσιν.
2904 644 3065 699 Hanc
3084 661 3281 700 vocem
3313 645 3397 700 sic
3420 661 3623 701 emen-

1980 722 2267 789 davimus,
2304 731 2634 784 necessaria
2665 736 2730 785 ut
2776 732 3134 802 putabamus
3181 734 3428 804 ratione,
3484 751 3619 791 cum

1978 811 2036 866 in
2071 812 2402 885 archctypis
2424 815 2577 872 clare
2601 818 2890 890 legeretur
2919 823 3406 895 χειροθετηθεῖσιν.

2047 902 2181 972 Cap.
2218 906 2269 959 8.
2294 904 2448 967 Quos
2477 906 2586 961 hoc
2634 910 2820 977 capite
2878 917 3067 967 noster
3091 912 3388 982 Ethiopas
3420 912 3619 983 appel-

1975 991 2075 1056 lat,
2102 992 2160 1047 hi
2193 999 2359 1049 erant
2388 996 2657 1051 Saraceni
2689 999 2931 1071 [Egypto
2974 1018 3076 1072 per
3125 1001 3179 1055 id
3218 1007 3451 1073 tempus
3507 1002 3618 1057 im-

1977 1082 2315 1152 poritantes,
2344 1100 2476 1138 cum
2512 1086 2729 1156 quibus
2762 1093 2819 1142 et
2867 1094 3071 1144 sancto
3120 1090 3407 1145 Ludovico
3451 1094 3618 1145 Fran-

1975 1186 2173 1226 corum
2207 1172 2290 1244 (P.
2326 1173 2449 1243 451)
2482 1174 2599 1244 regi
2636 1180 2693 1229 et
2715 1175 2847 1231 aliis
2868 1177 3232 1248 principibus
3267 1178 3615 1235 Christianis

1971 1259 2414 1332 Herosolymam
2444 1273 2501 1318 et
2526 1263 2639 1318 alia
2663 1264 2978 1321 Palaastinae
3009 1265 3138 1322 loca
3184 1268 3615 1339 occupantibus

1973 1368 2178 1424 graves
2233 1353 2645 1410 dimicationes
2696 1356 2956 1412 fuerunt.
3007 1356 3208 1427 Aperit
3267 1360 3465 1412 autem
3516 1357 3615 1412 hic

1972 1442 2126 1497 clare
2155 1441 2543 1511 Pacbymeres
2576 1444 2857 1514 originem
2909 1445 3145 1501 famosae
3179 1445 3403 1501 militiae
3435 1445 3621 1500 Mam-

1972 1530 2406 1598 malucborum,
2428 1533 2689 1588 conﬂatm
2707 1550 2774 1588 ex
2791 1535 3103 1605 mancipiis
3128 1535 3337 1604 majori
3368 1550 3434 1588 ex
3456 1538 3621 1604 parte

1969 1620 2278 1691 Scythicis,
2303 1638 2430 1691 quae
2465 1621 2670 1693 puerili
2702 1627 2869 1678 mtate
2924 1640 2992 1677 ex
3050 1624 3271 1678 Euxino
3327 1623 3385 1677 in
3442 1623 3618 1694 [Egy-

1969 1712 2134 1780 ptum
2168 1710 2474 1779 deportata
2504 1711 2583 1765 ibi
2615 1712 3005 1767 educarentur
3036 1718 3092 1767 et
3114 1712 3517 1767 adolescerent
3548 1711 3607 1766 in

202 1792 394 1863 potuit
422 1792 570 1848 velle
600 1798 809 1848 auctor
833 1792 1155 1865 exprimere
1182 1810 1530 1865 suspensam
1556 1794 1849 1864 inquietu-
1876 1822 1925 1887 Β
1968 1798 2186 1854 milites
2220 1799 2593 1865 fortissimos,
2628 1817 2836 1870 magno
2868 1800 3334 1857 Christianorum
3367 1802 3607 1871 damno,

202 1882 400 1937 dinem
426 1884 892 1954 exspectantium
926 1884 998 1937 ad
1030 1888 1228 1955 portas
1254 1887 1311 1938 et
1338 1885 1407 1939 ad
1441 1887 1700 1955 optatam
1747 1900 1847 1938 ea-

199 1988 337 2026 rum
369 1972 815 2042 patefactionem
848 1972 1599 2044 suspirantium.Admonet
1623 1976 1843 2039 autem,

200 2066 557 2131 opportunet
587 2062 656 2115 ad
692 2061 846 2133 quod
882 2061 1155 2128 dicimus,
1189 2066 1384 2117 noster
1426 2062 1842 2132 imperatorem

198 2149 483 2221 peculiari
511 2150 708 2206 studio
739 2168 977 2207 curasse
1008 2159 1066 2205 ut
1100 2168 1277 2223 quam
1308 2152 1557 2206 maxime
1589 2155 1842 2223 augusta

202 2243 529 2311 sanctaque
557 2239 678 2295 haec
711 2238 1057 2296 caeremonia
1086 2241 1172 2296 sui
1208 2240 1487 2296 solemnis
1532 2240 1590 2295 in
1637 2241 1845 2295 urbem

200 2329 425 2400 regiam
457 2329 758 2401 ingressus
791 2330 1079 2384 evaderet.
1142 2330 1336 2398 Quam
1393 2330 1454 2385 in
1510 2344 1631 2383 rem
1684 2328 1839 2383 inter

204 2422 414 2473 caetera
460 2418 802 2473 diuturnam
849 2418 1022 2473 istam
1068 2418 1339 2473 adhibuit
1382 2434 1609 2473 moram
1661 2422 1838 2489 portae

200 2509 404 2563 Aureae
436 2508 921 2578 aperiendae,ante
952 2525 1130 2580 quam
1155 2507 1416 2563 clausam
1432 2507 1841 2579 persistentem

201 2594 431 2666 aliquot
462 2595 584 2651 dies
615 2613 747 2651 cum
780 2595 1057 2652 comitatu
1092 2596 1376 2665 substitit;
1410 2596 1613 2666 etipso
1634 2596 1845 2650 trium-

197 2683 399 2757 phalis
429 2684 709 2740 introitus
740 2702 855 2740 non
889 2688 1024 2740 ante
1072 2684 1377 2741 meridiem
1407 2685 1582 2756 pandi
1634 2685 1842 2752 voluit,

197 2777 269 2828 ut
291 2775 465 2845 paulo
498 2778 629 2845 post
659 2773 890 2830 dicitur.
931 2774 1048 2830 Nec
1078 2778 1168 2829 est
1225 2773 1562 2829 incredibile
1618 2777 1843 2828 tantam

198 2879 235 2918 a
260 2862 543 2918 Michaele
571 2862 1003 2918 solemnitatem
1035 2862 1094 2917 in
1128 2879 1235 2919 suo
1286 2863 1399 2917 isto
1459 2879 1561 2934 per
1617 2866 1843 2933 portam

193 2961 453 3007 Auream
486 2951 754 3024 ingressu
789 2952 1139 3018 affectatam,
1172 2952 1328 3024 quod
1360 2968 1486 3006 eam
1517 2950 1627 3005 sibi
1651 2951 1845 3007 adhuc

194 3041 438 3097 lactenti
491 3042 826 3114 praedictam
880 3043 1162 3111 audisset,
1190 3047 1463 3097 narrante
1511 3040 1624 3114 ipsi
1666 3041 1842 3097 Eulo-

192 3130 296 3202 gia
328 3147 546 3187 sorore.
577 3131 723 3187 Vide
755 3148 878 3188 rem
916 3132 1273 3203 descriptam
1307 3148 1506 3204 supra,
1540 3148 1597 3202 p.
1636 3132 1757 3185 128.

272 3313 435 3381 Pag.
495 3308 616 3363 {63.
680 3309 820 3377 Quos
877 3308 1139 3364 altatrari
1192 3326 1314 3364 cum
1346 3318 1696 3381 apparerent.
1752 3310 1846 3365 Sic

194 3398 604 3471 expressimus
636 3398 789 3469 quod
823 3398 1019 3453 Graece
1048 3395 1282 3459 ἐκείνους
1316 3394 1363 3451 δ’
1408 3396 1849 3471 ὑλαγτουμὲνους

193 3490 279 3558 τῷ
309 3484 535 3556 πλήθει.
569 3486 912 3558 Quanquam
946 3504 1059 3542 non
1094 3487 1423 3555 dissimulo,
1468 3505 1535 3544 ex
1582 3506 1697 3560 quo
1720 3490 1843 3559 jam

198 3576 330 3631 hac
362 3576 446 3631 sic
476 3578 642 3630 erant
672 3576 847 3641 edita,
880 3576 1222 3632 observasse
1265 3592 1353 3632 me
1399 3576 1459 3632 in
1504 3577 1702 3632 conice
1745 3595 1848 3633 an-

193 3666 369 3737 tiquo
427 3661 832 3735 ἡλαττομὲνους
903 3682 1005 3736 pro
1074 3663 1511 3737 ὑλακτομένους.
1561 3667 1663 3721 Est
1723 3667 1847 3736 qui-

196 3756 338 3809 dem
374 3753 501 3808 sine
531 3753 709 3808 dubio
742 3754 1090 3809 mendosum
1118 3754 1262 3810 illud
1286 3754 1736 3823 vocabulum,ut
1766 3755 1846 3809 ibi

194 3843 493 3913 scriptum
528 3842 643 3897 vidi
679 3858 809 3896 cum
844 3858 875 3896 o
908 3860 1083 3913 parvo
1114 3842 1171 3897 in
1206 3843 1374 3898 tertia
1416 3842 1658 3912 syllaba,
1711 3860 1843 3897 cum

193 3933 275 3987 ab
334 3927 578 3985 ἐλαττόω
630 3928 1056 4002 ἠλαττωμένους
1103 3932 1250 3988 ﬂecti
1298 3932 1453 3987 644
1506 3932 1843 4002 oportuerit.

193 4021 489 4076 Caeterum
515 4019 562 4075 si
594 4020 682 4074 cui
710 4020 899 4091 magis
918 4020 1038 4074 haec
1067 4020 1254 4092 placet
1279 4020 1841 4089 lectio,referendum

190 4125 529 4182 pronomen
563 4106 803 4168 ὶκείνους
836 4108 905 4163 ad
939 4108 1516 4163 VenetosetPisanos
1541 4108 1843 4179 erit,quos,

192 4199 345 4270 quia
376 4196 588 4252 minori
622 4213 866 4251 numero
899 4202 1095 4252 essent
1126 4214 1303 4269 quam
1336 4202 1399 4252 ut
1427 4198 1497 4252 ab
1540 4197 1609 4252 iis
1650 4197 1847 4252 timeri

193 4287 417 4343 seditio
450 4290 669 4358 posset,
700 4285 856 4340 haud
899 4291 1135 4358 gravate
1184 4291 1483 4356 pateretur
1532 4287 1850 4358 imperator

192 4378 364 4432 intra
397 4375 563 4431 urbis
622 4373 840 4430 maenis
897 4376 1127 4445 degere,
1189 4392 1387 4430 cuma
1443 4375 1849 4431 Genuensibus

190 4464 586 4522 multitudine
612 4464 939 4519 metuendis
969 4464 1175 4519 turbas
1207 4464 1436 4536 aliquas
1466 4465 1684 4519 timens
1734 4465 1847 4519 mi-

1966 1887 2312 1959 necjminori
2356 1889 2531 1960 culpa
2579 1889 3047 1944 Christianorum
3093 1886 3603 1958 Constantinopoli

1965 1974 2419 2042 dominantium,
2452 1976 2668 2046 quibus
2697 1981 2822 2031 erat
2852 1975 3175 2031 facilimum
3208 1974 3366 2031 istud
3400 1974 3602 2029 exitio-

1964 2079 2096 2118 sum
2130 2062 2656 2135 Hierosolymitano
2689 2081 2865 2136 regno
2897 2065 3309 2121 commercium
3362 2062 3601 2118 interci-

1963 2168 2121 2223 pere,
2159 2151 2273 2208 nisi
2305 2154 2569 2221 avaritia,
2599 2154 2863 2221 ambitio,
2898 2156 3052 2210 avita
3102 2153 3395 2208 aemulatio
3444 2151 3601 2205 Lati-

1964 2258 2176 2297 norum
2200 2240 2334 2313 plus
2394 2244 2549 2315 apud
2609 2260 2708 2299 eos
2762 2260 2939 2314 quam
2994 2243 3292 2314 religionis
3349 2240 3603 2296 rationes

1962 2329 2307 2399 valuissent;
2340 2347 2519 2401 quare
2559 2332 2765 2387 merito
2814 2332 3201 2404 Pacbymeres
3248 2330 3539 2403 capitibus
3568 2328 3601 2384 4

1964 2424 2020 2475 et
2045 2419 2080 2472 5
2113 2420 2499 2490 sequentibus
2528 2420 2636 2476 hoc
2671 2422 2889 2477 factum
2925 2422 3239 2491 improbat.

2037 2508 2169 2579 Pag.
2208 2512 2332 2565 180.
2372 2510 2493 2564 Tres
2526 2510 2753 2581 reginae.
2806 2511 2923 2565 Hoc
2980 2514 3071 2565 est
3115 2514 3235 2565 tres
3283 2508 3453 2580 regite
3489 2506 3604 2561 vir-

1964 2596 2149 2669 gines:
2187 2614 2321 2652 nam
2355 2613 2420 2652 ex
2479 2599 2715 2669 regibus
2765 2603 2933 2654 natas
2988 2600 3220 2670 reginas
3276 2596 3603 2667 nuncupari

1964 2700 2107 2739 usus
2131 2684 2411 2754 jamolim
2451 2683 2717 2750 invaluit,
2755 2686 2926 2755 cujus
2975 2684 3241 2755 exempla
3263 2683 3605 2756 passimoc-

1965 2777 2230 2829 currunt.

2034 2862 2169 2918 Ibid.
2226 2862 2365 2917 Maio
2394 2862 2465 2918 de
2510 2863 2813 2919 Belicurto.
2874 2861 3101 2918 Iudicat
3166 2863 3354 2917 forma
3409 2860 3601 2916 nomi-

1963 2954 2077 3008 nis.
2110 2954 2396 3008 Francum
2431 2951 2587 3007 hunc
2609 2952 2812 3019 fuisse,
2846 2954 3169 3023 suadetque
3218 2952 3394 3016 idem,
3443 2949 3599 3021 quod

1964 3042 2360 3114 Peloponneso
2392 3040 2512 3096 sive
2543 3040 2769 3108 Morere,
2813 3041 2969 3095 unde
3018 3039 3112 3095 hic
3154 3044 3319 3095 ortus
3363 3038 3599 3102 dicitur,

1967 3130 2174 3188 Franci
2205 3136 2331 3185 tum
2359 3129 2797 3201 imperitabant,

2038 3221 2173 3292 Pag.
2209 3221 2332 3274 181.
2371 3219 2706 3275 Vintimilia.
2758 3219 2905 3274 Nota
2961 3218 3082 3274 haec
3140 3222 3234 3273 eat
3289 3215 3602 3289 appellatio

1968 3311 2223 3381 antiquae
2255 3326 2321 3364 ac
2334 3308 2671 3379 praenobilis
2686 3307 2917 3363 familiae
2932 3306 3604 3376 Gcnuensis,bodieque,

1970 3409 2031 3456 ut
2061 3400 2288 3471 opinor,
2321 3397 2684 3469 superstitis.
3438 3450 3446 3457 ,

2039 3489 2393 3561 Pag.183.ln
2422 3487 2875 3559 purpura.Vides
2908 3485 3043 3541 hinc
3075 3503 3191 3542 non
3224 3484 3368 3540 satis
3402 3484 3606 3549 fuisse,

1967 3586 2033 3637 ut
2062 3581 2195 3651 quis
2226 3578 2759 3650 Porphyrogenitus
2801 3577 3114 3644 diceretur,
3162 3581 3366 3632 natum
3426 3575 3607 3629 fuisse

1965 3686 2034 3725 ex
2064 3674 2224 3739 patre
2250 3669 2375 3739 jam
2410 3666 2641 3738 imperii
2686 3667 2834 3723 645
2890 3671 3178 3737 compote,
3231 3669 3295 3721 ut
3343 3664 3605 3735 plerique

1968 3758 2250 3813 hactenus
2294 3759 2433 3811 sunt
2485 3754 2730 3825 opinati,
2779 3771 3051 3825 purpurae
3105 3754 3339 3808 nomine
3384 3752 3600 3807 intelli-

1965 3851 2170 3917 gentes
2184 3860 2441 3910 pannum
2466 3858 2824 3913 purpureum
2841 3858 2956 3912 quo
2977 3841 3383 3913 exciperentur
3402 3845 3602 3911 partus

1964 3939 2390 4008 Augustarum.
2426 3932 2767 4003 Requiritur
2797 3932 2950 3987 enim
2982 3937 3256 4002 presteres
3307 3930 3469 3985 nasci
3513 3930 3601 3982 in-

1964 4032 2057 4082 tra
2088 4027 2329 4081 domum
2363 4041 2487 4095 qua:
2508 4019 2762 4097 πορφύρα
2800 4039 3048 4093 purpura
3086 4022 3425 4076 vocabatur.
3474 4019 3604 4073 Haec

1966 4133 2102 4188 pars
2156 4118 2282 4170 erat
2338 4112 2733 4184 impcrialium
2786 4111 2997 4167 aedium
3057 4107 3603 4178 Constantinopoli;

1966 4206 2123 4261 unde
2151 4200 2712 4273 Constantinopolim
2748 4201 3035 4273 migrasse
3066 4199 3232 4272 prius
3273 4201 3611 4269 oportuerat

1968 4298 2239 4366 parentes
2264 4290 2649 4357 Constantini,
2686 4295 2749 4345 ut
2778 4290 2827 4345 is
2860 4288 3396 4362 Porphyrogenitus
3446 4284 3609 4342 nasci

1968 4385 2187 4453 posset.
2222 4382 2420 4451 Itaque
2476 4379 2868 4443 Andronicus,
2920 4378 3026 4434 etsi
3080 4382 3253 4433 natus
3311 4380 3482 4440 esset,
3545 4378 3609 4429 ut

1970 4472 2351 4543 Pachymercs
2390 4469 2622 4524 videtur
2652 4469 2926 4535 voluisse,
2959 4466 3193 4539 imperii
3226 4466 3409 4537 patris
3455 4482 3607 4521 anno

191 4556 365 4611 nime
398 4559 591 4609 tutum
627 4552 989 4609 existimaret
1019 4552 1093 4607 iis
1124 4552 1419 4608 domicilia
1464 4554 1520 4607 in
1556 4554 1701 4609 urbe
1744 4554 1852 4608 tri—
1881 4544 1926 4610 1)
1969 4560 2179 4633 primo,
2215 4559 2370 4629 quod
2405 4558 2792 4613 discutiemus
2825 4556 2862 4611 Ι.
2898 4558 2993 4624 ΙΙΙ,
3036 4573 3088 4612 c.
3121 4558 3174 4626 8,
3235 4572 3349 4610 non
3408 4558 3604 4610 tamen

189 4648 403 4702 buere.
440 4646 650 4710 Quare,
679 4647 745 4697 ut
769 4642 977 4698 deinde
1007 4659 1055 4698 c.
1089 4644 1159 4697 35
1189 4642 1487 4707 scribitur,
1531 4643 1689 4715 ipsos
1733 4643 1847 4715 pri-

191 4751 372 4789 mum
407 4734 738 4789 Heracleam
772 4732 1037 4788 Thraciae
1067 4732 1462 4797 submoverat,
1497 4734 1597 4789 sed
1645 4739 1847 4804 postea

190 4827 439 4880 mutata
471 4823 762 4879 sententia
786 4838 884 4877 eos
907 4821 965 4875 in
998 4822 1348 4876 suburbium
1375 4821 1639 4877 Galatam
1666 4827 1848 4878 trans-

195 4912 367 4968 tulit.
400 4912 525 4967 Non
560 4914 801 4984 pcsnitet
832 4911 1062 4981 quidem
1098 4927 1190 4966 me
1248 4911 1458 4981 prioris
1495 4912 1619 4983 jam
1679 4912 1845 4967 editas

188 5000 500 5070 lectionis,
533 5018 659 5073 quae
688 5001 1040 5056 sententiam
1074 5000 1233 5055 haud
1276 4999 1714 5056 inverisimilem
1747 5016 1847 5056 ex-

189 5093 432 5166 primit:
467 5096 660 5147 tamen
692 5092 741 5147 si
776 5092 911 5163 quis
941 5092 1051 5146 erit
1080 5092 1171 5146 cui
1208 5090 1338 5162 plus
1372 5091 1625 5146 arrideat
1648 5091 1848 5157 altera,

187 5186 247 5241 is
288 5183 360 5237 ad
386 5199 512 5238 eam
547 5180 1471 5250 conformareinterpretationem
1500 5180 1763 5235 Latinam
1788 5180 1847 5236 in

185 5277 367 5331 hunc
400 5273 642 5327 modum
676 5272 921 5343 poterit:
968 5271 1237 5327 Caeterum
1290 5270 1660 5326 Genuensibus
1706 5274 1851 5327 satis

185 5363 378 5434 ﬁdere
406 5378 514 5417 non
546 5369 768 5433 poterat
799 5362 954 5415 intra
976 5361 1165 5415 urbem
1181 5358 1670 5429 degentibus,quod
1690 5360 1853 5414 multi

186 5455 388 5510 essent
415 5466 518 5506 nec
537 5465 669 5506 cum
698 5449 831 5505 aliis
859 5451 1232 5504 communiter
1260 5449 1499 5503 viverent
1524 5448 1601 5521 (a)
1625 5447 1854 5504 Pisanos

1966 4664 2094 4704 esse
2124 4664 2254 4703 vere
2286 4645 2818 4720 Porphyrogenitus
2844 4646 3051 4718 potuit,
3085 4646 3238 4717 quod
3270 4649 3430 4700 extra
3459 4648 3606 4699 Con-

1966 4736 2406 4807 stantinopolim
2442 4736 2519 4791 sit
2550 4734 2841 4800 natus,uti
2872 4752 2975 4790 nec
3004 4735 3373 4790 Theodorum
3402 4735 3605 4804 junio-

1968 4842 2089 4881 rem
2116 4825 2434 4881 Lascarim.
2478 4824 2585 4879 etsi
2648 4823 2934 4895 principio
2987 4823 3214 4895 imperii
3276 4823 3460 4894 patris
3507 4823 3607 4877 Jo-

1967 4915 2139 4971 annis
2171 4915 2414 4969 Batatza:
2450 4918 2674 4977 natum,
2725 4912 3294 4984 Porphyrogenitum
3357 4928 3608 4983 usquam

1968 5004 2189 5059 dictum
2212 5003 2485 5074 legimus,
2520 5001 2811 5057 Nimirum
2844 5002 2963 5055 haec
2987 5001 3384 5056 nomenclatio
3432 5002 3611 5055 duce-

1967 5092 2143 5147 batur
2171 5108 2240 5145 ex
2268 5090 2392 5145 loco
2426 5095 2652 5161 partus,
2687 5091 2859 5144 domo
2895 5090 2987 5144 cui
3022 5107 3287 5162 purpura
3332 5093 3456 5145 erat
3505 5105 3611 5143 no-

1969 5197 2122 5249 men,
2156 5180 2271 5235 sita
2300 5178 2826 5251 Constantinopoli,
2862 5178 2919 5233 in
2954 5195 3131 5249 quam
3184 5178 3370 5247 partui
3413 5176 3613 5231 vicinae

1970 5274 2243 5338 Auguste
2276 5268 2616 5340 immigrare
2648 5272 2814 5323 erant
2841 5267 3048 5323 solitae.
3080 5274 3249 5322 Anna
3296 5268 3611 5330 Comnena,

1970 5360 2013 5415 Ι.
2073 5357 2161 5427 V1,
2219 5376 2274 5430 p.
2330 5358 2460 5424 166,
2514 5362 2685 5413 vocat
2742 5354 2954 5427 οἴκημα
3013 5354 3392 5432 ἀφωρισμένον
3442 5349 3611 5404 πάλαι

1966 5450 2085 5508 ταῖς
2115 5446 2427 5509 τικτούσαις
2454 5448 2561 5499 τῶν
2623 5441 2920 5521 βασιλίδων
2972 5450 3030 5500 et
3088 5444 3270 5512 addit,
3329 5438 3609 5516 πορφύραν

277 5666 362 5738 (a)
389 5666 499 5723 Nec
526 5695 597 5707 —
633 5665 897 5724 viverent.
928 5666 1041 5722 Ima
1071 5667 1119 5721 et
1150 5664 1266 5720 illis
1296 5664 1546 5738 utrisque
1574 5663 1742 5721 etiam
1761 5661 2064 5734 conjunctis
2088 5677 2318 5718 numero
2338 5662 2663 5736 superiorss.
