3978 6182
433 347 574 404 11σ1

1499 347 1560 399 Ρ.
1604 345 1881 400 POSSINI
1919 340 2536 400 OBSERVATIONUM
2573 345 2707 400 LIB.
2747 349 2822 401 II.

3647 352 3749 409 1108

437 469 495 526 δὲ
523 475 684 526 τοῦτο
716 471 768 524 οἱ
795 470 1045 533 ἀνέκαθεν
1073 467 1459 542 ὀνομάζουσιν,
1515 468 1568 540 ἐξ
1627 466 1688 523 οὗ
1744 468 1833 523 καὶ
1865 467 1928 521 τὸ
1968 469 2076 521 τῶν
2115 467 2166 534 Α,
2269 465 2402 540 Pag.
2443 467 2571 524 214.
2603 462 3000 540 ⁴Προιιτπίπτειν
3058 468 3137 537 τῷ
3189 473 3291 536 τῆς
3341 467 3540 542 Ῥώμης
3587 469 3751 547 πάππᾳ,

439 560 959 636 πορφυρογεννήτων
1029 552 1205 630 ὄνομα
1283 556 1360 620 εἷς
1424 558 1524 626 τὴν
1587 557 1916 631 οἰκουμένην
1975 549 2087 610 διὲ-

447 647 672 720 δραμεν.
700 649 992 705 Describit
1031 664 1160 704 eam
1193 649 1437 704 domum
1461 647 1600 704 alibi
1631 649 1819 713 Anna,
1850 647 1889 700 l.
1922 646 2085 701 vide-

443 738 580 795 licet
609 755 708 805 vn,
742 757 799 811 p.
836 739 956 806 190,
993 742 1049 794 et
1077 739 1130 793 ei
1162 755 1376 794 nomen
1411 740 1630 794 factum
1687 737 1768 793 ait
1815 754 1848 791 a
1897 735 2090 791 colore

444 828 758 884 marmoris
783 845 851 884 ex
883 845 996 900 quo
1027 836 1147 884 erat
1199 832 1445 895 structa,
1503 828 1658 899 quod
1720 826 1863 881 dicit
1907 825 2092 880 tuisse

445 918 630 974 Roma
664 922 957 990 portatum
993 919 1066 974 ab
1098 918 1574 989 imperatoribus,
1607 916 1842 987 quando
1890 915 2090 969 sedem

445 1007 678 1080 imperii
709 1008 1045 1079 Byzantium
1075 1006 1530 1062 transtulerunt.
1565 1005 1695 1060 Hac
1738 1003 1909 1060 verba
1940 1003 2089 1058 Con-

448 1097 778 1154 stantinum
806 1098 1079 1168 Magnum
1111 1096 1490 1167 indignitant.
1522 1095 1589 1149 Et
1616 1093 1857 1148 memini
1903 1092 2095 1164 legere

449 1186 672 1258 aliquid
722 1186 876 1257 apud
921 1185 1132 1240 Elium
1185 1185 1587 1256 Lampridium
1647 1183 1706 1237 in
1757 1180 2094 1253 Alagabalo,

451 1276 608 1349 quod
637 1273 789 1330 trahi
821 1275 889 1330 ad
944 1274 1119 1329 istam
1171 1273 1614 1328 translationem
1671 1271 2095 1326 adstruendam

452 1363 658 1436 possit.
690 1363 882 1418 Verba
904 1361 1220 1433 Lampridii
1252 1361 1374 1416 haec
1407 1366 1566 1416 sunt:
1603 1359 1817 1416 Stravit
1863 1358 1926 1414 el’
1949 1359 2101 1414 saxis

456 1451 890 1508 Lacedaemoniis
921 1467 985 1505 ac
1040 1450 1456 1522 Porphyretieis
1502 1451 1720 1520 plateas
1774 1450 1830 1503 in
1889 1447 2100 1516 palatio

456 1558 595 1613 quas
623 1541 1027 1597 Antoninianas
1057 1542 1293 1608 vocavit,
1318 1555 1442 1610 quae
1496 1555 1635 1594 saxa
1683 1553 1854 1609 usque
1884 1537 1954 1592 ad
2002 1552 2106 1592 no-

455 1639 627 1686 stram
656 1631 980 1684 memoriam
1012 1635 1337 1684 menserunt
1367 1627 1597 1699 (scribit
1623 1627 1744 1683 hinc
1767 1631 1969 1682 auctor
1991 1624 2101 1680 sub

459 1719 962 1790 Constantino,cui
987 1718 1352 1790 huncipsum
1375 1717 1592 1772 librum
1609 1716 2106 1787 dicat),sednuper

458 1817 620 1865 eruta
647 1813 698 1864 et
713 1817 911 1865 exacta
937 1810 1182 1864 sunt.lta
1203 1807 1687 1873 ille.Quidnivero
1708 1823 1815 1861 nos
1839 1805 2102 1876 suspice-

458 1913 594 1952 mur
621 1895 1209 1967 erutaetByzantium
1233 1895 1706 1964 translatajussu
1735 1892 2105 1948 Constantini

457 2001 524 2041 eo
539 1985 934 2058 migratis,aut
951 1985 1143 2056 potius
1157 1986 1467 2041 credamus
1480 1983 1727 2038 Annaeid
1746 1979 2108 2038 alﬁrmanti?

529 2099 668 2164 Pag.
747 2093 865 2146 188.
926 2093 1039 2160 Quo
1096 2093 1158 2146 in.
1213 2107 1414 2160 genere
1471 2089 1774 2145 Laconibus
1843 2086 2111 2159 plurimis

464 2183 662 2239 Graeca
692 2181 785 2236 hic
816 2179 876 2235 in
909 2182 1106 2236 codice
1147 2181 1366 2251 optimo
1397 2185 1666 2252 B,quem,
1689 2183 1752 2234 ut
1781 2195 1930 2250 saepe
1969 2177 2108 2244 dixi,

464 2272 710 2326 fundum
744 2270 1017 2325 editionis
1046 2269 1386 2339 habuimus,
1440 2268 1654 2324 mutila
1705 2273 1888 2324 erant.
1944 2269 2105 2323 llunc

464 2360 620 2416 enim
653 2359 713 2414 in
744 2359 983 2414 modum
1014 2358 1093 2412 ibi
1142 2358 1359 2430 legitur
1391 2376 1403 2414 :
1432 2357 1608 2414 Ὅπου
1639 2375 1698 2430 γε
1758 2355 1848 2409 καὶ
1889 2351 2108 2409 Λάκωσι

465 2447 744 2508 πλείστοις
773 2445 991 2520 ὕστερον
1022 2445 1082 2501 ἐκ
1110 2451 1338 2505 τοῦ.....
1378 2444 1718 2523 ἀφιγμένοις.
1772 2447 1872 2502 ubi
1931 2447 2112 2502 codex

466 2541 512 2593 A
570 2538 745 2592 habet
799 2534 1020 2608 ὕστερον
1078 2535 1137 2589 ἐκ
1186 2543 1288 2604 τῆς
1345 2535 1566 2596 πόλεως
1624 2535 1947 2612 ἀφιγμένοις
1983 2579 1996 2603 ,
2049 2537 2112 2605 [Ρ

468 2626 594 2696 452]
629 2625 727 2679 ubi
761 2625 970 2680 merito
997 2641 1226 2696 quaeras
1248 2642 1315 2680 ex
1348 2641 1466 2696 qua
1505 2627 1648 2680 urbe
1699 2625 2004 2680 advenisse
2051 2625 2112 2680 hi

470 2715 726 2769 Lacones
757 2713 1048 2768 dicantur.
1081 2714 1233 2769 Sane
1263 2714 1428 2769 urbis
1469 2713 1728 2782 nomine,
1793 2729 1928 2768 cum
1987 2714 2116 2770 sine

469 2804 668 2858 addito
699 2802 938 2874 ponitur
963 2803 1116 2873 apud
1153 2803 1256 2858 hos
1298 2802 1637 2872 scriptores,
1691 2802 2115 2858 Constantino-

470 2891 649 2964 polim
674 2890 922 2963 intelligi
955 2908 1046 2947 res
1078 2891 1208 2964 ipsa
1234 2891 1516 2963 loquitur.
1585 2891 1662 2946 Ex
1719 2892 1864 2946 urbe
1919 2896 2113 2947 autem

469 2979 976 3052 Constantinopoli
1009 2980 1142 3052 quis
1192 2981 1547 3052 persuadere
1603 2980 1716 3035 sibi
1765 2981 1952 3052 possit
2001 2980 2116 3036 dici

468 3071 700 3127 venisse
727 3070 894 3134 istos,
925 3069 1022 3141 qui
1057 3069 1253 3141 potius
1284 3070 1379 3125 hic
1404 3070 1462 3124 in
1496 3086 1624 3125 eam
1657 3070 2116 3142 transmigrasse

473 3157 831 3215 memorent?
887 3158 1091 3230 Itaque
1149 3163 1300 3214 recte
1351 3158 1668 3214 Vaticanus
1706 3159 2116 3231 paraphrastes

473 3247 559 3303 sic
590 3247 746 3301 hunc
775 3245 967 3301 locum
1001 3246 1463 3308 θῐῘθΓιΞἘντεῦθεν
1483 3245 1806 3300 καὶΛάκωσι
1841 3245 2118 3308 πλείστοις

476 3333 695 3407 ὕστερον
725 3331 802 3394 εἷς
828 3331 990 3386 πόλιν
1021 3331 1532 3408 ἀφιγμένοιςᾘῠάθ
1565 3337 1808 3392 fortasse
1829 3338 2126 3408 corrigen-

479 3425 588 3477 dus
618 3423 692 3477 sit
719 3421 1360 3494 Allat.codex,reposito
1388 3421 1578 3490 εἰςτῆν
1611 3419 1908 3480 πόλιννὶοθ
1940 3423 1998 3478 ἐκ
2025 3427 2124 3494 τῆς

478 3509 710 3571 πόλεως.
721 3510 826 3564 Sed
843 3509 960 3565 διες
975 3527 1088 3565 non
1104 3527 1169 3566 su
1182 3511 1236 3564 fil
1247 3511 1406 3565 ciunt
1421 3513 1682 3568 sanando
1695 3512 1918 3568 vulneri
1933 3531 2124 3571 exem-

478 3598 658 3670 plaris
692 3597 1012 3670 archetypi.
1045 3599 1190 3654 Nam
1223 3601 1281 3653 in
1302 3599 1587 3656 articulus
1620 3602 1986 3658 masculinus
2025 3609 2127 3660 aut

481 3694 686 3744 neuter
713 3691 810 3742 τοῦ
842 3689 1082 3758 indicat,
1111 3691 1167 3744 id
1202 3693 1355 3761 quod
1390 3691 1590 3746 statim
1633 3693 1798 3748 deest
1849 3695 2002 3750 646
2043 3696 2124 3751 fe-

483 3778 691 3834 minini
727 3779 958 3850 generis
990 3795 1106 3835 non
1139 3796 1288 3836 esse.
1323 3782 1452 3852 Ipse
1493 3781 1673 3853 igitur
1702 3799 1764 3838 se
1795 3784 2065 3856 suppleat
2089 3786 2128 3840 Β

479 3870 657 3924 codex
687 3869 943 3941 quicum
979 3887 1034 3942 p.
1073 3871 1196 3937 180,
1229 3872 1634 3927 consentiente
1665 3871 1776 3926 sibi
1810 3872 2123 3944 Allatiano,

480 3957 699 4013 scribat
727 3956 834 4010 ἀπὸ
865 3956 960 4010 τοῦ
992 3955 1227 4031 Μορὲου,
1270 3960 1534 4030 suggerit
1580 3960 1752 4015 nobis
1800 3960 1938 4032 quid
1995 3967 2128 4034 post

477 4049 599 4104 haec
630 4066 738 4105 sua
767 4049 938 4104 verba
969 4047 1028 4102 ἐκ
1056 4053 1267 4106 τοῦ.....
1314 4051 1642 4122 exscriptor
1689 4053 1954 4109 omiserit
1991 4071 2127 4126 spa-

474 4139 556 4194 tio
589 4140 810 4195 relicto.
844 4139 1161 4195 Vaticanus
1194 4139 1317 4195 loco
1359 4140 1459 4195 illo
1493 4142 1828 4213 tertiumfse
1858 4144 2126 4215 adstipu-

477 4228 723 4284 latorem
759 4230 942 4295 addit,
977 4231 1089 4285 nisi
1123 4231 1279 4301 quod
1313 4230 1566 4303 Μοραίου
1614 4233 1821 4288 scribit
1870 4251 1975 4305 pro
2009 4240 2125 4288 Μο-

478 4317 626 4389 ρὲου.
655 4317 915 4374 Profecto
948 4336 1016 4373 ex
1046 4323 1237 4375 Moreo
1270 4319 1391 4375 sive
1423 4320 1637 4388 Morea,
1691 4321 1799 4378 hoc
1830 4327 1918 4378 est
1967 4324 2126 4380 Pelo-

477 4423 760 4478 ponneso,
795 4409 1022 4465 venisse
1059 4411 1319 4466 Laconas
1375 4412 1656 4483 oportuit,
1722 4429 1854 4468 cum
1917 4414 1998 4468 ibi
2051 4415 2127 4471 sit

480 4495 786 4551 Laconica.
817 4497 1111 4554 Translati
1165 4503 1360 4554 autem
1421 4500 1557 4556 inde
1616 4505 1756 4556 tunc
1810 4503 2121 4572 videntur,

477 4585 734 4656 quando,
775 4590 838 4640 ut
870 4586 1021 4642 infra
1053 4589 1231 4659 p.205
1262 4593 1460 4644 noster
1486 4590 1712 4646 scribit.
1745 4590 1923 4661 ’Ἄκρα
1954 4590 2125 4646 Πελο-

475 4673 752 4742 ποννήσου
832 4673 970 4752 ἀμφὶ
1080 4671 1460 4748 Μονεμϐασίαν
1546 4677 1636 4732 σὺν
1727 4680 1951 4754 Σπάρτῃ
2033 4681 2123 4736 καὶ

481 4758 851 4835 Λακεδαίμονι
886 4764 988 4818 ὑπὸ
1014 4764 1310 4838 Ῥωμαίοις
1341 4765 1603 4841 ἐγένοντο.

550 4874 685 4940 Pag.
723 4869 825 4923 192
858 4871 1145 4943 Dacibyzae
1167 4873 1397 4929 dictam.
1448 4875 1691 4930 Videtur
1741 4876 2128 4949 Pachymeres

477 4962 535 5014 et
566 4958 661 5014 hic
693 4963 749 5014 et
781 4959 1049 5028 inferius,
1085 4979 1141 5033 p.
1177 4963 1301 5030 498,
1337 4970 1734 5037 praetereaque
1786 4983 1841 5038 p.
1873 4968 1998 5035 307,
2031 4969 2128 5024 Ni-

477 5047 824 5103 cetiatarum
855 5054 1116 5106 castrum
1149 5067 1282 5106 cum
1309 5053 1593 5126 Dacibyza
1615 5055 2128 5129 confundere,quae

479 5142 682 5193 tamen
746 5139 1082 5212 Acropotita
1139 5140 1471 5212 distinguit,
1522 5143 1606 5200 sic
1659 5145 1923 5200 scribens
1952 5162 2002 5201 c.
2063 5149 2132 5203 37

483 5228 658 5294 Hist,
687 5245 743 5298 p.
786 5228 856 5282 32
889 5246 901 5283 :
948 5226 1049 5284 Καὶ
1081 5228 1427 5303 παραμείψας
1458 5230 1574 5303 τὸνξ
1599 5230 1812 5305 χάρακα
1863 5231 2132 5306 ἐπόρθησε

479 5316 580 5384 τήν
642 5311 945 5386 Δακιϐύζαν
1006 5318 1110 5394 πρὸ
1182 5323 1374 5392 καιροῦ
1439 5318 1528 5372 καὶ
1605 5320 1835 5394 κατέσχε
1888 5323 2129 5398 ταύτην,

481 5404 801 5478 προσετικαί
833 5411 929 5460 τοῦ
962 5407 1295 5477 Νικητιάτου
1324 5406 1606 5482 φρούριον.
1671 5411 1840 5467 Forte
1896 5414 2131 5487 utrique

492 5495 612 5550 arci
642 5512 957 5552 commune
989 5494 1318 5565 Νικητιάτου
1351 5513 1562 5552 nomen
1599 5500 1796 5569 tuerit,
1827 5500 1996 5556 alteri
2026 5521 2128 5560 au-

477 5589 602 5640 tem
638 5583 842 5641 earum
888 5587 1194 5658 proprium
1247 5578 1577 5656 Δακιϐὖζης,
1632 5589 1790 5646 unde
1853 5589 2129 5662 Νικητιά-

482 5689 614 5740 των,
649 5672 863 5742 plurali
902 5691 1166 5746 numero,
1201 5679 1402 5734 noster
1421 5677 1701 5749 posuerit.

2196 553 2391 612 Verba
2420 562 2560 613 sunt
2607 555 3005 628 imperatoris,
3058 556 3273 628 quibus
3320 559 3560 616 offensus
3597 563 3754 622 duritie

2197 645 2423 702 Arsenii
2457 645 2828 719 patriarchae,
2857 645 2967 701 sibi
3000 646 3294 703 confitenti
3339 647 3536 705 crimen
3575 655 3623 706 et
3657 653 3756 710 olle-

2201 735 2354 790 renti
2385 753 2448 791 se
2478 735 2856 807 paratumiad
2889 735 3314 793 satifactionem
3364 743 3418 794 et
3461 757 3654 810 pinnam
3689 759 3759 797 ca-

2202 824 2500 891 nonicam,
2564 825 2968 896 pcenitentiam
3022 830 3079 882 et
3135 843 3296 898 spem
3354 828 3759 888 reconciliationis

2201 920 2408 971 contra
2432 931 2686 971 canones
2734 917 3030 986 negantis,
3071 917 3152 972 ait
3193 921 3422 990 tempus
3463 936 3575 975 esse
3616 938 3760 977 recur-

2204 1005 2372 1060 rendi
2403 1006 2476 1060 ad
2510 1005 2843 1060 Romanum
2876 1006 3238 1078 pontiﬁcem,
3269 1009 3338 1062 ad
3371 1024 3531 1080 quem
3555 1008 3761 1067 videlicet

2208 1094 2562 1166 agnoscebat
2591 1093 2900 1166 antiquum
2927 1096 3028 1166 jus
3061 1111 3190 1152 esse
3221 1097 3554 1169 provocandi
3594 1099 3650 1154 ab
3681 1099 3760 1154 ini-

2209 1183 2342 1254 quis
2367 1183 2609 1254 judiciis
2641 1199 3010 1241 summorum
3042 1185 3218 1241 etiam
3251 1185 3692 1256 patriarcharum.
3715 1187 3763 1242 Et

2212 1269 2732 1343 moduslloquendi
2784 1271 3079 1344 signiﬁcat
3122 1272 3378 1345 viguisse
3424 1272 3596 1330 adhuc
3631 1274 3766 1345 illam,

2210 1359 2388 1414 etiam
2437 1359 2498 1414 in
2558 1360 2781 1416 Graecia
2837 1360 3163 1417 schismate
3216 1379 3251 1418 a
3318 1361 3528 1417 Latinis
3578 1363 3768 1430 divulsa,

2213 1448 2550 1520 opinionem
2565 1454 2742 1521 atque
2753 1451 3110 1506 sententiam
3125 1451 3366 1523 ,quippe
3377 1450 3768 1508 fundatissimam

2211 1537 2273 1592 in
2304 1553 2472 1593 sacro
2504 1539 2774 1609 dogmate
2802 1544 2862 1595 et
2895 1541 2954 1594 in
2987 1539 3149 1595 omni
3185 1538 3468 1594 memoria
3493 1539 3775 1596 ecclesiastio

2216 1644 2297 1684 cae
2326 1629 2716 1700 antiquitatis.

2291 1761 2423 1827 Pag.
2457 1758 2583 1815 216.
2609 1754 2819 1826 Ἐκείνη
2857 1754 2904 1810 δ’
2954 1754 3012 1812 ἐκ
3055 1755 3290 1821 νοθείας.
3342 1758 3451 1815 Res
3504 1758 3589 1814 hic
3631 1775 3778 1814 narra-

2135 1839 2181 1901 B
2215 1850 2312 1902 tur
2342 1851 2461 1901 tam
2486 1845 2842 1902 incredibilis
2891 1851 2955 1902 ut
3006 1847 3289 1902 mendum
3338 1846 3542 1902 codicis
3584 1847 3776 1920 primum

2218 1934 2420 2008 legens
2451 1935 2920 2006 suspicarer,nec
2950 1935 3232 1992 inducere
3265 1951 3486 2008 possem
3511 1937 3560 1990 in
3582 1935 3776 1990 animum

2219 2040 2458 2079 uxorem
2481 2023 2768 2095 :despotze
2825 2024 3110 2092 Joannis,
3159 2025 3419 2080 fratriam
3474 2023 3778 2096 imperatoris,

2220 2116 2549 2168 matronam
2580 2113 2708 2183 ejus
2737 2112 2872 2182 loci,
2907 2131 3021 2170 non
3055 2112 3252 2170 solum
3275 2130 3345 2169 ex
3373 2112 3629 2169 adulterio
3655 2128 3780 2184 pepe-

2219 2201 2501 2268 risse,sed
2537 2201 2730 2273 palam
2764 2202 2886 2257 viro
2910 2202 3200 2258 tolerante
3225 2203 3500 2258 educasse
3515 2200 3666 2257 ﬁliam
3685 2217 3780 2271 spu-

2221 2290 2392 2355 riam,
2425 2307 2554 2362 quae
2585 2295 2807 2362 postea,
2838 2291 3083 2347 Joannes
3115 2291 3342 2347 scilicet
3392 2291 3511 2364 ipso
3538 2291 3785 2361 despotaet

2223 2379 2401 2435 fratre
2433 2381 2621 2452 ipsius
2653 2385 2918 2453 Augusto
2951 2379 3431 2446 conciliantibus,
3463 2379 3634 2436 Iberia
3674 2377 3785 2450 prin-

2227 2468 2342 2542 cipi
2375 2468 2660 2525 collocata
2691 2471 2788 2525 sit.
2812 2470 3144 2526 Tantumne
3180 2478 3297 2526 tam
3327 2471 3557 2542 impune
3595 2467 3786 2524 mulieri-

2225 2561 2341 2616 bus
2371 2557 2450 2614 ibi
2483 2558 2678 2614 licuit?
2703 2559 2918 2615 Verum
2952 2559 3267 2632 conterens
3301 2559 3441 2615 alios
3469 2556 3664 2614 codices
3699 2570 3782 2610 rem

2225 2648 2448 2719 ubique
2489 2652 2825 2704 constanter
2864 2649 2920 2703 in
2953 2649 3227 2704 eumdem
3264 2649 3493 2704 modum
3531 2660 3783 2719 expressam

2226 2737 2737 2809 reperi.Disertius
2750 2738 2927 2793 etiam
2941 2737 3002 2794 in
3027 2738 3317 2794 Vaticano
3332 2738 3428 2808 qui
3442 2736 3531 2792 ubi
3543 2733 3786 2791 deJoannis

2226 2827 2482 2897 despotaa
2511 2826 2865 2882 castimonia
2894 2827 3162 2884 dixisset:
3193 2827 3448 2897 Ἐπήνθει
3473 2822 3621 2879 δὲκαὶ
3647 2823 3693 2876 τὸ
3717 2823 3785 2874 σῶ-

2226 2935 2358 2992 φρον
2417 2912 2630 2986 ἐκείνῳ,
2661 2915 2738 2976 ὡς
2796 2913 3060 2970 οὐδέποτε
3115 2915 3447 2984 ἀκουσθῆναι
3501 2913 3636 2968 αὐτὸν
3682 2910 3786 2982 ἑτέρᾳ

2225 3001 2442 3078 γυναικὶ
2499 3005 2810 3078 χρήσασθαι
2957 3007 3026 3078 τῇ
3082 3001 3200 3076 ἰδίᾳ
3240 3003 3331 3059 καὶ
3367 3000 3784 3078 μίνῃ,ευὶ)]υηεὶὶ;

2227 3089 2390 3147 ’Λλλ’
2450 3090 2626 3163 ἐκείνη
2661 3093 2763 3148 οὐκ
2818 3094 2884 3162 ἦν
2946 3093 3023 3155 ὡς
3051 3093 3267 3156 ἐκεῖνος
3299 3095 3473 3165 (vides
3502 3093 3635 3148 unde
3664 3091 3784 3144 ducla

2232 3182 2353 3238 sint
2385 3181 3018 3254 illeginterprctationis
3057 3184 3260 3252 verba,
3306 3183 3532 3240 multum
3567 3181 3646 3236 illi
3680 3178 3790 3234 dissi-

2230 3271 2430 3342 milis),
2489 3267 2753 3324 ἀλλὰκαὶ
2804 3272 3092 3346 θυγάτριον
3155 3272 3484 3347 ἀπεγέννησε
3527 3269 3654 3332 νόθον
3698 3262 3789 3318 ἐκεί-

2232 3379 2328 3412 νου
2379 3359 2682 3433 στρατείαις
2731 3362 3124 3436 προσέχοντος.
3177 3363 3269 3432 [Ρ.
3333 3362 3454 3434 453]
3500 3361 3556 3416 Al
3602 3359 3680 3414 illa
3717 3370 3787 3409 non

2233 3453 2353 3504 erat
2384 3448 2524 3504 sicut
2572 3451 2686 3520 ille,
2745 3450 2838 3506 sed
2867 3457 2920 3507 et
2969 3452 3208 3522 ﬁliolam
3263 3454 3451 3522 genuit
3502 3448 3688 3504 nothum
3725 3443 3788 3497 illo

2240 3538 2399 3594 bellis
2429 3539 2688 3607 gerendis
2739 3540 3069 3596 attendente.
3129 3543 3420 3596 Caeterum
3469 3537 3602 3608 quod
3645 3532 3786 3590 attinet

2237 3627 2308 3683 ad
2343 3627 2522 3699 hujus
2554 3643 2622 3682 ex
2651 3628 2936 3685 adulterio
2976 3634 3128 3686 natae
3185 3629 3396 3702 puellae
3447 3627 3652 3699 nuptias
3687 3620 3785 3676 641

2237 3715 2308 3771 ab
2338 3715 2693 3788 imperatore
2723 3717 3064 3774 conciliatas
3111 3735 3251 3775 cum
3275 3720 3435 3791 Mepe
3481 3714 3649 3772 Iberia
3682 3708 3792 3782 prina

2236 3803 2384 3876 cipe,
2417 3821 2702 3876 agnocere
2733 3806 2793 3861 in
2825 3806 2936 3862 hoc
2963 3806 3098 3863 licet
3135 3815 3325 3864 artem
3374 3805 3640 3880 politicam
3682 3795 3790 3855 adbi-

2233 3894 2358 3949 beri
2391 3893 2625 3950 solitam
2648 3912 2682 3950 a
2701 3896 3378 3968 Constantinopolitanis
3409 3887 3788 3966 imperatoribus,

2235 3982 2547 4040 deliniendi
2583 3985 2888 4053 barbaros,
2922 3986 3141 4058 quibus
3170 3984 3568 4060 expugnandis
3594 3997 3645 4037 se
3668 3979 3793 4046 impa-

2237 4091 2328 4130 res
2360 4075 2715 4145 sentiebant,
2748 4076 3121 4148 nuptialibus
3149 4077 3364 4149 pactis.
3384 4065 3791 4132 Audiamuseade

2238 4182 2298 4220 re
2327 4166 2822 4234 Cantacuzenum,
2859 4169 2896 4222 Ι.
2925 4185 2968 4235 ι,
2999 4184 3049 4222 ο.
3093 4169 3186 4239 39,
3242 4168 3345 4224 ubi
3400 4167 3514 4239 agit
3555 4165 3614 4220 de
3661 4155 3792 4216 Μωείε

2237 4254 2522 4312 afﬁnitate
2585 4256 2912 4313 conciliatis
2967 4259 3306 4314 Andronico
3333 4255 3577 4329 juniori:
3617 4246 3792 4306 Μάλιστα

2239 4339 2296 4397 δὲ
2351 4342 2548 4406 αὐτοὺς
2607 4343 2875 4421 ἐξημᾶρου
2928 4346 3018 4400 καὶ
3079 4344 3286 4423 φιλίως
3343 4342 3546 4409 διετίθει
3574 4340 3683 4414 πρὸς
3705 4337 3793 4390 Ῥω’

2238 4430 2432 4504 μαίους
2459 4433 2520 4486 τὸ
2553 4431 2613 4487 ἐκ
2657 4437 2764 4488 τῶν
2823 4432 3125 4509 βασιλικῶν
3161 4434 3328 4489 οἷ’κων
3384 4437 3620 4509 γυναῖκα(
3645 4424 3792 4499 ἄγεσθιι

2235 4521 2466 4583 ἑαυτοῖς.
2529 4523 2922 4599 Περιμάχητον
2989 4524 3091 4600 γὰρ
3154 4525 3344 4586 αὐτοῖς
3399 4523 3458 4579 τὸ
3504 4521 3707 4576 τοιοῦτο.
3753 4511 3794 4566 Et

2158 4570 2204 4636 Ι)
2236 4570 2966 4686 Qiiieqﬁoéifiiii1;:
2997 4570 3378 4687 ἑῖῖρξιξιζιέξῌν
3409 4570 3795 4688 magna...

2233 4699 2528 4774 παρθένους
2578 4703 2680 4771 τὴν
2739 4697 2862 4776 ὄψιν
2924 4700 3284 4778 διαπρεπεῖς,
3346 4701 3444 4758 οὔκ
3498 4697 3548 4756 εὖ
3589 4686 3795 4772 γιγονυῖκ

2240 4789 2430 4861 μόνον,
2489 4789 2636 4846 ἀλλᾶ
2690 4791 2780 4846 καὶ
2840 4791 2888 4864 ἐξ
2948 4793 3176 4865 ἀσήμων
3227 4795 3422 4867 γενῶν,
3472 4787 3520 4843 ἓν
3565 4790 3661 4845 τοῖς
3699 4781 3794 4855 βυτ·

2238 4877 2408 4940 λείοις
2484 4879 2855 4959 ἐκτρέφοντες,
2934 4881 3011 4943 ὡς
3083 4879 3378 4956 θυγατέρας
3439 4879 3639 4944 ἑαυτῶν,
3685 4867 3794 4924 ὁπάτε

2241 4965 2373 5040 δέοι,
2431 4974 2550 5032 τοῖς
2608 4975 2833 5035 Σκυθῶν
2895 4971 3194 5044 σατράπαις
3249 4967 3579 5046 κατηγγῦων.
3629 4960 3794 5046 Ιαιίπι(

2240 5075 2367 5116 voro
2414 5061 2559 5132 ipsos
2592 5062 2908 5119 deliniebat
2934 5040 3354 5118 et'conciliabal
3378 5040 3657 5119 illomanis,
3701 5040 3791 5119 ᾳυοά

2241 5166 2310 5206 ex
2339 5150 2718 5223 imperatoria
2749 5153 2974 5224 familia
3002 5169 3206 5209 uxores
3257 5153 3691 5206 nanciscerentur.
3727 5137 3794 5190 Hoc

2241 5241 2390 5296 enim
2419 5239 2554 5312 ipsis
2585 5244 2644 5297 in
2664 5242 2875 5314 primis
2904 5242 3204 5313 expetibile
3223 5242 3440 5297 videtur
3466 5241 3512 5293 et
3538 5227 3796 5290 contentioni

2243 5330 2541 5400 quantavis
2561 5335 2672 5386 emi
2702 5332 2960 5401 dignum.
2999 5331 3133 5386 Post
3163 5331 3391 5402 aliqua:
3422 5328 3479 5384 Id
3507 5321 3628 5396 quod
3659 5321 3793 5373 Roma-

2241 5436 2441 5476 norum
2474 5422 2838 5492 imper-olores
2867 5439 2992 5476 cum
3027 5421 3421 5489 intelligerent,
3442 5413 3662 5486 virgines
3675 5407 3796 5476 [07M

2240 5513 2583 5581 praestantes,
2615 5526 2725 5566 non
2757 5514 2916 5567 modo
2947 5509 3192 5578 legitime
3249 5525 3319 5563 ea:
3373 5503 3623 5561 nobilibus
3664 5500 3789 5581 nata".

2241 5579 2331 5654 sed
2353 5602 2405 5652 et
2419 5613 2491 5652 ea:
2514 5601 2843 5669 parentibus
2878 5597 3087 5672 plebeii
3110 5595 3328 5668 generis
3353 5579 3798 5678 ςεηίιωρηραίςιηο

2242 5688 2488 5757 alebant,
2520 5702 2680 5757 quas,
2709 5691 2812 5750 ubi
2841 5671 2929 5746 res
2956 5689 3216 5761 posceret,
3245 5683 3491 5758 ﬁliarum
3519 5671 3802 5751 appW
3880 5729 3881 5751 η
