3968 6202
434 326 572 384 1111

1483 321 1545 371 Ρ.
1586 315 1859 372 POBSINI
1895 307 2501 368 OBSERVATIONUM
2537 307 2674 362 LIB.
2713 309 2787 361 II.

3635 306 3742 363 1112

435 451 602 509 carni
628 448 726 504 sub
744 450 922 502 rostro
954 444 1132 513 Corvi,
1166 443 1336 498 barba
1383 442 1593 497 directe
1649 458 1680 495 a
1730 440 1841 496 sole
1893 452 2084 495 verem
2110 436 2164 503 Α
2194 429 2675 503 intempestivum
2722 427 2978 500 (lusum,
3049 424 3140 481 his
3213 425 3480 499 exemplto
3504 428 3744 486 versiculis

438 554 686 595 occasum
737 534 1031 590 hiemalem
1060 540 1321 604 protenta
1344 535 1398 588 et
1447 531 1552 587 late
1597 546 1705 602 qua
1734 527 2076 587 terminaba-

433 631 526 681 tur
584 625 808 696 diﬂusa.
852 625 919 678 19
973 623 1167 679 nubes.
1215 623 1286 678 20
1322 629 1442 679 Dec.
1502 621 1652 677 intra.
1689 619 1971 676 Craterem
2028 620 2077 673 et

435 714 690 769 Corvum.
757 714 848 784 21,
897 714 988 782 22,
1048 712 1138 780 23,
1190 713 1262 766 24
1320 711 1510 766 nubes.
1568 712 1639 764 25
1697 710 1800 764 Dee
1852 710 1885 763 4
1941 715 2076 762 mat.

435 805 587 873 infra
618 812 855 859 ventrem
889 803 1092 874 Hydri,
1127 817 1234 873 qua
1268 800 1320 856 ei
1355 801 1543 854 Crater
1571 797 1802 868 insistit,
1832 798 1930 852 sub
1959 794 2078 852 eod.

436 896 577 964 trop.
611 893 942 964 comparuit.
979 891 1154 962 Caput
1184 891 1288 944 hae
1313 890 1402 944 die
1465 887 1755 960 apparenti
1811 886 2083 940 diametro

435 986 552 1054 fere
581 999 689 1054 par
727 983 950 1050 Veneri,
985 981 1217 1035 barbam
1248 977 1517 1034 albicanti
1549 983 1680 1036 ltuce
1735 975 2087 1046 splendidam

441 1074 512 1127 ad
557 1073 626 1128 30
673 1072 877 1143 gradus
933 1072 1153 1126 evibare
1210 1072 1410 1137 visum,
1468 1069 1559 1132 26,
1626 1067 1820 1132 27,29
1890 1067 2084 1119 nubes.

441 1162 512 1217 30
541 1164 666 1218 Dec.
698 1162 732 1215 9
761 1177 904 1232 vesp.
939 1162 1000 1214 in
1032 1164 1235 1227 Lepore
1272 1156 1425 1213 velut
1480 1158 1715 1211 criintus
1771 1155 2031 1226 apparuit
2072 1168 2086 1211 :

443 1277 578 1316 nam
604 1261 668 1316 ob
700 1261 848 1316 lunas
869 1258 1131 1314 viciniam
1149 1257 1328 1312 cauda
1361 1255 1539 1311 videri
1558 1270 1669 1310 non
1694 1255 1892 1326 potuit.
1917 1254 2092 1308 Porro

445 1349 696 1406 eumdem
728 1349 872 1403 hunc
915 1365 1041 1403 cum
1067 1349 1252 1418 priore
1305 1353 1516 1401 cometa
1570 1359 1703 1411 esse,
1761 1343 2096 1414 conﬁrmant

446 1438 862 1496 observationes
894 1436 1134 1492 Trident.
1168 1450 1295 1507 quae
1323 1434 1393 1489 38
1431 1435 1547 1489 Dec.
1579 1449 1705 1489 eum
1733 1448 1936 1505 pr0pre
1987 1434 2092 1488 Ca-

449 1544 575 1583 nem
605 1528 896 1598 majorem,
926 1527 1186 1582 celeriori
1213 1541 1379 1596 quam
1418 1525 1578 1578 initio
1635 1526 1787 1577 motu
1841 1537 2096 1592 progres-

453 1636 578 1675 sum
607 1636 676 1674 ex
703 1620 971 1673 matutino
1002 1619 1389 1688 vespertinum,
1417 1631 1486 1671 ea:
1517 1615 1743 1670 barbato
1793 1615 2100 1670 caudatum

459 1710 698 1763 evasisse
729 1711 1022 1763 testantur.
1082 1706 1146 1760 31
1214 1705 1460 1761 Decemb.
1527 1704 1677 1759 inter
1735 1705 1994 1774 Lepprem
2049 1707 2102 1758 et

462 1797 788 1863 Eridanum,
833 1799 968 1868 jam
1021 1796 1484 1865 multumsupra
1537 1796 1822 1864 Tropicum
1891 1800 2102 1848 evectus
2137 1807 2183 1871 Β

465 1885 929 1957 conspiciebatur.
968 1886 1121 1940 Anno
1165 1885 1302 1940 1665
1333 1886 1355 1939 1
1391 1883 1676 1953 Januarii,
1703 1884 1769 1936 12
1800 1883 1995 1951 noctis,
2028 1881 2106 1937 ad

463 1974 787 2040 australem,
814 1980 865 2031 et
895 1975 1083 2030 eadem
1125 1974 1218 2030 die
1272 1975 1305 2028 9
1362 1975 1666 2040 vespertina
1719 1972 1790 2027 ad
1838 1971 2108 2027 borealem

468 2065 701 2120 Eridani
737 2065 922 2137 ripam
951 2066 1190 2120 constiti.
1222 2068 1257 2118 2
1310 2062 1573 2119 Januarii
1629 2078 1803 2134 prope
1857 2077 1912 2118 os
1968 2061 2103 2116 Ceti.

464 2163 497 2216 3
525 2166 656 2218 Jan.
691 2162 808 2217 Ceti
836 2160 1232 2218 mandibulam
1264 2160 1472 2230 attigit,
1504 2177 1691 2232 syrma
1745 2157 1966 2218 Orienti
2009 2158 2106 2214 0b-

461 2266 681 2306 versum
705 2252 946 2307 trahens.
980 2251 1012 2305 4
1040 2252 1145 2306 Jan
1180 2256 1513 2320 :cquatorem
1559 2248 1861 2318 superavit.
1890 2248 1926 2301 5
1979 2248 2106 2303 Jan.

459 2342 495 2394 6
519 2356 666 2411 vesp.
701 2342 759 2396 in
779 2341 969 2396 cauda
996 2339 1173 2396 medio
1199 2355 1367 2411 prope
1421 2338 1686 2394 nucleum
1743 2341 1959 2393 cometa
2018 2337 2108 2391 lu-

457 2428 590 2485 eida
641 2429 775 2498 Ceti,
833 2429 1054 2485 Men/car
1108 2429 1277 2498 dicta,
1338 2429 1487 2484 elare
1541 2426 1899 2498 resplenduit.
1961 2424 2111 2493 Qoud

458 2517 628 2574 etiam
659 2518 874 2582 Leodii,
919 2519 1213 2588 Otumucii,
1279 2515 1516 2583 Vienna,
1576 2518 1835 2584 Mantuae,
1884 2517 2110 2586 PragaB,

466 2607 756 2674 Lacernae,
792 2607 1041 2662 Tridenti
1068 2611 1168 2662 sub
1197 2607 1342 2662 idem
1374 2616 1581 2676 tempus
1611 2607 1956 2662 observatum
2013 2608 2108 2672 est,

470 2694 618 2751 Unde
645 2695 831 2766 gallici
855 2703 1031 2767 potest
1063 2705 1332 2751 cometam
1392 2696 1538 2750 hunc
1593 2710 1778 2750 carere
1825 2693 2114 2765 parallaxi

473 2783 728 2838 sensibili
755 2785 998 2856 adeoque
1029 2785 1165 2840 tuna
1191 2786 1513 2853 inferiorem
1542 2799 1652 2840 non
1682 2798 1815 2839 esse.
1845 2782 1927 2854 [P.
1987 2782 2112 2853 455)

471 2873 749 2942 Quantum
778 2889 909 2929 vero
930 2889 1097 2946 supra
1127 2874 1320 2930 lunam
1365 2873 1609 2929 elevatus
1663 2872 1758 2937 sit,
1814 2872 1878 2928 ob
1931 2873 2115 2942 paral-

476 2962 700 3017 luxium
729 2961 1185 3018 incevtitudincm
1203 2963 1487 3020 evidenter
1507 2962 1880 3018 demonstrari
1899 2962 2112 3032 nequit.

469 3051 525 3117 6,
556 3051 612 3118 7,
644 3051 698 3118 8,
727 3052 783 3119 9,
818 3053 885 3107 10
915 3051 1178 3108 Januarii
1204 3069 1305 3124 per
1331 3057 1502 3124 caput
1533 3052 1646 3108 Ceti
1676 3051 1828 3107 tarde
1866 3065 2116 3122 progres-

2193 517 2517 593 pangendis
2541 534 2556 574 ε

2269 665 2412 720 Cum
2430 678 2713 733 superum,
2750 659 3057 729 Francisce,
3091 659 3192 715 tibi
3239 661 3535 714 tribuuntur
3558 660 3748 733 honores,

2339 734 2629 791 Abscondit
2659 735 2909 788 tetricum
2929 740 3118 802 sponte
3148 737 3365 786 cometa
3383 733 3551 803 jubar.

2268 809 2482 873 Erigor
2509 805 2750 875 augurio
2784 821 2922 872 ;nec
2941 803 3068 876 jam
3095 809 3346 876 portenta
3364 804 3614 876 minasque

2342 879 2382 932 Τ
2379 883 2431 932 ot
2461 879 2800 932 crinitarum
2830 876 2966 931 duco
2988 875 3236 931 timenda
3261 879 3458 944 lacum.

2271 951 2617 1004 Averruncus
2642 949 2794 1003 adest
2823 963 3120 1014 noxarum,
3151 950 3204 1002 et
3231 956 3411 1002 sancta
3461 947 3666 1004 sacerdos

2338 1022 2446 1088 Qui
2467 1036 2640 1075 novus
2662 1020 2988 1092 ingreditur
3037 1022 3278 1074 monstra
3307 1019 3502 1092 luenda
3519 1021 3630 1089 piat.

2270 1092 2430 1147 Sume
2449 1093 2691 1160 animos,
2725 1090 2855 1146 cati
2873 1095 3107 1161 spactris
3132 1093 3392 1146 exterrita
3417 1090 3596 1145 tellus:

2343 1165 2472 1220 Stat
2497 1164 2610 1218 tibi
2637 1167 2792 1219 certa
2821 1161 3008 1229 salus,
3033 1163 3171 1219 dum
3201 1170 3340 1218 tenet
3368 1166 3512 1217 astra
3535 1160 3678 1217 Sales.

2271 1306 2333 1360 P.
2363 1303 2688 1362 229Fatum
2726 1303 2908 1360 iriste.
2967 1303 3163 1360 Graece
3207 1303 3368 1377 μοῖρά
3412 1322 3488 1364 τις
3533 1297 3759 1375 δυστυχής.

2202 1393 2324 1451 Fati
2356 1393 2598 1464 mentio,
2631 1393 2680 1450 si
2714 1393 2809 1449 cui
2839 1393 2946 1448 hoc
2979 1392 3104 1450 loco
3147 1398 3207 1448 et
3251 1392 3379 1448 aliis
3423 1392 3582 1464 hujus
3621 1391 3761 1463 operis

2202 1483 2497 1540 similibus
2523 1483 2796 1538 videatur
2850 1481 3035 1537 ullam
3075 1481 3416 1539 afﬁnitatem
3445 1480 3628 1537 habere
3663 1495 3758 1534 cum

2207 1589 2382 1646 pravo
2411 1576 2469 1627 et
2497 1572 2766 1627 haeretico
2817 1572 3092 1643 dogmate
3144 1569 3460 1627 libertatem
3511 1569 3762 1624 humanam

2207 1663 2302 1720 sui
2322 1665 2650 1732 compotem
2676 1665 2948 1731 negante,
2985 1659 3366 1730 rejiciendum
3395 1663 3534 1715 esset
3559 1673 3665 1714 cum
3687 1673 3764 1712 ca-

2211 1749 2351 1806 teris
2382 1749 2676 1806 erroribus
2698 1747 2879 1820 hujus
2910 1748 3236 1820 scriptoris.
3270 1749 3402 1805 Vide
3430 1764 3543 1820 qua
3591 1744 3765 1802 monui-

2216 1856 2349 1894 mus
2376 1839 2446 1893 ad
2482 1854 2537 1910 p.
2575 1838 2674 1892 104
2693 1841 2750 1892 et
2778 1854 2833 1908 p.
2870 1837 2992 1892 139.

2289 1928 2349 1983 P.
2379 1928 2504 1982 251.
2540 1927 2735 1982 Oratio
2765 1926 3142 1998 imperatoris
3172 1926 3283 1983 hoc
3313 1925 3487 1998 capite
3509 1925 3659 1980 relata
3694 1924 3766 1977 ob-

2216 2017 2561 2074 scurissima
2593 2015 2650 2071 in
2685 2016 2879 2071 Graeco
2937 2020 3046 2071 est.
3087 2017 3417 2072 Vaticamus
3444 2013 3770 2088 paraphrastes

2218 2123 2322 2178 pro
2381 2123 2448 2161 ea
2495 2106 2648 2176 quod
2705 2104 2884 2160 voluit
2945 2107 3285 2177 supposuit.
3340 2106 3451 2176 Ego
3511 2103 3771 2173 conjectura

2217 2200 2473 2252 mentem
2497 2194 2775 2263 auctoris,
2810 2198 2875 2248 ut
2907 2211 3100 2265 spero,
3144 2198 3448 2250 assecutus
3475 2191 3654 2265 partim
3684 2205 3772 2244 ver-

2219 2284 2401 2350 sione,
2450 2281 2688 2355 partim,
2721 2280 2822 2337 ubi
2871 2281 3042 2338 aliter
3099 2299 3218 2338 non
3277 2281 3449 2354 potui,
3507 2276 3774 2353 paraphrasi

2220 2389 2350 2430 eam
2373 2371 2613 2444 exposui
2645 2388 2822 2443 quam
2848 2371 3010 2444 potui
3041 2371 3388 2427 clarissime.

2291 2466 2354 2516 P.
2376 2462 2501 2517 257.
2525 2462 2697 2516 Noctu
2735 2469 2852 2531 post
2881 2461 3047 2532 ﬁnem
3088 2460 3417 2533 hymnodiw.
3463 2458 3608 2526 Nam,
3655 2460 3702 2511 ut
3738 2456 3776 2509 in

2222 2549 2518 2608 Glossario
2546 2550 2718 2605 verbo
2747 2548 3036 2612 ἀκάθιστος
3064 2550 3394 2619 innuimus,
3435 2552 3540 2604 tota
3589 2563 3678 2603 nox
3713 2561 3778 2615 ps.

2222 2630 2512 2706 triarchaa,
2572 2637 2746 2709 clero,
2806 2639 3148 2710 imperatori
3200 2647 3252 2695 et
3305 2637 3506 2711 populo
3554 2633 3779 2692 stantibus

2222 2728 2323 2795 illo
2394 2729 2540 2784 festo
2590 2726 3064 2800 pervigilabatur,
3121 2728 3402 2785 continua
3465 2723 3778 2782 decantatione

2224 2817 2584 2890 psalmorum
2613 2821 2668 2871 et
2703 2817 3081 2888 hymnorum,
3114 2834 3249 2888 quae
3278 2821 3344 2873 ut
3371 2815 3582 2872 tandem
3609 2811 3695 2868 sub
3716 2809 3778 2864 di-

2227 2907 2492 2963 luculum
2552 2905 2746 2972 desiit,
2804 2905 2960 2961 hunc
3003 2904 3128 2962 loco
3192 2909 3249 2962 et
3307 2912 3548 2976 tempore
3611 2903 3779 2972 captato

2227 2999 2537 3052 accusator
2567 2993 2796 3050 Arsenii
2829 2994 3096 3051 libellum
3125 2993 3437 3051 delationis
3489 2989 3665 3049 obtulit
3698 2988 3781 3042 Au-

2232 3090 2424 3157 gusto.

467 3156 581 3207 sus,
618 3142 678 3196 11
713 3157 884 3212 prape
942 3142 1250 3199 anteriores
1306 3142 1516 3198 Arieezs
1564 3139 1724 3214 pedes
1787 3140 2110 3210 comparuit,

2232 3139 2454 3230 07051
2492 3172 2553 3228 P.
2584 3173 2711 3227 259.
2743 3171 2867 3226 Vox
2891 3168 3231 3226 ἐκκλεῐοιντο
3255 3172 3547 3228 emendata
3573 3185 3601 3223 a
3624 3181 3695 3222 me
3723 3164 3782 3218 est
3894 3183 3895 3194 π

466 3230 646 3286 cauda
668 3231 912 3288 breviore
934 3248 1121 3288 versus
1145 3233 1361 3288 oculum
1420 3233 1586 3286 Tauri
1648 3237 1986 3300 exporrecta.
2050 3229 2117 3283 12

467 3320 573 3374 Jan
612 3321 673 3373 in
703 3336 848 3387 genu
869 3320 1089 3377 Arietis.
1127 3322 1192 3374 13
1215 3327 1267 3376 et
1296 3320 1548 3390 deinceps
1577 3335 1749 3390 usque
1799 3318 1870 3374 ad
1927 3319 1961 3372 4
2014 3319 2115 3372 Fe-

475 3406 701 3462 bruarii
733 3409 937 3463 lentius
971 3411 1030 3462 in
1061 3409 1176 3463 dies
1214 3411 1362 3464 inter
1386 3413 1571 3480 pectus
1601 3407 1802 3462 Arietis
1830 3412 1880 3463 et
1920 3408 2119 3462 Linum

476 3493 632 3550 650
666 3497 911 3550 Piscium
935 3512 1278 3567 progressus,
1302 3513 1528 3568 corpore
1556 3497 1791 3551 multum
1822 3494 2119 3551 imminuto

477 3599 542 3638 ac
575 3589 818 3654 syrmate
872 3585 1109 3642 breviori
1163 3587 1393 3658 eﬂulstt.
1429 3587 1459 3640 4
1511 3587 1806 3642 Februarii
1849 3593 2122 3656 postremo

476 3671 771 3728 caudatum
801 3673 961 3729 licuit
991 3676 1378 3730 instrumentis
1408 3676 1716 3731 observare.
1756 3677 1905 3732 Visus
1938 3680 2124 3729 tamen

477 3776 646 3830 porro
675 3762 836 3818 nobis
866 3773 942 3819 est
973 3765 1130 3820 intar
1148 3765 1319 3821 stella:
1347 3765 1628 3822 nebulosa?
1655 3765 1708 3830 5,
1748 3766 1804 3831 7,
1851 3764 1919 3818 lO
1947 3768 1999 3818 et
2057 3765 2118 3818 11

487 3852 782 3908 Februarii
822 3853 967 3908 inter
995 3869 1203 3910 cornua
1244 3855 1442 3910 Arietis
1496 3859 1549 3910 et
1604 3855 1804 3909 Linum
1862 3851 2123 3908 Piscuim.

479 3949 744 4022 Deinceps
773 3967 900 4007 vero
930 3954 1098 4007 etiam
1126 3952 1194 4007 ab
1223 3953 1538 4008 acutissime
1568 3952 1876 4008 videntibus
1923 3953 2124 4018 depre-

480 4040 653 4096 hendi
683 4040 937 4112 amplius
977 4057 1086 4097 non
1142 4042 1336 4113 potuit.
1397 4044 1544 4097 Iltnc
1598 4049 1805 4097 constat
1861 4043 2127 4096 cometam

482 4129 631 4185 hunc
660 4132 967 4186 maximam
995 4146 1148 4186 zona
1208 4130 1430 4187 torridas
1481 4135 1699 4202 partem
1746 4130 2128 4201 perlustrasse,

485 4219 728 4290 adeoque
756 4219 964 4290 majori
992 4221 1204 4287 Africa
1234 4228 1283 4276 et
1314 4235 1534 4290 magna
1579 4220 1723 4275 Asiae
1753 4235 1822 4274 ac
1856 4217 2131 4274 Armenia:

484 4307 655 4378 parti,
678 4324 984 4381 nunquam,
1026 4314 1208 4365 tamen
1228 4313 1473 4381 Europae
1496 4310 1726 4364 vertical
1735 4324 1816 4364 em
1831 4306 2129 4363 incessisse.

481 4403 780 4462 Hactenus
811 4408 1334 4464 astronominostri
1359 4406 1852 4480 Ingolstadienses
1882 4405 1954 4461 de
1984 4405 2135 4476 prio-

481 4492 531 4548 ri
559 4497 804 4551 cometa.
837 4495 1127 4552 Posterior
1156 4497 1310 4552 circa
1341 4496 1461 4551 Kal.
1510 4495 1728 4567 Aprilis
1797 4493 2130 4550 ostentandi

2226 3280 2294 3320 ex
2327 3263 2686 3333 conjectura,
2710 3276 2845 3315 cum
2885 3261 3012 3316 cod.
3048 3262 3089 3316 Β
3145 3261 3387 3318 haberet
3442 3255 3711 3334 ἐγκλείοντο,
3752 3255 3779 3304 Α

2225 3369 2362 3408 vero
2390 3347 2750 3418 ἐκκλίνοιντο,
2783 3349 3129 3406 Vaticamus
3170 3367 3340 3424 porro
3395 3349 3628 3405 libertate
3664 3340 3783 3398 solita

2231 3458 2336 3514 pro
2371 3456 2436 3496 eo
2467 3441 2641 3496 verbo
2673 3444 2917 3512 poneret
2945 3438 3372 3509 ἀποστήσονται.
3407 3434 3667 3496 Sententia
3692 3444 3784 3485 vero

2228 3530 2338 3587 loci
2371 3529 2680 3585 manifeste
2703 3527 2965 3601 postulat
2995 3525 3356 3583 ἐκκλείοιντο.

2305 3620 2363 3674 Ρ.
2394 3618 2519 3674 261.
2549 3619 2875 3690 Imperatori
2901 3617 3082 3673 tribui
3105 3620 3422 3690 principem
3449 3617 3604 3673 locum
3649 3611 3695 3666 in
3734 3621 3788 3661 w-

2229 3710 2479 3781 gnitione
2509 3723 2697 3762 rerum
2726 3708 3400 3763 ecclesiasticarumJam
3422 3701 3656 3762 monuiin
3669 3697 3784 3753 Glos-

2233 3798 2390 3854 εθνίο
2403 3797 2576 3853 νονδο
2591 3794 2782 3866 ἒπιστη
2794 3801 2966 3869 μονάρ
2975 3814 3083 3870 χης
3098 3797 3488 3870 cognitionem
3516 3795 3657 3850 istam
3688 3781 3789 3842 meri

2231 3887 2353 3943 fere
2383 3886 2732 3951 testimonii,
2769 3903 2882 3942 non
2901 3886 3345 3956 jurisdictionis
3361 3889 3459 3942 aut
3477 3879 3698 3938 decisive
3720 3888 3789 3944 p0.

2234 3975 2466 4032 testatis
2496 3990 2647 4030 esse.
2682 3975 2776 4031 Sic
2807 3975 2961 4030 enim
2994 3974 3422 4031 Constantinus
3440 3977 3648 4044 Magnus
3663 3964 3788 4021 Nice-

2237 4081 2349 4133 nas,
2367 4063 2699 4119 Marcianus
2719 4062 3228 4129 Chalcedomensi,
3244 4063 3342 4119 alii
3360 4057 3790 4131 aliisimperatores

2237 4151 2477 4225 synodis
2507 4150 2976 4219 intervenerunt,
3002 4152 3204 4208 missis
3227 4152 3427 4218 etiam,
3450 4165 3569 4206 cum
3588 4146 3792 4201 interesse

2240 4242 2350 4314 ipsi
2387 4257 2502 4296 non
2535 4245 2823 4312 poterant,
2847 4240 3132 4312 delegatis
3164 4258 3196 4296 a
3218 4257 3283 4296 se
3309 4265 3324 4308 ;
3351 4240 3498 4312 quod
3521 4239 3572 4292 in
3595 4226 3794 4290 recentia

2241 4331 2406 4386 ribus
2423 4345 2653 4400 quoque
2671 4328 2955 4398 conciliis,
2997 4333 3141 4400 puta
3171 4328 3523 4392 Tridentino,
3575 4321 3791 4378 servatum

2244 4419 2487 4484 scimus,
2522 4423 2586 4474 ut
2615 4418 2676 4474 in
2708 4434 2774 4474 eo
2805 4417 3016 4490 legatis
3046 4417 3443 4490 imperatoris,
3464 4427 3639 4487 regum
3659 4423 3710 4464 ac
3723 4419 3792 4460 cn-

2243 4513 2500 4565 terorum
2533 4507 2865 4580 principum
2900 4506 3297 4577 saecularium,
3331 4507 3488 4563 locus
3526 4498 3795 4558 tribueretur

487 4583 581 4638 sui
623 4584 760 4639 fecit
789 4584 1022 4640 initium
1055 4587 1347 4642 contrario
1379 4585 1559 4657 priori
1591 4589 1794 4640 exortu
1837 4587 1895 4639 et
1950 4586 2135 4654 motu,
2168 4575 2215 4640 D
2247 4615 2362 4654 non
2393 4575 2684 4667 cum—jure
2727 4575 2960 4652 'ferendi
3023 4598 3094 4652 ad
3153 4575 3494 4653 magicum
3541 4589 3794 4660 dogmatnm

487 4672 676 4727 cauda
704 4671 954 4745 longiori
987 4675 1383 4746 densiorique,
1413 4676 1485 4731 de
1525 4691 1641 4746 quo
1691 4673 1941 4729 videnda
1997 4687 2123 4743 qua)

485 4777 620 4816 cum
656 4762 753 4817 alii
785 4762 922 4819 alibi
945 4764 1052 4820 viri
1084 4765 1576 4833 doctissimi,tum
1601 4764 1776 4819 iidem
1804 4763 1968 4836 prius
2001 4777 2128 4817 me-

485 4852 700 4906 morati
730 4853 1006 4909 Cassinus
1043 4854 1256 4921 Romae,
1295 4855 1630 4923 Grandamy
1665 4857 1864 4909 noster
1891 4851 2130 4908 Parisiis

481 4939 544 4996 in
579 4941 763 4996 lucem
796 4942 1124 4997 ediderunt.
1158 4942 1340 4999 Desiit
1381 4958 1657 5015 apparere
1681 4959 1715 4998 a
1761 4940 1882 4998 sole
1933 4941 2132 4996 absor-

477 5033 617 5100 ptus
652 5029 885 5085 circiter
916 5031 1072 5086 diem
1109 5032 1173 5085 19
1205 5031 1448 5102 Aprilis,
1482 5048 1597 5101 quo
1643 5031 1734 5086 die
1764 5046 1896 5086 eum
1954 5029 2007 5084 S.
2067 5033 2134 5082 D.

477 5119 547 5176 N.
583 5119 912 5177 Alexander
943 5121 1044 5176 VII
1081 5122 1175 5176 hic
1211 5125 1403 5177 Romae
1463 5123 1523 5177 in
1576 5120 1823 5177 Basilica
1870 5120 1929 5175 S.
1985 5116 2138 5176 Petri

477 5212 925 5269 Iolemnissima
952 5213 1301 5268 ceeremonia
1333 5213 1391 5267 Β.
1426 5212 1801 5268 Franciscum
1851 5212 1921 5265 de
1974 5209 2138 5265 Sales

485 5323 516 5362 e
537 5307 843 5378 piscopum
877 5303 1275 5360 Genevensem
1307 5302 1414 5357 rite
1437 5307 1774 5357 sanctorum
1797 5299 1927 5355 albo
1959 5299 2136 5353 ascri-

489 5396 730 5472 psisset,
761 5394 886 5450 visa
919 5392 1064 5448 mihi
1099 5396 1189 5448 est
1218 5392 1338 5447 haec
1390 5388 1650 5465 συγχυρία
1705 5389 1840 5445 novi
1895 5387 2138 5459 indigeti

490 5503 768 5560 superum
809 5483 1004 5541 choris
1037 5483 1242 5540 inserti
1273 5487 1331 5538 et
1360 5480 1761 5539 evanescentis
1783 5483 2018 5535 cometis
2047 5496 2139 5533 ar-

493 5581 842 5648 gumentum
871 5592 986 5631 non
1017 5573 1324 5646 illepidum
1357 5570 1822 5645 epigrammatis,
1843 5573 1899 5625 et
1928 5569 2139 5624 remis-

495 5682 589 5722 me
619 5666 868 5722 libenter
896 5683 926 5721 e
968 5664 1208 5722 tristitia
1231 5680 1473 5720 morosa
1499 5659 1903 5736 occupationis
1924 5658 1984 5714 in
2024 5674 2139 5716 non

2235 4687 2525 4759 suffragii,
2557 4686 2660 4742 sed
2690 4690 2754 4740 ut
2773 4689 2953 4741 testes
2975 4691 3175 4742 essent
3196 4689 3455 4741 actorum
3473 4678 3713 4755 primique
3733 4685 3794 4725 σου

2239 4778 2592 4847 gnoscerent
2609 4773 2907 4846 vulganda
2928 4776 3311 4846 postmodum
3337 4774 3392 4828 in
3419 4767 3652 4844 populos,
3672 4764 3797 4819 inte-

2241 4866 2471 4934 rimque
2501 4863 2845 4918 auctoritate
2879 4879 2944 4917 ac
2974 4866 3267 4934 potestate
3297 4857 3588 4934 principali
3623 4852 3792 4908 liberta-

2242 4956 2386 5018 tem,
2418 4952 2812 5019 securitatem,
2838 4949 3024 5006 otium
3047 4951 3491 5008 decernentibus
3507 4943 3726 5002 Patribus
3742 4935 3794 4988 fa-

2247 5045 2460 5097 cerent.
2494 5041 2588 5096 Sic
2619 5041 2678 5094 in
2710 5038 3018 5095 collatione
3043 5037 3503 5111 Carthaginensi,
3540 5032 3626 5090 ubi
3675 5036 3795 5083 causa

2245 5130 2682 5186 Donatistarum
2714 5128 3102 5196 tractabatur,
3135 5145 3262 5184 cum
3317 5124 3567 5200 episcopis
3592 5121 3797 5188 £12ng

2246 5228 2326 5277 est
2352 5219 2552 5289 (verba
2582 5221 2722 5273 sunt
2751 5217 3029 5288 epitomate
3060 5217 3395 5274 Baroinanm
3417 5207 3677 5285 Spondani
3702 5215 3794 5258 ann-

2248 5309 2434 5363 411η.
2467 5308 2522 5379 4)
2553 5308 2722 5362 etiam
2772 5307 3126 5362 Marcellinus
3180 5308 3243 5361 in
3300 5305 3469 5361 locum
3515 5300 3580 5355 ad
3617 5289 3796 5383 collati?

2249 5413 2374 5454 nem
2393 5376 2676 5468 paratum,
2710 5395 2806 5467 qui
2835 5395 3062 5466 quidem
3081 5411 3190 5452 nou
3207 5395 3388 5451 solum
3428 5391 3655 5448 tribunus
3694 5376 3797 5436 mili-

2251 5487 2387 5542 taris
2415 5492 2559 5553 erat,
2580 5485 2672 5540 sed
2700 5487 2752 5540 et
2781 5487 3063 5551 notarius,
3097 5485 3195 5540 hoc
3240 5487 3320 5538 est
3370 5498 3403 5536 a
3449 5474 3643 5534 secreti:
3677 5472 3797 5553 ιἠιρστ

2249 5574 2477 5642 ratoris,
2510 5548 2570 5630 ut
2597 5576 2818 5630 constat
2837 5589 2914 5630 ex
2933 5548 3094 5630 titulo
3117 5571 3364 5644 epistolae
3384 5567 3721 5624 cotholicorum

2249 5665 2433 5735 ipsum
2455 5673 2582 5722 ante
2609 5664 2967 5722 collationem
2993 5642 3239 5738 scriptae.
3267 5665 3377 5721 Nec
3426 5665 3595 5716 tamen
3639 5649 3689 5706 in
3730 5642 3801 5704 illa
