3978 6182
311 266 453 325 1113

1910 273 2138 329 NOTB.

3584 277 3724 335 1114

311 393 614 450 collatione
650 392 863 464 judicis
918 392 1249 465 simpliciter
1293 394 1387 451 sed
1432 395 1730 465 cognitoris
1769 409 1970 451 nomen
2000 396 2054 465 Α
2083 398 2144 455 in
2176 400 2324 457 serie
2354 399 2821 473 patriarcharum
2853 401 3208 457 Graecorum.
3235 402 3374 457 Eam
3398 405 3726 460 Germanus

310 500 431 556 pra:
453 500 515 540 se
540 485 694 542 tulit.
736 487 818 541 Ita
848 484 1002 542 enim
1031 486 1329 542 nominare
1357 488 1633 543 consuevit
1662 487 1972 558 antiquitas

309 574 532 645 judices
571 574 895 638 saeculares,
930 590 1161 645 quorum
1203 575 1439 631 arbitrio
1488 584 1686 631 cuncta
1715 575 1970 646 dispone-

313 668 532 730 rentur,
562 662 657 718 sed
680 665 761 717 ita
792 666 852 718 ut
878 665 1155 734 integrum
1186 664 1457 719 indicium
1486 666 1752 735 episcopis
1799 666 1967 719 relin-

313 756 565 823 querent,
594 768 697 808 nec
725 751 943 823 aliquid
970 752 1077 823 ipsi
1107 754 1221 808 sibi
1251 758 1584 824 usurparent
1604 754 1717 809 nisi
1737 754 1880 825 quod
1900 752 1971 808 ad

308 857 501 913 pacem
532 856 599 896 ac
647 843 897 912 quietum
946 857 1299 912 congressum
1329 844 1651 912 pertineret,
1700 846 1862 912 utque
1911 844 1971 896 in

311 931 563 987 omnibus
608 942 777 1001 pacta
824 936 1089 986 conventa
1140 939 1619 997 conservarentur,
1668 931 1724 985 in
1766 931 1966 1002 quibus

310 1019 420 1075 rite
450 1020 781 1076 ordinandis
828 1021 1007 1077 eidem
1050 1020 1462 1093 interloquendi
1504 1024 1741 1093 facultas
1785 1024 1966 1081 esset;

311 1114 475 1180 atque
528 1110 743 1165 demum
771 1112 930 1181 cujus
973 1111 1303 1166 alterutrius
1344 1113 1524 1182 partis
1572 1111 1794 1178 potiora
1836 1112 1966 1181 jura

312 1207 513 1267 essent,
545 1215 615 1254 ea:
640 1215 796 1270 aqua
818 1201 1183 1270 pronuntiare
1212 1200 1497 1256 deberent.
1535 1202 1599 1257 Ut
1630 1202 1703 1255 de
1733 1200 1819 1255 his
1848 1217 1965 1255 om-

316 1288 490 1343 nibus
517 1297 728 1345 constat
755 1304 880 1343 cum
907 1305 981 1344 ea:
1004 1288 1141 1360 ipsis
1171 1289 1308 1344 actis
1322 1289 1607 1359 praesentis
1627 1288 1968 1358 collationis,

310 1379 433 1431 tum
463 1392 536 1432 ea:
578 1379 716 1433 aliis
764 1378 1109 1434 diversarum
1156 1377 1510 1448 synodorum,
1559 1395 1623 1434 ac
1658 1379 1969 1449 prasertim

307 1465 788 1523 acumenicarum
853 1469 1043 1538 gestis.
1118 1468 1201 1522 Ita
1248 1467 1532 1523 Baronius
1575 1469 1729 1539 apud
1794 1483 1967 1522 suum

312 1555 780 1625 epitomatorem.
816 1557 894 1611 Ex
924 1556 1141 1628 quibus
1172 1556 1358 1611 cuivis
1391 1573 1519 1613 esse
1544 1557 1781 1628 planum
1815 1562 1971 1628 pote-

309 1645 390 1699 rit
420 1645 713 1717 qualenus
744 1662 805 1702 se
835 1648 1111 1703 extendat
1142 1647 1262 1701 haec
1288 1644 1784 1720 ἐπιστημοναρχία,
1810 1646 1969 1717 prin-

310 1749 449 1805 ceps
471 1734 731 1806 cognitio
767 1751 960 1790 rerum
995 1735 1526 1792 ecclesiasticarum
1560 1736 1724 1791 laicis
1755 1735 1969 1807 princi-
1999 1767 2046 1832 B

2076 488 2634 559 Adrianopolilanus
2675 490 2957 545 successit
2993 490 3257 556 Arsenio,
3295 491 3573 547 Arsenius
3602 496 3725 548 Ma-

2079 576 2261 642 nueli,
2292 578 2523 632 Manuel
2566 578 2882 641 Methodio,
2906 578 3237 633 Methodius
3256 577 3546 633 Germano
3570 579 3725 635 Nau-

2080 664 2217 734 plio.
2250 665 2416 720 Hunc
2450 667 2645 735 potius
2678 672 2741 721 ut
2773 666 2865 722 hic
2896 666 3063 721 innui
3099 672 3295 737 putem
3330 682 3504 738 quam
3538 667 3722 721 alium

2078 753 2247 822 longe
2262 754 2675 824 antiquiorem,
2696 763 2963 810 sanclum
2980 756 3338 810 Germanum
3354 756 3723 826 scriptisedi-

2080 842 2154 896 tis
2175 848 2420 908 motum,
2450 842 2547 914 qui
2572 860 2726 898 anno
2747 843 3079 899 Cbristi7i4
3102 844 3222 899 Kal.
3252 845 3496 916 Augusti
3517 843 3721 899 Joanni

2077 931 2723 1003 ConstantinOpolitano
2774 932 3114 1003 patriarchae
3165 934 3465 998 successit,
3518 934 3726 987 suadet

2077 1020 2421 1091 adjunctum
2470 1020 2793 1094 μακαρίτης,
2835 1024 2987 1093 quod
3022 1024 3093 1077 de
3132 1023 3379 1078 mortuis
3409 1040 3521 1079 non
3558 1028 3721 1078 vetu-

2078 1109 2353 1165 stissimae
2388 1112 2683 1165 memoriae
2714 1129 2748 1165 a
2778 1111 2995 1167 Graecis
3021 1116 3363 1183 usurpatur.

2149 1200 2209 1254 P.
2233 1199 2359 1254 296.
2392 1198 2483 1267 Μή
2519 1196 2651 1273 ἅψῃ,
2680 1199 2756 1271 μή
2792 1196 2962 1274 sine.
2989 1199 3181 1256 Verba
3202 1205 3340 1256 sunt
3361 1218 3426 1256 ex
3458 1202 3516 1258 S.
3542 1202 3723 1257 Paulo

2077 1289 2148 1344 ad
2182 1286 2399 1344 Coloss.
2454 1305 2502 1344 c.
2538 1306 2599 1359 ιι,
2631 1306 2684 1344 ν.
2732 1293 2823 1357 21,
2858 1306 2984 1361 qua:
3030 1288 3210 1344 Graeci
3246 1290 3613 1361 usurpabant
3662 1291 3721 1345 in

2078 1376 2487 1433 occasionibus
2519 1380 2851 1434 aversanda
2874 1377 3310 1433 communionis
3340 1395 3543 1434 eorum
3575 1396 3721 1449 quos

2077 1465 2462 1522 heterodoxos
2530 1471 2631 1522 aut
2669 1467 3079 1523 schismaticos
3142 1468 3445 1539 pulabant.
3495 1468 3720 1537 Saepius

2080 1561 2444 1627 usurpentur
2486 1557 2546 1611 in
2580 1556 2687 1612 hac
2736 1556 3013 1624 historia;
3048 1558 3119 1611 de
3160 1573 3276 1627 quo
3306 1556 3483 1611 semel
3515 1558 3720 1612 admo-

2079 1644 2281 1700 nuisse
2308 1645 2453 1700 satis
2487 1646 2673 1700 visum
2708 1650 2817 1701 est.

2151 1738 2212 1787 P.
2245 1734 2370 1788 304.
2404 1733 2510 1789 Illa
2541 1734 2737 1790 Graeca
2766 1734 2940 1789 verba
2969 1732 3067 1786 ὅσα
3095 1730 3184 1786 καὶ
3215 1730 3474 1805 ἀσφαλῶς
3507 1730 3722 1801 ἀποφή-

313 1823 489 1895 pibus
520 1840 801 1880 concessa
830 1841 933 1897 per
952 1841 1208 1882 canones
1239 1828 1296 1881 et
1326 1826 1644 1897 antiquum
1673 1842 1867 1895 usum,
1895 1825 1967 1880 de
2000 1822 2043 1832 ”
2072 1822 2283 1893 vacem,
2327 1838 2453 1894 quae
2480 1839 2670 1879 secure
2699 1822 3133 1891 ostenderentur,
3184 1826 3483 1892 utcunque
3516 1822 3721 1876 Latina

312 1926 432 1983 qua
465 1911 558 1968 hic
589 1913 830 1969 mentio.

388 2021 445 2076 P.
492 2022 621 2075 272.
656 2021 760 2077 Cui
785 2039 843 2077 se
874 2024 1055 2090 ipsum
1102 2039 1272 2078 manu
1322 2025 1551 2096 propria
1599 2022 1966 2079 Athanasium

310 2110 695 2181 inscripserat.
729 2111 1089 2167 Athanasius
1116 2128 1329 2167 nomen
1358 2118 1481 2168 erat
1503 2113 1656 2185 quod
1681 2111 1963 2168 Androni-

310 2214 417 2254 cus
441 2198 554 2253 iste
583 2198 896 2256 Sardensis
919 2201 1231 2273 episcopus
1257 2206 1681 2273 assumpserat,
1720 2218 1850 2257 cum
1871 2202 1965 2256 ab-

312 2288 504 2345 dicato
549 2289 889 2362 episcopatu
925 2292 1316 2346 monasticam
1352 2292 1620 2347 habitum
1672 2292 1964 2360 induerat,

310 2381 489 2448 prout
520 2379 793 2450 superius
844 2384 1145 2435 narratum
1190 2385 1278 2435 est
1324 2398 1374 2435 c.
1424 2380 1555 2434 181.
1606 2398 1643 2435 ιι
1698 2381 1871 2435 Porro
1914 2379 1966 2434 is

313 2472 649 2539 speraverat
676 2468 801 2522 ﬁeri
836 2484 1004 2540 posse
1026 2472 1114 2535 ut,
1146 2486 1265 2524 sua:
1284 2469 1456 2524 istius
1480 2469 1816 2524 monasticae
1834 2485 1965 2541 pro-

314 2555 590 2612 fessionis
645 2556 867 2612 abolita
917 2557 1217 2624 memoria,
1267 2558 1325 2613 in
1369 2564 1602 2625 costum,
1657 2562 1721 2613 ut
1760 2558 1966 2630 prius,

312 2645 657 2718 episcopum
708 2646 1123 2701 admitteretur
1176 2663 1189 2701 :
1246 2664 1349 2702 nec
1414 2648 1568 2702 enim
1623 2651 1747 2702 erat
1802 2646 1968 2702 facile

312 2750 435 2789 rem
469 2735 580 2789 sub
612 2734 812 2806 paucis
831 2740 1018 2789 actam
1043 2736 1291 2790 testibus
1316 2736 1581 2807 probare.
1606 2735 1816 2791 Verum
1844 2752 1971 2807 pro-

316 2821 436 2879 lata
461 2823 709 2895 epistola
740 2840 917 2894 quam
951 2824 1141 2896 ipsius
1181 2840 1309 2880 esse
1344 2828 1483 2880 nota
1516 2841 1727 2879 manus
1759 2825 1968 2895 prode-

316 2917 427 2977 ret,
482 2913 652 2984 cujus
703 2912 856 2969 652
920 2912 981 2967 in
1030 2911 1203 2968 titulo
1262 2930 1424 2968 more
1480 2914 1724 2985 antiquo
1790 2931 1966 2969 suum

317 3001 704 3074 praescribens
728 3017 940 3057 nomen
974 3001 1363 3058 Athanasium
1386 3018 1448 3057 se
1474 3002 1599 3075 ipse
1623 3019 1725 3074 pro
1747 3005 1968 3058 Andro-

310 3092 446 3145 nico
476 3094 804 3158 vocaverat,
827 3095 1241 3163 argumentum
1267 3091 1324 3146 id
1350 3092 1747 3163 irrefragabile
1777 3091 1965 3147 visum

312 3178 704 3235 monachatus
735 3180 1074 3246 Andronici,
1107 3178 1194 3235 cui
1234 3197 1336 3235 nec
1367 3179 1493 3251 ipse
1525 3180 1625 3253 qui
1658 3180 1706 3235 ei
1741 3181 1970 3236 favebat

306 3268 645 3341 patriarcha
665 3268 935 3324 resistere
958 3286 1161 3335 ausus,
1186 3273 1459 3325 conatum
1484 3268 1713 3324 remisit
1720 3269 1968 3340 juvandi

308 3359 462 3429 ejus,
496 3356 595 3429 qui
627 3374 735 3413 sua
759 3374 821 3412 se
851 3356 981 3429 ipsa
1011 3359 1304 3430 scriptura
1333 3358 1714 3414 convinceret.

386 3469 450 3519 P.
498 3465 624 3519 281.
676 3464 919 3520 Sinistra
962 3464 1028 3520 de
1078 3464 1346 3521 Germano
1396 3466 1620 3521 iudicia.
1672 3470 1792 3521 Hoc
1842 3465 1966 3522 loco

309 3555 702 3627 Pacbymeres
747 3555 897 3610 inter
928 3556 1363 3611 enumerandas
1409 3556 1524 3611 odii
1560 3556 1861 3628 popularis
1905 3555 1968 3611 in

311 3646 672 3701 Germanum
703 3660 913 3699 causas
928 3660 1108 3699 unam
1132 3661 1197 3700 ex
1222 3644 1530 3716 praecipuis
1553 3645 1790 3713 omittit,
1809 3645 1965 3715 quod

310 3733 443 3807 paci
470 3732 861 3789 Ecclesiarum
886 3733 1167 3801 studeret,
1194 3734 1349 3788 unde
1372 3733 1743 3805 postmodum
1766 3734 1837 3787 ab
1860 3733 1967 3787 im-

310 3826 583 3894 peratore
628 3821 874 3876 Romam
918 3821 1148 3893 legatus
1196 3821 1493 3893 negotium
1537 3820 1967 3893 concordiaalibi

313 3911 587 3980 confecit,
634 3914 807 3981 prout
861 3910 1072 3966 Noster
1112 3915 1309 3965 narrat
1376 3927 1431 3981 p.
1478 3910 1603 3965 384.
1658 3912 1846 3976 Quare
1893 3909 1963 3964 ad

308 4001 423 4056 hoc
446 4005 631 4055 totum
652 3999 1081 4055 conciliationis
1096 4000 1367 4055 Ecclesiae
1389 4004 1594 4054 Graece
1613 4017 1747 4055 cum
1765 4000 1969 4055 Latina

309 4089 615 4161 negotium
650 4088 735 4144 vel
768 4088 1092 4160 plurimum
1115 4089 1241 4161 ipse
1268 4089 1532 4144 contulit.
1566 4089 1647 4160 [P.
1673 4089 1796 4159 457]
1820 4089 1964 4144 Nam

309 4182 370 4233 et
402 4178 463 4233 in
490 4176 735 4232 concilio
779 4178 1152 4249 Lugdunensi
1177 4178 1531 4251 comparuit,
1557 4182 1621 4233 ut
1643 4178 1702 4233 in
1726 4178 1851 4248 ejus
1872 4194 1968 4232 sa-

310 4285 423 4323 crzn
469 4266 842 4322 meumenicaz
874 4267 1081 4339 synodi
1138 4268 1292 4324 Actis
1346 4272 1587 4324 notatur
1633 4285 1758 4324 sess
1788 4272 1967 4323 Porro

311 4362 630 4428 antequam
682 4356 752 4411 ad
796 4356 916 4411 haec
969 4356 1369 4425 adhiberetur,
1415 4358 1750 4413 observerat
1800 4357 1966 4413 vide-

307 4444 449 4500 licet
473 4445 793 4517 imperator
818 4444 1273 4517 propensionem
1304 4448 1432 4517 ejus
1461 4447 1531 4501 ad
1568 4446 1826 4515 Latinos,
1857 4447 1965 4502 ob-

2075 1913 2326 1968 reddens
2369 1913 2666 1985 expressi:
2698 1917 2862 1969 erant
2909 1912 3063 1968 enim
3094 1912 3151 1967 in
3202 1919 3448 1983 utroque
3496 1912 3717 1981 Optimo

2075 2003 2294 2075 codice,
2340 2003 2477 2060 licet
2507 2021 2572 2059 ea
2602 2004 2944 2072 Vaticanus,
2980 2008 3043 2058 ut
3086 2002 3358 2075 pleraque
3390 2018 3506 2056 non
3541 2000 3717 2056 intel-

2075 2090 2226 2147 lecta
2256 2092 2391 2160 sibi,
2436 2092 2694 2147 transiit.
2727 2093 3007 2149 Caeterum
3039 2092 3221 2148 fateor
3252 2108 3344 2147 me
3370 2091 3527 2147 haud
3569 2090 3717 2145 satis

2076 2182 2371 2255 percipere
2402 2182 2541 2253 quid
2563 2181 2764 2237 velint.
2795 2181 2918 2237 Nisi
2949 2180 3090 2236 forte
3122 2182 3454 2253 significent
3480 2181 3717 2237 Germa-

2077 2288 2219 2326 num
2272 2270 2591 2326 liheraliter
2629 2270 2830 2343 largiri
2893 2270 3130 2325 solitum
3174 2269 3483 2341 egentibus
3531 2286 3597 2323 ex
3645 2268 3718 2323 iis

2078 2376 2208 2432 quae
2256 2360 2311 2415 in
2346 2377 2553 2415 manus
2591 2363 2647 2415 et
2680 2364 3027 2431 potestatem
3074 2360 3199 2428 ejus
3230 2358 3562 2425 veniebant,
3602 2357 3719 2411 nisi

2076 2449 2217 2504 talia
2248 2453 2445 2505 essent
2477 2466 2603 2520 quae
2637 2448 3009 2521 pecularibus
3035 2465 3102 2503 ex
3134 2447 3330 2504 causis
3360 2448 3610 2502 donasse
3633 2447 3721 2500 in-

2074 2538 2367 2594 vidiosum
2404 2543 2579 2594 esset.
2612 2539 2759 2594 Puta
2780 2538 2828 2593 si
2861 2554 2993 2593 cum
3016 2538 3137 2609 ipse
3158 2538 3470 2609 episcopus
3503 2540 3603 2591 aut
3626 2552 3722 2607 pa-

2076 2629 2334 2684 triarcha
2364 2629 2492 2694 fuit,
2524 2645 2593 2684 ex
2623 2628 3024 2684 oblationibus
3046 2628 3117 2682 ad
3148 2644 3209 2682 se
3239 2625 3449 2682 delatis
3467 2642 3535 2680 ea
3557 2626 3723 2681 daret

2078 2720 2478 2775 cdnsumenda
2510 2720 2663 2775 053
2714 2718 3098 2791 pauperibus,
3140 2734 3264 2787 qua:
3317 2716 3415 2787 qui
3445 2715 3722 2771 oiIerrent

2079 2810 2334 2879 appendi
2364 2808 2540 2863 tholis
2573 2808 2759 2863 sacris
2791 2812 2891 2861 aut
2920 2807 2979 2862 in
3013 2807 3290 2861 thesauro
3323 2804 3723 2861 ecclesiastico

2080 2898 2301 2953 servari
2331 2897 2677 2965 voluissent,
2712 2896 2957 2952 moleste
2987 2895 3161 2951 laturi
3194 2896 3243 2951 si
3275 2912 3341 2950 ea
3374 2894 3479 2950 teri
3522 2894 3710 2949 mani-

2077 2986 2190 3042 bus
2222 2990 2277 3042 et
2306 2987 2571 3043 consumi
2606 3003 2717 3041 usu
2749 2990 3045 3057 egentium
3076 2984 3364 3040 viderent.

2150 3078 2211 3129 P.
2246 3076 2370 3131 311.
2406 3071 2808 3147 Μαρυανδηνοῦ
2869 3074 3239 3148 Θρηνητῆρος.
3282 3072 3569 3128 Alludunt
3598 3071 3720 3127 haec

2080 3163 2353 3237 adagium
2388 3169 2575 3233 vetus,
2605 3165 2775 3234 cujus
2808 3163 3023 3218 mentio
3046 3164 3111 3217 fit
3139 3179 3308 3218 versu
3340 3161 3719 3216 686Stroma-

2080 3253 2153 3308 tei
2180 3253 2619 3325 proverbiorum
2642 3253 3021 3325 antiquorum
3045 3252 3198 3323 apud
3221 3251 3507 3305 Andream
3524 3250 3721 3305 Scbot-

2074 3347 2200 3398 tum
2233 3348 2502 3397 nostrum
2544 3342 2603 3397 in
2637 3341 2974 3398 collectione
3024 3342 3355 3396 Graecorum
3404 3337 3721 3394 Parmmia-

2076 3437 2325 3488 starum.
2359 3431 2577 3488 Versus
2610 3430 2727 3487 illic
2758 3432 2840 3487 sic
2872 3434 3078 3487 sonat:

2325 3587 2730 3665 Μαρυανδηνῶν
2777 3588 3024 3662 μέμνησο
3066 3586 3468 3665 Θρηνητηρίων.

2148 3734 2322 3806 Origo
2355 3735 2499 3790 forte
2530 3735 2721 3806 adagii
2755 3734 2863 3789 fuit
2892 3735 3048 3805 quod
3071 3734 3227 3806 apud
3258 3733 3417 3788 illam
3453 3733 3717 3801 Maryan‘

2076 3823 2361 3878 denorum
2387 3829 2618 3893 gentem
2639 3824 2844 3879 funera
2864 3822 3239 3879 ambitiosius
3262 3822 3715 3889 celebrarentur,

2075 3912 2456 3968 mmstissimo
2486 3916 2682 3979 cantu,
2713 3911 2876 3968 tibiis
2906 3916 2964 3967 et
2994 3911 3050 3966 id
3075 3927 3261 3982 genus
3287 3910 3523 3981 organis
3546 3908 3719 3963 adhi-

2076 4001 2235 4057 bilis.
2284 4001 2446 4057 Unde
2492 4001 2553 4055 in
2607 4001 2979 4072 proverbium
3030 3998 3285 4055 abierint
3327 3991 3721 4072 Μαρυανδηνὸς

2078 4090 2361 4163 θρηνητήρ
2394 4095 2451 4146 et
2478 4085 2838 4163 Μαρυανδηνὰ
2875 4088 3238 4163 θρηνητήρια.

2148 4184 2230 4234 Ρ.
2275 4180 2402 4235 313.
2450 4178 2749 4235 Athanasio
2797 4178 3018 4234 Audita.
3075 4177 3310 4233 Dixerat
3362 4175 3536 4249 paulo
3585 4180 3722 4232 ante

2077 4269 2233 4324 hunc
2273 4267 2948 4324 fuisseAlexandrinum
2982 4266 3395 4339 patriarcbam.
3428 4264 3532 4321 Hic
3561 4265 3724 4321 vide-

2075 4361 2172 4412 tur
2200 4356 2569 4413 successione
2600 4355 2861 4425 Nicolao,
2893 4356 3065 4426 cujus
3097 4356 3314 4411 mentio
3338 4360 3429 4410 est
3457 4354 3589 4409 libri
3616 4355 3721 4410 hu-

2068 4448 2171 4518 jus
2203 4464 2253 4503 c.
2284 4447 2339 4501 9.
2373 4448 2453 4503 Ex
2484 4447 2664 4517 hujus
2703 4446 2915 4518 capitis
2944 4445 3135 4501 verbis
3184 4444 3470 4501 habemus
3501 4444 3719 4516 Pachy-

311 4500 692 4591 servaverant
742 4500 954 4603 et‘alii‘,
1006 4534 1106 4606 qui
1159 4500 1376 4591 addicti
1428 4536 1732 4591 schismati
1785 4500 1857 4592 o'b
1906 4535 1964 4591 id
2000 4500 2224 4591 D“meri
2281 4500 2585 4609 céyxpovo;
2637 4539 2695 4591 et
2752 4500 3103 4590 familiarem
3163 4532 3343 4590 fuisse
3400 4500 3718 4605 quemdam

310 4625 512 4696 ipsum
545 4640 677 4678 cum
708 4622 964 4693 pessime
988 4624 1233 4679 oderant
1255 4628 1311 4679 et
1340 4625 1528 4681 eidem
1553 4630 1759 4697 postea
1786 4625 1972 4695 impu-

309 4718 520 4769 tarunt
540 4712 826 4784 quidquid
860 4712 917 4766 in
944 4711 1052 4768 hoc
1076 4729 1282 4782 genere
1303 4718 1503 4769 contra
1543 4730 1745 4770 eorum
1768 4718 1965 4770 votum

308 4803 579 4875 contigit.
610 4804 953 4870 Anonymus
984 4802 1264 4873 ineditus,
1302 4804 1470 4873 cujus
1503 4804 1833 4874 exemplum
1867 4820 1967 4859 ex-

305 4897 433 4948 stat
464 4892 616 4964 apud
644 4890 728 4945 ill.
787 4890 1073 4945 Allatium
1107 4891 1165 4945 in
1200 4908 1374 4963 opere
1405 4893 1479 4947 De
1506 4893 1967 4948 translationibus

303 4984 715 5053 episcoporum,
772 4978 985 5051 spiritu
1047 4979 1422 5036 schismatico
1481 4986 1783 5048 mstuans,
1847 4981 1966 5038 haec

303 5070 549 5127 scribit:
588 5069 649 5125 Ὀ
674 5066 1185 5142 Ἀδριανουπὸλεως
1234 5068 1528 5145 Γερμανός,
1570 5070 1597 5123 ὁ
1646 5070 1964 5140 ἐπικληθεὶς

304 5158 717 5232 Μαλχουτζᾶς,
776 5157 837 5219 ὃς
894 5158 981 5211 καὶ
1045 5156 1389 5235 λατινὸφρων
1444 5158 1629 5235 γέγονε
1682 5158 1771 5213 καὶ
1827 5160 1968 5214 κατὰ

301 5253 418 5305 τῶν
466 5242 700 5303 εὐσεϐῶν
740 5243 983 5318 διωγμὸν
1038 5245 1255 5317 ἐκίνησε
1307 5250 1493 5323 μέγαν.
1542 5250 1965 5322 Adrianopoleos

307 5340 634 5405 Germanus,
675 5343 1042 5410 cognomento
1094 5337 1449 5410 Malchutms,
1480 5342 1576 5411 qui
1603 5344 1655 5395 et
1682 5356 1808 5395 cum
1853 5341 1963 5395 La-

305 5429 452 5487 tinis
494 5426 666 5485 sensit
697 5429 746 5483 el
771 5434 972 5483 contra
996 5429 1120 5499 pios
1158 5431 1364 5500 (immo
1397 5429 1611 5501 impios
1631 5428 1967 5485 schismati-

307 5523 437 5586 cos)
466 5518 907 5590 persecutionem
934 5521 1103 5573 movit
1134 5534 1409 5589 magnam.

386 5609 449 5666 Ρ.
476 5608 586 5666 282
633 5606 899 5667 Germani
945 5605 1198 5664 alterius.
1234 5606 1363 5665 Fuit
1404 5608 1502 5665 hic
1530 5612 1686 5666 retro
1716 5607 1965 5680 quintus

2075 4624 2467 4681 Athanasium
2501 4623 2891 4695 patriarcbam
2921 4623 3378 4680 Alexandrinum
3411 4667 3428 4693 ,
3460 4623 3560 4694 qui
3592 4638 3722 4678 sine

2079 4714 2258 4769 dubio
2292 4714 2343 4769 is
2393 4712 2568 4769 fuerit
2599 4713 2771 4783 cujus
2805 4713 3035 4768 hortatu
3069 4729 3131 4769 se
3181 4712 3565 4785 Pachymeres
3596 4712 3721 4783 ipse

2078 4803 2401 4875 profitetur,
2437 4803 2494 4859 in
2542 4802 2717 4857 titulo
2750 4802 3126 4874 paraphrasis
3171 4819 3289 4859 sua:
3321 4802 3392 4858 ad
3440 4802 3720 4874 epistolas

2078 4892 2336 4963 Dionysii
2358 4891 2739 4964 Arcopagitaa.
2770 4891 2853 4963 [P.
2884 4892 3030 4962 1:58],
3051 4909 3199 4964 opus
3222 4891 3364 4947 illud
3389 4907 3717 4965 egressum.

2078 4981 2193 5036 Hoc
2244 4980 2373 5037 ideo
2406 4980 2630 5050 monui,
2678 4981 2815 5052 quia
2872 4983 3038 5037 video
3086 4991 3348 5037 nostrum
3397 4981 3714 5036 Antonium

2074 5070 2454 5127 Possevinum
2478 5071 2813 5142 putasseibi
2842 5071 3134 5127 nominari
3160 5088 3439 5145 magnum
3463 5071 3717 5125 Albana-

2075 5161 2264 5228 sium;
2299 5160 2370 5215 de
2402 5176 2517 5231 quo
2549 5162 2595 5216 si
2629 5165 2919 5231 ageretur,
2945 5160 3349 5230 rectejuberet
3370 5158 3718 5215 Possevinus

2075 5249 2257 5306 deleri
2289 5249 2449 5306 illam
2490 5250 2932 5322 inscriptionem
2967 5255 3032 5305 ut
3056 5251 3420 5306 mendacem.

2150 5344 2205 5396 P.
2234 5340 2358 5397 314.
2406 5340 2463 5395 Si
2498 5339 2605 5396 hoc
2654 5339 2845 5411 capite
2875 5344 2933 5395 et
2979 5339 3117 5395 alibi
3167 5338 3275 5395 hoc
3326 5337 3472 5393 libro
3522 5339 3720 5391 noster

2072 5427 2392 5485 historicus
2423 5446 2632 5501 parum
2665 5433 2995 5485 reverenter
3018 5428 3280 5500 loquitur
3305 5427 3376 5483 de
3406 5424 3713 5483 monachis

2069 5519 2308 5587 Grecis,
2338 5519 2631 5589 offendere
2673 5517 3027 5574 catholicum
3068 5516 3340 5573 lectorem
3370 5532 3488 5573 non
3519 5515 3713 5584 debet,

2070 5626 2208 5667 cum
2233 5611 2276 5666 ii
2304 5608 2572 5682 plerique
2601 5606 2965 5665 schismatici
2993 5605 3214 5664 fuerint
3240 5610 3298 5665 et
3315 5606 3590 5667 Romana
3615 5609 3714 5668 Ec-
