3978 6182
405 321 544 378 1115

1448 331 1509 381 Ρ.
1553 327 1827 384 ΡΟΒΒΙΝῘ
1863 327 2471 385 OBSERVATIONUM
2509 332 2646 386 LIB.
2685 334 2759 387 II.

3610 343 3715 400 1116

407 447 598 504 clesie
631 445 953 538 Latinoque
983 447 1208 538 nomini
1230 448 1644 517 infensissimi,
1677 468 1824 524 quos
1856 452 2049 522 potius
2079 455 2132 520 Α
2161 453 2296 524 ejus.
2331 454 2620 527 Respondit
2638 455 2736 512 ille
2763 457 3108 528 imperatori,
3127 479 3156 506 «
3178 458 3289 514 Non
3314 478 3536 533 agnosco.
3559 464 3721 538 Siquid

405 553 438 592 a
469 537 667 592 Greco
717 539 774 591 et
815 535 1192 593 schismaticJ
1240 539 1524 612 scriptore
1568 545 1635 596 ut
1681 540 2054 597 turbulentos
2162 558 2287 597 vero
2335 548 2722 614 argumentari
2767 550 2821 601 et
2871 547 3184 617 conjectura
3227 554 3472 623 persequi
3509 535 3644 609 datur
3671 575 3722 612 es:

407 629 464 678 et
496 630 874 680 contumaces
915 627 1167 694 traduci,
1205 645 1308 699 pro
1340 629 1676 686 testimonio
1724 647 1914 686 cause
1953 647 2050 685 or-

406 713 670 769 thodoxe
712 715 941 772 favente
963 717 1370 788 accipiendum
1403 723 1511 774 est.

476 843 540 894 P.
608 841 732 895 316.
799 841 1029 910 Georgio
1090 845 1451 914 Acropolite.
1515 844 1809 900 Habemus
1868 846 2048 915 hujus

405 931 791 985 eruditissimi
809 932 914 986 viri
939 931 1243 988 historiam
1267 938 1321 988 et
1353 934 1667 989 chronicon
1693 951 1707 1001 ;
1737 934 1957 989 scimus
1981 951 2051 990 ex

405 1019 536 1074 aliis
569 1019 754 1075 multa
782 1022 852 1076 de
883 1023 1012 1092 ejus
1041 1022 1160 1077 vita
1189 1029 1244 1078 el
1275 1023 1448 1078 rebus
1479 1023 1681 1094 gestis,
1714 1041 1819 1079 nec
1849 1029 2046 1079 tamen

405 1107 634 1180 uspiam
680 1109 1008 1166 invenimus
1051 1111 1324 1167 idoneum
1378 1113 1828 1168 fundamentum
1876 1111 2046 1168 illum

402 1197 821 1255 insimulandis
851 1199 1090 1255 laxioris
1134 1201 1526 1256 conscientie.
1561 1203 1749 1268 Quare
1780 1203 2050 1273 suspicor

403 1302 471 1342 ex
501 1288 634 1344 odio
665 1288 723 1344 in
756 1305 890 1344 cum
941 1289 1455 1346 schismaticorum
1504 1291 1654 1346 hanc
1687 1290 2043 1346 calumniam

405 1382 622 1432 natam.
653 1378 796 1432 Cum
827 1379 984 1433 enim
1018 1378 1114 1434 ille
1140 1379 1314 1435 homo
1347 1381 1714 1452 pereruditus
1729 1385 1786 1435 et
1818 1380 1955 1435 recti
1981 1396 2047 1435 ac

408 1465 577 1522 liberi
611 1468 825 1538 judicii
855 1484 923 1523 ex
953 1468 1201 1524 lectione
1242 1469 1477 1524 Patrum
1521 1474 1804 1535 veterum,
1858 1469 1941 1524 uti
1989 1474 2044 1525 et

404 1555 646 1624 Vaccus,
679 1558 1017 1628 agnovisset
1047 1574 1284 1612 causam
1330 1558 1692 1626 Latinorum,
1723 1574 1870 1629 quos
1919 1557 2044 1613 sine

404 1661 582 1700 causa
614 1647 705 1700 sui
752 1646 932 1701 Greci
965 1651 1395 1714 aversarentur,
1427 1648 1739 1716 justiorem
1773 1663 1922 1714 esse,
1959 1647 2042 1702 uti

401 1736 457 1787 et
478 1733 651 1787 fidem
675 1733 828 1787 circa
849 1734 1064 1805 dogma
1085 1735 1154 1789 de
1179 1735 1363 1789 sancti
1396 1734 1647 1806 Spiritus
1667 1753 1735 1790 ex
1769 1735 1930 1790 Patre
1952 1735 2042 1790 Fi-

409 1819 606 1891 lioque
652 1821 1021 1892 processione
1057 1823 1480 1890 orthodoxum,
1530 1829 1688 1879 totus
1733 1825 2046 1894 ex‘ianimo
2077 1838 2124 1905 Β

403 1908 701 1964 incubruit
734 1911 790 1964 in
826 1913 1121 1981 negotium
1155 1913 1533 1968 conficiendae
1564 1913 1724 1984 pacis
1755 1912 2039 1968 Ecclesia-

405 2015 560 2064 rum,
612 1999 843 2055 fidelem
878 2000 936 2054 in
969 2016 1035 2056 eo
1068 2018 1131 2056 ac
1160 2018 1274 2056 non
1310 2019 1518 2074 parum
1555 2002 1756 2057 utilem
1805 2019 2041 2074 operam

405 2087 749 2160 imperatori
781 2107 1019 2145 navans.
1056 2090 1164 2154 Qui
1195 2096 1253 2146 et
1282 2091 1338 2146 in
1373 2090 1620 2146 solemni
1653 2091 1937 2162 legatione
1971 2093 2042 2146 ad

393 2177 735 2251 Gregorium
756 2179 802 2235 X
825 2198 1036 2254 papam
1061 2198 1193 2238 eum
1218 2182 1370 2237 inter
1387 2181 1694 2237 seculares
1717 2181 2043 2254 principem

400 2267 580 2338 misit,
629 2275 692 2324 ut
722 2270 1105 2343 Pachymeres
1155 2271 1344 2336 docet,
1379 2287 1437 2342 p.
1490 2272 1616 2335 385,
1663 2275 1722 2325 et
1768 2271 2042 2325 eumdem

397 2373 530 2412 cum
556 2374 623 2413 ex
655 2361 990 2431 patriarcha
1022 2362 1309 2416 Germano
1340 2375 1676 2432 comparere
1705 2359 1827 2415 vice
1857 2360 1948 2415 sui
1981 2360 2040 2415 in

399 2446 777 2518 Lugdunensi
826 2449 1071 2505 concilio
1096 2448 1306 2515 voluit,
1341 2454 1406 2504 ut
1434 2466 1504 2504 ex
1547 2449 1709 2504 Actis
1740 2449 1868 2519 ejus
1900 2464 2041 2503 con-

388 2535 509 2590 cilii
541 2552 689 2593 sess.
724 2538 755 2590 4
787 2544 1037 2594 constat.
1063 2539 1211 2593 Hinc
1241 2537 1511 2594 videlicet
1540 2555 1749 2593 exosus
1772 2537 1866 2592 hic
1885 2537 2038 2593 schi-

395 2625 656 2681 smaticis
689 2643 805 2681 non
838 2628 1010 2683 modo
1033 2626 1424 2682 contumelias
1456 2628 1528 2682 ab
1553 2627 1645 2694 iis,
1666 2628 1763 2682 sed
1782 2625 2036 2682 vexatio-

397 2730 501 2768 nes
532 2713 706 2769 etiam
750 2716 1135 2787 gravissimas
1163 2721 1253 2772 est
1298 2733 1530 2788 passus,
1564 2721 1696 2788 post
1737 2715 2036 2770 Michaelis

397 2802 552 2857 ωλι
598 2802 902 2876 Paleologi
938 2809 1184 2861 mortem
1225 2804 1676 2876 prevalentibus
1718 2804 1869 2876 apud
1920 2811 2039 2858 An-

396 2892 703 2948 dronicum
736 2893 987 2949 infensis
1020 2895 1168 2966 paci.
1201 2895 1306 2959 Qui
1343 2903 1653 2965 postquam
1684 2910 1809 2949 eam
1841 2891 2036 2947 abillo

395 2981 793 3054 abrogandam
827 2983 1408 3056 abrumpendamque
1441 2987 1741 3052 curarunt,
1772 2983 1950 3038 etiam
1983 2982 2036 3036 ei

387 3076 704 3128 suaserunt
754 3076 819 3128 ut
847 3073 1266 3145 Acropolitam,
1302 3089 1488 3128 unum
1521 3089 1589 3128 ex
1636 3071 2034 3128 columinibus

389 3159 688 3216 catholice
736 3162 942 3232 partis,
977 3163 1035 3217 in
1069 3178 1358 3217 carcerem
1401 3161 1692 3216 conderet.
1727 3161 1900 3216 Istam
1936 3159 2032 3215 ille

385 3249 658 3319 injuriam
697 3267 872 3321 quam
910 3251 1040 3306 forti
1073 3250 1292 3316 animo,
1315 3267 1493 3322 quam
1519 3250 1737 3305 invicta
1767 3254 2034 3305 constan-

386 3339 466 3393 tia
507 3336 741 3404 tulerit,
775 3339 943 3393 docet
973 3340 1220 3410 epistola
1251 3339 1529 3394 Demetrii
1567 3338 1768 3393 Baulis
1796 3339 2035 3393 Cabacis

392 3427 463 3482 ad
498 3426 684 3481 filium
721 3427 1048 3482 Manuelem
1081 3431 1293 3495 Grece,
1325 3427 1425 3482 sed
1459 3427 1608 3496 stylo
1639 3427 2037 3482 semibarbaro

386 3515 625 3586 scripta,
659 3531 726 3571 ex
777 3532 893 3587 qua
927 3533 1114 3586 nuper
1143 3515 1302 3571 edita
1331 3516 1402 3571 ab
1434 3514 1519 3570 ill.
1561 3515 1794 3582 Allatio,
1823 3516 1900 3584 εἰη
1933 3517 2034 3572 do-

383 3603 648 3660 ctissimo
697 3621 868 3677 opere
916 3604 1404 3660 Ezercitationum
1462 3607 1523 3660 in
1583 3606 2031 3677 Creyghtonum,

384 3711 441 3765 p.
489 3693 595 3749 6l6
626 3703 680 3750 et
711 3694 862 3766 seq.)
895 3695 1149 3750 auctoris
1197 3694 1410 3760 verbis,
1445 3699 1510 3750 ut
1551 3695 1624 3750 ab
1653 3695 1856 3750 eodem
1907 3696 2031 3750 viro

383 3799 598 3855 magno
632 3783 834 3839 Latine
865 3784 1216 3848 redduntur,
1250 3784 1499 3839 referam
1526 3782 1699 3855 plane
1729 3783 2032 3839 heroicum

381 3872 561 3943 hujus
593 3872 698 3926 viri
733 3873 976 3941 factum,
1009 3890 1125 3945 quo
1161 3873 1397 3929 abunde
1428 3874 1778 3945 purgabitur
1806 3873 2031 3929 calum-

386 3962 484 4017 nia
514 3961 607 4017 hic
637 3965 693 4017 et
722 3962 976 4033 impacta
1005 3961 1270 4017 laxitoris
1300 3962 1692 4018 conscientie.
1727 3962 1821 4017 Sic
1852 3962 2033 4034 igitur

385 4051 504 4108 ait:
537 4053 667 4108 Post
715 4051 914 4107 multos
962 4052 1174 4123 elapsos
1218 4067 1408 4117 annos,
1461 4068 1587 4107 cum
1624 4051 1807 4107 adhuc
1845 4053 2032 4106 senior

381 4141 686 4214 (Georgius
713 4141 1046 4213 Acropolita
1078 4142 1172 4197 hic
1205 4143 1425 4213 noster)
1453 4141 1510 4196 in
1544 4143 1714 4197 exilio
1742 4146 1793 4197 et
1813 4157 2029 4197 carcere

379 4231 719 4298 perduraret
747 4247 913 4287 causa
943 4231 1234 4301 legationis
1259 4234 1480 4303 propter
1499 4233 1759 4287 unionem
1789 4247 1915 4286 cum
1933 4248 2026 4286 ca-

379 4319 586 4374 tholica
615 4319 881 4388 Ecclesia,
916 4320 1220 4392 alloquitur
1258 4322 1557 4392 imperator
1587 4321 1648 4374 D.
1681 4320 2027 4376 Andronicus

375 4409 556 4478 ﬁlium
579 4406 743 4463 illius
762 4413 1329 4480 caeterosquesenatus
1355 4411 1658 4482 principes,
1673 4413 1939 4464 anteeum
1961 4411 2025 4464 in

377 4497 605 4553 consilio
617 4498 948 4555 assidentes.
983 4521 1010 4550 «
1029 4498 1336 4571 Principes,
1353 4501 1640 4554 videturne
1652 4500 1799 4554 vobis
1823 4498 2017 4554 bonum

2167 629 2282 687 loco
2307 633 2367 687 in
2397 650 2500 704 quo
2547 635 2814 704 considet,
2844 637 3102 707 princeps
3143 647 3219 692 est
3242 641 3328 692 tui
3363 644 3523 697 sancti
3547 645 3721 715 imperii

2161 719 2461 778 honoribus
2515 723 2819 780 decoratus.
2852 728 2918 780 At
2945 727 3177 796 quinam
3197 727 3293 782 ille
3319 727 3387 784 sit
3429 731 3635 787 nondum
3655 751 3722 789 ca-

2157 811 2270 882 pio.
2307 835 2326 859 ι
2357 813 2649 884 Respondit
2671 815 2996 886 imperator,
3035 835 3063 868 α
3084 815 3255 871 Filius
3278 821 3394 872 tuus
3416 827 3505 886 est,
3525 820 3722 878 dominus

2166 899 2467 956 Theodorus
2517 919 2746 973 magnus
2791 904 2985 972 legata.
3033 926 3061 953 ››
3107 904 3321 973 Abiecta
3365 911 3502 962 omni
3538 921 3707 966 cuncta-

2158 990 2309 1044 tione
2335 990 2490 1059 ﬁlius
2521 1008 2818 1061 assurgens
2847 993 3060 1049 nudato
3086 996 3264 1063 capite
3289 1001 3490 1064 patrem
3517 1000 3716 1070 aggredi-

2157 1081 2270 1143 tur,
2303 1086 2355 1134 et
2377 1080 2610 1135 salutem
2640 1081 2786 1137 ultro
2807 1082 3052 1154 citroque
3078 1085 3234 1152 pater
3251 1091 3302 1138 et
3323 1083 3469 1151 filius
3493 1085 3590 1140 sibi
3605 1086 3725 1143 dede-

2157 1177 2310 1222 runt.
2363 1169 2491 1222 Tum
2511 1186 2712 1226 rursus
2754 1173 3058 1242 imperator
3093 1173 3392 1228 orationem
3433 1173 3497 1228 ad
3533 1190 3634 1229 eum
3663 1177 3724 1231 di-

2156 1258 2304 1312 rexit
2335 1274 2347 1313 :
2383 1281 2412 1307 ‹‹
2445 1259 2640 1330 Magne
2659 1260 2946 1329 logothela.
2973 1275 3058 1316 res
3079 1260 3161 1316 ita
3180 1261 3482 1317 ceciderunt
3498 1273 3722 1334 coegerunt

2155 1362 2259 1416 que
2287 1355 2345 1401 ut
2374 1349 2482 1403 tibi
2512 1347 2630 1404 haec
2658 1350 2844 1403 tristia
2872 1351 2935 1405 in
2966 1365 3232 1419 magnum
3259 1352 3459 1406 malum
3476 1355 3720 1408 evaderent.

2157 1435 2336 1502 Quare
2361 1436 2444 1507 [P.
2493 1437 2616 1508 459]
2650 1438 2810 1493 modo
2838 1440 3016 1493 visum
3044 1443 3124 1494 est
3151 1438 3299 1494 mihi
3345 1443 3392 1494 et
3419 1440 3549 1496 hisce
3583 1459 3721 1496 rerum

2152 1525 2628 1595 gubernatoribus,
2679 1532 2741 1580 ut
2789 1536 2839 1583 te
2883 1527 2990 1582 huc
3043 1527 3345 1583 adductum
3388 1528 3725 1600 alloquereniur

2153 1613 2218 1668 de
2254 1630 2320 1668 ea
2364 1631 2422 1670 re
2452 1630 2577 1685 quae
2609 1616 2766 1671 nobis
2806 1616 2945 1672 bona
2991 1621 3154 1688 atque
3204 1617 3424 1673 honesta
3468 1618 3666 1686 videtur,
3688 1623 3725 1674 si

2154 1709 2340 1758 tamen
2372 1713 2467 1758 tua
2512 1705 2763 1760 voluntas
2791 1722 2900 1761 non
2949 1706 3146 1761 abnuit
3175 1722 3273 1761 nos
3317 1707 3516 1773 audire,
3559 1715 3609 1762 ut
3643 1726 3724 1764 una

2152 1802 2336 1848 mente
2373 1803 2532 1864 atque
2558 1795 2830 1850 sententia
2861 1795 3146 1851 nobiscum
3193 1796 3482 1851 convenias
3505 1799 3629 1852 circa
3650 1798 3722 1851 Ec-

2153 1881 2340 1938 clesie
2366 1881 2618 1938 dissidia.
2653 1885 2760 1938 Hoc
2794 1884 2944 1939 enim
2973 1883 3116 1939 mihi
3145 1888 3198 1939 et
3226 1885 3342 1954 filio
3371 1895 3463 1940 tuo
3503 1903 3666 1954 magno
3690 1887 3724 1940 to

2151 1970 2388 2039 gothetae
2435 1971 2635 2026 bonum
2685 1976 2979 2042 reputatur
3007 1977 3061 2027 et
3090 1974 3312 2040 decens,
3342 1983 3400 2029 ut
3427 1974 3563 2029 nobis
3587 1975 3720 2029 obtem

2151 2075 2306 2129 peres
2333 2061 2830 2116 omniaetvulnera
2857 2078 2923 2116 ac
2950 2063 3152 2132 tristia,
3182 2077 3304 2133 quae
3328 2065 3610 2118 necessitate
3624 2072 3725 2118 tem-

2151 2149 2300 2219 poris
2329 2148 2390 2204 in
2418 2157 2472 2204 te
2511 2149 2614 2204 illa
2650 2155 2795 2220 suat,
2822 2151 3166 2206 sanabimns.
3203 2174 3230 2200 »
3264 2151 3368 2206 Hic
3392 2168 3543 2222 porro
3566 2151 3623 2205 ad
3647 2153 3722 2204 im-

2151 2246 2463 2308 peratorem
2495 2238 2578 2294 ita
2607 2241 2816 2310 effatur
2835 2260 2856 2296 :
2899 2263 2928 2290 ‹‹
2962 2240 3167 2296 Sancte
3195 2240 3427 2301 domine.
3459 2255 3726 2312 quaecunque

2151 2326 2307 2382 adme
2334 2327 2640 2383 enuntiasti
2653 2331 2891 2400 percepi.
2924 2331 3127 2385 Verum
3145 2347 3295 2384 nunc
3317 2329 3585 2401 respondeo
3607 2335 3648 2382 et
3662 2344 3723 2382 re-

2148 2417 2265 2485 fero
2289 2417 2432 2486 quod
2461 2418 2670 2487 mihz'jn
2689 2421 2875 2474 animo
2887 2419 3063 2489 ﬁxum
3073 2422 3175 2474 est.
3193 2420 3400 2475 lustius
3419 2422 3541 2474 estet
3559 2419 3723 2488 aquius

2149 2508 2211 2559 ut
2239 2509 2429 2561 sancta
2467 2507 2617 2563 655
2652 2507 2806 2578 regia
2839 2512 2932 2562 tua
2963 2509 3229 2578 majestas
3258 2507 3366 2564 mei
3386 2507 3576 2562 domini
3592 2509 3724 2576 impe-

2149 2593 2355 2648 ratoris
2365 2593 2542 2664 patris
2555 2597 2642 2649 tui
2655 2596 2997 2652 sententiam
3008 2614 3067 2651 su
3075 2597 3198 2669 bseq
3209 2605 3395 2664 uatur,
3411 2603 3457 2652 et
3467 2597 3596 2665 ﬁlius
3609 2611 3722 2650 meus

2146 2681 2402 2738 dominus
2451 2683 2754 2739 Theodorus
2781 2703 2984 2748 meam,
3015 2703 3182 2758 quam
3236 2702 3332 2741 nos
3373 2695 3642 2741 vestram.»
3679 2685 3722 2736 Et

2145 2771 2292 2825 nihil
2331 2771 2482 2827 ultra
2520 2773 2730 2828 retulit.
2754 2773 2856 2829 Sed
2886 2790 2984 2830 nec
3013 2776 3111 2845 qui
3138 2774 3482 2846 imperatoris
3509 2781 3643 2828 nutus
3664 2787 3723 2827 se-

2143 2859 2466 2916 cundabant
2486 2861 2794 2934 principes,
2825 2879 2925 2920 nec
2958 2866 3069 2935 ipse
3097 2863 3409 2935 imperator
3434 2863 3623 2918 verbum
3649 2878 3720 2916 es-

2139 2950 2358 3019 pressit,
2381 2951 2626 3020 justitia,
2649 2951 2894 3018 ratione,
2909 2955 3279 3023 generositate
3293 2957 3345 3008 et
3361 2948 3714 3021 magniﬁcentia

2143 3037 2204 3091 in
2225 3038 2481 3093 ruborem
2511 3040 2726 3110 suﬂusi,
2741 3056 2864 3095 omn
2874 3043 2928 3096 ia
2949 3042 3253 3114 sequidem,
3271 3041 3542 3097 dummodo
3551 3041 3717 3110 justum

2140 3143 2210 3182 ac
2256 3126 2454 3183 decens
2478 3128 2699 3184 salvum
2729 3134 2884 3195 esset,
2929 3131 3084 3186 nihil
3129 3131 3434 3202 reputabat.
3482 3129 3587 3184 Hec
3612 3127 3706 3182 ibi:

2064 3213 2108 3279 C
2146 3231 2271 3285 que
2304 3215 2495 3271 videat
2524 3217 2825 3287 etjudicet
2854 3235 3058 3290 equus
3093 3217 3282 3274 lector
3301 3236 3371 3274 an
3397 3219 3506 3272 sint
3522 3216 3720 3272 hominis

2143 3302 2620 3376 κατημελημένως
2641 3309 2748 3358 τῶν
2784 3303 2861 3366 εἷς
2892 3302 3199 3376 συνείδησις
3223 3302 3462 3381 ἔχοντος,
3489 3307 3723 3360 minimum

2142 3395 2299 3465 pensi
2327 3395 2575 3450 habentis
2603 3397 2662 3450 in
2699 3396 2868 3451 rebus
2896 3397 3154 3466 gerendis
3185 3397 3318 3468 quid
3345 3397 3434 3470 fas
3459 3400 3506 3452 et
3531 3395 3722 3464 ofﬁcium

2143 3489 2389 3539 moneret
2413 3485 2568 3556 quod
2601 3485 2748 3540 falso
2769 3485 3042 3541 videlicet
3072 3485 3123 3542 ei
3161 3486 3374 3543 Noster
3403 3485 3619 3556 imponit
3642 3482 3718 3536 hoc

2143 3571 2290 3628 loco.
2323 3574 2431 3628 Sed
2465 3589 2536 3629 ne
2567 3574 2821 3646 cuipiam
2854 3576 3165 3631 videamur
3195 3575 3550 3647 suspiciosus
3576 3571 3717 3643 egeris

2141 3678 2275 3717 cum
2306 3663 2684 3734 Pachymerc,
2716 3663 2818 3735 qui
2849 3664 3002 3735 quod
3036 3664 3185 3719 alias
3235 3666 3423 3720 fuerat
3451 3669 3623 3718 notare
3646 3676 3721 3730 pa-

2139 3751 2339 3819 tuerit,
2374 3767 2510 3806 cum
2540 3751 2854 3808 mutabiles
2885 3754 3006 3807 sint
3036 3770 3234 3810 mores
3266 3753 3576 3816 hominum,
3603 3748 3718 3803 dics-

2141 3856 2272 3895 mus
2303 3857 2465 3910 sane,
2498 3841 2548 3896 si
2580 3841 2966 3913 negligentior
2997 3843 3296 3898 rationum
3323 3842 3488 3898 ofﬁcii
3511 3839 3625 3894 vixit
3648 3852 3719 3890 un-

2139 3945 2317 4000 quam
2347 3930 2628 4001 Georgius
2657 3929 3012 4002 Acropolita,
3037 3936 3163 3986 tum
3193 3947 3430 3987 necesse
3449 3936 3529 3986 est
3548 3927 3594 3982 id
3614 3926 3718 3980 fuis-

2138 4034 2200 4072 se
2231 4020 2468 4088 quando
2494 4018 2765 4074 addictus
2787 4018 2976 4074 adhuc
3009 4019 3320 4076 schismati
3343 4020 3715 4076 adherebater-

2137 4108 2370 4163 roribus
2401 4109 2730 4163 Grecorum
2768 4126 2780 4164 :
2814 4117 3009 4178 postea
3039 4109 3282 4180 quidem
3308 4125 3475 4182 quam
3507 4101 3714 4162 Ecclesia

2137 4197 2354 4252 Latine
2395 4197 2810 4254 reconciliatus
2858 4203 2968 4264 est,
3000 4203 3233 4254 tantum
3270 4198 3567 4271 profecisse
3591 4193 3713 4248 illum

2134 4291 2377 4358 apparet
2420 4291 2484 4342 ut
2513 4285 2750 4343 culmen
2799 4287 2995 4359 ipsum
3028 4287 3368 4359 apostolicae
3409 4277 3715 4357 perfectionis

2134 4375 2400 4448 attigisse
2433 4377 2720 4431 videatur.

2203 4501 2264 4555 P.
2296 4500 2421 4556 317.
2476 4500 2717 4556 Eudocia
2743 4516 2947 4571 magna
2985 4500 3135 4572 apud
3164 4501 3365 4558 urbem
3412 4496 3608 4556 domino
3631 4491 3714 4548 elo-

380 4594 440 4642 ut
468 4603 737 4658 magnum
785 4588 1115 4660 logothetam
1162 4589 1266 4644 huc
1291 4588 1591 4644 adductum
1635 4592 2024 4658 pertentemus,
2054 4579 2102 4644 D
2131 4592 2257 4644 cata
2284 4598 2360 4645 est
2413 4589 2555 4653 Quis
2580 4589 2690 4645 iste
2721 4606 2970 4662 magnus
3002 4589 3283 4646 dominus
3314 4591 3373 4644 in
3408 4585 3580 4644 urbe?
3605 4581 3716 4638 Inie-

378 4693 450 4731 an
479 4677 766 4733 nobiscum
785 4681 1117 4734 conveniat?
1142 4683 1261 4751 post
1280 4683 1356 4736 tot
1383 4678 1620 4734 carceris
1641 4683 1693 4734 et
1705 4678 1899 4734 exsilii
1917 4696 2021 4734 an-

377 4780 476 4821 nos
503 4769 646 4835 [orte
673 4766 838 4822 nobis
868 4769 1276 4840 obtemperabit,
1308 4773 1359 4824 et
1389 4769 1696 4841 conjunctis
1735 4767 2023 4824 sententiis

376 4853 660 4910 nobiscum
707 4857 953 4912 concinet
1001 4858 1062 4912 in
1101 4856 1206 4913 hoc
1244 4858 1620 4913 Ecclesiarum
1665 4855 1918 4913 discidio.
1968 4859 2022 4912 et

371 4943 572 4999 vitabit
596 4961 786 5000 rerum
807 4944 1165 5018 asperitatem
1183 4950 1235 5003 et
1255 4947 1400 5019 quod
1414 4954 1497 5002 ter
1519 4949 1677 5003 tanto
1697 4947 1896 5002 melius
1916 4955 2017 5014 est,

369 5033 627 5090 libertate
652 5037 990 5108 perfruetur,
1021 5045 1077 5092 et
1103 5035 1476 5094 addecentiori
1502 5053 1648 5094 cura
1678 5035 1843 5092 illius
1868 5037 2017 5091 vale-

371 5123 556 5179 tudini
586 5124 995 5194 indulgebitur.
1030 5149 1058 5176 ››
1105 5126 1299 5183 Omnes
1337 5143 1448 5183 uno
1479 5142 1571 5182 ore
1600 5125 2014 5198 responderunt,

375 5234 404 5263 ‹‹
437 5215 649 5270 Bonum
675 5220 774 5286 est,
805 5217 1044 5285 domine,
1077 5221 1128 5272 et
1170 5215 1510 5271 exsecutioni
1555 5215 1866 5272 mandetur.
1897 5219 2017 5271 Imo

367 5305 527 5377 jussu
556 5313 654 5362 tua
682 5306 832 5361 nulli
858 5307 1024 5362 noxia
1057 5309 1205 5361 sunt.
1241 5327 1268 5354 ››
1299 5305 1388 5361 Sic
1415 5303 1602 5376 itaque
1636 5321 1759 5358 cum
1791 5320 2014 5374 respon-

372 5394 598 5465 dissent,
646 5398 950 5468 imperator
979 5394 1268 5451 mandavit
1299 5397 1360 5449 ut
1410 5392 1775 5449 adduceretur
1803 5410 1817 5460 ;
1849 5407 2016 5465 eoque

369 5493 652 5554 presente,
684 5488 743 5540 ut
771 5484 965 5540 mitius
992 5484 1280 5552 negotium
1307 5483 1718 5554 disponeretur,
1738 5483 1822 5538 sie
1851 5497 2014 5538 exor-

365 5588 459 5627 sus
485 5577 566 5629 est
594 5575 900 5630 orationem
929 5575 1274 5645 imperator:
1300 5595 1320 5621 ι
1350 5571 1681 5644 Agnoscisne
1707 5570 2014 5644 principem

366 5660 558 5731 illum,
590 5663 844 5734 quisnam
862 5661 967 5720 ille
993 5661 1110 5721 sit?
1143 5684 1170 5715 α
1195 5662 1261 5719 Et
1277 5661 1462 5733 digito
1479 5660 1812 5720 monstravit
1827 5659 2011 5734 ﬁlium

2132 4679 2275 4746 rius,
2310 4695 2367 4750 p.
2421 4679 2545 4746 328,
2579 4678 2860 4734 scribitur
2907 4679 2979 4734 de
3009 4679 3237 4734 Joanne
3271 4679 3439 4746 duce,
3481 4689 3598 4732 cum
3637 4669 3712 4726 ob-

2131 4783 2365 4822 sessum
2395 4766 2456 4822 in
2485 4767 2628 4822 urbe
2663 4766 2756 4822 cui
2788 4783 3001 4823 nomen
3034 4772 3235 4836 Patre,
3270 4784 3406 4823 cum
3453 4769 3603 4820 noctu
3631 4774 3706 4812 an.

2130 4856 2375 4927 fugisset
2418 4856 2647 4912 venisse
2675 4856 2930 4926 Thebas,
2963 4862 3021 4912 et
3069 4856 3148 4912 ibi
3181 4857 3463 4928 reperisse
3492 4859 3712 4920 magnum

2130 4946 2462 5012 dominum,
2510 4944 2601 4999 τὸν
2637 4943 2799 5019 μέγαν
2831 4945 3045 5019 κύριον.
3095 4946 3184 5001 Sic
3215 4951 3478 5002 vocatum
3525 4938 3713 5012 apparet

2125 5034 2458 5090 Thebarum
2528 5035 2852 5106 principem
2906 5035 3093 5090 Latini
3137 5034 3392 5107 generis.
3444 5030 3554 5087 Dici
3609 5037 3710 5095 ergo

2127 5128 2320 5198 potest
2366 5124 2681 5179 Eudociam
2732 5124 2965 5179 tertiam
3000 5123 3180 5178 ﬁliam
3215 5122 3479 5178 Lascaris
3515 5110 3711 5187 Augusti

2125 5229 2338 5283 magno
2379 5213 2617 5269 domino
2667 5213 2920 5285 principi
2985 5213 3313 5268 Thebarum
3341 5252 3356 5279 ,
3401 5209 3566 5280 hujus
3604 5205 3709 5258 forte

2125 5319 2299 5373 quem
2345 5302 2604 5358 Joannes
2634 5302 2751 5357 dux
2802 5302 2882 5357 ibi
2929 5302 3145 5374 reperit
3188 5301 3342 5373 patri
3393 5304 3489 5355 aut
3528 5300 3708 5368 patruo,

2123 5391 2308 5447 fuisse
2329 5390 2696 5459 collocatam,
2731 5390 3295 5462 matrimoniumque
3320 5389 3376 5444 id
3409 5385 3708 5442 celebratum

2121 5481 2183 5536 in
2215 5482 2359 5536 urbe
2389 5479 2920 5553 Constantinopoli,
2954 5479 3056 5535 ubi
3087 5484 3209 5534 tum
3252 5477 3305 5534 is
3338 5476 3589 5549 princeps
3617 5469 3707 5524 fue-

2121 5569 2200 5624 rit
2223 5569 2280 5623 in
2314 5571 2595 5626 camitatu
2627 5569 3000 5640 imperatoris
3039 5565 3230 5623 Latini
3272 5581 3464 5623 rerum
3503 5561 3607 5617 illic
3631 5571 3706 5629 po-

2119 5655 2345 5728 tientis,
2373 5657 2456 5716 ita
2483 5663 2550 5716 ut
2579 5655 2642 5714 τὸ
2687 5657 2826 5713 κατὰ
2861 5656 2960 5726 τήν
2999 5653 3162 5712 πόλιν
3193 5656 3266 5713 ad
3299 5655 3488 5712 locum
3515 5645 3704 5720 nuptia-

3873 2939 3875 3087 Υ
