3978 6182
293 317 434 376 1117

1891 322 2119 377 NOTE.

3572 320 3710 377 1118

296 458 429 499 rum
464 441 544 499 sit
574 439 972 508 referendum,
1007 457 1124 497 non
1176 441 1249 497 ad
1296 441 1497 514 magni
1534 441 1756 497 domini
1791 445 1956 513 pote-
1985 461 2039 527 Α
2069 442 2328 501 voluisse
2362 439 2719 515 μυστηριώδη
2752 442 2910 498 hunc
2952 444 3267 516 quemdam
3309 450 3366 499 et
3391 444 3710 518 lucifugam

294 536 531 599 etatem,
594 532 767 603 quasi
824 531 876 587 is
929 546 1059 586 eam
1120 531 1179 587 in
1241 532 1386 587 urbe
1441 529 1957 601 Constantinopoli

297 626 591 678 exerceret
622 621 673 676 ei
698 621 1078 690 dominando,
1103 622 1199 675 sed
1231 622 1383 692 quod
1418 620 1497 675 ibi
1530 621 1747 691 degens
1782 619 1956 674 titulo

298 712 387 768 sui
422 710 742 783 peculiaris
774 710 1021 765 dominii
1054 710 1193 765 alibi
1226 710 1343 776 siti,
1379 726 1584 781 nempe
1616 709 1954 774 Thebis,in-

299 800 641 871 signiretur.
670 800 796 855 Pari
812 799 1078 871 exemplo
1104 800 1231 871 ipse
1258 800 1350 854 hic
1373 798 1695 870 imperator
1716 796 1959 852 Michael

301 905 480 944 unam
514 905 544 943 e
595 888 833 943 filiabus
882 888 1165 943 Theodori
1219 888 1459 953 Augusti
1511 887 1661 943 Maio
1709 886 1959 943 Belicur-

299 979 382 1033 tio
418 978 670 1049 principi
721 976 1145 1048 Peloponnesio
1191 977 1514 1047 conjunxit,
1564 976 1805 1033 alteram
1859 992 1955 1030 co-

298 1066 430 1123 miti
461 1064 803 1121 Vintimiliss
850 1066 1167 1136 Genuensi,
1225 1070 1291 1121 ut
1334 1066 1593 1121 vidimus
1626 1066 1664 1119 l.
1700 1082 1788 1133 ιιι,
1821 1080 1870 1119 c.
1904 1064 1954 1118 6.

300 1157 445 1212 Istis
475 1171 648 1226 porro
708 1154 1139 1227 principatibus
1190 1171 1291 1226 per
1323 1154 1620 1210 Orientem
1671 1171 1740 1209 ex
1772 1153 1961 1208 ruinis

299 1243 540 1317 imperii
573 1244 819 1300 Romani
847 1245 1344 1300 subnascentibus
1368 1261 1491 1300 suas
1523 1245 1796 1316 quaedam
1828 1260 1960 1315 pro-

304 1333 446 1406 prius
481 1332 905 1404 appellationes
930 1338 1119 1400 erant,
1153 1349 1303 1404 quas
1325 1335 1396 1389 ab
1424 1333 1877 1404 imperatoribus
1900 1347 1961 1386 se

300 1422 601 1493 accepisse
622 1420 1126 1492 gloriabantur.ln
1151 1439 1266 1494 quo
1290 1423 1644 1477 ati‘eetabant
1670 1421 1961 1492 antiquis-

302 1511 488 1567 simos
520 1527 791 1583 quosque
821 1511 1073 1581 allegare
1115 1512 1550 1584 privilegiorum
1583 1519 1637 1567 et
1669 1512 1959 1567 honorum

301 1600 643 1656 istiusmodi
676 1600 1004 1672 largitores,
1039 1617 1199 1657 more
1249 1601 1557 1656 hominum
1592 1618 1701 1656 sua
1732 1616 1965 1671 semper

303 1689 492 1744 facere
522 1688 869 1761 augustiora
898 1689 1318 1761 satagentium.
1340 1691 1541 1761 Itaque
1573 1691 1643 1744 ad
1670 1690 1960 1745 Constan-

2075 531 2442 603 scriptorem,
2475 550 2649 588 sensa
2679 550 2788 588 sua
2818 533 2875 587 in
2910 550 3028 588 sua:
3063 534 3278 588 mentis
3310 534 3711 605 penetralibus

2072 621 2376 690 introspici
2410 622 2604 692 potius
2632 638 2807 693 quam
2842 622 3031 693 signis
3059 638 3335 693 expressa
3366 623 3711 693 intelligibi-

2073 708 2230 764 libus
2253 714 2478 765 exstare
2510 711 2567 764 in
2613 711 2737 765 suis
2769 710 2998 782 paginis
3043 711 3416 782 gaudentem,
3465 727 3711 782 praeser-

2074 799 2177 853 tim
2213 816 2344 854 cum
2380 798 2526 854 alias
2556 799 2839 855 Joannem
2874 802 3174 871 despotam
3220 800 3485 872 impense
3516 817 3548 854 a
3580 800 3712 855 reli-

2075 887 2247 959 gione
2304 889 2819 955 commendaverit,
2880 894 2935 944 et
2984 889 3230 944 mutatio
3262 906 3388 960 qua:
3445 888 3713 959 contigit,

2074 976 2257 1032 divini
2288 977 2489 1032 auxilii
2522 995 2636 1033 non
2690 979 2909 1034 frustra
2960 979 3254 1052 implorati
3288 980 3459 1034 ﬁdem
3494 980 3712 1034 fecerit.

2142 1084 2202 1139 P.
2246 1084 2368 1139 340.
2429 1082 2505 1139 Εὖ
2557 1084 2658 1159 γὰρ
2687 1082 3023 1159 Ἡρακλείτῳ
3079 1084 3348 1161 εἰρῆσθαι.
3407 1087 3491 1142 Ad
3551 1084 3693 1140 intel

2073 1172 2371 1245 ligendam
2403 1174 2555 1230 hanc
2587 1175 2862 1231 Heracliti
2894 1178 3271 1244 sententiam,
3302 1192 3481 1249 quam
3505 1176 3716 1230 Noster

2076 1278 2215 1317 suos
2246 1263 2562 1335 indulgens
2594 1267 2857 1335 σκοτεινῷ
2904 1264 3098 1337 genio,
3123 1266 3439 1320 Heraclitea
3471 1278 3713 1335 prorsus

2077 1352 2435 1409 obscuritate
2467 1353 2561 1408 hic
2610 1354 2870 1423 involvit,
2907 1355 3073 1409 lateri
3117 1355 3297 1410 debeo
3347 1352 3535 1408 lucem
3570 1349 3717 1405 mihi

2074 1447 2403 1513 opportune
2452 1442 2751 1514 praslatam
2782 1462 2814 1499 a
2862 1443 3246 1515 paraphraste
3284 1442 3583 1505 Vaticano,
3619 1439 3716 1509 qui

2073 1530 2233 1586 hunc
2276 1530 2468 1585 locum
2519 1531 2603 1587 sic
2635 1534 2948 1603 exprimit:
2992 1531 3185 1593 Καθὼς
3237 1529 3338 1605 γάρ
3368 1526 3720 1603 Ἡράκλειτος

2073 1616 2249 1692 ἔλεγε.
2299 1619 2368 1673 τὰ
2417 1617 2708 1695 πράγματα
2758 1618 2809 1672 ἐν
2871 1619 2971 1695 ῥοῇ
3025 1621 3114 1674 καὶ
3172 1618 3456 1695 ἀπορῥοῇ.
3515 1619 3717 1688 ’Ὠσπερ

2073 1708 2175 1761 οὐκ
2231 1705 2371 1762 ἔστιν
2432 1707 2520 1762 ἐπὶ
2565 1713 2663 1762 τοῦ
2712 1708 3041 1786 παρῥὲοντος
3103 1707 3369 1784 ῥεύματος
3414 1704 3493 1767 δὶς
3554 1706 3722 1781 βάψαι

303 1778 496 1834 tinum
540 1794 729 1849 usque
777 1781 1055 1849 Magnum
1105 1778 1345 1851 quidam
1394 1784 1549 1834 retro
1598 1780 1854 1833 nitentes
1900 1777 1960 1831 in

308 1866 411 1891 -a-:
448 1866 763 1891 :--L-s:-_..
815 1866 1221 1891 _-_s!__-L__L
1294 1872 1585 1891 _.--L-_-_.
1638 1866 1801 1891 111.-....
1841 1866 1963 1891 -..2.-

2088 1798 2163 1851 εὸν
2213 1793 2478 1852 δάκτυλον
2539 1797 2626 1851 ἐπὶ
2686 1802 2782 1852 τοῦ
2838 1798 3000 1852 αὐτοῦ
3054 1798 3143 1852 καὶ
3195 1797 3307 1857 ἑνὸς
3339 1793 3556 1861 ὕδατος,
3599 1790 3725 1846 οὐδὲ

303 1866 765 1936 etsijactatione
815 1866 1245 1938 pertingebant,
1293 1872 1589 1923 auctorem
1638 1866 1806 1921 illum
1840 1866 1965 1921 suis

303 1957 634 2028 majoribus
666 1956 877 2012 talium
910 1957 1094 2013 fuisse
1127 1958 1436 2013 nominum
1484 1958 1776 2023 ferentes;
1804 1956 1954 2028 quod

303 2046 416 2102 etsi
449 2044 765 2101 ridiculum
797 2044 981 2113 dictu,
1013 2062 1146 2101 cum
1178 2046 1543 2101 Constantini
1598 2045 1790 2117 Magni
1846 2061 1964 2099 aevo

304 2150 412 2189 nec
441 2133 613 2205 longe
644 2138 847 2205 postea
878 2135 1001 2190 istas
1035 2136 1227 2190 adhuc
1259 2134 1496 2191 minutae
1522 2135 1806 2207 dynastiaa
1833 2150 1967 2189 con-

304 2223 530 2279 stitutae
562 2223 838 2289 fuissent,
870 2223 1029 2278 haud
1060 2228 1259 2279 tamen
1307 2230 1660 2295 aspernatus
1692 2228 1781 2279 est
1828 2224 1965 2278 Gre-

306 2328 505 2384 goras,
539 2312 691 2383 apud
725 2328 900 2383 quem
928 2313 1044 2367 haec
1085 2312 1339 2384 legimus
1364 2313 1403 2367 l.
1439 2330 1537 2381 vu,
1574 2330 1630 2384 p.
1656 2312 1757 2366 109
1782 2313 1967 2369 :656

306 2400 373 2456 Ὀ
430 2396 487 2454 δὲ
542 2400 833 2463 Ῥωσσικὸς
884 2401 987 2471 τήν
1045 2420 1103 2453 τε
1153 2402 1335 2454 στάσιν
1393 2402 1478 2455 καὶ
1532 2401 1593 2455 τὸ
1646 2400 1861 2472 ἀξίωμα
1907 2400 1967 2455 τὸ

307 2486 398 2543 ἰπὶ
454 2494 556 2557 τῆς
628 2488 903 2563 τραπέζης
957 2489 1105 2562 παρὰ
1157 2493 1255 2543 τοῦ
1318 2488 1563 2564 μεγάλου
1619 2487 1968 2563 κεκλήρωται

309 2577 747 2634 Κωνσταντίνου.
811 2579 867 2631 Ὀ
921 2574 978 2631 δὲ
1025 2576 1534 2648 Πελοποννησιακὸς
1580 2578 1643 2632 τὸ
1670 2582 1769 2632 τοῦ
1803 2578 1970 2653 Πρίγ-

305 2686 499 2733 κιπος,
560 2666 587 2721 ὁ
647 2664 704 2721 δὲ
760 2673 859 2735 τῆς
909 2666 1165 2736 ’Δττικῆς
1211 2687 1270 2721 τε
1318 2666 1407 2720 καὶ
1452 2668 1690 2737 Ἀθηνῶν
1724 2666 1971 2741 ἀρχηγὸς

306 2757 375 2811 τὸ
430 2760 528 2811 τοῦ
588 2757 835 2831 μεγάΛου
892 2753 1109 2828 δουκὸς,
1169 2758 1195 2811 ὁ
1231 2754 1287 2811 δὲ
1316 2763 1415 2826 τῆς
1449 2756 1716 2818 Βοιωτίας
1742 2757 1971 2811 καὶτῶν

310 2840 513 2916 Θηϐῶν
535 2845 599 2899 τὸ
628 2849 725 2899 τοῦ
776 2844 1016 2920 μεγάλου
1061 2846 1449 2921 πριμικηρίου,
1504 2847 1531 2900 ὁ
1564 2844 1622 2900 δὲ
1650 2853 1749 2914 τῆς
1806 2844 1973 2919 μεγά-

312 2934 431 3005 λης
482 2935 650 3005 νήσου
686 2932 943 2997 Σικελίας
999 2936 1061 2990 τὸ
1118 2939 1218 2989 τοῦ
1270 2934 1460 3011 ῥηγὸς,
1488 2934 1578 2989 καὶ
1611 2932 1775 2990 ἄλλοι
1808 2932 1970 2990 ἄλλα.

311 3027 577 3081 Rossicus
635 3030 844 3081 uatum
883 3034 935 3081 et
1001 3026 1327 3097 dignitatem
1368 3029 1625 3098 prwfecti
1682 3041 1890 3083 mensa?
1943 3043 1978 3081 α

312 3131 522 3186 magno
606 3118 833 3171 sortitus
888 3119 967 3170 est
1040 3114 1414 3185 Constantino,
1478 3116 1977 3187 Peloponnesiacus

2074 1885 2256 1940 στάσιν
2315 1886 2489 1962 εὑρεῖν
2548 1883 2716 1941 ἔνεστι
2762 1892 2871 1942 τῶν
2915 1885 3247 1963 πραγμάτων
3298 1883 3453 1954 δίκην
3508 1880 3723 1957 ἀείρρου

2076 1973 2342 2051 ῥεύματος
2385 1975 2869 2051 παρατρεχόντων.
2916 1978 3047 2033 Herc
3076 1977 3212 2041 ille;
3269 1990 3519 2047 quorum
3559 1970 3725 2026 auxi-

2076 2065 2151 2120 lio
2174 2067 2403 2123 conﬁdo
2438 2082 2530 2121 me
2564 2068 2712 2124 657
2750 2084 2949 2123 verum
2986 2065 3243 2123 auctoris
3270 2080 3508 2119 sensum
3542 2062 3725 2115 intrr-

2078 2155 2362 2225 pretaudo
2415 2156 2795 2228 expressisse.
2855 2156 3019 2212 Mitto
3069 2170 3331 2227 quaerere
3382 2152 3536 2207 unde
3585 2148 3725 2204 istas

2078 2242 2320 2312 Diogeni
2357 2245 2574 2301 Laertio
2608 2248 2785 2317 (quod
2820 2246 3058 2317 quidem
3109 2242 3444 2317 repererim)
3496 2240 3725 2312 ignotas

2079 2331 2355 2388 Heracliti
2386 2338 2441 2389 et
2472 2335 2681 2408 Cratyli
2724 2352 2971 2407 gnomas
3012 2333 3275 2391 hauserit
3305 2333 3683 2403 Pachymercs
3709 2347 3723 2395 ;

2080 2420 2182 2489 qui
2212 2422 2415 2493 utique
2448 2424 2666 2479 vidisse
2701 2424 2889 2479 multa
2942 2424 3132 2496 potuit
3163 2424 3531 2477 monumenta.
3573 2418 3727 2472 Grae-

2082 2524 2307 2581 corum,
2337 2529 2463 2583 quas
2497 2529 2603 2568 nos
2640 2513 2854 2568 latent:
2884 2517 2941 2569 et
2965 2514 3154 2568 tuisse
3199 2510 3539 2581 diligentem
3574 2504 3727 2558 anti-

2085 2599 2326 2668 quitatis
2361 2602 2841 2674 investigatorum
2874 2604 3018 2659 satis
3050 2606 3311 2674 apparet.

2154 2688 2216 2745 P.
2250 2690 2377 2746 342.
2431 2692 2769 2748 Monasterio
2823 2694 2947 2761 Deo,
2981 2694 3201 2764 quiest,
3253 2706 3409 2744 sacro
3437 2686 3731 2759 (namhmc

2085 2779 2235 2850 erat;
2254 2781 2558 2850 peculiaris
2606 2782 2796 2837 domus
2831 2785 2953 2852 ejus
2982 2781 3362 2851 nuncupatio).
3398 2778 3620 2831 Graece:
3652 2775 3729 2843 Τῇ

2090 2870 2232 2939 μονῇ
2285 2868 2381 2922 τοῦ
2422 2864 2578 2931 ὄντος
2624 2873 2757 2923 Θεοῦ
2812 2872 2910 2941 (τῷ
2972 2869 3076 2943 γὰρ
3138 2863 3251 2921 ὄντι
3309 2863 3511 2938 κυρίως
3562 2880 3728 2930 προσ·

2085 2956 2369 3029 ανὲκειτο).
2400 2958 2522 3025 His,
2557 2960 2615 3013 ni
2648 2958 2835 3027 fallor,
2868 2958 3277 3030 Lsigniﬁoatur,
3332 2954 3486 3009 istud
3520 2952 3577 3004 in
3613 2966 3726 3020 quo

2085 3045 2446 3103 Blemmidas
2468 3048 2733 3117 debebat,
2757 3047 3178 3103 monasterium
3197 3042 3566 3117 peculiariter
3586 3056 3730 3093 nun-

2086 3141 2365 3209 cupatum
2416 3138 2594 3194 fuisse
2639 3142 2754 3209 Θεῷ
2807 3141 2888 3209 τῷ
2918 3135 3053 3191 ὄντι.
3118 3135 3414 3190 Alluditur
3463 3132 3533 3185 ad
3585 3129 3727 3182 illud

310 3220 448 3299 ιζενο
477 3203 748 3275 principis
798 3203 1048 3299 titulum;
1075 3205 1305 3299 Attica:
1324 3212 1509 3299 αιξξετῖι
1538 3210 1591 3299 εξ
1637 3205 1972 3299 Miserarum
2004 3195 2047 3262 C
2088 3195 2288 3293 Exodi,
2319 3245 2405 3298 ιιι,
2440 3229 2525 3295 ιι,
2555 3195 2910 3299 juxta'int,
2943 3226 3042 3283 Dei
3078 3226 3148 3281 ad
3170 3225 3403 3297 Moysen
3437 3218 3579 3292 Ἐγώ
3612 3214 3727 3287 εἶ’μι

310 3292 572 3364 dynaua
603 3308 807 3348 nomen
837 3293 1033 3365 magni
1054 3292 1209 3349 ducis
1248 3294 1331 3355 (P.
1364 3294 1511 3365 460).
1542 3293 1607 3349 At
1635 3296 1730 3364 qui
1752 3290 1976 3348 Boeotia:

311 3390 377 3438 et
405 3381 593 3436 Thebis
614 3384 839 3454 praeest,
871 3381 1063 3453 magni
1106 3382 1426 3453 primicerii
1460 3385 1689 3437 titulum
1714 3380 1974 3447 obtinuit,

314 3472 406 3525 uti
434 3477 486 3524 et
531 3472 699 3541 regis,
752 3470 850 3541 qui
876 3487 1145 3541 magnam
1192 3472 1433 3526 insulam
1462 3470 1681 3526 Siciliae
1726 3470 1889 3525 habet
1918 3470 1980 3523 in

311 3562 602 3632 potestate,
635 3568 685 3614 et
732 3558 841 3614 alii
889 3559 1024 3614 alia.
1060 3560 1145 3615 Ita
1173 3560 1255 3615 ibi
1306 3564 1613 3632 Gregoras,
1670 3559 1769 3629 qui
1805 3559 1979 3630 paulo

314 3652 459 3721 post
489 3648 653 3703 addit
683 3648 754 3703 de
786 3648 1064 3704 Thebano
1083 3649 1331 3720 dynasta
1354 3666 1479 3718 quae
1499 3646 1881 3719 singulariter
1904 3648 1977 3703 ad

312 3752 448 3793 rem
482 3741 742 3793 nostram
777 3737 1003 3792 faciunt
1033 3753 1047 3793 :
1076 3734 1179 3790 Τὸν
1216 3736 1321 3808 γάρ
1352 3756 1439 3790 τοι
1467 3741 1569 3804 τῆς
1596 3733 1859 3795 Βοιωτίας
1890 3734 1977 3787 καὶ

310 3827 430 3879 τῶν
462 3819 655 3895 Θηϐῶν
684 3822 961 3900 ἀρχηγὸν,
1012 3823 1127 3879 ἀντὶ
1166 3822 1412 3898 μεγάλου
1463 3824 1853 3898 πριμικηρίου,
1886 3822 1980 3894 μὲ-

308 3934 418 3989 γαν
469 3913 659 3988 κύριον
711 3913 1041 3987 ὀνομάζουσι
1088 3918 1205 3982 νῦν,
1252 3912 1329 3975 είς
1362 3916 1524 3967 τοῦτο
1555 3911 1978 3987 παρενεχθέντες

310 4001 383 4057 ἐκ
409 4007 507 4057 τοῦ
534 4005 937 4079 παρενεχθῆναι
966 4004 1066 4072 τήν
1105 4004 1332 4077 πρώτην
1384 3995 1690 4071 συλλαϐήν.
1738 4002 1983 4058 Videtur

312 4092 472 4149 velle
489 4110 596 4150 usu
621 4098 679 4150 et
706 4093 864 4166 vulgi
889 4094 1260 4167 corruptione
1285 4100 1427 4149 tunc
1447 4091 1769 4148 invaluisse
1792 4092 1984 4147 utdux

310 4181 787 4255 Thebarum,qui
804 4182 941 4239 olim
959 4200 1213 4255 magnus
1232 4180 1603 4253 primicerius
1618 4185 1775 4237 esset
1788 4180 1981 4237 dictus

313 4271 716 4345 πριμικήριος,
750 4272 971 4328 sensim
1004 4272 1352 4343 compendio
1408 4271 1607 4344 κήριον
1636 4269 1848 4325 cerium
1880 4287 1983 4342 pro

324 4361 668 4434 primicerio
702 4362 1042 4431 vocitatum,
1074 4378 1141 4418 ac
1198 4360 1449 4433 denique
1490 4361 1549 4415 in
1602 4377 1741 4416 voce
1787 4360 1985 4434 κήριος

316 4451 649 4507 secundam
714 4450 973 4507 litteram
1034 4454 1341 4517 mutatam,
1375 4458 1440 4506 ut
1490 4446 1679 4523 κύριος
1733 4466 1833 4520 pro
1878 4449 1984 4517 κή-

319 4558 445 4614 ριος
479 4539 793 4611 diceretur,
845 4544 902 4595 et
957 4540 1233 4610 adjuncta
1276 4556 1452 4611 quam
1506 4555 1738 4610 semper
1776 4538 1983 4593 habuit
2010 4562 2057 4626 D

317 4628 717 4702 appellatione
750 4630 968 4702 magni.
1002 4627 1166 4702 μέγας
1190 4627 1401 4702 κύριος,
1437 4644 1671 4699 magnus
1700 4629 1976 4705 dominus.

399 4720 458 4774 P.
492 4719 617 4774 324.
652 4718 849 4773 Videri
884 4722 1075 4791 potest
1118 4718 1239 4773 haec
1288 4716 1554 4773 scribens
1601 4716 1984 4789 Pachymeres

317 4809 387 4866 in
416 4809 618 4866 animo
653 4809 935 4865 habuisse
964 4808 1098 4865 illos
1129 4825 1333 4864 versus
1366 4807 1695 4879 Euripidis:

399 4940 568 5016 Φιλεῖ
594 4963 646 4997 τι
679 4942 930 5016 πόλεμος
965 4942 1026 4998 οὔ
1058 4940 1213 4996 πάντ’
1246 4942 1519 5016 εὐτυχεῖν,

403 5012 738 5090 ῘΕσθλῶνμδὲ
768 5012 951 5090 χαίρει
983 5012 1547 5090 πτώμασιν-νεανίων,

402 5085 613 5160 Κακους
644 5084 702 5142 δὲ
736 5084 918 5160 μ’ἶσεῗη
938 5091 1014 5160 Τῇ
1046 5084 1207 5141 πόλει
1244 5085 1336 5158 μὶν
1372 5084 1480 5160 οὖν,
1505 5084 1663 5160 voco;

398 5155 531 5215 Τόδ’
560 5146 696 5233 ἔστι,
725 5146 869 5215 τοῖσι
902 5158 960 5215 δὲ
984 5146 1338 5214 κατθανοῐῖσιν
1370 5155 1605 5217 εὐκλεὲς.

399 5299 461 5349 Ρ.
522 5295 648 5352 334.
715 5292 938 5356 ’Ἄλλως
1005 5291 1143 5368 ἔγνω
1205 5289 1540 5367 παρακαλεῖν
1598 5287 1690 5342 καὶ
1766 5289 1981 5363 θερμῶς

320 5381 611 5439 ἱκετεύειν.
638 5385 845 5441 Fateor
895 5384 990 5440 hic
1021 5385 1175 5439 clare
1226 5398 1340 5439 non
1381 5380 1495 5437 dici
1541 5385 1726 5435 Deum
1752 5378 1981 5435 invoca-

318 5475 458 5527 tum
491 5489 525 5527 a
559 5472 822 5545 despota,
856 5473 1011 5544 quod
1045 5478 1242 5527 tamen
1277 5470 1333 5525 in
1369 5468 1849 5539 interpretatione
1882 5483 1987 5539 po»

324 5560 446 5615 sui.
480 5561 896 5631 Conjeeturam
949 5565 1148 5617 tamen
1198 5576 1311 5615 non
1358 5574 1508 5613 vana
1538 5561 1630 5613 est
1658 5556 1712 5611 id
1748 5572 1984 5628 quoque

323 5649 525 5706 verbis
594 5650 714 5708 illis
790 5648 1125 5726 παρακαλεῖν
1204 5656 1263 5707 et
1338 5644 1593 5703 ἱκετεύειν
1650 5647 1985 5719 signiﬁcare

2086 3312 2113 3365 ὁ
2148 3312 2244 3369 ὥν.
2277 3316 2363 3384 (Ρ.
2398 3316 2517 3385 461)
2570 3317 2733 3372 Unde
2782 3321 2872 3372 est
2900 3320 2956 3371 et
2983 3317 3159 3387 Apoc.
3222 3330 3263 3378 ι,
3295 3312 3363 3366 Il:
3399 3308 3565 3380 Χάρις
3598 3304 3724 3375 ὑμῖν

2086 3401 2398 3477 καῖέεῖρήνη
2443 3403 2549 3457 ἀπὸ
2596 3408 2693 3457 τοῦ
2722 3404 2783 3460 '0
2816 3400 2914 3472 ὢν,
2964 3409 3075 3459 etc.
3127 3404 3404 3472 Proprius
3446 3396 3725 3451 nimirum

2088 3491 2392 3549 character
2423 3500 2645 3550 naturae
2681 3494 2804 3562 Dei,
2849 3499 3141 3566 quatenus
3190 3495 3564 3560 comparatu:-
3594 3499 3727 3537 cum

2089 3579 2318 3650 creatis,
2351 3586 2439 3637 est
2497 3599 2729 3654 semper
2766 3586 2822 3638 et
2868 3580 3198 3638 necessario
3256 3576 3551 3633 exsistere.
3586 3570 3733 3625 Huic

2089 3682 2226 3739 ergo
2262 3670 2513 3741 principi
2543 3671 2710 3742 quasi
2744 3670 2844 3725 Dei
2869 3670 3151 3726 attribute
3173 3664 3549 3737 singulariter
3570 3660 3734 3713 dica-

2088 3760 2215 3811 tum
2248 3758 2511 3814 voluerat
2541 3760 2898 3815 Blemmidas
2930 3774 3102 3815 suum
3138 3754 3577 3810 monasterium.

2161 3863 2244 3934 (P.
2306 3864 2453 3935 483).
2510 3871 2570 3921 P.
2631 3865 2755 3919 342.
2807 3860 2906 3924 Εἷς
2966 3856 3310 3937 περιποίησίν
3365 3877 3441 3910 τε.
3492 3853 3618 3924 Agit
3663 3854 3733 3905 de

2090 3958 2325 4008 centum
2357 3954 2529 4010 libris
2576 3956 2701 4009 auri
2730 3958 2891 4023 (nam
2939 3952 3257 4008 Vaticanus
3303 3947 3516 4002 diserte
3558 3942 3733 3995 habet

2090 4040 2276 4095 ἑκατὸν
2311 4038 2502 4116 λίτρας
2538 4042 2792 4117 χρυσίου)
2824 4061 2968 4114 quas
2997 4039 3354 4098 Blemmidas
3385 4036 3731 4090 testamento

2090 4131 2320 4203 legebat
2368 4133 2753 4206 monasterio;
2775 4134 2834 4188 in
2870 4137 3004 4205 {quo
3035 4130 3300 4202 degebat,
3335 4122 3408 4185 εἷς
3438 4118 3733 4195 περιποίη-

2090 4241 2195 4274 σιν’
2229 4239 2355 4294 quze
2392 4231 2584 4279 tamen
2636 4240 2872 4280 summa
2918 4225 3050 4295 post
3074 4222 3201 4291 ejus
3248 4220 3513 4276 mortem,
3573 4209 3735 4265 nulla

2093 4311 2315 4368 ratione
2352 4313 2689 4369 testamenti
2733 4312 2955 4379 habita,
3006 4303 3370 4383 προσανενέοη
3402 4305 3469 4374 τῇ
3503 4297 3733 4372 Μεγάλῃ

2092 4398 2358 4471 ἐκκλησίᾳ
2388 4400 2464 4462 εἰς
2512 4398 2891 4476 περιποίησιν,
2923 4404 2988 4456 ut
3036 4396 3208 4470 paulo
3242 4393 3484 4449 inferius
3525 4390 3739 4443 dicitur

2094 4489 2203 4546 hoc
2238 4491 2440 4547 eodem
2476 4492 2686 4564 capite.
2719 4491 2843 4555 Qua
2888 4489 3123 4545 notione
3171 4487 3484 4556 usurparet
3514 4476 3735 4547 Pachy-

2093 4595 2282 4634 meres
2341 4580 2400 4634 in
2431 4580 2550 4651 {his
2610 4580 2840 4636 duobus
2898 4578 3041 4635 locis
3099 4591 3295 4632 vocem
3363 4565 3739 4644 περιποίησις,

2094 4668 2375 4738 quaerenti
2411 4669 2558 4724 mihi
2582 4669 2837 4725 occurrit
2862 4666 3182 4740 Hesychius
3217 4663 3311 4735 qui
3341 4659 3477 4732 σμὸν
3503 4655 3737 4711 πλεονα-

2095 4755 2231 4829 σμὸν
2276 4774 2402 4813 eam
2461 4758 2896 4831 interpretatur.
2947 4757 3095 4813 Nam
3134 4754 3191 4809 in
3253 4754 3382 4823 ejus
3425 4749 3604 4803 lexico
3655 4745 3737 4799 sic

2092 4845 2345 4918 legimus
2396 4846 2615 4902 hodie:
2693 4844 3067 4921 Ηεριποίησις,
3127 4836 3497 4910 πλεονασμὸς,
3548 4835 3736 4901 κτῆσις

2094 4934 2262 4989 Forte
2313 4934 2460 4991 alias
2488 4936 2813 5008 ilegebatur
2864 4932 3209 5005 πλεονασμὸς
3250 4930 3515 4999 κτήσεως,
3550 4925 3735 4978 abun-

2094 5022 2296 5078 dantia
2330 5024 2748 5095 possessionis,
2798 5040 3007 5079 novum
3067 5023 3286 5077 bonum
3335 5016 3615 5073 accedens
3665 5009 3735 5063 ad

2096 5111 2258 5182 prius
2287 5118 2477 5184 parta,
2512 5118 2570 5169 et
2614 5118 2993 5186 augmentum
3046 5107 3459 5183 snpervoniens
3507 5115 3734 5186 possess

2093 5201 2552 5274 sionibantiqum,
2583 5185 2744 5258 velut
2792 5201 3174 5258 adventitium
3225 5194 3517 5269 peculium
3559 5185 3733 5243 veteri

2094 5290 2447 5361 patrimonio
2479 5292 2947 5363 superadditum.
2980 5290 3043 5345 Id
3074 5288 3300 5345 erudite
3340 5282 3609 5352 vulgatus
3642 5277 3732 5329 in-

2093 5384 2319 5453 terpres
2353 5381 2566 5453 Ephes.
2602 5398 2643 5449 1,
2671 5382 2738 5437 44
2770 5381 3057 5455 eXpressit
3092 5373 3371 5433 vocabulo
3418 5364 3737 5441 acquisilio-

2092 5471 2206 5527 nis.
2244 5470 2404 5535 Quod
2442 5471 2519 5526 ibi
2551 5469 2775 5545 κυρίως,
2809 5472 2869 5526 in
2894 5470 3081 5526 stricta
3119 5465 3463 5539 proprietate,
3493 5474 3733 5512 sumen-

2092 5560 2258 5625 dum,
2296 5564 2360 5616 ut
2408 5564 2579 5616 sonet
2635 5559 2938 5631 quidpiam
2987 5553 3511 5627 superadjuuctum
3562 5553 3731 5604 antea

2094 5647 2375 5718 quasitis.
2399 5650 2588 5712 Quare
2619 5648 2840 5702 frustra
2858 5648 3163 5718 argutatur
3183 5644 3424 5697 novator
3444 5637 3729 5711 interpres
