3968 6202
339 331 481 390 1119

1379 336 1442 387 Ρ.
1484 333 1763 389 POBSINI
1799 331 2412 392 OBSERVATIONUM
2447 340 2581 393 LIB.
2621 340 2696 394 II.

3609 333 3748 392 1120

341 461 400 514 et
432 457 533 528 qui
561 471 695 512 eum
736 455 942 510 laudat
989 455 1275 512 Henricus
1327 457 1666 530 Stephanus
1727 457 1788 512 in
1842 456 1985 512 The-
2015 456 2070 524 Α
2099 451 2225 529 ϐρία
2253 463 2320 516 ut
2348 460 2501 518 idem
2533 479 2664 519 esse
2714 462 3030 518 videretur.
3080 461 3262 518 Sonat
3300 464 3498 518 autem
3534 480 3752 534 μεσημ-

340 561 515 601 sauro
543 547 748 598 Graecae
781 542 1019 614 linguae,
1051 545 1194 600 dum
1241 545 1506 601 instincti
1556 551 1803 618 uterque
1848 545 1984 601 libi—
2094 539 2222 618 ϐρία
2254 550 2582 607 meridiem.
2632 551 2717 606 Ibi
2759 549 2904 606 latet
2950 549 3262 606 antithesis
3310 551 3381 604 ad
3441 547 3597 603 σκιὰν
3627 566 3750 606 um-

339 633 472 688 dine
502 632 906 687 calumniandi
937 639 1188 688 veterem
1222 651 1333 689 usu
1365 635 1632 690 Ecclesiae
1675 635 1980 707 probatam

339 719 478 775 Novi
511 721 847 776 testamenti
879 723 1228 790 versionem,
1272 726 1636 780 contendunt
1686 722 1980 798 περιποίη-

335 827 416 860 σιν
449 807 546 864 illo
580 810 840 880 Apostoli
874 810 1000 866 loco
1031 829 1240 868 sonare
1260 813 1622 870 assertionem
1652 815 1771 869 sive
1799 813 1978 869 vindi-

337 899 623 964 cationem,
648 900 801 970 quod
824 917 998 971 quam
1033 901 1388 974 sitineptum
1442 904 1664 974 patebit
1696 921 1763 959 ex
1789 903 1978 960 consi-

337 987 636 1044 deratione
665 990 975 1044 verborum
1002 992 1185 1046 sancti
1210 992 1395 1046 Pauli.
1426 992 1575 1046 Sunt
1606 999 1800 1048 autem
1835 993 1975 1050 haec:

333 1074 434 1135 ’Ός
495 1074 634 1129 ἐστιν
683 1071 933 1151 ἆρῥαϐὼν
979 1083 1078 1146 τῆς
1121 1076 1494 1153 κληρονομίας
1546 1082 1705 1152 ἡμῶν
1734 1079 1808 1142 εἰς
1843 1081 1976 1135 ἀπο-

334 1161 606 1237 λύτρωσιν
692 1171 794 1234 τῆς
877 1168 1220 1241 πιριποιῆσε.
1319 1171 1453 1235 Qum
1538 1170 1622 1225 sic
1704 1171 1976 1242 vulgatus

333 1253 543 1309 vertit:
579 1255 685 1322 Qui
727 1255 1032 1326 (nimirum
1063 1258 1333 1328 I_Spiritus
1378 1263 1640 1332 sanctus)
1668 1265 1744 1316 est
1774 1265 1978 1330 pignus

334 1343 674 1399 haereditatis
726 1350 928 1400 nostra
977 1345 1037 1401 in
1079 1349 1511 1420 redemptionem
1567 1351 1976 1422 acquisitionis.

334 1431 572 1502 Nempe,
607 1437 670 1487 ut
698 1439 933 1490 enarrat
961 1435 1413 1508 Chrysostomus
1454 1438 1607 1494 hunc
1637 1439 1857 1504 locum,
1882 1440 1974 1496 his

336 1521 434 1592 qui
469 1520 644 1576 ﬁdem
678 1526 734 1576 et
776 1522 1121 1579 cbaritatem
1175 1526 1411 1594 habent,
1448 1529 1569 1597 jam
1619 1545 1773 1583 nunc
1805 1529 1978 1585 datur

329 1609 431 1679 jus
458 1609 528 1664 ad
582 1609 1004 1681 hereditatem,
1054 1614 1224 1684 cujus
1272 1620 1721 1687 repraesentetur
1765 1619 1974 1690 pignus

335 1701 391 1752 et
428 1697 638 1753 arrha:
675 1699 815 1770 quin
847 1704 904 1755 et
933 1703 1062 1771 ejus
1101 1704 1270 1774 quasi
1318 1705 1651 1762 substantia
1681 1709 1979 1764 confertur

2095 637 2268 694 bram.
2305 641 2364 695 Id
2408 641 2516 696 etsi
2582 640 2741 695 dictu
2801 656 3069 711 parvum,
3142 639 3528 695 admonuisse
3585 657 3754 711 opor-

2091 729 2222 798 tuit,
2256 747 2328 786 ne
2376 731 2650 788 lectorem
2701 732 2793 786 hic
2846 729 3162 786 offenderet
3217 730 3633 800 intempestiva
3695 734 3751 786 et

2092 814 2490 890 ἀπροσδιόυσος
2522 821 2645 876 visa
2670 820 2890 875 umbrae
2921 819 3161 876 mentio.

2162 927 2224 983 P.
2255 927 2379 982 349.
2432 922 2561 982 Οδὲ
2614 925 2855 995 Μύτζης.
2905 931 2976 981 Ut
3018 943 3143 997 quae
3196 927 3304 982 hoc
3360 926 3551 996 capite
3592 927 3744 981 refe-

2090 1021 2305 1072 runtur
2335 1017 2757 1089 intelligantur,
2784 1017 3163 1088 repetendum
3193 1033 3263 1072 ex
3283 1015 3558 1087 superius
3582 1031 3748 1088 spar-

2089 1107 2200 1163 sim
2265 1108 2515 1162 narratis
2570 1124 2602 1161 a
2669 1106 3026 1179 Pachymere
3083 1115 3134 1161 et
3200 1122 3270 1160 ex
3322 1108 3578 1175 Gregora
3632 1110 3744 1172 est,

2086 1194 2375 1252 Joannem
2405 1195 2840 1266 imperatorem,
2875 1211 3046 1266 quem
3079 1195 3473 1266 Pachymeres
3504 1193 3599 1248 hic
3624 1193 3743 1248 Du-

2088 1300 2213 1340 cam
2244 1289 2430 1353 vocat,
2486 1284 2945 1349 Cantacuzenus,
2995 1285 3056 1339 in
3107 1283 3444 1340 Praefatione
3475 1283 3743 1339 Historia:

2087 1374 2401 1444 Catatzam,
2463 1374 2557 1430 cui
2616 1375 2956 1429 Theodorus
3015 1373 3274 1429 Lascaris
3328 1372 3487 1444 prior
3549 1371 3745 1428 dotale

2087 1465 2402 1535 imperium
2445 1463 2878 1532 transmiserat,
2913 1463 3047 1519 data
3094 1463 3145 1519 ei
3176 1463 3237 1518 in
3287 1477 3528 1518 uxorem
3575 1462 3742 1516 Irene

2088 1553 2227 1620 ﬁlia,
2261 1552 2449 1607 ﬁlium
2479 1558 2537 1608 et
2568 1568 2964 1608 successorem
2988 1550 3218 1623 imperii
3239 1549 3522 1606 habuisse
3552 1550 3746 1605 Theo-

2086 1644 2318 1712 dorum,
2349 1641 2640 1698 Lascarim
2675 1658 2709 1697 a
2749 1647 2936 1697 matre
2967 1642 3212 1708 dictum,
3245 1645 3515 1712 nepotem
3550 1640 3748 1694 Theo-

2088 1731 2213 1787 dori
2273 1733 2534 1787 Lascaris
2595 1731 2791 1803 primi.
2836 1731 2983 1785 Huic
3039 1731 3396 1801 desponsam
3455 1728 3742 1783 Helenam

334 1785 629 1892 illiusione
659 1787 860 1892 gratiae
891 1788 1234 1892 habiffmlig.
1270 1810 1386 1864 sua
1426 1796 1842 1892 constituimur
1871 1796 1973 1892 ﬁlii
2004 1821 2052 1887 Β
2079 1785 2687 1892 AsanisBulgarerum
2713 1820 2866 1891 regis
2883 1820 3062 1874 ﬁliam
3085 1785 3282 1874 narrat
3302 1817 3742 1889 Gregoras.l.u,

334 1873 456 1929 Dei.
481 1875 705 1931 Desunt
726 1881 921 1934 tamen
944 1879 1112 1936 nobis
1131 1881 1324 1938 adhuc
1363 1883 1547 1939 multa
1587 1889 1651 1940 ut
1680 1886 1975 1957 pervenia-

335 1979 467 2018 mus
510 1965 582 2020 ad
631 1966 1045 2037 perfectionem
1106 1976 1349 2042 speratae
1401 1973 1715 2030 felicitatis.
1777 1974 1975 2030 Gratia

331 2051 513 2123 igitur
543 2055 694 2111 ωδ
727 2055 1047 2113 habitualis
1076 2057 1476 2133 κληρονομίας,
1508 2061 1848 2119 hereditatis
1876 2081 1972 2120 vo-

331 2142 538 2198 cabulo
597 2143 902 2216 signatur:
965 2149 1120 2203 dona
1172 2154 1364 2206 autem
1452 2153 1713 2208 nondum
1773 2153 1975 2209 habita

330 2231 662 2288 necessaria
678 2235 812 2304 perd
826 2235 1061 2290 ucendis
1076 2237 1244 2293 nobis
1266 2239 1335 2293 ad
1354 2239 1526 2295 ﬁnem
1545 2241 1818 2296 ultimum
1836 2259 1973 2297 con-

327 2325 637 2375 summata:
671 2323 1076 2393 beatitudinis,
1108 2328 1534 2399 περιποιήσιως,
1589 2331 1976 2403 acquisitionis

325 2405 666 2464 indicantur
694 2411 886 2468 verbo.
925 2413 1044 2470 Ista
1089 2415 1242 2471 dona
1270 2417 1428 2473 velut
1459 2419 1518 2474 in
1573 2419 1762 2476 aliena
1792 2437 1972 2477 manu

326 2497 514 2578 posita
537 2498 877 2554 redimenda
909 2502 1074 2557 nobis
1105 2510 1267 2572 sunt,
1299 2505 1405 2562 hoc
1453 2511 1541 2563 est
1576 2511 1888 2565 emerenda
1917 2513 1976 2566 et

325 2582 698 2656 1mpetranda
728 2588 897 2644 bonis
923 2592 1198 2662 operibus
1231 2598 1287 2649 et
1315 2595 1621 2666 precibus.
1667 2598 1749 2654 Ne
1780 2603 1972 2654 autem

329 2673 709 2744 desperemus
739 2692 806 2732 ea
837 2678 1151 2748 impetrare
1179 2699 1246 2737 ac
1278 2686 1596 2755 promereri
1640 2703 1750 2742 nos
1780 2703 1976 2760 posse,

326 2760 504 2817 datur
534 2763 704 2821 nobis
735 2767 818 2826 (P.
853 2767 982 2834 484)
1013 2786 1216 2826 eorum
1273 2789 1530 2844 praesens
1579 2776 1793 2849 pignus
1835 2795 1972 2833 san-

305 2854 458 2908 ctus
485 2853 768 2925 Spiritus,
812 2855 1088 2930 idemque
1135 2861 1587 2920 efﬁcacissimus
1626 2865 1861 2937 adjutor
1899 2868 1972 2923 ad

329 2943 693 3013 operandam
727 2946 882 3016 quod
915 2963 949 3002 a
979 2947 1148 3004 nobis
1188 2951 1462 3023 exigitur,
1519 2958 1584 3009 ut
1612 2953 1840 3026 plenam
1873 2972 1970 3011 sa-

326 3029 508 3087 lutem
542 3049 952 3106 assequamur.
983 3037 1157 3095 Juxta
1185 3039 1341 3096 hunc
1387 3058 1623 3099 sensum
1678 3060 1855 3116 quam
1879 3061 1968 3101 re-

328 3122 417 3175 cte
448 3123 740 3180 cohaerent
770 3126 942 3181 verba
992 3128 1250 3200 Apostoli
1307 3131 1463 3188 videt
1522 3135 1781 3204 profecto
1831 3151 1971 3207 pru-

328 3208 475 3264 dens
504 3210 716 3281 lector;
747 3214 1044 3287 simulque
1072 3217 1352 3291 intelligit
1372 3237 1534 3292 quam
1556 3223 1777 3279 nullam
1809 3241 1970 3280 com-

328 3299 564 3355 modam
595 3303 949 3358 sententiam
1002 3307 1218 3362 efﬁciat
1264 3308 1617 3368 Genevensis
1663 3312 1968 3384 expositio.

326 3386 462 3450 Quae
494 3393 584 3444 est
613 3389 767 3445 enim
797 3392 1094 3464 redemptio
1145 3398 1468 3453 assertionis
1523 3402 1619 3454 aut
1649 3401 1974 3458 vindicatio-

325 3475 470 3530 nis?
509 3478 581 3532 At
629 3479 1035 3550 acquisitionis,
1086 3483 1195 3539 hoc
1247 3491 1356 3556 est,
1406 3488 1487 3543 rei
1537 3491 1800 3545 nundum
1837 3509 1973 3563 pos-

327 3579 504 3619 sessas
536 3566 923 3638 adjungendie
955 3573 1026 3626 ad
1059 3572 1115 3628 id
1149 3575 1305 3645 quod
1331 3577 1455 3647 jam
1480 3577 1972 3649 habemus,'facile

330 3651 525 3724 quivis
558 3657 840 3729 perspicit
867 3659 987 3716 ﬁeri
1022 3661 1447 3735 redemptionem
1497 3685 1688 3739 posse,
1722 3668 1831 3724 hoc
1861 3673 1970 3740 est,

334 3742 525 3812 parari
557 3761 684 3801 eam
719 3751 776 3801 et
805 3749 975 3818 quasi
1008 3752 1162 3807 enim
1197 3754 1497 3825 persoluto
1526 3758 1709 3828 pretio
1742 3757 1970 3814 idoneo.

329 3828 495 3885 Certe
532 3831 748 3889 Latinis
781 3835 1165 3907 scriptoribus
1196 3858 1378 3914 prmaa
1409 3845 1616 3901 classis
1647 3847 1975 3918 acquirendi

329 3919 566 3975 verbum
600 3920 752 3980 hanc
783 3924 970 3996 ipsam
1026 3944 1202 4000 quam
1252 3934 1634 4004 exposuimus
1675 3935 1971 3991 notionem

330 4005 506 4065 habet
536 4014 837 4083 augmenti
867 4023 918 4070 el
950 4017 1268 4075 additionis
1299 4037 1477 4094 super
1508 4025 1672 4095 prius
1701 4041 1973 4096 possessa

325 4098 664 4158 cumulatae.
715 4103 833 4158 Cic.
893 4105 1064 4178 epist.
1096 4108 1152 4177 7,
1208 4109 1246 4165 l.
1281 4127 1381 4166 in:
1416 4117 1613 4168 Postea
1651 4130 1776 4170 vero
1806 4131 1972 4186 quam

323 4187 402 4242 ita
433 4189 642 4260 accepi,
677 4191 757 4246 ita
787 4196 932 4262 gessi
959 4197 1196 4268 imperia
1225 4199 1516 4270 'mamima,
1567 4205 1626 4256 ut
1654 4202 1798 4258 mihi
1827 4203 1971 4258 nihil

322 4292 498 4346 neque
546 4278 618 4333 ad
645 4281 906 4338 honorem
963 4301 1136 4358 neque
1173 4287 1243 4344 ad
1279 4291 1525 4359 gloriam
1570 4292 1972 4364 acquirendum

319 4371 594 4434 putarem.
631 4369 792 4425 Idem
825 4370 884 4427 in
943 4374 1183 4432 Catilin.
1250 4378 1389 4433 Nam
1418 4381 1565 4436 mihi
1593 4381 1811 4452 quidem
1859 4381 1972 4452 ipsi

323 4454 456 4543 quid
468 4464 564 4543 est
591 4458 730 4529 quod
761 4459 875 4528 iam
925 4462 996 4518 ad
1052 4465 1184 4523 vitae
1237 4472 1483 4537 fructum
1531 4472 1698 4541 possit
1727 4473 1966 4543 acquiri.

323 4540 396 4597 Ut
429 4542 648 4601 similia
678 4549 918 4605 omitam
954 4553 1140 4610 multa
1170 4556 1386 4627 passim
1419 4540 1605 4616 obvia.
1659 4540 1966 4616 Haec—satis
1995 4559 2043 4625 D

321 4635 462 4686 sunt
517 4633 586 4688 ad
618 4635 1002 4695 evincendum
1059 4648 1255 4700 contra
1305 4647 1700 4706 cavillationes
1731 4654 1965 4706 novato-

322 4735 472 4812 rum,
504 4727 754 4780 veterem
786 4725 1160 4802 interpretem
1189 4734 1492 4807 vulgatum
1541 4755 1656 4795 non
1701 4741 1965 4812 potuisse

323 4809 560 4902 melius,
603 4815 926 4886 exprimere
979 4821 1095 4876 vim
1139 4822 1347 4880 Graecae
1403 4827 1562 4883 vocis
1613 4809 1965 4902 περιποιησις

321 4915 497 4972 quam
515 4901 590 4968 ei,
613 4907 678 4958 ut
709 4905 861 4976 fecit,
895 4913 1243 4981 opponendo
1266 4915 1613 4972 vocabulum
1652 4901 1962 4990 acquisitio;

323 5005 428 5080 nec
469 5006 575 5046 nos
605 4994 761 5062 quod
794 5001 988 5052 noster
1033 4998 1142 5055 hoc
1198 5001 1324 5058 loco
1354 5003 1674 5063 historicus
1705 5005 1780 5068 εἰς
1811 5026 1968 5080 περι-

319 5076 542 5170 nalnew
598 5083 946 5142 attributum
997 5088 1158 5155 dicit,
1208 5090 1359 5146 male
1403 5093 1734 5152 declarasse
1762 5076 1967 5170 ;verbis

319 5165 438 5223 illis
469 5169 526 5224 in
551 5176 907 5244 augmentum
928 5175 1295 5247 fundationis,
1331 5185 1441 5236 etc.

393 5295 476 5364 (Ρ.
511 5297 635 5369 461)
695 5316 751 5370 p.
811 5299 932 5357 348.
970 5304 1052 5358 Ne
1096 5303 1352 5360 umbram
1389 5305 1611 5379 quidem
1645 5312 1817 5367 ullius
1844 5329 1968 5368 mu-

316 5385 684 5444 nitiunculae.
734 5388 798 5443 In
846 5388 1044 5448 Graeco
1103 5387 1245 5463 μηδὲ
1300 5393 1565 5469 φρουρίου
1613 5398 1788 5454 σκιάν.
1845 5401 1972 5454 Haec

319 5473 596 5534 alludunt
626 5477 696 5533 ad
728 5494 927 5536 vocem
965 5475 1339 5554 μεσημϐρείας
1372 5499 1507 5540 mox
1537 5487 1808 5558 positam.
1835 5489 1970 5553 Quae

321 5577 534 5647 nomen
567 5563 802 5636 quidem
830 5571 955 5624 erat
983 5572 1132 5624 nota:
1165 5567 1352 5640 urbis,
1393 5571 1464 5628 de
1485 5588 1602 5644 qua
1632 5573 1726 5631 hic
1753 5576 1969 5647 agitur.

319 5646 430 5706 Sed
455 5653 614 5724 quod
644 5658 763 5714 tam
808 5673 990 5732 prope
1020 5657 1323 5717 accederet
1372 5661 1445 5719 ad
1502 5678 1703 5721 vocem
1755 5646 1972 5738 piceis-

2084 1927 2141 1983 p.
2178 1911 2264 1977 13,
2298 1911 2468 1980 cujus
2498 1926 2664 1965 soror
2692 1909 2894 1977 Mytzaa
2917 1909 3131 1978 coujux
3163 1907 3293 1977 fuit,
3331 1911 3394 1963 ut
3427 1922 3538 1962 nos
3571 1907 3744 1961 docet

2083 1999 2464 2072 Pachymeres
2485 1999 2595 2053 hoc
2629 1998 2774 2069 loco,
2816 1998 3064 2070 Mytzam
3097 1997 3249 2054 659
3271 2001 3331 2052 et
3358 1995 3741 2051 Theodorum

2085 2088 2379 2145 Lascarim
2432 2080 2812 2162 συγγάμϐρους
2862 2103 3098 2142 vocans.
3151 2087 3228 2141 Ex
3283 2085 3393 2141 hoc
3449 2081 3747 2140 Theodori

2084 2179 2350 2234 Lascaris
2380 2177 2622 2233 secundi
2656 2175 3034 2232 matrimonio
3085 2181 3283 2231 natam
3314 2175 3548 2229 Irenem
3583 2174 3738 2228 idem

2082 2268 2342 2324 Joannes
2375 2272 2565 2323 Ducas
2595 2266 2888 2322 Theodori
2923 2269 3087 2336 pater
3133 2264 3327 2320 adhuc
3357 2264 3564 2318 vivens
3593 2262 3746 2318 Cou-

2082 2357 2340 2413 stantino
2392 2355 2691 2412 collocavit
2719 2354 2878 2422 huic,
2940 2355 3012 2409 de
3042 2369 3157 2423 quo
3205 2352 3302 2408 hic
3349 2357 3576 2418 noster,
3639 2350 3741 2423 qui
3821 2403 3828 2406 _

2080 2455 2306 2520 partem
2336 2446 2566 2520 generis
2605 2463 2675 2502 ex
2720 2445 2924 2501 Serbia
2969 2443 3261 2500 trahebat.
3312 2443 3491 2498 Recte
3541 2445 3738 2497 autem

2081 2544 2246 2594 vocat
2275 2535 2643 2591 Constantini
2683 2533 2994 2604 conjugem
3038 2533 3261 2587 lrenem
3311 2529 3540 2605 ἒχγόνην
3591 2533 3743 2585 Asa-

2083 2627 2194 2694 nis,
2227 2625 2336 2680 hoc
2384 2628 2472 2680 est
2520 2627 2773 2694 neptem,
2823 2621 3037 2694 quippe
3085 2638 3154 2677 ex
3205 2619 3426 2676 Helena
3456 2620 3740 2692 genitam,

2082 2713 2295 2772 Asanis
2327 2713 2470 2770 ﬁlia.

2157 2826 2212 2880 P.
2245 2824 2370 2878 360.
2405 2818 2725 2876 Cardinales
2755 2833 2882 2889 qua
2896 2833 3020 2885 vox,
3053 2821 3164 2873 etc.
3201 2816 3347 2872 Pius
3370 2815 3440 2879 Ιῐ,
3473 2813 3740 2869 oratione

2081 2915 2151 2970 ad
2186 2910 2537 2978 cardinales,
2570 2925 2696 2980 quas
2732 2908 2941 2976 {exstat
2987 2911 3303 2962 comment.
3338 2905 3378 2960 l.
3411 2920 3492 2973 1v,
3523 2903 3611 2958 sic
3641 2917 3740 2957 eos

2080 3000 2428 3072 compellat:
2481 3001 2590 3053 Vos
2610 2997 2733 3051 veri
2773 2995 2974 3050 mundi
3023 2993 3300 3062 cardines,
3325 3008 3502 3063 supra
3534 2991 3740 3062 quibus

2075 3094 2156 3148 mi
2160 3091 2375 3146 litantis
2387 3089 2590 3144 ostium
2611 3084 2877 3142 Eccteeiz
2894 3084 3217 3140 volvendum
3237 3099 3301 3138 ac
3324 3079 3622 3152 regendum
3638 3083 3738 3134 est.

2001 3188 2046 3257 α
2087 3181 2316 3238 Ostium
2346 3181 2540 3233 autem
2578 3191 2727 3247 papa
2746 3179 2984 3230 vocatur
3010 3178 3074 3228 ut
3101 3171 3313 3228 Christi
3349 3167 3736 3240 vicarius,qui

2081 3273 2152 3328 de
2193 3285 2254 3326 se
2299 3267 2427 3340 ipso
2478 3265 2622 3321 dicit
2667 3264 2936 3333 Joannis,
2966 3280 3022 3329 x,
3071 3262 3142 3316 9:
3191 3265 3302 3331 Ego
3350 3277 3478 3316 sum
3517 3258 3734 3314 ostium.

2079 3359 2244 3426 Quod
2279 3357 2346 3411 de
2379 3353 2649 3423 auroﬁhic
2681 3352 2957 3408 scribitur
2984 3351 3055 3407 ad
3096 3347 3424 3406 cardinales
3458 3348 3645 3404 misso
3676 3350 3738 3402 ut

2081 3463 2291 3520 papam
2327 3462 2438 3516 quo
2470 3441 2698 3498 volebat
2739 3443 3058 3513 imperator
3089 3439 3410 3507 ﬂecterent,
3443 3437 3645 3508 accipe
3678 3439 3738 3490 ut

2082 3539 2372 3607 scriptum
2403 3551 2436 3588 a
2467 3531 2846 3588 schismatico
2886 3547 2978 3585 res
3028 3529 3364 3585 Latinorum
3396 3531 3457 3582 et
3488 3525 3739 3597 negotia-

2081 3625 2301 3680 tionem
2333 3638 2458 3694 quaa
2492 3637 2647 3676 nunc
2679 3619 3067 3676 inchoabatur
3105 3615 3516 3672 conciliatonis
3549 3613 3736 3669 Eccle—

2081 3715 2304 3770 siarum
2341 3712 2625 3766 infamare
2657 3714 2904 3765 conante
2934 3705 3374 3779 suspicionibus
3405 3704 3736 3760 calumnio-

2081 3803 2184 3859 sis.
2221 3802 2411 3866 Quare
2441 3799 2492 3854 is
2524 3799 2933 3854 auctoritatem
2966 3797 3025 3851 in
3059 3795 3167 3850 hoc
3197 3793 3431 3865 quidem
3487 3810 3602 3848 non
3633 3791 3732 3846 ha-

2081 3893 2197 3959 bet,
2233 3891 2325 3946 cui
2357 3894 2487 3944 tuto
2539 3887 2712 3942 inniti
2755 3887 3044 3942 credendo
3090 3884 3345 3955 prudens
3382 3883 3591 3955 possit.
3628 3881 3734 3937 Nec

2081 3998 2232 4054 opus
2257 3984 2386 4036 orat
2415 3978 2850 4048 imperatorem,
2901 3974 3060 4029 haud
3119 3971 3338 4044 alioqui
3403 3971 3732 4043 prodigum,

2080 4068 2327 4140 pecunia
2358 4082 2549 4122 emere
2591 4080 2941 4120 consensum
2996 4061 3288 4132 pontiﬁcis
3336 4065 3442 4116 aut
3471 4060 3734 4116 cardina-

2080 4157 2226 4212 lium
2261 4158 2318 4212 in
2352 4153 2906 4226 {reconciliationem
2958 4152 3373 4220 Ecclesiarum,
3427 4166 3605 4221 quam
3656 4145 3732 4200 illi

2079 4262 2333 4318 semper,
2369 4248 2433 4299 ut
2462 4243 2638 4299 etiam
2665 4246 2863 4297 noster
2893 4240 3031 4296 alibi
3063 4257 3177 4294 non
3210 4239 3734 4305 dissimulat,sum-

2080 4334 2194 4390 mis
2225 4333 2374 4389 votis
2407 4333 2776 4402 Optaverunt,
2825 4328 2977 4384 ultro
3029 4329 3212 4400 parati
3257 4344 3362 4400 pro
3395 4344 3467 4383 ea
3505 4325 3733 4400 quidvis

2079 4423 2317 4496 pacisci.
2350 4423 2432 4477 Ad
2467 4420 2902 4492 impetrandum
2934 4435 3067 4473 vero
3103 4436 3136 4473 a
3169 4418 3449 4489 pontiﬁce
3483 4422 3546 4472 ut
3567 4417 3729 4471 Caro-

2079 4511 2119 4567 li
2189 4511 2341 4584 regis
2396 4511 2705 4565 adversum
2765 4524 2827 4562 se
2882 4506 3314 4578 expeditionem
3375 4506 3728 4577 prohiberet,

2077 4601 2230 4674 quod
2268 4599 2435 4655 facile
2465 4596 2813 4655 crediderim
2846 4613 2961 4666 prae
3011 4595 3287 4651 omnibus
3328 4594 3592 4651 voluisse
3621 4593 3725 4648 Mi-

2073 4688 2357 4758 chaelem,
2408 4689 2551 4744 satis
2582 4687 2706 4760 ipse
2763 4683 3130 4757 intelligebat
3159 4684 3281 4739 fore
3312 4701 3517 4739 verum
3561 4699 3722 4738 suum

2073 4781 2130 4836 in
2165 4795 2365 4850 pacem
2391 4776 2780 4833 Ecclesiarum
2802 4773 3230 4846 procurandam
3257 4771 3590 4829 declarasse
3609 4776 3723 4827 stu~

2075 4868 2261 4923 dium.
2315 4867 2576 4937 Denique
2627 4865 2720 4920 hic
2769 4867 2997 4919 tantum
3056 4861 3458 4934 qualicunque
3493 4863 3600 4916 ﬁde
3628 4865 3726 4914 Pa-

2075 4957 2376 5029 cbymeres
2408 4955 2663 5010 afﬁrmat
2682 4951 2949 5009 oblatum
2980 4951 3053 5007 ab
3077 4950 3438 5022 imperatore
3469 4951 3722 5008 cardine.

2077 5046 2235 5101 libus
2290 5061 2522 5110 aurum,
2583 5047 2888 5114 acceptum
2939 5041 3012 5096 ab
3069 5039 3141 5094 iis
3201 5055 3320 5095 non
3385 5041 3613 5096 asserit.
3656 5032 3726 5093 Et

2078 5133 2260 5190 fuisse
2291 5134 2516 5188 scimus
2565 5131 2802 5187 aliunde
2836 5129 2936 5184 illo
2983 5145 3098 5183 aevo
3148 5127 3479 5184 cardinales
3509 5129 3728 5201 aliquos

2078 5228 2200 5278 tam
2233 5226 2489 5288 sanctos,
2523 5220 2623 5292 qui
2657 5217 3076 5274 abstinentiam
3100 5216 3374 5284 Fabricii,
3399 5218 3722 5273 Samnitum

2080 5327 2291 5366 aurum
2319 5309 2710 5383 aspernantis,
2737 5306 2797 5362 in
2825 5323 2888 5361 se
2929 5305 3248 5362 desiderari
3300 5323 3416 5363 non
3449 5307 3720 5362 sinerent.

2150 5400 2218 5471 (P
2259 5400 2386 5469 462)
2434 5404 2495 5455 Ρ.
2535 5398 2661 5454 361.
2714 5395 2875 5467 Regii
2921 5393 3354 5451 archidiaconus
3409 5397 3564 5453 cieri.
3614 5398 3732 5448 Ste—

2081 5486 2216 5560 pius
2243 5487 2304 5542 in
2341 5487 2451 5544 hae
2484 5485 2733 5542 historia
2753 5482 3138 5554 Pachymeres
3168 5484 3396 5540 indicat
3429 5485 3604 5540 fuisse
3632 5483 3735 5536 do-

2080 5575 2357 5633 mesticos
2412 5576 2600 5633 cleros
2656 5572 3012 5648 principum.
3070 5571 3163 5628 Sic
3220 5574 3513 5645 superius,
3549 5570 3723 5639 c.22,

2079 5663 2122 5723 1.
2154 5681 2232 5737 ιν,
2265 5665 2470 5724 scribit
2503 5663 2856 5738 Josephum,
2900 5665 3217 5734 antequam
3267 5663 3585 5721 monachus
3611 5659 3720 5715 ﬁe-
