3968 6202
272 292 413 352 1121

1864 294 2094 353 ΝΟΤΕ.

3546 303 3687 364 1122

268 416 645 489 ret,lectoris
678 417 941 474 ofﬁcium
997 416 1327 473 exercuisse
1386 418 1447 473 in
1510 417 1661 474 clero
1722 418 1924 473 dome-
1952 420 2007 486 Α
2105 420 2167 477 Ρ.
2219 421 2345 476 366.
2406 422 2558 490 Quia
2618 422 2963 493 contingebat
3006 424 3290 495 frequenti
3359 432 3680 502 pontiﬁcum

268 509 417 566 stico
440 506 693 564 dominae
724 506 941 562 lrenes.
971 506 1100 561 Haec
1133 505 1244 561 fuit
1273 506 1430 577 prior
1487 523 1631 562 uxor
1657 506 1927 579 {impera-

267 599 417 656 toris
448 595 692 652 Joannis
723 595 893 650 Ducas
934 596 1149 666 saepius
1198 595 1505 650 memorati
1562 595 1621 649 in
1675 595 1925 650 Historia

268 686 500 759 Georgii
525 684 892 757 Acropolitas.
919 685 1013 739 Sic
1028 685 1099 738 de
1122 682 1335 739 Pinaca
1353 683 1711 755 Heracleota,
1735 685 1925 755 capite

264 794 404 832 mox
458 776 553 841 24,
613 774 693 828 ibi
749 777 975 837 narrat,
1036 773 1271 843 quando
1329 772 1380 828 ei
1439 778 1678 844 ereptus
1738 773 1924 827 honor

263 872 378 935 est,
413 865 525 937 ipsi
558 862 779 934 alioqui
825 862 1082 930 debitus,
1136 862 1521 917 consecrandi
1580 861 1923 933 patriarchae

262 954 530 1027 Josephi,
563 953 767 1007 datum
798 951 859 1006 in
891 950 1170 1006 solatium
1231 954 1296 1006 ut
1344 950 1404 1005 in
1461 951 1679 1021 palatio
1740 950 1922 1005 sacris

263 1047 611 1117 speraretur
642 1059 656 1109 ;
690 1057 820 1111 quas
850 1056 963 1110 res,
1010 1045 1074 1095 ut
1120 1039 1333 1095 ibidem
1394 1044 1632 1109 patatur
1691 1039 1923 1110 magnis

262 1130 728 1188 auctoramentis
788 1133 1126 1200 quaestuosa
1181 1133 1325 1183 erat.
1379 1130 1471 1183 Sic
1525 1132 1581 1183 et
1658 1128 1717 1182 in
1769 1126 1923 1184 aulis

263 1223 735 1278 Christianorum
769 1217 1159 1274 Occidentalis
1195 1219 1463 1274 Ecclesiae
1495 1217 1920 1289 imperatorum

270 1328 342 1367 ac
377 1326 575 1382 regum
634 1308 902 1363 videmus
960 1306 1181 1378 templa
1264 1308 1528 1378 ipsorum
1602 1307 1924 1362 domestica

266 1417 416 1457 suos
445 1400 581 1455 item
615 1398 804 1453 cleros
833 1402 890 1452 et
919 1397 1375 1468 omnislordinis
1436 1396 1742 1452 ministros
1794 1397 1922 1467 jam

264 1490 411 1546 olim
443 1487 673 1544 habere.
709 1486 779 1543 Ut
827 1485 897 1540 de
951 1485 1083 1541 aliis
1140 1484 1369 1552 sileam,
1427 1484 1486 1540 id
1548 1485 1768 1556 prolixe
1819 1486 1921 1540 do-

262 1585 355 1635 cet
388 1577 642 1633 Historia
665 1577 893 1631 Sancta
926 1573 1214 1646 Cappellaa
1257 1575 1468 1629 domus
1525 1574 1681 1647 regis
1741 1575 1921 1630 Fran-

264 1668 369 1724 cia
400 1668 627 1722 dudum
661 1664 817 1720 edita
849 1680 1063 1736 magno
1093 1663 1413 1721 volumine.

2034 517 2211 565 morte
2266 512 2408 566 alios
2473 527 2545 566 ea;
2599 510 2732 566 aliis
2779 529 2948 583 papas
3003 514 3145 584 ﬁeri.
3206 516 3343 572 Vere
3403 519 3511 575 hoc
3591 526 3682 579 di-

2034 601 2215 653 ctum.
2257 603 2402 653 Nam
2453 614 2554 669 per
2602 599 2722 654 haec
2775 604 3039 672 tempora
3093 597 3554 681 βραχυϐιώτεροι,
3617 618 3684 668 ut

2032 686 2117 741 sic
2147 686 2378 759 loquar,
2440 704 2620 758 quam
2672 690 2790 744 fere
2851 688 2996 743 alias
3056 690 3299 748 Romani
3373 698 3681 767 pontiﬁces

2033 774 2212 843 fuere,
2250 775 2545 846 siquidem
2577 776 2899 831 Alexander
2930 782 3005 832 IV
3044 795 3145 834 sex
3198 787 3430 840 tantum
3493 802 3679 845 annos

2028 863 2186 931 vixit,
2223 863 2494 919 Urbanus
2527 880 2656 919 vero
2690 865 2761 919 1V
2794 874 2931 932 tres,
2965 883 3069 923 nec
3120 870 3307 927 multo
3359 873 3489 944 plus
3548 876 3678 933 Cle-

2032 970 2200 1010 mens
2232 955 2328 1020 IV,
2362 955 2747 1026 GregoriusX
2776 960 2893 1011 tres
2926 974 3055 1014 cum
3090 960 3359 1032 dimidio,
3389 966 3676 1024 Innocen-

2030 1043 2475 1117 tiuquuatuor
2490 1045 2817 1109 mensibus,
2834 1046 3166 1105 Hadrianus
3182 1053 3338 1109 Vses
3361 1055 3461 1124 qui
3478 1072 3679 1114 mense

2030 1149 2146 1187 non
2176 1136 2320 1199 toto,
2352 1133 2612 1188 Joannes
2670 1135 2807 1189 XXI
2861 1152 3066 1191 novem
3124 1142 3449 1198 mensibus.
3510 1145 3678 1203 Nico-

2031 1221 2162 1276 laus
2184 1222 2258 1277 ΙΙΙ
2294 1238 2406 1277 non
2442 1222 2583 1277 totis
2613 1221 2810 1277 tribus
2845 1224 3035 1279 annis.
3072 1226 3182 1281 Sed
3216 1234 3273 1283 et
3311 1228 3368 1285 in
3403 1231 3512 1287 hoc
3558 1242 3682 1289 erat

2030 1310 2253 1381 aliquid
2292 1327 2410 1381 quo
2470 1311 2650 1366 Graeci
2707 1328 3025 1382 agnoscere
3083 1321 3323 1385 possent
3380 1320 3680 1379 meliorem

2032 1396 2305 1453 Ecclesiae
2363 1398 2755 1454 conditionem
2819 1416 2884 1454 ac
2930 1405 3150 1456 statum
3211 1406 3365 1476 apud
3447 1410 3681 1467 Latinos

2034 1504 2212 1558 quam
2244 1489 2398 1559 apud
2433 1488 2611 1560 ipsos.
2674 1489 2899 1544 Etenim
2955 1506 3091 1545 cum
3138 1492 3337 1549 minus
3396 1496 3512 1552 fere
3556 1515 3685 1555 cre-

2033 1577 2171 1632 bras
2220 1577 2684 1648 patriarcharum
2742 1579 3097 1635 mutationes
3175 1582 3683 1659 Constantinopoli

2034 1665 2400 1738 contingeret
2439 1666 2563 1720 fieri
2611 1682 2789 1737 quam
2848 1684 3134 1737 paparum
3198 1671 3413 1740 Rome,
3474 1676 3683 1732 discri-

342 1780 407 1831 P.
442 1775 565 1830 363.
603 1771 860 1844 Defuncti
888 1772 1131 1827 cadaver
1157 1788 1259 1842 pro
1286 1770 1483 1826 merito
1531 1772 1759 1841 animae,
1812 1774 1920 1827 etc.
1955 1776 2005 1841 B
2036 1772 2170 1811 me“
2201 1763 2322 1810 erat
2378 1760 2618 1844 tamenr
2654 1755 2811 1844 Ψιοά
2856 1773 3017 1828 impaa
3074 1761 3278 1815 mortib
3337 1765 3683 1822 necessitate

266 1866 431 1921 Satis
464 1864 587 1919 haec
619 1867 1019 1918 consentanea
1053 1860 1122 1915 iis
1161 1877 1289 1932 qua:
1340 1860 1544 1915 Franci
1608 1861 1924 1931 scriptores

266 1956 520 2011 tradunt
536 1955 603 2008 de
624 1956 810 2007 morte
827 1952 981 2006 660
995 1955 1051 2006 et
1071 1950 1274 2005 funere
1296 1950 1478 2004 sancti
1502 1950 1654 2021 regis
1674 1950 1927 2005 Ludovi-

266 2044 346 2111 ci,
384 2042 686 2114 exquibus
737 2041 1085 2111 compendio
1141 2038 1311 2094 refert
1362 2039 1715 2109 Spondanus
1769 2055 1924 2094 anno

266 2133 433 2195 1270,
467 2146 630 2185 num.
664 2131 698 2184 4
730 2146 743 2183 :
771 2128 938 2184 Sacra
967 2130 1085 2200 ejus
1116 2144 1244 2183 ossa
1270 2143 1436 2183 carne
1457 2127 1735 2182 denudata
1769 2128 1922 2183 lotio-

260 2238 333 2277 ne
362 2220 749 2289 mundissima,
781 2220 981 2289 pannis
1029 2218 1218 2272 sericis
1274 2232 1399 2271 eum
1445 2218 1790 2273 aromatibus
1848 2216 1927 2271 in-

259 2313 475 2379 voluta,
500 2309 560 2364 in
591 2307 775 2365 locuto
808 2310 1084 2364 reservata
1127 2308 1319 2375 fuisse.
1361 2305 1662 2376 deferenda
1713 2306 1782 2361 ad
1838 2321 1922 2360 ec-

259 2399 495 2457 clesiam
523 2398 578 2453 S.
614 2400 887 2469 Dionysii,
924 2402 1061 2460 etc.,
1101 2395 1338 2451 Carnem
1366 2410 1493 2449 vero
1535 2400 1590 2449 et
1630 2395 1920 2461 intestina,

260 2508 299 2546 a
329 2506 430 2545 suo
461 2491 651 2559 nepote
682 2486 945 2559 Philippo
976 2502 1103 2557 rege
1131 2488 1444 2554 impetrata,
1487 2502 1520 2540 a
1562 2485 1752 2540 Carolo
1803 2485 1923 2555 ejus

261 2582 449 2651 [ratre
507 2576 805 2647 honoriﬁce
864 2578 923 2631 in
982 2574 1235 2631 Siciliam
1291 2573 1496 2643 delata,
1556 2577 1609 2629 et
1683 2576 1924 2644 reposita

265 2671 331 2724 in
380 2667 615 2723 ecalesia
662 2664 854 2722 Montis
904 2664 1152 2738 Regalis,
1209 2661 1538 2718 monasterii
1591 2662 1804 2718 ordinis
1862 2664 1919 2719 S.

268 2754 563 2812 Benedicti
609 2771 774 2827 prope
830 2759 1189 2810 Panormum.
1251 2756 1372 2806 Huc
1415 2753 1652 2823 respicit
1703 2752 1922 2807 mentio

264 2864 303 2902 ει
339 2850 540 2902 nostro
595 2845 745 2900 facta
805 2843 1116 2900 toculorum
1170 2846 1541 2913 pretiosorum
1600 2841 1660 2895 in
1706 2840 1920 2911 plurali

267 2949 560 2989 numero:
594 2933 711 2987 duo
742 2932 898 2988 enim
922 2933 1180 2999 fuerunt,
1215 2947 1465 3003 quorum
1499 2930 1682 2985 altam
1713 2934 1768 2984 Β.
1810 2931 1921 2984 Lu-

267 3022 462 3078 dovici
494 3038 629 3077 ossa
659 3022 715 3076 in
763 3020 1012 3076 Galliam
1073 3025 1304 3092 portata
1359 3023 1521 3087 sunt,
1582 3019 1763 3074 altero
1830 3018 1919 3073 in-

264 3112 491 3168 testina
521 3116 577 3166 et
607 3127 811 3166 carnes
836 3110 895 3165 in
926 3108 1188 3165 Siciliam
1220 3107 1528 3165 translata.

347 3218 405 3273 P.
461 3217 586 3272 365.
646 3216 807 3272 Verti
858 3220 1169 3287 argentum
1228 3215 1425 3270 vivum
1476 3212 1707 3289 ἄργυρον
1761 3210 1924 3288 ὑγρὰν

265 3302 441 3380 χυτόν
475 3304 741 3359 imitatus
776 3304 1499 3375 Aristotelisinterpretes,
1552 3303 1591 3358 1.
1642 3320 1656 3356 ι
1691 3304 1762 3358 De
1808 3303 1931 3357 ani-

269 3412 387 3460 ma,
424 3394 520 3464 qui
554 3393 638 3449 sic
668 3392 869 3448 Latine
902 3393 1156 3448 reddunt
1214 3387 1448 3467 ἄργυρον
1507 3389 1698 3465 χυτόν.
1759 3393 1921 3456 Quod

268 3490 332 3541 et
366 3481 527 3556 ὑγρόν
559 3491 716 3539 recte
749 3500 782 3537 a
805 3488 1003 3539 nostro
1035 3482 1252 3537 dicitur
1283 3498 1297 3539 :
1355 3487 1444 3537 est
1496 3483 1650 3536 enim
1713 3482 1929 3537 humor

270 3574 562 3644 liquidus,
596 3576 653 3627 et
691 3572 872 3643 liquor
915 3580 1177 3637 mternus,
1239 3575 1303 3625 ut
1363 3570 1582 3626 Plinius
1646 3571 1927 3642 loquitur,

274 3663 405 3736 tyat.
442 3664 576 3716 Hist.
613 3661 651 3715 l.
683 3678 885 3728 χχχιι,
916 3678 966 3716 c.
998 3662 1033 3715 6
1068 3665 1124 3715 et
1181 3662 1235 3726 8,
1295 3662 1467 3729 guttis
1510 3661 1686 3715 dividi
1740 3661 1930 3731 facitis

273 3755 328 3807 et
361 3751 576 3806 lubrico
609 3750 833 3822 humore
862 3751 1161 3819 conﬂuens.
1198 3750 1574 3822 Hydrargyri,
1611 3750 1766 3820 quod
1801 3748 1927 3803 vul-

273 3856 419 3913 gare
446 3841 624 3909 hujus
656 3841 736 3894 rei
763 3856 973 3894 nomen
999 3839 1142 3907 scio,
1164 3837 1447 3894 vocabulo
1481 3838 1738 3893 abstinui
1800 3855 1931 3907 pro-

271 3934 476 4000 pterea
507 3929 661 3999 quod
685 3943 817 3983 cum
844 3928 1023 3998 huius
1047 3927 1293 4000 liquoris
1316 3927 1529 3998 duplex
1551 3944 1736 3998 genus
1760 3926 1836 3982 sit
1863 3942 1931 3981 ex

266 4020 460 4075 Plinio
481 4019 729 4085 ibidem,
757 4019 1006 4074 alterum
1035 4018 1581 4087 naturale,alterum
1613 4018 1929 4084 factitium,

267 4110 621 4184 hydrargyri
656 4109 968 4181 appellatio
1001 4111 1219 4180 potius,
1255 4114 1318 4164 ut
1340 4109 1559 4163 ibidem
1585 4108 1837 4163 traditc.
1873 4109 1930 4177 8,

264 4200 493 4257 factitio
518 4201 820 4256 tribuitur.
842 4201 923 4256 De
956 4201 1135 4271 priori
1164 4217 1297 4255 vero
1342 4200 1435 4254 hic
1491 4216 1662 4270 agere
1712 4199 1931 4271 Pachy-

266 4306 521 4358 merem,
553 4292 835 4345 suadetur
859 4307 927 4344 ex
957 4290 1167 4345 effectu
1203 4289 1570 4360 deprimendi
1604 4289 1771 4343 fundi
1806 4305 1930 4343 ma~

266 4383 378 4451 ris,
414 4398 591 4453 quem
626 4381 675 4436 ei
712 4382 915 4436 tribuit
947 4384 1348 4437 consentanea
1395 4379 1468 4434 iis
1530 4397 1657 4452 quae
1715 4381 1785 4435 de
1841 4396 1932 4435 eo-

266 4472 407 4525 dem
442 4469 623 4523 tradit
654 4468 876 4524 Plinius
904 4468 1171 4539 locojam
1205 4468 1466 4539 laudato,
1500 4485 1549 4523 c.
1576 4470 1630 4536 6,
1659 4467 1695 4522 l.
1729 4486 1925 4537 xxxm,

262 4560 368 4615 ubi
403 4559 489 4614 sic
522 4557 805 4613 scribitur
842 4575 856 4614 :
888 4560 980 4613 Est
1013 4563 1063 4613 et
1096 4557 1239 4627 lapis
1267 4556 1329 4610 in
1361 4557 1447 4611 his
1499 4560 1648 4612 venis
1698 4559 1926 4629 (argen-

260 4650 356 4721 ti),
380 4648 544 4718 cujus
574 4650 787 4704 vomica
819 4649 1051 4721 liquoris
1092 4650 1297 4705 (τιενηί
1324 4657 1713 4715 argumentum
1744 4650 1930 4705 vivum

259 4739 605 4811 appellatur,
638 4754 915 4794 venenum
944 4754 1135 4792 rerum
1162 4736 1434 4792 omnium.
1468 4741 1633 4792 Exest
1690 4754 1754 4791 ac
1800 4754 1927 4808 per-

258 4830 484 4899 rumpit
505 4827 769 4883 universa
795 4843 1092 4899 permeans
1126 4828 1249 4882 tabe
1292 4827 1436 4882 dira.
1461 4827 1547 4882 Ita
1570 4826 1669 4881 ille
1699 4845 1712 4895 ;
1772 4827 1927 4882 unde

262 4917 436 4973 facile
469 4921 662 4989 potest
691 4916 940 4988 intelligi
974 4933 1080 4971 cur
1101 4921 1302 4988 aptum
1327 4916 1659 4986 judicatum
1704 4914 1778 4970 sit
1830 4931 1922 4969 ex-

262 5006 495 5061 edendo
528 5006 1081 5078 perrumpendoque
1112 5012 1170 5060 et
1215 5004 1301 5059 sic
1361 5005 1537 5059 altius
1597 5005 1925 5059 excavando

265 5094 453 5148 fundo
478 5098 707 5164 portus,
730 5094 801 5149 de
830 5110 947 5165 quo
980 5092 1075 5147 hic
1118 5092 1461 5159 historicus,
1525 5092 1625 5161 qui
1670 5092 1924 5163 gratiam

266 5182 930 5249 iniissetalectoribus,
965 5183 1015 5238 si
1066 5181 1405 5239 distinctius
1462 5183 1700 5237 modum
1752 5198 1920 5237 enar-

262 5276 477 5338 rasset,
510 5288 625 5343 quo
658 5276 780 5327 haec
828 5272 1128 5343 depressio
1188 5273 1353 5327 fundi
1413 5276 1617 5342 portus
1676 5288 1778 5342 per
1827 5288 1917 5325 ar-

263 5366 513 5434 gentum
547 5361 743 5418 vivum
779 5363 931 5418 facta
960 5366 1066 5417 est.
1097 5360 1383 5417 Credibile
1414 5360 1631 5431 quippe
1682 5365 1775 5415 est
1822 5376 1920 5431 pe-

257 5452 554 5509 culiarem
608 5455 931 5525 quamdam
976 5454 1047 5509 ad
1098 5454 1155 5510 id
1209 5459 1394 5509 artem
1428 5457 1487 5508 et
1534 5456 1721 5507 certas
1778 5453 1922 5508 forte

259 5541 572 5599 machinas
607 5542 924 5614 adhibitos,
958 5559 1092 5614 quae
1118 5543 1333 5616 ignotae
1365 5541 1538 5598 hodie
1590 5540 1734 5608 sint,
1783 5543 1919 5598 usui

261 5630 482 5689 futura:
514 5632 564 5690 si
597 5632 913 5689 scirentur.

2037 1844 2442 1913 mutabantur,
2475 1843 2819 1915 patriarchas
2850 1843 3491 1920 Constantinopolitani
3533 1856 3685 1909 arbi-

2037 1932 2147 1987 trio
2186 1930 2558 2002 imperatoris
2618 1930 3041 1987 amovebantur
3090 1939 3148 1987 et
3206 1937 3685 2008 subrogabantur

2038 2020 2241 2092 Itaque
2272 2019 2474 2091 paucis
2508 2018 2686 2089 hujus
2741 2018 3110 2090 principatus
3168 2023 3342 2079 annis
3398 2027 3675 2083 Arsenias

2036 2128 2172 2166 mox
2197 2110 2305 2165 hoc
2339 2108 2592 2179 relegato
2648 2107 2998 2179 Germanus,
3056 2110 3166 2167 hoc
3223 2113 3462 2170 detruso
3513 2116 3677 2173 Jose-

2035 2200 2211 2272 phus,
2245 2202 2377 2270 post
2399 2198 2579 2252 istum
2614 2198 2945 2266 depositum
2998 2197 3219 2255 Veccus
3279 2202 3517 2259 luerunt
3572 2221 3681 2276 pa-

2032 2286 2321 2343 triarchas.
2346 2285 2419 2341 Ut
2449 2287 2566 2341 tere
2597 2302 2710 2340 non
2777 2284 2974 2341 minus
3031 2286 3301 2344 Michaeli
3355 2290 3677 2365 Palaaologo

2032 2377 2359 2442 conveniat,
2395 2376 2549 2447 quod
2582 2374 2948 2446 Ephrasmius
2991 2376 3047 2431 in
3107 2379 3372 2452 catalogo
3430 2383 3675 2454 patriar-

2032 2466 2277 2522 charum
2308 2464 3011 2535 ConstantinOpolitarum
3052 2466 3123 2521 de
3180 2468 3398 2527 Isaacio
3456 2472 3677 2543 Angelo

2032 2554 2270 2627 scripsit
2301 2570 2316 2610 :

2101 2766 2435 2840 Ἐκκλησίας
2466 2767 2630 2896 feign
2656 2774 3017 2846 κκινουργῶν,
3052 2771 3262 2848 φύρων,

2101 2844 2195 2896 “Ov
2231 2844 2323 2896 μὲν
2355 2853 2545 2896 nemo:
2588 2864 2611 2896 ε
2643 2847 2999 2896 πατοιαογῶν
3033 2841 3085 2896 ἐς
3117 2845 3262 2896 θοόν(

2231 2841 2611 2918 [asyndeto-rcis
2643 2841 2999 2918 πατριαρχῶν
3033 2841 3085 2905 ἐξ
3117 2841 3332 2918 θρόννον,

2102 2916 2201 2971 "0v
2234 2912 2280 2969 δ’
2310 2913 2511 2987 ἐξάγων
2546 2912 2634 2985 αὖ,
2664 2912 2761 2969 nat
2789 2912 2927 2989 μόνῇ
2956 2912 3257 2991 πραιρέσει.

1955 3147 1999 3214 c
2038 3130 2100 3185 P.
2128 3130 2253 3185 368.
2319 3133 2531 3185 Verum
2562 3129 2683 3185 illis
2736 3134 2797 3185 ut
2850 3146 2962 3187 non
3009 3132 3271 3203 placebat
3323 3165 3392 3175 —
3418 3136 3679 3208 principi.

2039 3220 2167 3274 Haec
2199 3222 2255 3274 et
2278 3235 2402 3289 quas
2455 3235 2588 3273 mox
2645 3219 2884 3291 subjicit
2943 3222 3278 3293 superbam,
3354 3222 3681 3295 ingravam,

2038 3313 2446 3363 contumacem
2471 3309 2800 3364 Graecorum
2852 3309 3187 3365 antistitum
3244 3310 3305 3366 in
3364 3313 3684 3369 schismate

2040 3396 2418 3469 pertinaciam
2450 3396 2750 3453 declarant
2784 3418 2798 3467 ;
2833 3414 2980 3469 quos
3011 3406 3069 3454 et
3099 3417 3160 3455 se
3210 3417 3342 3456 cum
3402 3401 3522 3458 illis
3580 3420 3683 3475 pa-

2040 3486 2125 3541 ria
2151 3487 2415 3542 sentiens
2464 3487 2559 3543 hic
2606 3487 2923 3542 historicus
3008 3489 3285 3558 traducit,
3368 3490 3508 3547 dum
3582 3492 3689 3546 ob-

2038 3581 2241 3634 noxios
2293 3576 2539 3648 principi
2596 3578 2695 3632 vili
2753 3578 3170 3645 assentatione,
3245 3585 3448 3636 contra
3522 3598 3682 3636 men-

2038 3675 2157 3723 tem
2194 3672 2251 3721 et
2307 3682 2551 3721 sensum
2610 3666 2912 3731 intimum,
2999 3668 3365 3739 significasse
3441 3670 3522 3725 ait
3571 3671 3684 3725 sibi

2038 3756 2124 3813 vel
2153 3755 2407 3809 maxime
2449 3755 2509 3824 (P
2562 3754 2687 3823 463)
2746 3753 2974 3825 placere
3013 3755 3069 3809 id
3102 3756 3296 3827 ipsum
3330 3774 3362 3811 a
3402 3775 3515 3828 quo
3568 3760 3687 3813 im-

2040 3850 2306 3918 potenter
2334 3844 2725 3898 abhorrebant
2758 3863 2770 3911 ;
2805 3845 2956 3914 quod
2992 3845 3248 3901 immane
3298 3853 3582 3916 quantum
3617 3851 3689 3903 ab

2039 3932 2372 4003 evangelica
2404 3931 2742 3986 sinceritate
2769 3940 2833 3985 ac
2858 3933 3248 4002 generositate
3281 3933 3534 3989 alienum
3573 3941 3683 3992 est.

2111 4022 2257 4077 Ibid.
2292 4022 2351 4075 In
2372 4021 2539 4075 semel
2569 4020 2726 4074 adita
2748 4022 3090 4090 possessione
3144 4023 3497 4078 auctoritatis
3555 4025 3685 4080 inde

2038 4112 2338 4183 pendentis,
2393 4115 2504 4165 etc.
2558 4114 2669 4163 Per
2725 4111 2944 4180 gradus
2993 4110 3062 4164 ad
3120 4111 3294 4165 istam
3339 4112 3683 4184 usurpatio-

2041 4217 2173 4256 nem
2197 4199 2563 4255 auctoritatis
2594 4199 3045 4269 independentis
3110 4200 3287 4255 Graeci
3350 4204 3678 4259 Constanti-

2041 4288 2366 4361 nopolitani
2399 4293 2828 4359 processerunt.
2877 4288 3140 4344 Primum
3182 4290 3412 4361 pertassi
3469 4290 3685 4361 Bysan-

2040 4381 2174 4435 tinaa
2206 4377 2585 4441 humilitatis,
2618 4393 2735 4447 qua
2793 4375 2930 4431 olim
2968 4379 3025 4432 in
3085 4379 3467 4435 ecclesiarum
3527 4383 3682 4438 ordi-

2044 4485 2115 4524 ne
2141 4468 2344 4522 infimo
2378 4464 2811 4536 metropolitam
2846 4466 3096 4521 Heraciaa
3123 4467 3381 4524 Thracias
3428 4473 3684 4543 superio-

2044 4575 2164 4613 rem
2189 4560 2567 4628 agnoverant,
2602 4560 2666 4608 ut
2705 4556 2829 4623 ipse
2880 4557 3021 4610 661
3090 4556 3243 4612 ultra
3299 4559 3686 4632 Pachymeres

2042 4649 2273 4711 fatetur,
2301 4662 2355 4715 p.
2388 4645 2512 4711 305,
2550 4644 2718 4699 facile
2751 4644 3149 4715 impetrarunt
3192 4647 3464 4718 ﬂagranti
3525 4653 3682 4721 apud

2041 4733 2412 4791 Constantini
2462 4733 2655 4803 Magni
2720 4733 2930 4805 gratia,
2963 4739 3027 4789 ut
3073 4735 3131 4790 in
3192 4753 3437 4793 censum
3492 4744 3684 4811 majo-

2040 4840 2170 4880 rum
2222 4820 2622 4891 ecclesiarum,
2675 4838 2801 4893 quaa
2847 4827 3049 4894 postea
3106 4824 3433 4897 frequetius
3494 4830 3675 4900 patri-

2035 4908 2303 4967 archales
2351 4913 2565 4964 vocata:
2624 4914 2784 4977 sunt,
2845 4910 3223 4968 referrentur.
3287 4916 3469 4980 Quem
3519 4934 3681 4974 nemo

2035 5000 2179 5072 ipsis
2234 4998 2514 5053 honorem
2574 4997 2803 5068 invidit,
2857 5002 3045 5072 quoad
3104 5002 3215 5057 sibi
3309 5006 3680 5079 praescriptos

2034 5092 2092 5145 in
2140 5091 2270 5160 ejus
2324 5104 2433 5143 usu
2485 5087 2704 5143 limites
2757 5105 3137 5163 perrumpere
3198 5098 3300 5149 aut
3384 5096 3681 5152 transilire

2034 5193 2173 5235 sunt
2222 5178 2435 5234 conati.
2494 5181 2636 5233 Cum
2690 5179 2849 5234 enim
2903 5197 3068 5237 sacra
3121 5183 3355 5239 Nicaeus
3421 5187 3681 5257 synodus

2032 5266 2393 5338 locumipsis
2424 5270 2699 5337 quartum
2761 5267 2913 5323 inter
2969 5269 3231 5343 quinque
3285 5274 3536 5343 majores
3585 5291 3679 5329 as~

2032 5360 2345 5431 signasset,
2380 5354 2489 5426 ipsi
2521 5371 2756 5427 aequum
2788 5365 3092 5415 censentes
3148 5378 3363 5418 novam
3424 5362 3670 5416 Romam

2032 5452 2123 5503 est
2152 5443 2381 5517 imperii
2416 5444 2615 5499 sedem
2648 5444 2893 5501 alteram
2947 5448 3121 5504 etiam
3164 5449 3221 5503 in
3280 5448 3678 5506 ecclesiastica

2030 5535 2314 5608 dignitate
2342 5530 2579 5604 ἆμὲσως,
2612 5534 2905 5590 admoveri
2938 5536 3133 5592 Romae
3164 5537 3341 5593 veteri
3371 5537 3518 5592 nihil
3551 5554 3668 5595 non

2031 5625 2343 5682 moverunt
2391 5638 2507 5692 quo
2565 5627 3017 5694 assequerentur
3071 5628 3136 5681 ut
3186 5625 3577 5686 Alexandrino
3624 5636 3680 5691 et
