3968 6202
314 272 454 332 1123

1358 259 1422 312 P.
1463 251 1736 311 Ροεεικι
1774 245 2386 308 OBSERVATIONUM
2419 251 2552 307 LIB.
2595 255 2670 309 II.

3576 253 3704 311 1121

304 395 670 455 Antiocheno
691 386 1057 462 patriarehis,
1093 396 1345 455 quorum
1380 379 1477 435 ille
1511 375 1806 432 secundus
1845 373 1942 428 hic
1973 373 2029 440 Α
2066 375 2261 441 tumm,
2303 391 2404 430 nec
2459 376 2773 448 priviIegiis
2831 378 3143 449 antiquitus
3192 377 3470 434 institutis
3519 386 3708 434 metro-

306 491 514 548 tertius
546 503 578 540 a
608 485 867 538 Romano
926 472 1257 549 patriarcha
1287 473 1358 528 ab
1418 471 1578 527 omni
1633 474 1788 525 retro
1837 482 1941 522 au-

307 578 576 650 tiquitate
641 567 933 625 numerati
996 567 1256 631 fuerunt,
1335 562 1948 650 praponereuturtet

306 643 634 724 secundum
668 658 932 730 protinus
961 673 992 710 a
1050 670 1205 725 papa
1257 649 1624 707 auctoritatis
1673 643 1946 702 ecclesia-

309 756 464 812 sticas
491 750 738 824 gradum
780 747 1138 802 insisterent.
1200 746 1387 812 Atque
1430 742 1536 796 hoc
1593 739 1790 810 ipsum
1844 751 1946 806 pa-

307 844 424 900 lam
456 843 640 914 primo
674 843 866 909 petere
899 852 1013 889 non
1047 832 1196 898 ausi,
1249 835 1480 886 tantum
1515 827 1950 914 expugnarunt,

312 911 487 990 suum
518 927 671 984 nacti
711 932 944 996 tempus
1004 938 1117 994 quo
1177 925 1322 976 erat.
1386 911 1951 984 Constantinopolim

311 1039 465 1080 anno
495 1017 706 1076 Christi
740 1016 834 1070 381
893 1013 1154 1086 synodus
1209 1014 1430 1078 coacta,
1482 1012 1545 1062 ut
1602 1006 1672 1061 ab
1725 1020 1793 1059 ea
1850 1003 1952 1086 de.

313 1113 692 1169 cernerentur
721 1103 844 1161 sedi
875 1084 1529 1170 Constantinopolitanzs
1582 1093 1648 1147 τὰ
1696 1084 1956 1166 πρεσϐεῖα

311 1207 411 1270 τῆς
439 1199 628 1270 τιμῆς.
681 1196 742 1250 Id
777 1190 1095 1248 universim
1147 1192 1203 1244 et
1233 1187 1509 1258 ambigue
1539 1184 1759 1238 dictum
1821 1195 1956 1270 cum

313 1269 778 1360 longotempore
808 1295 979 1335 nemo
1011 1282 1275 1349 putasset
1332 1274 1621 1346 pertinere
1661 1272 1732 1360 ad
1783 1269 1957 1360 abro-

315 1357 610 1451 gationem
641 1369 858 1426 Niczsni
889 1365 1151 1432 canonis,
1188 1380 1303 1436 quo
1353 1368 1496 1428 erat,
1557 1364 1623 1415 ut
1681 1357 1957 1425 diximus,

317 1472 612 1534 secundus
659 1473 716 1524 et
760 1466 967 1521 tertius
1026 1481 1059 1518 a
1108 1463 1372 1517 Romana
1434 1460 1571 1515 sede
1653 1453 1962 1527 dignitatis

316 1564 480 1621 locus
536 1556 929 1618 Alexandrino
987 1558 1044 1609 et
1114 1551 1474 1608 Antiocheno
1550 1546 1777 1604 thronis
1855 1543 1962 1598 rite

317 1651 601 1714 sancitus,
659 1646 895 1701 tandem
954 1643 1013 1696 in
1068 1637 1488 1698 Calcedonensi
1552 1651 1768 1708 magna
1831 1649 1961 1702 syn-

312 1742 424 1799 odo
450 1736 746 1795 Anatolius
769 1728 1452 1800 Coustantinopolitanus
1484 1724 1814 1798 patriarcha
1841 1739 1964 1777 ma-

319 1848 432 1904 gno
464 1827 691 1884 ambitu
723 1822 998 1889 obtinuit,
1034 1821 1253 1874 frustra
1291 1815 1748 1904 reclamantibus
1806 1811 1964 1904 sedis

323 1899 653 1991 apostolica:
677 1911 905 1984 legatis,
937 1918 998 1965 ut
1028 1912 1386 1964 statueretur
1427 1899 1964 1972 Constantinopoli-

317 2014 471 2066 tane
506 2006 628 2061 sedi
688 2002 946 2075 primum
1009 2003 1142 2071 post
1191 1997 1514 2051 Romanam
1586 1993 1778 2047 locum
1811 2005 1965 2060 esse

317 2095 720 2156 tribuendum.
750 2095 874 2157 Qua
906 2090 978 2144 de
1011 2105 1070 2143 re
1096 2087 1282 2143 factus
1315 2084 1524 2140 certior
1555 2086 1796 2138 sanctus
1855 2084 1964 2134 Leo

322 2205 463 2254 tune
497 2191 757 2266 pontifex
809 2188 1110 2242 Romanus
1168 2180 1641 2254 intempestivam
1699 2177 1970 2233 ambitio-

324 2302 458 2344 nem
492 2282 646 2338 haud
685 2274 1077 2351 perfunctorie
1108 2272 1346 2342 retudit,
1397 2269 1634 2342 scriptis
1691 2269 1760 2322 ad
1811 2269 1965 2322 Ana—

329 2375 534 2430 tolium
571 2368 802 2430 litteris,
833 2366 1051 2437 quibus
1110 2363 1195 2418 sic
1249 2361 1419 2417 illum
1475 2360 1784 2429 increpat:
1846 2358 1970 2411 Post

324 2464 428 2519 illa
461 2464 643 2530 itaque
668 2455 1045 2513 ordinationis
1091 2454 1204 2507 tuae
1258 2465 1368 2506 non
1429 2447 1706 2519 inculpata
1763 2445 1966 2517 princi-

326 2569 443 2622 pia,
475 2557 594 2620 post
623 2544 1091 2600 consecrationem
1121 2539 1447 2595 Antiocheni
1487 2534 1746 2607 episcopi,
1806 2550 1973 2606 quam

326 2639 541 2696 tibimet
584 2643 777 2691 contra
822 2631 1146 2686 canonicam
1200 2627 1450 2698 regulam
1507 2626 1827 2690 vindicasti,
1876 2623 1971 2678 do-

333 2730 413 2785 leo
443 2725 608 2783 etiam
643 2726 703 2779 in
733 2724 832 2778 hoc
881 2717 1233 2775 dilectionem
1279 2725 1434 2771 tuam
1498 2730 1609 2769 esse
1661 2714 1975 2786 prolapsam

326 2825 386 2875 ut
432 2814 842 2872 sacratissimas
894 2809 1252 2865 Nicanorum
1305 2820 1579 2860 canonum
1629 2802 1971 2858 constitutio-

328 2924 422 2964 nes
454 2901 731 2962 conareris
759 2900 1094 2970 infringere,
1116 2899 1380 2966 tanquam
1433 2902 1730 2966 Opportune
1773 2908 1834 2946 se
1875 2890 1977 2945 tibi

335 3000 432 3054 hoc
457 3006 663 3064 tempus
692 2990 958 3047 obtulerit
1009 3003 1114 3058 quo
1171 2985 1408 3042 secundi
1465 2983 1685 3039 honoris
1745 2982 1978 3049 privile-

209 3070 226 3081 ’
332 3089 486 3156 gium
543 3082 688 3139 sedes
736 3076 1114 3135 Alexandrina
1177 3073 1480 3146 perdiderit
1533 3081 1583 3127 et
1632 3071 1977 3127 Antiochena

329 3176 571 3234 Ecclesia
603 3172 995 3243 praprietatem
1027 3169 1204 3220 tertiae
1247 3162 1537 3232 dignitatis
1585 3162 1858 3228 amisiril,
1919 3165 1978 3217 ut

335 3266 420 3320 his
454 3261 583 3319 locis
604 3261 726 3331 juri
753 3273 848 3313 suo
879 3255 1113 3310 subditis
1153 3269 1335 3309 omnes
1389 3250 1804 3321 metropolitani
1859 3254 1977 3321 epi-

339 3354 492 3422 scopi
548 3349 770 3418 pr0prio
820 3346 1025 3400 honore
1074 3341 1382 3412 priventur.
1448 3339 1653 3407 Quibus
1702 3341 1979 3396 inauditis

335 3448 390 3498 et
428 3453 674 3509 unquam
705 3438 830 3490 ante
861 3430 1085 3487 tentatis
1126 3430 1207 3484 ita
1261 3430 1593 3499 praeveniris
1647 3431 1980 3500 excessibus,

344 3543 405 3588 ut
427 3532 679 3585 sanctam
708 3525 1002 3596 synodum,
1036 3519 1106 3575 ad
1134 3519 1592 3589 exstinguendam
1641 3520 1822 3574 solum
1872 3521 1985 3577 hee-

350 3621 519 3677 resim
574 3620 624 3672 et
681 3615 766 3670 ad
822 3609 1271 3680 conﬁrmationm
1347 3609 1476 3678 ﬁdei
1527 3607 1812 3666 catholicae
1867 3617 1986 3666 stu-

348 3711 440 3766 dio
473 3701 933 3762 (:hirstianissimi
952 3700 1221 3772 principis
1249 3702 1658 3769 congregatum,
1717 3699 1778 3753 in
1834 3716 1987 3756 oeca-

347 3814 559 3857 szonem
589 3795 829 3850 ambitus
883 3789 1094 3853 trahas,
1133 3792 1188 3844 et
1244 3797 1304 3843 ut
1359 3787 1774 3843 conniventiam
1830 3807 1989 3846 suam

347 3889 453 3946 tibi
480 3887 565 3942 det
589 3883 869 3951 impellas,
901 3884 1174 3949 tanquam
1202 3879 1445 3948 ra/utari
1475 3887 1708 3948 nequeat
1740 3881 1888 3949 quod
1915 3879 1989 3934 il-

349 3982 498 4035 licile
553 3973 788 4032 voluerit
833 3969 1152 4032 multitudo,
1209 3974 1261 4022 et
1316 3967 1419 4021 illa
1475 3968 1839 4022 Nicanorum
1897 3984 1992 4023 ca-

349 4081 552 4123 nonum
598 4079 692 4132 per
745 4057 1018 4131 Spiritum
1077 4070 1202 4110 vere
1245 4061 1494 4109 sanctum
1551 4053 1804 4109 ordinata
1862 4071 1989 4111 con-

349 4156 486 4212 ditio
544 4154 605 4207 in
659 4149 852 4220 aliqua
907 4161 1154 4216 unquam
1206 4145 1277 4198 sit
1332 4147 1487 4214 parte
1537 4143 1810 4210 solubilis,
1881 4150 1990 4216 etc,

351 4250 547 4322 Pergit
579 4247 733 4302 enim
781 4244 858 4298 ibi
920 4244 1046 4298 fuse
1104 4241 1164 4296 S.
1227 4241 1486 4312 pontifex
1545 4240 1667 4312 pari
1707 4242 1994 4311 gravitate

353 4354 529 4411 prave
559 4338 895 4390 attentatem
923 4331 1210 4401 castigere
1241 4329 1574 4384 novitatem.
1602 4337 1682 4383 Ac
1714 4331 1990 4399 quoniam

353 4427 637 4482 Anatolus
695 4421 806 4477 sibi
864 4421 1152 4475 faventem
1204 4417 1829 4487 Constantinopolitani
1891 4437 1988 4474 su-

353 4534 459 4587 pra
506 4512 810 4568 memorati
856 4508 1100 4564 canonis
1158 4507 1697 4577 interpretationem
1749 4507 1992 4564 ambitio

351 4606 410 4660 in
444 4603 596 4659 662
619 4618 738 4656 suae
771 4599 1188 4672 praetendebat,
1209 4596 1365 4652 hunc
1385 4601 1725 4667 praetextum
1751 4596 1832 4652 sic
1856 4615 1996 4670 pau-

351 4695 408 4750 lo
445 4698 573 4766 post
602 4692 912 4746 submovet
943 4706 957 4743 :
991 4687 1349 4744 Persuasioni
1377 4685 1529 4742 enim
1552 4701 1670 4743 suae
1724 4686 1785 4741 in
1840 4688 1994 4744 nullo

352 4785 572 4856 penitus
645 4782 984 4851 suﬂragatur
1029 4776 1392 4849 quorumdam
1433 4775 1812 4847 episcoporum
1894 4794 1994 4832 an-

353 4882 406 4930 te
434 4869 746 4940 sexaginta,
775 4877 835 4923 ut
861 4869 1054 4937 iactas,
1088 4881 1260 4921 annos
1287 4868 1437 4936 facta
1466 4865 1794 4936 subscriptio
1849 4884 1996 4922 nun-

356 4977 629 5035 quamque
660 4975 692 5012 a
726 4953 1214 5029 praedecessor-ibus
1246 4953 1356 5009 tuis
1386 4951 1456 5007 ad
1485 4953 1802 5024 apostolicae
1851 4956 1999 5012 sedis

353 5051 688 5109 transmissa
715 5045 973 5102 notitiam
1004 5043 1101 5114 qui
1133 5045 1204 5098 ab
1237 5043 1404 5098 initio
1439 5058 1552 5096 suae
1608 5042 1830 5100 caduca:
1887 5047 1998 5100 du-

355 5143 590 5212 dumque
640 5135 894 5206 collapsz
949 5149 1073 5188 sera
1126 5147 1275 5186 nunc
1330 5134 1383 5186 et
1440 5131 1675 5185 inutilia
1731 5133 2001 5203 subjicere

354 5233 596 5303 fomenta
625 5223 865 5291 voluisti,
889 5220 1157 5276 eliciendo
1186 5237 1219 5276 a
1257 5219 1529 5286 fratribus
1585 5218 1820 5290 speciem
1875 5239 2000 5278 con-

355 5317 652 5384 sensionis,
681 5330 844 5387 quam
876 5309 980 5366 tibi
1007 5309 1067 5363 in
1127 5325 1291 5364 suam
1342 5307 1614 5377 injuriam
1671 5313 2001 5366 verecundia

359 5411 599 5484 fatigata
625 5404 908 5478 praeberet.
942 5400 1080 5455 Post
1109 5414 1235 5468 quis
1259 5395 1428 5468 quasi
1463 5398 1812 5451 sententiam
1861 5415 1999 5469 pro-

361 5508 643 5564 nuntians
674 5501 945 5558 ultimam
978 5502 1035 5554 et
1063 5496 1229 5552 litem
1265 5493 1584 5548 decretorie
1630 5492 1862 5563 finiens,
1885 5496 2001 5554 hac

365 5597 528 5653 addit
559 5611 574 5650 :
606 5595 723 5650 lion
753 5590 1149 5649 convellantur
1180 5581 1610 5659 provincialium
1630 5583 1765 5654 jura
1790 5584 2001 5657 prima-

2063 464 2306 532 politani
2357 465 2694 537 fraudentur
2754 468 3054 524 antistites.
3111 467 3267 526 Nihil
3327 469 3709 525 Alexandrina

2063 552 2205 619 sedi,
2239 570 2405 625 quam
2430 572 2530 627 per
2551 561 2801 613 sanctam
2832 562 3092 614 Marcum
3131 558 3533 628 evangelistam
3582 558 3713 616 beati

2066 643 2220 696 Petri
2246 642 2581 715 discipulum
2609 649 2834 717 meruit,
2863 652 3054 718 pereat
3083 647 3396 717 dignitatis,
3422 663 3526 703 nec
3556 648 3707 704 Dios-

2067 749 2186 790 coro
2218 733 2524 806 impietatis
2551 753 2673 796 suae
2727 739 3043 810 pertinacia
3099 744 3406 808 corruente,
3463 741 3713 811 splendor

2070 828 2235 879 tanta
2260 826 2507 882 Ecclesiae
2537 829 2779 883 tenebris
2808 830 3132 885 obscuretur
3160 830 3384 885 alienis.
3433 829 3522 902 (P.
3593 831 3710 902 464)

2069 914 2406 970 Antiochena
2435 933 2643 987 quoque
2699 919 2959 985 Ecclesia,
3016 920 3075 974 in
3115 935 3224 990 qua
3259 918 3508 989 primum
3565 936 3709 992 prce-

2071 1002 2287 1059 dicante
2309 1004 2465 1061 beato
2520 1008 2758 1077 apostolo
2817 1009 2980 1064 Petro
3050 1007 3442 1064 Christianum
3520 1025 3708 1064 nomen

2072 1097 2326 1149 exortum
2356 1100 2458 1161 est,
2488 1098 2548 1150 in
2577 1105 2824 1166 paternae
2862 1097 3278 1153 constitutionis
3331 1096 3542 1154 ordine
3604 1114 3718 1168 per-

2069 1193 2296 1250 severet,
2327 1188 2380 1238 et
2434 1184 2498 1239 in
2553 1185 2729 1255 gradu
2788 1186 2949 1243 tertio
3007 1187 3272 1242 collocata
3326 1203 3620 1258 nunquam
3668 1203 3720 1241 se

2074 1272 2172 1342 ﬁat
2201 1272 2449 1343 inferior.
2515 1274 2626 1330 Nec
2685 1279 3000 1332 contentus
3053 1280 3295 1332 sanctus
3355 1275 3469 1330 Leo
3531 1274 3720 1347 ipsum

2075 1371 2408 1426 Anatolium
2459 1373 2836 1444 redarguere,
2913 1374 3149 1447 scripsit
3206 1374 3276 1429 ad
3362 1373 3720 1429 Marcianum

2075 1458 2409 1529 Augustum
2439 1459 2730 1516 instanter
2750 1477 2924 1516 orans
2943 1466 3009 1517 ut
3029 1461 3439 1517 auctoritatem
3463 1477 3573 1533 ope
3585 1476 3728 1515 ram-

2079 1561 2188 1616 que
2243 1564 2412 1602 suam
2471 1547 2869 1621 interponeret
2933 1551 3004 1606 ad
3068 1550 3456 1606 coercendum
3520 1553 3724 1605 Anato-

2077 1637 2224 1691 lium
2259 1653 2331 1691 ne
2389 1637 2474 1693 sic
2530 1639 2590 1693 in
2650 1639 2857 1695 illicita
2918 1639 3234 1712 prosiliret.
3295 1640 3375 1694 Ex
3433 1640 3551 1695 ista
3614 1641 3724 1711 epi-

1993 1746 2043 1812 B
2083 1725 2250 1794 stola,
2284 1741 2433 1797 quas
2459 1727 2618 1781 in‘ad
2646 1727 2807 1784 Com.
2838 1729 2908 1781 57
2940 1733 3312 1795 numeratur,
3363 1744 3626 1800 quasque
3677 1729 3726 1782 in

2085 1815 2289 1887 synodi
2322 1814 2583 1870 Romana
2639 1817 2750 1872 sub
2797 1816 3094 1872 Bonifacio
3157 1816 3209 1872 II
3293 1817 3366 1872 ab
3429 1815 3730 1872 Holstenio

2081 1905 2238 1960 edita
2270 1921 2401 1976 pag.
2437 1906 2536 1959 107
2563 1909 2619 1961 et
2649 1922 2772 1977 seq.
2833 1905 3070 1978 legitur,
3150 1905 3274 1960 haec
3329 1911 3467 1960 sunt
3497 1922 3515 1960 :
3583 1903 3734 1977 Apud

2085 1993 2461 2049 Christianum
2489 1998 2541 2048 et
2571 2011 2692 2050 vere
2720 1993 3037 2064 religiosum
3083 2010 3310 2066 vereque
3363 1993 3730 2048 orthodoxam

2080 2085 2387 2154 principem
2416 2084 2628 2154 loquor.
2664 2084 2904 2142 Multum
2933 2084 3229 2138 Anatolius
3269 2084 3566 2154 episcopus
3614 2098 3733 2153 pro-

2081 2171 2206 2244 prio
2227 2171 2468 2227 detrahit
2492 2175 2712 2238 merito,
2745 2175 2795 2228 si
2833 2172 3033 2229 illicito
3086 2187 3328 2228 crescere
3384 2174 3537 2243 optat
3604 2188 3729 2241 aug-

2086 2269 2292 2317 mento.
2324 2261 2546 2328 Habeat,
2599 2264 2741 2318 sicut
2786 2267 3068 2331 optamus,
3115 2259 3736 2332 Coactantinopolitana

2087 2351 2280 2406 civitas
2323 2351 2562 2419 gloriam
2600 2368 2782 2418 suam,
2815 2367 2880 2406 ac
2933 2361 3251 2422 protegente
3321 2349 3563 2405 dextera
3646 2349 3738 2404 Dei

2087 2439 2354 2495 diuturno
2387 2439 2694 2498 clementiae
2741 2444 2938 2497 vestrm
2999 2442 3233 2510 fruatur
3291 2441 3560 2508 imperio.
3621 2440 3736 2493 Atia

2090 2537 2270 2585 tamen
2302 2528 2447 2584 ratio
2473 2533 2549 2584 est
2579 2544 2766 2584 rerum
2788 2528 3170 2596 saecularium,
3220 2529 3339 2583 alia
3395 2527 3736 2597 divinarum,

2091 2643 2188 2681 nec
2214 2631 2424 2697 praeter
2451 2627 2612 2682 illam
2642 2630 2896 2695 Petram,
2952 2644 3120 2698 quam
3177 2627 3445 2682 Dominus
3505 2628 3570 2680 in
3617 2627 3740 2696 fun-

2091 2716 2344 2773 damento
2369 2717 2577 2788 posuit,
2622 2718 2838 2774 stabilis
2882 2717 2991 2774 erit
3036 2719 3198 2772 nulla
3226 2715 3565 2774 constructio
3623 2731 3742 2787 pro-

2094 2806 2238 2878 pria.
2304 2806 2497 2862 Perdit
2546 2809 2644 2878 qui
2693 2806 2946 2862 indebita
2999 2808 3360 2878 concupiscit.
3449 2805 3600 2861 Satis
3673 2812 3745 2859 est

2092 2895 2238 2966 quod
2267 2895 2528 2966 prmdicto
2559 2904 2754 2953 vestrae
2781 2895 3012 2967 pietatis
3041 2898 3287 2965 auxilio,
3338 2902 3393 2952 et
3449 2898 3568 2950 mei
3624 2895 3744 2966 fasso

2095 2987 2174 3040 ris
2205 3001 2452 3051 assensu,
2475 2984 2847 3057 episcopatum
2899 2989 3080 3042 tanta?
3139 2985 3292 3041 urbis
3337 2984 3604 3041 obtinuit.
3637 2984 3748 3038 Non

2096 3073 2424 3142 dedignetur
2445 3073 2659 3144 regiam
2688 3073 2988 3139 civitatem,
3020 3091 3186 3146 quam
3214 3075 3592 3142 apostolicum
3642 3089 3747 3128 non

2097 3169 2270 3234 potest
2297 3166 2480 3233 facere
2537 3162 2764 3218 sedem:
2803 3179 2907 3218 nec
2952 3163 3064 3219 ullo
3119 3170 3301 3234 speret
3361 3164 3549 3231 modo,
3608 3160 3747 3235 quod

2094 3267 2191 3323 per
2241 3252 2486 3306 aliorum
2538 3255 2713 3323 possit
2764 3253 3084 3323 offensiones
3129 3252 3350 3324 augeri.
3437 3251 3746 3319 Privttegia

2095 3341 2247 3396 enim
2279 3341 2646 3396 Ecclesiarum
2674 3345 2994 3396 sanctorum
3031 3343 3261 3397 Patrum
3291 3343 3607 3397 canontbus
3659 3341 3746 3393 in-

2098 3434 2290 3500 stitua,
2314 3440 2368 3485 et
2400 3429 2733 3486 venerabilis
2775 3429 3014 3486 Nicaeam
3064 3431 3265 3502 synodi
3321 3433 3441 3501 ﬁxa
3497 3431 3743 3495 demtis,

2100 3530 2258 3586 nulla
2291 3535 2515 3600 possunt
2572 3528 2930 3599 improbitate
2980 3531 3233 3598 convelli,
3278 3528 3456 3584 nulla
3513 3527 3752 3584 novitate

2103 3619 2333 3675 mutari.
2366 3619 2428 3673 In
2448 3633 2552 3688 quo
2607 3617 2788 3686 odere,
2847 3617 3162 3673 auxiliante
3213 3618 3453 3685 Christo,
3513 3617 3744 3687 ﬁdeliter

2105 3707 2464 3778 exsequendo,
2506 3721 2719 3761 necesse
2746 3713 2825 3760 est
2870 3722 2959 3761 me
3001 3711 3445 3778 perseverantem
3503 3706 3756 3762 exhibere

2104 3797 2462 3869 famulatum,
2511 3796 2778 3867 quoniam
2828 3795 3167 3868 dispensatio
3210 3797 3356 3850 mihi
3395 3795 3612 3851 credita
3656 3802 3745 3860 est,

2106 3896 2159 3944 et
2213 3885 2285 3940 ad
2332 3901 2419 3941 me
2474 3884 2653 3939 tendit
2709 3889 2944 3951 reatum,
2999 3887 3050 3940 si
3100 3888 3468 3956 paternarum
3547 3885 3755 3954 regula?

2107 3973 2617 4046 sanctionum,quz
2643 3972 2706 4028 in
2741 3973 2950 4043 synodo
2999 3973 3243 4030 Nicmna
3297 3973 3370 4028 ad
3433 3975 3602 4029 totius
3656 3973 3752 4026 Ec-

2107 4063 2297 4122 clesiae
2326 4063 2574 4134 regimen
2616 4061 2825 4133 spiritu
2874 4061 2972 4118 Dei
3017 4064 3325 4118 instruente
3379 4067 3517 4117 sunt
3565 4061 3746 4117 condi-

2108 4161 2199 4222 tae,
2232 4168 2339 4218 me,
2374 4151 2524 4222 quod
2551 4152 2719 4215 absit,
2751 4153 3073 4208 connivente
3118 4153 3418 4216 violentur,
3471 4157 3528 4206 et
3584 4153 3756 4223 major

2108 4245 2158 4298 si
2193 4241 2348 4312 apud
2397 4256 2479 4296 me
2534 4241 2703 4296 unius
2744 4242 2944 4311 fratris
2991 4242 3250 4297 voluntus
3305 4257 3480 4313 quam
3537 4241 3757 4296 univer-

2108 4346 2184 4386 sae
2233 4330 2423 4385 domus
2479 4330 2700 4386 Domini
2778 4332 3085 4386 communis
3173 4329 3407 4385 utilitas.
3493 4331 3556 4385 Et
3638 4331 3756 4384 ideo

2109 4422 2281 4476 sciens
2310 4419 2609 4488 gloriosam
2663 4420 3013 4476 clementiam
3068 4429 3308 4476 vestram
3365 4418 3756 4476 ecclesiastica

2107 4514 2326 4566 studere
2355 4510 2507 4564 663
2539 4509 2866 4577 concordiae,
2927 4514 2981 4565 et
3023 4509 3108 4565 his
3155 4527 3276 4582 qua
3328 4511 3582 4582 paciﬁca
3626 4524 3755 4563 con-

2110 4602 2319 4668 gruunt
2403 4599 2609 4653 unitati
2675 4597 2991 4670 piissimum
3064 4607 3334 4670 praestare
3412 4614 3755 4660 consensum,

2108 4712 2299 4768 precor
2327 4700 2377 4751 et
2420 4695 2613 4751 sedula
2663 4698 3005 4767 suggestione
3062 4713 3152 4753 vos
3199 4696 3440 4762 obsecro,
3499 4700 3561 4750 ut
3595 4709 3762 4750 ausus

2113 4785 2409 4857 improbos,
2441 4784 2652 4842 unitati
2695 4786 3041 4842 Christianae
3067 4784 3301 4857 pacique
3328 4785 3661 4848 contrarios,
3693 4783 3761 4837 ab

2113 4875 2267 4932 omni
2300 4876 2521 4944 pietatis
2577 4885 2781 4932 vestra?
2834 4873 3108 4931 addicetis
3164 4889 3415 4941 assensu,
3466 4877 3518 4929 et
3568 4873 3764 4944 fratris

2115 4965 2227 5020 mei
2255 4962 2498 5019 Anatolii
2521 4965 2828 5020 nocituram
2875 4965 3000 5035 ipsi,
3055 4967 3104 5019 si
3154 4963 3483 5036 perstiterit,
3539 4960 3763 5031 cupidi-

2116 5057 2284 5116 tatem
2314 5053 2627 5120 salubriter,
2655 5052 3050 5125 comprimatis.
3083 5052 3377 5108 Annuisse
3399 5069 3569 5124 porro
3621 5067 3762 5105 san-

2115 5141 2194 5197 eti
2223 5140 2432 5196 Leonis
2481 5141 2772 5212 postulata
2829 5141 3187 5198 Marcianum
3245 5145 3578 5212 Augustum
3627 5138 3758 5210 ipse

2116 5235 2356 5286 sanctus
2396 5234 2507 5286 Leo
2540 5229 2855 5302 signiﬁcat,
2887 5230 3002 5285 alia
3035 5234 3166 5301 post
3193 5229 3266 5285 ad
3309 5229 3581 5284 eumdem
3631 5226 3759 5298 epi-

2117 5324 2272 5376 stota
2305 5318 2544 5390 scripta,
2577 5335 2705 5390 quae
2755 5319 2907 5374 inter
2957 5319 3167 5388 editas,
3229 5317 3481 5390 opinior,
3528 5317 3595 5369 60
3639 5322 3754 5382 est,

2116 5414 2175 5465 et
2197 5409 2447 5464 refertur
2477 5407 2536 5462 in
2562 5407 2918 5464 Collectione
2966 5407 3230 5464 Romana
3279 5404 3559 5462 Holstenii
3615 5421 3652 5458 a
3704 5421 3761 5474 μ.

2117 5498 2242 5554 427.
2269 5496 2530 5568 Incipit:
2575 5496 2910 5554 Litterarum
2966 5497 3274 5553 clementiae
3317 5504 3516 5552 vestra
3566 5494 3762 5548 multi-

2117 5586 2246 5658 plex
2264 5587 2447 5658 gratia
2492 5585 2677 5642 debita
2723 5603 2759 5641 a
2811 5602 2898 5641 me
2954 5587 3308 5644 veneratione
3354 5585 3598 5656 suscepta
3653 5590 3760 5648 est,
