  <div class='ocr_page' id='page_1' title='image "/cluster/home/n/w/nwhite01/storage/ocr_20150623/143/hvd.32044073502585/568.png"; bbox 0 0 3968 6202; ppageno 0'>
   <div class='ocr_carea' id='block_1_1' title="bbox 290 281 437 340">
    <p class='ocr_par' dir='ltr' id='par_1_1' title="bbox 290 281 437 340">
     <span class='ocr_line' id='line_1_1' title="bbox 290 281 437 340; baseline -0.02 0"><span class='ocrx_word' id='word_1_1' title='bbox 290 281 437 340; x_wconf 82' lang='grc'><strong>1125</strong></span> 
     </span>
    </p>
   </div>
   <div class='ocr_carea' id='block_1_2' title="bbox 1886 284 2115 341">
    <p class='ocr_par' dir='ltr' id='par_1_2' title="bbox 1886 284 2115 341">
     <span class='ocr_line' id='line_1_2' title="bbox 1886 284 2115 341; baseline 0.009 -2"><span class='ocrx_word' id='word_1_2' title='bbox 1886 284 2115 341; x_wconf 73' lang='grc' dir='ltr'><em>ΝΟΤΕ.</em></span> 
     </span>
    </p>
   </div>
   <div class='ocr_carea' id='block_1_3' title="bbox 3564 297 3707 355">
    <p class='ocr_par' dir='ltr' id='par_1_3' title="bbox 3564 297 3707 355">
     <span class='ocr_line' id='line_1_3' title="bbox 3564 297 3707 355; baseline 0.014 -2"><span class='ocrx_word' id='word_1_3' title='bbox 3564 297 3707 355; x_wconf 80' lang='grc'><strong>1126</strong></span> 
     </span>
    </p>
   </div>
   <div class='ocr_carea' id='block_1_4' title="bbox 279 406 3698 492">
    <p class='ocr_par' dir='ltr' id='par_1_4' title="bbox 279 406 3698 492">
     <span class='ocr_line' id='line_1_4' title="bbox 279 406 3698 492; baseline 0.004 -26"><span class='ocrx_word' id='word_1_4' title='bbox 279 416 340 466; x_wconf 80' lang='lat' dir='ltr'><em>et</em></span> <span class='ocrx_word' id='word_1_5' title='bbox 365 406 715 479; x_wconf 85' lang='lat' dir='ltr'><em>gratulanter</em></span> <span class='ocrx_word' id='word_1_6' title='bbox 765 406 970 478; x_wconf 78' lang='lat' dir='ltr'><em>agnovi</em></span> <span class='ocrx_word' id='word_1_7' title='bbox 1007 422 1175 479; x_wconf 88' lang='lat' dir='ltr'><em>quam</em></span> <span class='ocrx_word' id='word_1_8' title='bbox 1217 409 1373 478; x_wconf 86' lang='lat' dir='ltr'><em>piam</em></span> <span class='ocrx_word' id='word_1_9' title='bbox 1426 424 1623 467; x_wconf 87' lang='lat' dir='ltr'><em>curam</em></span> <span class='ocrx_word' id='word_1_10' title='bbox 1653 407 1933 465; x_wconf 84' lang='lat' dir='ltr'><em>Christia-</em></span> <span class='ocrx_word' id='word_1_11' title='bbox 1964 412 2016 478; x_wconf 77' lang='grc' dir='ltr'>Α</span> <span class='ocrx_word' id='word_1_12' title='bbox 2050 409 2324 465; x_wconf 91' lang='lat' dir='ltr'><em>omnibus</em></span> <span class='ocrx_word' id='word_1_13' title='bbox 2353 413 2521 466; x_wconf 89' lang='lat' dir='ltr'><em>Anna</em></span> <span class='ocrx_word' id='word_1_14' title='bbox 2570 412 2887 482; x_wconf 88' lang='lat' dir='ltr'><em>Comnena,</em></span> <span class='ocrx_word' id='word_1_15' title='bbox 2923 413 2961 469; x_wconf 82' lang='grc' dir='ltr'><em>ι.</em></span> <span class='ocrx_word' id='word_1_16' title='bbox 2992 418 3015 472; x_wconf 91' lang='grc' dir='ltr'><strong>Ι</strong></span> <span class='ocrx_word' id='word_1_17' title='bbox 3044 415 3355 487; x_wconf 69' lang='lat' dir='ltr'><em>Alexiadis,</em></span> <span class='ocrx_word' id='word_1_18' title='bbox 3389 437 3447 492; x_wconf 91' lang='lat' dir='ltr'><em>p.</em></span> <span class='ocrx_word' id='word_1_19' title='bbox 3477 422 3539 478; x_wconf 83' lang='lat' dir='ltr'><em>2t</em></span> <span class='ocrx_word' id='word_1_20' title='bbox 3605 425 3698 481; x_wconf 91' lang='lat' dir='ltr'><em>ed.</em></span> 
     </span>
    </p>
   </div>
   <div class='ocr_carea' id='block_1_5' title="bbox 275 497 1947 567">
    <p class='ocr_par' dir='ltr' id='par_1_5' title="bbox 275 497 1947 567">
     <span class='ocr_line' id='line_1_5' title="bbox 275 497 1947 567; baseline -0.001 -12"><span class='ocrx_word' id='word_1_21' title='bbox 275 513 375 555; x_wconf 56' lang='grc' dir='ltr'><em>πίε</em></span> <span class='ocrx_word' id='word_1_22' title='bbox 426 497 745 567; x_wconf 75' lang='lat' dir='ltr'><em>religionis,</em></span> <span class='ocrx_word' id='word_1_23' title='bbox 799 506 858 552; x_wconf 89' lang='lat' dir='ltr'><em>ut</em></span> <span class='ocrx_word' id='word_1_24' title='bbox 916 498 1241 567; x_wconf 77' lang='lat' dir='ltr'><em>consuestis,</em></span> <span class='ocrx_word' id='word_1_25' title='bbox 1295 499 1568 565; x_wconf 74' lang='lat' dir='ltr'><em>habeatis,</em></span> <span class='ocrx_word' id='word_1_26' title='bbox 1614 515 1739 554; x_wconf 88' lang='lat' dir='ltr'><em>cum</em></span> <span class='ocrx_word' id='word_1_27' title='bbox 1799 497 1947 553; x_wconf 83' lang='lat' dir='ltr'><em>inter</em></span> 
     </span>
    </p>
   </div>
   <div class='ocr_carea' id='block_1_6' title="bbox 278 586 1941 658">
    <p class='ocr_par' dir='ltr' id='par_1_6' title="bbox 278 586 1941 658">
     <span class='ocr_line' id='line_1_6' title="bbox 278 586 1941 658; baseline 0 -15"><span class='ocrx_word' id='word_1_28' title='bbox 278 586 514 643; x_wconf 78' lang='lat' dir='ltr'><em>Domini</em></span> <span class='ocrx_word' id='word_1_29' title='bbox 540 586 847 643; x_wconf 75' lang='lat' dir='ltr'><em>sacerdotes</em></span> <span class='ocrx_word' id='word_1_30' title='bbox 900 602 1023 642; x_wconf 88' lang='lat' dir='ltr'><em>eam</em></span> <span class='ocrx_word' id='word_1_31' title='bbox 1072 588 1243 643; x_wconf 88' lang='lat' dir='ltr'><em>vultis</em></span> <span class='ocrx_word' id='word_1_32' title='bbox 1300 588 1528 658; x_wconf 88' lang='lat' dir='ltr'><em>ﬁrmare</em></span> <span class='ocrx_word' id='word_1_33' title='bbox 1573 587 1941 655; x_wconf 80' lang='lat' dir='ltr'><em>concordiam,</em></span> 
     </span>
    </p>
   </div>
   <div class='ocr_carea' id='block_1_7' title="bbox 284 675 1945 748">
    <p class='ocr_par' dir='ltr' id='par_1_7' title="bbox 284 675 1945 748">
     <span class='ocr_line' id='line_1_7' title="bbox 284 675 1945 748; baseline -0.001 -15"><span class='ocrx_word' id='word_1_34' title='bbox 284 692 417 747; x_wconf 68' lang='lat' dir='ltr'><em>quae</em></span> <span class='ocrx_word' id='word_1_35' title='bbox 448 684 499 731; x_wconf 90' lang='lat' dir='ltr'><em>et</em></span> <span class='ocrx_word' id='word_1_36' title='bbox 528 675 850 732; x_wconf 87' lang='lat' dir='ltr'><em>universali</em></span> <span class='ocrx_word' id='word_1_37' title='bbox 890 677 1152 732; x_wconf 72' lang='lat' dir='ltr'><em>Ecclesiae</em></span> <span class='ocrx_word' id='word_1_38' title='bbox 1180 684 1233 732; x_wconf 85' lang='lat' dir='ltr'><em>et</em></span> <span class='ocrx_word' id='word_1_39' title='bbox 1293 678 1487 733; x_wconf 83' lang='lat' dir='ltr'><em>diuino</em></span> <span class='ocrx_word' id='word_1_40' title='bbox 1539 682 1669 748; x_wconf 88' lang='lat' dir='ltr'><em>apta</em></span> <span class='ocrx_word' id='word_1_41' title='bbox 1725 680 1799 732; x_wconf 92' lang='lat' dir='ltr'><em>sit</em></span> <span class='ocrx_word' id='word_1_42' title='bbox 1826 678 1945 732; x_wconf 88' lang='lat' dir='ltr'><em>cul-</em></span> 
     </span>
    </p>
   </div>
   <div class='ocr_carea' id='block_1_8' title="bbox 278 764 1945 835">
    <p class='ocr_par' dir='ltr' id='par_1_8' title="bbox 278 764 1945 835">
     <span class='ocr_line' id='line_1_8' title="bbox 278 764 1945 835; baseline -0.001 -15"><span class='ocrx_word' id='word_1_43' title='bbox 278 768 387 820; x_wconf 87' lang='lat' dir='ltr'><em>tui.</em></span> <span class='ocrx_word' id='word_1_44' title='bbox 445 764 623 819; x_wconf 90' lang='lat' dir='ltr'><em>Paulo</em></span> <span class='ocrx_word' id='word_1_45' title='bbox 682 770 850 835; x_wconf 89' lang='lat' dir='ltr'><em>post:</em></span> <span class='ocrx_word' id='word_1_46' title='bbox 908 766 1048 819; x_wconf 84' lang='lat' dir='ltr'><em>Nam</em></span> <span class='ocrx_word' id='word_1_47' title='bbox 1093 771 1147 821; x_wconf 89' lang='lat' dir='ltr'><em>et</em></span> <span class='ocrx_word' id='word_1_48' title='bbox 1203 776 1389 821; x_wconf 86' lang='lat' dir='ltr'><em>vestra</em></span> <span class='ocrx_word' id='word_1_49' title='bbox 1445 765 1806 821; x_wconf 85' lang='lat' dir='ltr'><em>mansuetudo</em></span> <span class='ocrx_word' id='word_1_50' title='bbox 1859 768 1945 820; x_wconf 90' lang='lat' dir='ltr'><em>in-</em></span> 
     </span>
    </p>
   </div>
   <div class='ocr_carea' id='block_1_9' title="bbox 277 854 1942 927">
    <p class='ocr_par' dir='ltr' id='par_1_9' title="bbox 277 854 1942 927">
     <span class='ocr_line' id='line_1_9' title="bbox 277 854 1942 927; baseline 0 -18"><span class='ocrx_word' id='word_1_51' title='bbox 277 854 662 909; x_wconf 73' lang='lat' dir='ltr'><em>sinuationem</em></span> <span class='ocrx_word' id='word_1_52' title='bbox 710 870 886 909; x_wconf 88' lang='lat' dir='ltr'><strong><em>meam</em></strong></span> <span class='ocrx_word' id='word_1_53' title='bbox 919 862 1035 909; x_wconf 88' lang='lat' dir='ltr'><em>tam</em></span> <span class='ocrx_word' id='word_1_54' title='bbox 1068 855 1300 911; x_wconf 81' lang='lat' dir='ltr'><em>libenter</em></span> <span class='ocrx_word' id='word_1_55' title='bbox 1345 856 1574 927; x_wconf 87' lang='lat' dir='ltr'><em>accepit,</em></span> <span class='ocrx_word' id='word_1_56' title='bbox 1606 865 1668 910; x_wconf 87' lang='lat' dir='ltr'><em>ut</em></span> <span class='ocrx_word' id='word_1_57' title='bbox 1721 860 1772 911; x_wconf 90' lang='lat' dir='ltr'><em>et</em></span> <span class='ocrx_word' id='word_1_58' title='bbox 1799 872 1942 909; x_wconf 88' lang='lat' dir='ltr'><em>sem-</em></span> 
     </span>
    </p>
   </div>
   <div class='ocr_carea' id='block_1_10' title="bbox 279 942 1944 1015">
    <p class='ocr_par' dir='ltr' id='par_1_10' title="bbox 279 942 1944 1015">
     <span class='ocr_line' id='line_1_10' title="bbox 279 942 1944 1015; baseline 0 -18"><span class='ocrx_word' id='word_1_59' title='bbox 279 959 393 1013; x_wconf 81' lang='lat' dir='ltr'><em>per</em></span> <span class='ocrx_word' id='word_1_60' title='bbox 449 942 689 997; x_wconf 80' lang='lat' dir='ltr'><em>scribere</em></span> <span class='ocrx_word' id='word_1_61' title='bbox 752 942 1103 1010; x_wconf 83' lang='lat' dir='ltr'><em>dignaretur,</em></span> <span class='ocrx_word' id='word_1_62' title='bbox 1156 948 1205 997; x_wconf 88' lang='lat' dir='ltr'><em>et</em></span> <span class='ocrx_word' id='word_1_63' title='bbox 1282 943 1400 999; x_wconf 63' lang='lat' dir='ltr'><em>hmo</em></span> <span class='ocrx_word' id='word_1_64' title='bbox 1450 948 1661 1015; x_wconf 89' lang='lat' dir='ltr'><em>ageret,</em></span> <span class='ocrx_word' id='word_1_65' title='bbox 1710 950 1770 997; x_wconf 90' lang='lat' dir='ltr'><em>ut</em></span> <span class='ocrx_word' id='word_1_66' title='bbox 1820 955 1944 1013; x_wconf 56' lang='lat' dir='ltr'><em>qua</em></span> 
     </span>
    </p>
   </div>
   <div class='ocr_carea' id='block_1_11' title="bbox 274 1032 1932 1101">
    <p class='ocr_par' dir='ltr' id='par_1_11' title="bbox 274 1032 1932 1101">
     <span class='ocr_line' id='line_1_11' title="bbox 274 1032 1932 1101; baseline -0.001 -14"><span class='ocrx_word' id='word_1_67' title='bbox 274 1049 432 1087; x_wconf 87' lang='lat' dir='ltr'><em>nunc</em></span> <span class='ocrx_word' id='word_1_68' title='bbox 489 1035 729 1087; x_wconf 88' lang='lat' dir='ltr'><em>correcta</em></span> <span class='ocrx_word' id='word_1_69' title='bbox 777 1041 907 1087; x_wconf 88' lang='lat' dir='ltr'><em>sunt</em></span> <span class='ocrx_word' id='word_1_70' title='bbox 935 1037 1137 1089; x_wconf 57' lang='lat' dir='ltr'><em>vestrm</em></span> <span class='ocrx_word' id='word_1_71' title='bbox 1187 1034 1380 1101; x_wconf 62' lang='lat' dir='ltr'><em>gloriae</em></span> <span class='ocrx_word' id='word_1_72' title='bbox 1431 1033 1758 1090; x_wconf 85' lang='lat' dir='ltr'><em>debeantur.</em></span> <span class='ocrx_word' id='word_1_73' title='bbox 1801 1032 1932 1087; x_wconf 86' lang='lat' dir='ltr'><em>Cor-</em></span> 
     </span>
    </p>
   </div>
   <div class='ocr_carea' id='block_1_12' title="bbox 283 1122 1943 1194">
    <p class='ocr_par' dir='ltr' id='par_1_12' title="bbox 283 1122 1943 1194">
     <span class='ocr_line' id='line_1_12' title="bbox 283 1122 1943 1194; baseline -0.001 -17"><span class='ocrx_word' id='word_1_74' title='bbox 283 1128 517 1178; x_wconf 88' lang='lat' dir='ltr'><em>rectum</em></span> <span class='ocrx_word' id='word_1_75' title='bbox 552 1137 680 1177; x_wconf 88' lang='lat' dir='ltr'><em>esse</em></span> <span class='ocrx_word' id='word_1_76' title='bbox 719 1122 845 1191; x_wconf 87' lang='lat' dir='ltr'><em>jam</em></span> <span class='ocrx_word' id='word_1_77' title='bbox 889 1126 1161 1191; x_wconf 79' lang='lat' dir='ltr'><em>testatur,</em></span> <span class='ocrx_word' id='word_1_78' title='bbox 1190 1128 1500 1194; x_wconf 89' lang='lat' dir='ltr'><em>oooperato</em></span> <span class='ocrx_word' id='word_1_79' title='bbox 1559 1122 1614 1177; x_wconf 91' lang='lat' dir='ltr'><em>in</em></span> <span class='ocrx_word' id='word_1_80' title='bbox 1652 1122 1710 1177; x_wconf 97' lang='lat' dir='ltr'><em>id</em></span> <span class='ocrx_word' id='word_1_81' title='bbox 1739 1124 1943 1193; x_wconf 90' lang='lat' dir='ltr'><em>Augu-</em></span> 
     </span>
    </p>
   </div>
   <div class='ocr_carea' id='block_1_13' title="bbox 290 1211 1942 1282">
    <p class='ocr_par' dir='ltr' id='par_1_13' title="bbox 290 1211 1942 1282">
     <span class='ocr_line' id='line_1_13' title="bbox 290 1211 1942 1282; baseline 0 -16"><span class='ocrx_word' id='word_1_82' title='bbox 290 1216 409 1282; x_wconf 86' lang='lat' dir='ltr'><em>sto,</em></span> <span class='ocrx_word' id='word_1_83' title='bbox 446 1216 503 1267; x_wconf 88' lang='lat' dir='ltr'><em>et</em></span> <span class='ocrx_word' id='word_1_84' title='bbox 537 1215 867 1266; x_wconf 83' lang='lat' dir='ltr'><em>revocatum</em></span> <span class='ocrx_word' id='word_1_85' title='bbox 910 1211 1067 1282; x_wconf 93' lang='lat' dir='ltr'><em>quod</em></span> <span class='ocrx_word' id='word_1_86' title='bbox 1128 1215 1347 1267; x_wconf 84' lang='lat' dir='ltr'><em>temere</em></span> <span class='ocrx_word' id='word_1_87' title='bbox 1402 1211 1708 1267; x_wconf 80' lang='lat' dir='ltr'><em>Anatolius</em></span> <span class='ocrx_word' id='word_1_88' title='bbox 1754 1216 1942 1267; x_wconf 89' lang='lat' dir='ltr'><em>atten-</em></span> 
     </span>
    </p>
   </div>
   <div class='ocr_carea' id='block_1_14' title="bbox 285 1300 1943 1371">
    <p class='ocr_par' dir='ltr' id='par_1_14' title="bbox 285 1300 1943 1371">
     <span class='ocr_line' id='line_1_14' title="bbox 285 1300 1943 1371; baseline -0.001 -15"><span class='ocrx_word' id='word_1_89' title='bbox 285 1304 520 1357; x_wconf 82' lang='lat' dir='ltr'><em>taverat</em></span> <span class='ocrx_word' id='word_1_90' title='bbox 551 1300 942 1371; x_wconf 89' lang='lat' dir='ltr'><em>perturbando</em></span> <span class='ocrx_word' id='word_1_91' title='bbox 987 1300 1253 1355; x_wconf 84' lang='lat' dir='ltr'><em>ordinem</em></span> <span class='ocrx_word' id='word_1_92' title='bbox 1303 1301 1533 1356; x_wconf 90' lang='lat' dir='ltr'><em>sedium</em></span> <span class='ocrx_word' id='word_1_93' title='bbox 1565 1306 1622 1357; x_wconf 87' lang='lat' dir='ltr'><em>et</em></span> <span class='ocrx_word' id='word_1_94' title='bbox 1649 1305 1943 1358; x_wconf 83' lang='lat' dir='ltr'><em>Constan-</em></span> 
     </span>
    </p>
   </div>
   <div class='ocr_carea' id='block_1_15' title="bbox 282 1390 1939 1461">
    <p class='ocr_par' dir='ltr' id='par_1_15' title="bbox 282 1390 1939 1461">
     <span class='ocr_line' id='line_1_15' title="bbox 282 1390 1939 1461; baseline 0 -16"><span class='ocrx_word' id='word_1_95' title='bbox 282 1390 740 1461; x_wconf 87' lang='lat' dir='ltr'><em>tinopolitanam</em></span> <span class='ocrx_word' id='word_1_96' title='bbox 772 1391 1094 1445; x_wconf 89' lang='lat' dir='ltr'><em>secundam</em></span> <span class='ocrx_word' id='word_1_97' title='bbox 1138 1408 1171 1445; x_wconf 91' lang='lat' dir='ltr'><em>a</em></span> <span class='ocrx_word' id='word_1_98' title='bbox 1227 1390 1491 1446; x_wconf 83' lang='lat' dir='ltr'><em>Romana</em></span> <span class='ocrx_word' id='word_1_99' title='bbox 1550 1392 1939 1447; x_wconf 90' lang='lat' dir='ltr'><em>numerando.</em></span> 
     </span>
    </p>
   </div>
   <div class='ocr_carea' id='block_1_16' title="bbox 280 1480 1938 1552">
    <p class='ocr_par' dir='ltr' id='par_1_16' title="bbox 280 1480 1938 1552">
     <span class='ocr_line' id='line_1_16' title="bbox 280 1480 1938 1552; baseline 0.001 -18"><span class='ocrx_word' id='word_1_100' title='bbox 280 1480 369 1534; x_wconf 82' lang='lat' dir='ltr'><strong>Ex</strong></span> <span class='ocrx_word' id='word_1_101' title='bbox 428 1480 521 1535; x_wconf 91' lang='lat' dir='ltr'><em>his</em></span> <span class='ocrx_word' id='word_1_102' title='bbox 572 1488 815 1552; x_wconf 77' lang='lat' dir='ltr'><em>apparet</em></span> <span class='ocrx_word' id='word_1_103' title='bbox 872 1481 1228 1535; x_wconf 88' lang='lat' dir='ltr'><em>sententiam</em></span> <span class='ocrx_word' id='word_1_104' title='bbox 1296 1481 1569 1552; x_wconf 84' lang='lat' dir='ltr'><em>rescripti</em></span> <span class='ocrx_word' id='word_1_105' title='bbox 1634 1481 1938 1547; x_wconf 84' lang='lat' dir='ltr'><em>Marciani,</em></span> 
     </span>
    </p>
   </div>
   <div class='ocr_carea' id='block_1_17' title="bbox 281 1569 1938 1641">
    <p class='ocr_par' dir='ltr' id='par_1_17' title="bbox 281 1569 1938 1641">
     <span class='ocr_line' id='line_1_17' title="bbox 281 1569 1938 1641; baseline 0.001 -18"><span class='ocrx_word' id='word_1_106' title='bbox 281 1570 447 1641; x_wconf 89' lang='lat' dir='ltr'><em>quod</em></span> <span class='ocrx_word' id='word_1_107' title='bbox 480 1586 596 1624; x_wconf 91' lang='lat' dir='ltr'><em>non</em></span> <span class='ocrx_word' id='word_1_108' title='bbox 649 1573 859 1635; x_wconf 79' lang='lat' dir='ltr'><em>exstat,</em></span> <span class='ocrx_word' id='word_1_109' title='bbox 885 1586 1013 1624; x_wconf 89' lang='lat' dir='ltr'><em>eam</em></span> <span class='ocrx_word' id='word_1_110' title='bbox 1054 1570 1235 1625; x_wconf 86' lang='lat' dir='ltr'><em>fuisse</em></span> <span class='ocrx_word' id='word_1_111' title='bbox 1276 1569 1531 1640; x_wconf 84' lang='lat' dir='ltr'><em>qualem,</em></span> <span class='ocrx_word' id='word_1_112' title='bbox 1566 1571 1666 1640; x_wconf 89' lang='lat' dir='ltr'><em>qui</em></span> <span class='ocrx_word' id='word_1_113' title='bbox 1698 1570 1938 1639; x_wconf 83' lang='lat' dir='ltr'><em>viderat,</em></span> 
     </span>
    </p>
   </div>
   <div class='ocr_carea' id='block_1_18' title="bbox 279 1665 1944 1737">
    <p class='ocr_par' dir='ltr' id='par_1_18' title="bbox 279 1665 1944 1737">
     <span class='ocr_line' id='line_1_18' title="bbox 279 1665 1944 1737; baseline 0.001 -16"><span class='ocrx_word' id='word_1_114' title='bbox 279 1666 575 1737; x_wconf 85' lang='lat' dir='ltr'><em>expressit</em></span> <span class='ocrx_word' id='word_1_115' title='bbox 606 1665 875 1721; x_wconf 88' lang='lat' dir='ltr'><em>Gelasius</em></span> <span class='ocrx_word' id='word_1_116' title='bbox 902 1683 915 1721; x_wconf 90' lang='lat'>:</span> <span class='ocrx_word' id='word_1_117' title='bbox 949 1666 1187 1721; x_wconf 89' lang='lat' dir='ltr'><em>Probari</em></span> <span class='ocrx_word' id='word_1_118' title='bbox 1206 1668 1316 1721; x_wconf 87' lang='lat' dir='ltr'><em>sibi</em></span> <span class='ocrx_word' id='word_1_119' title='bbox 1344 1667 1739 1722; x_wconf 88' lang='lat' dir='ltr'><em>observantiam</em></span> <span class='ocrx_word' id='word_1_120' title='bbox 1762 1670 1944 1723; x_wconf 87' lang='lat' dir='ltr'><em>sancti</em></span> 
     </span>
    </p>
   </div>
   <div class='ocr_carea' id='block_1_19' title="bbox 2058 496 3701 575">
    <p class='ocr_par' dir='ltr' id='par_1_19' title="bbox 2058 496 3701 575">
     <span class='ocr_line' id='line_1_19' title="bbox 2058 496 3701 575; baseline 0.009 -23"><span class='ocrx_word' id='word_1_121' title='bbox 2058 499 2230 571; x_wconf 85' lang='lat' dir='ltr'><em>Reg.:</em></span> <span class='ocrx_word' id='word_1_122' title='bbox 2264 496 2360 550; x_wconf 83' lang='grc' dir='ltr'><em>Καὶ</em></span> <span class='ocrx_word' id='word_1_123' title='bbox 2394 497 2633 571; x_wconf 80' lang='grc' dir='ltr'>μάλιστα</span> <span class='ocrx_word' id='word_1_124' title='bbox 2664 501 2698 568; x_wconf 83' lang='grc' dir='ltr'>ἡ</span> <span class='ocrx_word' id='word_1_125' title='bbox 2732 499 2784 554; x_wconf 72' lang='grc' dir='ltr'>ἐν</span> <span class='ocrx_word' id='word_1_126' title='bbox 2816 500 3130 573; x_wconf 84' lang='grc' dir='ltr'>Χαλκηδόνι</span> <span class='ocrx_word' id='word_1_127' title='bbox 3182 503 3405 569; x_wconf 77' lang='grc' dir='ltr'>σύνοδος</span> <span class='ocrx_word' id='word_1_128' title='bbox 3439 508 3515 571; x_wconf 75' lang='grc' dir='ltr'><em>εἷς</em></span> <span class='ocrx_word' id='word_1_129' title='bbox 3545 531 3701 575; x_wconf 67' lang='grc' dir='ltr'>περι-</span> 
     </span>
    </p>
   </div>
   <div class='ocr_carea' id='block_1_20' title="bbox 2056 586 3701 666">
    <p class='ocr_par' dir='ltr' id='par_1_20' title="bbox 2056 586 3701 666">
     <span class='ocr_line' id='line_1_20' title="bbox 2056 586 3701 666; baseline 0.009 -27"><span class='ocrx_word' id='word_1_130' title='bbox 2056 587 2209 653; x_wconf 75' lang='grc' dir='ltr'><em>ωπήν</em></span> <span class='ocrx_word' id='word_1_131' title='bbox 2276 586 2533 661; x_wconf 81' lang='grc' dir='ltr'><em>μεγίστην</em></span> <span class='ocrx_word' id='word_1_132' title='bbox 2594 589 2682 642; x_wconf 77' lang='grc' dir='ltr'><em>καὶ</em></span> <span class='ocrx_word' id='word_1_133' title='bbox 2743 592 3056 666; x_wconf 77' lang='grc' dir='ltr'><em>πρωτίστην</em></span> <span class='ocrx_word' id='word_1_134' title='bbox 3114 594 3203 648; x_wconf 84' lang='grc' dir='ltr'><em>τὸν</em></span> <span class='ocrx_word' id='word_1_135' title='bbox 3266 602 3701 655; x_wconf 81' lang='grc' dir='ltr'><em>Κωνσταντινου-</em></span> 
     </span>
    </p>
   </div>
   <div class='ocr_carea' id='block_1_21' title="bbox 2052 673 3699 754">
    <p class='ocr_par' dir='ltr' id='par_1_21' title="bbox 2052 673 3699 754">
     <span class='ocr_line' id='line_1_21' title="bbox 2052 673 3699 754; baseline 0.01 -27"><span class='ocrx_word' id='word_1_136' title='bbox 2052 673 2269 737; x_wconf 84' lang='grc' dir='ltr'><em>πόλεως</em></span> <span class='ocrx_word' id='word_1_137' title='bbox 2322 676 2513 750; x_wconf 72' lang='grc' dir='ltr'>θρόνον</span> <span class='ocrx_word' id='word_1_138' title='bbox 2569 673 3036 753; x_wconf 72' lang='grc' dir='ltr'><em>ἀναϐιϐασαμὲνη,</em></span> <span class='ocrx_word' id='word_1_139' title='bbox 3094 684 3187 745; x_wconf 77' lang='grc' dir='ltr'><em>τὰς</em></span> <span class='ocrx_word' id='word_1_140' title='bbox 3234 685 3334 738; x_wconf 76' lang='grc' dir='ltr'>ἀνὰ</span> <span class='ocrx_word' id='word_1_141' title='bbox 3370 687 3468 754; x_wconf 76' lang='grc' dir='ltr'><em>τὴν</em></span> <span class='ocrx_word' id='word_1_142' title='bbox 3517 687 3699 744; x_wconf 76' lang='grc' dir='ltr'>οἰκου-</span> 
     </span>
    </p>
   </div>
   <div class='ocr_carea' id='block_1_22' title="bbox 2056 763 3698 845">
    <p class='ocr_par' dir='ltr' id='par_1_22' title="bbox 2056 763 3698 845">
     <span class='ocr_line' id='line_1_22' title="bbox 2056 763 3698 845; baseline 0.012 -30"><span class='ocrx_word' id='word_1_143' title='bbox 2056 763 2222 836; x_wconf 69' lang='grc' dir='ltr'>μένην</span> <span class='ocrx_word' id='word_1_144' title='bbox 2286 765 2491 818; x_wconf 83' lang='grc' dir='ltr'>ἅπασαν</span> <span class='ocrx_word' id='word_1_145' title='bbox 2540 763 2838 837; x_wconf 77' lang='grc' dir='ltr'><em>διοικήσεις</em></span> <span class='ocrx_word' id='word_1_146' title='bbox 2898 770 3001 824; x_wconf 83' lang='grc' dir='ltr'>ὑπὸ</span> <span class='ocrx_word' id='word_1_147' title='bbox 3054 775 3242 826; x_wconf 77' lang='grc' dir='ltr'>τοῦτον</span> <span class='ocrx_word' id='word_1_148' title='bbox 3302 772 3551 845; x_wconf 81' lang='grc' dir='ltr'><em>ἐποίησε.</em></span> <span class='ocrx_word' id='word_1_149' title='bbox 3604 779 3698 835; x_wconf 88' lang='lat' dir='ltr'><em>Sic</em></span> 
     </span>
    </p>
   </div>
   <div class='ocr_carea' id='block_1_23' title="bbox 2052 864 3696 945">
    <p class='ocr_par' dir='ltr' id='par_1_23' title="bbox 2052 864 3696 945">
     <span class='ocr_line' id='line_1_23' title="bbox 2052 864 3696 945; baseline 0.01 -28"><span class='ocrx_word' id='word_1_150' title='bbox 2052 865 2214 918; x_wconf 80' lang='lat' dir='ltr'><em>Anna</em></span> <span class='ocrx_word' id='word_1_151' title='bbox 2242 880 2311 918; x_wconf 85' lang='lat' dir='ltr'><em>ex</em></span> <span class='ocrx_word' id='word_1_152' title='bbox 2342 864 2539 919; x_wconf 89' lang='lat' dir='ltr'><em>codice</em></span> <span class='ocrx_word' id='word_1_153' title='bbox 2584 865 2849 938; x_wconf 88' lang='lat' dir='ltr'><em>pleniori,</em></span> <span class='ocrx_word' id='word_1_154' title='bbox 2882 871 3052 939; x_wconf 83' lang='lat' dir='ltr'><em>cujus</em></span> <span class='ocrx_word' id='word_1_155' title='bbox 3106 872 3252 926; x_wconf 89' lang='lat' dir='ltr'><em>mihi</em></span> <span class='ocrx_word' id='word_1_156' title='bbox 3310 880 3440 945; x_wconf 89' lang='lat' dir='ltr'><em>post</em></span> <span class='ocrx_word' id='word_1_157' title='bbox 3488 877 3696 934; x_wconf 88' lang='lat' dir='ltr'><em>editio-</em></span> 
     </span>
    </p>
   </div>
   <div class='ocr_carea' id='block_1_24' title="bbox 2052 952 3696 1035">
    <p class='ocr_par' dir='ltr' id='par_1_24' title="bbox 2052 952 3696 1035">
     <span class='ocr_line' id='line_1_24' title="bbox 2052 952 3696 1035; baseline 0.01 -30"><span class='ocrx_word' id='word_1_158' title='bbox 2052 967 2185 1007; x_wconf 88' lang='lat' dir='ltr'><em>nem</em></span> <span class='ocrx_word' id='word_1_159' title='bbox 2244 952 2411 1023; x_wconf 90' lang='lat' dir='ltr'><em>copia</em></span> <span class='ocrx_word' id='word_1_160' title='bbox 2468 953 2736 1025; x_wconf 85' lang='lat' dir='ltr'><em>contigit.</em></span> <span class='ocrx_word' id='word_1_161' title='bbox 2772 957 2976 1027; x_wconf 88' lang='lat' dir='ltr'><em>Itaque</em></span> <span class='ocrx_word' id='word_1_162' title='bbox 3025 959 3084 1013; x_wconf 94' lang='lat' dir='ltr'><em>in</em></span> <span class='ocrx_word' id='word_1_163' title='bbox 3144 965 3266 1016; x_wconf 89' lang='lat' dir='ltr'><em>tota</em></span> <span class='ocrx_word' id='word_1_164' title='bbox 3311 962 3422 1018; x_wconf 89' lang='lat' dir='ltr'><em>ista</em></span> <span class='ocrx_word' id='word_1_165' title='bbox 3455 981 3696 1035; x_wconf 88' lang='lat' dir='ltr'><em>prensa-</em></span> 
     </span>
    </p>
   </div>
   <div class='ocr_carea' id='block_1_25' title="bbox 2053 1040 3695 1121">
    <p class='ocr_par' dir='ltr' id='par_1_25' title="bbox 2053 1040 3695 1121">
     <span class='ocr_line' id='line_1_25' title="bbox 2053 1040 3695 1121; baseline 0.009 -26"><span class='ocrx_word' id='word_1_166' title='bbox 2053 1041 2209 1096; x_wconf 89' lang='lat' dir='ltr'><em>tione</em></span> <span class='ocrx_word' id='word_1_167' title='bbox 2259 1040 2479 1096; x_wconf 88' lang='lat' dir='ltr'><em>summi</em></span> <span class='ocrx_word' id='word_1_168' title='bbox 2530 1041 2769 1099; x_wconf 90' lang='lat' dir='ltr'><em>honoris</em></span> <span class='ocrx_word' id='word_1_169' title='bbox 2801 1050 2977 1117; x_wconf 87' lang='lat' dir='ltr'><em>caput</em></span> <span class='ocrx_word' id='word_1_170' title='bbox 3024 1048 3217 1118; x_wconf 89' lang='lat' dir='ltr'><em>ipsum</em></span> <span class='ocrx_word' id='word_1_171' title='bbox 3252 1052 3374 1121; x_wconf 89' lang='lat' dir='ltr'><em>spei</em></span> <span class='ocrx_word' id='word_1_172' title='bbox 3409 1070 3473 1107; x_wconf 87' lang='lat' dir='ltr'><em>ac</em></span> <span class='ocrx_word' id='word_1_173' title='bbox 3534 1071 3695 1110; x_wconf 85' lang='lat' dir='ltr'><em>sum-</em></span> 
     </span>
    </p>
   </div>
   <div class='ocr_carea' id='block_1_26' title="bbox 2056 1129 3697 1205">
    <p class='ocr_par' dir='ltr' id='par_1_26' title="bbox 2056 1129 3697 1205">
     <span class='ocr_line' id='line_1_26' title="bbox 2056 1129 3697 1205; baseline 0.01 -21"><span class='ocrx_word' id='word_1_174' title='bbox 2056 1147 2151 1185; x_wconf 89' lang='lat' dir='ltr'><em>ma</em></span> <span class='ocrx_word' id='word_1_175' title='bbox 2184 1129 2405 1184; x_wconf 59' lang='lat' dir='ltr'><em>ﬁduciae</em></span> <span class='ocrx_word' id='word_1_176' title='bbox 2463 1131 3125 1205; x_wconf 85' lang='lat' dir='ltr'><em>ConstantinOpolitanis</em></span> <span class='ocrx_word' id='word_1_177' title='bbox 3157 1138 3215 1192; x_wconf 91' lang='lat' dir='ltr'><em>in</em></span> <span class='ocrx_word' id='word_1_178' title='bbox 3257 1156 3480 1197; x_wconf 86' lang='lat' dir='ltr'><em>canone</em></span> <span class='ocrx_word' id='word_1_179' title='bbox 3527 1144 3697 1199; x_wconf 87' lang='lat' dir='ltr'><em>Cbal-</em></span> 
     </span>
    </p>
   </div>
   <div class='ocr_carea' id='block_1_27' title="bbox 2053 1220 3699 1304">
    <p class='ocr_par' dir='ltr' id='par_1_27' title="bbox 2053 1220 3699 1304">
     <span class='ocr_line' id='line_1_27' title="bbox 2053 1220 3699 1304; baseline 0.01 -31"><span class='ocrx_word' id='word_1_180' title='bbox 2053 1220 2367 1275; x_wconf 89' lang='lat' dir='ltr'><em>cedonensi</em></span> <span class='ocrx_word' id='word_1_181' title='bbox 2425 1222 2751 1293; x_wconf 85' lang='lat' dir='ltr'><em>repositum</em></span> <span class='ocrx_word' id='word_1_182' title='bbox 2812 1225 2941 1279; x_wconf 86' lang='lat' dir='ltr'><em>fuit.</em></span> <span class='ocrx_word' id='word_1_183' title='bbox 2974 1226 3463 1298; x_wconf 89' lang='lat' dir='ltr'><em>Desperatissima</em></span> <span class='ocrx_word' id='word_1_184' title='bbox 3520 1233 3699 1304; x_wconf 83' lang='lat' dir='ltr'><em>igitur</em></span> 
     </span>
    </p>
   </div>
   <div class='ocr_carea' id='block_1_28' title="bbox 2055 1309 3696 1390">
    <p class='ocr_par' dir='ltr' id='par_1_28' title="bbox 2055 1309 3696 1390">
     <span class='ocr_line' id='line_1_28' title="bbox 2055 1309 3696 1390; baseline 0.009 -27"><span class='ocrx_word' id='word_1_185' title='bbox 2055 1325 2233 1364; x_wconf 87' lang='lat' dir='ltr'><em>causa</em></span> <span class='ocrx_word' id='word_1_186' title='bbox 2262 1309 2527 1379; x_wconf 90' lang='lat' dir='ltr'><em>ipsorum</em></span> <span class='ocrx_word' id='word_1_187' title='bbox 2556 1316 2647 1367; x_wconf 87' lang='lat' dir='ltr'><em>est</em></span> <span class='ocrx_word' id='word_1_188' title='bbox 2677 1318 2735 1366; x_wconf 89' lang='lat' dir='ltr'><em>et</em></span> <span class='ocrx_word' id='word_1_189' title='bbox 2766 1330 3011 1384; x_wconf 88' lang='lat' dir='ltr'><em>prorsus</em></span> <span class='ocrx_word' id='word_1_190' title='bbox 3040 1316 3245 1371; x_wconf 89' lang='lat' dir='ltr'><em>insana</em></span> <span class='ocrx_word' id='word_1_191' title='bbox 3306 1320 3527 1390; x_wconf 87' lang='lat' dir='ltr'><em>petitio,</em></span> <span class='ocrx_word' id='word_1_192' title='bbox 3560 1338 3696 1378; x_wconf 90' lang='lat' dir='ltr'><em>cum</em></span> 
     </span>
    </p>
   </div>
   <div class='ocr_carea' id='block_1_29' title="bbox 2053 1399 3699 1471">
    <p class='ocr_par' dir='ltr' id='par_1_29' title="bbox 2053 1399 3699 1471">
     <span class='ocr_line' id='line_1_29' title="bbox 2053 1399 3699 1471; baseline 0.009 -20"><span class='ocrx_word' id='word_1_193' title='bbox 2053 1402 2189 1453; x_wconf 86' lang='lat' dir='ltr'><em>ante</em></span> <span class='ocrx_word' id='word_1_194' title='bbox 2219 1399 2418 1453; x_wconf 81' lang='lat' dir='ltr'><em>omnia</em></span> <span class='ocrx_word' id='word_1_195' title='bbox 2448 1400 2803 1471; x_wconf 48' lang='lat' dir='ltr'><em>degprimalu</em></span> <span class='ocrx_word' id='word_1_196' title='bbox 2857 1402 2915 1457; x_wconf 89' lang='lat' dir='ltr'><em>in</em></span> <span class='ocrx_word' id='word_1_197' title='bbox 2980 1404 3313 1461; x_wconf 88' lang='lat' dir='ltr'><em>universum</em></span> <span class='ocrx_word' id='word_1_198' title='bbox 3376 1409 3577 1464; x_wconf 91' lang='lat' dir='ltr'><em>orbem</em></span> <span class='ocrx_word' id='word_1_199' title='bbox 3628 1428 3699 1467; x_wconf 91' lang='lat' dir='ltr'><em>ne</em></span> 
     </span>
    </p>
   </div>
   <div class='ocr_carea' id='block_1_30' title="bbox 2052 1487 3699 1560">
    <p class='ocr_par' dir='ltr' id='par_1_30' title="bbox 2052 1487 3699 1560">
     <span class='ocr_line' id='line_1_30' title="bbox 2052 1487 3699 1560; baseline 0.008 -19"><span class='ocrx_word' id='word_1_200' title='bbox 2052 1504 2155 1559; x_wconf 90' lang='lat' dir='ltr'><em>per</em></span> <span class='ocrx_word' id='word_1_201' title='bbox 2186 1487 2483 1543; x_wconf 87' lang='lat' dir='ltr'><em>somnium</em></span> <span class='ocrx_word' id='word_1_202' title='bbox 2517 1490 2754 1560; x_wconf 90' lang='lat' dir='ltr'><em>quidem</em></span> <span class='ocrx_word' id='word_1_203' title='bbox 2806 1490 3297 1549; x_wconf 86' lang='lat' dir='ltr'><em>Chalcedonensis</em></span> <span class='ocrx_word' id='word_1_204' title='bbox 3355 1510 3542 1552; x_wconf 89' lang='lat' dir='ltr'><em>canon</em></span> <span class='ocrx_word' id='word_1_205' title='bbox 3601 1515 3699 1553; x_wconf 94' lang='lat' dir='ltr'><em>co-</em></span> 
     </span>
    </p>
   </div>
   <div class='ocr_carea' id='block_1_31' title="bbox 2051 1577 3698 1652">
    <p class='ocr_par' dir='ltr' id='par_1_31' title="bbox 2051 1577 3698 1652">
     <span class='ocr_line' id='line_1_31' title="bbox 2051 1577 3698 1652; baseline 0.008 -23"><span class='ocrx_word' id='word_1_206' title='bbox 2051 1577 2234 1647; x_wconf 85' lang='lat' dir='ltr'><em>gitet;</em></span> <span class='ocrx_word' id='word_1_207' title='bbox 2265 1581 2391 1631; x_wconf 88' lang='lat' dir='ltr'><em>tum</em></span> <span class='ocrx_word' id='word_1_208' title='bbox 2425 1578 2480 1631; x_wconf 91' lang='lat' dir='ltr'><em>id</em></span> <span class='ocrx_word' id='word_1_209' title='bbox 2512 1579 2707 1649; x_wconf 92' lang='lat' dir='ltr'><em>ipsum</em></span> <span class='ocrx_word' id='word_1_210' title='bbox 2743 1581 2899 1650; x_wconf 90' lang='lat' dir='ltr'><em>quod</em></span> <span class='ocrx_word' id='word_1_211' title='bbox 2944 1597 3113 1652; x_wconf 90' lang='lat' dir='ltr'><em>agere</em></span> <span class='ocrx_word' id='word_1_212' title='bbox 3167 1583 3371 1650; x_wconf 89' lang='lat' dir='ltr'><em>voluit,</em></span> <span class='ocrx_word' id='word_1_213' title='bbox 3405 1591 3470 1641; x_wconf 90' lang='lat' dir='ltr'><em>ut</em></span> <span class='ocrx_word' id='word_1_214' title='bbox 3503 1588 3698 1642; x_wconf 89' lang='lat' dir='ltr'><em>sedem</em></span> 
     </span>
    </p>
   </div>
   <div class='ocr_carea' id='block_1_32' title="bbox 2050 1665 3703 1748">
    <p class='ocr_par' dir='ltr' id='par_1_32' title="bbox 2050 1665 3703 1748">
     <span class='ocr_line' id='line_1_32' title="bbox 2050 1665 3703 1748; baseline 0.007 -28"><span class='ocrx_word' id='word_1_215' title='bbox 2050 1665 2760 1739; x_wconf 87' lang='lat' dir='ltr'><em>Constantinopolitanam</em></span> <span class='ocrx_word' id='word_1_216' title='bbox 2797 1685 2863 1723; x_wconf 86' lang='lat' dir='ltr'><em>ex</em></span> <span class='ocrx_word' id='word_1_217' title='bbox 2891 1676 3100 1741; x_wconf 87' lang='lat' dir='ltr'><em>quarto</em></span> <span class='ocrx_word' id='word_1_218' title='bbox 3133 1673 3192 1727; x_wconf 90' lang='lat' dir='ltr'><em>in</em></span> <span class='ocrx_word' id='word_1_219' title='bbox 3217 1676 3544 1731; x_wconf 91' lang='lat' dir='ltr'><em>secundum</em></span> <span class='ocrx_word' id='word_1_220' title='bbox 3576 1693 3703 1748; x_wconf 91' lang='lat' dir='ltr'><em>pro-</em></span> 
     </span>
    </p>
   </div>
   <div class='ocr_carea' id='block_1_33' title="bbox 280 1754 3697 1852">
    <p class='ocr_par' dir='ltr' id='par_1_33' title="bbox 280 1754 3697 1852">
     <span class='ocr_line' id='line_1_33' title="bbox 280 1754 3697 1852; baseline 0.003 -42"><span class='ocrx_word' id='word_1_221' title='bbox 280 1754 482 1810; x_wconf 86' lang='lat' dir='ltr'><em>Leonis</em></span> <span class='ocrx_word' id='word_1_222' title='bbox 535 1754 602 1810; x_wconf 87' lang='lat' dir='ltr'><em>de</em></span> <span class='ocrx_word' id='word_1_223' title='bbox 657 1755 900 1811; x_wconf 84' lang='lat' dir='ltr'><em>custodia</em></span> <span class='ocrx_word' id='word_1_224' title='bbox 958 1770 1231 1810; x_wconf 88' lang='lat' dir='ltr'><em>canonum</em></span> <span class='ocrx_word' id='word_1_225' title='bbox 1290 1764 1675 1826; x_wconf 80' lang='lat' dir='ltr'><em>paternorum,</em></span> <span class='ocrx_word' id='word_1_226' title='bbox 1734 1761 1785 1812; x_wconf 89' lang='lat' dir='ltr'><em>et</em></span> <span class='ocrx_word' id='word_1_227' title='bbox 1832 1756 1943 1813; x_wconf 85' lang='lat' dir='ltr'><em>sibi</em></span> <span class='ocrx_word' id='word_1_228' title='bbox 1974 1788 2019 1852; x_wconf 77' lang='grc' dir='ltr'><strong>Β</strong></span> <span class='ocrx_word' id='word_1_229' title='bbox 2052 1760 2334 1823; x_wconf 72' lang='lat' dir='ltr'><em>moveret,</em></span> <span class='ocrx_word' id='word_1_230' title='bbox 2366 1758 2639 1827; x_wconf 87' lang='lat' dir='ltr'><em>gradum,</em></span> <span class='ocrx_word' id='word_1_231' title='bbox 2691 1757 3048 1815; x_wconf 83' lang='lat' dir='ltr'><em>reclamante</em></span> <span class='ocrx_word' id='word_1_232' title='bbox 3105 1762 3364 1817; x_wconf 79' lang='lat' dir='ltr'><em>Romano</em></span> <span class='ocrx_word' id='word_1_233' title='bbox 3425 1765 3697 1835; x_wconf 86' lang='lat' dir='ltr'><em>pontiﬁce</em></span> 
     </span>
    </p>
   </div>
   <div class='ocr_carea' id='block_1_34' title="bbox 278 1843 1943 1916">
    <p class='ocr_par' dir='ltr' id='par_1_34' title="bbox 278 1843 1943 1916">
     <span class='ocr_line' id='line_1_34' title="bbox 278 1843 1943 1916; baseline 0.002 -18"><span class='ocrx_word' id='word_1_234' title='bbox 278 1843 512 1916; x_wconf 81' lang='lat' dir='ltr'><em>placere</em></span> <span class='ocrx_word' id='word_1_235' title='bbox 548 1849 611 1898; x_wconf 77' lang='lat' dir='ltr'><em>ut</em></span> <span class='ocrx_word' id='word_1_236' title='bbox 652 1853 703 1899; x_wconf 91' lang='lat' dir='ltr'><em>et</em></span> <span class='ocrx_word' id='word_1_237' title='bbox 746 1844 879 1913; x_wconf 89' lang='lat' dir='ltr'><em>ﬁdes</em></span> <span class='ocrx_word' id='word_1_238' title='bbox 937 1844 1160 1899; x_wconf 72' lang='lat' dir='ltr'><em>Nicaena</em></span> <span class='ocrx_word' id='word_1_239' title='bbox 1194 1861 1355 1899; x_wconf 88' lang='lat' dir='ltr'><em>suam</em></span> <span class='ocrx_word' id='word_1_240' title='bbox 1396 1845 1639 1900; x_wconf 85' lang='lat' dir='ltr'><em>obtineat</em></span> <span class='ocrx_word' id='word_1_241' title='bbox 1697 1848 1943 1915; x_wconf 72' lang='lat' dir='ltr'><em>ﬁrmita-</em></span> 
     </span>
    </p>
   </div>
   <div class='ocr_carea' id='block_1_35' title="bbox 282 1932 1940 2006">
    <p class='ocr_par' dir='ltr' id='par_1_35' title="bbox 282 1932 1940 2006">
     <span class='ocr_line' id='line_1_35' title="bbox 282 1932 1940 2006; baseline 0 -18"><span class='ocrx_word' id='word_1_242' title='bbox 282 1940 397 1988; x_wconf 86' lang='lat' dir='ltr'><em>tem</em></span> <span class='ocrx_word' id='word_1_243' title='bbox 435 1941 488 1988; x_wconf 91' lang='lat' dir='ltr'><em>et</em></span> <span class='ocrx_word' id='word_1_244' title='bbox 515 1932 825 2006; x_wconf 84' lang='lat' dir='ltr'><em>privilegia</em></span> <span class='ocrx_word' id='word_1_245' title='bbox 853 1934 1223 1988; x_wconf 88' lang='lat' dir='ltr'><em>Ecclesiarum</em></span> <span class='ocrx_word' id='word_1_246' title='bbox 1250 1933 1481 1989; x_wconf 82' lang='lat' dir='ltr'><em>illibata</em></span> <span class='ocrx_word' id='word_1_247' title='bbox 1528 1938 1940 2005; x_wconf 82' lang='lat' dir='ltr'><em>permanerent.</em></span> 
     </span>
    </p>
   </div>
   <div class='ocr_carea' id='block_1_36' title="bbox 2052 1846 3697 1911">
    <p class='ocr_par' dir='ltr' id='par_1_36' title="bbox 2052 1846 3697 1911">
     <span class='ocr_line' id='line_1_36' title="bbox 2052 1846 3697 1911; baseline 0.007 -13"><span class='ocrx_word' id='word_1_248' title='bbox 2052 1846 2286 1900; x_wconf 91' lang='lat' dir='ltr'><em>irritum</em></span> <span class='ocrx_word' id='word_1_249' title='bbox 2320 1850 2378 1901; x_wconf 88' lang='lat' dir='ltr'><em>et</em></span> <span class='ocrx_word' id='word_1_250' title='bbox 2406 1846 2615 1900; x_wconf 74' lang='lat' dir='ltr'><em>effectu</em></span> <span class='ocrx_word' id='word_1_251' title='bbox 2644 1864 2876 1902; x_wconf 84' lang='lat' dir='ltr'><em>cassum</em></span> <span class='ocrx_word' id='word_1_252' title='bbox 2911 1851 3215 1905; x_wconf 84' lang='lat' dir='ltr'><em>manserit.</em></span> <span class='ocrx_word' id='word_1_253' title='bbox 3246 1853 3325 1906; x_wconf 89' lang='lat' dir='ltr'><em>Ac</em></span> <span class='ocrx_word' id='word_1_254' title='bbox 3356 1851 3493 1908; x_wconf 88' lang='lat' dir='ltr'><em>licet</em></span> <span class='ocrx_word' id='word_1_255' title='bbox 3551 1860 3697 1911; x_wconf 88' lang='lat' dir='ltr'><em>tem-</em></span> 
     </span>
    </p>
   </div>
   <div class='ocr_carea' id='block_1_37' title="bbox 2056 1935 3695 2015">
    <p class='ocr_par' dir='ltr' id='par_1_37' title="bbox 2056 1935 3695 2015">
     <span class='ocr_line' id='line_1_37' title="bbox 2056 1935 3695 2015; baseline 0.007 -27"><span class='ocrx_word' id='word_1_256' title='bbox 2056 1935 2296 2006; x_wconf 90' lang='lat' dir='ltr'><em>poribus</em></span> <span class='ocrx_word' id='word_1_257' title='bbox 2324 1935 2646 1991; x_wconf 88' lang='lat' dir='ltr'><em>Justiniani</em></span> <span class='ocrx_word' id='word_1_258' title='bbox 2678 1939 2791 1992; x_wconf 86' lang='lat' dir='ltr'><em>seri</em></span> <span class='ocrx_word' id='word_1_259' title='bbox 2845 1955 3213 1995; x_wconf 85' lang='lat' dir='ltr'><em>successores</em></span> <span class='ocrx_word' id='word_1_260' title='bbox 3270 1943 3549 2009; x_wconf 84' lang='lat' dir='ltr'><em>Anatolii,</em></span> <span class='ocrx_word' id='word_1_261' title='bbox 3581 1960 3695 2015; x_wconf 89' lang='lat' dir='ltr'><em>quo</em></span> 
     </span>
    </p>
   </div>
   <div class='ocr_carea' id='block_1_38' title="bbox 285 2021 3697 2103">
    <p class='ocr_par' dir='ltr' id='par_1_38' title="bbox 285 2021 3697 2103">
     <span class='ocr_line' id='line_1_38' title="bbox 285 2021 3697 2103; baseline 0.004 -27"><span class='ocrx_word' id='word_1_262' title='bbox 285 2023 415 2086; x_wconf 87' lang='lat' dir='ltr'><em>Qua</em></span> <span class='ocrx_word' id='word_1_263' title='bbox 438 2039 500 2077; x_wconf 89' lang='lat' dir='ltr'><em>re</em></span> <span class='ocrx_word' id='word_1_264' title='bbox 531 2021 841 2077; x_wconf 85' lang='lat' dir='ltr'><em>deterritus</em></span> <span class='ocrx_word' id='word_1_265' title='bbox 880 2023 1187 2078; x_wconf 86' lang='lat' dir='ltr'><em>Anatolius</em></span> <span class='ocrx_word' id='word_1_266' title='bbox 1247 2023 1544 2078; x_wconf 87' lang='lat' dir='ltr'><em>humiliter</em></span> <span class='ocrx_word' id='word_1_267' title='bbox 1596 2029 1654 2079; x_wconf 90' lang='lat' dir='ltr'><em>et</em></span> <span class='ocrx_word' id='word_1_268' title='bbox 1701 2024 1946 2079; x_wconf 86' lang='lat' dir='ltr'><em>obnoxie</em></span> <span class='ocrx_word' id='word_1_269' title='bbox 2047 2025 2182 2094; x_wconf 88' lang='lat' dir='ltr'><em>jure</em></span> <span class='ocrx_word' id='word_1_270' title='bbox 2240 2040 2422 2093; x_wconf 89' lang='lat' dir='ltr'><em>quave</em></span> <span class='ocrx_word' id='word_1_271' title='bbox 2479 2024 2717 2095; x_wconf 88' lang='lat' dir='ltr'><em>injuria,</em></span> <span class='ocrx_word' id='word_1_272' title='bbox 2775 2026 3163 2084; x_wconf 85' lang='lat' dir='ltr'><em>Alexandrino</em></span> <span class='ocrx_word' id='word_1_273' title='bbox 3218 2030 3697 2103; x_wconf 87' lang='lat' dir='ltr'><em>Antiochenoque</em></span> 
     </span>
    </p>
   </div>
   <div class='ocr_carea' id='block_1_39' title="bbox 286 2110 1947 2185">
    <p class='ocr_par' dir='ltr' id='par_1_39' title="bbox 286 2110 1947 2185">
     <span class='ocr_line' id='line_1_39' title="bbox 286 2110 1947 2185; baseline 0.001 -19"><span class='ocrx_word' id='word_1_274' title='bbox 286 2115 499 2166; x_wconf 86' lang='lat' dir='ltr'><em>sancto</em></span> <span class='ocrx_word' id='word_1_275' title='bbox 533 2110 704 2166; x_wconf 88' lang='lat' dir='ltr'><em>Leoni</em></span> <span class='ocrx_word' id='word_1_276' title='bbox 736 2113 974 2182; x_wconf 87' lang='lat' dir='ltr'><em>scripsit</em></span> <span class='ocrx_word' id='word_1_277' title='bbox 1001 2111 1342 2179; x_wconf 76' lang='lat' dir='ltr'><em>signiﬁcans</em></span> <span class='ocrx_word' id='word_1_278' title='bbox 1367 2130 1427 2167; x_wconf 92' lang='lat' dir='ltr'><em>se</em></span> <span class='ocrx_word' id='word_1_279' title='bbox 1450 2113 1731 2169; x_wconf 85' lang='lat' dir='ltr'><em>desistere</em></span> <span class='ocrx_word' id='word_1_280' title='bbox 1763 2132 1795 2168; x_wconf 91' lang='lat' dir='ltr'><em>a</em></span> <span class='ocrx_word' id='word_1_281' title='bbox 1820 2131 1947 2185; x_wconf 90' lang='lat' dir='ltr'><em>pro-</em></span> 
     </span>
    </p>
   </div>
   <div class='ocr_carea' id='block_1_40' title="bbox 292 2200 1947 2272">
    <p class='ocr_par' dir='ltr' id='par_1_40' title="bbox 292 2200 1947 2272">
     <span class='ocr_line' id='line_1_40' title="bbox 292 2200 1947 2272; baseline 0.002 -16"><span class='ocrx_word' id='word_1_282' title='bbox 292 2200 516 2272; x_wconf 89' lang='lat' dir='ltr'><em>posito.</em></span> <span class='ocrx_word' id='word_1_283' title='bbox 567 2204 769 2255; x_wconf 84' lang='lat' dir='ltr'><em>Exstat</em></span> <span class='ocrx_word' id='word_1_284' title='bbox 817 2200 935 2255; x_wconf 60' lang='lat' dir='ltr'><em>haec</em></span> <span class='ocrx_word' id='word_1_285' title='bbox 989 2200 1240 2272; x_wconf 90' lang='lat' dir='ltr'><em>epistola</em></span> <span class='ocrx_word' id='word_1_286' title='bbox 1285 2201 1344 2255; x_wconf 91' lang='lat' dir='ltr'><em>in</em></span> <span class='ocrx_word' id='word_1_287' title='bbox 1405 2202 1641 2258; x_wconf 86' lang='lat' dir='ltr'><em>Collect.</em></span> <span class='ocrx_word' id='word_1_288' title='bbox 1695 2204 1861 2258; x_wconf 87' lang='lat' dir='ltr'><em>Rom.</em></span> <span class='ocrx_word' id='word_1_289' title='bbox 1913 2220 1947 2259; x_wconf 90' lang='lat' dir='ltr'><em>a</em></span> 
     </span>
    </p>
   </div>
   <div class='ocr_carea' id='block_1_41' title="bbox 290 2290 1945 2363">
    <p class='ocr_par' dir='ltr' id='par_1_41' title="bbox 290 2290 1945 2363">
     <span class='ocr_line' id='line_1_41' title="bbox 290 2290 1945 2363; baseline 0.003 -20"><span class='ocrx_word' id='word_1_290' title='bbox 290 2306 354 2360; x_wconf 94' lang='lat' dir='ltr'><em>p.</em></span> <span class='ocrx_word' id='word_1_291' title='bbox 402 2290 523 2357; x_wconf 83' lang='lat'><em>132,</em></span> <span class='ocrx_word' id='word_1_292' title='bbox 571 2305 639 2344; x_wconf 84' lang='lat' dir='ltr'><em>ex</em></span> <span class='ocrx_word' id='word_1_293' title='bbox 696 2306 812 2360; x_wconf 91' lang='lat' dir='ltr'><em>qua</em></span> <span class='ocrx_word' id='word_1_294' title='bbox 859 2290 953 2344; x_wconf 89' lang='lat' dir='ltr'><em>hic</em></span> <span class='ocrx_word' id='word_1_295' title='bbox 1012 2291 1336 2346; x_wconf 85' lang='lat' dir='ltr'><em>exscribam</em></span> <span class='ocrx_word' id='word_1_296' title='bbox 1396 2308 1522 2363; x_wconf 65' lang='lat' dir='ltr'><em>quae</em></span> <span class='ocrx_word' id='word_1_297' title='bbox 1581 2293 1653 2347; x_wconf 89' lang='lat' dir='ltr'><em>ad</em></span> <span class='ocrx_word' id='word_1_298' title='bbox 1705 2294 1945 2348; x_wconf 86' lang='lat' dir='ltr'><em>demon-</em></span> 
     </span>
    </p>
   </div>
   <div class='ocr_carea' id='block_1_42' title="bbox 291 2378 1943 2453">
    <p class='ocr_par' dir='ltr' id='par_1_42' title="bbox 291 2378 1943 2453">
     <span class='ocr_line' id='line_1_42' title="bbox 291 2378 1943 2453; baseline 0.001 -19"><span class='ocrx_word' id='word_1_299' title='bbox 291 2380 607 2434; x_wconf 86' lang='lat' dir='ltr'><em>strandum</em></span> <span class='ocrx_word' id='word_1_300' title='bbox 642 2379 797 2451; x_wconf 92' lang='lat' dir='ltr'><em>quod</em></span> <span class='ocrx_word' id='word_1_301' title='bbox 830 2378 949 2434; x_wconf 81' lang='lat' dir='ltr'><em>dixi</em></span> <span class='ocrx_word' id='word_1_302' title='bbox 993 2380 1301 2451; x_wconf 89' lang='lat' dir='ltr'><em>pertinent.</em></span> <span class='ocrx_word' id='word_1_303' title='bbox 1340 2381 1601 2435; x_wconf 91' lang='lat' dir='ltr'><em>Primum</em></span> <span class='ocrx_word' id='word_1_304' title='bbox 1654 2381 1733 2435; x_wconf 90' lang='lat' dir='ltr'><em>ibi</em></span> <span class='ocrx_word' id='word_1_305' title='bbox 1766 2383 1943 2453; x_wconf 87' lang='lat' dir='ltr'><em>proﬁ-</em></span> 
     </span>
    </p>
   </div>
   <div class='ocr_carea' id='block_1_43' title="bbox 288 2468 1946 2541">
    <p class='ocr_par' dir='ltr' id='par_1_43' title="bbox 288 2468 1946 2541">
     <span class='ocr_line' id='line_1_43' title="bbox 288 2468 1946 2541; baseline 0.003 -19"><span class='ocrx_word' id='word_1_306' title='bbox 288 2472 454 2523; x_wconf 86' lang='lat' dir='ltr'><em>tetur</em></span> <span class='ocrx_word' id='word_1_307' title='bbox 484 2468 806 2524; x_wconf 88' lang='lat' dir='ltr'><em>universim</em></span> <span class='ocrx_word' id='word_1_308' title='bbox 866 2485 949 2537; x_wconf 88' lang='lat' dir='ltr'><em>se,</em></span> <span class='ocrx_word' id='word_1_309' title='bbox 982 2485 1346 2541; x_wconf 62' lang='lat' dir='ltr'><em>quaecunque</em></span> <span class='ocrx_word' id='word_1_310' title='bbox 1405 2472 1691 2541; x_wconf 89' lang='lat' dir='ltr'><em>imperata</em></span> <span class='ocrx_word' id='word_1_311' title='bbox 1747 2471 1799 2525; x_wconf 91' lang='lat' dir='ltr'><em>ei</em></span> <span class='ocrx_word' id='word_1_312' title='bbox 1855 2472 1946 2527; x_wconf 84' lang='lat' dir='ltr'><em>fo-</em></span> 
     </span>
    </p>
   </div>
   <div class='ocr_carea' id='block_1_44' title="bbox 295 2558 1943 2631">
    <p class='ocr_par' dir='ltr' id='par_1_44' title="bbox 295 2558 1943 2631">
     <span class='ocr_line' id='line_1_44' title="bbox 295 2558 1943 2631; baseline 0.002 -19"><span class='ocrx_word' id='word_1_313' title='bbox 295 2562 431 2612; x_wconf 88' lang='lat' dir='ltr'><em>rent</em></span> <span class='ocrx_word' id='word_1_314' title='bbox 462 2558 707 2613; x_wconf 81' lang='lat' dir='ltr'><em>Romani</em></span> <span class='ocrx_word' id='word_1_315' title='bbox 740 2558 1034 2629; x_wconf 89' lang='lat' dir='ltr'><em>pontiﬁcis</em></span> <span class='ocrx_word' id='word_1_316' title='bbox 1063 2558 1294 2625; x_wconf 82' lang='lat' dir='ltr'><em>litteris,</em></span> <span class='ocrx_word' id='word_1_317' title='bbox 1328 2564 1598 2631; x_wconf 89' lang='lat' dir='ltr'><em>paratum</em></span> <span class='ocrx_word' id='word_1_318' title='bbox 1646 2576 1774 2616; x_wconf 89' lang='lat' dir='ltr'><em>esse</em></span> <span class='ocrx_word' id='word_1_319' title='bbox 1804 2562 1943 2616; x_wconf 81' lang='lat' dir='ltr'><em>obe-</em></span> 
     </span>
    </p>
   </div>
   <div class='ocr_carea' id='block_1_45' title="bbox 291 2647 1945 2719">
    <p class='ocr_par' dir='ltr' id='par_1_45' title="bbox 291 2647 1945 2719">
     <span class='ocr_line' id='line_1_45' title="bbox 291 2647 1945 2719; baseline 0.003 -18"><span class='ocrx_word' id='word_1_320' title='bbox 291 2647 523 2702; x_wconf 87' lang='lat' dir='ltr'><em>dienter</em></span> <span class='ocrx_word' id='word_1_321' title='bbox 580 2647 953 2719; x_wconf 80' lang='lat' dir='ltr'><em>exsequi;in</em></span> <span class='ocrx_word' id='word_1_322' title='bbox 1013 2664 1127 2719; x_wconf 92' lang='lat' dir='ltr'><em>quo</em></span> <span class='ocrx_word' id='word_1_323' title='bbox 1184 2648 1338 2703; x_wconf 88' lang='lat' dir='ltr'><em>inest</em></span> <span class='ocrx_word' id='word_1_324' title='bbox 1396 2648 1575 2703; x_wconf 89' lang='lat' dir='ltr'><em>tacita</em></span> <span class='ocrx_word' id='word_1_325' title='bbox 1630 2649 1945 2706; x_wconf 89' lang='lat' dir='ltr'><em>declaratio</em></span> 
     </span>
    </p>
   </div>
   <div class='ocr_carea' id='block_1_46' title="bbox 292 2735 1939 2811">
    <p class='ocr_par' dir='ltr' id='par_1_46' title="bbox 292 2735 1939 2811">
     <span class='ocr_line' id='line_1_46' title="bbox 292 2735 1939 2811; baseline 0.002 -20"><span class='ocrx_word' id='word_1_326' title='bbox 292 2735 553 2791; x_wconf 86' lang='lat' dir='ltr'><em>revocati</em></span> <span class='ocrx_word' id='word_1_327' title='bbox 586 2737 797 2807; x_wconf 89' lang='lat' dir='ltr'><em>prioris</em></span> <span class='ocrx_word' id='word_1_328' title='bbox 829 2737 923 2792; x_wconf 92' lang='lat' dir='ltr'><em>sui</em></span> <span class='ocrx_word' id='word_1_329' title='bbox 976 2736 1202 2793; x_wconf 87' lang='lat' dir='ltr'><em>consilii</em></span> <span class='ocrx_word' id='word_1_330' title='bbox 1237 2738 1393 2793; x_wconf 88' lang='lat' dir='ltr'><em>circa</em></span> <span class='ocrx_word' id='word_1_331' title='bbox 1422 2738 1775 2793; x_wconf 89' lang='lat' dir='ltr'><em>desiderium</em></span> <span class='ocrx_word' id='word_1_332' title='bbox 1810 2756 1939 2811; x_wconf 89' lang='lat' dir='ltr'><em>gra-</em></span> 
     </span>
    </p>
   </div>
   <div class='ocr_carea' id='block_1_47' title="bbox 294 2825 1946 2897">
    <p class='ocr_par' dir='ltr' id='par_1_47' title="bbox 294 2825 1946 2897">
     <span class='ocr_line' id='line_1_47' title="bbox 294 2825 1946 2897; baseline 0.002 -17"><span class='ocrx_word' id='word_1_333' title='bbox 294 2826 412 2880; x_wconf 88' lang='lat' dir='ltr'><em>dus</em></span> <span class='ocrx_word' id='word_1_334' title='bbox 444 2825 688 2880; x_wconf 86' lang='lat' dir='ltr'><em>secundi</em></span> <span class='ocrx_word' id='word_1_335' title='bbox 728 2829 859 2897; x_wconf 88' lang='lat' dir='ltr'><em>post</em></span> <span class='ocrx_word' id='word_1_336' title='bbox 889 2826 1211 2881; x_wconf 80' lang='lat' dir='ltr'><em>Romanam</em></span> <span class='ocrx_word' id='word_1_337' title='bbox 1270 2828 1490 2894; x_wconf 89' lang='lat' dir='ltr'><em>sedem,</em></span> <span class='ocrx_word' id='word_1_338' title='bbox 1525 2829 1680 2897; x_wconf 90' lang='lat' dir='ltr'><em>quod</em></span> <span class='ocrx_word' id='word_1_339' title='bbox 1744 2829 1800 2882; x_wconf 92' lang='lat' dir='ltr'><em>id</em></span> <span class='ocrx_word' id='word_1_340' title='bbox 1827 2828 1946 2883; x_wconf 88' lang='lat' dir='ltr'><em>cla-</em></span> 
     </span>
    </p>
   </div>
   <div class='ocr_carea' id='block_1_48' title="bbox 293 2915 1949 2988">
    <p class='ocr_par' dir='ltr' id='par_1_48' title="bbox 293 2915 1949 2988">
     <span class='ocr_line' id='line_1_48' title="bbox 293 2915 1949 2988; baseline 0.002 -19"><span class='ocrx_word' id='word_1_341' title='bbox 293 2931 359 2970; x_wconf 89' lang='lat' dir='ltr'><em>re</em></span> <span class='ocrx_word' id='word_1_342' title='bbox 392 2915 792 2984; x_wconf 86' lang='lat' dir='ltr'><em>improbatum</em></span> <span class='ocrx_word' id='word_1_343' title='bbox 846 2915 905 2969; x_wconf 92' lang='lat' dir='ltr'><em>in</em></span> <span class='ocrx_word' id='word_1_344' title='bbox 964 2915 1151 2969; x_wconf 88' lang='lat' dir='ltr'><em>sancti</em></span> <span class='ocrx_word' id='word_1_345' title='bbox 1212 2916 1423 2970; x_wconf 89' lang='lat' dir='ltr'><em>Leonis</em></span> <span class='ocrx_word' id='word_1_346' title='bbox 1469 2917 1707 2988; x_wconf 87' lang='lat' dir='ltr'><em>scriptis</em></span> <span class='ocrx_word' id='word_1_347' title='bbox 1755 2918 1826 2972; x_wconf 91' lang='lat' dir='ltr'><em>ad</em></span> <span class='ocrx_word' id='word_1_348' title='bbox 1886 2932 1949 2972; x_wconf 87' lang='lat' dir='ltr'><em>se</em></span> 
     </span>
    </p>
   </div>
   <div class='ocr_carea' id='block_1_49' title="bbox 292 3012 1947 3087">
    <p class='ocr_par' dir='ltr' id='par_1_49' title="bbox 292 3012 1947 3087">
     <span class='ocr_line' id='line_1_49' title="bbox 292 3012 1947 3087; baseline 0 -20"><span class='ocrx_word' id='word_1_349' title='bbox 292 3013 515 3067; x_wconf 86' lang='lat' dir='ltr'><em>litteris</em></span> <span class='ocrx_word' id='word_1_350' title='bbox 570 3012 807 3067; x_wconf 82' lang='lat' dir='ltr'><em>viderat.</em></span> <span class='ocrx_word' id='word_1_351' title='bbox 844 3012 983 3082; x_wconf 87' lang='lat' dir='ltr'><em>Ejus</em></span> <span class='ocrx_word' id='word_1_352' title='bbox 1029 3014 1153 3067; x_wconf 65' lang='lat' dir='ltr'><em>haec</em></span> <span class='ocrx_word' id='word_1_353' title='bbox 1210 3014 1385 3067; x_wconf 88' lang='lat' dir='ltr'><em>verba</em></span> <span class='ocrx_word' id='word_1_354' title='bbox 1440 3018 1580 3068; x_wconf 91' lang='lat' dir='ltr'><em>sunt</em></span> <span class='ocrx_word' id='word_1_355' title='bbox 1618 3031 1630 3068; x_wconf 90' lang='lat'><strong>:</strong></span> <span class='ocrx_word' id='word_1_356' title='bbox 1665 3016 1802 3070; x_wconf 88' lang='lat' dir='ltr'><em>Nam</em></span> <span class='ocrx_word' id='word_1_357' title='bbox 1850 3032 1947 3087; x_wconf 76' lang='lat' dir='ltr'><em>pe-</em></span> 
     </span>
    </p>
   </div>
   <div class='ocr_carea' id='block_1_50' title="bbox 290 3090 1949 3173">
    <p class='ocr_par' dir='ltr' id='par_1_50' title="bbox 290 3090 1949 3173">
     <span class='ocr_line' id='line_1_50' title="bbox 290 3090 1949 3173; baseline 0.001 -18"><span class='ocrx_word' id='word_1_358' title='bbox 290 3106 451 3158; x_wconf 83' lang='lat' dir='ltr'><em>nitus</em></span> <span class='ocrx_word' id='word_1_359' title='bbox 508 3102 648 3156; x_wconf 82' lang='lat' dir='ltr'><em>absit</em></span> <span class='ocrx_word' id='word_1_360' title='bbox 705 3106 764 3156; x_wconf 86' lang='lat' dir='ltr'><em>ut</em></span> <span class='ocrx_word' id='word_1_361' title='bbox 819 3118 913 3172; x_wconf 87' lang='lat' dir='ltr'><em>ego</em></span> <span class='ocrx_word' id='word_1_362' title='bbox 963 3102 1063 3170; x_wconf 90' lang='lat' dir='ltr'><em>eis,</em></span> <span class='ocrx_word' id='word_1_363' title='bbox 1126 3090 1479 3173; x_wconf 70' lang='lat' dir='ltr'><em>quaecunque</em></span> <span class='ocrx_word' id='word_1_364' title='bbox 1518 3103 1666 3157; x_wconf 87' lang='lat' dir='ltr'><em>mihi</em></span> <span class='ocrx_word' id='word_1_365' title='bbox 1712 3103 1949 3173; x_wconf 82' lang='lat' dir='ltr'><em>fuissent</em></span> 
     </span>
    </p>
   </div>
   <div class='ocr_carea' id='block_1_51' title="bbox 292 3191 1950 3262">
    <p class='ocr_par' dir='ltr' id='par_1_51' title="bbox 292 3191 1950 3262">
     <span class='ocr_line' id='line_1_51' title="bbox 292 3191 1950 3262; baseline 0 -15"><span class='ocrx_word' id='word_1_366' title='bbox 292 3191 569 3247; x_wconf 87' lang='lat' dir='ltr'><em>mandata</em></span> <span class='ocrx_word' id='word_1_367' title='bbox 615 3207 712 3262; x_wconf 83' lang='lat' dir='ltr'><em>per</em></span> <span class='ocrx_word' id='word_1_368' title='bbox 761 3191 999 3259; x_wconf 85' lang='lat' dir='ltr'><em>litteras,</em></span> <span class='ocrx_word' id='word_1_369' title='bbox 1058 3193 1411 3247; x_wconf 84' lang='lat' dir='ltr'><em>adversarer.</em></span> <span class='ocrx_word' id='word_1_370' title='bbox 1456 3192 1680 3248; x_wconf 88' lang='lat' dir='ltr'><em>Deinde</em></span> <span class='ocrx_word' id='word_1_371' title='bbox 1738 3193 1950 3247; x_wconf 81' lang='lat' dir='ltr'><em>distin-</em></span> 
     </span>
    </p>
   </div>
   <div class='ocr_carea' id='block_1_52' title="bbox 297 3280 1951 3353">
    <p class='ocr_par' dir='ltr' id='par_1_52' title="bbox 297 3280 1951 3353">
     <span class='ocr_line' id='line_1_52' title="bbox 297 3280 1951 3353; baseline 0.001 -17"><span class='ocrx_word' id='word_1_372' title='bbox 297 3280 459 3336; x_wconf 85' lang='lat' dir='ltr'><em>otius</em></span> <span class='ocrx_word' id='word_1_373' title='bbox 508 3280 663 3335; x_wconf 88' lang='lat' dir='ltr'><em>circa</em></span> <span class='ocrx_word' id='word_1_374' title='bbox 722 3281 961 3347; x_wconf 83' lang='lat' dir='ltr'><em>factum,</em></span> <span class='ocrx_word' id='word_1_375' title='bbox 997 3281 1066 3335; x_wconf 91' lang='lat' dir='ltr'><em>de</em></span> <span class='ocrx_word' id='word_1_376' title='bbox 1118 3296 1232 3351; x_wconf 92' lang='lat' dir='ltr'><em>quo</em></span> <span class='ocrx_word' id='word_1_377' title='bbox 1286 3284 1590 3353; x_wconf 84' lang='lat' dir='ltr'><em>agebatur,</em></span> <span class='ocrx_word' id='word_1_378' title='bbox 1623 3287 1865 3337; x_wconf 81' lang='lat' dir='ltr'><em>excusat</em></span> <span class='ocrx_word' id='word_1_379' title='bbox 1894 3282 1951 3337; x_wconf 89' lang='lat' dir='ltr'><em>in</em></span> 
     </span>
    </p>
   </div>
   <div class='ocr_carea' id='block_1_53' title="bbox 294 3369 1955 3441">
    <p class='ocr_par' dir='ltr' id='par_1_53' title="bbox 294 3369 1955 3441">
     <span class='ocr_line' id='line_1_53' title="bbox 294 3369 1955 3441; baseline 0.002 -17"><span class='ocrx_word' id='word_1_380' title='bbox 294 3370 460 3424; x_wconf 88' lang='lat' dir='ltr'><em>hunc</em></span> <span class='ocrx_word' id='word_1_381' title='bbox 518 3370 796 3425; x_wconf 90' lang='lat' dir='ltr'><em>modum:</em></span> <span class='ocrx_word' id='word_1_382' title='bbox 833 3371 904 3424; x_wconf 92' lang='lat' dir='ltr'><em>De</em></span> <span class='ocrx_word' id='word_1_383' title='bbox 961 3369 1048 3425; x_wconf 85' lang='lat' dir='ltr'><em>his</em></span> <span class='ocrx_word' id='word_1_384' title='bbox 1095 3373 1276 3425; x_wconf 87' lang='lat' dir='ltr'><em>autem</em></span> <span class='ocrx_word' id='word_1_385' title='bbox 1316 3386 1439 3441; x_wconf 76' lang='lat' dir='ltr'><em>quae</em></span> <span class='ocrx_word' id='word_1_386' title='bbox 1496 3371 1955 3441; x_wconf 84' lang='lat' dir='ltr'><em>Constantinopo-</em></span> 
     </span>
    </p>
   </div>
   <div class='ocr_carea' id='block_1_54' title="bbox 292 3458 1953 3526">
    <p class='ocr_par' dir='ltr' id='par_1_54' title="bbox 292 3458 1953 3526">
     <span class='ocr_line' id='line_1_54' title="bbox 292 3458 1953 3526; baseline 0.001 -13"><span class='ocrx_word' id='word_1_387' title='bbox 292 3460 493 3514; x_wconf 62' lang='lat' dir='ltr'><em>litanae</em></span> <span class='ocrx_word' id='word_1_388' title='bbox 534 3458 720 3526; x_wconf 87' lang='lat' dir='ltr'><em>gratia</em></span> <span class='ocrx_word' id='word_1_389' title='bbox 761 3459 912 3513; x_wconf 82' lang='lat' dir='ltr'><em>sedis</em></span> <span class='ocrx_word' id='word_1_390' title='bbox 966 3458 1187 3513; x_wconf 83' lang='lat' dir='ltr'><em>sancita</em></span> <span class='ocrx_word' id='word_1_391' title='bbox 1234 3465 1365 3513; x_wconf 87' lang='lat' dir='ltr'><em>sunt</em></span> <span class='ocrx_word' id='word_1_392' title='bbox 1421 3460 1483 3514; x_wconf 86' lang='lat' dir='ltr'><em>in</em></span> <span class='ocrx_word' id='word_1_393' title='bbox 1538 3460 1953 3517; x_wconf 86' lang='lat' dir='ltr'><em>Chalcedonen-</em></span> 
     </span>
    </p>
   </div>
   <div class='ocr_carea' id='block_1_55' title="bbox 290 3547 1956 3619">
    <p class='ocr_par' dir='ltr' id='par_1_55' title="bbox 290 3547 1956 3619">
     <span class='ocr_line' id='line_1_55' title="bbox 290 3547 1956 3619; baseline 0.001 -16"><span class='ocrx_word' id='word_1_394' title='bbox 290 3550 344 3603; x_wconf 88' lang='lat' dir='ltr'><em>si</em></span> <span class='ocrx_word' id='word_1_395' title='bbox 371 3564 550 3618; x_wconf 86' lang='lat' dir='ltr'><em>nuper</em></span> <span class='ocrx_word' id='word_1_396' title='bbox 584 3547 892 3602; x_wconf 80' lang='lat' dir='ltr'><em>universali</em></span> <span class='ocrx_word' id='word_1_397' title='bbox 922 3548 1147 3619; x_wconf 87' lang='lat' dir='ltr'><em>synodo,</em></span> <span class='ocrx_word' id='word_1_398' title='bbox 1198 3565 1295 3618; x_wconf 91' lang='lat' dir='ltr'><em>pro</em></span> <span class='ocrx_word' id='word_1_399' title='bbox 1326 3554 1473 3603; x_wconf 87' lang='lat' dir='ltr'><em>certo</em></span> <span class='ocrx_word' id='word_1_400' title='bbox 1524 3550 1811 3605; x_wconf 79' lang='lat' dir='ltr'><em>beatitudo</em></span> <span class='ocrx_word' id='word_1_401' title='bbox 1863 3568 1956 3604; x_wconf 89' lang='lat' dir='ltr'><em>ve-</em></span> 
     </span>
    </p>
   </div>
   <div class='ocr_carea' id='block_1_56' title="bbox 290 3636 1953 3709">
    <p class='ocr_par' dir='ltr' id='par_1_56' title="bbox 290 3636 1953 3709">
     <span class='ocr_line' id='line_1_56' title="bbox 290 3636 1953 3709; baseline 0 -16"><span class='ocrx_word' id='word_1_402' title='bbox 290 3649 417 3693; x_wconf 88' lang='lat' dir='ltr'><em>stra</em></span> <span class='ocrx_word' id='word_1_403' title='bbox 446 3636 568 3693; x_wconf 63' lang='lat' dir='ltr'><em>haec</em></span> <span class='ocrx_word' id='word_1_404' title='bbox 610 3638 828 3704; x_wconf 81' lang='lat' dir='ltr'><em>habeat,</em></span> <span class='ocrx_word' id='word_1_405' title='bbox 878 3638 1094 3691; x_wconf 81' lang='lat' dir='ltr'><em>nullam</em></span> <span class='ocrx_word' id='word_1_406' title='bbox 1125 3653 1243 3692; x_wconf 85' lang='lat' dir='ltr'><em>esse</em></span> <span class='ocrx_word' id='word_1_407' title='bbox 1287 3640 1507 3709; x_wconf 82' lang='lat' dir='ltr'><em>culpam</em></span> <span class='ocrx_word' id='word_1_408' title='bbox 1539 3641 1598 3692; x_wconf 89' lang='lat' dir='ltr'><em>in</em></span> <span class='ocrx_word' id='word_1_409' title='bbox 1639 3656 1746 3705; x_wconf 86' lang='lat' dir='ltr'><em>me,</em></span> <span class='ocrx_word' id='word_1_410' title='bbox 1778 3639 1953 3693; x_wconf 86' lang='lat' dir='ltr'><em>homi-</em></span> 
     </span>
    </p>
   </div>
   <div class='ocr_carea' id='block_1_57' title="bbox 292 3727 1960 3799">
    <p class='ocr_par' dir='ltr' id='par_1_57' title="bbox 292 3727 1960 3799">
     <span class='ocr_line' id='line_1_57' title="bbox 292 3727 1960 3799; baseline 0.001 -18"><span class='ocrx_word' id='word_1_411' title='bbox 292 3745 365 3783; x_wconf 88' lang='lat' dir='ltr'><em>ne</em></span> <span class='ocrx_word' id='word_1_412' title='bbox 389 3744 489 3798; x_wconf 79' lang='lat' dir='ltr'><em>qui</em></span> <span class='ocrx_word' id='word_1_413' title='bbox 519 3743 731 3798; x_wconf 89' lang='lat' dir='ltr'><em>semper</em></span> <span class='ocrx_word' id='word_1_414' title='bbox 786 3727 960 3783; x_wconf 88' lang='lat' dir='ltr'><em>otium</em></span> <span class='ocrx_word' id='word_1_415' title='bbox 1018 3729 1067 3781; x_wconf 88' lang='lat' dir='ltr'><em>et</em></span> <span class='ocrx_word' id='word_1_416' title='bbox 1123 3728 1382 3799; x_wconf 84' lang='lat' dir='ltr'><em>quietem,</em></span> <span class='ocrx_word' id='word_1_417' title='bbox 1415 3728 1469 3780; x_wconf 89' lang='lat' dir='ltr'><em>in</em></span> <span class='ocrx_word' id='word_1_418' title='bbox 1528 3728 1845 3782; x_wconf 86' lang='lat' dir='ltr'><em>humilitate</em></span> <span class='ocrx_word' id='word_1_419' title='bbox 1873 3744 1960 3783; x_wconf 91' lang='lat' dir='ltr'><em>me</em></span> 
     </span>
    </p>
   </div>
   <div class='ocr_carea' id='block_1_58' title="bbox 291 3824 1957 3894">
    <p class='ocr_par' dir='ltr' id='par_1_58' title="bbox 291 3824 1957 3894">
     <span class='ocr_line' id='line_1_58' title="bbox 291 3824 1957 3894; baseline -0.002 -13"><span class='ocrx_word' id='word_1_420' title='bbox 291 3827 607 3894; x_wconf 89' lang='lat' dir='ltr'><em>continens,</em></span> <span class='ocrx_word' id='word_1_421' title='bbox 639 3827 707 3880; x_wconf 87' lang='lat' dir='ltr'><em>ab</em></span> <span class='ocrx_word' id='word_1_422' title='bbox 738 3827 959 3881; x_wconf 89' lang='lat' dir='ltr'><em>ineunte</em></span> <span class='ocrx_word' id='word_1_423' title='bbox 990 3841 1108 3879; x_wconf 90' lang='lat' dir='ltr'><em>mea</em></span> <span class='ocrx_word' id='word_1_424' title='bbox 1136 3829 1298 3881; x_wconf 55' lang='lat' dir='ltr'><em>mtate</em></span> <span class='ocrx_word' id='word_1_425' title='bbox 1327 3824 1658 3879; x_wconf 73' lang='lat' dir='ltr'><em>dilexerim:</em></span> <span class='ocrx_word' id='word_1_426' title='bbox 1690 3825 1782 3880; x_wconf 84' lang='lat' dir='ltr'><em>sed</em></span> <span class='ocrx_word' id='word_1_427' title='bbox 1814 3824 1957 3879; x_wconf 87' lang='lat' dir='ltr'><em>Con-</em></span> 
     </span>
    </p>
   </div>
   <div class='ocr_carea' id='block_1_59' title="bbox 291 3912 1957 3985">
    <p class='ocr_par' dir='ltr' id='par_1_59' title="bbox 291 3912 1957 3985">
     <span class='ocr_line' id='line_1_59' title="bbox 291 3912 1957 3985; baseline -0.002 -15"><span class='ocrx_word' id='word_1_428' title='bbox 291 3914 815 3985; x_wconf 62' lang='lat' dir='ltr'><em>stantinopolitanav</em></span> <span class='ocrx_word' id='word_1_429' title='bbox 845 3914 911 3985; x_wconf 88' lang='lat' dir='ltr'><em>[P</em></span> <span class='ocrx_word' id='word_1_430' title='bbox 939 3914 1065 3983; x_wconf 81' lang='grc'><em>465]</em></span> <span class='ocrx_word' id='word_1_431' title='bbox 1097 3912 1345 3968; x_wconf 69' lang='lat' dir='ltr'><em>Ecclesia:</em></span> <span class='ocrx_word' id='word_1_432' title='bbox 1362 3915 1839 3968; x_wconf 78' lang='lat' dir='ltr'><em>reuerentissimus</em></span> <span class='ocrx_word' id='word_1_433' title='bbox 1858 3914 1957 3968; x_wconf 82' lang='lat' dir='ltr'><em>cle-</em></span> 
     </span>
    </p>
   </div>
   <div class='ocr_carea' id='block_1_60' title="bbox 294 4002 1957 4074">
    <p class='ocr_par' dir='ltr' id='par_1_60' title="bbox 294 4002 1957 4074">
     <span class='ocr_line' id='line_1_60' title="bbox 294 4002 1957 4074; baseline -0.002 -15"><span class='ocrx_word' id='word_1_434' title='bbox 294 4021 401 4059; x_wconf 86' lang='lat' dir='ltr'><em>rus</em></span> <span class='ocrx_word' id='word_1_435' title='bbox 453 4007 554 4074; x_wconf 84' lang='lat' dir='ltr'><em>est,</em></span> <span class='ocrx_word' id='word_1_436' title='bbox 581 4005 679 4074; x_wconf 90' lang='lat' dir='ltr'><em>qui</em></span> <span class='ocrx_word' id='word_1_437' title='bbox 731 4003 829 4058; x_wconf 91' lang='lat' dir='ltr'><em>hoc</em></span> <span class='ocrx_word' id='word_1_438' title='bbox 888 4003 1081 4058; x_wconf 82' lang='lat' dir='ltr'><em>habuit</em></span> <span class='ocrx_word' id='word_1_439' title='bbox 1110 4003 1373 4069; x_wconf 86' lang='lat' dir='ltr'><em>studium,</em></span> <span class='ocrx_word' id='word_1_440' title='bbox 1425 4007 1477 4056; x_wconf 84' lang='lat' dir='ltr'><em>et</em></span> <span class='ocrx_word' id='word_1_441' title='bbox 1525 4002 1759 4057; x_wconf 87' lang='lat' dir='ltr'><em>istarum</em></span> <span class='ocrx_word' id='word_1_442' title='bbox 1817 4020 1957 4073; x_wconf 81' lang='lat' dir='ltr'><em>par—</em></span> 
     </span>
    </p>
   </div>
   <div class='ocr_carea' id='block_1_61' title="bbox 297 4092 1959 4161">
    <p class='ocr_par' dir='ltr' id='par_1_61' title="bbox 297 4092 1959 4161">
     <span class='ocr_line' id='line_1_61' title="bbox 297 4092 1959 4161; baseline -0.001 -13"><span class='ocrx_word' id='word_1_443' title='bbox 297 4094 452 4148; x_wconf 83' lang='lat' dir='ltr'><em>tium</em></span> <span class='ocrx_word' id='word_1_444' title='bbox 512 4092 921 4161; x_wconf 85' lang='lat' dir='ltr'><em>religiosissimi</em></span> <span class='ocrx_word' id='word_1_445' title='bbox 978 4092 1300 4157; x_wconf 88' lang='lat' dir='ltr'><em>sacerdotes,</em></span> <span class='ocrx_word' id='word_1_446' title='bbox 1355 4092 1454 4160; x_wconf 91' lang='lat' dir='ltr'><em>qui</em></span> <span class='ocrx_word' id='word_1_447' title='bbox 1508 4093 1569 4144; x_wconf 84' lang='lat' dir='ltr'><em>in</em></span> <span class='ocrx_word' id='word_1_448' title='bbox 1639 4093 1736 4145; x_wconf 87' lang='lat' dir='ltr'><em>hoc</em></span> <span class='ocrx_word' id='word_1_449' title='bbox 1800 4097 1959 4161; x_wconf 80' lang='lat' dir='ltr'><em>fuere</em></span> 
     </span>
    </p>
   </div>
   <div class='ocr_carea' id='block_1_62' title="bbox 291 4179 1959 4252">
    <p class='ocr_par' dir='ltr' id='par_1_62' title="bbox 291 4179 1959 4252">
     <span class='ocr_line' id='line_1_62' title="bbox 291 4179 1959 4252; baseline -0.002 -14"><span class='ocrx_word' id='word_1_450' title='bbox 291 4181 591 4238; x_wconf 86' lang='lat' dir='ltr'><em>concordes</em></span> <span class='ocrx_word' id='word_1_451' title='bbox 653 4190 707 4237; x_wconf 90' lang='lat' dir='ltr'><em>et</em></span> <span class='ocrx_word' id='word_1_452' title='bbox 768 4181 877 4236; x_wconf 88' lang='lat' dir='ltr'><em>sibi</em></span> <span class='ocrx_word' id='word_1_453' title='bbox 933 4182 1147 4252; x_wconf 87' lang='lat' dir='ltr'><em>pariter</em></span> <span class='ocrx_word' id='word_1_454' title='bbox 1211 4180 1509 4251; x_wconf 84' lang='lat' dir='ltr'><em>adjutores.</em></span> <span class='ocrx_word' id='word_1_455' title='bbox 1564 4179 1695 4234; x_wconf 77' lang='lat' dir='ltr'><em>Mox</em></span> <span class='ocrx_word' id='word_1_456' title='bbox 1762 4185 1959 4235; x_wconf 87' lang='lat' dir='ltr'><em>autem</em></span> 
     </span>
    </p>
   </div>
   <div class='ocr_carea' id='block_1_63' title="bbox 294 4269 1960 4344">
    <p class='ocr_par' dir='ltr' id='par_1_63' title="bbox 294 4269 1960 4344">
     <span class='ocr_line' id='line_1_63' title="bbox 294 4269 1960 4344; baseline -0.002 -17"><span class='ocrx_word' id='word_1_457' title='bbox 294 4272 703 4344; x_wconf 91' lang='lat' dir='ltr'><em>quodcunque</em></span> <span class='ocrx_word' id='word_1_458' title='bbox 746 4274 1029 4325; x_wconf 87' lang='lat' dir='ltr'><em>tentatum</em></span> <span class='ocrx_word' id='word_1_459' title='bbox 1090 4269 1149 4323; x_wconf 92' lang='lat' dir='ltr'><em>in</em></span> <span class='ocrx_word' id='word_1_460' title='bbox 1202 4269 1309 4325; x_wconf 91' lang='lat' dir='ltr'><em>hoc</em></span> <span class='ocrx_word' id='word_1_461' title='bbox 1340 4284 1551 4340; x_wconf 88' lang='lat' dir='ltr'><em>genere</em></span> <span class='ocrx_word' id='word_1_462' title='bbox 1608 4270 1796 4324; x_wconf 85' lang='lat' dir='ltr'><em>fuerat</em></span> <span class='ocrx_word' id='word_1_463' title='bbox 1825 4270 1960 4324; x_wconf 88' lang='lat' dir='ltr'><em>irri-</em></span> 
     </span>
    </p>
   </div>
   <div class='ocr_carea' id='block_1_64' title="bbox 292 4356 1962 4431">
    <p class='ocr_par' dir='ltr' id='par_1_64' title="bbox 292 4356 1962 4431">
     <span class='ocr_line' id='line_1_64' title="bbox 292 4356 1962 4431; baseline -0.001 -15"><span class='ocrx_word' id='word_1_464' title='bbox 292 4366 429 4416; x_wconf 87' lang='lat' dir='ltr'><em>tum</em></span> <span class='ocrx_word' id='word_1_465' title='bbox 491 4360 758 4430; x_wconf 88' lang='lat' dir='ltr'><em>agnoscit</em></span> <span class='ocrx_word' id='word_1_466' title='bbox 814 4375 881 4414; x_wconf 84' lang='lat' dir='ltr'><em>ex</em></span> <span class='ocrx_word' id='word_1_467' title='bbox 945 4374 1061 4430; x_wconf 91' lang='lat' dir='ltr'><em>quo</em></span> <span class='ocrx_word' id='word_1_468' title='bbox 1122 4356 1268 4412; x_wconf 88' lang='lat' dir='ltr'><em>illud</em></span> <span class='ocrx_word' id='word_1_469' title='bbox 1340 4358 1641 4413; x_wconf 81' lang='lat' dir='ltr'><em>Romanus</em></span> <span class='ocrx_word' id='word_1_470' title='bbox 1701 4360 1962 4431; x_wconf 82' lang='lat' dir='ltr'><em>pontifex</em></span> 
     </span>
    </p>
   </div>
   <div class='ocr_carea' id='block_1_65' title="bbox 294 4447 1962 4520">
    <p class='ocr_par' dir='ltr' id='par_1_65' title="bbox 294 4447 1962 4520">
     <span class='ocr_line' id='line_1_65' title="bbox 294 4447 1962 4520; baseline 0 -16"><span class='ocrx_word' id='word_1_471' title='bbox 294 4449 722 4520; x_wconf 85' lang='lat' dir='ltr'><em>improbasset.</em></span> <span class='ocrx_word' id='word_1_472' title='bbox 756 4447 848 4502; x_wconf 90' lang='lat' dir='ltr'><em>Sic</em></span> <span class='ocrx_word' id='word_1_473' title='bbox 880 4447 1036 4501; x_wconf 91' lang='lat' dir='ltr'><em>enim</em></span> <span class='ocrx_word' id='word_1_474' title='bbox 1070 4448 1350 4501; x_wconf 90' lang='lat' dir='ltr'><em>continuo</em></span> <span class='ocrx_word' id='word_1_475' title='bbox 1384 4447 1696 4519; x_wconf 82' lang='lat' dir='ltr'><em>subjungit</em></span> <span class='ocrx_word' id='word_1_476' title='bbox 1721 4466 1733 4504; x_wconf 92' lang='lat'><strong>:</strong></span> <span class='ocrx_word' id='word_1_477' title='bbox 1757 4449 1894 4503; x_wconf 84' lang='lat' dir='ltr'><em>Cum</em></span> <span class='ocrx_word' id='word_1_478' title='bbox 1911 4457 1962 4504; x_wconf 87' lang='lat' dir='ltr'><em>et</em></span> 
     </span>
    </p>
   </div>
   <div class='ocr_carea' id='block_1_66' title="bbox 2057 2111 3695 2187">
    <p class='ocr_par' dir='ltr' id='par_1_66' title="bbox 2057 2111 3695 2187">
     <span class='ocr_line' id='line_1_66' title="bbox 2057 2111 3695 2187; baseline 0.007 -22"><span class='ocrx_word' id='word_1_479' title='bbox 2057 2111 2406 2183; x_wconf 88' lang='lat' dir='ltr'><em>patriarcbis</em></span> <span class='ocrx_word' id='word_1_480' title='bbox 2439 2115 2734 2185; x_wconf 64' lang='lat' dir='ltr'><em>prapositi</em></span> <span class='ocrx_word' id='word_1_481' title='bbox 2792 2115 3064 2187; x_wconf 87' lang='lat' dir='ltr'><em>legantur</em></span> <span class='ocrx_word' id='word_1_482' title='bbox 3114 2118 3174 2173; x_wconf 94' lang='lat' dir='ltr'><em>in</em></span> <span class='ocrx_word' id='word_1_483' title='bbox 3230 2119 3478 2175; x_wconf 83' lang='lat' dir='ltr'><em>Novellis</em></span> <span class='ocrx_word' id='word_1_484' title='bbox 3535 2121 3695 2176; x_wconf 89' lang='lat' dir='ltr'><em>illius</em></span> 
     </span>
    </p>
   </div>
   <div class='ocr_carea' id='block_1_67' title="bbox 2056 2201 3696 2280">
    <p class='ocr_par' dir='ltr' id='par_1_67' title="bbox 2056 2201 3696 2280">
     <span class='ocr_line' id='line_1_67' title="bbox 2056 2201 3696 2280; baseline 0.007 -26"><span class='ocrx_word' id='word_1_485' title='bbox 2056 2201 2449 2271; x_wconf 87' lang='lat' dir='ltr'><em>imperatoris,</em></span> <span class='ocrx_word' id='word_1_486' title='bbox 2483 2206 2677 2258; x_wconf 88' lang='lat' dir='ltr'><em>tamen</em></span> <span class='ocrx_word' id='word_1_487' title='bbox 2709 2204 2765 2257; x_wconf 85' lang='lat' dir='ltr'><em>id</em></span> <span class='ocrx_word' id='word_1_488' title='bbox 2800 2204 2946 2261; x_wconf 90' lang='lat' dir='ltr'><em>citra</em></span> <span class='ocrx_word' id='word_1_489' title='bbox 2976 2206 3382 2277; x_wconf 73' lang='lat' dir='ltr'><em>prtejudicium</em></span> <span class='ocrx_word' id='word_1_490' title='bbox 3410 2210 3696 2280; x_wconf 87' lang='lat' dir='ltr'><em>primatus</em></span> 
     </span>
    </p>
   </div>
   <div class='ocr_carea' id='block_1_68' title="bbox 2055 2300 3698 2375">
    <p class='ocr_par' dir='ltr' id='par_1_68' title="bbox 2055 2300 3698 2375">
     <span class='ocr_line' id='line_1_68' title="bbox 2055 2300 3698 2375; baseline 0.007 -22"><span class='ocrx_word' id='word_1_491' title='bbox 2055 2300 2327 2355; x_wconf 62' lang='lat' dir='ltr'><em>Romanis</em></span> <span class='ocrx_word' id='word_1_492' title='bbox 2354 2301 2478 2356; x_wconf 89' lang='lat' dir='ltr'><em>sedi</em></span> <span class='ocrx_word' id='word_1_493' title='bbox 2536 2304 2923 2375; x_wconf 85' lang='lat' dir='ltr'><em>competentis</em></span> <span class='ocrx_word' id='word_1_494' title='bbox 2978 2307 3197 2362; x_wconf 87' lang='lat' dir='ltr'><em>factum</em></span> <span class='ocrx_word' id='word_1_495' title='bbox 3257 2309 3563 2365; x_wconf 79' lang='lat' dir='ltr'><em>manifeste</em></span> <span class='ocrx_word' id='word_1_496' title='bbox 3593 2310 3698 2365; x_wconf 88' lang='lat' dir='ltr'><em>de-</em></span> 
     </span>
    </p>
   </div>
   <div class='ocr_carea' id='block_1_69' title="bbox 2056 2388 3674 2461">
    <p class='ocr_par' dir='ltr' id='par_1_69' title="bbox 2056 2388 3674 2461">
     <span class='ocr_line' id='line_1_69' title="bbox 2056 2388 3674 2461; baseline 0.006 -18"><span class='ocrx_word' id='word_1_497' title='bbox 2056 2388 2239 2443; x_wconf 88' lang='lat' dir='ltr'><em>clarat</em></span> <span class='ocrx_word' id='word_1_498' title='bbox 2297 2389 2422 2461; x_wconf 89' lang='lat' dir='ltr'><em>ipse</em></span> <span class='ocrx_word' id='word_1_499' title='bbox 2479 2391 2858 2449; x_wconf 87' lang='lat' dir='ltr'><em>Justinianus</em></span> <span class='ocrx_word' id='word_1_500' title='bbox 2929 2394 2987 2449; x_wconf 90' lang='lat' dir='ltr'><em>in</em></span> <span class='ocrx_word' id='word_1_501' title='bbox 3047 2412 3153 2451; x_wconf 89' lang='lat' dir='ltr'><em>suo</em></span> <span class='ocrx_word' id='word_1_502' title='bbox 3230 2396 3425 2452; x_wconf 88' lang='lat' dir='ltr'><em>codice</em></span> <span class='ocrx_word' id='word_1_503' title='bbox 3476 2402 3538 2452; x_wconf 90' lang='lat' dir='ltr'><em>L.</em></span> <span class='ocrx_word' id='word_1_504' title='bbox 3600 2398 3674 2453; x_wconf 86' lang='lat' dir='ltr'><strong><em>Co</em></strong></span> 
     </span>
    </p>
   </div>
   <div class='ocr_carea' id='block_1_70' title="bbox 2054 2479 3700 2557">
    <p class='ocr_par' dir='ltr' id='par_1_70' title="bbox 2054 2479 3700 2557">
     <span class='ocr_line' id='line_1_70' title="bbox 2054 2479 3700 2557; baseline 0.007 -26"><span class='ocrx_word' id='word_1_505' title='bbox 2054 2494 2333 2547; x_wconf 84' lang='lat' dir='ltr'><em>gnoscere,</em></span> <span class='ocrx_word' id='word_1_506' title='bbox 2368 2479 2467 2533; x_wconf 89' lang='lat' dir='ltr'><em>ubi</em></span> <span class='ocrx_word' id='word_1_507' title='bbox 2524 2481 2595 2535; x_wconf 88' lang='lat' dir='ltr'><em>de</em></span> <span class='ocrx_word' id='word_1_508' title='bbox 2653 2482 2914 2537; x_wconf 84' lang='lat' dir='ltr'><em>Romano</em></span> <span class='ocrx_word' id='word_1_509' title='bbox 2972 2484 3246 2555; x_wconf 88' lang='lat' dir='ltr'><em>pontiﬁce</em></span> <span class='ocrx_word' id='word_1_510' title='bbox 3298 2484 3561 2557; x_wconf 90' lang='lat' dir='ltr'><em>loquitur</em></span> <span class='ocrx_word' id='word_1_511' title='bbox 3610 2487 3700 2542; x_wconf 88' lang='lat' dir='ltr'><em>his</em></span> 
     </span>
    </p>
   </div>
   <div class='ocr_carea' id='block_1_71' title="bbox 2055 2567 3703 2646">
    <p class='ocr_par' dir='ltr' id='par_1_71' title="bbox 2055 2567 3703 2646">
     <span class='ocr_line' id='line_1_71' title="bbox 2055 2567 3703 2646; baseline 0.007 -26"><span class='ocrx_word' id='word_1_512' title='bbox 2055 2567 2247 2622; x_wconf 89' lang='lat' dir='ltr'><em>verbis</em></span> <span class='ocrx_word' id='word_1_513' title='bbox 2272 2583 2286 2621; x_wconf 88' lang='lat'>:</span> <span class='ocrx_word' id='word_1_514' title='bbox 2313 2568 2420 2623; x_wconf 84' lang='lat' dir='ltr'><em>Nec</em></span> <span class='ocrx_word' id='word_1_515' title='bbox 2449 2570 2598 2623; x_wconf 87' lang='lat' dir='ltr'><em>enim</em></span> <span class='ocrx_word' id='word_1_516' title='bbox 2621 2571 2873 2640; x_wconf 78' lang='lat' dir='ltr'><em>patimur</em></span> <span class='ocrx_word' id='word_1_517' title='bbox 2900 2575 2960 2627; x_wconf 89' lang='lat' dir='ltr'><em>ut</em></span> <span class='ocrx_word' id='word_1_518' title='bbox 2983 2574 3291 2643; x_wconf 87' lang='lat' dir='ltr'><em>quidquam</em></span> <span class='ocrx_word' id='word_1_519' title='bbox 3347 2590 3538 2629; x_wconf 88' lang='lat' dir='ltr'><em>eorum</em></span> <span class='ocrx_word' id='word_1_520' title='bbox 3579 2592 3703 2646; x_wconf 60' lang='lat' dir='ltr'><em>qum</em></span> 
     </span>
    </p>
   </div>
   <div class='ocr_carea' id='block_1_72' title="bbox 2055 2655 3703 2731">
    <p class='ocr_par' dir='ltr' id='par_1_72' title="bbox 2055 2655 3703 2731">
     <span class='ocr_line' id='line_1_72' title="bbox 2055 2655 3703 2731; baseline 0.005 -20"><span class='ocrx_word' id='word_1_521' title='bbox 2055 2655 2125 2711; x_wconf 87' lang='lat' dir='ltr'><em>ad</em></span> <span class='ocrx_word' id='word_1_522' title='bbox 2172 2656 2601 2712; x_wconf 87' lang='lat' dir='ltr'><em>ecclesiasticum</em></span> <span class='ocrx_word' id='word_1_523' title='bbox 2650 2659 2928 2729; x_wconf 79' lang='lat' dir='ltr'><em>pertinent</em></span> <span class='ocrx_word' id='word_1_524' title='bbox 2983 2669 3205 2731; x_wconf 86' lang='lat' dir='ltr'><em>statum,</em></span> <span class='ocrx_word' id='word_1_525' title='bbox 3238 2679 3353 2719; x_wconf 88' lang='lat' dir='ltr'><em>non</em></span> <span class='ocrx_word' id='word_1_526' title='bbox 3402 2665 3570 2719; x_wconf 87' lang='lat' dir='ltr'><em>etiam</em></span> <span class='ocrx_word' id='word_1_527' title='bbox 3628 2665 3703 2719; x_wconf 87' lang='lat' dir='ltr'><em>ud</em></span> 
     </span>
    </p>
   </div>
   <div class='ocr_carea' id='block_1_73' title="bbox 2055 2744 3703 2825">
    <p class='ocr_par' dir='ltr' id='par_1_73' title="bbox 2055 2744 3703 2825">
     <span class='ocr_line' id='line_1_73' title="bbox 2055 2744 3703 2825; baseline 0.007 -28"><span class='ocrx_word' id='word_1_528' title='bbox 2055 2744 2301 2815; x_wconf 87' lang='lat' dir='ltr'><em>ejusdem</em></span> <span class='ocrx_word' id='word_1_529' title='bbox 2334 2745 2615 2816; x_wconf 81' lang='lat' dir='ltr'><em>referatur</em></span> <span class='ocrx_word' id='word_1_530' title='bbox 2666 2748 3084 2817; x_wconf 85' lang='lat' dir='ltr'><em>beatitudinem,</em></span> <span class='ocrx_word' id='word_1_531' title='bbox 3116 2768 3243 2806; x_wconf 88' lang='lat' dir='ltr'><em>cum</em></span> <span class='ocrx_word' id='word_1_532' title='bbox 3295 2768 3361 2808; x_wconf 89' lang='lat' dir='ltr'><em>ea</em></span> <span class='ocrx_word' id='word_1_533' title='bbox 3416 2753 3491 2809; x_wconf 81' lang='lat' dir='ltr'><em>sit</em></span> <span class='ocrx_word' id='word_1_534' title='bbox 3537 2758 3703 2825; x_wconf 84' lang='lat' dir='ltr'><em>caput</em></span> 
     </span>
    </p>
   </div>
   <div class='ocr_carea' id='block_1_74' title="bbox 2056 2833 3702 2898">
    <p class='ocr_par' dir='ltr' id='par_1_74' title="bbox 2056 2833 3702 2898">
     <span class='ocr_line' id='line_1_74' title="bbox 2056 2833 3702 2898; baseline 0.005 -11"><span class='ocrx_word' id='word_1_535' title='bbox 2056 2833 2306 2889; x_wconf 89' lang='lat' dir='ltr'><em>omnium</em></span> <span class='ocrx_word' id='word_1_536' title='bbox 2359 2835 2848 2893; x_wconf 86' lang='lat' dir='ltr'><em>sanctissimorum</em></span> <span class='ocrx_word' id='word_1_537' title='bbox 2900 2839 2999 2894; x_wconf 88' lang='lat' dir='ltr'><em>Dei</em></span> <span class='ocrx_word' id='word_1_538' title='bbox 3030 2841 3388 2897; x_wconf 87' lang='lat' dir='ltr'><em>sacerdotum.</em></span> <span class='ocrx_word' id='word_1_539' title='bbox 3446 2843 3576 2898; x_wconf 73' lang='lat' dir='ltr'><em>Haec</em></span> <span class='ocrx_word' id='word_1_540' title='bbox 3634 2843 3702 2897; x_wconf 81' lang='lat' dir='ltr'><em>il—</em></span> 
     </span>
    </p>
   </div>
   <div class='ocr_carea' id='block_1_75' title="bbox 2057 2919 3708 2998">
    <p class='ocr_par' dir='ltr' id='par_1_75' title="bbox 2057 2919 3708 2998">
     <span class='ocr_line' id='line_1_75' title="bbox 2057 2919 3708 2998; baseline 0.007 -25"><span class='ocrx_word' id='word_1_541' title='bbox 2057 2919 2242 2987; x_wconf 89' lang='lat' dir='ltr'><em>le;ad</em></span> <span class='ocrx_word' id='word_1_542' title='bbox 2277 2936 2405 2990; x_wconf 73' lang='lat' dir='ltr'><em>quae</em></span> <span class='ocrx_word' id='word_1_543' title='bbox 2450 2922 2535 2976; x_wconf 92' lang='lat' dir='ltr'><em>sic</em></span> <span class='ocrx_word' id='word_1_544' title='bbox 2594 2924 2855 2990; x_wconf 89' lang='lat' dir='ltr'><em>adnotat,</em></span> <span class='ocrx_word' id='word_1_545' title='bbox 2890 2924 3111 2997; x_wconf 88' lang='lat' dir='ltr'><em>alioqui</em></span> <span class='ocrx_word' id='word_1_546' title='bbox 3171 2944 3376 2998; x_wconf 88' lang='lat' dir='ltr'><em>expers</em></span> <span class='ocrx_word' id='word_1_547' title='bbox 3430 2928 3708 2984; x_wconf 68' lang='lat' dir='ltr'><em>Romanis</em></span> 
     </span>
    </p>
   </div>
   <div class='ocr_carea' id='block_1_76' title="bbox 2058 3009 3703 3087">
    <p class='ocr_par' dir='ltr' id='par_1_76' title="bbox 2058 3009 3703 3087">
     <span class='ocr_line' id='line_1_76' title="bbox 2058 3009 3703 3087; baseline 0.006 -25"><span class='ocrx_word' id='word_1_548' title='bbox 2058 3009 2508 3079; x_wconf 88' lang='lat' dir='ltr'><em>communionis,</em></span> <span class='ocrx_word' id='word_1_549' title='bbox 2532 3010 2698 3082; x_wconf 88' lang='lat' dir='ltr'><em>Hugo</em></span> <span class='ocrx_word' id='word_1_550' title='bbox 2732 3012 2988 3080; x_wconf 84' lang='lat' dir='ltr'><em>Grotius,</em></span> <span class='ocrx_word' id='word_1_551' title='bbox 3026 3015 3085 3069; x_wconf 90' lang='lat' dir='ltr'><em>in</em></span> <span class='ocrx_word' id='word_1_552' title='bbox 3125 3015 3419 3086; x_wconf 88' lang='lat' dir='ltr'><em>Sparsione</em></span> <span class='ocrx_word' id='word_1_553' title='bbox 3454 3017 3703 3087; x_wconf 80' lang='lat' dir='ltr'><em>Florum,</em></span> 
     </span>
    </p>
   </div>
   <div class='ocr_carea' id='block_1_77' title="bbox 2061 3098 3709 3176">
    <p class='ocr_par' dir='ltr' id='par_1_77' title="bbox 2061 3098 3709 3176">
     <span class='ocr_line' id='line_1_77' title="bbox 2061 3098 3709 3176; baseline 0.008 -28"><span class='ocrx_word' id='word_1_554' title='bbox 2061 3113 2114 3167; x_wconf 92' lang='lat' dir='ltr'><em>p.</em></span> <span class='ocrx_word' id='word_1_555' title='bbox 2148 3098 2290 3151; x_wconf 71' lang='lat'><em>314:</em></span> <span class='ocrx_word' id='word_1_556' title='bbox 2328 3102 2457 3153; x_wconf 73' lang='lat' dir='ltr'><em>Htec</em></span> <span class='ocrx_word' id='word_1_557' title='bbox 2482 3104 2745 3169; x_wconf 85' lang='lat' dir='ltr'><em>perpetua</em></span> <span class='ocrx_word' id='word_1_558' title='bbox 2773 3104 2889 3172; x_wconf 84' lang='lat' dir='ltr'><em>fuit</em></span> <span class='ocrx_word' id='word_1_559' title='bbox 2947 3105 3173 3170; x_wconf 83' lang='lat' dir='ltr'><em>piorum</em></span> <span class='ocrx_word' id='word_1_560' title='bbox 3226 3107 3551 3176; x_wconf 83' lang='lat' dir='ltr'><em>principum</em></span> <span class='ocrx_word' id='word_1_561' title='bbox 3589 3122 3709 3162; x_wconf 85' lang='lat' dir='ltr'><em>sen-</em></span> 
     </span>
    </p>
   </div>
   <div class='ocr_carea' id='block_1_78' title="bbox 2064 3188 3710 3267">
    <p class='ocr_par' dir='ltr' id='par_1_78' title="bbox 2064 3188 3710 3267">
     <span class='ocr_line' id='line_1_78' title="bbox 2064 3188 3710 3267; baseline 0.007 -27"><span class='ocrx_word' id='word_1_562' title='bbox 2064 3188 2238 3241; x_wconf 87' lang='lat' dir='ltr'><em>tentia</em></span> <span class='ocrx_word' id='word_1_563' title='bbox 2294 3189 2363 3245; x_wconf 92' lang='lat' dir='ltr'><em>ad</em></span> <span class='ocrx_word' id='word_1_564' title='bbox 2428 3189 2688 3245; x_wconf 84' lang='lat' dir='ltr'><em>tuendam</em></span> <span class='ocrx_word' id='word_1_565' title='bbox 2763 3191 3026 3249; x_wconf 68' lang='lat' dir='ltr'><em>Ecclesiae</em></span> <span class='ocrx_word' id='word_1_566' title='bbox 3098 3195 3369 3250; x_wconf 87' lang='lat' dir='ltr'><em>unitatem</em></span> <span class='ocrx_word' id='word_1_567' title='bbox 3441 3212 3710 3267; x_wconf 86' lang='lat' dir='ltr'><em>perquam</em></span> 
     </span>
    </p>
   </div>
   <div class='ocr_carea' id='block_1_79' title="bbox 2063 3278 3715 3356">
    <p class='ocr_par' dir='ltr' id='par_1_79' title="bbox 2063 3278 3715 3356">
     <span class='ocr_line' id='line_1_79' title="bbox 2063 3278 3715 3356; baseline 0.007 -27"><span class='ocrx_word' id='word_1_568' title='bbox 2063 3278 2393 3333; x_wconf 89' lang='lat' dir='ltr'><em>necessaria.</em></span> <span class='ocrx_word' id='word_1_569' title='bbox 2427 3279 2574 3334; x_wconf 87' lang='lat' dir='ltr'><em>Idem</em></span> <span class='ocrx_word' id='word_1_570' title='bbox 2631 3280 2821 3335; x_wconf 88' lang='lat' dir='ltr'><em>dicunt</em></span> <span class='ocrx_word' id='word_1_571' title='bbox 2857 3282 3303 3337; x_wconf 85' lang='lat' dir='ltr'><em>Valentiniamus</em></span> <span class='ocrx_word' id='word_1_572' title='bbox 3362 3291 3413 3339; x_wconf 86' lang='lat' dir='ltr'><em>et</em></span> <span class='ocrx_word' id='word_1_573' title='bbox 3464 3284 3715 3356; x_wconf 82' lang='lat' dir='ltr'><em>placidia</em></span> 
     </span>
    </p>
   </div>
   <div class='ocr_carea' id='block_1_80' title="bbox 2066 3367 3717 3444">
    <p class='ocr_par' dir='ltr' id='par_1_80' title="bbox 2066 3367 3717 3444">
     <span class='ocr_line' id='line_1_80' title="bbox 2066 3367 3717 3444; baseline 0.006 -25"><span class='ocrx_word' id='word_1_574' title='bbox 2066 3367 2126 3419; x_wconf 86' lang='lat' dir='ltr'><em>in</em></span> <span class='ocrx_word' id='word_1_575' title='bbox 2183 3370 2333 3423; x_wconf 78' lang='lat' dir='ltr'><em>Actis</em></span> <span class='ocrx_word' id='word_1_576' title='bbox 2390 3375 2521 3424; x_wconf 80' lang='lat' dir='ltr'><em>ante</em></span> <span class='ocrx_word' id='word_1_577' title='bbox 2571 3369 2871 3425; x_wconf 84' lang='lat' dir='ltr'><em>concilium</em></span> <span class='ocrx_word' id='word_1_578' title='bbox 2930 3371 3384 3443; x_wconf 83' lang='lat' dir='ltr'><em>Chalcedonense,</em></span> <span class='ocrx_word' id='word_1_579' title='bbox 3410 3374 3623 3444; x_wconf 87' lang='lat' dir='ltr'><em>judices</em></span> <span class='ocrx_word' id='word_1_580' title='bbox 3679 3392 3717 3429; x_wconf 83' lang='grc' dir='ltr'><em>α</em></span> 
     </span>
    </p>
   </div>
   <div class='ocr_carea' id='block_1_81' title="bbox 2064 3457 3708 3534">
    <p class='ocr_par' dir='ltr' id='par_1_81' title="bbox 2064 3457 3708 3534">
     <span class='ocr_line' id='line_1_81' title="bbox 2064 3457 3708 3534; baseline 0.005 -24"><span class='ocrx_word' id='word_1_581' title='bbox 2064 3457 2331 3513; x_wconf 80' lang='lat' dir='ltr'><em>Martiano</em></span> <span class='ocrx_word' id='word_1_582' title='bbox 2389 3458 2528 3527; x_wconf 87' lang='lat' dir='ltr'><em>dati,</em></span> <span class='ocrx_word' id='word_1_583' title='bbox 2561 3465 2614 3514; x_wconf 88' lang='lat' dir='ltr'><em>et</em></span> <span class='ocrx_word' id='word_1_584' title='bbox 2670 3459 2794 3529; x_wconf 78' lang='lat' dir='ltr'><em>ipsa</em></span> <span class='ocrx_word' id='word_1_585' title='bbox 2845 3461 3082 3532; x_wconf 81' lang='lat' dir='ltr'><em>synodus</em></span> <span class='ocrx_word' id='word_1_586' title='bbox 3140 3461 3593 3519; x_wconf 78' lang='lat' dir='ltr'><em>Chalcedonensis</em></span> <span class='ocrx_word' id='word_1_587' title='bbox 3633 3480 3708 3534; x_wconf 85' lang='lat' dir='ltr'><em>Iv,</em></span> 
     </span>
    </p>
   </div>
   <div class='ocr_carea' id='block_1_82' title="bbox 2064 3548 3711 3618">
    <p class='ocr_par' dir='ltr' id='par_1_82' title="bbox 2064 3548 3711 3618">
     <span class='ocr_line' id='line_1_82' title="bbox 2064 3548 3711 3618; baseline 0.005 -18"><span class='ocrx_word' id='word_1_588' title='bbox 2064 3551 2170 3601; x_wconf 86' lang='lat' dir='ltr'><em>act.</em></span> <span class='ocrx_word' id='word_1_589' title='bbox 2236 3548 2322 3602; x_wconf 88' lang='lat'><em>16.</em></span> <span class='ocrx_word' id='word_1_590' title='bbox 2384 3548 2529 3603; x_wconf 88' lang='lat' dir='ltr'><em>Adde</em></span> <span class='ocrx_word' id='word_1_591' title='bbox 2584 3550 2868 3605; x_wconf 81' lang='lat' dir='ltr'><em>Novellum</em></span> <span class='ocrx_word' id='word_1_592' title='bbox 2927 3551 3051 3606; x_wconf 82' lang='lat'><em>131.</em></span> <span class='ocrx_word' id='word_1_593' title='bbox 3104 3554 3290 3618; x_wconf 86' lang='lat' dir='ltr'><em>Quare</em></span> <span class='ocrx_word' id='word_1_594' title='bbox 3367 3552 3539 3608; x_wconf 88' lang='lat' dir='ltr'><em>aliam</em></span> <span class='ocrx_word' id='word_1_595' title='bbox 3592 3570 3711 3608; x_wconf 62' lang='lat' dir='ltr'><em>sua:</em></span> 
     </span>
    </p>
   </div>
   <div class='ocr_carea' id='block_1_83' title="bbox 2065 3638 3713 3712">
    <p class='ocr_par' dir='ltr' id='par_1_83' title="bbox 2065 3638 3713 3712">
     <span class='ocr_line' id='line_1_83' title="bbox 2065 3638 3713 3712; baseline 0.004 -22"><span class='ocrx_word' id='word_1_596' title='bbox 2065 3638 2413 3692; x_wconf 87' lang='lat' dir='ltr'><em>auctoritatis</em></span> <span class='ocrx_word' id='word_1_597' title='bbox 2446 3638 2864 3709; x_wconf 86' lang='lat' dir='ltr'><em>independentis</em></span> <span class='ocrx_word' id='word_1_598' title='bbox 2893 3641 3518 3712; x_wconf 84' lang='lat' dir='ltr'><em>Constantinopolitani</em></span> <span class='ocrx_word' id='word_1_599' title='bbox 3573 3660 3713 3697; x_wconf 92' lang='lat' dir='ltr'><em>con—</em></span> 
     </span>
    </p>
   </div>
   <div class='ocr_carea' id='block_1_84' title="bbox 2068 3725 3712 3801">
    <p class='ocr_par' dir='ltr' id='par_1_84' title="bbox 2068 3725 3712 3801">
     <span class='ocr_line' id='line_1_84' title="bbox 2068 3725 3712 3801; baseline 0.004 -23"><span class='ocrx_word' id='word_1_600' title='bbox 2068 3725 2452 3780; x_wconf 86' lang='lat' dir='ltr'><em>ﬁrmationem</em></span> <span class='ocrx_word' id='word_1_601' title='bbox 2479 3731 2760 3795; x_wconf 68' lang='lat' dir='ltr'><em>quaerant.</em></span> <span class='ocrx_word' id='word_1_602' title='bbox 2790 3727 2933 3781; x_wconf 88' lang='lat' dir='ltr'><em>Nam</em></span> <span class='ocrx_word' id='word_1_603' title='bbox 2958 3726 3077 3782; x_wconf 79' lang='lat' dir='ltr'><em>haec</em></span> <span class='ocrx_word' id='word_1_604' title='bbox 3100 3728 3335 3798; x_wconf 89' lang='lat' dir='ltr'><em>quidem</em></span> <span class='ocrx_word' id='word_1_605' title='bbox 3361 3746 3475 3801; x_wconf 88' lang='lat' dir='ltr'><em>qua</em></span> <span class='ocrx_word' id='word_1_606' title='bbox 3502 3746 3563 3786; x_wconf 88' lang='lat' dir='ltr'><em>se</em></span> <span class='ocrx_word' id='word_1_607' title='bbox 3603 3747 3712 3785; x_wconf 92' lang='lat' dir='ltr'><em>un-</em></span> 
     </span>
    </p>
   </div>
   <div class='ocr_carea' id='block_1_85' title="bbox 2067 3812 3712 3890">
    <p class='ocr_par' dir='ltr' id='par_1_85' title="bbox 2067 3812 3712 3890">
     <span class='ocr_line' id='line_1_85' title="bbox 2067 3812 3712 3890; baseline 0.001 -23"><span class='ocrx_word' id='word_1_608' title='bbox 2067 3812 2172 3867; x_wconf 86' lang='lat' dir='ltr'><em>nili</em></span> <span class='ocrx_word' id='word_1_609' title='bbox 2207 3813 2483 3882; x_wconf 86' lang='lat' dir='ltr'><em>fatentur,</em></span> <span class='ocrx_word' id='word_1_610' title='bbox 2509 3818 2565 3868; x_wconf 92' lang='lat' dir='ltr'><em>et</em></span> <span class='ocrx_word' id='word_1_611' title='bbox 2596 3831 2816 3869; x_wconf 87' lang='lat' dir='ltr'><em>canone</em></span> <span class='ocrx_word' id='word_1_612' title='bbox 2845 3815 3324 3883; x_wconf 86' lang='lat' dir='ltr'><em>Chalcedonensi,</em></span> <span class='ocrx_word' id='word_1_613' title='bbox 3352 3817 3539 3888; x_wconf 78' lang='lat' dir='ltr'><em>palam</em></span> <span class='ocrx_word' id='word_1_614' title='bbox 3564 3814 3712 3890; x_wconf 74' lang='grc' dir='ltr'><em>οἷ’χε-</em></span> 
     </span>
    </p>
   </div>
   <div class='ocr_carea' id='block_1_86' title="bbox 2066 3901 3713 3974">
    <p class='ocr_par' dir='ltr' id='par_1_86' title="bbox 2066 3901 3713 3974">
     <span class='ocr_line' id='line_1_86' title="bbox 2066 3901 3713 3974; baseline 0.004 -20"><span class='ocrx_word' id='word_1_615' title='bbox 2066 3921 2174 3969; x_wconf 88' lang='grc' dir='ltr'>ται,</span> <span class='ocrx_word' id='word_1_616' title='bbox 2207 3918 2277 3956; x_wconf 90' lang='lat' dir='ltr'><em>ne</em></span> <span class='ocrx_word' id='word_1_617' title='bbox 2308 3901 2455 3973; x_wconf 89' lang='lat' dir='ltr'><em>ipsis</em></span> <span class='ocrx_word' id='word_1_618' title='bbox 2487 3902 2725 3973; x_wconf 89' lang='lat' dir='ltr'><em>quidem</em></span> <span class='ocrx_word' id='word_1_619' title='bbox 2762 3905 2949 3972; x_wconf 85' lang='lat' dir='ltr'><em>(tanta</em></span> <span class='ocrx_word' id='word_1_620' title='bbox 2981 3903 3067 3959; x_wconf 89' lang='lat' dir='ltr'><em>vis</em></span> <span class='ocrx_word' id='word_1_621' title='bbox 3096 3905 3356 3959; x_wconf 89' lang='lat' dir='ltr'><em>veritatis</em></span> <span class='ocrx_word' id='word_1_622' title='bbox 3384 3910 3511 3974; x_wconf 90' lang='lat' dir='ltr'><em>est),</em></span> <span class='ocrx_word' id='word_1_623' title='bbox 3536 3907 3713 3960; x_wconf 88' lang='lat' dir='ltr'><em>etiam</em></span> 
     </span>
    </p>
   </div>
   <div class='ocr_carea' id='block_1_87' title="bbox 2070 3998 3711 4072">
    <p class='ocr_par' dir='ltr' id='par_1_87' title="bbox 2070 3998 3711 4072">
     <span class='ocr_line' id='line_1_87' title="bbox 2070 3998 3711 4072; baseline 0.001 -20"><span class='ocrx_word' id='word_1_624' title='bbox 2070 4002 2378 4068; x_wconf 87' lang='lat' dir='ltr'><em>postquam</em></span> <span class='ocrx_word' id='word_1_625' title='bbox 2438 3998 2723 4054; x_wconf 91' lang='lat' dir='ltr'><em>Photiano</em></span> <span class='ocrx_word' id='word_1_626' title='bbox 2798 3999 3118 4055; x_wconf 87' lang='lat' dir='ltr'><em>schismate</em></span> <span class='ocrx_word' id='word_1_627' title='bbox 3187 4002 3434 4056; x_wconf 88' lang='lat' dir='ltr'><em>frontem</em></span> <span class='ocrx_word' id='word_1_628' title='bbox 3495 4001 3711 4072; x_wconf 86' lang='lat' dir='ltr'><em>perfri-</em></span> 
     </span>
    </p>
   </div>
   <div class='ocr_carea' id='block_1_88' title="bbox 2068 4086 3710 4157">
    <p class='ocr_par' dir='ltr' id='par_1_88' title="bbox 2068 4086 3710 4157">
     <span class='ocr_line' id='line_1_88' title="bbox 2068 4086 3710 4157; baseline 0.001 -15"><span class='ocrx_word' id='word_1_629' title='bbox 2068 4092 2335 4157; x_wconf 89' lang='lat' dir='ltr'><em>cuerunt,</em></span> <span class='ocrx_word' id='word_1_630' title='bbox 2385 4086 2761 4143; x_wconf 88' lang='lat' dir='ltr'><em>dissimulare</em></span> <span class='ocrx_word' id='word_1_631' title='bbox 2818 4088 3111 4143; x_wconf 88' lang='lat' dir='ltr'><em>interdum</em></span> <span class='ocrx_word' id='word_1_632' title='bbox 3170 4088 3526 4144; x_wconf 86' lang='lat' dir='ltr'><em>valentibus.</em></span> <span class='ocrx_word' id='word_1_633' title='bbox 3561 4090 3710 4152; x_wconf 89' lang='lat' dir='ltr'><em>Quid</em></span> 
     </span>
    </p>
   </div>
   <div class='ocr_carea' id='block_1_89' title="bbox 2070 4174 3715 4249">
    <p class='ocr_par' dir='ltr' id='par_1_89' title="bbox 2070 4174 3715 4249">
     <span class='ocr_line' id='line_1_89' title="bbox 2070 4174 3715 4249; baseline 0.002 -19"><span class='ocrx_word' id='word_1_634' title='bbox 2070 4176 2225 4230; x_wconf 91' lang='lat' dir='ltr'><em>enim</em></span> <span class='ocrx_word' id='word_1_635' title='bbox 2258 4174 2415 4229; x_wconf 89' lang='lat' dir='ltr'><em>aliud</em></span> <span class='ocrx_word' id='word_1_636' title='bbox 2452 4175 2668 4230; x_wconf 86' lang='lat' dir='ltr'><em>indicat</em></span> <span class='ocrx_word' id='word_1_637' title='bbox 2702 4177 2757 4230; x_wconf 88' lang='lat' dir='ltr'><em>id</em></span> <span class='ocrx_word' id='word_1_638' title='bbox 2792 4179 2944 4248; x_wconf 89' lang='lat' dir='ltr'><em>quod</em></span> <span class='ocrx_word' id='word_1_639' title='bbox 2991 4178 3263 4249; x_wconf 86' lang='lat' dir='ltr'><em>superius</em></span> <span class='ocrx_word' id='word_1_640' title='bbox 3324 4177 3433 4233; x_wconf 88' lang='lat' dir='ltr'><em>hoc</em></span> <span class='ocrx_word' id='word_1_641' title='bbox 3465 4177 3592 4249; x_wconf 89' lang='lat' dir='ltr'><em>ipso</em></span> <span class='ocrx_word' id='word_1_642' title='bbox 3623 4181 3715 4233; x_wconf 88' lang='lat' dir='ltr'><em>est</em></span> 
     </span>
    </p>
   </div>
   <div class='ocr_carea' id='block_1_90' title="bbox 2069 4265 3713 4337">
    <p class='ocr_par' dir='ltr' id='par_1_90' title="bbox 2069 4265 3713 4337">
     <span class='ocr_line' id='line_1_90' title="bbox 2069 4265 3713 4337; baseline 0.001 -17"><span class='ocrx_word' id='word_1_643' title='bbox 2069 4266 2257 4336; x_wconf 89' lang='lat' dir='ltr'><em>capite</em></span> <span class='ocrx_word' id='word_1_644' title='bbox 2289 4269 2611 4335; x_wconf 90' lang='lat' dir='ltr'><em>narratum,</em></span> <span class='ocrx_word' id='word_1_645' title='bbox 2646 4270 3057 4337; x_wconf 79' lang='lat' dir='ltr'><em>congregatum</em></span> <span class='ocrx_word' id='word_1_646' title='bbox 3103 4266 3213 4321; x_wconf 89' lang='lat' dir='ltr'><em>sub</em></span> <span class='ocrx_word' id='word_1_647' title='bbox 3266 4265 3491 4321; x_wconf 87' lang='lat' dir='ltr'><em>Joanne</em></span> <span class='ocrx_word' id='word_1_648' title='bbox 3551 4267 3713 4322; x_wconf 86' lang='lat' dir='ltr'><em>Duca</em></span> 
     </span>
    </p>
   </div>
   <div class='ocr_carea' id='block_1_91' title="bbox 2066 4354 3714 4427">
    <p class='ocr_par' dir='ltr' id='par_1_91' title="bbox 2066 4354 3714 4427">
     <span class='ocr_line' id='line_1_91' title="bbox 2066 4354 3714 4427; baseline 0.001 -18"><span class='ocrx_word' id='word_1_649' title='bbox 2066 4355 2418 4426; x_wconf 86' lang='lat' dir='ltr'><em>imperatore</em></span> <span class='ocrx_word' id='word_1_650' title='bbox 2449 4354 2778 4409; x_wconf 82' lang='lat' dir='ltr'><em>Graecorum</em></span> <span class='ocrx_word' id='word_1_651' title='bbox 2819 4355 3106 4425; x_wconf 89' lang='lat' dir='ltr'><em>synodum</em></span> <span class='ocrx_word' id='word_1_652' title='bbox 3167 4354 3494 4410; x_wconf 88' lang='lat' dir='ltr'><em>decrevisse</em></span> <span class='ocrx_word' id='word_1_653' title='bbox 3553 4356 3714 4427; x_wconf 81' lang='lat' dir='ltr'><em>lega-</em></span> 
     </span>
    </p>
   </div>
   <div class='ocr_carea' id='block_1_92' title="bbox 2069 4442 3717 4517">
    <p class='ocr_par' dir='ltr' id='par_1_92' title="bbox 2069 4442 3717 4517">
     <span class='ocr_line' id='line_1_92' title="bbox 2069 4442 3717 4517; baseline 0 -18"><span class='ocrx_word' id='word_1_654' title='bbox 2069 4445 2288 4499; x_wconf 90' lang='lat' dir='ltr'><em>tionem</em></span> <span class='ocrx_word' id='word_1_655' title='bbox 2322 4445 2392 4499; x_wconf 88' lang='lat' dir='ltr'><em>ad</em></span> <span class='ocrx_word' id='word_1_656' title='bbox 2428 4460 2807 4515; x_wconf 89' lang='lat' dir='ltr'><em>papam,qua</em></span> <span class='ocrx_word' id='word_1_657' title='bbox 2865 4442 3047 4497; x_wconf 80' lang='lat' dir='ltr'><em>functi</em></span> <span class='ocrx_word' id='word_1_658' title='bbox 3107 4460 3169 4499; x_wconf 92' lang='lat' dir='ltr'><em>re</em></span> <span class='ocrx_word' id='word_1_659' title='bbox 3226 4443 3356 4515; x_wconf 87' lang='lat' dir='ltr'><em>ipsa</em></span> <span class='ocrx_word' id='word_1_660' title='bbox 3411 4444 3532 4499; x_wconf 89' lang='lat' dir='ltr'><em>sint</em></span> <span class='ocrx_word' id='word_1_661' title='bbox 3588 4445 3717 4517; x_wconf 91' lang='lat' dir='ltr'><em>epi-</em></span> 
     </span>
    </p>
   </div>
   <div class='ocr_carea' id='block_1_93' title="bbox 288 4531 3711 4610">
    <p class='ocr_par' dir='ltr' id='par_1_93' title="bbox 288 4531 3711 4610">
     <span class='ocr_line' id='line_1_93' title="bbox 288 4531 3711 4610; baseline -0.002 -15"><span class='ocrx_word' id='word_1_662' title='bbox 288 4539 378 4595; x_wconf 87' lang='lat' dir='ltr'><em>sic</em></span> <span class='ocrx_word' id='word_1_663' title='bbox 409 4542 696 4610; x_wconf 85' lang='lat' dir='ltr'><em>gestorum</em></span> <span class='ocrx_word' id='word_1_664' title='bbox 726 4536 810 4591; x_wconf 90' lang='lat' dir='ltr'><em>vis</em></span> <span class='ocrx_word' id='word_1_665' title='bbox 838 4538 1016 4592; x_wconf 88' lang='lat' dir='ltr'><em>omnis</em></span> <span class='ocrx_word' id='word_1_666' title='bbox 1042 4541 1095 4590; x_wconf 90' lang='lat' dir='ltr'><em>et</em></span> <span class='ocrx_word' id='word_1_667' title='bbox 1127 4536 1473 4605; x_wconf 89' lang='lat' dir='ltr'><em>conﬁrmatio</em></span> <span class='ocrx_word' id='word_1_668' title='bbox 1502 4540 1838 4592; x_wconf 81' lang='lat' dir='ltr'><em>auctoritati</em></span> <span class='ocrx_word' id='word_1_669' title='bbox 1866 4553 1953 4592; x_wconf 92' lang='lat' dir='ltr'><em>ve-</em></span> <span class='ocrx_word' id='word_1_670' title='bbox 1986 4535 2033 4597; x_wconf 91' lang='lat' dir='ltr'><strong>D</strong></span> <span class='ocrx_word' id='word_1_671' title='bbox 2069 4533 2226 4604; x_wconf 90' lang='lat' dir='ltr'><em>scopi</em></span> <span class='ocrx_word' id='word_1_672' title='bbox 2290 4534 2428 4602; x_wconf 91' lang='lat' dir='ltr'><em>duo,</em></span> <span class='ocrx_word' id='word_1_673' title='bbox 2488 4533 2797 4587; x_wconf 91' lang='lat' dir='ltr'><em>Sardensis</em></span> <span class='ocrx_word' id='word_1_674' title='bbox 2852 4531 3243 4599; x_wconf 82' lang='lat' dir='ltr'><em>Andronicus,</em></span> <span class='ocrx_word' id='word_1_675' title='bbox 3285 4536 3341 4587; x_wconf 90' lang='lat' dir='ltr'><em>et</em></span> <span class='ocrx_word' id='word_1_676' title='bbox 3398 4531 3711 4604; x_wconf 86' lang='lat' dir='ltr'><em>Cyzicenus</em></span> 
     </span>
    </p>
   </div>
   <div class='ocr_carea' id='block_1_94' title="bbox 289 4626 1957 4695">
    <p class='ocr_par' dir='ltr' id='par_1_94' title="bbox 289 4626 1957 4695">
     <span class='ocr_line' id='line_1_94' title="bbox 289 4626 1957 4695; baseline -0.002 -11"><span class='ocrx_word' id='word_1_677' title='bbox 289 4632 434 4685; x_wconf 54' lang='lat' dir='ltr'><em>stre</em></span> <span class='ocrx_word' id='word_1_678' title='bbox 492 4626 858 4683; x_wconf 89' lang='lat' dir='ltr'><em>beatitudinis</em></span> <span class='ocrx_word' id='word_1_679' title='bbox 911 4626 1086 4695; x_wconf 82' lang='lat' dir='ltr'><em>fuerit</em></span> <span class='ocrx_word' id='word_1_680' title='bbox 1145 4627 1301 4681; x_wconf 78' lang='lat'><em>664</em></span> <span class='ocrx_word' id='word_1_681' title='bbox 1357 4631 1654 4682; x_wconf 87' lang='lat' dir='ltr'><em>reservata.</em></span> <span class='ocrx_word' id='word_1_682' title='bbox 1707 4630 1793 4682; x_wconf 90' lang='lat' dir='ltr'><em>Ita</em></span> <span class='ocrx_word' id='word_1_683' title='bbox 1859 4628 1957 4681; x_wconf 87' lang='lat' dir='ltr'><em>ille</em></span> 
     </span>
    </p>
   </div>
   <div class='ocr_carea' id='block_1_95' title="bbox 294 4716 1960 4787">
    <p class='ocr_par' dir='ltr' id='par_1_95' title="bbox 294 4716 1960 4787">
     <span class='ocr_line' id='line_1_95' title="bbox 294 4716 1960 4787; baseline -0.002 -13"><span class='ocrx_word' id='word_1_684' title='bbox 294 4718 450 4774; x_wconf 86' lang='lat' dir='ltr'><em>satis</em></span> <span class='ocrx_word' id='word_1_685' title='bbox 495 4717 776 4787; x_wconf 87' lang='lat' dir='ltr'><em>judicans</em></span> <span class='ocrx_word' id='word_1_686' title='bbox 836 4716 984 4771; x_wconf 90' lang='lat' dir='ltr'><em>nihil</em></span> <span class='ocrx_word' id='word_1_687' title='bbox 1045 4720 1421 4771; x_wconf 87' lang='lat' dir='ltr'><em>consecutam</em></span> <span class='ocrx_word' id='word_1_688' title='bbox 1473 4716 1605 4770; x_wconf 90' lang='lat' dir='ltr'><em>novi</em></span> <span class='ocrx_word' id='word_1_689' title='bbox 1648 4717 1801 4785; x_wconf 88' lang='lat' dir='ltr'><em>juris</em></span> <span class='ocrx_word' id='word_1_690' title='bbox 1859 4721 1960 4771; x_wconf 89' lang='lat' dir='ltr'><em>aut</em></span> 
     </span>
    </p>
   </div>
   <div class='ocr_carea' id='block_1_96' title="bbox 294 4804 1956 4875">
    <p class='ocr_par' dir='ltr' id='par_1_96' title="bbox 294 4804 1956 4875">
     <span class='ocr_line' id='line_1_96' title="bbox 294 4804 1956 4875; baseline -0.001 -14"><span class='ocrx_word' id='word_1_691' title='bbox 294 4806 416 4861; x_wconf 89' lang='lat' dir='ltr'><em>loci</em></span> <span class='ocrx_word' id='word_1_692' title='bbox 474 4804 1187 4875; x_wconf 88' lang='lat' dir='ltr'><em>Constantinopolitanam</em></span> <span class='ocrx_word' id='word_1_693' title='bbox 1249 4805 1448 4859; x_wconf 85' lang='lat' dir='ltr'><em>sedem</em></span> <span class='ocrx_word' id='word_1_694' title='bbox 1498 4820 1600 4874; x_wconf 90' lang='lat' dir='ltr'><em>per</em></span> <span class='ocrx_word' id='word_1_695' title='bbox 1641 4804 1956 4861; x_wconf 90' lang='lat' dir='ltr'><em>Chalcedo-</em></span> 
     </span>
    </p>
   </div>
   <div class='ocr_carea' id='block_1_97' title="bbox 296 4892 1956 4964">
    <p class='ocr_par' dir='ltr' id='par_1_97' title="bbox 296 4892 1956 4964">
     <span class='ocr_line' id='line_1_97' title="bbox 296 4892 1956 4964; baseline -0.001 -13"><span class='ocrx_word' id='word_1_696' title='bbox 296 4911 553 4951; x_wconf 87' lang='lat' dir='ltr'><em>nensem</em></span> <span class='ocrx_word' id='word_1_697' title='bbox 587 4909 895 4959; x_wconf 90' lang='lat' dir='ltr'><em>canonem,</em></span> <span class='ocrx_word' id='word_1_698' title='bbox 928 4893 1051 4964; x_wconf 90' lang='lat' dir='ltr'><em>qui,</em></span> <span class='ocrx_word' id='word_1_699' title='bbox 1082 4898 1147 4947; x_wconf 89' lang='lat' dir='ltr'><em>ut</em></span> <span class='ocrx_word' id='word_1_700' title='bbox 1178 4893 1293 4947; x_wconf 91' lang='lat' dir='ltr'><em>vim</em></span> <span class='ocrx_word' id='word_1_701' title='bbox 1328 4892 1587 4961; x_wconf 88' lang='lat' dir='ltr'><em>haberet,</em></span> <span class='ocrx_word' id='word_1_702' title='bbox 1624 4893 1956 4949; x_wconf 89' lang='lat' dir='ltr'><em>conﬁrmari</em></span> 
     </span>
    </p>
   </div>
   <div class='ocr_carea' id='block_1_98' title="bbox 293 4980 1955 5053">
    <p class='ocr_par' dir='ltr' id='par_1_98' title="bbox 293 4980 1955 5053">
     <span class='ocr_line' id='line_1_98' title="bbox 293 4980 1955 5053; baseline 0.001 -15"><span class='ocrx_word' id='word_1_703' title='bbox 293 4985 576 5040; x_wconf 87' lang='lat' dir='ltr'><em>debuerit</em></span> <span class='ocrx_word' id='word_1_704' title='bbox 632 4999 666 5037; x_wconf 77' lang='grc' dir='ltr'><em>ο.</em></span> <span class='ocrx_word' id='word_1_705' title='bbox 720 4982 983 5038; x_wconf 81' lang='lat' dir='ltr'><em>Romano</em></span> <span class='ocrx_word' id='word_1_706' title='bbox 1040 4980 1337 5053; x_wconf 87' lang='lat' dir='ltr'><em>pontiﬁce,</em></span> <span class='ocrx_word' id='word_1_707' title='bbox 1373 4998 1507 5037; x_wconf 90' lang='lat' dir='ltr'><em>cum</em></span> <span class='ocrx_word' id='word_1_708' title='bbox 1566 4999 1701 5037; x_wconf 89' lang='lat' dir='ltr'><em>eum</em></span> <span class='ocrx_word' id='word_1_709' title='bbox 1760 4988 1955 5039; x_wconf 86' lang='lat' dir='ltr'><em>tamen</em></span> 
     </span>
    </p>
   </div>
   <div class='ocr_carea' id='block_1_99' title="bbox 292 5078 1959 5151">
    <p class='ocr_par' dir='ltr' id='par_1_99' title="bbox 292 5078 1959 5151">
     <span class='ocr_line' id='line_1_99' title="bbox 292 5078 1959 5151; baseline -0.001 -14"><span class='ocrx_word' id='word_1_710' title='bbox 292 5083 401 5137; x_wconf 88' lang='lat' dir='ltr'><em>ille</em></span> <span class='ocrx_word' id='word_1_711' title='bbox 438 5081 858 5151; x_wconf 85' lang='lat' dir='ltr'><em>reprobaverit.</em></span> <span class='ocrx_word' id='word_1_712' title='bbox 900 5080 1009 5136; x_wconf 91' lang='lat' dir='ltr'><em>Ubi</em></span> <span class='ocrx_word' id='word_1_713' title='bbox 1059 5086 1148 5135; x_wconf 90' lang='lat' dir='ltr'><em>est</em></span> <span class='ocrx_word' id='word_1_714' title='bbox 1200 5096 1338 5151; x_wconf 83' lang='lat' dir='ltr'><em>ergo</em></span> <span class='ocrx_word' id='word_1_715' title='bbox 1398 5078 1500 5134; x_wconf 88' lang='lat' dir='ltr'><em>illa</em></span> <span class='ocrx_word' id='word_1_716' title='bbox 1551 5080 1844 5151; x_wconf 90' lang='lat' dir='ltr'><em>possessio</em></span> <span class='ocrx_word' id='word_1_717' title='bbox 1869 5082 1959 5137; x_wconf 90' lang='lat' dir='ltr'><em>in-</em></span> 
     </span>
    </p>
   </div>
   <div class='ocr_carea' id='block_1_100' title="bbox 291 5169 1957 5243">
    <p class='ocr_par' dir='ltr' id='par_1_100' title="bbox 291 5169 1957 5243">
     <span class='ocr_line' id='line_1_100' title="bbox 291 5169 1957 5243; baseline -0.001 -16"><span class='ocrx_word' id='word_1_718' title='bbox 291 5170 698 5243; x_wconf 86' lang='lat' dir='ltr'><em>dependentis</em></span> <span class='ocrx_word' id='word_1_719' title='bbox 752 5169 1145 5237; x_wconf 87' lang='lat' dir='ltr'><em>auctoritatis,</em></span> <span class='ocrx_word' id='word_1_720' title='bbox 1180 5174 1279 5225; x_wconf 86' lang='lat' dir='ltr'><em>aut</em></span> <span class='ocrx_word' id='word_1_721' title='bbox 1312 5186 1427 5239; x_wconf 88' lang='lat' dir='ltr'><em>quo</em></span> <span class='ocrx_word' id='word_1_722' title='bbox 1479 5170 1612 5239; x_wconf 89' lang='lat' dir='ltr'><em>jure</em></span> <span class='ocrx_word' id='word_1_723' title='bbox 1671 5186 1736 5223; x_wconf 87' lang='lat' dir='ltr'><em>ac</em></span> <span class='ocrx_word' id='word_1_724' title='bbox 1770 5187 1957 5240; x_wconf 88' lang='lat' dir='ltr'><em>quan-</em></span> 
     </span>
    </p>
   </div>
   <div class='ocr_carea' id='block_1_101' title="bbox 296 5257 1958 5330">
    <p class='ocr_par' dir='ltr' id='par_1_101' title="bbox 296 5257 1958 5330">
     <span class='ocr_line' id='line_1_101' title="bbox 296 5257 1958 5330; baseline -0.002 -14"><span class='ocrx_word' id='word_1_725' title='bbox 296 5263 375 5316; x_wconf 91' lang='lat' dir='ltr'><em>do</em></span> <span class='ocrx_word' id='word_1_726' title='bbox 412 5260 585 5325; x_wconf 86' lang='lat' dir='ltr'><em>inita,</em></span> <span class='ocrx_word' id='word_1_727' title='bbox 621 5276 792 5330; x_wconf 90' lang='lat' dir='ltr'><em>quam</em></span> <span class='ocrx_word' id='word_1_728' title='bbox 827 5275 889 5314; x_wconf 87' lang='lat' dir='ltr'><em>se</em></span> <span class='ocrx_word' id='word_1_729' title='bbox 936 5259 1087 5314; x_wconf 90' lang='lat' dir='ltr'><em>tueri</em></span> <span class='ocrx_word' id='word_1_730' title='bbox 1145 5263 1337 5313; x_wconf 87' lang='lat' dir='ltr'><em>certos</em></span> <span class='ocrx_word' id='word_1_731' title='bbox 1390 5258 1485 5311; x_wconf 90' lang='lat' dir='ltr'><em>hic</em></span> <span class='ocrx_word' id='word_1_732' title='bbox 1538 5257 1719 5312; x_wconf 66' lang='lat' dir='ltr'><em>Graeci</em></span> <span class='ocrx_word' id='word_1_733' title='bbox 1770 5258 1958 5313; x_wconf 88' lang='lat' dir='ltr'><em>schis-</em></span> 
     </span>
    </p>
   </div>
   <div class='ocr_carea' id='block_1_102' title="bbox 299 5346 1958 5416">
    <p class='ocr_par' dir='ltr' id='par_1_102' title="bbox 299 5346 1958 5416">
     <span class='ocr_line' id='line_1_102' title="bbox 299 5346 1958 5416; baseline -0.003 -11"><span class='ocrx_word' id='word_1_734' title='bbox 299 5348 1021 5405; x_wconf 79' lang='lat' dir='ltr'><em>maticial’ﬁrmant?Sane</em></span> <span class='ocrx_word' id='word_1_735' title='bbox 1046 5346 1127 5401; x_wconf 90' lang='lat' dir='ltr'><em>illi</em></span> <span class='ocrx_word' id='word_1_736' title='bbox 1150 5347 1397 5401; x_wconf 86' lang='lat' dir='ltr'><em>fundum</em></span> <span class='ocrx_word' id='word_1_737' title='bbox 1424 5347 1664 5401; x_wconf 90' lang='lat' dir='ltr'><em>unicum</em></span> <span class='ocrx_word' id='word_1_738' title='bbox 1692 5352 1793 5400; x_wconf 90' lang='lat' dir='ltr'><em>aut</em></span> <span class='ocrx_word' id='word_1_739' title='bbox 1816 5364 1958 5416; x_wconf 79' lang='lat' dir='ltr'><em>prae-</em></span> 
     </span>
    </p>
   </div>
   <div class='ocr_carea' id='block_1_103' title="bbox 288 5433 1957 5511">
    <p class='ocr_par' dir='ltr' id='par_1_103' title="bbox 288 5433 1957 5511">
     <span class='ocr_line' id='line_1_103' title="bbox 288 5433 1957 5511; baseline -0.002 -18"><span class='ocrx_word' id='word_1_740' title='bbox 288 5440 548 5511; x_wconf 90' lang='lat' dir='ltr'><em>cipuum</em></span> <span class='ocrx_word' id='word_1_741' title='bbox 580 5433 913 5507; x_wconf 78' lang='grc' dir='ltr'><em>αὐτονομίας</em></span> <span class='ocrx_word' id='word_1_742' title='bbox 960 5435 1156 5503; x_wconf 85' lang='lat' dir='ltr'><em>istius,</em></span> <span class='ocrx_word' id='word_1_743' title='bbox 1191 5440 1246 5491; x_wconf 91' lang='lat' dir='ltr'><em>et</em></span> <span class='ocrx_word' id='word_1_744' title='bbox 1292 5435 1486 5490; x_wconf 71' lang='lat' dir='ltr'><em>liberae</em></span> <span class='ocrx_word' id='word_1_745' title='bbox 1520 5434 1589 5487; x_wconf 87' lang='lat' dir='ltr'><em>ab</em></span> <span class='ocrx_word' id='word_1_746' title='bbox 1651 5436 1808 5488; x_wconf 91' lang='lat' dir='ltr'><em>omni</em></span> <span class='ocrx_word' id='word_1_747' title='bbox 1839 5436 1957 5490; x_wconf 81' lang='lat' dir='ltr'><em>Ro-</em></span> 
     </span>
    </p>
   </div>
   <div class='ocr_carea' id='block_1_104' title="bbox 284 5521 1960 5597">
    <p class='ocr_par' dir='ltr' id='par_1_104' title="bbox 284 5521 1960 5597">
     <span class='ocr_line' id='line_1_104' title="bbox 284 5521 1960 5597; baseline -0.003 -12"><span class='ocrx_word' id='word_1_748' title='bbox 284 5544 480 5585; x_wconf 77' lang='lat' dir='ltr'><em>manae</em></span> <span class='ocrx_word' id='word_1_749' title='bbox 541 5526 704 5581; x_wconf 86' lang='lat' dir='ltr'><em>sedis</em></span> <span class='ocrx_word' id='word_1_750' title='bbox 757 5524 1175 5597; x_wconf 88' lang='lat' dir='ltr'><em>jurisdictione</em></span> <span class='ocrx_word' id='word_1_751' title='bbox 1265 5521 1592 5596; x_wconf 88' lang='lat' dir='ltr'><em>potestatis,</em></span> <span class='ocrx_word' id='word_1_752' title='bbox 1645 5524 1960 5580; x_wconf 88' lang='lat' dir='ltr'><em>Chalcedo-</em></span> 
     </span>
    </p>
   </div>
   <div class='ocr_carea' id='block_1_105' title="bbox 285 5612 1957 5687">
    <p class='ocr_par' dir='ltr' id='par_1_105' title="bbox 285 5612 1957 5687">
     <span class='ocr_line' id='line_1_105' title="bbox 285 5612 1957 5687; baseline -0.002 -13"><span class='ocrx_word' id='word_1_753' title='bbox 285 5632 539 5675; x_wconf 86' lang='lat' dir='ltr'><em>nensem</em></span> <span class='ocrx_word' id='word_1_754' title='bbox 571 5615 750 5672; x_wconf 86' lang='lat' dir='ltr'><em>istum</em></span> <span class='ocrx_word' id='word_1_755' title='bbox 786 5632 1070 5672; x_wconf 87' lang='lat' dir='ltr'><em>canonem</em></span> <span class='ocrx_word' id='word_1_756' title='bbox 1107 5612 1447 5687; x_wconf 57' lang='lat' dir='ltr'><em>praedicant.</em></span> <span class='ocrx_word' id='word_1_757' title='bbox 1503 5612 1795 5669; x_wconf 89' lang='lat' dir='ltr'><em>Audiatur</em></span> <span class='ocrx_word' id='word_1_758' title='bbox 1853 5631 1957 5685; x_wconf 90' lang='lat' dir='ltr'><em>pro</em></span> 
     </span>
    </p>
   </div>
   <div class='ocr_carea' id='block_1_106' title="bbox 2068 4621 3718 4693">
    <p class='ocr_par' dir='ltr' id='par_1_106' title="bbox 2068 4621 3718 4693">
     <span class='ocr_line' id='line_1_106' title="bbox 2068 4621 3718 4693; baseline 0.001 -17"><span class='ocrx_word' id='word_1_759' title='bbox 2068 4622 2369 4689; x_wconf 77' lang='lat' dir='ltr'><em>Georgius,</em></span> <span class='ocrx_word' id='word_1_760' title='bbox 2398 4638 2500 4692; x_wconf 89' lang='lat' dir='ltr'><em>per</em></span> <span class='ocrx_word' id='word_1_761' title='bbox 2526 4638 2697 4692; x_wconf 89' lang='lat' dir='ltr'><em>quam</em></span> <span class='ocrx_word' id='word_1_762' title='bbox 2723 4621 3133 4690; x_wconf 88' lang='lat' dir='ltr'><em>proﬁterentur</em></span> <span class='ocrx_word' id='word_1_763' title='bbox 3151 4637 3207 4676; x_wconf 91' lang='lat' dir='ltr'><em>se</em></span> <span class='ocrx_word' id='word_1_764' title='bbox 3234 4626 3462 4689; x_wconf 87' lang='lat' dir='ltr'><em>paratos</em></span> <span class='ocrx_word' id='word_1_765' title='bbox 3492 4621 3718 4693; x_wconf 87' lang='lat' dir='ltr'><em>obsequi</em></span> 
     </span>
    </p>
   </div>
   <div class='ocr_carea' id='block_1_107' title="bbox 2062 4709 3714 4781">
    <p class='ocr_par' dir='ltr' id='par_1_107' title="bbox 2062 4709 3714 4781">
     <span class='ocr_line' id='line_1_107' title="bbox 2062 4709 3714 4781; baseline 0.001 -17"><span class='ocrx_word' id='word_1_766' title='bbox 2062 4711 2315 4780; x_wconf 77' lang='lat' dir='ltr'><em>pontiﬁci</em></span> <span class='ocrx_word' id='word_1_767' title='bbox 2372 4711 2613 4764; x_wconf 87' lang='lat' dir='ltr'><em>Romana</em></span> <span class='ocrx_word' id='word_1_768' title='bbox 2668 4710 2891 4780; x_wconf 89' lang='lat' dir='ltr'><em>ejusque</em></span> <span class='ocrx_word' id='word_1_769' title='bbox 2945 4709 3007 4763; x_wconf 88' lang='lat' dir='ltr'><em>in</em></span> <span class='ocrx_word' id='word_1_770' title='bbox 3064 4726 3221 4765; x_wconf 78' lang='lat' dir='ltr'><em>sacra</em></span> <span class='ocrx_word' id='word_1_771' title='bbox 3270 4712 3418 4768; x_wconf 75' lang='lat'><em>665</em></span> <span class='ocrx_word' id='word_1_772' title='bbox 3481 4712 3714 4781; x_wconf 83' lang='lat' dir='ltr'><em>liturgia</em></span> 
     </span>
    </p>
   </div>
   <div class='ocr_carea' id='block_1_108' title="bbox 2067 4800 3715 4873">
    <p class='ocr_par' dir='ltr' id='par_1_108' title="bbox 2067 4800 3715 4873">
     <span class='ocr_line' id='line_1_108' title="bbox 2067 4800 3715 4873; baseline -0.001 -17"><span class='ocrx_word' id='word_1_773' title='bbox 2067 4803 2395 4857; x_wconf 86' lang='lat' dir='ltr'><em>mentionem</em></span> <span class='ocrx_word' id='word_1_774' title='bbox 2415 4802 2525 4855; x_wconf 90' lang='lat' dir='ltr'><em>rite</em></span> <span class='ocrx_word' id='word_1_775' title='bbox 2551 4802 2747 4867; x_wconf 85' lang='lat' dir='ltr'><em>facere,</em></span> <span class='ocrx_word' id='word_1_776' title='bbox 2772 4801 2821 4854; x_wconf 88' lang='lat' dir='ltr'><em>si</em></span> <span class='ocrx_word' id='word_1_777' title='bbox 2844 4802 2889 4854; x_wconf 89' lang='lat' dir='ltr'><em>is</em></span> <span class='ocrx_word' id='word_1_778' title='bbox 2905 4802 3220 4856; x_wconf 89' lang='lat' dir='ltr'><em>societatem</em></span> <span class='ocrx_word' id='word_1_779' title='bbox 3232 4800 3580 4873; x_wconf 86' lang='lat' dir='ltr'><em>abrumperet</em></span> <span class='ocrx_word' id='word_1_780' title='bbox 3593 4818 3715 4856; x_wconf 88' lang='lat' dir='ltr'><em>cum</em></span> 
     </span>
    </p>
   </div>
   <div class='ocr_carea' id='block_1_109' title="bbox 2068 4888 3713 4962">
    <p class='ocr_par' dir='ltr' id='par_1_109' title="bbox 2068 4888 3713 4962">
     <span class='ocr_line' id='line_1_109' title="bbox 2068 4888 3713 4962; baseline 0 -16"><span class='ocrx_word' id='word_1_781' title='bbox 2068 4892 2282 4947; x_wconf 84' lang='lat' dir='ltr'><em>Latinis</em></span> <span class='ocrx_word' id='word_1_782' title='bbox 2348 4890 2538 4943; x_wconf 89' lang='lat' dir='ltr'><em>urbem</em></span> <span class='ocrx_word' id='word_1_783' title='bbox 2607 4888 3133 4962; x_wconf 86' lang='lat' dir='ltr'><em>Constantinopolim</em></span> <span class='ocrx_word' id='word_1_784' title='bbox 3206 4891 3533 4957; x_wconf 83' lang='lat' dir='ltr'><em>tenentibus,</em></span> <span class='ocrx_word' id='word_1_785' title='bbox 3601 4896 3713 4946; x_wconf 90' lang='lat' dir='ltr'><em>etc.</em></span> 
     </span>
    </p>
   </div>
   <div class='ocr_carea' id='block_1_110' title="bbox 2068 4986 3720 5059">
    <p class='ocr_par' dir='ltr' id='par_1_110' title="bbox 2068 4986 3720 5059">
     <span class='ocr_line' id='line_1_110' title="bbox 2068 4986 3720 5059; baseline -0.001 -16"><span class='ocrx_word' id='word_1_786' title='bbox 2068 4989 2267 5059; x_wconf 90' lang='lat' dir='ltr'><em>Neque</em></span> <span class='ocrx_word' id='word_1_787' title='bbox 2299 4988 2477 5050; x_wconf 89' lang='lat' dir='ltr'><em>enim,</em></span> <span class='ocrx_word' id='word_1_788' title='bbox 2503 4987 2642 5042; x_wconf 90' lang='lat' dir='ltr'><em>dum</em></span> <span class='ocrx_word' id='word_1_789' title='bbox 2677 4986 2787 5042; x_wconf 92' lang='lat' dir='ltr'><em>hoc</em></span> <span class='ocrx_word' id='word_1_790' title='bbox 2814 4987 3265 5059; x_wconf 83' lang='lat' dir='ltr'><em>pollicebantur,</em></span> <span class='ocrx_word' id='word_1_791' title='bbox 3290 4989 3625 5057; x_wconf 89' lang='lat' dir='ltr'><em>novumjus</em></span> <span class='ocrx_word' id='word_1_792' title='bbox 3657 5003 3720 5042; x_wconf 90' lang='lat' dir='ltr'><em>se</em></span> 
     </span>
    </p>
   </div>
   <div class='ocr_carea' id='block_1_111' title="bbox 2069 5077 3719 5148">
    <p class='ocr_par' dir='ltr' id='par_1_111' title="bbox 2069 5077 3719 5148">
     <span class='ocr_line' id='line_1_111' title="bbox 2069 5077 3719 5148; baseline -0.001 -16"><span class='ocrx_word' id='word_1_793' title='bbox 2069 5078 2328 5133; x_wconf 84' lang='lat' dir='ltr'><em>conferre</em></span> <span class='ocrx_word' id='word_1_794' title='bbox 2386 5080 2648 5131; x_wconf 80' lang='lat' dir='ltr'><em>Romano</em></span> <span class='ocrx_word' id='word_1_795' title='bbox 2710 5077 2963 5131; x_wconf 88' lang='lat' dir='ltr'><em>antistiti</em></span> <span class='ocrx_word' id='word_1_796' title='bbox 3024 5078 3330 5148; x_wconf 84' lang='lat' dir='ltr'><em>putabant,</em></span> <span class='ocrx_word' id='word_1_797' title='bbox 3389 5078 3488 5132; x_wconf 83' lang='lat' dir='ltr'><em>sed</em></span> <span class='ocrx_word' id='word_1_798' title='bbox 3549 5088 3719 5131; x_wconf 88' lang='lat' dir='ltr'><em>vetus</em></span> 
     </span>
    </p>
   </div>
   <div class='ocr_carea' id='block_1_112' title="bbox 2069 5165 3711 5238">
    <p class='ocr_par' dir='ltr' id='par_1_112' title="bbox 2069 5165 3711 5238">
     <span class='ocr_line' id='line_1_112' title="bbox 2069 5165 3711 5238; baseline -0.002 -17"><span class='ocrx_word' id='word_1_799' title='bbox 2069 5172 2127 5221; x_wconf 89' lang='lat' dir='ltr'><em>et</em></span> <span class='ocrx_word' id='word_1_800' title='bbox 2183 5168 2255 5221; x_wconf 90' lang='lat' dir='ltr'><em>ab</em></span> <span class='ocrx_word' id='word_1_801' title='bbox 2311 5165 2516 5221; x_wconf 88' lang='lat' dir='ltr'><em>ultima</em></span> <span class='ocrx_word' id='word_1_802' title='bbox 2571 5166 2872 5221; x_wconf 87' lang='lat' dir='ltr'><em>ﬁrmatum</em></span> <span class='ocrx_word' id='word_1_803' title='bbox 2951 5167 3303 5238; x_wconf 88' lang='lat' dir='ltr'><em>antiquitate</em></span> <span class='ocrx_word' id='word_1_804' title='bbox 3378 5180 3711 5237; x_wconf 83' lang='lat' dir='ltr'><em>agnoscere.</em></span> 
     </span>
    </p>
   </div>
   <div class='ocr_carea' id='block_1_113' title="bbox 2070 5253 3714 5328">
    <p class='ocr_par' dir='ltr' id='par_1_113' title="bbox 2070 5253 3714 5328">
     <span class='ocr_line' id='line_1_113' title="bbox 2070 5253 3714 5328; baseline -0.002 -18"><span class='ocrx_word' id='word_1_805' title='bbox 2070 5257 2218 5320; x_wconf 88' lang='lat' dir='ltr'><em>Quid</em></span> <span class='ocrx_word' id='word_1_806' title='bbox 2244 5255 2404 5310; x_wconf 89' lang='lat' dir='ltr'><em>aliud</em></span> <span class='ocrx_word' id='word_1_807' title='bbox 2463 5256 2828 5311; x_wconf 87' lang='lat' dir='ltr'><em>demonstrat</em></span> <span class='ocrx_word' id='word_1_808' title='bbox 2877 5257 3053 5328; x_wconf 85' lang='lat' dir='ltr'><em>quod,</em></span> <span class='ocrx_word' id='word_1_809' title='bbox 3085 5273 3142 5326; x_wconf 91' lang='lat' dir='ltr'><em>p.</em></span> <span class='ocrx_word' id='word_1_810' title='bbox 3175 5257 3301 5322; x_wconf 84' lang='grc'><em>214,</em></span> <span class='ocrx_word' id='word_1_811' title='bbox 3332 5253 3574 5310; x_wconf 84' lang='lat' dir='ltr'><em>Michael</em></span> <span class='ocrx_word' id='word_1_812' title='bbox 3605 5257 3714 5307; x_wconf 84' lang='lat' dir='ltr'><em>Pa-</em></span> 
     </span>
    </p>
   </div>
   <div class='ocr_carea' id='block_1_114' title="bbox 2068 5340 3709 5417">
    <p class='ocr_par' dir='ltr' id='par_1_114' title="bbox 2068 5340 3709 5417">
     <span class='ocr_line' id='line_1_114' title="bbox 2068 5340 3709 5417; baseline -0.005 -17"><span class='ocrx_word' id='word_1_813' title='bbox 2068 5344 2347 5416; x_wconf 75' lang='lat' dir='ltr'><em>laeologus</em></span> <span class='ocrx_word' id='word_1_814' title='bbox 2377 5346 2680 5415; x_wconf 77' lang='lat' dir='ltr'><em>Augustus</em></span> <span class='ocrx_word' id='word_1_815' title='bbox 2704 5346 2774 5400; x_wconf 91' lang='lat' dir='ltr'><em>ad</em></span> <span class='ocrx_word' id='word_1_816' title='bbox 2807 5346 3094 5417; x_wconf 84' lang='lat' dir='ltr'><em>synodum</em></span> <span class='ocrx_word' id='word_1_817' title='bbox 3119 5343 3449 5399; x_wconf 71' lang='lat' dir='ltr'><em>Graecorum</em></span> <span class='ocrx_word' id='word_1_818' title='bbox 3475 5340 3709 5395; x_wconf 87' lang='lat' dir='ltr'><em>antisti-</em></span> 
     </span>
    </p>
   </div>
   <div class='ocr_carea' id='block_1_115' title="bbox 2072 5428 3710 5506">
    <p class='ocr_par' dir='ltr' id='par_1_115' title="bbox 2072 5428 3710 5506">
     <span class='ocr_line' id='line_1_115' title="bbox 2072 5428 3710 5506; baseline -0.004 -17"><span class='ocrx_word' id='word_1_819' title='bbox 2072 5439 2203 5489; x_wconf 89' lang='lat' dir='ltr'><em>tum</em></span> <span class='ocrx_word' id='word_1_820' title='bbox 2237 5451 2537 5506; x_wconf 88' lang='lat' dir='ltr'><em>perorans,</em></span> <span class='ocrx_word' id='word_1_821' title='bbox 2596 5434 2695 5489; x_wconf 92' lang='lat' dir='ltr'><em>ubi</em></span> <span class='ocrx_word' id='word_1_822' title='bbox 2756 5436 2911 5489; x_wconf 88' lang='lat' dir='ltr'><em>esset</em></span> <span class='ocrx_word' id='word_1_823' title='bbox 2966 5436 3209 5504; x_wconf 83' lang='lat' dir='ltr'><em>questus</em></span> <span class='ocrx_word' id='word_1_824' title='bbox 3267 5432 3337 5483; x_wconf 90' lang='lat' dir='ltr'><em>de</em></span> <span class='ocrx_word' id='word_1_825' title='bbox 3372 5428 3586 5483; x_wconf 87' lang='lat' dir='ltr'><em>duritie</em></span> <span class='ocrx_word' id='word_1_826' title='bbox 3617 5444 3710 5482; x_wconf 88' lang='lat' dir='ltr'><em>ca-</em></span> 
     </span>
    </p>
   </div>
   <div class='ocr_carea' id='block_1_116' title="bbox 2068 5515 3711 5595">
    <p class='ocr_par' dir='ltr' id='par_1_116' title="bbox 2068 5515 3711 5595">
     <span class='ocr_line' id='line_1_116' title="bbox 2068 5515 3711 5595; baseline -0.005 -15"><span class='ocrx_word' id='word_1_827' title='bbox 2068 5524 2328 5580; x_wconf 90' lang='lat' dir='ltr'><em>nonibus</em></span> <span class='ocrx_word' id='word_1_828' title='bbox 2356 5524 2636 5579; x_wconf 85' lang='lat' dir='ltr'><em>damnata</em></span> <span class='ocrx_word' id='word_1_829' title='bbox 2666 5521 3009 5595; x_wconf 69' lang='lat' dir='ltr'><em>patriarcha:</em></span> <span class='ocrx_word' id='word_1_830' title='bbox 3038 5520 3267 5575; x_wconf 88' lang='lat' dir='ltr'><em>Arsenii</em></span> <span class='ocrx_word' id='word_1_831' title='bbox 3299 5515 3566 5590; x_wconf 82' lang='lat' dir='ltr'><em>negantis</em></span> <span class='ocrx_word' id='word_1_832' title='bbox 3598 5516 3711 5571; x_wconf 90' lang='lat' dir='ltr'><em>sibi</em></span> 
     </span>
    </p>
   </div>
   <div class='ocr_carea' id='block_1_117' title="bbox 2064 5604 3715 5686">
    <p class='ocr_par' dir='ltr' id='par_1_117' title="bbox 2064 5604 3715 5686">
     <span class='ocr_line' id='line_1_117' title="bbox 2064 5604 3715 5686; baseline -0.004 -16"><span class='ocrx_word' id='word_1_833' title='bbox 2064 5613 2346 5686; x_wconf 86' lang='lat' dir='ltr'><em>penitenti</em></span> <span class='ocrx_word' id='word_1_834' title='bbox 2400 5611 2955 5679; x_wconf 87' lang='lat' dir='ltr'><em>reconciliationem,</em></span> <span class='ocrx_word' id='word_1_835' title='bbox 2989 5613 3275 5681; x_wconf 86' lang='lat' dir='ltr'><em>tanquam</em></span> <span class='ocrx_word' id='word_1_836' title='bbox 3325 5623 3395 5663; x_wconf 81' lang='lat' dir='ltr'><em>ex</em></span> <span class='ocrx_word' id='word_1_837' title='bbox 3449 5604 3715 5663; x_wconf 71' lang='lat' dir='ltr'><em>doctrina</em></span> 
     </span>
    </p>
   </div>
  </div>
