3968 6202
381 244 521 308 112⁸7

1422 250 1486 304 P.
1523 247 1803 302 ΡῶΒῙΝῐ
1838 245 2451 302 OBSERVATIONUM
2488 248 2622 302 LIB.
2663 250 2737 305 II.

3558 264 3659 320 1128

380 395 512 451 quae
552 379 611 433 in
669 376 935 433 confesso
990 375 1146 446 apud
1205 389 1411 429 omnes
1464 378 1640 442 esset,
1676 371 1757 427 ait
1811 380 2026 442 tempus
2054 372 2108 437 Α
2138 370 2301 460 sibus
2335 372 2625 443 Eunomii,
2657 373 2979 432 Macedonii
3032 380 3089 433 et
3114 377 3335 436 aliorum
3385 386 3535 440 sancti
3567 388 3667 460 Spi-

380 484 496 524 esse
522 465 845 537 procidendi
898 464 967 519 ad
1022 463 1181 534 pedes
1238 479 1394 533 papa
1454 464 1633 518 Romae
1690 461 1948 530 sedentis,
1981 468 2034 515 et

380 558 447 611 ab
479 571 539 610 eo
567 554 893 625 suppliciter
920 552 1140 625 petendi
1168 554 1410 608 salutare
1455 550 1668 623 peccati
1704 550 2030 615 remedium,

381 647 495 700 nisi
549 651 775 700 certum
832 650 890 699 et
951 644 1170 698 nemini
1233 642 1561 698 dubitabile
1610 644 1709 711 jus
1765 656 1915 705 esse,
1979 639 2029 695 si

378 736 613 805 quando
644 733 1336 803 Constantinopolitanae
1392 731 1720 802 patriarcha
1768 746 1801 784 a
1831 727 2033 801 regula

379 822 701 893 disciplina)
736 822 948 877 veteris
970 821 1290 888 deﬂexerit,
1322 819 1669 891 provocandi
1732 818 1801 873 ad
1837 817 2029 889 ponti-

377 914 545 969 ﬁcem
582 913 911 968 Romanum
947 915 1003 965 et
1042 912 1114 966 ab
1144 925 1211 965 eo
1268 911 1376 964 rite
1436 910 1668 981 petendi
1727 908 2029 963 sumendi-

379 1020 493 1075 que
517 1019 645 1073 quae
668 1002 886 1071 injuste
915 1018 947 1055 a
977 998 1627 1070 Constantinopolitano
1655 998 1775 1052 sint
1797 1002 2025 1068 negata.

376 1098 501 1149 Non
538 1092 720 1161 igitur
750 1089 1014 1159 legitima
1041 1087 1334 1158 possessio
1357 1087 1478 1141 haec
1503 1087 1628 1153 fuit,
1650 1087 1749 1141 sed
1777 1086 2028 1156 iniquis-

375 1183 529 1238 sima
562 1178 866 1250 usurpatio
918 1177 1261 1232 auctoritatis
1317 1176 1748 1245 independentis,
1785 1175 1867 1246 [P.
1902 1175 2027 1246 466]

374 1288 552 1343 quam
584 1286 645 1324 se
677 1273 896 1323 temere
919 1267 990 1320 ad
1018 1272 1345 1320 extremum
1373 1265 1519 1319 velle
1552 1264 1647 1319 hic
1670 1264 2027 1318 schismatici

374 1362 685 1414 testantur.
748 1356 859 1411 Sed
920 1354 1023 1425 qui
1082 1370 1151 1409 ex
1206 1354 1353 1424 ipsis
1387 1358 1488 1409 aut
1517 1369 1721 1408 eorum
1781 1352 2029 1423 posteris

374 1452 577 1521 postea
632 1444 1028 1516 resipuerunt,
1058 1459 1184 1498 eam
1247 1442 1618 1508 abdicarunt,
1659 1446 1723 1495 ut
1777 1440 2024 1511 professi

376 1537 585 1593 deinde
616 1538 757 1589 sunt
785 1532 844 1586 in
877 1530 1121 1587 concilio
1152 1530 1508 1600 Florentino,
1540 1546 1686 1585 sese.
1720 1530 1811 1596 25,
1842 1546 1899 1600 p.
1921 1530 2029 1584 516

376 1628 468 1681 ed.
502 1626 640 1695 Reg.
664 1623 759 1677 bis
786 1621 1015 1676 verbis:
1051 1618 1180 1692 Περὶ
1210 1625 1310 1687 τῆς
1337 1618 1517 1693 ἀρχῆς
1537 1622 1635 1671 τοῦ
1664 1618 1858 1671 πάππα
1889 1617 2027 1689 ὁμο-

377 1713 645 1788 λογοῦμεν
706 1710 865 1764 αὑτὸν
918 1707 1080 1783 ἄκρον
1131 1708 1392 1782 ἀρχιερέα
1447 1708 1537 1761 καὶ
1592 1706 1885 1781 ἐπίτροπον
1934 1707 2025 1760 καὶ

372 1801 760 1875 τοποτηρητήν
809 1800 898 1854 καὶ
956 1798 1199 1873 βικάριον
1244 1801 1340 1851 τοῦ
1386 1798 1641 1870 Χριστοῦ,
1689 1796 1923 1867 ποιμένα
1963 1814 2023 1849 τε

374 1894 464 1949 καὶ
524 1889 852 1946 διδάσκαλον
909 1889 1121 1942 πάντων
1177 1891 1535 1963 Χριστιανῶν,
1586 1886 1780 1940 ἰθύνειν
1828 1906 1886 1940 τε
1932 1884 2022 1940 καὶ

375 1977 635 2056 κυϐερνᾷν
665 1982 765 2049 τὴν
796 1978 1123 2047 Ἐκκλησίαν
1158 1981 1257 2031 τοῦ
1314 1979 1469 2032 Θεοῦ.
1500 1978 1572 2031 De
1626 1979 1874 2048 primatu
1916 1993 2020 2047 pa-

376 2092 458 2146 pw
488 2073 811 2142 conﬁtemur
832 2071 1015 2141 ipsum
1034 2084 1313 2123 summum
1333 2066 1647 2137 pontiﬁcem
1659 2070 1711 2122 et
1738 2067 2023 2136 dispensa—

376 2171 571 2232 torem,
602 2169 651 2216 et
679 2162 858 2216 locum
889 2166 1157 2213 tenentem
1205 2173 1272 2213 ac
1327 2157 1605 2212 uicarium
1662 2155 1885 2221 Christi,
1917 2170 2018 2225 pa-

372 2258 686 2322 storemque
714 2254 767 2306 et
813 2248 1080 2303 doctorem
1128 2245 1382 2301 omnium
1440 2244 1905 2311 Christianorum,
1939 2258 2022 2298 re-

370 2356 604 2413 gereque
633 2355 697 2394 ac
738 2337 1049 2409 gubernare
1104 2336 1403 2389 Ecclesiam
1434 2333 1552 2388 Dei.
1585 2333 1729 2389 Cum
1780 2348 1895 2403 quo
1930 2332 2020 2403 ἱρ-

369 2430 453 2485 sis
489 2429 841 2500 permissum
897 2431 1005 2489 est,
1038 2424 1453 2479 dissimulante
1507 2426 1743 2493 propter
1800 2423 2018 2478 bonum

369 2519 529 2591 pacis
555 2517 830 2583 Ecclesia,
860 2519 923 2569 ut
949 2531 1123 2568 suum
1156 2511 1873 2583 Constantinopolitanum
1917 2528 2017 2581 pa-

370 2607 685 2663 triarcham
718 2602 1111 2659 Alexandrino
1144 2605 1566 2672 praeponerent,
1594 2605 1767 2671 prout
1797 2599 2017 2654 ibidem

370 2696 568 2752 statim
605 2694 831 2750 addunt
858 2709 871 2748 :
906 2695 1061 2758 Σωζο
1098 2690 1272 2763 μένων
1301 2692 1410 2744 τῶν
1434 2688 1753 2762 προνομίων
1785 2687 1875 2741 καὶ
1905 2692 2012 2742 τῶν

367 2783 589 2839 δικαίων
633 2786 740 2836 τῶν
787 2783 1142 2856 πατριαρχῶν
1191 2785 1291 2847 τῆς
1334 2776 1655 2847 Ἀνατολῆς,
1707 2778 1799 2831 τὸν
1860 2779 2017 2833 Κων-

366 2871 867 2935 σταντινουπόλεως
920 2867 1189 2941 δεύτερον,
1250 2869 1380 2922 εἶναι
1442 2868 1576 2939 μετᾶ
1613 2867 1707 2921 τὸν
1766 2869 2013 2935 πάππαν,

367 2964 477 3018 εἶτα
533 2964 625 3017 τὸν
683 2957 1123 3032 Ἀλεξανδρείας,
1187 2963 1302 3014 etc.
1354 2959 1536 3014 Salvis
1590 2957 1905 3029 privilegiis
1964 2961 2014 3013 et

350 3056 580 3125 juribus
606 3052 1057 3125 patriarcharum
1120 3048 1389 3115 Orientis,
1431 3052 1495 3103 ut
1549 3048 2011 3117 Constantinopo-

2142 459 2291 515 ritus
2321 460 2689 516 divinitatem
2722 465 3203 535 oppugnantium,
3228 469 3376 539 quasi
3400 486 3458 526 ex
3479 489 3532 529 eo
3554 459 3670 546 quod

2142 547 2212 603 de
2243 548 2384 604 Filio
2416 548 2541 605 solo
2573 550 2791 607 diserte
2822 554 3033 608 fuisset
3060 554 3115 609 in
3159 572 3348 628 magna
3392 564 3571 631 synodo
3593 566 3669 618 Νῆα

2140 653 2299 692 caena
2329 638 2659 693 deﬁnitium
2692 641 3242 700 consubstantialem
3268 662 3381 702 eum
3408 651 3535 704 Patri
3561 668 3672 720 esse,

2142 726 2212 781 de
2288 726 2505 797 Spiritu
2586 734 2791 785 sancto
2878 737 3234 802 sequeretur,
3285 736 3490 793 minime
3550 740 3671 797 illum

2140 832 2174 870 a
2203 814 2374 871 Patre
2406 818 2733 887 procedere,
2763 818 3116 876 celebratum
3147 828 3230 877 est
3276 827 3670 900 Constantinopo-

2141 902 2179 957 li
2255 905 2566 961 concilium
2644 908 2916 978 generale
2986 911 3293 967 secundum
3360 914 3592 972 indictum
3651 936 3675 973 a

2143 998 2389 1049 Parnaso
2421 1012 2591 1067 papa,
2642 1002 3023 1054 convocatum
3055 1004 3115 1061 Ea
3165 1000 3457 1058 Theodosio
3504 1007 3675 1062 seniore

2137 1083 2421 1152 Augusto,
2455 1084 2513 1139 in
2547 1087 2700 1155 quod
2748 1094 3143 1144 convenerunt
3197 1095 3405 1147 centum
3455 1094 3674 1164 quinqua-

2137 1172 2301 1244 ginta
2332 1174 2591 1244 episcopi
2620 1192 2773 1231 anno
2803 1177 3018 1233 Christi
3041 1180 3162 1233 381.
3189 1179 3264 1235 Ibi
3283 1180 3523 1237 damnata
3546 1188 3679 1239 Pneu-

2140 1262 2645 1319 matomachorum
2705 1265 3096 1336 blasphemia,
3126 1268 3302 1324 visum
3347 1277 3423 1324 est
3473 1271 3677 1328 Patribns

2138 1352 2552 1422 apponendum
2580 1354 2805 1424 aliquid
2836 1354 3067 1410 Niceno
3100 1359 3367 1429 symbolo,
3396 1361 3525 1430 quod
3552 1361 3678 1416 istam

2137 1440 2413 1511 deinceps
2475 1441 2741 1497 heresim
2801 1444 3135 1514 perimeret.
3180 1451 3303 1502 Haec
3355 1448 3509 1519 igitur
3553 1451 3682 1505 verba

2136 1528 2186 1584 ei
2218 1530 2500 1599 adjuncta
2552 1535 2691 1585 tunc
2749 1536 2889 1586 sunt
2922 1548 2935 1586 :
2969 1534 3034 1588 Et
3092 1537 3149 1589 in
3201 1536 3450 1606 Spiritum
3493 1545 3684 1591 sanctum

2138 1622 2432 1673 Dominum
2463 1629 2515 1675 et
2543 1621 2948 1690 viviﬁcantem,
2972 1622 3071 1693 qui
3107 1640 3174 1678 ex
3200 1625 3354 1679 Patre
3375 1625 3591 1695 procedit,
3613 1628 3684 1696 qui

2133 1723 2258 1761 eum
2291 1709 2458 1762 Patre
2483 1715 2537 1763 et
2567 1709 2708 1764 Filio
2736 1709 2907 1764 simul
2936 1710 3206 1767 adoratur
3234 1716 3285 1766 et
3310 1713 3687 1783 conpleri/iratum

2136 1797 2233 1866 qui
2253 1797 2463 1851 locutus
2483 1802 2563 1851 est
2580 1813 2680 1867 per
2693 1797 3003 1868 praphetas.
3024 1800 3172 1854 Satis
3194 1799 3295 1855 hoc
3314 1800 3480 1855 visum
3502 1802 3557 1855 ad
3579 1818 3683 1871 pre-

2133 1891 2359 1940 sentem
2384 1902 2580 1941 usum.
2605 1885 2715 1940 Sed
2742 1903 2873 1941 cum
2901 1886 3160 1943 insanire
3182 1887 3527 1944 nihilominus
3545 1889 3668 1943 Euno

2134 1975 2317 2030 miani
2379 1978 2707 2047 pergerent,
2760 1976 2925 2047 sequi
2983 1991 3055 2031 ex
3112 1982 3320 2033 statuto
3370 1978 3599 2049 dogmate
3639 1978 3683 2031 ﬁ-

2133 2065 2275 2119 lium
2310 2064 2437 2119 Filii
2466 2064 2749 2135 Spiritum
2776 2066 2924 2120 667
2953 2071 3222 2121 sanctum
3248 2083 3367 2122 esse
3383 2068 3681 2133 cavillantes;

2131 2164 2285 2235 quod
2347 2168 2543 2218 autem
2604 2162 2748 2218 satis
2806 2168 3106 2222 constaret
3162 2168 3384 2223 unicum
3433 2182 3541 2222 esse
3583 2181 3685 2219 con-

2131 2252 2577 2308 substantialem
2644 2253 2793 2306 Patri
2854 2253 3091 2323 Filium,
3139 2257 3407 2329 Spiritum
3456 2259 3685 2318 sanctum,

2130 2342 2229 2413 qui
2265 2341 2393 2397 Filii
2434 2341 2592 2397 ﬁlius
2647 2346 2823 2406 esset,
2857 2359 2890 2398 a
2946 2345 3272 2402 divinitatis
3326 2344 3687 2417 participatione

2130 2431 2548 2487 removendum
2582 2436 2638 2486 et
2667 2433 2739 2486 ad
2773 2438 3177 2490 creaturarum
3229 2434 3457 2491 classem
3503 2433 3687 2489 submo-

2127 2521 2379 2576 vendum
2438 2519 2677 2575 omnino
2706 2522 3137 2592 esse:quidam
3196 2530 3259 2580 ut
3311 2523 3401 2579 isti
3450 2537 3688 2595 argumen-

2127 2608 2333 2664 tationi
2400 2614 2792 2675 occurrerent,
2854 2627 3066 2683 negare
3131 2616 3417 2684 cmperunt
3470 2608 3687 2682 Spiritum

2128 2716 2161 2753 a
2211 2697 2352 2753 Filio
2412 2698 2710 2768 procedre,
2741 2698 2824 2753 sic
2882 2704 2948 2754 ut
3005 2700 3156 2772 ipsis
3210 2703 3515 2767 videbatur,
3563 2698 3691 2769 plau-

2126 2787 2359 2842 sibilius
2391 2786 2660 2856 rejecturi
2719 2788 3152 2845 Eunemianum
3209 2790 3507 2861 sophisma,
3536 2787 3691 2842 recita-

2124 2881 2249 2931 tum
2280 2893 2312 2930 a
2342 2881 2543 2931 sancto
2574 2875 2786 2931 Basilio
2818 2877 2876 2931 in
2930 2895 3109 2949 opere
3164 2886 3361 2935 contra
3412 2876 3692 2934 Eunomium

2125 2965 2218 3020 his
2274 2965 2505 3020 verbis:
2558 2962 2734 3020 Ἀλλὰ
2790 2964 2985 3040 λέγεις.
3051 2968 3123 3024 Ei
3181 2971 3311 3023 Θεοῦ
3368 2968 3455 3039 μὶν
3508 2962 3691 3019 εἰκὼνὸ

2122 3054 2266 3121 Υἱὸς,
2327 3054 2456 3106 Υἲοῦ
2514 3050 2571 3107 δὲ
2624 3052 2688 3107 τὸ
2746 3055 2987 3127 Πνεῦμα,
3046 3057 3141 3111 καὶ
3196 3056 3243 3111 εἴ
3292 3060 3419 3111 Θεοῦ
3457 3051 3694 3127 μὶνΛὸγος

360 3122 568 3199 titanas
595 3122 866 3199 secundus
878 3142 951 3194 sit
974 3156 1013 3193 α
1038 3155 1205 3209 papa,
1224 3137 1419 3193 deinde
1440 3135 1869 3204 Alexandrinus,
1892 3141 2001 3191 etc.

2128 3143 2146 3196 5
2204 3143 2349 3211 Υἱὸς,
2410 3141 2563 3217 ῥῆμα
2619 3140 2676 3197 δὲ
2732 3144 2859 3197 Υἱοῦ
2893 3122 2981 3198 ’τὸγ
3032 3149 3277 3219 Πνεῦμα,
3322 3144 3405 3199 διὰ
3448 3122 3494 3197 ἐἰ
3522 3143 3584 3215 μή
3609 3122 3693 3199 υἱὸς

430 3251 568 3320 Pag.
602 3251 725 3303 368.
763 3248 1082 3317 Cauponum
1108 3249 1159 3299 et
1186 3244 1656 3299 ittiberatissortis
1687 3243 2008 3298 homuncio-

359 3355 514 3393 num.
552 3338 767 3391 Idiotas
796 3336 1035 3389 Latinos
1062 3338 1117 3387 et
1148 3350 1262 3403 praa
1321 3348 1383 3386 se
1423 3330 1569 3385 viles
1623 3331 2005 3401 superficilio-

362 3426 582 3482 sissimi
615 3430 671 3480 et
702 3426 853 3478 fastu
914 3422 1073 3476 inani
1132 3421 1348 3492 turgidi
1408 3420 1768 3475 schismatici
1831 3421 2008 3475 habe-

362 3516 522 3580 bant,
557 3514 804 3583 ideoque
835 3511 954 3567 illis
996 3512 1264 3582 quamvis
1323 3509 1634 3564 manifesto
1657 3508 1793 3577 jure
1849 3510 2005 3565 debi-

359 3609 476 3658 tam
502 3602 923 3672 subjectionem
948 3604 1180 3670 negant,
1206 3598 1461 3653 immane
1478 3604 1760 3670 quantum
1786 3617 1819 3654 a
1844 3599 2005 3654 Chri-

356 3693 549 3747 stiana
589 3689 923 3746 humilitate
970 3688 1373 3754 abhorrentes,
1406 3705 1535 3759 quae
1580 3688 1898 3760 piscatores
1929 3691 2001 3745 ab

356 3782 522 3837 initio
554 3780 923 3852 philosophis
956 3778 1237 3851 praetulit.
1269 3779 1377 3833 Sed
1433 3779 1606 3833 istam
1668 3779 2000 3849 superbiam

344 3874 507 3944 justa
530 3870 677 3926 ultio
697 3868 945 3940 excepit,
969 3873 1034 3922 ut
1056 3866 1155 3939 qui
1180 3867 1389 3936 subjici
1415 3867 1755 3938 apostolicis
1787 3868 2002 3923 Christi

352 3960 592 4016 vicariis
625 3957 1053 4015 contumaciter
1091 3956 1436 4027 spreverint,
1468 3957 1733 4028 tyrannis
1791 3957 1999 4012 barba-

351 4051 431 4105 ris
460 4049 791 4105 miserrime
824 4064 980 4102 nunc
1013 4046 1291 4101 serviant.

425 4158 576 4211 666
608 4161 666 4210 P.
701 4156 825 4209 372.
859 4156 1153 4209 Attentatae
1183 4151 1486 4207 additionis
1539 4151 1614 4206 ad
1668 4152 1994 4222 symbolum.

2117 3232 2246 3285 Υἱοῦ
2316 3232 2379 3285 τὸ
2438 3232 2660 3303 Πνεῦμα
2716 3228 2956 3305 εἷ’ρηταις
3024 3234 3209 3308 τούτῳ
3264 3234 3359 3308 γὰρ
3416 3229 3694 3308 ἰσχυροτάτῳ

2116 3321 2252 3394 πρὸς
2325 3314 2569 3374 ἀσέϐειαν
2647 3320 2892 3394 ἐχρήσω.
2966 3323 3042 3379 Ἥ
3121 3324 3227 3401 γὰρ
3302 3324 3410 3378 υἱὸν
3462 3322 3493 3390 ἢ
3542 3319 3694 3389 κτίσμα

2113 3406 2353 3469 κελεύεις
2407 3414 2548 3463 νοεῖν
2582 3452 2596 3477 ,
2652 3409 2742 3463 καὶ
2801 3408 2883 3464 ὅτι
2946 3410 3021 3483 μὴ
3092 3413 3209 3475 υἱὸς
3268 3412 3585 3484 ὠνόμασται,
3630 3404 3695 3461 διᾶ

2114 3501 2275 3551 λοῦτο
2321 3496 2525 3569 κτίσμα
2581 3498 2713 3552 εἶναι
2777 3495 3152 3577 βλασφῆμεῗς.
3214 3506 3424 3559 Verum
3476 3501 3693 3555 adversus

2113 3596 2261 3652 hanc
2317 3596 2821 3666 imperitissimam
2856 3602 3305 3670 responsionem
3352 3597 3695 3659 reclamarunt,

2113 3687 2500 3757 praeservatim
2518 3684 2574 3740 in
2599 3685 2927 3755 Occidente,
2943 3688 3255 3755 Catholici,
3278 3697 3560 3759 utrumque
3569 3686 3696 3755 juxta

2112 3775 2498 3831 orthodoxum
2532 3792 2815 3831 canonem
2849 3792 2917 3831 ex
2946 3794 3118 3848 mquo
3183 3778 3552 3851 proﬁtendum
3578 3772 3696 3829 afﬁr-

2112 3870 2362 3933 mantes,
2394 3869 2450 3919 et
2482 3865 2792 3935 procedere
2823 3872 3097 3921 sanctum
3131 3869 3412 3941 Spiritum
3466 3884 3526 3922 ex
3573 3868 3697 3917 Patre

2110 3953 2289 4009 simul
2322 3959 2379 4009 et
2412 3954 2571 4018 Filio,
2606 3959 2663 4008 et
2692 3959 2886 4009 tamen
2918 3972 3053 4011 eum
3089 3974 3196 4012 nec
3252 3956 3436 4012 Patris
3487 3970 3576 4009 nec
3601 3947 3695 4006 Filii

2108 4043 2295 4098 {ilium
2330 4059 2476 4098 esse.
2511 4046 2590 4098 Ac
2622 4044 3135 4115 perseverantibus
3167 4048 3383 4103 Graecis
3410 4042 3697 4118 quibusdam

2108 4132 2167 4186 in
2196 4132 2463 4203 negando
2515 4138 2783 4188 sanctum
2835 4134 3121 4205 Spiritum
3178 4136 3383 4191 aFilio
3427 4130 3695 4207 procedere.

352 4250 699 4315 Magnopere
731 4259 793 4297 se
832 4247 1129 4298 ostentant
1186 4242 1243 4295 in
1305 4240 1413 4295 hac
1474 4243 1691 4312 passim
1753 4241 1997 4297 historia
2105 4233 2162 4284 θῐ
2193 4229 2250 4283 in
2283 4230 2373 4284 ευί
2402 4228 2615 4284 erroris
2663 4231 3174 4288 conﬁrmationem
3230 4232 3544 4306 symbolum
3585 4227 3696 4281 COD'

350 4312 711 4387 schismatici
745 4330 925 4386 Graeci
957 4348 1026 4386 ex
1055 4331 1163 4385 hoc
1194 4329 1341 4397 loco,
1376 4330 1543 4400 quasi
1596 4329 1881 4400 quidquid
1923 4332 1994 4386 de

2128 4317 2693 4390 Itantinopolitanum
2753 4319 3149 4390 rapientibus,
3183 4322 3245 4377 in
3299 4338 3411 4393 quo
3439 4318 3602 4376 solum
3626 4312 3695 4367 di-

349 4422 625 4491 dogmate
656 4420 1049 4490 processionis
1080 4418 1298 4489 Spiritu
1333 4417 1520 4472 sancti
1554 4433 1620 4472 ex
1652 4418 1813 4472 Patre
1846 4420 1995 4489 pari-
2025 4488 2053 4491 _
2103 4417 2328 4462 ϐϐΐειυῐ·
2385 4407 2670 4477 Spiritum
2725 4424 2794 4463 ex
2858 4408 3027 4464 Patre
3089 4411 3423 4480 procedere.
3490 4401 3696 4473 theologi

350 4488 455 4564 ter—
493 4526 558 4563 ac
616 4488 758 4562 Filio
819 4488 1136 4571 statuatur,
1195 4508 1398 4579 fugere
1461 4506 1641 4561 Latini
1702 4488 1993 4578 nequeant

2128 4496 2321 4553 iassim
2353 4496 2679 4563 orthodoxi,
2713 4497 3033 4567 praesertim
3068 4498 3271 4554 Roma:
3294 4516 3360 4554 ac
3390 4513 3486 4569 per
3512 4491 3696 4566 provin-

348 4597 488 4667 quin
523 4596 728 4653 saltem
760 4596 1106 4651 temeritatis
1138 4595 1462 4651 manifesta:
1479 4598 1810 4665 teneantur,
1834 4598 1987 4668 quod

2128 4586 2221 4642 tias
2253 4585 2441 4640 Latini
2502 4585 2671 4651 ritus,
2699 4586 3192 4643 contestabantur
3238 4588 3323 4644 ita
3373 4586 3483 4643 dici
3511 4585 3560 4640 in
3588 4584 3699 4638 Con-

351 4685 626 4759 Symbolo
676 4684 1324 4755 Constantinopolitano
1356 4700 1550 4739 vocem
1582 4683 1837 4755 Filioque
1874 4704 1989 4742 non

2134 4672 2626 4745 tantinopolitano
2658 4672 2932 4744 Symbolo
2956 4675 3245 4745 Spiritum
3276 4694 3311 4732 a
3341 4681 3500 4732 Patro
3547 4684 3701 4744 proce-

350 4774 748 4832 dubitaverint
778 4774 1121 4845 adjungere.
1155 4773 1343 4837 Quare
1373 4774 1772 4829 necessarium
1797 4776 1991 4831 existi-

2128 4767 2255 4831 lcre,
2287 4769 2352 4818 ut
2383 4780 2496 4818 non
2524 4763 2868 4819 excludatur
2923 4765 3295 4821 consortium
3338 4765 3484 4830 Filii,
3511 4761 3592 4819 cui
3618 4758 3699 4815 Pa-

348 4886 444 4924 mo
476 4869 903 4932 demonstrare,
938 4864 1091 4936 quod
1152 4864 1305 4919 clare
1347 4880 1439 4918 me
1472 4864 1761 4920 facturum
1796 4884 1987 4938 spero,
2097 4859 2186 4909 ter
2213 4852 2413 4909 omnia
2448 4868 2553 4907 sua
2593 4852 2987 4909 communicet
3044 4858 3262 4925 praeter
3319 4871 3445 4911 esse
3492 4856 3698 4908 Patrem.

346 4956 570 5013 nullam
606 4954 663 5010 in
725 4954 833 5008 hoc
891 4952 1280 5007 temeritatem
1336 4951 1537 5007 fuisse.
1574 4954 1655 5019 Id,
1691 4955 1751 5009 ni
1802 4955 1988 5028 fallor,
2099 4969 2165 5007 ac
2195 4955 2623 5021 consequenter
2652 4950 3033 5022 spirationem
3064 4968 3305 5023 quoque
3334 4950 3564 5008 activam
3594 4960 3701 5002 con-

345 5062 626 5117 assequar
696 5042 928 5097 duobus
999 5041 1267 5111 captibus
1346 5040 1682 5109 tractandis,
1736 5059 1988 5113 quorum
2096 5044 2264 5109 ferat,
2297 5058 2413 5112 qua
2443 5039 2541 5094 ille
2595 5040 2696 5094 fiat
2735 5055 2934 5096 secum
2992 5056 3179 5095 unum
3265 5042 3509 5113 Spiritus
3555 5030 3699 5092 sancti

347 5136 511 5207 prius
550 5131 836 5188 historiam
895 5135 952 5185 et
1008 5132 1236 5199 factum,
1268 5128 1515 5183 alterum
1566 5130 1662 5200 jus
1687 5131 1853 5202 facti,
1886 5152 1987 5189 ra-
2097 5130 2490 5203 principium;
2525 5128 3698 5203 quarecumsanctusSpiritusaPatrenon

346 5226 534 5282 tiones
564 5222 789 5280 scilicet
820 5221 893 5275 ob
942 5234 1088 5288 quas
1122 5217 1303 5273 Latini
1361 5216 1419 5271 id
1480 5218 1625 5272 citra
1683 5219 1865 5275 ullam
1893 5225 1988 5292 ju-
2097 5222 2649 5293 quomodocunque,
2670 5220 2769 5274 sed
2806 5236 2907 5290 per
2930 5219 3165 5286 Filium,
3190 5226 3258 5276 ut
3280 5225 3477 5276 Patres
3503 5215 3699 5289 quidam

345 5324 497 5372 stam
532 5311 1044 5387 reprehensionem
1078 5324 1248 5380 agere
1280 5310 1612 5378 potuerunt,
1643 5308 1897 5366 dilucide
1921 5330 1987 5369 ac
2097 5310 2278 5366 Graeci
2336 5308 2739 5381 loquerentur,
2777 5309 3071 5380 procedat,
3128 5325 3266 5365 vere
3309 5314 3364 5365 et
3415 5309 3481 5364 ad
3533 5308 3699 5361 aucto-

344 5406 600 5461 breviter
627 5403 894 5472 exponet.
2097 5416 2225 5455 rum
2260 5416 2498 5455 sensum
2532 5398 2805 5470 explicari
2837 5397 3545 5471 Constantinopolitanum
3566 5399 3698 5464 Sym-

417 5496 502 5564 [P.
536 5494 659 5565 467]
697 5488 949 5547 Historia
1005 5485 1133 5554 ejus
1192 5482 1508 5539 additionis
1562 5483 1647 5539 sic
1678 5502 1739 5540 se
1792 5485 1983 5542 habet.
2093 5487 2316 5551 bolum,
2351 5505 2465 5560 quo
2496 5488 2621 5543 loco
2668 5488 2750 5542 ait
2804 5487 3091 5558 Spiritum
3155 5493 3430 5544 sanctum
3483 5503 3515 5540 a
3563 5483 3700 5539 Patre

346 5584 491 5641 cum
550 5582 768 5641 exortis
826 5582 959 5653 post
1006 5576 1221 5633 Ariana
1268 5576 1535 5645 tempora
1593 5574 1759 5631 novis
1802 5574 1986 5633 heare-
2096 5578 2409 5652 procedere
2438 5577 2812 5649 adjungendu
2864 5593 2995 5633 eum
3034 5594 3067 5633 a
3110 5576 3261 5634 Filio
3318 5590 3542 5650 quoque
3590 5584 3699 5643 pro-
