3978 6182
186 204 319 258 1129

1770 208 1813 257 Ν
1821 206 1976 260 ΟΤΕ
1987 245 1996 255 .

3448 214 3587 270 1130

182 328 339 384 duci.
374 328 753 387 Ferventibus
777 327 938 383 hisce
960 328 1221 385 dissidiis
1240 346 1341 401 per
1369 330 1528 385 hunc
1561 329 1825 395 modum,
1857 331 1911 395 Α
1947 330 2269 385 secundum
2303 331 2594 401 synodum
2634 332 2966 403 generalem
3019 333 3330 404 septimam
3380 355 3581 397 revera

181 417 314 477 addi
368 414 543 488 coepit
588 415 862 489 Symbolo
911 434 943 473 a
989 417 1212 473 Latinis
1258 420 1497 475 verbum
1556 419 1827 487 Filioque,

180 524 315 562 voce
347 510 580 561 tantum
614 510 810 571 tenus,
836 505 895 559 in
930 506 1432 576 disputationibus
1459 507 1525 561 de
1554 507 1665 561 isto
1689 506 1828 575 dog-

184 600 356 651 mate.
404 599 599 666 quue
650 596 942 667 pertinere
990 597 1260 665 arbitror,
1322 597 1475 668 quod
1537 594 1831 666 Josephus

185 687 498 757 episcopus
542 685 945 741 Methonensis
986 687 1044 741 in
1108 686 1256 742 libro
1328 694 1522 742 contra
1588 687 1831 740 Marcum

186 774 484 845 Ephesium
525 778 797 844 testatur,
846 778 1142 830 auctorem
1189 774 1435 831 laudans
1500 774 1825 829 Aristinum

182 864 551 934 historicum,
586 882 723 921 mox
754 882 787 921 a
818 866 1077 921 secunda
1118 865 1373 937 generali
1422 865 1665 936 synodo,
1700 864 1827 933 jam

182 960 312 1010 tum
343 959 606 1027 tempore
628 954 865 1010 Damasi
916 972 1101 1027 papze,
1153 956 1623 1010 additamentum
1676 951 1831 1006 vocis

186 1044 434 1115 Filioque
464 1060 579 1098 non
612 1044 787 1098 modo
819 1061 851 1098 a
883 1044 1108 1099 Latinis
1149 1044 1390 1108 tectum,
1434 1043 1534 1098 sed
1590 1060 1621 1097 a
1674 1042 1831 1096 Gra-

182 1133 267 1187 cis
298 1148 530 1204 quoque
561 1132 901 1188 orthodoxis
932 1131 1113 1187 fuisse
1134 1131 1578 1203 comprobatum
1607 1147 1621 1197 ;
1656 1129 1829 1201 quip-

185 1239 256 1294 pe
287 1222 539 1277 consciis
568 1237 694 1277 eam
748 1238 943 1277 veram
994 1221 1178 1277 fuisse
1222 1218 1826 1291 Constantinopolita-

182 1327 399 1367 norum
429 1311 657 1365 Patrum
688 1308 949 1381 Symboli
980 1312 1278 1365 auctorem
1313 1308 1691 1364 sententiam.

260 1434 371 1489 Res
420 1432 477 1489 in
546 1449 610 1489 eo
678 1437 833 1488 statu
869 1433 1155 1489 mansisse
1207 1432 1437 1488 videtur
1490 1449 1591 1504 per
1645 1447 1832 1488 annos

184 1522 301 1578 fere
334 1522 435 1576 400
467 1539 654 1593 usque
684 1523 753 1577 ad
789 1527 1051 1592 tempora
1083 1522 1356 1578 secundm
1400 1522 1642 1577 Nicasnae
1691 1539 1824 1593 syn-

178 1612 295 1682 odi,
330 1629 455 1683 quea
485 1613 595 1666 fuit
620 1611 911 1683 generalis
945 1611 1219 1681 septima,
1265 1628 1419 1667 anno
1468 1609 1685 1667 Christi
1722 1610 1829 1663 787

178 1700 487 1756 celebrata.
522 1701 687 1755 '(‘unc
719 1700 873 1755 enim
908 1699 1165 1771 primum
1198 1716 1266 1755 ex
1295 1700 1488 1755 verbis
1520 1699 1578 1753 in
1613 1698 1831 1770 scripta
1864 1702 1909 1766 Β

181 1795 451 1862 promota
480 1794 567 1845 est
600 1789 842 1855 additio,
867 1788 1160 1860 siquidem
1186 1790 1313 1859 ejus
1337 1789 1710 1844 mcumenicze
1743 1805 1832 1843 sa-

179 1898 288 1937 cra:
344 1880 550 1953 synodi
598 1880 825 1935 actione
868 1882 902 1933 7
954 1878 1261 1935 recitatum
1312 1884 1501 1935 exstat
1544 1878 1830 1935 Constan-

185 1968 643 2041 tinopolitanum
666 1967 1008 2040 Symbolum
1039 1968 1133 2023 bis
1165 1968 1337 2040 plaus
1376 1968 1569 2023 verbis
1605 1984 1617 2023 :
1667 1967 1831 2021 Credo

184 2060 239 2112 in
262 2059 538 2127 Spiritum
567 2062 820 2112 sanctum
854 2099 867 2112 .
916 2099 928 2112 .
972 2099 985 2110 .
1020 2060 1117 2129 qui
1145 2074 1214 2112 ea:
1272 2060 1438 2112 Patre
1486 2062 1539 2113 et
1584 2073 1655 2111 ea:
1694 2056 1833 2111 Filio

176 2149 439 2219 procedit.
478 2148 668 2203 Graece
698 2144 749 2199 ἐν
781 2149 879 2199 τοῦ
911 2145 1118 2220 Πατρὸς
1157 2144 1246 2199 καὶ
1303 2142 1363 2199 ἐκ
1417 2148 1515 2198 τοῦ
1573 2144 1700 2198 Υἱοῦ
1754 2143 1835 2197 ἐκ·

178 2235 739 2309 πορευόμενον.668
772 2237 899 2290 Scio
933 2236 1159 2291 Grzecos
1210 2236 1267 2289 in
1319 2234 1653 2291 Florentino
1697 2251 1833 2289 con-

184 2326 320 2381 cilio
353 2342 501 2381 sese.
532 2328 567 2379 6
598 2331 799 2380 contra
828 2325 936 2380 hoc
985 2324 1300 2395 excepisse,
1350 2325 1579 2379 codices
1630 2340 1835 2379 eorum

187 2418 468 2487 antiquos
499 2414 869 2471 continentes
901 2419 1029 2469 acta
1058 2413 1299 2468 Nicaenie
1342 2416 1378 2467 2
1417 2413 1622 2484 synodi
1672 2417 1838 2484 Sym-

186 2505 389 2562 bolum
424 2505 549 2560 sine
581 2504 878 2560 additione
911 2502 1145 2559 illorum
1175 2503 1483 2557 verborum
1514 2499 1605 2554 καὶ
1638 2499 1695 2553 ἐκ
1741 2504 1838 2553 τοῦ

184 2594 319 2647 Υἱοῦ
367 2604 417 2650 et
468 2610 539 2649 ea:
576 2593 715 2649 Filio
765 2593 1013 2648 exibere.
1066 2594 1176 2647 Sed
1221 2592 1314 2660 iis,
1364 2595 1431 2645 ut
1480 2590 1697 2646 ibidem
1744 2608 1837 2646 re-

185 2683 395 2751 fertur,
429 2687 572 2737 tunc
605 2680 792 2737 Latini
825 2681 1252 2753 responderunt
1294 2679 1508 2733 habere
1567 2696 1629 2734 se
1687 2680 1839 2734 anti-

188 2789 379 2845 quum
418 2774 749 2828 Graecorum
770 2771 1029 2826 codicem
1077 2770 1138 2837 (P
1178 2771 1300 2839 468)
1348 2768 1406 2823 in
1453 2786 1568 2839 quo
1617 2768 1840 2823 additio

188 2861 507 2917 manifeste
538 2865 923 2932 compararet,
955 2860 1108 2915 sicut
1139 2863 1194 2915 et
1244 2858 1300 2912 in
1346 2857 1843 2930 interpretationi-

186 2952 299 3007 bus
365 2952 583 3006 Latinis
614 2951 739 3021 jam
790 2949 931 3005 olim
983 2948 1155 3002 editis
1199 2948 1327 3018 ejus
1394 2964 1573 3002 sacrae
1636 2946 1843 3019 synodi

182 3041 382 3098 Verba
413 3039 678 3111 ipsorum
705 3039 1034 3095 Graecorum
1077 3036 1188 3090 hoc
1236 3037 1389 3108 quod
1440 3036 1569 3092 dico
1617 3040 1835 3091 testan-

182 3130 343 3185 tium
369 3129 491 3185 haec
513 3132 653 3183 sunt
674 3128 860 3183 sess.6
880 3125 1499 3181 concit.Flerent.tom.
1528 3124 1743 3181 XXXII
1767 3124 1839 3180 ad

183 3219 329 3292 Reg.
370 3234 425 3288 p.
457 3218 547 3271 84.
580 3212 791 3272 Τούτου
838 3216 935 3267 τυῦ
965 3210 1096 3287 ὅρου
1128 3206 1371 3285 ἑϐδόμης
1430 3209 1659 3267 συνόδου
1716 3212 1842 3287 παρ’

184 3309 359 3379 ἡμῶν
410 3304 944 3380 ἀναγινωσκομὲνου,
992 3301 1370 3377 προεκομίσθη
1411 3301 1556 3375 παρὰ
1598 3300 1842 3356 Λατίνων

190 3393 421 3470 βιϐλίον
496 3392 678 3468 ἕτερον
755 3390 989 3447 παλαιὸν
1062 3390 1461 3467 γεγραμμένον,
1515 3391 1605 3444 τὸν
1684 3390 1842 3445 αὐτὸν

185 3486 317 3558 ὅρον
382 3491 483 3553 τῆς
538 3480 766 3537 συνόδου
821 3480 1024 3551 ταύτης
1072 3479 1334 3555 περιέχον
1368 3525 1382 3551 ,
1440 3478 1490 3533 ἐν
1550 3481 1595 3551 ᾧ
1654 3479 1845 3553 εὑρέθη

184 3572 588 3651 προσκείμενον
645 3572 696 3627 ἒν
738 3575 805 3645 τῇ
855 3568 1115 3644 θεολογίᾴ
1160 3573 1257 3623 τοῦ
1304 3568 1458 3642 ἁγίου
1508 3568 1847 3641 Πνεόματος,

187 3666 267 3729 εἷς
318 3664 390 3719 τὸ
439 3663 499 3718 ἐκ
539 3667 636 3718 τοῦ
684 3662 891 3736 Πατρὸς
924 3659 1372 3734 ἐκπορευόμενον,
1402 3658 1465 3712 τὸ
1494 3659 1581 3713 καὶ
1642 3658 1701 3712 ἐκ
1753 3662 1851 3712 τοῦ

186 3759 349 3812 nos.
373 3758 442 3812 Et
472 3756 635 3812 addit
662 3756 887 3812 Graecos
917 3754 1083 3809 illum
1145 3769 1266 3808 suae
1317 3751 1531 3823 linguis
1589 3751 1850 3806 codicem

191 3864 337 3903 cum
396 3844 783 3900 admiratione
829 3846 1147 3914 spectasse,
1214 3844 1270 3895 et
1332 3838 1581 3911 probum
1662 3837 1853 3909 specie

191 3950 538 4005 manusque
563 3931 922 4006 perantiquis
955 3929 1260 4001 reperisse.
1304 3927 1635 3997 Eademque
1681 3927 1750 3981 de
1796 3943 1856 3983 re

189 4043 249 4097 p.
284 4025 369 4081 86
416 4024 623 4078 deinde
667 4021 1005 4076 referuntur
1050 4016 1272 4073 Juliani
1318 4015 1635 4072 cardinalis
1684 4016 1858 4071 verba

190 4114 319 4169 haec
382 4114 449 4168 ad
501 4112 916 4182 imperatorem
958 4108 1287 4164 Graecorum
1326 4100 1709 4174 ;Γαληνότατε
1758 4103 1859 4178 βα·-

192 4201 385 4266 σιλιῦ,
460 4200 522 4253 τὸ
597 4197 963 4274 προκομισθὲν
1044 4196 1171 4269 παρ’
1240 4196 1403 4266 ἡμῶν
1463 4186 1748 4266 σύμϐολον
1803 4190 1855 4245 ἐν

187 4294 261 4365 τῇ
326 4284 545 4363 ἕϐδόμῃ
604 4284 810 4358 συνόδῳ
882 4284 1022 4339 ἐστὶν
1082 4283 1135 4338 ὲν
1199 4279 1405 4359 βιϐλίῳ
1460 4280 1860 4353 παλαιοτάτῳ,

185 4379 283 4435 καὶ
352 4374 612 4432 ἀδύνατον
689 4376 988 4443 ὑπονοῆσαι
1039 4370 1283 4446 γενέσθαι
1358 4371 1481 4424 τινὰ
1551 4366 1859 4443 ἐναλλαγὴν

188 4466 243 4521 ἓν
309 4465 487 4537 αὐτῷ.
547 4467 795 4539 Ἐχομεν
854 4459 911 4516 δὲ
962 4460 1237 4534 ἱστορικὸν
1296 4455 1465 4533 ἄνδρα
1512 4456 1745 4512 παλαιὸν
1774 4456 1863 4511 καὶ

192 4557 399 4633 σοφὸν,
475 4553 789 4631 γεγραφότα
856 4551 983 4624 περὶ
1045 4548 1271 4604 πολλῶν
1346 4545 1555 4633 ἄλλων,
1630 4547 1719 4601 καὶ
1797 4544 1864 4614 δὴ

200 4632 297 4700 καὶ
332 4642 463 4717 περὶ
510 4641 712 4699 τούτου
771 4638 1099 4714 διειληφότα
1144 4636 1225 4693 δτι
1270 4637 1332 4692 τὸ
1384 4632 1664 4709 σύμϐολον
1694 4633 1866 4697 οὕτως

196 4734 428 4805 ἐξετέθη
480 4733 567 4787 καὶ
616 4730 929 4806 ἀνεγνώσΘή
978 4729 1126 4803 παρὰ
1181 4732 1281 4797 τῆς
1332 4720 1577 4799 ἑϐδόμης
1616 4720 1866 4778 συνόδου.

198 4821 583 4881 Serenissirre
610 4821 912 4893 imperator
938 4819 1219 4891 prolatum
1259 4834 1292 4871 a
1341 4816 1497 4871 nobis
1545 4814 1871 4886 Symbolum

199 4917 267 4970 in
302 4913 545 4983 septima
572 4911 791 4983 synodo
819 4916 896 4964 est
920 4908 981 4964 in
1012 4908 1158 4963 libro
1189 4904 1599 4978 antiquissimo,
1628 4918 1728 4957 nec
1772 4918 1871 4957 ca-

200 5001 394 5076 gitari
424 5004 520 5055 aut
566 4998 755 5071 excipi
798 5013 921 5053 cum
964 4996 1333 5070 fundamento
1370 4997 1541 5067 potest
1572 4991 1874 5047 alteratum

202 5095 321 5150 aut
374 5093 694 5160 corruptum
742 5086 800 5142 id
844 5087 1131 5158 exemplar
1174 5086 1367 5156 fuisse.
1432 5082 1699 5139 Habemus
1768 5096 1871 5133 au-

207 5188 329 5237 tem
386 5178 733 5244 historicum,
781 5178 1026 5246 priscum
1087 5172 1366 5229 hominem
1431 5175 1481 5227 et
1542 5170 1874 5241 sapientem,

204 5271 467 5342 quicum
496 5266 563 5319 de
582 5264 715 5319 aliis
741 5261 1007 5333 plurimis
1047 5261 1287 5332 scripsit,
1340 5262 1455 5313 tum
1503 5258 1569 5313 de
1614 5256 1713 5311 hoc
1756 5270 1880 5327 pro-

199 5360 344 5435 prie
374 5356 440 5411 de
467 5372 569 5429 quo
598 5368 748 5409 nunc
767 5352 974 5423 (igitur,
999 5349 1310 5421 afﬁrmavit
1338 5348 1661 5420 Symbolum
1681 5345 1764 5435 sic
1788 5361 1880 5399 ex-

200 5433 472 5522 positum
499 5447 554 5499 et
585 5444 782 5498 lectum
825 5442 971 5512 apud
1019 5439 1307 5511 septimam
1351 5438 1527 5509 fuisse
1587 5433 1880 5507 synodum.

208 5538 307 5593 Ex
362 5533 457 5589 his
498 5533 787 5589 habemus
827 5530 973 5586 satis
1038 5532 1196 5584 certo
1258 5530 1525 5582 constare
1583 5524 1881 5584 Nicaanam

562 5654 822 5712 PATROL.
870 5650 981 5710 Ga.
1027 5646 1283 5709 CXLIII.

1936 416 2214 473 disertam
2251 419 2673 490 professionem
2717 422 3113 492 processionis
3164 425 3351 480 sancti
3399 429 3582 498 Spiri-

1938 510 2031 559 tus
2078 523 2143 561 ex
2186 508 2328 562 Filio
2379 510 3026 582 Constantinopolitano
3081 513 3349 585 symbolo
3415 517 3580 572 addi~

1937 594 2114 661 disse,
2152 600 2471 667 utcumque
2502 597 2683 653 Graeci
2713 600 2954 671 quidam
2987 602 3287 657 codicibus
3321 620 3583 660 corrum-

1938 686 2143 754 pendis
2175 688 2303 756 ejus
2347 689 2426 741 rei
2460 690 2675 744 t'amam
2726 692 2971 747 obruere
3011 692 3130 746 sint
3173 694 3385 749 conati.
3430 694 3583 756 Qua-

1937 790 1997 827 re
2033 774 2220 829 Latini
2267 774 2541 846 deinceps
2586 779 2791 849 synodi
2844 781 3217 836 oesumenicce
3264 783 3581 838 auctorita-

1937 866 1993 916 te
2040 864 2189 929 freti,
2238 881 2351 919 non
2404 864 2597 921 solum
2668 872 2730 921 ut
2796 874 2964 924 antea
3021 887 3157 925 voce
3213 876 3408 939 tenus,
3479 874 3581 927 sed

1937 952 2155 1022 scripto
2183 954 2304 1021 jam
2341 970 2576 1024 quoque
2609 956 2957 1011 vocabulum
3003 958 3263 1029 Filioque
3309 960 3582 1031 Symbolo

1936 1039 2194 1095 inserere
2226 1047 2558 1112 potuerunt.
2582 1044 2853 1099 Nondum
2882 1052 3080 1101 tamen
3108 1049 3403 1104 audebant
3423 1067 3582 1122 sym-

1938 1128 2135 1184 bolum
2181 1147 2314 1185 cum
2368 1131 2475 1185 ista
2530 1132 2829 1187 additione
2879 1133 3031 1189 inter
3093 1153 3260 1190 sacra
3322 1154 3578 1204 canere;

1936 1228 2031 1297 qui
2066 1228 2325 1284 restabat
2346 1234 2469 1285 tum
2503 1230 2697 1285 adhuc
2750 1229 2810 1285 in
2853 1230 3028 1287 istius
3070 1233 3389 1288 additionis
3444 1252 3582 1306 pro-

1936 1331 2142 1387 gressu
2176 1318 2393 1388 gradus
2425 1318 2654 1374 tertius.
2684 1318 2933 1374 Romani
2985 1322 3294 1392 pontiﬁces
3337 1339 3472 1377 cum
3526 1326 3585 1378 et

1937 1410 2207 1462 constare
2239 1407 2308 1461 de
2340 1408 2611 1479 dogmate
2646 1408 3037 1479 processionis
3087 1410 3276 1465 sancti
3333 1411 3584 1481 Spiritus

1936 1512 2003 1550 ex
2038 1494 2179 1550 Filio
2222 1496 2504 1561 viderent,
2552 1502 2608 1551 et
2646 1498 2990 1569 Symbolum
3053 1497 3248 1570 ipsum
3305 1498 3588 1555 baberent

1937 1583 2153 1639 diserta
2172 1585 2301 1655 ejus
2334 1585 2412 1638 rei
2444 1586 2811 1655 professione
2842 1591 3106 1657 auctum,
3141 1587 3336 1659 palam
3376 1605 3583 1659 propo-

1938 1673 2117 1727 situm
2151 1690 2179 1726 ο
2212 1672 2466 1743 generali
2500 1674 2742 1745 synodo,
2774 1674 2968 1729 minus
2988 1676 3383 1730 necessarium
3413 1683 3583 1747 puta-

1938 1761 2078 1815 bant
2100 1760 2157 1815 id
2183 1762 2313 1815 addi
2338 1766 2571 1816 cantato
2590 1761 2647 1815 in
2674 1762 3230 1835 ecclesiaSymbolo,
3255 1770 3408 1835 quod
3434 1766 3582 1820 satis

1939 1850 2173 1905 aliunde
2204 1851 2262 1905 in
2296 1868 2362 1905 eo
2393 1850 2638 1923 intelligi
2659 1853 3052 1908 confidebant.
3074 1854 3463 1909 Exstatistius
3486 1872 3581 1909 eo~

1939 1956 2069 1994 rum
2120 1939 2221 1993 tali
2275 1941 2344 1994 de
2392 1956 2451 1995 re
2492 1940 2703 2009 judicii
2743 1947 3189 1997 monumentum
3244 1942 3471 1999 illustre
3520 1944 3580 1998 in

1941 2029 2167 2100 primis,
2202 2030 2354 2100 quod
2390 2029 2483 2083 hic
2516 2030 2744 2084 recitari
2778 2047 2809 2085 e
2840 2048 2899 2085 re
2942 2037 3101 2102 puto.
3150 2039 3316 2087 Anno
3366 2031 3585 2087 Christi

1938 2118 2044 2171 809
2083 2117 2376 2173 celebrata
2412 2122 2503 2173 est
2548 2119 2905 2191 Aquisgrani
2953 2126 3238 2191 praesente
3322 2121 3584 2192 impera-

1941 2211 2064 2261 tore
2113 2206 2314 2261 Carolo
2372 2206 2582 2278 Magno
2630 2209 2902 2280 lrequens
2952 2210 3211 2281 synodus
3261 2209 3586 2265 Gallicano-

1943 2312 2073 2350 rum
2098 2296 2249 2350 689
2294 2296 2575 2365 Patrum;
2627 2298 2727 2368 qui
2776 2303 3045 2353 accurate
3096 2298 3397 2370 disputata
3437 2316 3581 2354 con-

1944 2390 2034 2439 tra
2074 2383 2303 2439 Graecos
2352 2385 2746 2439 controversia
2785 2386 2853 2440 de
2900 2387 3270 2457 processione
3336 2387 3589 2459 Spiritus

1944 2474 2154 2538 sancti,
2204 2489 2337 2527 cum
2389 2474 2459 2527 de
2500 2489 2561 2527 re
2611 2473 2740 2543 ipsa
2795 2478 2856 2527 ut
2899 2477 3158 2545 oportuit
3207 2475 3591 2543 deﬁnierunt,

1946 2567 2271 2623 certissime
2298 2568 2615 2623 tenendum
2652 2569 2892 2639 produci
2926 2569 3212 2640 Spiritum
3255 2575 3523 2626 sanctum
3560 2588 3593 2624 a

1946 2656 2087 2711 Filio
2137 2672 2391 2728 quoque,
2441 2662 2563 2711 tum
2617 2662 2681 2711 ut
2735 2659 3088 2713 contrarium
3143 2673 3395 2714 errorem
3463 2676 3594 2731 per-

1946 2745 2164 2801 tinacia
2195 2746 2528 2800 Graeeorum
2567 2744 2677 2800 late
2723 2756 3093 2817 grassantem
3144 2747 3448 2814 eliderent,
3492 2765 3589 2818 pe-

1946 2834 2188 2889 tendum
2224 2850 2256 2887 a
2278 2833 2553 2904 pontifice
2586 2841 2947 2890 censuerunt
2977 2841 3044 2890 ut
3072 2836 3413 2908 Symbolum
3456 2853 3590 2891 cum

1947 2920 2244 2978 additione
2276 2922 2434 2976 vocis
2464 2922 2712 2993 Filioque
2742 2925 2967 2978 cantari
3022 2924 3081 2978 in
3128 2924 3375 2980 ecclesia
3411 2924 3589 2994 jube-

1952 3015 2059 3067 rct.
2106 3014 2499 3066 Pervenernnt
2541 3014 2610 3065 ad
2668 3016 2912 3067 Leonem
2964 3013 3201 3067 tertium
3248 3012 3421 3085 legati
3486 3012 3593 3067 hoc

1956 3099 2323 3171 postulantes
2361 3116 2394 3154 a
2445 3099 2666 3171 synodo
2714 3104 2772 3155 et
2819 3099 3171 3172 imperatore
3216 3100 3406 3157 missi.
3456 3101 3596 3165 Qui-

1958 3190 2066 3244 bus
2094 3192 2204 3244 Leo
2235 3187 2553 3259 respondit,
2590 3188 2745 3259 quod
2795 3190 2867 3243 ad
2920 3190 3134 3262 dogma
3182 3189 3419 3261 quidem
3468 3188 3599 3245 atti-

1958 3282 2159 3333 neret:
2211 3276 2301 3332 Ita
2346 3278 2546 3346 sentio,
2600 3278 2680 3332 ita
2712 3288 2892 3344 teneo,
2933 3279 3011 3333 ita
3055 3294 3181 3333 cum
3225 3279 3306 3333 his
3354 3280 3599 3335 auctori-

1962 3370 2059 3423 bus
2084 3372 2134 3423 et
2163 3381 2339 3422 sacrae
2377 3365 2683 3436 Scriptura:
2713 3366 3158 3423 auctoritatibus.
3193 3365 3253 3422 Si
3311 3370 3432 3440 quis
3484 3366 3605 3422 ali-

1961 3466 2044 3512 ter
2071 3456 2135 3511 de
2164 3457 2272 3510 hac
2292 3472 2350 3511 re
2377 3457 2585 3511 sentire
2612 3460 2663 3510 et
2694 3462 2881 3511 tenere
2923 3457 3180 3522 voluerit,
3232 3456 3507 3529 defendo;
3554 3463 3610 3511 et

1962 3545 2077 3600 nisi
2104 3560 2393 3600 coniersus
2416 3545 2587 3613 fuerit
2635 3551 2688 3598 et
2730 3544 3029 3600 secundum
3064 3546 3209 3599 hunc
3254 3561 3473 3601 sensum
3520 3548 3606 3599 te-

1960 3648 2090 3688 nere
2119 3634 2374 3701 voluerit,
2415 3633 2705 3687 contraria.
2732 3635 3053 3687 sentientem
3083 3633 3341 3702 funditus
3378 3632 3607 3704 abjicio.

1965 3730 2125 3796 Quod
2174 3734 2369 3783 autem
2421 3730 2492 3783 de
2534 3729 2795 3797 jubendo
2839 3730 3061 3785 cantari
3121 3730 3367 3786 ecclesia
3434 3732 3607 3801 Sym-

1966 3818 2098 3873 bolo
2145 3834 2278 3872 cum
2339 3816 2635 3871 additione
2683 3818 2928 3888 Filioque
2967 3818 3303 3888 rogabatur,
3374 3818 3608 3887 negavit

1967 3906 2079 3961 sibi
2113 3905 2295 3959 videri
2343 3905 2805 3959 concedendum.
2856 3904 2921 3958 Et
2980 3904 3337 3958 instantibus
3399 3904 3610 3973 legatis

1968 4014 2071 4069 per
2102 3995 2221 4050 haec
2251 3995 2379 4066 ipsa
2400 3994 2585 4048 verba
2610 4010 2623 4047 :
2654 3993 2715 4048 Si
2739 3992 2909 4048 sciret
2936 3992 3247 4063 paternitas
3289 3996 3388 4047 tua
3433 4009 3609 4063 quan-

1970 4092 2025 4141 ta
2052 4090 2181 4141 sunt
2212 4084 2374 4139 hodie
2394 4084 2587 4138 millia
2618 4083 2673 4138 id
2706 4085 2977 4139 scentium
3015 4084 3147 4153 quia
3180 4086 3463 4148 cantatur,
3518 4080 3617 4152 qui

1968 4191 2251 4246 nunquam
2281 4173 2483 4228 scituri
2507 4181 2684 4229 essent
2714 4172 2831 4227 nisi
2859 4175 3203 4236 cantaretur,
3241 4172 3478 4241 fortasse
3517 4187 3618 4224 no-

1972 4264 2183 4320 biscum
2214 4267 2455 4327 teneres,
2490 4266 2541 4316 ct
2581 4262 2636 4317 id
2662 4267 2755 4317 tuo
2785 4264 2953 4317 etiam
3000 4277 3269 4317 consensu
3304 4264 3363 4315 ut
3415 4269 3616 4315 canta-

1970 4362 2123 4409 retur
2152 4354 2524 4424 acquiesceres
2547 4369 2565 4406 :
2591 4351 2893 4422 respondit
2925 4352 3065 4406 Leo:
3093 4352 3325 4406 Interim
3358 4350 3620 4404 assentio.

1986 4451 2190 4508 Verum
2224 4454 2426 4517 tamen,
2458 4465 2663 4520 quaeso,
2697 4449 2958 4520 responde
2986 4448 3127 4503 mihi
3158 4465 3170 4502 :
3204 4465 3340 4502 num
3364 4449 3623 4502 universa

1978 4539 2295 4612 hujusmodi
2322 4538 2453 4609 fidei
2489 4539 2724 4609 mystica
2776 4546 3153 4607 sacramenta,
3201 4552 3326 4609 qua?
3370 4536 3625 4608 Symbolo

1976 4645 2087 4684 non
2118 4626 2492 4693 continentur,
2541 4628 2666 4680 sine
2715 4625 2915 4696 quibus
2959 4628 3209 4698 quisque,
3260 4623 3357 4696 qui
3409 4625 3485 4679 ad
3530 4625 3627 4679 hoc

1977 4719 2299 4789 pertingere
2320 4723 2515 4785 potest,
2547 4715 2848 4770 catholicus
2871 4732 2986 4772 esse
3022 4731 3132 4769 non
3172 4717 3370 4786 potest,
3407 4714 3626 4785 symbo-

1981 4807 2049 4862 lis
2080 4804 2394 4870 inserenda,
2424 4812 2475 4860 et
2520 4808 2749 4876 propter
2799 4804 3178 4877 compendium
3216 4806 3406 4859 minas
3453 4802 3627 4858 intel-

1986 4895 2305 4965 ligentiam,
2336 4897 2398 4949 ut
2452 4895 2651 4965 cuique
2692 4894 2940 4964 libuerit,
2992 4894 3238 4949 addenda
3288 4896 3473 4950 sunt?
3512 4890 3633 4948 Ali-

1985 4988 2205 5057 quanto
2238 4988 2371 5055 post
2405 4983 2582 5053 legati
2614 4983 2699 5038 sic
2733 4983 2898 5038 aiunt
2931 5001 2944 5040 :
2981 4986 3122 5053 Ergo
3150 4985 3207 5037 ut
3256 4982 3431 5051 video,
3485 4978 3637 5036 illud

1985 5093 2018 5129 ιι
2048 5077 2226 5128 vestra
2255 5073 2598 5143 paternitate
2643 5071 2977 5137 decernitur,
3037 5080 3097 5127 ut
3152 5071 3332 5141 primo
3388 5068 3529 5124 illud
3572 5067 3640 5122 de

1985 5179 2091 5239 quo
2131 5164 2360 5233 quaestio
2390 5160 2609 5231 agitur,
2665 5162 2733 5216 de
2788 5177 2932 5229 saepe
2986 5163 3099 5231 fato
3144 5160 3399 5233 Symbolo
3456 5156 3637 5229 (quod

1989 5268 2199 5323 nempe
2228 5252 2442 5325 legitur
2476 5250 2534 5305 in
2568 5250 2835 5323 ecclesia)
2867 5251 3119 5319 tolletur,
3152 5252 3238 5321 [P.
3286 5250 3409 5314 469]
3441 5251 3491 5300 et
3513 5255 3646 5299 tunc

1989 5343 2209 5398 demum
2237 5359 2269 5395 (ι
2301 5340 2539 5412 quolibet
2578 5338 2731 5395 licite
2757 5344 2807 5395 et
2840 5338 3034 5406 libere,
3064 5338 3180 5393 sive
3208 5333 3489 5393 cantando
3521 5333 3639 5387 sive

1992 5430 2256 5486 tradendo
2285 5428 2535 5484 discatur
2572 5436 2622 5484 et
2651 5428 2920 5484 doceatur
2948 5429 3133 5500 (extra
3164 5429 3402 5481 cantum
3434 5420 3645 5475 videli-

1994 5523 2083 5577 cet
2114 5518 2571 5586 ecclsiasticum,
2603 5517 2701 5589 qui
2737 5518 2892 5574 inter
2923 5534 3089 5573 saera
3119 5514 3227 5584 ﬁt).
3261 5513 3345 5567 Ad
3379 5525 3506 5583 quas
3538 5525 3640 5582 pa-

3242 5635 3324 5692 36
