3968 6202
480 287 615 344 1131

1524 276 1586 328 Ρ.
1627 275 1906 328 POSSlNI
1943 273 2551 332 OBSERVATIONUM
2593 280 2725 332 [ΑΒ.
2766 281 2838 333 II.

3637 291 3741 347 ll32

480 430 557 486 pa
589 403 852 480 reposuit
888 419 902 458 :
933 403 1013 457 Ila
1040 396 1242 470 procul
1271 395 1434 451 dubio
1465 412 1498 450 a
1527 404 1717 450 nostra
1743 403 1906 486 parte
1953 393 2134 452 decer-
2164 401 2210 467 Β
2241 396 2468 467 dejecto
2514 415 2583 456 ex
2624 417 2693 456 ea
2730 405 2788 456 et
2827 401 3067 457 detruso
3105 401 3161 456 in
3199 418 3449 460 carcerem
3507 408 3653 466 Leone
3695 415 3740 482 ν,

487 483 643 556 nitur
677 515 691 563 ;
725 493 809 548 ita
847 503 1060 562 quoque
1107 489 1165 541 ut
1222 501 1256 540 a
1301 488 1483 540 vestra
1543 483 1906 555 assentiatur,
1946 502 1979 540 a
2027 500 2123 540 no~

485 590 562 644 bis
583 582 893 642 omninodis
924 576 1208 634 suadetur.
1251 577 1375 630 Hac
1416 591 1482 629 ex
1515 575 1662 630 actis
1693 574 1855 629 illius
1903 573 2122 646 Aquis-

479 675 786 750 granensis
813 669 1066 738 concilii,
1099 686 1131 722 a
1179 666 1513 732 Sirmondo,
1553 670 1692 720 tom.
1753 665 1798 719 Il
1844 663 2125 720 Concilio-

478 783 608 822 rum
639 761 837 819 Galliae
868 759 1062 826 editis,
1095 755 1541 826 descripsimus:
1577 755 1635 808 In
1665 753 1878 824 quibus
1918 754 2122 808 obser-

478 856 603 914 vari
636 868 822 925 operae
851 849 1104 921 pretium
1140 846 1238 911 sit,
1273 842 1543 914 usurpari
1576 843 1811 914 quidem
1837 843 1963 913 jam
1995 847 2122 898 tum

480 947 541 1002 in
574 942 764 1000 Gallia
798 943 1052 1011 coeptum
1115 941 1178 990 ut
1233 933 1574 1006 Symbolum
1633 949 1767 986 cum
1827 931 2128 987 additione

482 1031 748 1091 vocabuli
781 1029 1033 1098 Filioque
1061 1026 1118 1079 in
1152 1023 1412 1078 ecclesiis
1450 1022 1604 1076 inter
1660 1038 1829 1076 saera
1886 1038 2127 1077 canere-

485 1130 602 1180 tur.
652 1121 715 1176 Id
764 1118 918 1174 enim
969 1117 1223 1170 innuunt
1273 1110 1373 1166 illa
1427 1111 1602 1166 verba
1648 1108 2023 1182 legatorum:
2068 1110 2131 1165 Si

486 1217 654 1269 sciret
704 1207 1014 1282 paternitas
1073 1213 1167 1258 tua
1221 1205 1428 1272 quanta
1483 1207 1608 1254 sunt
1650 1198 1810 1254 hodie
1860 1197 2025 1253 milia
2071 1198 2129 1253 id

486 1301 779 1357 scientiam
809 1297 940 1368 quia
981 1297 1255 1347 cantatur.
1305 1289 1415 1344 Sed
1466 1289 1620 1344 hunc
1673 1305 1890 1342 morem
1952 1305 1984 1342 a
2017 1287 2129 1342 Ro-

489 1406 664 1447 mano
698 1384 970 1459 pontifice
1021 1380 1280 1436 nondum
1325 1385 1465 1432 tunc
1517 1377 1696 1432 fuisse
1739 1375 2129 1448 approbatum

486 1479 599 1552 ipsi
632 1476 732 1549 qui
765 1472 1130 1543 usurpabant
1184 1473 1416 1535 norant,
1469 1467 1612 1521 dum
1659 1467 1788 1537 ejus
1842 1466 2128 1537 approba-

487 1570 708 1624 tionem
753 1565 978 1635 petunt.
1031 1559 1101 1613 Et
1152 1555 1389 1628 quidem
1440 1555 1535 1609 hic
1583 1555 1841 1627 pontifex
1891 1553 2002 1608 Leo
2059 1554 2132 1609 IlI

492 1659 635 1712 adeo
667 1653 777 1708 fuit
807 1653 863 1707 in
900 1649 1006 1703 hoc
1041 1645 1340 1719 proposito
1375 1645 1546 1709 fixus,
1591 1650 1674 1714 ut,
1718 1643 1867 1714 quod
1932 1643 2133 1697 l’etrus

2242 501 2490 560 eamque
2535 506 2638 560 per
2695 506 2795 546 sex
2842 506 3078 546 menses
3114 491 3305 548 tenuit.
3350 493 3466 550 Post
3514 513 3628 568 quos
3675 517 3742 558 ex-

2241 576 2411 648 pulso
2449 579 2600 634 etin
2670 579 2905 635 vincula
2969 582 3218 651 conjecto
3275 582 3622 656 Christophoro
3662 591 3744 646 Ser-

2247 669 2380 738 gius
2410 669 2479 723 lll
2514 670 2727 724 iterum
2770 669 3153 741 apostolicum
3193 672 3437 728 thronum
3488 675 3672 745 insedit,
3707 682 3744 735 in

2241 771 2426 829 eoque
2460 759 2718 830 perstitit
2749 775 2937 830 usque
2966 761 3038 814 ad
3072 765 3303 815 mortem
3332 778 3497 832 suam,
3525 782 3624 836 qua
3655 784 3746 823 con-

2243 846 2377 918 tigit
2408 848 2662 903 triennio
2719 853 2874 919 post,
2917 865 3070 904 anno
3130 849 3329 906 Christi
3378 851 3486 906 910.
3526 855 3636 910 Mihi
3669 874 3746 912 non

2242 935 2472 992 videtur
2512 936 2897 993 inverisimile
2940 938 3222 994 Andream
3258 938 3511 996 Rhodium
3563 944 3746 1001 Grecam

2243 1033 2567 1106 hominem,
2596 1036 2859 1106 ejusdem
2886 1035 3058 1090 istius
3088 1035 3260 1092 Graeci
3299 1041 3649 1109 commentarii,
3683 1059 3748 1097 cu-

2257 1122 2358 1194 jus
2387 1122 2688 1196 exemplar
2727 1123 2935 1180 habuit
2972 1125 3272 1195 Baronius,
3316 1127 3547 1183 notitiam
3586 1129 3750 1187 habuis-

2244 1227 2306 1266 se
2333 1231 2347 1280 ;
2374 1213 2636 1284 adeoque
2667 1230 2986 1269 memorem
3029 1213 3166 1286 quid
3214 1214 3289 1269 ibi
3324 1215 3548 1287 legisset,
3587 1232 3636 1272 ea
3667 1237 3749 1290 qua

2244 1301 2674 1373 descripsimus
2724 1303 2782 1357 in
2819 1303 3064 1358 consilio
3111 1304 3335 1371 dixisse,
3368 1304 3659 1362 abstinuisse
3686 1325 3755 1363 an-

2243 1394 2351 1444 tem
2380 1408 2412 1445 a
2444 1391 2740 1446 mentione
2771 1391 3124 1447 distinctiori
3158 1410 3305 1465 papae
3335 1391 3680 1466 Christophori,
3701 1395 3756 1449 vel

2244 1479 2396 1550 quod
2424 1480 2655 1552 putaret
2685 1479 3028 1551 scriptorem
3061 1478 3226 1536 illum
3268 1482 3500 1538 Crzecum
3539 1481 3587 1538 111
3616 1500 3664 1539 eo
3699 1501 3759 1539 er-

2244 1584 2427 1639 rasse,
2451 1569 2865 1625 confundendo
2888 1587 3022 1625 eum
3047 1587 3178 1626 cum
3198 1588 3296 1626 suo
3319 1578 3761 1644 successoreautpe-

2245 1657 2363 1714 tiu‘s
2386 1658 2693 1730 expulsore
2715 1660 2909 1731 Sergio
2934 1679 2950 1730 ;
2981 1659 3067 1714 vel
3101 1661 3250 1732 quod
3280 1660 3549 1734 utriusque
3586 1662 3758 1717 istorum

489 1741 856 1801 Lombardus
923 1738 962 1791 Ῑ·
991 1734 1454 1830 *88³³18⁷11ῖάνὲηῆ
1730 1731 1788 1786 11
1863 1734 2133 1830 tfﬁlamrs
2171 1765 2218 1830 Β
2246 1753 2358 1804 tam
2395 1748 2695 1804 maculosa
2725 1748 2864 1817 vita,
2896 1753 3017 1805 tam
3062 1731 3230 1820 faida,
3280 1731 3531 1808 memoria
3562 1757 3692 1822 esset,
3723 1757 3761 1804 ut

491 1832 916 1901 transcriptum
987 1822 1247 1897 Symboli
1316 1821 1442 1876 sine
1511 1821 1810 1876 additione
1863 1819 2138 1890 Filioque,

495 1923 668 1997 qﬂale
700 1919 980 1976 nimirum
1013 1916 1072 1969 in
1106 1914 1288 1968 missa
1332 1911 1554 1966 cantari
1605 1909 1843 1965 omnino
1891 1909 2139 1976 volebat,

499 1996 800 2084 reliquerit
857 2008 916 2061 in
971 2003 1173 2059 tabula
1229 2004 1506 2072 argentea
1561 2005 1695 2071 post
1752 1999 1932 2053 altare
1990 1996 2140 2053 beati

499 2103 686 2160 Pauli.

569 2211 913 2266 Perventum
959 2208 1157 2258 tamen
1205 2198 1521 2270 aliquando
1567 2199 1638 2253 ad
1675 2197 1855 2253 istum
1903 2195 2140 2252 tertium

495 2312 849 2374 progressus
895 2293 958 2347 in
1003 2287 1324 2346 additionis
1377 2286 1612 2358 negotio
1657 2287 1906 2357 gradum
1961 2285 2144 2340 fuisse

495 2388 878 2446 manifestum
910 2385 1024 2446 est,
1048 2385 1112 2434 ut
1141 2377 1446 2443 nimirum,
1508 2377 1662 2431 670
1705 2375 1883 2430 etiam
1931 2391 2142 2446 appro-

495 2481 675 2534 bante
727 2470 997 2545 pontiﬁce
1048 2468 1334 2531 Romano,
1385 2463 1729 2534 Symbolum
1789 2480 1923 2518 cum
1975 2462 2139 2517 addi-

498 2567 758 2620 tamento
804 2559 1057 2629 Filioque
1105 2555 1255 2610 inter
1301 2570 1469 2609 sacra
1526 2557 1852 2608 caneretur.
1916 2553 1962 2605 A
2028 2567 2143 2621 quo

502 2659 696 2711 autem
728 2650 786 2704 id
821 2648 1079 2721 primum
1112 2643 1386 2715 pontiﬁce
1427 2641 1601 2696 fuerit
1648 2640 2000 2710 admissum,
2052 2641 2144 2694 in-

505 2747 732 2800 certum
763 2741 873 2795 est.
915 2732 1220 2791 Nicolaum
1272 2735 1329 2786 et
1374 2729 1698 2785 Adrianum
1751 2727 1989 2799 quidam
2041 2744 2143 2783 no-

507 2833 760 2889 minant.
801 2827 912 2883 Sed
942 2823 1206 2880 Andreas
1237 2819 1495 2875 Rhodius
1519 2833 1759 2874 causam
1801 2817 2143 2873 Latinorum

506 2937 686 2995 agens
735 2918 796 2973 in
843 2911 1088 2972 consilio
1138 2908 1472 2965 Florentino
1524 2907 1594 2962 de
1642 2912 1891 2977 utroque
1951 2911 2143 2979 negat,

503 3009 784 3086 quoniam
817 3009 1095 3062 neutrum
1128 3016 1194 3056 eo
1229 3000 1464 3054 nomine
1489 2996 1734 3052 Photius
1764 2995 2144 3067 accusaverit,

505 3084 849 3171 neutiquam
882 3095 952 3150 de
971 3091 1074 3148 tali
1092 3106 1174 3155 re,
1199 3087 1247 3144 si
1271 3094 1428 3195 esset
1447 3103 1602 3153 vera,
1628 3084 2144 3195 taciturus;:ddit
2175 3119 2217 3195 ρ

501 3191 659 3246 idem
688 3169 984 3247 _Andreas,
1017 3195 1180 3236 conc.
1247 3175 1394 3233 Flor.
1455 3191 1603 3231 sess.
1662 3177 1716 3241 7,
1769 3191 1826 3246 p.
1892 3173 1993 3228 122
2049 3169 2141 3230 ed.

502 3280 644 3348 Reg.
707 3291 720 3330 :
779 3277 844 3329 Ἡ
911 3265 1194 3338 Ῥωμαϊκὴ
1270 3259 1569 3348 Ἐκκλησίᾳ
1610 3261 1940 3348 Ῠήναγκάσθη
1988 3258 2149 3348 Δβλὲ.

499 3343 680 3419 unum
736 3359 828 3414 τὸν
887 3354 1226 3426 ἐπικείμενον
1287 3347 1456 3424 μέγαν
1515 3347 1762 3403 κίνδυνον
1795 3367 1808 3380 ⁸
1881 3343 2151 3421 ἐψάλλετο

500 3453 600 3527 γὰρ
657 3446 767 3518 ἤδη
830 3444 880 3499 ἐν
940 3447 1058 3506 ταῖς
1116 3436 1378 3527 Γοιλλίαις
1436 3437 1528 3490 καὶ
1593 3435 1886 3527 Ἰσπανξαις
1922 3480 1935 3493 .
1993 3439 2153 3527 facta

502 3524 693 3613 ἤρὲσεν
755 3533 942 3608 ἐκείνῳ
998 3535 1076 3605 τῷ
1132 3526 1281 3603 ἄκρῳ
1334 3527 1612 3602 ἀρχιερεῖ,
1678 3525 1813 3599 μετά
1871 3524 2151 3604 συνεδρίου

504 3628 734 3684 πολλῶν
793 3620 1044 3695 Πατέρων
1105 3615 1336 3672 δυτικῶν
1412 3619 1519 3670 τῶν
1582 3615 1881 3690 γεγονότων
1936 3615 1996 3673 οὐ
2054 3638 2151 3691 μι-

505 3719 640 3794 κρυῦ
699 3713 1006 3786 ἀξιώματος
1062 3707 1097 3777 ἢ
1157 3704 1350 3780 ὀλίγου
1379 3703 1639 3780 ἀριθμοῦ,
1688 3701 1979 3775 ἀναπτύξαι
2013 3705 2152 3760 ἐκεῖ-

506 3787 568 3863 νο
625 3803 652 3860 ὃ
715 3799 970 3879 λὲγομεν,
1028 3797 1114 3852 καὶ
1177 3794 1250 3856 ὡς
1309 3787 1359 3849 ἓν
1391 3796 1470 3866 τῷ
1521 3789 1799 3866 Συμϐόλῳ
1838 3792 2148 3868 ψάλλομεν·

508 3901 711 3956 Coacta
759 3897 837 3950 est
867 3889 1106 3947 Ecclesia
1141 3887 1389 3942 Romana
1418 3884 1753 3958 (admittere
1795 3889 1858 3939 ut
1915 3902 2150 3941 canere-

503 3982 964 4060 turSymbolum
1000 3994 1134 4035 cum
1185 3974 1500 4060 additione
1532 3970 1797 4047 Filioque)
1847 3990 1971 4030 cum
2027 3992 2148 4030 ma-

503 4056 909 4150 gnum-videret
940 4067 1256 4140 impendere
1292 4056 1600 4137 periculam
1632 4079 1645 4116 :
1681 4080 1793 4130 iam
1849 4062 1998 4118 enim
2053 4079 2148 4119 ca—

501 4169 736 4224 nebatur
764 4159 823 4220 in
847 4156 1019 4216 Gallis
1052 4167 1101 4213 et
1132 4154 1433 4226 Hispaniis.
1495 4155 1680 4222 Quare
1727 4151 1939 4222 placuit
1994 4169 2147 4208 sum-

501 4272 589 4312 mo
651 4254 742 4308 illi
811 4245 1086 4323 pontifici,
1153 4261 1278 4299 cum
1343 4242 1643 4296 multorum
1707 4239 2147 4298 Occidentalium

501 4348 740 4400 Patrum
806 4351 1082 4404 concessu,
1151 4333 1247 4403 qui
1303 4346 1403 4385 nec
1467 4329 1732 4399 dignitate
1799 4333 1986 4385 tenues
2051 4347 2149 4386 nec

501 4429 708 4486 modici
749 4433 909 4483 erant
957 4438 1210 4487 numero,
1262 4418 1404 4474 illud
1447 4416 1732 4488 explicare
1801 4418 1941 4488 quod
2004 4416 2145 4475 dicis

505 4535 649 4586 mus,
680 4527 730 4574 et
769 4517 912 4570 sicut
953 4513 1012 4568 in
1072 4485 1327 4582 Symbolo
1383 4485 1654 4562 canimus.
1715 4485 1830 4560 Hoc
1885 4509 1990 4578 est,
2048 4505 2146 4562 de-
2182 4485 2226 4549 Ῑ)

507 4622 741 4664 cernere
807 4609 872 4659 ut
944 4600 1215 4671 deinceps
1275 4615 1381 4653 vox
1439 4597 1679 4667 Filioque
1751 4595 2027 4668 Symbolo
2084 4593 2144 4651 in

507 4695 746 4752 ecclesia
779 4697 1009 4748 cantato
1040 4689 1370 4744 adderetur.
1405 4685 1547 4750 Quis
1599 4683 1773 4738 fuerit
1815 4682 1928 4739 iste
1977 4702 2143 4741 sum-

508 4800 641 4838 mus
669 4782 926 4855 pontifex
965 4796 1079 4834 non
1112 4776 1410 4831 indicatus
1470 4773 1565 4828 hic
1623 4773 1992 4846 nominatim,
2043 4775 2146 4829 ad-

503 4873 617 4927 huc
647 4867 1118 4941 investigandum
1147 4867 1436 4936 superest.
1471 4861 1760 4917 Baronius
1806 4859 1876 4916 ad
1925 4880 2142 4920 annum

497 4960 710 5018 Christi
762 4958 866 5014 883
909 4958 989 5029 (p.
1042 4954 1150 5011 596
1198 4953 1288 5007 ed.
1352 4951 1520 5007 Rom.
1556 4951 1693 5005 anni
1761 4951 1920 5024 1602)
1972 4952 2146 5008 refert

499 5052 558 5107 in
586 5067 695 5106 sua
716 5047 1074 5104 bibliotheca
1113 5040 1498 5098 Vallicellana
1538 5041 1826 5096 asservari
1867 5042 2140 5098 volumen

497 5141 810 5211 antiquum
843 5134 1024 5192 Graeci
1066 5130 1327 5188 auctoris
1361 5128 1662 5202 anonymi,
1724 5129 1825 5201 qui
1870 5131 2142 5190 distincte

494 5230 754 5287 afﬁrmat
783 5223 1141 5283 additionem
1170 5220 1330 5274 vocis
1363 5219 1618 5288 Filioque
1667 5218 1738 5272 ad
1796 5219 2140 5290 Symbolum

497 5321 653 5395 quod
688 5317 919 5376 canitur
967 5313 1026 5367 in
1087 5307 1356 5373 ecclesia,
1419 5307 1677 5376 primum
1722 5306 2044 5364 admissam
2087 5317 2144 5366 et

502 5413 798 5469 decretam
832 5423 864 5461 a
893 5397 1312 5471 Christophoro
1337 5410 1508 5467 papa.

575 5520 676 5575 Hic
716 5510 1196 5584 Christophorus,
1234 5509 1300 5561 ut
1349 5504 1505 5558 idem
1547 5500 1834 5556 Baronius
1870 5501 2009 5560 alibi
2041 5508 2141 5564 do-

501 5613 612 5677 cet,
647 5609 974 5663 Romanam
1014 5599 1214 5657 sedem
1264 5591 1480 5672 invasit
1527 5606 1682 5646 anno
1739 5590 1958 5649 Christi
2014 5597 2140 5668 907,

2245 1836 2305 1891 in
2330 1849 2608 1893 concessu
2644 1843 2763 1893 tam
2790 1839 2973 1910 gravi,
3007 1839 3104 1894 cui
3147 1839 3465 1911 praesertim,
3510 1839 3763 1895 interessent

2249 1925 2422 1980 multi
2455 1941 2660 1997 parum
2702 1926 2848 1998 aequi
2901 1927 3176 1983 Romanis
3221 1927 3484 1997 Ecclesiae,
3527 1927 3767 1984 1118111811-

2248 2013 2385 2070 cissi
2398 2030 2625 2069 morum
2657 2015 2785 2085 ejus
2815 2019 3146 2087 temporum
3200 2017 3398 2088 probra
3445 2017 3660 2072 refricare
3689 2032 3765 2070 me-

2249 2105 2532 2158 morando
2565 2115 2679 2159 non
2731 2103 2970 2160 duceret
3014 2111 3419 2178 opportunum.
3458 2107 3641 2162 Recitat
3671 2106 3768 2159 idem

2249 2192 2536 2247 Baronius
2585 2191 2652 2246 ad
2707 2208 2928 2248 annum
2981 2193 3198 2250 Christi
3245 2195 3676 2267 nongentesimum
3706 2209 3770 2246 no-

2249 2297 2414 2351 num,
2441 2281 2541 2352 qui
2576 2280 2684 2337 fuit
2734 2283 3031 2338 secundus
3080 2284 3263 2355 Sergii
3304 2283 3394 2352 lli,
3432 2282 3678 2339 concilium
3713 2297 3768 2334 ce-

2250 2368 2540 2424 lebratum
2575 2371 2630 2424 in
2665 2385 2812 2442 pago
2858 2372 2978 2426 sive
3029 2373 3326 2443 provincia
3356 2370 3700 2436 Suessionensi,
3731 2369 3767 2421 in

2247 2457 2376 2513 loco
2418 2457 2675 2514 Trosleio
2725 2458 2902 2526 dicto,
2947 2461 3296 2532 praesidente
3339 2461 3530 2517 Herveo
3568 2456 3771 2528 archiepi-

2251 2563 2428 2619 sCOpo
2463 2545 2802 2614 Rhemensi,
2863 2549 3010 2604 671
3074 2565 3243 2621 anno,
3308 2554 3368 2605 nt
3421 2549 3492 2604 ibi
3547 2548 3592 2602 in
3643 2546 3770 2600 fronte

2253 2635 2551 2700 scribitur,
2617 2635 2922 2693 Dominicse
3007 2637 3403 2696 incarnationis
3473 2634 3773 2707 nongentesimo

2249 2749 2392 2788 nono
2453 2731 2753 2788 indictione
2814 2733 3160 2805 duodecima,
3229 2737 3308 2809 (P.
3385 2736 3496 2806 470)
3546 2745 3664 2790 sexta
3711 2731 3776 2784 Ka-

2255 2819 2446 2878 lendas
2475 2824 2675 2878 mensii
2701 2823 2872 2880 Julii.
2908 2824 2971 2880 In
3019 2842 3139 2896 quo
3186 2825 3484 2899 praesidens
3519 2820 3687 2896 synodo
3718 2834 3777 2871 ar-

2253 2911 2664 2984 chiepiscopus
2704 2918 2835 2983 post
2897 2911 3085 2968 multa
3137 2931 3262 2988 quae
3312 2913 3556 2986 proponit
3593 2910 3677 2965 alia
3725 2902 3777 2959 ibi
3870 2902 3871 2964 i

2251 2999 2581 3070 tractanda,
2633 2999 2741 3056 hoc
2809 3016 3042 3073 quoque
3099 3005 3172 3059 de
3219 3000 3574 3058 controversia
3615 3011 3778 3070 proces-
3870 2999 3871 3066 ᾖ

2255 3088 2441 3144 sionis
2474 3087 2729 3162 Spiritus
2753 3091 2940 3146 sancti
2994 3097 3302 3162 memorat,
3349 3091 3433 3148 bis
3477 3088 3658 3145 verbis:
3687 3086 3780 3140 Sane

2256 3177 2386 3249 quia
2427 3178 2672 3235 innotuit
2717 3178 2876 3234 nobis
2924 3185 3121 3236 sancta
3175 3182 3325 3238 sedes
3370 3177 3626 3254 apostolica
3660 3171 3780 3264 adhuc

2255 3282 2468 3323 errores
2517 3275 2570 3324 et
2613 3263 2974 3340 blasphemias
3021 3270 3310 3334 cuiusdam
3353 3253 3520 3340 vigere
3560 3261 3702 3322 Plzolii
3744 3253 3780 3314 in
3870 3253 3871 3328 Ῐ

2255 3356 2510 3427 partibus
2555 3355 2816 3428 Orientis,
2865 3357 2923 3412 in
2968 3357 3250 3430 Spiritum
3295 3369 3540 3426 sanctum,
3579 3351 3684 3427 quod
3711 3364 3779 3403 non

2257 3461 2291 3499 a
2330 3445 2492 3514 Filio,
2540 3447 2654 3502 nisi
2699 3446 2918 3503 tantum
2966 3461 3036 3503 ex
3087 3449 3250 3506 Patre
3302 3446 3556 3522 procedat,
3613 3438 3782 3514 blasphe

2255 3537 2481 3608 mantis,
2546 3535 2837 3591 hortamur
2894 3546 3133 3594 vestram
3197 3539 3574 3612 fraternitatem
3625 3542 3669 3586 ut
3709 3542 3781 3582 una

2255 3641 2490 3691 mecum,
2540 3625 2836 3681 secundum
2882 3626 3322 3684 admonitionem
3369 3625 3560 3685 domini
3608 3623 3782 3678 Reatina?

2254 3714 2399 3768 sedis
2438 3713 2719 3785 praesidis,
2767 3715 2986 3784 singuli
3031 3721 3287 3774 nostrum
3332 3713 3590 3790 perspectis
3627 3711 3781 3766 Patrum

2255 3810 2649 3868 catholicorum
2667 3814 2976 3882 sententiis,
3010 3815 3077 3870 de
3103 3815 3320 3875 devina,’
3359 3815 3619 3888 Scriptura
3653 3808 3784 3880 Phill"

2256 3903 2356 3957 tris
2406 3905 2593 3957 acutas
2629 3905 2978 3974 proferamus
3026 3906 3284 3977 sagittas,
3330 3907 3544 3978 potentes
3578 3898 3634 3956 ad
3672 3890 3784 3960 coaﬁ'

2254 3990 2511 4046 ciendam
2537 3989 2777 4046 belluam
2803 3993 3034 4047 monstri
3057 3995 3394 4053 renascentis
3417 3997 3461 4049 et
3481 3991 3548 4049 ad
3585 3984 3785 4046 terebran-

2254 4079 2382 4134 dum
2411 4077 2573 4152 caput
2601 4080 2928 4152 nequissimi
2953 4085 3248 4154 serpentis.
3286 4085 3408 4139 Haec
3444 4080 3514 4136 ibi
3544 4098 3556 4146 ;
3598 4091 3692 4149 qua
3725 4070 3789 4124 Βι-

2256 4167 2457 4224 ronius
2488 4168 2802 4241 descripsit
2829 4186 2897 4225 ex
2929 4170 3129 4228 codice
3155 4169 3390 4228 Antonii
3421 4162 3700 4242 Augustini.
3726 4171 3786 4214 π·

2255 4261 2422 4343 cepto
2471 4271 2540 4313 ex
2588 4255 2942 4314 bibliotheca
2982 4259 3041 4316 S.
3097 4261 3349 4336 Remigii
3397 4253 3701 4315 Rhemensis.

2254 4343 2347 4399 his
2378 4341 2515 4401 licet
2537 4344 2845 4416 suspicari,
2871 4348 3439 4406 increbrescentibus
3463 4363 3551 4421 per
3568 4341 3789 4428 Hispania.3
3870 4343 3871 4404 l

2257 4434 2315 4487 et
2338 4431 2558 4488 Gallias
2579 4431 3079 4504 disputationibhs
3103 4437 3176 4493 de
3197 4438 3466 4510 dogmate
3505 4425 3791 4510 processionis
3870 4467 3871 4470 η

2256 4520 2509 4594 Spiritus
2556 4522 2744 4577 sancti
2794 4539 2862 4579 ex
2900 4529 3067 4580 Patre
3142 4505 3321 4582 simul
3362 4530 3415 4582 et
3451 4521 3594 4589 Filio,
3631 4505 3791 4606 consul-
3870 4523 3871 4530 ‘

2255 4625 2376 4667 tam
2409 4611 2480 4666 de
2515 4627 2674 4667 more
2705 4614 2904 4669 sedem
2938 4615 3326 4688 apostolicam
3362 4613 3636 4671 mandasse
3661 4606 3794 4671 inqm'

2255 4699 2526 4756 sitionem
2569 4700 2628 4754 in
2678 4703 2919 4774 synodis
2963 4705 3420 4775 provincialibus
3461 4705 3524 4757 de
3566 4699 3657 4754 ista
3689 4701 3792 4786 qltf‘

2255 4789 2444 4845 stione
2476 4787 2598 4844 fieri
2633 4810 2648 4860 ;
2686 4807 2751 4846 ac
2784 4791 3024 4864 perlatis
3047 4800 3274 4866 postea,
3308 4798 3371 4851 ut
3415 4795 3496 4850 est
3545 4775 3793 4844 verisimile,

2254 4890 2494 4942 Patrum
2525 4886 2676 4943 votis
2708 4887 3054 4947 damnatum
3077 4891 3350 4950 heresim
3372 4867 3790 4948 Graecorum!!le

2253 4992 2382 5032 eam
2412 4975 2871 5048 exstirpanda“).
2905 4984 3076 5050 prout
3108 4985 3308 5037 Patres
3356 4980 3520 5036 etiam
3561 4967 3795 5042 Aquissra'

2255 5082 2466 5121 nenses
2490 5064 2919 5138 judicaverant,
2954 5067 3097 5126 utile
3123 5069 3508 5140 judicantium
3537 5058 3651 5118 addi
3686 5053 3793 5148 Sitne

2253 5153 2386 5210 bolo
2417 5153 2477 5209 in
2511 5151 2775 5210 ecclesiis
2807 5160 3038 5212 cantato
3068 5173 3272 5214 vocem
3317 5158 3571 5228 Filioque,
3599 5146 3795 5228 annuisse

2253 5243 2505 5314 denique
2545 5242 2874 5300 Romanum
2911 5246 3272 5318 pontiﬁcem,
3304 5263 3426 5303 cum
3449 5252 3674 5313 magnum
3701 5225 3794 5318 ιιίάεξ
3870 5235 3871 5260 ‘

2252 5337 2333 5388 rel
2382 5331 2681 5403 inpendere
2726 5317 3060 5405 periculum,
3107 5341 3172 5392 ut
3216 5335 3470 5408 loquitur
3507 5317 3793 5408 Andreas,

2253 5420 2672 5493 multimagnae
2713 5424 3081 5481 auctoritatis
3124 5424 3518 5482 Occidentales
3561 5421 3719 5471 Patres
3757 5420 3792 5494 12

2253 5512 2645 5568 necessarium
2670 5513 3032 5583 judicarent.
3062 5517 3130 5570 Et
3162 5515 3247 5571 ita
3269 5514 3532 5585 deinceps
3578 5501 3795 5585 commn?‘

2251 5603 2483 5659 decreto
2516 5619 2618 5675 per
2646 5581 2833 5662 totum
2864 5606 3236 5664 Occidentem
3263 5581 3584 5679 Symbolum
3608 5607 3714 5653 cum
3735 5581 3798 5639 Μ’

3757 5398 3871 5454 111
