3968 6202
222 314 371 375 1133

1812 325 2040 385 ΝΟΤΒ.

3492 336 3635 391 1134

217 445 446 500 ditione
494 443 753 515 Filioque
791 444 852 499 in
898 445 1081 501 missa
1118 450 1423 502 cantatum
1456 489 1471 515 ,
1514 453 1617 503 aut
1667 450 1862 520 potius
1894 451 1949 516 Α
1980 451 2110 507 bolo
2141 453 3133 526 Constantinopolitanisecumenici
3157 458 3418 527 secundi,
3454 476 3634 530 quam

224 550 366 589 cum
407 535 463 588 id
505 536 677 589 antea
713 550 815 605 per
845 533 1095 589 Galliam
1136 541 1193 591 et
1234 535 1575 609 Hispaniam
1608 538 1877 593 volunta-

226 624 319 678 ria
345 622 728 678 ecclesiarum
758 628 817 677 et
850 624 1259 695 episcoporum
1293 626 1600 682 devotione
1633 642 1876 699 usurpa-

223 717 412 781 retur,
444 728 689 768 assensu
714 711 967 784 denique
1000 714 1243 769 Romani
1272 715 1566 787 pontificis
1592 721 1648 772 et
1678 716 1879 772 ﬁrma-

220 808 380 860 tum.

292 909 582 965 Dedimus
638 907 925 965 hactenus
974 908 1286 966 historiam
1347 910 1669 968 additionis
1720 913 1876 970 vocis

218 999 480 1071 Filioque
512 997 585 1054 ad
613 997 1327 1071 Constantinopolitanum
1365 1001 1704 1074 Symbolum
1738 1048 1753 1072 ,
1784 1018 1877 1058 ar-

220 1089 424 1145 ticulis
454 1095 787 1161 temporum
820 1093 876 1145 et
898 1091 1329 1162 progressionis
1353 1090 1638 1163 gradibus
1672 1091 1878 1147 distin-

220 1180 379 1234 ctam
419 1195 535 1246 ;ex
565 1176 737 1247 cujus
786 1175 873 1233 vel
925 1177 1179 1250 simplici
1231 1180 1597 1251 expasitione
1648 1180 1876 1237 confido

223 1281 513 1338 apparere
555 1265 950 1322 innocentiam
982 1273 1038 1322 et
1069 1268 1407 1339 aequitatem
1439 1270 1570 1341 ejus
1620 1270 1778 1338 facti,
1813 1275 1877 1325 ut

219 1370 380 1427 pene
412 1355 697 1427 potuerim
731 1353 1073 1411 lucrifacere
1104 1372 1339 1429 operam
1372 1358 1617 1413 secundi
1652 1375 1719 1414 ex
1740 1375 1875 1430 pro-

221 1444 441 1517 positis
482 1443 723 1516 capituli
756 1444 1069 1515 tractandi,
1116 1460 1231 1518 quo
1264 1462 1396 1502 sum
1428 1445 1725 1519 pollicitus
1767 1449 1876 1503 de-

219 1537 694 1589 monstraturum
728 1549 818 1589 me
843 1533 1028 1603 justis
1060 1538 1116 1589 et
1140 1535 1369 1592 idoneis
1390 1537 1461 1591 de
1482 1536 1678 1593 causis
1701 1537 1872 1593 istam

220 1639 356 1679 esse
386 1639 419 1678 a
450 1622 677 1678 Latinis
732 1622 1092 1680 additionem
1138 1622 1369 1681 factam.
1418 1625 1565 1681 Nam
1618 1626 1875 1698 primum

226 1711 472 1784 quidem
534 1712 854 1768 additionis
902 1713 1145 1768 modum
1191 1718 1247 1770 et
1277 1715 1549 1785 gradum,
1601 1732 1717 1786 quo
1749 1733 1878 1771 ma-

1997 540 2109 611 ipsi
2128 538 2777 613 Constantinopolitano
2797 544 3055 597 secundo
3085 544 3274 599 fuerat
3303 548 3633 615 apponeudi

1988 630 2159 684 verba
2190 631 2456 701 quaedam
2487 632 2765 703 Symbolo
2795 632 2962 702 prius
2992 632 3147 688 edito
3179 650 3212 687 a
3254 632 3485 688 Nicaena
3518 637 3633 705 pri-

1989 732 2084 771 ma
2113 717 2372 787 generali
2425 735 2639 790 magna
2685 719 2953 791 synodo?
3000 720 3285 791 Apposita
3330 738 3464 776 vero
3508 723 3631 791 jam

1986 806 2253 877 symbolo
2304 821 2407 876 per
2454 806 2783 877 generalem
2835 810 3123 879 synodum
3177 826 3307 864 voce
3354 809 3629 882 Filioque,

1986 894 2132 965 quin
2185 893 2349 949 illam
2382 899 2618 951 cantare
2667 911 2899 968 quoque
2944 896 3101 952 inter
3138 914 3306 953 sacra
3354 900 3630 955 continuo

1987 982 2242 1055 potuerit
2271 982 2417 1038 citra
2457 984 2975 1055 reprehensionem
3011 985 3194 1041 ullam
3228 987 3483 1044 Ecclesia
3515 988 3631 1044 Ro-

1987 1088 2182 1143 mana,
2217 1074 2488 1129 dubitare
2532 1089 2703 1129 nemo
2736 1074 2947 1145 poterit
2980 1075 3080 1146 qui
3129 1082 3358 1149 reputet
3406 1077 3629 1133 nullam

1986 1162 2125 1233 tingi
2150 1162 2515 1233 probabilem
2540 1163 2825 1218 rationem
2848 1180 3038 1234 posse,
3072 1181 3201 1220 cum
3224 1167 3565 1237 Symbolum
3598 1184 3631 1221 a

1984 1251 2633 1323 Constantinopolitana
2673 1254 2933 1307 secunda
2973 1255 3228 1324 generali
3270 1255 3489 1310 editum
3531 1270 3627 1327 sy-

1987 1340 2141 1395 nodo
2159 1346 2314 1395 recte
2344 1340 2403 1394 in
2428 1344 2667 1395 cantum
2700 1340 3163 1396 ecclesiasticum
3186 1342 3263 1397 sit
3290 1348 3587 1414 receptum
3614 1359 3628 1399 :

1986 1438 2141 1493 idem
2188 1438 2533 1510 Symbolum
2584 1438 2833 1493 auctiori
2866 1442 2924 1493 et
2974 1437 3330 1510 explicatiori
3376 1440 3633 1496 editione

1984 1527 2289 1600 vulgatum
2323 1543 2354 1582 a
2386 1527 2620 1582 Nicaeus
2649 1529 2909 1583 secunda
2939 1528 3191 1594 generali
3224 1528 3471 1598 septima
3493 1546 3631 1600 syn-

1986 1618 2122 1687 odo,
2152 1617 2315 1673 nefas
2356 1616 2532 1672 fuerit
2573 1617 2984 1672 ecclesiasticis
3027 1617 3217 1688 aptari
3258 1618 3535 1684 modulis,
3577 1622 3633 1673 et

1987 1705 2046 1761 in
2092 1706 2292 1772 choro,
2340 1706 2483 1760 dum
2529 1721 2695 1759 sacra
2736 1713 3120 1777 peraguntur,
3168 1706 3380 1760 audiri.
3428 1707 3633 1761 Dicent

222 1801 398 1873 gistri
430 1805 487 1856 et
506 1800 762 1873 theologi
794 1800 1065 1857 catholici
1096 1802 1413 1875 allegatum
1444 1802 1503 1859 in
1538 1805 1876 1877 praesidium
1912 1802 1955 1872 Β
1991 1794 2233 1851 fortasse
2265 1809 2450 1866 genus
2484 1794 2772 1850 mendae“
2816 1794 2997 1849 ΐυίδεθ
3026 1793 3368 1866 Symbolum
3400 1795 3567 1864 quasi
3598 1812 3630 1849 ἃ

222 1890 443 1946 erroris
462 1907 494 1945 a
517 1890 867 1960 negantibus
889 1897 1159 1947 sanctum
1192 1892 1478 1966 Spiritum
1513 1911 1546 1949 υ.
1575 1893 1719 1950 Filio
1739 1908 1873 1965 pro‘

222 1980 434 2034 cedere
467 1978 874 2035 testimonium
918 1980 1550 2053 Constantinopolitani
1594 1981 1875 2054 Symboll,

220 2070 416 2125 Patris
450 2069 635 2125 solius
663 2071 720 2125 in
756 2071 1140 2142 productione
1171 2072 1358 2127 sancti
1398 2073 1658 2144 Spiritus
1690 2073 1878 2128 diser-

221 2162 349 2213 tam
383 2159 740 2214 mentionem
766 2160 1054 2229 facientis,
1079 2161 1161 2216 sic
1183 2161 1554 2233 explicabant
1583 2168 1648 2218 ut
1666 2161 1877 2218 Filium

217 2263 365 2304 cum
398 2248 564 2303 Patre
595 2249 1031 2320 conspirantem
1064 2249 1312 2323 intelligi
1343 2256 1609 2323 oportere
1637 2256 1875 2307 conten-

220 2337 455 2407 derent,
488 2354 553 2393 ac
584 2337 668 2393 sic
689 2350 829 2393 voce
858 2343 1030 2394 tenus
1069 2356 1269 2395 vocem
1308 2340 1561 2413 Filioque
1599 2339 1875 2412 Symbolo

225 2426 539 2495 adderent,
580 2426 712 2497 quis
742 2428 876 2495 jure
909 2429 1095 2498 possit
1134 2429 1578 2500 reprehendere,
1635 2442 1768 2485 eum
1810 2444 1878 2484 ea

222 2530 347 2569 non
378 2518 500 2569 tam
531 2515 750 2570 additio
780 2528 959 2585 quam
990 2516 1276 2588 BXpOSitiO
1308 2517 1505 2585 fuerit,
1541 2532 1661 2573 rem
1693 2518 1879 2589 profe-

219 2618 366 2657 rens
380 2602 498 2658 illic
512 2603 939 2660 absconditam.
956 2618 1070 2659 non
1087 2605 1396 2661 intrudens
1413 2606 1651 2661 aliunde
1667 2606 1881 2677 impor-

220 2697 414 2748 tatam
430 2694 703 2748 ?Andresa
717 2693 975 2766 episcopi
993 2695 1178 2750 Rhodi
1194 2696 1348 2752 612
1365 2696 1469 2751 hac
1491 2696 1622 2768 ipsa
1644 2697 1715 2751 de
1736 2712 1797 2751 re
1819 2697 1877 2751 in

220 2781 476 2837 concilio
498 2781 999 2849 Florentino,sess.
1017 2783 1440 2856 6,disputantis
1458 2786 1737 2857 probatus
1749 2787 1877 2857 ejus

218 2886 409 2927 sacrm
432 2870 636 2943 synodi
654 2885 900 2926 assensu
915 2870 1294 2944 syllogismus
1319 2874 1428 2928 huc
1453 2870 1879 2946 ΐεοὶιιοΰδεμία

217 2954 462 3025 ἔκθεσις,
521 2958 812 3030 ἀνάπτυξις
870 2958 907 3027 ἢ
968 2960 1235 3033 σαφήνειά
1289 2980 1435 3024 τινος
1489 2960 1799 3033 ἐπιστήμης
1842 2958 1877 3030 ἢ

226 3049 564 3119 μαθήματος
617 3047 808 3122 ῥηθείη
870 3046 931 3102 ἂν
995 3050 1305 3123 προσθήκη.
1360 3049 1539 3106 Ἀλλᾶ
1582 3050 1646 3105 τὸ
1696 3049 1756 3105 ἐκ
1783 3053 1879 3103 τοῦ

216 3136 359 3189 Υἱοῦ
387 3133 681 3210 λεγόμενον
713 3134 767 3190 ἐν
796 3140 877 3208 τῷ
925 3133 1194 3210 συμϐόλῳ
1241 3138 1626 3214 ἐμπεριὲχεται
1657 3142 1726 3213 τῇ
1783 3138 1874 3193 καὶ

212 3228 324 3279 τοῦ
384 3221 594 3299 Πατρός
651 3231 829 3302 φωνῆ,
880 3217 1134 3299 ἐξήγησις
1173 3228 1233 3282 ὃν
1291 3224 1454 3282 αὐτοῦ
1500 3228 1590 3282 καὶ
1634 3227 1871 3282 ἀνάπτυ-

220 3315 327 3385 ξις.
364 3311 480 3371 Οὐκ
508 3311 609 3388 ἄρα
657 3313 765 3368 ἐστὶ
817 3317 1138 3387 προσθήκει.
1171 3318 1338 3374 Nulla
1365 3319 1659 3392 expositio,
1692 3318 1874 3391 expli-

221 3402 377 3459 catio
406 3409 506 3459 aut
552 3405 850 3461 declat-atto
878 3398 1148 3463 doctrinm
1193 3408 1505 3480 cujuspiam
1527 3416 1625 3464 aut
1650 3407 1875 3477 dagma-

223 3497 307 3548 tis
350 3497 497 3549 recte
538 3500 761 3549 vocetur
802 3493 1033 3550 additio.
1084 3496 1251 3568 Atqui
1294 3511 1401 3552 vox
1447 3519 1468 3547 ι
1536 3497 1797 3569 Filioque
1846 3516 1875 3547 »

218 3583 395 3639 verbo
426 3587 587 3637 tenus
614 3581 874 3653 adjuncta
906 3583 1161 3653 Symbolo
1190 3586 1310 3655 iam
1338 3587 1498 3657 prius
1528 3588 1586 3641 in
1611 3600 1672 3643 eo
1700 3588 1877 3643 conti-

218 3672 490 3736 nebatur,
551 3666 727 3727 latens
772 3675 825 3727 et
879 3672 1259 3729 subinteltecto
1315 3674 1377 3729 in
1431 3676 1554 3746 ipsa
1608 3677 1881 3731 mentione

221 3760 452 3827 Patris;
486 3760 645 3827 cuius
684 3760 928 3817 abstrusi
976 3776 1142 3818 sensu
1188 3762 1308 3819 haec
1338 3766 1549 3818 tantum
1597 3765 1881 3818 enarratio

223 3858 280 3906 et
307 3849 618 3921 explicatio
664 3858 764 3907 est.
796 3851 913 3905 Non
943 3856 1021 3906 est
1068 3852 1245 3923 igitur
1275 3851 1510 3908 additio.
1560 3852 1693 3907 Scio
1723 3852 1887 3908 Gree—

227 3952 334 3995 cos
367 3937 781 3994 sohismaticos
803 3939 1009 3995 contra
1038 3940 1324 4012 excipere,
1356 3942 1598 3996 vetitum
1624 3954 1751 3997 esse
1775 3953 1882 3996 no-

230 4026 514 4083 minatim
538 4040 832 4099 apponere
859 4028 1181 4100 quidquam
1202 4027 1477 4101 Symbolo
1509 4029 1686 4084 etiam
1710 4042 1885 4100 carpo-

229 4115 475 4171 sitionis
518 4128 717 4172 causa.
759 4116 869 4171 Sed
920 4132 1020 4172 eos
1063 4117 1372 4173 submovet
1420 4117 1574 4173 idem
1626 4118 1889 4172 Andreas

232 4204 511 4261 Rhodius
540 4205 759 4259 diserte
793 4218 1013 4278 negans
1043 4206 1098 4261 id
1134 4220 1397 4278 unquam
1424 4206 1603 4263 fuisse
1628 4205 1890 4279 prohibi-

232 4298 397 4348 tum.
432 4292 622 4348 Verba
649 4295 777 4364 ejus
808 4294 930 4350 hanc
962 4300 1102 4351 sunt
1132 4297 1338 4351 concil.
1373 4296 1625 4353 Floreat.
1659 4308 1803 4352 sese.
1832 4292 1891 4360 7,

236 4398 300 4453 p.
340 4377 441 4436 107
473 4382 615 4436 tomi
644 4382 842 4439 XXXII
873 4383 1265 4440 Conciliorum
1298 4386 1391 4440 ed.
1452 4390 1628 4457 Reg:
1676 4385 1800 4461 Ἀφ’
1832 4381 1893 4437 οὗ

232 4471 429 4525 ite-rat
478 4470 563 4523 ὅτι
604 4472 771 4540 ἡνίκα
828 4475 1177 4547 συμπερανθῇ
1226 4473 1289 4527 τὸ
1328 4468 1635 4546 σύμϐολον,
1667 4474 1757 4528 καὶ
1787 4492 1896 4528 κω-

242 4559 435 4614 λύεται
488 4559 551 4614 τὸ
606 4563 945 4635 προσθεῖναι,
1003 4566 1207 4617 νοεῖται
1255 4561 1380 4617 ὅσον
1432 4563 1570 4637 πρὸς
1624 4563 1715 4618 τὸν
1770 4561 1895 4618 νοῦν

236 4649 334 4703 ιιιὶ
387 4649 526 4722 πρὸς
582 4649 767 4725 ἓτὲραν
822 4647 1083 4705 διάνοιανο
1142 4650 1267 4706 ὅσον
1322 4646 1380 4706 δὲ
1434 4652 1569 4727 πρὸς
1628 4650 1900 4730 διασάφη-

242 4757 356 4806 σιν,
418 4734 682 4792 οὐδέποτε
732 4740 768 4807 ἡ
828 4734 1125 4809 Ε’κκλησία
1169 4744 1334 4795 τοῦτο
1390 4741 1691 4797 κεκώλυκε.
1758 4742 1903 4799 Unde

244 4828 508 4898 sequitur
560 4828 993 4896 prohibitionem
1051 4830 1308 4899 addendi,
1357 4847 1482 4902 quae
1528 4840 1902 4887 consummato

246 4916 378 4986 jam
423 4917 695 4986 Symbolo
740 4927 821 4974 est
866 4919 1113 4990 apposita
1140 4962 1153 4987 ,
1212 4919 1637 4992 intelligendam
1683 4936 1795 4975 esse
1840 4921 1905 4975 de

251 5006 549 5064 addition:
570 5010 703 5064 novi
728 5023 916 5065 sensus
945 5011 1283 5082 diversaeque
1309 5011 1636 5075 sententiae;
1655 5028 1787 5066 nam
1806 5013 1905 5067 ad-

250 5095 526 5151 ditionem
596 5112 721 5168 quae
778 5098 847 5154 ad
901 5113 1113 5154 meram
1166 5098 1598 5157 declarationem
1643 5103 1903 5173 pertinet,

250 5198 547 5255 nunquam
576 5186 831 5257 prohibet
859 5187 1128 5244 Ecclesia.

327 5291 642 5349 Secundus
683 5292 1002 5351 additionis
1038 5296 1277 5367 gradus,
1313 5292 1658 5352 auctoritate
1701 5298 1910 5370 synodi

257 5382 512 5438 Nicaeae:
546 5386 840 5451 secundas,
874 5381 1169 5457 generalis
1201 5386 1487 5459 septimae,
1521 5383 1733 5454 factus,
1769 5404 1910 5459 apo-

256 5471 421 5544 logis
446 5489 564 5528 non
607 5472 854 5545 indiget.
890 5477 1114 5540 Quotus
1145 5477 1303 5531 enim
1354 5476 1604 5548 quisque
1637 5492 1749 5530 non
1780 5492 1913 5531 sen-

260 5563 335 5617 tit
365 5560 451 5633 [P.
489 5561 612 5634 471]
662 5562 807 5617 nihil
840 5564 1041 5620 minus
1082 5564 1236 5636 juris
1273 5563 1630 5621 oecumenico
1673 5560 1915 5621 concilio

265 5653 504 5710 Nicaeno
535 5651 794 5710 secundo
826 5652 1008 5711 fuisse
1039 5654 1376 5712 declarandi
1406 5653 1629 5727 aliquid
1669 5654 1727 5710 in
1757 5655 1918 5729 Sym-

1987 1883 2652 1956 Constantinopolitanis
2676 1884 2947 1937 secundas
2978 1883 3182 1952 synodi
3204 1883 3474 1937 Patribus
3506 1883 3628 1938 edi-

1986 1980 2109 2029 tum
2140 1980 2395 2040 cantare,
2429 1986 2562 2029 cum
2596 1974 2995 2028 additamento
3026 1977 3189 2028 tanto
3220 1973 3512 2045 posterius
3543 1973 3629 2028 illi

1987 2078 2020 2118 a
2050 2063 2302 2135 septima
2323 2062 2581 2135 generali
2614 2063 2835 2134 synodo
2866 2061 3106 2127 inserto,
3127 2078 3195 2116 ex
3226 2078 3340 2133 quo
3372 2062 3626 2133 nonjam

1984 2151 2245 2224 amplius
2274 2151 2332 2205 id
2363 2151 2636 2207 secundm
2669 2151 2874 2222 synodi
2914 2150 3255 2220 Symbolum
3286 2153 3443 2206 esset
3476 2193 3489 2218 ,
3523 2151 3624 2205 sed

1987 2248 2144 2305 aliud
2194 2248 2480 2320 septimae.
2514 2248 2893 2319 Bespondeo:
2942 2246 2989 2302 si
3025 2247 3208 2302 multa
3258 2250 3488 2304 verbaa
3531 2264 3627 2304 se-

1985 2339 2177 2394 cunda
2226 2335 2478 2409 generali
2529 2338 2751 2408 synodo
2805 2336 3074 2408 Symbolo
3130 2337 3370 2393 Nicena:
3423 2337 3628 2407 primas

1985 2426 2275 2500 generalis
2304 2423 2505 2481 addita
2525 2440 2642 2481 non
2665 2425 3023 2480 obstiterunt
3043 2425 3363 2496 quominus
3379 2425 3437 2480 id
3459 2427 3628 2498 Sym-

1984 2516 2185 2573 bolum
2230 2517 2531 2572 Niczenum
2580 2515 2774 2572 vocari
2825 2519 3246 2586 perseveraret,
3296 2533 3402 2571 cur
3449 2516 3627 2572 unius

1987 2604 2439 2679 quadrisyllabas
2477 2604 2695 2661 vocula
2755 2604 2974 2660 additio
3032 2605 3313 2677 impediet
3368 2621 3439 2660 ne
3495 2621 3629 2661 vere

1984 2696 2137 2750 idem
2188 2694 2533 2767 Symbolum
2580 2692 3298 2764 Constantinopolitanum
3348 2698 3413 2748 ut
3459 2699 3626 2750 antea

1986 2785 2173 2856 possit
2222 2782 2386 2839 dici?
2429 2780 2660 2839 Nicaano
2693 2782 2964 2852 Symbolo
3009 2782 3162 2837 613
3214 2783 3628 2838 Constantino-

1986 2873 2230 2945 politani
2263 2876 2496 2928 centum
2526 2871 2958 2945 quinquaginta
2988 2876 3189 2927 Patres
3208 2869 3627 2941 adjunxerunt,

1988 2966 2116 3035 post
2165 2959 2266 3017 illa
2313 2962 2527 3017 verba:
2579 2962 2749 3018 Credo
2797 2962 2856 3015 in
2902 2958 3179 3031 Spiritum
3219 2967 3478 3016 sanctum
3510 2961 3629 3015 haec

1986 3052 2280 3107 Dominum
2309 3057 2360 3106 et
2392 3049 2785 3121 viviﬁcantem,
2818 3048 2915 3120 qui
2942 3064 3011 3104 ex
3044 3057 3202 3120 patre
3232 3051 3506 3121 procedit,
3533 3051 3631 3119 qui

1988 3154 2113 3196 cum
2162 3145 2333 3196 Patre
2361 3141 2411 3195 et
2439 3137 2578 3195 Filio
2621 3138 2791 3194 simul
2833 3138 3103 3194 adoratur
3147 3149 3201 3194 et
3239 3139 3631 3211 congloriﬁca-

1990 3238 2098 3297 tur,
2133 3233 2230 3301 qui
2276 3230 2483 3284 locutus
2511 3232 2592 3285 est
2618 3241 2717 3299 per
2762 3225 3053 3299 praplieta.
3104 3228 3174 3283 Et
3223 3233 3419 3282 tamen
3466 3231 3633 3299 Sym-

1986 3318 2187 3374 bolum
2214 3317 2299 3374 sic
2331 3323 2569 3373 auctum
2602 3314 2900 3372 Nicaenum
2934 3314 3323 3372 nihilominus
3354 3314 3632 3387 deinceps

1985 3401 2257 3464 catholici
2306 3407 2601 3462 dixerunt.
2653 3403 2968 3462 Durandus
3018 3405 3076 3459 in
3124 3405 3418 3461 Rationali
3449 3404 3632 3461 divin.

1985 3506 2139 3562 offic.
2173 3503 2211 3559 l.
2246 3521 2322 3573 xv,
2358 3518 2408 3562 c.
2435 3504 2527 3573 25,
2553 3507 2864 3577 postquam
2893 3500 3278 3575 apostolicum
3303 3507 3361 3557 et
3383 3503 3638 3558 Athana-

1988 3596 2224 3651 slanuin
2258 3588 2533 3666 Symbola
2565 3596 2968 3657 memorasset,
3002 3591 3314 3664 subjungit
3346 3608 3359 3645 :
3394 3591 3635 3647 Tertium

1988 3689 2068 3740 est
2088 3683 2393 3751 Nicznum,
2409 3681 2549 3754 quod
2564 3683 2834 3737 Damasus
2843 3698 2989 3753 papa
3004 3697 3074 3735 ex
3090 3683 3479 3736 constitutione
3499 3680 3635 3736 uni-

1986 3772 2218 3830 versalis
2245 3770 2444 3843 synodi
2471 3771 2616 3842 apud
2659 3769 3186 3841 Constantinopolim
3222 3769 3513 3826 celebratae
3545 3770 3634 3824 in-

1989 3862 2187 3917 stituit.
2212 3859 2494 3915 Similiter
2518 3857 2793 3930 Magister
2813 3858 3269 3927 Sententiarum,
3302 3857 3341 3911 1.
3369 3874 3408 3927 ι,
3433 3859 3551 3913 dist
3577 3858 3634 3911 11

1993 3956 2050 4005 et
2075 3944 2401 4005 Alexander
2432 3944 2663 4001 Alensis
2697 3946 2846 4018 part.
2876 3960 2960 4013 III,
2999 3950 3205 4017 quaest.
3239 3946 3329 4012 69,
3374 3946 3637 3999 membro

1993 4038 2048 4107 5,
2080 4034 2422 4110 Symbolum
2457 4032 2611 4107 quod
2646 4035 2703 4089 in
2739 4035 2918 4090 missa
2952 4039 3224 4090 cantatur
3251 4034 3546 4089 Nicaenum
3579 4048 3646 4088 ac

1995 4126 2361 4184 Nicanorum
2413 4126 2653 4179 Patrum
2695 4128 2920 4179 vocant.
2957 4120 3144 4194 Hujus
3190 4124 3337 4178 ratio
3370 4126 3456 4177 est
3489 4122 3645 4193 quod

2000 4214 2218 4272 additio
2269 4210 3049 4283 ConstantinOpolitanorum
3084 4210 3322 4267 Patrum
3364 4210 3510 4266 nihil
3545 4228 3649 4267 no-

1999 4312 2136 4362 vum
2169 4303 2370 4360 intulit
2398 4300 2630 4360 Nicaeno
2666 4304 2964 4377 Symbolo,
2999 4304 3099 4359 sed
3136 4303 3397 4373 quaedam
3434 4319 3564 4373 quae
3591 4301 3649 4356 in

2002 4412 2068 4452 eo
2101 4394 2364 4450 latebant
2394 4390 2739 4465 explicatius
2777 4390 3037 4464 protulit.
3071 4396 3191 4446 Hoc
3224 4392 3476 4446 afﬁrmat
3514 4408 3653 4446 san-

2005 4490 2134 4540 ctus
2165 4482 2479 4555 Gregorius
2510 4480 2930 4548 Nazianzenus,
2986 4498 3140 4535 unus
3172 4496 3201 4534 e
3234 4482 3337 4534 150
3365 4480 3650 4535 Constan-

2008 4574 2412 4645 tinopolitanis
2472 4571 2764 4641 Patribus,
2826 4566 3086 4627 scribens
3141 4570 3211 4624 ad
3262 4568 3654 4624 Cledonium:

2008 4671 2200 4744 Ἡμεῖς
2247 4713 2263 4740 ,
2315 4670 2565 4741 inquit,
2623 4672 2722 4738 τῆς
2781 4665 2918 4721 κατὰ
2972 4660 3197 4722 Νίκαιαν
3257 4664 3490 4728 πίστεως
3548 4668 3655 4719 τῶν

2011 4760 2176 4835 ἁγίων
2237 4759 2488 4833 ῘΙατὲρων
2535 4761 2642 4811 τῶν
2703 4756 2875 4811 ἐκεῖσε
2921 4748 3285 4809 συνελθόντων
3327 4753 3421 4814 ἐπὶ
3471 4767 3662 4819 καθαι-

2013 4846 2153 4925 ρέσει
2198 4852 2298 4916 τῆς
2358 4844 2694 4918 Ἀρειανικῆς
2740 4840 2997 4921 αἱρέσεως
3048 4841 3203 4898 οὐδὲν
3264 4840 3386 4899 οὔτε
3437 4865 3660 4919 προετι-

2019 4938 2267 5013 μήσαμεν
2327 4951 2459 4991 ποτε
2515 4930 2638 4990 οῧτε
2684 4934 2956 5010 προτιμᾷν
3013 4931 3306 5008 δυνάμεθα,
3365 4933 3490 4989 ἀλλ’
3522 4933 3665 4988 ἐκεί-

2014 5048 2113 5098 νης
2174 5020 2331 5099 ἐσμὲν
2392 5024 2629 5086 πίστεως
2688 5023 2779 5077 σὺν
2820 5024 2936 5095 Θεῷ
2964 5023 3057 5077 καὶ
3096 5022 3347 5097 ἐσόμεθα.
3408 5025 3664 5080 Tantum

2018 5117 2183 5174 addit
2227 5133 2289 5173 se
2338 5133 2470 5172 cum
2522 5114 2647 5170 suis
2696 5114 2755 5169 in
2806 5112 2909 5169 illa
2959 5131 3126 5170 sacra
3154 5115 3384 5186 Synodo
3426 5112 3667 5185 collegis

2019 5200 2389 5263 articulatius
2439 5203 2803 5276 exposuisse,
2835 5220 2961 5275 quae
3022 5201 3221 5259 minus
3277 5202 3665 5267 sufﬁcienter,

2021 5296 2226 5352 habita
2275 5294 2500 5349 ratione
2549 5290 2762 5349 deinde
2811 5290 3188 5349 subortarum
3236 5291 3547 5359 hairesum,
3598 5287 3670 5343 de

2023 5388 2227 5441 sancto
2277 5378 2493 5456 Spiritu
2546 5379 2838 5438 declarata
2869 5399 2902 5435 a
2930 5378 3177 5436 Nicanis
3210 5381 3461 5446 fuerant,
3492 5381 3672 5448 Προσ-

2026 5468 2407 5547 διαρθροῦντες
2456 5471 2531 5524 τὸν
2563 5467 2808 5532 ἐλλιπῶς
2848 5466 3135 5543 εἰρημένον
3186 5466 3310 5541 περὶ
3362 5469 3458 5520 τοῦ
3517 5461 3672 5537 ἁγίου

2028 5559 2366 5635 Πνεύματος.
2414 5561 2477 5617 In
2530 5580 2658 5634 quae
2707 5557 3056 5616 Nazianzeni
3102 5556 3280 5612 verba
3327 5554 3677 5612 scholiastes

2030 5655 2157 5725 ejus
2186 5653 2347 5710 Elias
2392 5652 2476 5708 sic
2506 5657 2659 5709 recte
2690 5652 3162 5707 commentatur:
3194 5652 3280 5719 Τῷ
3334 5644 3428 5721 μὲν
3462 5645 3677 5719 σώματι
