3978 6182
415 274 555 331 1135

1456 261 1517 312 Ρ.
1558 253 1834 309 POSSINI
1871 241 2483 303 OBSERVATIONUM
2519 243 2652 296 LIB.
2694 244 2765 295 II.

3605 243 3711 299 1136

413 404 522 455 τῶν
551 395 747 465 λέξεων
780 386 1202 464 παρελέλειπτο,
1254 384 1324 455 τῇ
1355 378 1414 435 δὶ
1455 382 1611 454 ψυχῇ
1664 375 1832 453 (λέγω
1878 372 1945 465 ὅςῆ
1991 373 2060 429 τὰ

2192 366 2327 441 ιιιοᾱ
2362 365 2772 439 promiseram,
2794 367 2854 421 et
2874 364 3025 420 satis
3052 361 3286 419 evicisse
3306 362 3504 419 nullam
3538 364 3585 419 in
3603 366 3714 424 facto

416 494 523 543 τῶν
570 479 885 554 νοημάτων)
934 472 1211 547 οὐδαμῶς.
1270 471 1362 526 Διὸ
1406 470 1495 526 καὶ
1527 470 1555 524 ὁ
1588 470 1740 545 ἅγιος
1771 465 1832 521 οὗ
1862 462 1925 519 τὰ
1957 484 2062 518 πι-

421 567 872 650 ραλελειμμὲνον,
902 562 1051 619 ἀλλὰ
1095 562 1158 617 τὸ
1211 560 1460 650 ἐλλιτῑῶς
1491 557 1909 650 εἰρημένον-τοῦ
1956 557 2067 607 σώ-

426 641 593 736 ματος
637 641 780 732 λέγει
840 653 1125 730 διαρθροῦν
1160 650 1285 721 ἤτοι
1346 643 1660 721 ἐξακριϐοῦν
1714 641 2065 736 καὶᾉδιαμορ·

425 734 579 826 ιροῦν.
618 755 746 805 Haec
775 746 914 815 ille;
947 744 1162 816 quibus
1194 740 1491 814 significat
1520 753 1635 793 non
1670 734 1946 826 sensibus
1969 736 2070 826 aut

426 820 598 914 quasi
635 837 846 894 animm
878 832 1124 906 symboli
1155 830 1370 887 Nicasni
1416 826 1673 883 defuisse
1703 822 1948 895 aliquid,
1979 820 2067 875 di-

428 944 555 986 cere
577 923 921 998 Gregorium
955 919 1343 991 Theologum,
1366 917 1466 974 sed
1497 931 1639 971 sono
1670 915 1979 970 verborum
2004 925 2071 966 ac

427 1013 608 1071 veluti
633 1009 886 1083 corpori,
909 1013 1015 1064 etc.
1042 1006 1205 1061 Unde
1226 1004 1493 1075 sequitur
1522 1000 1881 1057 additionem
1900 999 2069 1054 iden-

430 1099 583 1155 titati
614 1114 729 1153 non
759 1097 1008 1151 obstare.
1037 1093 1192 1147 Idem
1244 1106 1400 1144 nunc
1451 1088 1573 1160 pari
1613 1088 1747 1157 jure
1795 1085 2070 1140 dicimus.

431 1190 618 1253 Quam
648 1184 913 1242 voculam
945 1182 1177 1237 Nicaeus
1201 1178 1459 1235 secunda
1481 1172 2073 1248 synodus,generalis

432 1276 703 1349 septima,
745 1270 1020 1344 Symbolo
1051 1288 1082 1325 a
1127 1265 1776 1336 Constantinopolitana
1814 1262 2072 1335 generali

435 1365 695 1422 secunda
723 1362 879 1418 edito
905 1359 1151 1428 addidit,
1182 1373 1249 1413 ea
1280 1373 1413 1412 cum
1444 1360 1720 1410 extranea
1736 1370 1851 1408 non
1878 1351 2077 1421 fuerit,

435 1455 536 1511 sed
568 1469 637 1508 ex
665 1450 991 1507 visceribus
1021 1447 1204 1519 ipsius
1232 1442 1490 1515 Symboli
1523 1442 1799 1497 doctrinas
1831 1457 1897 1496 ac
1926 1441 2076 1496 Con-

437 1538 1098 1612 stantinOpolitanorum
1130 1540 1370 1589 Patrum
1404 1532 1704 1588 sententias
1736 1536 1924 1595 eruta,
1958 1546 2075 1585 non

438 1632 575 1688 facit
605 1635 671 1685 ut
718 1637 850 1700 post
887 1627 1064 1695 hujus
1111 1622 1477 1695 epenthesim
1527 1620 1867 1693 Symbolum
1917 1618 2074 1674 aliud

2171 456 2495 513 additionis
2525 457 2683 512 vocis
2726 456 2976 526 Filioque
3005 454 3075 509 ad
3106 453 3722 526 Constantinopolitanum

2171 545 2515 618 Symbolum
2572 545 2962 601 temeritatem
3010 543 3342 599 Latinorum
3376 560 3526 614 posse
3561 549 3721 612 notari,

2172 636 2274 691 sed
2307 652 2604 692 summam
2637 634 2834 706 potius
2865 637 2924 689 et
2952 631 3197 689 Romani
3228 632 3495 703 pontificis
3521 641 3569 688 et
3593 635 3723 692 eccle-

2174 726 2393 780 siarum
2424 724 2759 779 Occidentis
2800 737 3083 794 apparere
3112 737 3242 776 cum
3277 721 3635 778 fundatissima
3661 742 3725 779 ra-

2174 814 2334 870 tione
2367 813 2829 868 moderationem
2863 827 2930 867 ac
2961 809 3332 882 sapientiam,
3374 808 3426 863 in
3456 811 3725 867 necessitate

2175 902 2501 958 obsistendi
2525 901 2817 971 grassanti
2837 898 3672 970 haeresi,temperantiumtamen
3685 902 3722 955 id

2176 1009 2209 1047 a
2240 992 2454 1047 Graecis
2477 991 2726 1063 exigere,
2750 1006 2866 1061 quo
2890 988 3024 1044 illos
3042 988 3459 1060 exasperandos
3476 993 3523 1043 et
3543 990 3727 1058 quadam

2174 1080 2591 1151 exprobatione
2624 1078 2897 1151 praeteriti
2929 1077 3145 1133 erroris
3174 1077 3583 1135 confundendos
3608 1078 3726 1133 intel-

2176 1169 2504 1241 ligebantet
2517 1170 2629 1225 ista
2642 1168 2899 1240 benigna
2912 1165 3729 1223 accommodationestudentium

2174 1258 2715 1315 eosadunanimam
2750 1256 3131 1312 ecclesiarum
3158 1254 3385 1310 allicere
3420 1257 3729 1311 concordiam.

2249 1363 2311 1413 P.
2357 1356 2484 1411 390.
2518 1355 2596 1412 Τὸ
2626 1353 2765 1428 πρὸς
2810 1352 2904 1408 τὸν
2938 1347 3194 1426 Ἀϐραὰμ.
3230 1355 3324 1407 τοῦ
3373 1356 3515 1409 Θεοῦ.
3557 1355 3729 1427 Aliquid

2179 1446 2616 1517 quodammodo
2648 1443 2840 1500 simile
2870 1443 3096 1498 dictum
3130 1443 3407 1498 Abraamo
3434 1459 3465 1497 a
3490 1447 3586 1498 Deo
3616 1460 3734 1515 repe-

2182 1535 2331 1590 ritur
2358 1538 2565 1590 Cenes.
2608 1550 2711 1604 xu,
2740 1533 2815 1587 2:
2856 1531 3185 1588 Benedicam
3224 1531 3617 1586 benedicentibu:
3646 1533 3735 1603 tibi,

2183 1628 2293 1679 etc.
2326 1626 2607 1678 Ceterum
2651 1622 2849 1691 verba,
2884 1626 2950 1676 ut
2980 1621 3073 1676 hic
3098 1621 3316 1690 jaceat,
3367 1621 3541 1691 potius
3567 1628 3738 1692 sumpta

438 1722 734 1776 diversum
765 1718 822 1772 id
856 1717 1064 1771 debeat
1112 1713 1357 1769 censeri.
1418 1710 1657 1767 Nullum
1715 1727 1852 1783 ergo
1902 1711 2075 1765 fuerit
2108 1730 2157 1796 Β
2188 1713 2461 1768 videntur
2501 1728 2571 1767 ex
2600 1712 2808 1766 Genes.
2858 1727 3030 1775 xxvn,
3063 1710 3173 1763 29:
3204 1710 3309 1777 Qui
3336 1709 3737 1775 benedixeritlibi,

438 1807 838 1874 mendacium,
868 1805 925 1859 id
947 1800 1656 1873 Constantinopolitanum
1693 1805 1758 1854 ut
1780 1804 1952 1856 antea
1981 1816 2075 1854 vo-

437 1913 589 1955 care.
622 1894 783 1961 Quod
816 1910 948 1949 vero
979 1890 1243 1948 Ecclesiae
1276 1889 1476 1947 Galliae
1514 1895 1573 1946 et
1600 1890 1893 1961 Hispania;
1939 1906 2076 1944 can-

438 1991 563 2042 tare
591 1982 935 2058 Symbolum
963 1982 1019 2036 in
1046 1997 1211 2036 sacro
1233 1995 1365 2036 cum
1390 1978 1687 2034 additione
1707 1978 1961 2050 Filioque
1978 1994 2080 2049 per

440 2075 933 2139 seinstituerunt,
983 2070 1041 2125 id
1074 2069 1352 2125 nimirum
1383 2068 1497 2124 sibi
1546 2067 1718 2124 licere
1757 2068 2077 2136 credidere,

441 2169 755 2236 postquam
806 2161 923 2216 ista
970 2159 1191 2215 additio
1244 2174 1346 2241 per
1388 2156 1714 2230 generalem
1766 2156 2079 2227 septimam

442 2254 732 2327 synodum
765 2249 1143 2322 comprobata
1173 2252 1230 2304 et
1259 2252 1539 2318 usurpata
1567 2247 1774 2302 fuerat.
1808 2246 1993 2313 Unde,
2019 2254 2084 2301 ut

443 2341 721 2413 superius
765 2339 1043 2405 vidimus,
1076 2338 1186 2392 Leo
1219 2336 1427 2391 tertius
1467 2335 1725 2408 pontifex
1757 2335 1811 2389 id
1865 2336 2081 2391 factum

446 2449 562 2487 non
611 2434 676 2484 ut
706 2429 992 2484 nefarium
1047 2426 1369 2493 damnavit,
1410 2426 1509 2481 sed
1543 2429 1769 2481 tantum
1820 2431 1884 2481 ut
1911 2426 1983 2480 ab
2016 2442 2082 2482 eo

446 2521 797 2575 desisterent
846 2517 1035 2571 suasit
1066 2520 1299 2586 propter
1328 2531 1568 2570 causam
1600 2532 1775 2587 quam
1810 2515 1890 2569 ibi
1928 2530 2085 2570 com-

450 2614 751 2667 memorat.
794 2609 880 2679 (P.
913 2606 1041 2677 472)
1078 2607 1184 2661 Sed
1216 2604 1317 2659 illa
1348 2605 1592 2659 Romani
1625 2604 1915 2674 pontiﬁcis
1956 2622 2083 2661 mo-

448 2698 689 2765 deratio,
725 2702 790 2752 ut
811 2700 950 2751 tunc
974 2694 1083 2751 fuit
1111 2692 1444 2760 laudabilis,
1469 2694 1554 2749 sic
1576 2698 1779 2765 postea
1809 2710 1912 2767 per
1936 2694 2087 2751 Gras-

450 2804 649 2844 corum
683 2786 839 2841 674
881 2783 1143 2840 schisma
1182 2782 1388 2838 haeresi
1427 2782 1858 2838 cumulantium
1892 2785 2085 2855 pervi-

446 2876 664 2933 caciam
697 2874 880 2930 evasit
931 2871 1365 2945 intempestiva.
1408 2871 1631 2928 Etenim
1677 2871 1761 2927 illi
1792 2873 2086 2931 abstinere

448 2983 483 3022 a
510 2970 683 3021 cantu
716 2961 975 3035 Symboli
1023 2977 1155 3017 cum
1188 2961 1480 3017 additione
1507 2962 1754 3034 Filioque
1783 2979 1886 3035 pro
1916 2963 2085 3036 signo

2187 1802 2263 1855 sit
2291 1802 2409 1872 ipse
2440 1799 2784 1868 benedictus;
2831 1798 2927 1870 qui
2955 1798 3307 1853 maledixerit
3333 1796 3446 1865 tibi,
3474 1798 3737 1853 maledictio-

2191 1890 2350 1945 nibus
2377 1890 2678 1961 repleatur.
2712 1888 2823 1943 Sed
2856 1887 2978 1943 haec
3004 1905 3120 1943 non
3156 1886 3470 1942 dicuntura
3497 1886 3591 1941 Deo
3607 1888 3737 1941 Abra-

2190 1995 2344 2049 amo,
2377 1979 2474 2034 sed
2511 1978 2583 2033 ab
2618 1977 2819 2033 Isaaco
2849 1977 3086 2047 Jacobo,
3121 1980 3187 2031 ut
3235 1976 3375 2032 forte
3420 1974 3516 2031 hoc
3548 1975 3612 2031 sit
3643 1996 3737 2046 μνη-

2193 2064 2415 2140 μονικὸν
2449 2064 2675 2141 σφάλμα
2698 2065 3095 2137 Pachymeris.

2262 2167 2399 2235 Cap.
2431 2165 2522 2218 20.
2573 2164 2816 2227 Quando
2861 2162 3178 2235 contigerit
3228 2163 3331 2218 hoc
3360 2161 3529 2234 capite
3573 2167 3741 2217 narrata

2191 2252 2579 2309 incomitiatio
2626 2250 2876 2308 rhetoris
2918 2250 3183 2307 ecclesiae
3236 2250 3505 2319 Holoboli,
3542 2252 3741 2305 ostende-

2194 2359 2330 2398 mus
2365 2342 2518 2397 infra
2541 2341 2600 2396 in
2630 2340 3068 2412 Chronologicis
3100 2340 3143 2396 l.
3178 2358 3240 2396 ιιι
3262 2340 3460 2396 harum
3480 2339 3743 2396 observatio-

2195 2448 2359 2498 num,
2411 2447 2461 2486 c.
2492 2432 2549 2499 5,
2583 2447 2640 2486 n.
2670 2430 2740 2497 6;
2788 2446 2942 2486 nunc
2994 2431 3359 2487 occasionem
3407 2446 3509 2485 non
3545 2429 3743 2484 omittam

2194 2519 2637 2576 demonstrandi
2652 2519 2994 2575 Vaticanum
3011 2520 3448 2592 paraphrastem
3461 2533 3744 2590 nequaquam

2195 2610 2391 2681 ipsum
2424 2608 2575 2664 675
2613 2607 2794 2663 fuisse
2845 2608 3288 2680 Pachymerem,
3320 2608 3417 2680 qui
3446 2607 3592 2662 aliam
3625 2604 3743 2675 quasi

2193 2697 2509 2755 editionem
2537 2699 2630 2753 sui
2662 2696 2857 2769 operis
2887 2702 3265 2753 commutans
3295 2697 3527 2769 plurima
3549 2695 3742 2764 vulgave-

2196 2787 2273 2843 rit
2297 2830 2311 2855 ,
2331 2786 2390 2841 id
2422 2786 2577 2857 quod
2609 2785 2800 2841 virum
2824 2786 3233 2842 doctissimum
3258 2787 3587 2857 suspicatum
3611 2783 3741 2837 video.

2193 2876 2250 2931 8i
2282 2875 2437 2931 enim
2470 2876 2522 2930 is
2559 2874 2686 2946 ipse
2717 2879 2893 2942 esset,
2927 2891 3045 2931 non
3083 2875 3171 2931 ita
3202 2875 3495 2930 manifeste
3519 2890 3546 2927 a
3569 2888 3619 2926 se
3653 2870 3741 2941 ipso

2196 2964 2602 3036 dissensisset,
2653 2968 2718 3019 ut
2762 2964 2856 3019 hic
2905 2964 3061 3019 facit.
3109 2968 3261 3021 Cum
3309 2964 3455 3020 enim
3500 2963 3549 3017 in
3589 2959 3743 3015 nostris

448 3052 849 3148 proﬁtentium
893 3067 1062 3148 suam
1090 3050 1174 3148 de
1200 3049 1855 3148 processione-Spiritus
1897 3054 2082 3109 sancti
2114 3080 2160 3148 C
2196 3053 2435 3126 optimis
2469 3057 2506 3105 Β
2553 3058 2612 3109 et
2636 3056 2676 3108 Δ
2724 3053 2894 3110 codd.
2930 3052 3318 3125 Pachymeres
3343 3053 3445 3108 hoc
3467 3051 3573 3107 loco
3597 3050 3746 3148 habeat

446 3160 515 3199 ex
547 3147 713 3215 patre
744 3141 867 3197 solo
898 3141 1167 3196 haeresim
1200 3138 1516 3195 habebant.
1550 3139 1646 3195 Sic
1676 3140 1915 3198 Photius
1948 3147 2091 3201 Leo-

449 3247 585 3288 nem
620 3230 855 3287 tertium
901 3233 1183 3299 tanquam
1214 3227 1327 3282 sibi
1371 3230 1841 3287 consentientem
1888 3236 1947 3290 in
1979 3237 2094 3295 ista

450 3318 822 3389 blasphemia
869 3317 1091 3381 laudat,
1133 3316 1287 3387 quod
1332 3315 1611 3372 nimirum
1663 3318 1760 3375 ille
1808 3322 2096 3383 noluisset

452 3406 673 3464 cantari
752 3403 1096 3476 Symbolum
1175 3419 1309 3458 cum
1368 3405 1769 3463 additamento
1825 3412 2091 3487 Filioque.

457 3494 653 3551 Coacti
700 3508 836 3563 ergo
864 3508 1000 3547 vere
1031 3495 1191 3560 sunt,
1245 3495 1309 3546 ut
1338 3490 1605 3563 loquitur
1643 3499 1906 3557 Andreas
1939 3502 2092 3559 Rho-

456 3582 590 3639 dius
639 3581 912 3653 superius
952 3580 1190 3651 relatus,
1234 3581 1477 3637 Romani
1521 3586 1825 3655 pontifices
1875 3592 2095 3649 cantari

444 3671 656 3742 jubere
705 3669 1049 3742 Symbolum
1112 3670 1216 3725 tali
1272 3671 1572 3728 additione
1628 3680 1890 3744 auctum,
1928 3681 2094 3751 justo

454 3765 614 3815 metu
648 3759 841 3831 gravis
874 3758 1162 3829 scandali,
1214 3764 1339 3815 tum
1374 3762 1530 3831 apud
1558 3762 1811 3833 Latinos,
1843 3784 2095 3839 quorum

448 3848 717 3905 Ecclesiae
770 3847 1048 3920 pleraque
1070 3849 1195 3919 jam
1241 3848 1394 3904 ultro
1425 3855 1664 3906 cantum
1712 3854 1878 3912 illum
1922 3874 2092 3914 usur-

447 3942 678 4010 parant,
715 3943 838 3993 tum
873 3939 1029 4010 apud
1056 3937 1307 4004 Graecos,
1332 3939 1431 4009 qui
1453 3940 1583 4011 ejus
1613 3942 1695 3997 rei
1717 3944 2092 4004 emissionem

448 4026 507 4081 in
554 4026 769 4082 erroris
819 4028 912 4081 sui
962 4026 1352 4098 patrocinium
1404 4029 1746 4102 trahebant,
1794 4039 1851 4090 et
1895 4040 2091 4092 tamen

446 4116 534 4171 vel
568 4116 654 4170 sic
685 4116 869 4171 coacti
895 4120 1303 4187 temperarunt
1323 4118 1551 4176 Graecos
1574 4119 1733 4192 ipsos
1763 4124 1995 4196 adigere
2018 4126 2091 4181 ad

448 4202 505 4257 id
540 4204 822 4275 Sybolum
856 4221 987 4259 cum
1022 4205 1147 4276 pari
1180 4205 1480 4267 additione
1510 4209 1569 4264 in
1592 4209 1840 4267 ecclesia
1856 4218 2089 4269 cantan-

450 4291 613 4345 dum.
666 4291 823 4346 Licet
863 4308 978 4346 non
1011 4293 1287 4348 deessent
1317 4294 1679 4367 fervidiores,
1708 4299 1807 4370 qui
1837 4300 1896 4355 id
1941 4302 2093 4357 Grae-

448 4378 533 4433 cis
563 4378 790 4449 injungi
840 4380 1176 4437 suaderent.
1210 4384 1422 4438 Contra
1469 4401 1615 4455 quos
1654 4387 1884 4444 videtur
1910 4390 2090 4446 Joan-

2197 3140 2343 3210 πλὴν
2376 3141 2478 3196 οὐκ
2523 3140 2610 3195 ἐπὶ
2638 3139 2836 3196 τούτου
2863 3144 2961 3195 τοῦ
2988 3144 3187 3215 καιροῦ
3210 3141 3446 3216 γεγονὸς,
3490 3136 3612 3193 ἀλλὰ
3645 3133 3742 3208 πρό-

2196 3250 2376 3306 τιρυν,
2409 3231 2828 3305 paraphraates
2860 3232 2945 3287 sic
2974 3231 3134 3287 hunc
3170 3232 3361 3288 locum
3387 3231 3531 3287 effert
3554 3224 3742 3301 πρότερον

2204 3320 2298 3393 μὶν
2356 3314 2566 3392 συμϐὰν
2624 3321 2761 3393 μετὰ
2808 3319 2873 3374 τὸ
2913 3317 3259 3393 ἐξορισθῆναι
3307 3320 3615 3393 πατριάρχην
3655 3316 3743 3387 Ἀρ·

2198 3410 2363 3465 νὲιον.
2419 3412 2508 3467 lta
2556 3410 2677 3478 ille,
2724 3416 2783 3465 et
2815 3426 2947 3466 mox
2979 3416 3043 3465 ut
3072 3410 3189 3465 sibi
3223 3409 3509 3475 cohaereat,
3536 3406 3631 3476 gubi
3653 3420 3743 3457 con-

2200 3505 2411 3556 ventus
2437 3504 2525 3556 est
2555 3500 2772 3554 mentio
2798 3498 2985 3553 habiti
3006 3499 3373 3571 congregatis
3396 3494 3639 3569 episcopis
3654 3505 3743 3546 cum

2201 3588 2555 3661 patriarcha,
2607 3588 2955 3660 imperatore
2987 3596 3296 3658 praesente,
3345 3589 3424 3659 [P.
3452 3584 3559 3655 473]
3587 3582 3743 3636 Vatica-

2203 3694 2314 3733 nus
2364 3675 2758 3750 patriarcham
2810 3680 2952 3731 tunc
3002 3676 3187 3732 fuisse
3228 3680 3556 3732 Germanum
3595 3670 3743 3727 diserte

2201 3766 2380 3823 tradit
2409 3771 2611 3821 contra
2661 3764 3038 3821 manifestam
3073 3766 3438 3837 Pachymeris
3462 3759 3742 3823 sententiam,

2202 3855 2302 3928 qui
2333 3854 2479 3910 nihil
2510 3854 2749 3911 omnino
2780 3854 2851 3909 de
2882 3853 3315 3910 conciliationis
3337 3850 3665 3909 Ecclesiarum
3685 3858 3745 3898 ne-

2201 3945 2360 4018 gotio
2429 3948 2767 4010 tractatum,
2820 3943 3083 4014 quandiu
3134 3942 3569 4015 patriarchatum
3614 3932 3744 3991 tenuit

2201 4035 2550 4101 Germanus,
2595 4031 2796 4087 tradit.
2845 4031 2962 4089 Nec
2992 4037 3187 4104 potest
3235 4048 3362 4088 esse
3400 4030 3611 4085 dubium
3647 4019 3741 4094 quin

2201 4120 2531 4195 patriarcha
2575 4120 2695 4176 illic
2726 4120 2904 4178 tacito
2948 4121 3244 4177 indicatus
3290 4120 3510 4177 nomine
3533 4111 3743 4184 Josephus

2206 4215 2381 4271 fuerit
2405 4234 2421 4283 ;
2454 4215 2563 4271 sub
2594 4229 2711 4285 quo
2742 4214 2981 4269 demum
3006 4214 3280 4271 tractatio
3308 4210 3594 4269 concordiis
3619 4199 3744 4260 Eccle-

2203 4305 2424 4361 siarum
2458 4302 2674 4359 moveri
2709 4308 2898 4375 coepta
2947 4306 3058 4359 est.
3089 4303 3155 4359 Et
3187 4303 3417 4375 quidem
3445 4296 3655 4369 Josepho
3677 4307 3745 4361 ρα-

2200 4392 2587 4449 triarchatum
2626 4408 2826 4464 gerere
2858 4391 3173 4465 incipiente
3206 4393 3458 4447 nondum
3499 4387 3646 4443 fuisse
3680 4380 3745 4433 de-

448 4484 552 4523 nes
584 4471 911 4537 Parastrou,
959 4468 1182 4526 missus
1212 4451 1780 4547 Constantinopolim
1812 4495 1845 4533 a
1874 4479 2089 4552 Grego-
2121 4451 2167 4516 θ
2200 4482 2515 4538 formatum
2564 4451 2769 4536 infami
2804 4451 3093 4553 supplicio
3126 4480 3482 4545 Holobolum,
3518 4470 3745 4531 manifeste

446 4555 531 4610 rio
562 4555 635 4624 X,
688 4553 790 4611 illa
820 4558 995 4613 verba
1026 4576 1058 4613 a
1087 4560 1440 4631 Pachymere
1473 4562 1583 4619 hoc
1615 4566 1803 4637 capite
1846 4568 2092 4625 recitata

444 4644 802 4716 protulisse;
836 4662 938 4719 per
969 4664 1095 4719 qua:
1150 4650 1399 4706 suadere
1458 4654 1655 4709 studet
1711 4654 1873 4712 Italis
1920 4666 1981 4712 ut
2009 4657 2092 4713 di-

444 4735 613 4790 misso
662 4744 950 4807 amotoque
995 4736 1295 4795 additionis
1323 4739 1394 4795 ad
1427 4741 1749 4813 Symbolum
1788 4745 1848 4818 (a
1878 4746 2089 4804 Graecis

440 4822 715 4880 videlicet
764 4825 1084 4898 exigendis)
1134 4828 1413 4897 seandalo,
1444 4847 1569 4887 cum
1614 4833 1908 4903 fratribus,
1957 4852 2091 4908 quo:

440 4911 691 4968 viderent
737 4914 925 4984 palam
966 4913 1168 4973 Graeci:
1213 4920 1524 4991 conciliari,
1558 4938 1686 4977 vera
1733 4925 1817 4980 ita
1864 4926 2089 4981 demum

440 5002 716 5058 coalitum
752 5019 902 5073 pace,
936 5004 1155 5061 vellent.
1191 5007 1278 5065 Uti
1313 5013 1370 5064 et
1398 5008 1657 5067 vicissim
1690 5011 1921 5069 Graecos
1955 5031 2089 5071 mox

440 5092 601 5161 ipsos
630 5092 901 5148 hortatur
923 5095 991 5148 ad
1026 5096 1425 5154 admittendus
1454 5104 1510 5154 et
1542 5102 1688 5156 satis
1720 5102 2090 5175 accipiendas

410 5182 844 5238 excusationes
892 5201 1041 5256 quas
1086 5186 1275 5241 Latini
1326 5186 1645 5259 allegarent
1699 5208 1803 5261 pro
1860 5194 2088 5248 addita-

436 5276 635 5327 mento
668 5273 739 5328 ad
774 5273 1143 5346 Symbolum,
1170 5275 1277 5330 hoc
1308 5280 1396 5331 est
1427 5294 1531 5348 pro
1561 5295 1627 5332 eo
1658 5281 1813 5349 quod
1846 5280 2087 5348 Symbo-

432 5358 557 5416 lum
598 5377 737 5416 voce
766 5362 1018 5433 Filioque
1062 5371 1255 5419 actum
1290 5363 1347 5419 in
1401 5365 1526 5421 suis
1575 5365 1841 5423 ecclesiis
1882 5375 2087 5426 canta-

431 5452 583 5517 rent,
612 5454 790 5521 prout
809 5451 993 5521 justis
1023 5455 1081 5506 et
1112 5451 1459 5507 necessariis
1492 5453 1564 5509 de
1600 5453 1799 5511 causis
1831 5457 2088 5527 majores

435 5534 699 5606 ipsorum
732 5536 789 5592 id
826 5537 1252 5617 instituissent.
1278 5539 1697 5598 Praestitissent
1727 5544 2089 5603 mihivideor

2200 4574 2360 4643 patet
2388 4586 2457 4624 ex
2486 4585 2611 4639 cap.
2644 4568 2825 4639 hujus
2859 4567 2992 4623 libri
3026 4570 3112 4637 12,
3148 4586 3261 4639 quo
3295 4572 3544 4624 narratur
3569 4564 3745 4631 impera-

2198 4664 2383 4715 torem
2416 4658 2636 4713 ursisse
2668 4658 3059 4729 patriarcham
3088 4659 3427 4731 (Josephum
3455 4651 3685 4713 videlicet)
3709 4648 3745 4697 εί

2198 4749 2487 4821 quosdam
2519 4763 2589 4803 ex
2618 4746 2771 4803 clero
2803 4747 2873 4803 ad
2904 4748 3341 4804 assentiendum
3374 4740 3744 4821 paciquamtrt-

2198 4820 2394 4891 ctabat
2440 4850 2575 4889 cum
2642 4833 2891 4890 ecclesia
2949 4835 3233 4903 Romana,
3264 4828 3669 4905 suffragantibus
3705 4820 3744 4873 in

2200 4924 2311 4980 hoc
2341 4922 2455 4996 ipsi
2486 4921 2900 4980 archidiacono
2934 4923 3321 4989 Meleteniota,
3351 4919 3572 4992 Georgio
3596 4908 3742 4984 Cyprio

2200 5011 2708 5085 protapostolario,
2757 5016 2815 5068 et
2845 5012 2954 5068 hoc
2984 5013 3111 5083 ipso
3157 5010 3451 5079 Holobolo,
3476 5021 3623 5081 quem
3653 4998 3743 5055 inde

2201 5107 2359 5175 patet
2390 5102 2652 5157 nondum
2687 5100 2839 5156 male
2865 5100 3177 5157 multatum
3210 5102 3282 5157 ab
3303 5101 3632 5170 imperatore,
3647 5085 3742 5159 quin

2199 5192 2375 5248 etiam
2409 5191 2465 5244 in
2498 5188 2689 5262 gratia
2717 5194 2859 5245 tunc
2884 5191 3039 5262 apud
3073 5206 3204 5246 eum
3248 5188 3441 5255 fuisse,
3473 5185 3625 5240 donec
3655 5187 3741 5262 ean}

2195 5281 2296 5337 illo
2325 5281 2453 5351 ipso
2487 5257 2775 5334 c'onventu
2812 5257 3211 5350 imprudentia
3241 5295 3346 5333 sua
3376 5272 3615 5348 perdidit.
3638 5257 3742 5321 Alibi

2195 5371 2371 5427 etiam
2422 5367 2717 5425 observari
2760 5368 3105 5441 scriptorem
3161 5370 3311 5424 hunc
3358 5383 3390 5422 a
3435 5351 3741 5432 Pachymeris.

2198 5476 2372 5532 quem
2402 5455 2741 5530 interpolat,
2773 5461 2970 5513 mente
3000 5458 3285 5514 aberrare.
3320 5454 3424 5511 Sed
3454 5452 3549 5507 hoc
3576 5448 3623 5501 in
3649 5455 3742 5513 spe-

2195 5548 2387 5607 cimen
2420 5546 2626 5603 talium
2656 5545 2892 5602 abunde
2923 5545 3003 5603 sit
3031 5545 3125 5602 hic
3154 5556 3509 5601 memorasse.
