3968 6202
200 353 346 407 1137
1801 363 2026 418 ΝΟΤᾸζ.
3486 363 3622 418 1138

273 485 333 533 P.
369 479 492 536 393.
523 480 807 536 Paenitere
854 498 909 537 se
949 484 1109 553 prius
1141 488 1412 540 actorum.
1448 486 1593 553 Quid
1632 487 1860 543 viderat
1888 490 1941 556 Α
1972 489 2346 562 Hellesponto
2371 492 2682 547 vehemens
2713 490 2975 562 spiraret.
3009 489 3193 545 Hodie
3226 488 3314 544 has
3356 489 3619 546 civitates

198 568 523 624 llolobolus
553 570 623 625 de
673 588 819 626 novo
863 577 926 626 ut
969 577 1224 628 mutaret
1273 576 1646 640 sententiam,
1689 581 1746 632 et
1788 593 1856 631 ex
1965 595 2176 634 nomen
2203 581 2318 635 fere
2346 581 2652 652 antiquum
2687 581 2743 634 in
2778 580 3009 650 mappis
3051 578 3475 634 recentioribus
3507 579 3614 632 ob-

202 659 489 727 probante
522 659 834 713 consilium
872 661 1433 716 reconciliandarum
1468 663 1853 720 Ecclesiarum
1961 668 2174 734 tinent,
2204 669 2445 740 signatae
2485 670 2784 724 vocabulis
2836 669 3034 724 Medon
3083 674 3137 724 et
3188 667 3385 722 Coron.
3435 667 3608 722 Porro

201 756 440 818 repente
472 746 528 800 in
564 749 693 818 ejus
727 749 889 819 pacis
922 750 1319 806 adversarium
1353 754 1725 808 mutaretur?
1753 753 1854 808 Ni-
1961 756 2061 828 qui
2092 757 2286 812 sinum
2319 759 2625 814 Modonem
2676 758 2831 812 inter
2859 763 2914 813 et
2961 761 3239 812 Coronem
3292 756 3470 810 situm
3516 757 3603 809 in-

201 837 280 890 bil
317 853 461 891 sane
494 835 608 891 nisi
642 853 702 891 se
747 837 945 892 minus
980 838 1297 895 honoriﬁce
1328 857 1504 910 quam
1529 841 1697 897 vellet
1735 848 1854 898 tra-
1959 849 2095 911 trat,
2130 846 2179 901 is
2213 852 2275 900 ut
2307 845 2638 902 Methonem
2669 847 2751 901 sic
2773 851 2826 901 et
2867 848 3145 902 Coronem
3197 845 3458 900 tenuisse
3488 845 3601 899 dici

201 930 424 979 ctatum
456 925 528 980 ab
555 931 837 997 Augusto;
873 943 1048 998 quam
1083 929 1200 998 ille,
1235 934 1300 984 ut
1331 930 1594 1002 putabat,
1645 936 1849 987 contu-

199 1013 438 1068 meliam
474 1015 906 1085 perseverantia
960 1017 1019 1071 in
1053 1016 1371 1073 schismate
1422 1025 1479 1074 et
1530 1020 1850 1091 pervicacia

195 1101 400 1157 ulcisci
433 1104 677 1158 studuit.
695 1105 778 1159 Eu
794 1121 910 1176 quo
943 1105 1150 1177 spiritu
1174 1108 1849 1165 Graecischismaticifer-

193 1197 420 1247 rentur.
453 1196 577 1248 Non
609 1209 708 1248 eos
739 1193 908 1259 ratio,
935 1211 1049 1250 non
1083 1197 1422 1266 auctoritas,
1448 1214 1561 1252 non
1587 1198 1845 1255 veritatis

191 1296 358 1347 cura,
393 1282 493 1336 sed
525 1282 759 1337 ambitio
791 1287 848 1338 et
879 1285 1155 1355 superbia
1187 1285 1540 1358 privataeque
1587 1287 1844 1343 rationes

191 1369 665 1441 praecipitabant,
720 1371 848 1442 ipso
882 1373 952 1428 iis
998 1374 1230 1430 addicto
1278 1375 1560 1431 historico
1604 1377 1839 1432 fatente.

189 1459 320 1513 Non
348 1461 427 1515 ita
453 1461 697 1517 Joannis
727 1462 898 1518 Vecci
946 1481 1012 1518 ex
1059 1465 1395 1521 adversario
1442 1467 1501 1520 in
1552 1468 1837 1522 fautorem

191 1547 529 1605 Latinorum
555 1553 803 1607 mutatio
835 1553 1081 1624 contigit
1107 1554 1381 1624 superius
1409 1572 1458 1610 c.
1493 1555 1833 1624 25narrata;

187 1635 290 1690 ille
334 1638 626 1708 siquidem
682 1641 874 1711 quoad
928 1642 1154 1712 putavit
1212 1659 1450 1698 causam
1503 1647 1832 1698 Graecorum

185 1727 434 1783 veritate
465 1727 594 1794 niti,
630 1729 891 1784 modeste
924 1730 1131 1785 restitit
1161 1731 1500 1802 imperatori
1533 1749 1721 1804 usque
1761 1733 1831 1788 ad

1958 939 2167 1005 potest,
2203 940 2267 990 ut
2299 935 2443 990 nihil
2475 935 2766 1006 glossator
2796 935 3020 990 auctori
3052 934 3409 990 contrarium
3460 933 3603 988 alle-

1954 1024 2122 1080 verit.

2025 1149 2083 1204 P.
2117 1150 2239 1205 420.
2265 1149 2376 1204 Cui
2419 1149 2660 1204 Manuéli
2716 1165 2911 1204 nomen
2969 1152 3089 1202 erat
3144 1147 3433 1204 Zachariae
3479 1149 3600 1218 ﬁlio

1952 1239 2097 1293 Puta
2119 1238 2237 1292 haec
2260 1238 2543 1294 Manuelis
2565 1244 2619 1294 et
2634 1238 2923 1293 Zacharite
2940 1236 3222 1292 vocabula
3240 1237 3600 1307 praenomina

1952 1327 2134 1383 fuisse
2187 1328 2491 1382 hominum
2548 1329 2765 1398 quibus
2816 1342 3128 1381 commune
3181 1327 3301 1380 fore
3351 1327 3599 1380 Catonem

1946 1416 2138 1487 gentis
2173 1433 2404 1472 nomen.
2437 1421 2557 1471 Hoc
2588 1417 2742 1470 enim
2768 1415 3082 1469 dicendum
3135 1413 3462 1468 necessario
3511 1414 3595 1467 vi-

1945 1505 2136 1568 detur,
2163 1509 2225 1559 ut
2256 1505 2638 1574 Pachymeres
2679 1521 2810 1559 cum
2847 1508 3101 1576 Gregora
3129 1519 3381 1572 cumque
3431 1503 3591 1557 Duca

1946 1592 2244 1649 Michaelis
2276 1599 2508 1665 nepote,
2551 1595 2722 1664 cujus
2757 1593 3064 1648 historiam
3098 1592 3187 1647 vir
3210 1590 3586 1648 doctissimus

1944 1681 2155 1736 lsmael
2190 1681 2492 1737 Bulialdus
2516 1687 2646 1736 ante
2664 1682 2770 1737 hos
2789 1698 2973 1736 annos
2996 1679 3328 1750 quindecim
3356 1679 3585 1750 primus

1939 1771 2143 1835 edidit,
2175 1759 2499 1840 conveniat,
2532 1771 2825 1842 siquidem
2874 1769 2956 1823 illi
3004 1770 3175 1823 ambo
3228 1770 3436 1823 docent
3483 1768 3582 1821 Mi-

183 1833 626 1931 Effﬁ‘ff”?fi‘if‘f
659 1819 1268 1931 ῗῖτῗῗῗξξλξιιίὶῖἷὲθῗο
1292 1839 1348 1931 -Ρ
1345 1822 1635 1931 F199“?
1633 1929 1644 1931 Α
1667 1821 1832 1931 {satis
1861 1852 1910 1918 B
1940 1817 2198 1914 chaelem
2236 1817 2625 1931 Palaeologum
2671 1859 2830 1914 hunc
2890 1863 3156 1913 nostrum
3216 1858 3582 1912 concessisse

183 1906 424 1961 Patrum
458 1907 627 1962 libris
657 1906 808 1963 clare
832 1909 980 1963 vidit
1011 1910 1317 1981 potiusjus
1338 1927 1467 1966 esse
1491 1912 1830 1968 Latinorum

180 1995 382 2050 statim
419 1997 678 2066 agnitam
707 1997 1009 2053 veritatem
1043 2003 1131 2054 est
1158 2001 1457 2069 professus
1479 2006 1536 2056 et
1567 2009 1832 2057 constan-

179 2083 417 2138 tissime
447 2084 732 2139 defendit.

253 2175 318 2226 P.
351 2172 476 2228 394.
508 2173 792 2228 lntestini:
819 2176 1006 2228 ovium
1029 2175 1148 2245 ipso
1193 2174 1377 2229 adhuc
1421 2175 1552 2244 ﬁmo
1609 2178 1832 2248 refertis

176 2262 452 2332 impliciti
480 2265 784 2333 onustique.
819 2264 936 2318 Etsi
962 2263 1112 2320 hanc
1144 2266 1356 2321 {cedam
1399 2267 1825 2321 traductionem

178 2352 594 2406 damnatorum
629 2367 732 2422 per
761 2352 962 2407 urbem
995 2352 1179 2406 καινὸν
1213 2347 1478 2427 θρίαμϐον
1513 2355 1828 2427 Pachyme-

178 2457 274 2495 res
296 2446 485 2506 vocat,
522 2447 940 2512 pracesserant
979 2449 1173 2498 tamen
1205 2445 1335 2514 ejus
1367 2444 1634 2515 exempla
1678 2447 1826 2500 Con-

176 2529 587 2599 stantinopoli.
622 2529 764 2583 Vide
795 2531 1028 2584 Annam
1061 2535 1438 2598 Comnenam,
1485 2531 1622 2601 quid
1673 2533 1828 2586 610

174 2618 312 2687 ipsa
343 2617 538 2671 simile
567 2617 802 2683 viderit,
833 2619 1201 2673 relerentem.
1237 2619 1276 2673 l.
1307 2636 1389 2673 xu
1415 2619 1718 2686 Alemiadis,
1768 2637 1822 2691 p.

172 2707 285 2761 363
315 2708 408 2761 ed.
445 2711 606 2777 Reg,
640 2707 736 2761 ubi
770 2706 1142 2778 peculiariter
1172 2708 1229 2762 in
1263 2725 1382 2763 rem
1418 2713 1677 2764 nostram
1719 2725 1820 2764 no-

171 2800 262 2850 tat
293 2812 395 2849 eos
428 2795 529 2866 qui
562 2795 671 2850 hoc
704 2795 875 2850 modo
907 2795 1503 2852 circumducebantur
1550 2797 1826 2854 habuisse

167 2883 370 2954 capita
403 2883 702 2939 intestinis
733 2884 907 2940 boum
934 2885 1252 2957 oviumque
1282 2887 1451 2957 quasi
1484 2887 1554 2942 ad
1609 2888 1823 2942 ridicu-

165 2972 294 3028 lum
330 2977 606 3028 ornatum
656 2974 885 3029 cincta:
929 2974 1037 3034 Τὰς
1088 2970 1145 3027 δὲ
1184 2973 1446 3049 κεφαλὰς,
1495 2975 1708 3046 inquit,
1741 2973 1827 3028 ὲν-

165 3062 415 3125 τοσθίοις
474 3061 621 3136 βοῶν
679 3060 767 3115 καὶ
821 3057 1108 3135 προϐάτων
1148 3063 1357 3124 ταινίας
1409 3060 1563 3132 δίκην
1611 3065 1824 3135 κοσμή-

169 3170 379 3210 σαντες.
418 3152 482 3205 In
514 3153 736 3222 optimo
771 3169 878 3206 ms.
918 3152 1252 3221 Pugetiano,
1286 3169 1418 3209 cum
1453 3170 1569 3224 quo
1609 3153 1824 3209 editam

160 3241 293 3310 jam
327 3216 664 3295 Alexiadem
698 3241 918 3296 contuli
951 3216 1170 3312 eti-plus
1226 3216 1401 3313 quam
1464 3216 1623 3298 inille
1681 3241 1824 3298 locis
1855 3216 1898 3284 C

167 3329 503 3395 emendavi,
533 3328 748 3400 legitur
783 3331 1316 3401 κατακοσμήσαντες.

243 3420 308 3474 Ρ.
361 3419 484 3473 397.
532 3418 673 3492 Πρὸς
725 3419 985 3489 Μεθώνην
1043 3419 1302 3494 γίνονται.
1362 3421 1454 3477 Sic
1520 3426 1822 3478 contextus

166 3507 359 3564 trium
392 3508 570 3562 simul
603 3509 892 3564 codicum:
917 3511 1017 3564 sed
1052 3511 1107 3564 in
1155 3511 1470 3567 Barberino
1503 3528 1684 3581 supra
1711 3515 1819 3565 Με-

166 3594 359 3664 θώνην
391 3598 711 3668 ascriptum
759 3599 817 3653 in
853 3598 1062 3669 glossae
1103 3601 1339 3654 modum
1376 3598 1640 3672 Κορώνην
1673 3600 1819 3672 legi-

164 3703 337 3741 mus.
383 3686 498 3740 Hoc
528 3688 598 3741 ab
632 3687 859 3742 erudito
892 3687 1098 3743 lectore
1125 3689 1391 3743 additum
1426 3695 1703 3759 putamus
1747 3690 1818 3744 ad

160 3775 634 3846 pravertendam
686 3775 1126 3844 ambiguitatem
1161 3822 1177 3846 ,
1219 3794 1346 3848 quaa
1389 3785 1586 3848 posset
1643 3778 1818 3848 objici

161 3865 374 3920 minus
406 3866 593 3920 cautis
627 3883 658 3920 a
687 3867 967 3923 vocabulo
1018 3867 1306 3937 Μεθώνης.
1359 3871 1476 3923 Isto
1524 3868 1680 3922 enim
1717 3885 1818 3924 no-

161 3953 328 4008 mine
359 3959 445 4008 est
478 3956 618 4009 urbs
648 3956 900 4010 Thraciae
931 3957 1083 4026 apud
1117 3956 1357 4011 Suidam
1383 3961 1438 4010 et
1457 3957 1816 4026 Stephanum

157 4042 306 4097 item
343 4043 460 4097 alia
489 4043 840 4099 Macedoniae
874 4046 930 4100 in
965 4045 1280 4116 Magnesia,
1306 4046 1475 4115 cujus
1505 4045 1820 4100 meminere

159 4129 564 4200 Thucydides,
593 4132 822 4200 Strabo,
861 4132 1215 4202 Stephanus,
1266 4132 1510 4198 Plinius,
1543 4138 1652 4187 etc.
1703 4136 1819 4186 Me-

159 4221 390 4274 thonen
425 4220 601 4274 etiam
635 4220 692 4274 in
725 4221 1024 4276 Thessalis
1066 4228 1350 4277 memorat
1384 4221 1721 4292 Hesychius,
1746 4221 1819 4275 il-

163 4308 283 4363 lam
322 4309 474 4363 t‘orte
505 4309 575 4362 de
629 4325 744 4379 qua
793 4309 1010 4365 Seneca
1058 4310 1233 4366 choro
1283 4315 1450 4365 actus
1484 4311 1515 4364 4
1557 4310 1822 4366 Troadum

164 4397 261 4452 liis
297 4397 604 4453 versibus:

423 4513 506 4566 An
547 4515 810 4584 frequen:
841 4515 1018 4569 rusci:
1056 4514 1264 4570 levibus
1295 4516 1567 4582 Methone,

431 4587 569 4654 ουκ
598 4588 698 4639 sub
729 4585 927 4642 OEtaez's
959 4586 1230 4641 latebrosa
1259 4587 1438 4656 silvis,
1470 4593 1560 4642 etc

166 4699 347 4754 Nulla
381 4717 552 4771 porro
587 4700 800 4756 harum
852 4702 912 4756 in
945 4701 1101 4756 hunc
1152 4701 1345 4756 locum
1379 4703 1668 4773 quadrat:
1705 4720 1819 4758 non

163 4789 326 4843 enim
355 4793 657 4860 provectos
688 4808 720 4845 a
751 4789 936 4846 Malea
967 4791 1229 4846 Laconia:
1261 4791 1657 4862 promontorio
1691 4792 1820 4848 Hel-

166 4876 498 4947 lespontias
529 4882 740 4934 ventus
771 4878 969 4950 Lplenis
1017 4878 1162 4934 velis
1212 4896 1315 4951 per
1360 4886 1540 4937 totam
1593 4886 1820 4938 noctem

165 4965 500 5036 impellent,
530 4967 686 5038 quod
720 4967 813 5023 hic
843 4968 1076 5034 dicitur,
1114 4968 1405 5039 appellere
1436 4975 1587 5025 retro
1633 4971 1824 5040 potuit

167 5053 224 5108 in
261 5055 664 5111 Macedoniam
697 5062 800 5111 aut
842 5057 1174 5112 Thraciam.
1213 5058 1314 5113 Est
1359 5074 1496 5130 ergo
1545 5059 1664 5113 haec
1709 5063 1820 5112 Με-

166 5142 316 5212 θώνη
355 5160 534 5215 quain
571 5145 890 5200 Pausanias
915 5144 1186 5214 Μοθώνην
1241 5147 1470 5215 scribit,
1523 5147 1822 5204 Messenia:

167 5235 312 5289 urbs
349 5234 642 5288 maritima
672 5233 728 5288 in
766 5235 994 5291 modico
1043 5237 1463 5306 promontorio,
1498 5237 1590 5291 cui
1623 5237 1824 5292 adver-

167 5340 300 5377 sum
337 5323 496 5377 aliud
533 5330 782 5395 angusto
815 5323 945 5378 sinu
974 5325 1327 5395 diremptum
1348 5325 1820 5384 Coroneinsidet.

169 5412 284 5466 alia
317 5413 483 5481 urbs,
517 5413 602 5483 [Ρ.
637 5413 766 5484 474]
793 5415 963 5483 cujus
995 5423 1300 5485 propterea
1333 5413 1689 5468 mentionem
1723 5431 1824 5484 op-

170 5507 428 5569 portune
458 5503 725 5572 suggerit
754 5501 1050 5573 glossema
1081 5520 1193 5558 non
1225 5503 1431 5558 inutile
1459 5503 1528 5558 ad
1552 5504 1825 5558 determi-

173 5590 440 5644 nandum
473 5591 545 5645 de
577 5606 694 5662 qua
716 5590 986 5647 Methone
1019 5591 1113 5646 hic
1143 5596 1389 5662 agatur:
1424 5606 1558 5646 nam
1583 5591 1641 5646 in
1673 5591 1824 5647 hanc

174 5697 292 5736 non
324 5681 731 5740 inverisimilis
761 5698 972 5740 cursus
1003 5701 1038 5740 a
1064 5681 1249 5739 Malea
1280 5681 1392 5740 fuit
1417 5686 1591 5739 vento
1619 5684 1720 5755 qui
1751 5684 1824 5740 ab

1935 1949 2236 2004 Phocaeam
2270 1949 2559 2004 Cotaneis.
2593 1951 2671 2004 Ac
2712 1947 2997 2020 Gregoras
3051 1946 3285 2016 quidem
3329 1947 3439 2000 sub
3469 1946 3581 2000 ini-

1933 2039 2081 2092 tium
2119 2038 2250 2093 libri
2271 2054 2412 2108 x1,p.
2443 2038 2571 2105 239,
2599 2054 2776 2108 agens
2803 2038 2873 2090 de
2891 2037 3106 2092 Catane
3136 2035 3384 2091 Phocaeae
3417 2035 3581 2106 prin-

1933 2127 2081 2198 cipe,
2105 2137 2159 2182 et
2185 2143 2320 2182 eum
2371 2126 2705 2198 Mitylenem
2753 2131 2894 2181 tunc
2949 2140 3266 2196 occupasse
3325 2125 3582 2180 referens

1933 2215 1993 2270 in
2016 2232 2265 2288 eamque
2288 2217 2680 2288 immigrasse,
2721 2214 2990 2286 praesidio
3011 2218 3207 2268 tamen
3228 2213 3419 2268 valido
3442 2213 3587 2268 Pho-

1933 2321 2059 2359 caea:
2094 2305 2317 2372 relicto,
2369 2305 2570 2361 statim
2627 2303 2864 2360 subdit:
2916 2300 3132 2375 Κλῆρος
3188 2298 3234 2355 δ’
3290 2299 3438 2372 αὐτῷ
3486 2321 3586 2355 πε-

1932 2391 2166 2465 ριελθὼν
2215 2393 2280 2461 ἦν
2332 2392 2437 2446 ἀπὸ
2478 2393 2765 2467 προγόνων
2799 2396 2832 2462 ἡ
2866 2393 3092 2447 Φώκαια
3117 2391 3253 2464 πρὸς
3279 2394 3375 2444 τοῦ
3428 2390 3583 2465 βασι-

1932 2479 2070 2543 λὲως
2121 2481 2209 2536 καὶ
2260 2483 2484 2537 πάππου
2531 2487 2628 2538 τοῦ
2681 2481 2950 2559 βασιλέως
2999 2483 3145 2560 σφίσι
3199 2479 3416 2545 δοθεῖσα
3462 2479 3582 2535 ἐπι-

1927 2576 2139 2644 τροπῆς
2185 2566 2337 2625 ἓνεκα
2387 2571 2478 2625 καὶ
2538 2571 2842 2647 χρημάτων
2890 2575 3038 2630 877
3086 2572 3232 2632 τινὸς
3277 2574 3577 2646 πορισμοῦ.

1931 2659 2023 2713 Διὸ
2053 2659 2142 2713 καὶ
2201 2659 2337 2714 κατὰ
2392 2660 2630 2735 χρόνους
2685 2660 2911 2721 τακτοὺς
2968 2662 3019 2714 οἱ
3075 2659 3278 2730 ταύτης
3329 2659 3576 2735 ἐφορείαν

1930 2745 2316 2822 διαδεχόμενοι
2381 2750 2668 2823 γράμματι
2739 2748 3046 2824 βασιλικοῖς
3099 2751 3444 2812 ἀνανεοῦντες
3496 2749 3576 2802 ἀεὶ

1930 2834 2206 2892 διετέλουν
2233 2839 2333 2906 τήν
2368 2835 2515 2892 δόσιν
2544 2843 2641 2892 τοῦ
2671 2836 2908 2913 κλήρου,
2927 2846 3038 2895 etc.
3063 2839 3320 2903 Quorum
3346 2855 3584 2894 summa

1929 2932 2039 2993 est,
2098 2928 2399 2994 Catanem,
2443 2928 2541 2998 qui
2577 2928 2686 2983 sub
2745 2927 3076 2983 Andronico
3135 2926 3370 2997 juniore
3419 2927 3582 2998 prin-

1929 3033 2066 3088 ceps
2109 3016 2358 3070 Phocaea:
2425 3022 2569 3087 erat,
2615 3033 2748 3071 eum
2811 3016 3202 3088 principatum
3254 3015 3582 3070 obtinuisse

1931 3104 2297 3160 baereditario
2325 3107 2461 3175 jure
2506 3105 2927 3160 transmissum
2960 3122 2994 3159 a
3047 3105 3173 3160 suis
3233 3104 3578 3174 majoribus,

1930 3195 2148 3265 quibus
2181 3193 2344 3248 illum
2394 3193 2712 3266 imperator
2756 3210 3002 3264 proavus
3033 3192 3351 3249 Andronici
3379 3193 3578 3248 Junio-

1935 3283 2013 3339 ris
2047 3283 2180 3355 (fuit
2210 3283 2260 3338 is
2292 3282 2534 3340 Michael
2561 3282 2920 3354 Palaeologus
2941 3283 3119 3354 prior)
3146 3281 3320 3338 certis
3350 3281 3580 3353 legibus

1930 3371 1990 3427 in
2067 3372 2330 3442 feudum,
2411 3377 2474 3427 ut
2540 3371 2866 3445 loquuntur
2929 3371 3332 3428 concessisset.
3392 3371 3580 3433 Quare

1931 3461 2164 3532 quoties
2197 3461 2253 3516 in
2289 3477 2355 3516 eo
2389 3461 2720 3534 principatu
2745 3460 2847 3516 ﬁlii
2879 3462 3147 3533 patribus
3178 3460 3580 3531 succederent,

1929 3549 2188 3621 diploma
2219 3550 2588 3622 imperatoris
2619 3551 2930 3622 impetrare
2959 3549 3092 3606 illos
3109 3550 3433 3622 oportebat,
3460 3565 3577 3621 quo

1926 3637 1987 3693 in
2020 3638 2194 3694 istius
2244 3639 2526 3711 dynastis:
2558 3639 2878 3711 legitimam
2905 3639 3338 3710 possessionem
3381 3639 3575 3693 mitte-

1929 3732 2152 3782 rentur.
2187 3729 2270 3782 Ita
2303 3728 2378 3782 ibi
2410 3727 2714 3799 Gregoras.
2750 3730 2940 3784 Ducas
2971 3734 3166 3783 autem
3210 3745 3260 3782 c.
3290 3729 3360 3782 20
3410 3730 3577 3796 Hist.,

1930 3833 1986 3888 p.
2014 3816 2084 3868 89
2114 3817 2204 3870 ed.
2246 3815 2383 3887 Reg.
2419 3816 2503 3870 sic
2533 3816 2747 3871 habet:
2781 3815 2866 3870 Ἐν
2899 3819 3018 3877 ταῖς
3073 3813 3308 3889 ἡμέραις
3366 3811 3423 3867 δὶ
3478 3817 3577 3867 τοῦ

1930 3901 2198 3977 βασιλέως
2258 3900 2489 3976 Μιχαὴλ
2543 3906 2640 3955 τοῦ
2699 3899 3082 3977 Παλαιολόγου
3117 3947 3131 3971 ,
3189 3906 3286 3956 τοῦ
3341 3906 3575 3974 πρῶ-τως

1930 3989 2348 4067 βασιλεύσαντος
2400 3989 2449 4044 ἐν
2497 3989 2928 4064 ΙΙαλαιολὸγοις,
2977 3989 3148 4058 ἦλθόν
3196 4010 3342 4050 τινες
3372 3986 3576 4043 Ἰταλοὶ

1927 4080 2200 4141 αἰτοῦντες
2229 4080 2290 4132 τὸ
2321 4075 2452 4152 ὅρος
2481 4081 2626 4151 (agit
2657 4082 2726 4135 de
2762 4086 2958 4136 monte
3006 4080 3302 4150 Phocidis)
3349 4075 3576 4144 δοθῆναι

1929 4169 2140 4230 αὐτοῖς.
2203 4168 2292 4222 καὶ
2353 4162 2650 4239 λαμϐάνειν
2709 4170 2824 4222 κατ’
2883 4166 3001 4229 ἔτος
3057 4168 3119 4221 τὸ
3177 4164 3572 4244 συμφωνηθὲν.

1927 4261 2235 4329 lmperanta
2275 4259 2542 4314 Michaele
2590 4259 2925 4330 Polaeologo,
2977 4275 3036 4314 eo
3093 4258 3190 4330 qui
3248 4258 3460 4330 primus
3518 4259 3578 4312 in

1927 4349 2153 4403 domum
2177 4349 2540 4419 Poleeologam
2573 4347 2868 4419 imperium
2900 4348 3114 4416 intulit,
3146 4351 3413 4404 venerunt
3452 4350 3576 4419 qui-

1926 4439 2052 4492 dam
2087 4438 2216 4492 Itali
2261 4441 2501 4509 petentes
2549 4442 2791 4492 montem
2837 4438 3089 4495 Phocaeae
3132 4438 3241 4494 sibi
3291 4438 3418 4493 dari
3473 4441 3574 4493 sub

1923 4525 2297 4598 pensitatione
2323 4527 2505 4582 annui
2549 4529 2765 4582 tributi.
2816 4531 2947 4582 Haec
2987 4527 3200 4597 Ducas,
3249 4527 3349 4598 qui
3389 4544 3576 4598 quan-

1930 4633 2104 4687 quam
2140 4616 2233 4670 hic
2267 4633 2378 4670 non
2413 4617 2682 4671 nominat
2711 4616 2856 4672 istos
2897 4617 3092 4686 Italos,
3128 4617 3301 4688 paulo
3331 4617 3580 4672 interius

1931 4711 2129 4760 tamen
2183 4704 2405 4758 indicat
2459 4720 2559 4759 eos
2607 4721 2638 4758 e
2695 4709 2864 4770 gente
2894 4706 3145 4761 Catanes
3181 4706 3384 4772 fuisse,
3435 4707 3578 4761 dum

1931 4794 2169 4850 scribit:
2202 4794 2371 4846 Ἦσαν
2405 4787 2464 4846 δὲ
2510 4792 2562 4845 οἱ
2596 4790 2850 4866 ῥηθέντες
2875 4798 2977 4861 ’τῆς
3005 4793 3224 4855 πόλεως
3273 4794 3415 4866 (νέας
3449 4801 3578 4849 Φω-

1930 4880 2106 4953 καίας)
2164 4882 2427 4954 κτήτορες
2481 4879 2539 4935 ἐκ
2588 4885 2697 4936 τῶν
2755 4881 3040 4938 Κατανέων
3104 4888 3404 4952 Γενουῖται,
3447 4885 3577 4940 Ἀν-

1933 4966 2090 5044 δρέας
2145 4971 2234 5022 καὶ
2289 4963 2589 5038 Ἰάκωϐος,
2648 4977 2757 5028 etc.
2819 4975 2992 5029 Erant
3048 4983 3228 5029 autem
3285 4977 3580 5030 memorati

1933 5059 2087 5114 urbi:
2125 5073 2282 5116 nova?
2330 5060 2577 5116 Phocaeae
2618 5060 2833 5116 domini
2878 5079 2908 5117 ε
2963 5063 3226 5120 Cataneis
3275 5063 3577 5120 Genuenses

1932 5148 2172 5204 Andreas
2219 5152 2269 5204 et
2313 5150 2564 5215 Iacobus,
2626 5153 2834 5222 posteri
2888 5153 3157 5208 videlicet
3194 5152 3431 5208 illorum
3477 5157 3579 5206 aut

1934 5236 2094 5291 illius
2125 5237 2224 5307 qui
2250 5253 2381 5291 cum
2415 5237 2696 5294 Micbaele
2741 5239 3058 5312 Palaeologo
3090 5243 3266 5312 priori
3309 5242 3378 5295 de
3411 5257 3579 5294 mon-

1933 5326 2009 5380 tis
2036 5325 2286 5380 Phocaaaa
2319 5327 2578 5382 dominio
2606 5334 2984 5400 transegerat.
3021 5331 3182 5385 Unde
3229 5328 3580 5399 intelligitur

1935 5415 2091 5470 hunc
2140 5417 2312 5486 cujus
2362 5419 2633 5472 meminit
2680 5419 2789 5472 hoc
2838 5419 2960 5475 loco
3022 5419 3426 5490 Pachymeres,
3479 5417 3576 5485 qui

1934 5505 2162 5575 primus
2195 5511 2455 5561 montem
2501 5507 2768 5563 Phocidis
2790 5509 3071 5562 beneﬁcio
3101 5507 3475 5577 imperatoris
3506 5508 3579 5561 ob

1935 5593 2134 5663 tinuit,
2161 5593 2490 5652 Manuelem
2517 5596 2826 5652 Cataneam
2851 5596 3032 5652 fuisse
3064 5601 3352 5656 vocatum,
3391 5595 3576 5653 ﬁlium

1933 5681 2222 5738 Zacharias
2262 5682 2525 5744 Catanes:
2555 5684 2676 5740 sive
2696 5684 2951 5740 Catanei.
2986 5682 3330 5756 Reperimus
3362 5691 3419 5745 et
3465 5687 3576 5744 Ca-
