3968 6202
430 310 570 368 1139

1478 307 1542 358 Ρ.
1582 303 1858 358 POSSINI
1896 300 2506 358 OBSERVATIONUM
2543 300 2678 353 LIB.
2717 303 2792 354 II.

3596 312 3697 368 illi}

428 436 674 494 telusios
701 436 978 488 vocatos:
1011 445 1150 485 nam
1177 429 1278 500 qui
1311 428 1479 484 multi
1514 428 1575 485 in
1618 427 1882 485 historiis
1930 427 2072 484 cite-

2186 428 2304 488 τοῖς
2389 421 2579 495 ἄκροις
2647 426 2758 478 τῶν
2827 421 3116 499 ὑποδόχων
3183 428 3382 504 ἀγγείων
3421 433 3701 506 πεπαγομὲνος

436 524 608 580 rioris
638 521 826 577 aetatis
855 518 1283 575 Catelusiorum
1317 517 1707 590 appellatione
1739 533 2072 574 memoran~

428 617 546 677 tur,
571 625 640 665 ex
668 609 870 664 eadem
903 625 1038 663 cum
1073 607 1341 663 Cataneis
1365 622 1494 662 esse
1527 605 1748 662 familia
1778 609 1935 662 certo
1956 603 2075 660 col-

429 700 636 770 ligitur
664 711 732 754 ex
785 696 1095 752 collatione
1151 697 1446 752 variorum
1504 695 1764 752 locorum
1812 693 2074 760 Villanii,

431 789 667 844 Laonici
706 791 764 842 et
791 786 1041 842 aliorum
1074 785 1486 841 historicorum
1516 783 1617 854 qui
1666 799 1758 839 res
1789 783 2075 855 quingen-

430 882 625 932 torum
658 880 808 931 retro
839 890 1124 930 annorum
1159 874 1380 945 scripto
1408 872 1694 946 complexi
1753 874 1914 928 sunt.
1960 869 2076 928 Nec

433 985 577 1022 nova
609 982 700 1022 res
731 969 819 1021 est
845 965 1060 1019 mutari
1091 962 1312 1034 aliquid
1346 962 1404 1016 in
1441 961 1780 1016 nominibus
1831 975 2076 1031 magna.

431 1072 565 1114 rum
588 1056 1036 1122 domuum,cum
1056 1051 1194 1107 olim
1217 1052 1475 1108 sciamus
1491 1050 1764 1106 Cioantos
1784 1047 1844 1104 in
1867 1046 2074 1104 Cluen-

430 1146 568 1212 tios,
600 1144 809 1200 Lamos
840 1145 899 1198 in
933 1141 1183 1208 Lamias,
1219 1139 1463 1196 Clausus
1495 1139 1552 1194 in
1577 1137 1848 1194 Claudios
1871 1140 1927 1192 et
1947 1136 2074 1192 Clo-

432 1234 580 1300 dios,
615 1230 956 1288 Hortensios
988 1231 1164 1285 etiam
1192 1227 1247 1282 in
1280 1228 1548 1283 Hortalos
1575 1225 1881 1292 transisse,
1917 1222 2076 1282 nullo

430 1322 490 1378 id
523 1321 583 1376 in
615 1323 1031 1390 argumentum
1071 1316 1334 1373 trahente
1386 1316 1618 1374 familiae
1675 1315 1953 1382 diversae;
2013 1317 2079 1368 ut

432 1410 700 1468 omittam
731 1408 954 1465 similia
983 1406 1239 1478 plurima
1270 1406 1490 1478 passim
1521 1407 1824 1464 observata
1855 1403 1914 1458 in
1957 1419 2077 1457 me-

431 1499 620 1555 moria
649 1495 1036 1554 recentiorum
1069 1497 1328 1568 adeoque
1378 1493 1549 1550 hodie
1579 1493 1900 1566 vigentium
1934 1491 2076 1548 stir-

432 1588 618 1661 pium.
643 1587 766 1643 Non
789 1586 944 1643 enim
964 1585 1055 1642 his
1074 1584 1376 1641 immorari
1403 1584 1564 1639 locus
1587 1588 1688 1638 aut
1727 1581 2076 1654 praescripta:

430 1676 732 1736 brevitatis
764 1675 904 1731 sinit
929 1676 1156 1742 modus,
1195 1691 1368 1745 quem
1402 1671 1639 1747 quidem
1692 1671 1818 1742 jam
1879 1685 2079 1725 exces-

432 1765 582 1823 sisse
603 1780 696 1820 me
727 1763 1029 1834 paululum
1063 1761 1272 1830 sentio,
1336 1761 1560 1817 scilicet
1609 1759 1801 1816 ofﬁcio
1856 1758 2074 1816 elatum

431 1854 582 1925 grati
614 1853 793 1909 animi
827 1869 965 1925 erga
989 1851 1271 1908 familiam
1317 1850 1708 1918 nobilissima,
1766 1849 1936 1922 cujus
1991 1863 2082 1903 ve-

437 1948 563 2002 tera
589 1942 1111 2014 illustrissimaque
1142 1945 1374 1997 exstant
1405 1956 1543 2014 erga
1585 1955 1772 1994 meam
1830 1937 2080 2010 patriam

440 2031 689 2092 Galliam
721 2032 855 2087 ﬁdei
884 2018 1419 2103 benevolentiaque
1447 2045 1560 2085 non
1593 2027 1852 2101 vulgaris
1873 2043 2081 2082 monu-

443 2126 660 2179 menta.
697 2121 885 2177 Rufus
926 2120 1161 2192 quippe,
1222 2119 1354 2174 aliis
1421 2117 1713 2186 Rufﬁnus,
1768 2119 2081 2188 Cataneus,

440 2214 827 2283 cognomento
858 2209 944 2278 [P.
995 2208 1121 2280 475]
1179 2208 1251 2266 de
1307 2207 1494 2279 Volta,
1537 2204 1788 2278 Philippi
1833 2204 2081 2275 Augusti

437 2300 633 2356 Galliae
663 2299 816 2370 regis
839 2297 1303 2355 archithalassus
1324 2298 1459 2364 fuit,
1490 2300 1547 2351 et
1576 2312 1711 2350 eum
1746 2298 1878 2368 post
1906 2311 2083 2368 expu-

432 2395 670 2458 gnatam
704 2389 984 2444 Acconem
1009 2387 1336 2457 deportavit
1365 2384 1423 2440 in
1455 2383 1747 2456 Apuliam,
1795 2387 1857 2440 ut
1882 2381 2080 2452 Rigor-

433 2477 544 2531 dus
575 2477 742 2531 docet
770 2475 1020 2546 iniibro
1077 2477 1149 2531 De
1205 2474 1368 2548 gestis
1425 2471 1675 2545 Philippi
1711 2472 1962 2544 Augusti,
2021 2487 2078 2544 p.

434 2565 556 2621 442.
590 2565 857 2623 Salvator
885 2564 1058 2624 etiam
1090 2564 1295 2620 Vitalis
1327 2565 1388 2618 in
1421 2564 1574 2620 678
1624 2560 1907 2618 Chronico
1948 2560 2084 2618 Cor-

434 2655 567 2714 sicae
599 2653 798 2720 tradit,
823 2654 882 2710 in
932 2653 1296 2727 expeditione
1327 2654 1384 2708 S.
1448 2651 1724 2708 Ludovici
1773 2667 1890 2724 qua
1929 2649 2082 2722 cepit

432 2741 757 2814 Pelusium,
788 2758 970 2800 unum
1003 2759 1072 2801 ex
1101 2743 1302 2798 eadem
1335 2742 1515 2814 stirpe
1560 2741 1946 2796 Cataneorum
2010 2739 2081 2796 de

433 2830 601 2887 Volta
630 2831 782 2887 inter
811 2832 990 2890 duces
1019 2831 1308 2887 exercitus
1334 2831 1536 2886 fuisse.
1561 2831 1728 2885 Anno
1755 2827 1894 2884 item
1920 2825 2080 2882 Chri-

434 2920 511 2980 sti
542 2920 700 2993 1396,
731 2937 866 2978 cum
899 2919 1226 2978 Genuensis
1259 2935 1351 2974 res
1381 2917 1618 2995 publica
1658 2917 1718 2973 in
1758 2915 1916 2991 gravi
1974 2929 2078 2969 suo

433 3009 692 3083 periculo
720 3007 1118 3066 necessarium
1142 3009 1468 3067 censuisset
1513 3006 1803 3081 subjicere
1858 3021 1920 3062 se
1975 3001 2081 3058 im-

432 3099 592 3170 perio
622 3098 807 3156 Caroli
832 3099 906 3155 VI
938 3099 1094 3172 regis
1126 3096 1348 3165 Galliae,
1386 3097 1606 3154 missus
1627 3097 1697 3152 ad
1723 3095 1889 3153 illum
1914 3110 2076 3151 com-

2185 513 2214 572 ὁ
2264 514 2447 586 ζωμὸς
2503 513 2592 568 καὶ
2648 513 3020 588 ὑπεραυγίζων
3077 515 3271 587 ὁμοίως
3320 519 3603 593 κρυστάλλῳ,
3627 530 3704 581 etc.

2183 605 2304 664 Hoc
2355 607 2448 660 est
2501 620 2570 662 ex
2629 603 2894 662 versione
2944 604 3224 664 Bulialdi:
3278 609 3334 664 In
3376 611 3584 678 Phocide,
3623 630 3703 682 quae

2184 696 2361 754 Ioniae
2409 693 2642 764 adjacet,
2693 709 2849 752 mons
2897 702 3023 750 erat
3065 696 3268 752 mctalli
3308 697 3536 754 aluminis
3568 701 3706 770 ferax;

2184 783 2473 853 cunctique
2517 781 2752 853 lapides,
2797 785 2896 854 qui
2931 785 2994 841 in
3041 786 3230 842 vertice
3269 789 3464 855 montis,
3489 790 3538 842 in
3580 790 3707 859 ignem

2182 872 2448 942 primum,
2502 870 2851 942 postmodum
2900 873 2961 927 in
3017 889 3214 943 aquam
3265 874 3407 932 missi
3451 876 3504 932 in
3549 893 3710 933 arma

2184 961 2628 1022 comminantur.
2684 965 2823 1020 Haec
2865 977 2938 1016 σω
2988 961 3106 1020 istis
3159 963 3411 1034 lapidibus
3453 965 3634 1023 collecta
3671 969 3710 1020 is

2184 1049 2451 1105 cumbam
2479 1065 2621 1121 aqua
2650 1051 2824 1106 mista
2861 1049 3186 1119 demittitur,
3214 1069 3274 1108 ac
3309 1053 3397 1108 ubi
3431 1069 3594 1124 parum
3613 1071 3713 1124 aqua

2185 1139 2392 1208 injecta
2419 1138 2648 1208 ferbuit,
2674 1153 2856 1196 arena
2888 1139 3116 1211 liqucﬁt.
3149 1141 3289 1209 Quod
3314 1140 3511 1198 densum
3543 1144 3713 1212 aldus,

2187 1227 2311 1298 alia:
2338 1227 2543 1295 simila,
2575 1226 2647 1283 ad
2701 1226 2925 1284 modum
2954 1227 3115 1286 lactis
3160 1229 3219 1285 in
3273 1245 3468 1286 caseum
3511 1229 3716 1300 ωαςνωὶ

2186 1319 2470 1377 servatur:
2504 1317 2648 1387 quod
2682 1316 2888 1374 durum
2914 1324 2968 1374 st
3006 1321 3279 1390 terrestre,
3333 1323 3386 1374 ul
3415 1321 3577 1375 inutile
3619 1319 3720 1385 abii-

2187 1405 2352 1466 citur.
2388 1405 2503 1477 Offa
2528 1421 2655 1464 vero
2683 1406 2786 1464 illa
2813 1407 2876 1462 in
2902 1422 3037 1466 uasa
3066 1406 3264 1478 dilusa
3299 1423 3392 1479 per
3434 1417 3624 1480 quatuor
3643 1407 3721 1464 diu

2188 1496 2250 1556 in
2278 1493 2356 1552 eis
2384 1495 2622 1552 subsidit
2647 1515 2667 1562 ;
2693 1499 2992 1568 posteaque
3027 1497 3176 1552 circa
3203 1512 3328 1554 oras
3365 1513 3572 1554 summas
3613 1512 3722 1552 vaso-

2188 1600 2316 1642 rum
2344 1592 2590 1642 concreta
2618 1584 3014 1657 splendensque
3040 1585 3110 1642 ad
3153 1586 3323 1646 instar
3371 1586 3583 1656 crystalli
3624 1600 3725 1654 repe-

2188 1672 2363 1742 ritur,
2395 1676 2504 1728 etc.
2535 1672 2690 1729 Satis
2739 1673 2894 1729 enim
2957 1673 3080 1732 hinc
3138 1679 3272 1730 sunt
3319 1675 3383 1732 ad
3434 1673 3725 1731 indicandum

2189 1762 2364 1820 istius
2397 1763 2488 1820 hic
2535 1763 2840 1821 memorati
2897 1763 3114 1824 laboris
3172 1765 3416 1826 modum.
3461 1767 3725 1830 Quasluoss

2199 1867 2366 1922 porro
2422 1851 2818 1910 dietraetionis
2873 1853 3051 1924 hujus
3109 1853 3314 1908 mercis
3355 1869 3561 1909 causam
3597 1851 3728 1910 Ducat
3844 1851 3845 1924 ξ

2200 1956 2331 1996 mox
2363 1945 2666 2011 memorat,
2700 1941 2856 2013 quod
2888 1940 3128 1999 alumen
3160 1941 3488 2000 tinctoribus
3535 1955 3732 1997 necesse,
3844 1940 3845 2013 ᾗ

2199 2029 2352 2084 rium
2382 2030 2496 2086 sit:
2545 2034 2697 2084 Ἔστι
2757 2026 2815 2083 δὲ
2872 2029 3163 2104 ἀναγκαῖον
3219 2037 3404 2106 χρῆμα
3453 2026 3732 2088 δευσοποιοῖς.
3844 2026 3845 2088 Ῐ

2195 2122 2329 2183 Quae
2361 2120 2717 2178 conﬁrmant
2741 2119 2799 2179 id
2831 2121 2984 2191 quod
3012 2125 3212 2178 noster
3233 2121 3394 2192 paulo
3416 2119 3620 2178 inferius
3642 2117 3736 2174 θοτὶ-
3844 2173 3845 2196 1

2196 2208 2320 2267 bit:
2351 2208 2482 2268 Inde
2507 2209 2779 2279 siquidem
2812 2209 2924 2266 vim
2975 2209 3198 2282 inferre
3243 2226 3483 2280 magnam
3531 2207 3605 2263 illi
3643 2204 3734 2275 (ὓθο

2196 2298 2474 2368 nuenses)
2501 2301 2831 2354 consuerant
2860 2298 3027 2356 istius
3059 2299 3257 2362 mercis
3286 2297 3576 2369 (aluminis)
3595 2293 3737 2352 vendi-

2196 2385 2328 2443 bilis
2360 2387 2417 2440 in
2446 2388 2664 2457 primis,
2722 2390 2989 2459 quoniam
3041 2389 3318 2460 plurimus
3358 2391 3504 2460 prout
3549 2384 3737 2453 hodqu
3844 2384 3845 2410 ξ

2191 2474 2464 2541 cernitur;
2481 2476 2598 2544 eius
2625 2492 2758 2535 usus
2785 2481 2864 2534 est
2893 2478 2955 2533 in
2981 2480 3189 2548 pannis
3217 2494 3245 2536 θ
3299 2478 3424 2534 lana
3451 2484 3576 2532 texta
3617 2475 3741 2528 colon

2189 2563 2349 2622 vario
2377 2565 2529 2620 619
2549 2564 2814 2633 facundis
2845 2567 2946 2621 His
2967 2567 3257 2624 omnibus
3278 2566 3420 2622 addo
3440 2564 3739 2620 Cataneorum
3844 2617 3845 2636 ξ

2189 2650 2659 2722 imperitantium
2690 2653 2942 2711 Phocaeae
2975 2656 3334 2712 mentionem
3376 2655 3532 2710 etiam
3578 2654 3742 2707 exstare

2191 2739 2346 2810 apud
2405 2739 2900 2808 Cantacuzenum.
2953 2742 2996 2801 Ι.
3025 2760 3088 2812 u,
3135 2760 3166 2801 ο
3194 2744 3288 2811 29,
3331 2742 3594 2815 p.290ed.
3626 2738 3742 2807 Reg»

2190 2827 2291 2885 ubi
2312 2829 2604 2898 eamdem,
2638 2833 2703 2888 ut
2733 2835 2992 2900 apparet,
3043 2847 3172 2890 rem
3222 2846 3460 2890 narrans
3483 2843 3631 2900 quam
3671 2840 3743 2882 θος

2191 2916 2388 2987 peritia
2419 2915 2727 2978 retulimus
2757 2933 2788 2976 θ
2809 2919 3086 2990 Gregora,
3127 2914 3660 2992 Mitylenesvidelicet
3679 2927 3743 2967 oc-

2188 3004 2558 3076 cupationem
2592 3019 2695 3076 per
2715 3007 3000 3066 Cataneos
3025 3007 3284 3070 Phocaeae
3320 3005 3528 3078 regulos
3575 3002 3746 3066 factum:

2187 3092 2248 3152 in
2277 3109 2346 3150 eo
2377 3094 2609 3154 videtur
2637 3111 2672 3152 a
2716 3097 2972 3167 Gregora
3005 3096 3369 3167 discrepare,
3407 3093 3542 3166 quod
3589 3091 3746 3146 factum

432 3147 589 3170 ἵν’-ν
630 3147 807 3156 *ν’-ν’·
852 3147 906 3155 ⁷-
941 3147 997 3155 -ν
1045 3147 1093 3154 ·-
1132 3147 1348 3165 *τ---ηνι
1386 3147 1603 3154 ’νυ---τ
1630 3147 1697 3152 τ-
1724 3147 1888 3153 ---”ᾑ
1922 3147 2042 3151 -τ-ίκ
2190 3147 2246 3152 νν-
2287 3147 2341 3150 -τν
2392 3147 2401 3150 -
2445 3147 2599 3154 βν--π
2639 3147 2671 3152 -
2724 3147 2972 3167 ί--ο---ν
3011 3147 3369 3167 ν-ννγ-ι--ηνι
3411 3147 3540 3166 -ι-νί

432 3188 600 3245 muni
629 3187 871 3244 consilio
899 3147 1218 3242 Damianus
1259 3186 1545 3244 Cataneus
1563 3201 1800 3266 summa
1823 3183 2070 3256 pruden-
2103 3147 2150 3224 δ
2184 3183 2240 3241 id
2277 3183 2581 3240 Dominico
2615 3184 2866 3242 Catanias
2897 3186 3096 3243 Adreie
3162 3187 3278 3246 filis
3334 3184 3543 3250 tribuit,
3565 3195 3656 3237 non
3675 3191 3747 3233 au-

428 3276 512 3332 tia
570 3277 814 3347 parique
871 3273 1144 3333 felicitate
1204 3275 1503 3348 negotium
1563 3272 1832 3347 confecit,
1893 3271 2073 3331 relato

429 3364 671 3418 domum
703 3379 772 3420 ex
802 3362 960 3434 regia
989 3362 1180 3434 gratia
1210 3363 1382 3419 titulo
1414 3367 1590 3435 atque
1621 3363 1839 3417 honore
1885 3378 2073 3416 mare-

426 3450 634 3507 schalli
665 3451 940 3506 Franciae.
974 3451 1489 3521 Perseveravitque
1521 3449 1766 3506 affectus
1798 3450 1856 3505 in
1882 3455 2072 3524 poste-

429 3537 512 3594 ris
542 3555 658 3595 non
689 3538 816 3595 sine
847 3543 1065 3594 mutuas
1093 3555 1336 3612 regnum
1360 3537 1986 3610 benevolentiaaisignis
2009 3539 2075 3592 il-

427 3626 749 3695 lustribus;
780 3629 951 3698 quale
984 3627 1094 3682 fuit
1126 3629 1281 3700 quod
1308 3627 1639 3684 Ludovicus
1671 3627 1795 3696 XII,
1829 3625 2074 3684 solemni

429 3733 645 3794 pompa
674 3717 936 3774 Genuam
970 3717 1254 3786 invectus,
1281 3715 1481 3774 villam
1507 3717 1807 3774 Laurentii
1838 3715 2076 3774 Catanei

429 3807 557 3879 ejus
589 3805 836 3865 invitatu
872 3805 1301 3862 humanissime
1323 3806 1482 3874 visit,
1511 3805 1860 3864 delectatum
1888 3823 1948 3864 se
1970 3807 2072 3862 ho-

430 3895 606 3968 spitio
643 3894 978 3967 gratissime
1028 3895 1358 3965 praeferens.
1411 3898 1600 3962 Quare
1654 3896 1712 3951 in
1771 3895 2074 3954 occasione

429 3984 792 4058 legationum
824 3984 896 4039 ad
923 4000 1086 4054 reges
1129 3983 1385 4040 Francaai
1415 3985 1653 4040 Catanei
1695 4002 1728 4040 a
1754 3984 2073 4041 Genuensi-

428 4075 540 4130 bus
573 4073 942 4149 plerumque,
977 4077 1041 4128 ut
1086 4072 1167 4128 ibi
1219 4073 1487 4148 gratiosi,
1553 4072 1924 4146 legebantur.
1980 4074 2072 4129 Sic

429 4179 582 4219 anno
617 4163 752 4218 1499
777 4162 1257 4236 Christophorus,
1289 4179 1441 4220 anno
1474 4161 1605 4218 1511
1653 4163 1910 4222 Thomas
1968 4164 2071 4219 Ca-

429 4250 609 4319 tanei,
644 4267 796 4307 anno
831 4251 967 4306 1513
1000 4252 1152 4307 alius
1175 4251 1312 4306 item
1338 4252 1644 4316 Cataneus,
1672 4251 1846 4326 legati
1873 4251 2074 4310 Genua

431 4339 491 4394 in
524 4338 770 4396 Galliam
801 4341 1030 4401 venisse
1070 4343 1464 4416 reperiuntur.

493 4466 625 4536 Pag.
658 4464 783 4533 420,
817 4467 1099 4524 Alumim's
1131 4468 1358 4538 fodinae.
1385 4467 1530 4534 Quis
1554 4467 1649 4524 hic
1705 4468 1870 4525 labor
1918 4473 2074 4529 esset

432 4556 489 4606 et
518 4556 805 4624 quantum
828 4572 895 4612 ex
926 4573 992 4612 eo
1021 4556 1278 4627 lucrum,
1310 4557 1593 4613 discimus
1624 4575 1692 4613 ex
1738 4557 1918 4629 Duca,
1971 4559 2070 4630 qui

433 4641 796 4698 domicilium
831 4661 895 4700 se
916 4644 1195 4702 habuisse
1222 4647 1282 4702 in
1306 4647 1421 4702 ista
1450 4664 1598 4702 nova
1621 4647 1861 4703 Phocma
1893 4648 2069 4717 profi-

432 4732 582 4800 tens,
606 4747 737 4802 quia
766 4734 941 4788 refert
967 4741 1261 4805 spectasse
1290 4735 1480 4794 oculis
1520 4736 1812 4792 creditur:
1853 4735 1941 4791 Ἐν
1999 4739 2068 4809 τῇ

431 4814 640 4874 Φωκίδι
672 4822 739 4892 τῇ
771 4822 906 4876 κατὰ
923 4822 1023 4891 τήν
1055 4822 1259 4878 Ἰωνίαν
1293 4819 1423 4896 ὅρας
1451 4825 1518 4892 ἦν
1577 4822 1630 4880 ἐν
1689 4823 1736 4896 ᾧ
1795 4821 2068 4897 μέταλλον

427 4907 762 4980 στυπτηρίας
821 4909 1080 4985 ὁπάρχιιο
1136 4910 1226 4966 καὶ
1284 4911 1312 4966 ὁ
1371 4910 1526 4975 λίθος
1556 4912 1696 4975 ἅπας
1743 4918 1842 4981 τῆς
1886 4913 2068 4988 ἄκρως

426 4994 569 5069 ρείας
626 4998 757 5069 πυρὶ
813 5001 1257 5072 προσομιλήσας,
1314 4999 1427 5055 εἶτα
1482 4997 1657 5070 ὕδατι,
1715 5001 1792 5063 ὡς
1839 5003 2067 5074 ψάμμος

422 5086 648 5159 γίνεται.
684 5087 797 5154 Τὴν
831 5085 889 5142 δὲ
917 5088 1022 5142 ἀπὸ
1072 5093 1170 5143 τοῦ
1216 5086 1372 5144 λίθου
1400 5090 1695 5162 γενομένην
1728 5092 1955 5163 ψάμμον
1989 5089 2066 5155 sic

424 5169 631 5245 λέϐητα
683 5175 984 5251 βάλλοντες
1014 5176 1107 5230 σὺν
1145 5174 1322 5244 ὕδατι,
1355 5179 1441 5232 καὶ
1474 5176 1852 5252 καχλάζοντος
1883 5179 1943 5234 οὐ
1973 5181 2067 5236 τό·

422 5285 537 5337 σον,
569 5267 603 5334 ἡ
637 5263 906 5341 βληθεῖσα
952 5266 1182 5339 ψάμμος
1213 5262 1513 5320 διαλύεταιυ
1563 5268 1653 5321 καὶ
1682 5268 1745 5322 τὸ
1790 5268 1884 5340 μὶν
1916 5267 2068 5343 παχὺ

421 5354 512 5409 καὶ
570 5352 832 5418 οὐσιῶδες
891 5354 1060 5424 αὐτῆς
1117 5354 1167 5410 ἰν
1217 5359 1298 5427 τῷ
1350 5359 1520 5428 ζωμῷ
1579 5356 1742 5428 μένον
1804 5355 1879 5420 ὡς
1925 5356 2071 5430 γάλα

421 5441 686 5518 τυρῶδες,
728 5444 791 5500 τὸ
839 5444 1002 5520 ξηρὸν
1044 5442 1135 5499 καὶ
1180 5441 1381 5520 γεῶδες
1436 5442 1606 5513 αὐτῆς
1647 5438 1749 5514 ἔξω
1793 5443 2071 5519 ῥίπτουσιν

427 5532 502 5595 ὡς
547 5531 849 5608 ἄχρηστον·
903 5534 995 5589 τὸν
1046 5530 1105 5590 δὲ
1135 5534 1318 5607 ζωμὸν
1370 5533 1447 5594 εἷς
1497 5531 1701 5607 σκάφας
1743 5533 2070 5600 κινώσαντες

427 5619 591 5696 ἄχρις
639 5627 864 5700 ἡμερῶν
911 5622 1182 5702 τεσσάρων
1237 5621 1623 5700 παραδρομὴν,
1655 5623 1960 5699 εὑρίσκεται
2013 5628 2067 5686 δν

2177 3279 2292 3328 lem
2316 3272 2430 3344 ἱρεὶ
2461 3274 2708 3338 Andreae.
2739 3273 3034 3334 etJacobo
3060 3277 3199 3346 ejus
3224 3276 3406 3335 fratri.
3446 3271 3610 3330 Verba
3643 3267 3749 3322 Can-

2174 3362 2440 3420 tacuzeni
2513 3361 2639 3418 haec
2695 3367 2873 3426 sunt:
2923 3361 3266 3437 Ἠγγέλλιτο
3325 3363 3398 3425 ὡς
3453 3350 3746 3432 Δομινικοςδ

2176 3446 2433 3523 Ἀνδρέου
2484 3453 2582 3506 τοῦ
2641 3449 2899 3521 Κατανία,
2958 3452 3020 3516 ὃς
3073 3459 3184 3522 τῆς
3232 3452 3356 3514 νέας
3408 3446 3629 3508 Φωκαίας
3651 3444 3751 3513 ἤρχι

2180 3534 2449 3612 βασιλέως
2501 3535 2835 3614 παραδόντος
2885 3541 3022 3596 κατὰ
3050 3543 3249 3616 χάριν,
3296 3544 3392 3600 τοῦ
3433 3536 3608 3610 πατρὸς
3642 3531 3746 3596 αὖτῷ

2174 3626 2540 3690 ἀποθανόντος
2588 3626 2942 3701 κληρονόμος
2971 3635 3074 3699 τῆς
3121 3630 3313 3694 οὐσίας
3340 3628 3600 3696 καταστὰς,
3623 3616 3748 3676 πλού-

2175 3735 2290 3777 σιος
2334 3713 2392 3770 δὶ
2441 3716 2532 3785 ἦν,
2577 3720 2697 3779 τοῖς
2752 3719 3003 3794 χρήμασι
3057 3719 3328 3795 φυσηθεὶς
3376 3711 3558 3774 Λέσϐον
3590 3710 3748 3775 διανοη·

2177 3804 2294 3874 θείη
2368 3805 2652 3876 Ῥωμαίων
2707 3804 3046 3887 ἀφελόμενος
3103 3806 3252 3864 ἰδίαν
3319 3809 3486 3879 ἑαυτῷ
3530 3796 3752 3876 περιποιή-

2177 3903 2366 3958 σασθαι
2407 3892 2734 3968 ἠγεμονίαν,
2757 3901 2818 3953 et
2840 3902 3048 3955 cetera
3078 3915 3216 3970 quin
3249 3899 3328 3956 ibi
3356 3895 3533 3970 pergit
3558 3902 3752 3951 narrare:

2176 3983 2398 4053 quibus
2425 3986 2654 4056 egregie
2681 3987 3117 4046 conﬁrmantur
3147 4005 3281 4061 quas
3331 3989 3402 4045 de
3447 3985 3661 4045 Phocea
3683 3978 3754 4033 d0-

2180 4070 2357 4127 minis
2388 4071 2671 4132 beneﬁcio
2696 4074 3119 4148 imperatorum
3154 4078 3594 4148 Paleologorum
3633 4069 3754 4124 Catu-

2178 4159 2306 4215 neis
2335 4160 2618 4228 diximus,
2663 4165 2996 4223 necessario
3049 4168 3125 4224 ad
3187 4166 3568 4240 supplendam
3611 4160 3659 4215 in
3681 4155 3756 4210 hoc

2191 4245 2319 4304 loco
2349 4255 2562 4308 nostris
2595 4251 2854 4311 historia
2885 4254 2948 4322 [ι’
2993 4255 3121 4326 476]
3161 4254 3541 4323 ἀποσιώπησιν
3595 4245 3758 4313 Pachy-

2181 4337 2380 4407 meris,
2415 4339 2649 4394 familias
2693 4358 2906 4397 nomen
2953 4344 3292 4399 omittentis
3351 4345 3412 4399 in
3455 4331 3758 4398 memorandi)

2181 4425 2447 4482 Manuele
2467 4428 2756 4488 Zacharias
2800 4430 2942 4502 tilio,
2979 4431 3175 4503 primo
3217 4434 3469 4489 Phocais
3505 4433 3762 4504 possessore

2105 4514 2150 4588 ι)
2180 4530 2249 4569 ex
2282 4515 2658 4574 concessione
2681 4517 2986 4578 Michaelis
3015 4520 3471 4592 Paleologorum
3514 4512 3660 4591 primi
3684 4515 3759 4563 Au-

2181 4603 2366 4678 gusti.

2249 4765 2312 4815 P.
2372 4763 2496 4818 421.
2558 4764 2769 4821 Vocem
2827 4764 3290 4840 ἐνσκευασάμενοι
3342 4788 3413 4827 ex
3459 4765 3686 4839 margine
3725 4759 3764 4812 in

2177 4855 2510 4995 zontextum
2543 4854 2732 4922 intuli,
2773 4865 3064 4928 expuncto
3120 4857 3477 4932 νηϊσάμενοι,
3529 4855 3675 4912 verba
3710 4847 3768 4901 ni-

2220 4939 2303 4995 ili.

2220 4939 2303 4996 ili.

2249 5107 2310 5156 P.
2345 5102 2469 5157 429.
2503 5105 2636 5170 Quae
2671 5104 2778 5160 hoc
2837 5123 2967 5179 cap.
3027 5115 3360 5165 narrantur
3407 5111 3478 5165 de
3516 5105 3672 5163 Maria
3713 5111 3768 5151 τεο

2177 5191 2316 5262 gina
2344 5191 2628 5263 Bulgaria:
2679 5194 2738 5248 in
2788 5197 3146 5252 avunculum
3216 5200 3640 5272 imperatorem,
3680 5187 3771 5245 οάίο

2177 5280 2339 5352 pacis
2373 5280 2760 5337 Ecclesiarum
2793 5286 2866 5340 ab
2897 5300 2963 5340 eo
2995 5295 3364 5356 procurate,
3398 5289 3664 5343 concitare
3686 5273 3769 5332 θυι·

2177 5373 2372 5424 tanem
2401 5370 2578 5440 Syrias
2633 5377 2902 5442 conante,
2963 5373 3163 5430 faciles
3225 5377 3548 5432 ostendunt
3590 5377 3772 5444 pravum

2179 5456 2694 5514 schismaticorum
2725 5460 3035 5516 animum:
3083 5461 3170 5516 uti
3223 5470 3288 5520 et
3333 5480 3459 5534 qua
3512 5459 3676 5532 capite
3710 5465 3771 5505 se-

2180 5547 2379 5616 quenti
2401 5553 2460 5604 et
2491 5549 2770 5619 deinceps
2801 5556 3140 5617 narrantur,
3174 5567 3364 5625 quam
3425 5550 3677 5616 crudelis,
3703 5544 3776 5598 im-

2179 5650 2296 5704 pia,
2349 5637 2680 5695 facinorosa
2727 5639 2850 5695 haec
2899 5640 3108 5697 mulier
3155 5642 3344 5698 tuerit
3395 5635 3774 5698 demonstrant;
