3968 6202
198 332 339 397 1141

1800 341 2029 403 NOTJE.

3476 344 3618 410 1142

195 475 381 532 quare
412 458 515 515 illa
540 460 883 532 protectrice
914 461 1305 519 schismastici
1334 464 1581 525 rebelles
1602 464 1851 538 glorien-
1881 465 1936 535 Α
1966 463 2097 519 tina
2124 462 2925 536 nihilprohibeatquominus
2941 464 3158 537 aliquis
3174 466 3350 522 ducat
3366 484 3608 528 uxorem

192 553 293 604 tur
324 548 485 617 licet,
519 549 698 621 digno
732 549 943 612 patella
974 551 1270 621 operculo.

264 646 325 700 P.
361 647 485 701 436.
520 647 706 714 Quare
738 646 832 701 hic
864 652 1063 703 narrat
1084 649 1484 720 Pacbymeres,
1517 669 1580 708 se
1606 653 1843 711 adhibi-

191 740 320 790 tum
352 736 426 791 ab
454 736 808 807 imperatore
852 737 922 792 ad
972 736 1124 793 clam
1158 738 1580 811 explorandum
1634 741 1845 814 ecquid

188 824 558 880 Theodosius
588 824 934 893 monachus,
966 826 1016 881 si
1067 826 1462 885 Antiochenus
1510 828 1845 900 patriarcha

191 915 376 983 ﬁeret,
410 914 741 970 obstiturus
772 919 928 975 esset
967 915 1199 989 negotio
1255 917 1684 974 conciliationis
1732 920 1841 974 Ec-

187 1002 523 1070 clesiarum,
558 1019 680 1058 rem
732 1002 895 1060 illam
947 1020 1015 1059 ex
1060 1005 1315 1078 Augusti
1365 1007 1661 1065 sententia
1708 1024 1840 1079 ges-

187 1090 360 1161 sisse,
395 1092 717 1147 ostendunt
746 1091 903 1146 hunc
944 1098 1234 1162 nostrum,
1267 1094 1375 1153 etsi
1413 1096 1588 1157 tacito
1612 1097 1840 1167 judicio

185 1180 370 1234 animi
406 1179 711 1236 schismati
735 1180 971 1250 faveret,
998 1187 1061 1237 ut
1085 1181 1271 1241 multa
1292 1183 1704 1242 demonstrant
1730 1184 1840 1245 hu-v

169 1268 283 1338 jus
315 1269 566 1324 historiae
597 1268 744 1337 loca,
777 1274 974 1325 tamen
1007 1269 1385 1342 imperatoris
1418 1272 1681 1329 consiliis
1709 1274 1838 1344 ejus

180 1357 425 1429 generis
482 1356 635 1411 haud
677 1356 871 1427 palam
923 1358 1317 1414 adversatum.
1370 1361 1489 1416 Imo
1553 1362 1838 1434 suspicari

177 1447 341 1502 forte
407 1462 517 1501 non
569 1446 863 1501 immerito
912 1463 1225 1518 possemus
1277 1464 1412 1507 eum
1461 1450 1691 1506 vivente
1743 1452 1839 1506 Mi-

176 1534 384 1591 chaele
415 1551 547 1589 vere
576 1540 634 1589 et
662 1552 731 1589 ex
762 1534 943 1591 animi
977 1537 1068 1598 sui
1103 1538 1395 1596 sententia
1430 1539 1640 1596 favisse
1686 1541 1834 1615 paci,

170 1625 281 1679 sed
332 1625 609 1679 eumdem
664 1623 974 1681 historiam
1024 1626 1237 1683 deinde
1295 1625 1447 1687 hanc
1480 1628 1833 1687 scribentem

170 1714 291 1768 sub
325 1712 681 1777 Andronico,
713 1712 815 1785 qui
850 1730 913 1773 se
946 1714 1152 1773 iterum
1189 1733 1222 1772 a
1270 1716 1534 1777 Romana
1582 1718 1836 1782 Ecclesia,

1948 568 2209 607 sororem
2249 551 2451 607 uxoris
2489 551 2684 609 fratris
2730 551 2860 609 sui:
2907 552 3089 609 altera
3116 556 3272 626 quod
3306 556 3365 610 in
3395 574 3609 616 unme-

1948 641 2148 697 randis
2180 639 2543 713 cognationis
2572 645 2629 695 et
2669 641 2972 697 affinitatis
3005 643 3285 712 gradibus
3329 652 3604 719 parentes

1947 747 2104 785 nunc
2133 745 2247 785 non
2280 729 2669 799 imputantur,
2705 730 2804 789 sed
2836 731 3064 803 primus
3106 733 3327 803 gradus
3377 736 3603 790 consti-

1944 819 2215 875 tuaturin
2238 818 2777 887 fratribus,cum,ut
2804 820 3192 875 numerathoc
3225 820 3349 877 loco
3375 829 3593 897 noster,

1947 923 2186 963 necesse
2243 908 2319 962 sit
2376 906 2635 978 primum
2696 908 2943 978 gradum
2992 914 3255 980 respectu
3307 913 3490 982 patris
3531 932 3597 970 ac

1947 996 2155 1051 matris
2202 995 2363 1068 poni,
2448 996 2777 1050 secundum
2866 1002 3135 1068 respectu
3204 999 3449 1055 fratrum
3525 1019 3591 1059 ac

1945 1102 2237 1142 sororum.
2272 1084 2366 1140 Sic
2395 1084 2552 1139 enim
2584 1083 3180 1155 tantumNicephorus
3206 1086 3590 1163 despota,qui

1946 1176 2128 1232 ﬁliam
2160 1174 2375 1231 sororis
2417 1174 2788 1247 imperatoris
2822 1176 2879 1229 in
2914 1175 3289 1233 matrimonio
3322 1178 3591 1251 habebat,

1947 1266 2017 1320 ab
2048 1264 2239 1337 ipsius
2277 1262 2649 1335 imperatoris
2683 1263 2801 1317 ﬁlia
2835 1268 3041 1335 quarto
3074 1265 3381 1323 afﬁnitatis
3411 1271 3598 1339 gradu

1944 1355 2166 1409 distare
2194 1356 2444 1425 poterat,
2480 1356 2655 1423 prout
2683 1352 2777 1407 hic
2808 1350 3043 1406 dicitur.

2014 1465 2076 1518 P.
2111 1461 2234 1517 448.
2289 1460 2514 1530 Quando
2581 1461 2811 1516 ducente
2858 1461 3063 1518 Isaacio
3126 1463 3395 1534 Augusto,
3470 1469 3579 1520 etc.

1942 1553 2078 1607 Rem
2131 1549 2226 1606 hic
2276 1550 2593 1605 indicatam
2644 1550 2771 1605 fuse
2817 1567 3062 1606 narrans
3098 1550 3382 1623 Georgius
3415 1555 3589 1609 Acro-

1942 1640 2539 1715 polita)Hist0riaesuze
2572 1655 2621 1694 c.
2655 1640 2739 1705 ll,
2762 1655 2816 1711 p.
2854 1640 3039 1706 lO,ed.
3066 1640 3233 1713 Reg.)
3265 1641 3323 1696 in
3349 1659 3589 1699 summa

1941 1730 2109 1786 docet
2160 1728 2449 1786 lsaacium
2490 1730 2815 1799 Augustum
2878 1728 2935 1782 in
2984 1728 3287 1800 Bulgaros,
3334 1732 3433 1803 qui
3481 1749 3589 1787 au-

166 1801 434 1857 ahscidit
465 1801 734 1857 rescissis
766 1805 1028 1873 paternis
1062 1804 1228 1872 actis,
1281 1806 1533 1867 servisse
1582 1808 1830 1880 tempori

1942 1822 2065 1875 tore
2112 1818 2446 1875 rebellionis
2494 1820 2685 1872 Asane
2721 1834 2754 1872 a
2802 1834 2863 1873 se
2931 1818 3284 1888 defecerant,
3341 1801 3588 1892 expedi-

166 1890 511 1947 revolutum
544 1891 603 1945 in
639 1890 957 1948 familiares
988 1909 1239 1949 errores.

248 1995 313 2047 P.
342 1990 465 2049 440.
502 1990 594 2044 Ex
640 1989 943 2045 canonibus
973 1991 1249 2061 quondam
1289 2008 1325 2048 a
1353 1992 1534 2049 Sisino
1577 1993 1833 2065 perlatis.

168 2079 305 2136 Non
350 2083 441 2134 est
470 2078 563 2134 hic
594 2078 846 2133 Sisinius
879 2077 978 2135 ille
1010 2080 1294 2151 antiquus
1341 2081 1831 2154 Constantinam-

164 2167 399 2224 litanus
464 2166 815 2235 patriarcha,
872 2169 971 2241 qui
1025 2186 1180 2225 anno
1224 2169 1439 2229 Christi
1490 2171 1592 2227 426
1640 2173 1830 2229 Attico

162 2257 466 2313 successit
496 2260 560 2312 ut
590 2261 789 2312 narrat
822 2257 1121 2330 Socrates,
1150 2258 1189 2314 l.
1222 2276 1322 2327 νη,
1342 2276 1391 2315 c.
1415 2261 1507 2329 26,
1529 2262 1631 2317 sed
1656 2261 1829 2330 alius,

165 2351 239 2401 ut
270 2350 544 2418 apparet,
594 2345 761 2415 longe
794 2347 1095 2416 posterior,
1127 2348 1229 2418 qui
1262 2365 1416 2403 anno
1465 2348 1669 2409 cbristi
1724 2351 1831 2407 995

162 2436 417 2490 Nicolao
449 2420 1145 2506 Cbrysobergi'sufl‘ectus
1175 2437 1435 2496 est.Nam
1469 2438 1629 2499 hunc
1651 2439 1828 2496 Joan-

164 2540 279 2583 nes
312 2523 696 2595 CurOpolates
729 2524 890 2585 680
924 2524 981 2579 in
1005 2524 1154 2594 Hist,
1185 2526 1256 2585 ad
1287 2543 1422 2583 ann.
1453 2528 1657 2587 mundi
1688 2530 1829 2586 6503

160 2618 428 2670 testatur
459 2628 713 2669 canones
744 2613 816 2668 de
851 2614 1241 2675 matrimoniis
1273 2615 1557 2675 sanxisse.

242 2718 397 2775 Ibid.
428 2717 638 2777 Gradus
664 2719 981 2789 afﬁnitatis.
1014 2724 1185 2776 Anna
1215 2720 1334 2777 ﬁlia
1367 2722 1672 2781 Michaelis
1703 2728 1826 2779 Au-

160 2809 357 2882 gusti,
384 2824 606 2878 sponsa
639 2807 933 2864 destinata
974 2808 1237 2866 Michaeli
1287 2811 1564 2881 despote,
1617 2817 1827 2883 quarto

164 2896 715 2968 consanguinitatis
746 2898 933 2968 gradu
991 2899 1370 2970 contingebat
1406 2901 1633 2955 Annam
1685 2901 1826 2957 alte~

169 3004 331 3054 ram,
369 2985 551 3042 ﬁliam
586 2984 804 3042 sororis
827 2986 1008 3057 patris
1039 2986 1152 3053 sui,
1197 2991 1441 3059 nuptam
1499 2989 1826 3061 Nioephoro

159 3080 458 3147 despota),
512 3073 815 3130 Michaelis
868 3074 1122 3146 despotai
1199 3091 1527 3146 germano;
1576 3081 1634 3132 et
1683 3079 1824 3149 quia

1941 1911 2097 1964 tione
2127 1911 2390 1980 sucepta,
2430 1909 2679 1962 Asanem
2729 1923 2866 1964 cum
2910 1906 3195 1977 praesidiis
3245 1912 3371 1963 arta
3422 1910 3582 1965 obsi-

1940 1998 2112 2054 dione
2135 1997 2387 2053 cinxisse
2410 1997 2565 2052 intra
2596 1996 2941 2071 oppidulum
2975 1996 3319 2052 Strinobum
3339 1999 3586 2072 dictum,

1938 2085 2087 2151 ἒντὸς
2147 2089 2243 2141 τοῦ
2303 2082 2600 2161 πολιχνίου
2661 2085 2723 2138 οὗ
2783 2082 2848 2154 δὴ
2907 2084 2969 2139 τὸ
3026 2079 3201 2158 ὄνομα
3268 2081 3588 2160 Στρίνοὸος·

1940 2176 2186 2232 Videtur
2233 2172 2593 2248 ampliﬁcata
2670 2174 2882 2230 deinde
2940 2175 3010 2230 ab
3097 2177 3284 2231 Asane
3362 2176 3584 2237 victore

1939 2267 2061 2324 haec
2118 2266 2341 2333 civitas,
2418 2266 2633 2336 quippe
2711 2281 2886 2336 quam
2970 2270 3170 2320 noster
3252 2267 3586 2325 Ternobum

1937 2373 2171 2427 vocans,
2249 2354 2469 2426 regiam
2559 2353 2841 2425 Bulgaria:
2923 2355 3123 2411 urbem
3199 2356 3382 2412 fuisse
3468 2374 3582 2414 non

1938 2443 2117 2500 semel
2192 2443 2433 2499 indicat.
2521 2442 2710 2515 Pergit
2782 2442 3116 2513 Acropolita
3171 2443 3389 2513 dicere,
3445 2462 3582 2505 cum

1936 2534 2090 2589 680
2122 2532 2181 2588 in
2211 2537 2469 2587 extremo
2501 2530 2842 2586 discrimine
2874 2547 2965 2585 res
2980 2530 3184 2586 Asanis
3216 2536 3270 2587 et
3303 2533 3581 2605 Bulgaro-

1934 2639 2063 2681 rum
2096 2626 2314 2691 essent,
2338 2637 2481 2690 quos
2509 2636 2580 2675 ne
2608 2620 2669 2675 in
2702 2617 2902 2676 lsaacii
2945 2619 3184 2691 Augusti
3226 2625 3577 2692 potestatem

1935 2728 2067 2767 mox
2099 2711 2363 2769 venirent
2390 2707 2554 2765 nulla
2585 2726 2677 2763 ros
2703 2707 3007 2779 prohibere
3037 2708 3384 2766 humanitus
3418 2716 3578 2782 pote-

1934 2805 2042 2868 rat,
2104 2800 2315 2857 exiisse
2381 2799 2454 2855 ab
2479 2801 2621 2854 urbe
2671 2800 2909 2854 obressa
2987 2800 3306 2871 quemdam
3384 2802 3579 2871 specie

1932 2892 2318 2961 transfugam,
2361 2890 2461 2959 qui
2492 2887 2714 2959 trepide
2742 2888 3082 2958 imperatori
3117 2888 3418 2945 nuntiaret
3448 2906 3583 2946 mox

1930 2979 2263 3052 irrupturos
2285 2978 2343 3032 in
2364 2978 2493 3047 ejus
2514 2981 2706 3032 castra
2728 2976 2985 3032 maximo
3019 2992 3262 3032 numero
3285 2978 3531 3049 Scythas
3558 2997 3573 3034 :

1932 3083 2046 3141 quo
2070 3064 2168 3120 ille
2199 3064 2414 3119 indicio
2432 3061 2740 3137 perculsus
2763 3067 2930 3117 nocte
2954 3067 3188 3133 repente
3207 3063 3577 3121 obsidionem

156 3166 538 3237 Nicephorus
569 3169 628 3220 et
656 3166 820 3219 Anna
848 3165 1144 3235 conjuncti
1170 3165 1544 3223 matrimonio
1576 3184 1679 3239 pro
1707 3184 1823 3224 uno

1942 3153 2167 3211 solvens
2193 3154 2342 3225 fugit
2372 3153 2443 3208 ab
2475 3152 2687 3225 oppido
2719 3152 2997 3221 postridie
3019 3152 3381 3218 dedendo,et
3415 3154 3576 3224 ejus-

159 3255 590 3319 censebantur,
649 3253 826 3309 etiam
897 3253 1226 3325 Nicephoro
1284 3259 1341 3310 et
1391 3262 1822 3327 consequenter

152 3342 437 3400 Michaeli
498 3343 628 3413 ejus
660 3342 827 3401 fratri
887 3342 1129 3398 totidem
1186 3342 1491 3400 afﬁnitatis
1540 3346 1821 3416 gradibus

147 3432 618 3489 admovebatur.
654 3435 832 3486 Porro
866 3430 1117 3487 Michael
1149 3434 1327 3487 Annia
1360 3435 1525 3489 uxori
1568 3434 1663 3489 sui
1698 3435 1819 3490 fra-

146 3522 268 3577 tris
300 3519 615 3575 afﬁnitatis
637 3520 823 3591 gradu
844 3520 1536 3593 secundojungebantur,
1553 3524 1691 3596 quia
1713 3541 1820 3581 suo

149 3626 453 3684 germano
476 3610 605 3681 ejus
626 3609 749 3664 viro
782 3610 1040 3666 secundo
1073 3609 1604 3683 consanguinitatis
1634 3614 1821 3683 gradu

146 3703 414 3773 junctus
447 3698 916 3754 erat.Afﬁnitatis
947 3697 1167 3773 quippe
1197 3699 1438 3770 gradus,
1475 3704 1538 3754 ut
1568 3698 1822 3775 theologi

160 3786 410 3858 etjuris
442 3786 709 3841 canonici
760 3786 1009 3841 consulti
1045 3785 1166 3841 haec
1216 3791 1536 3847 tractantes
1591 3787 1820 3859 docent,

160 3879 296 3953 pari
333 3895 514 3950 passu
549 3882 882 3949 sequuntur
908 3877 1128 3950 gradus
1160 3877 1713 3951 consanguinitatis.
1749 3881 1825 3935 Ut

160 3985 303 4039 ergo
349 3964 880 4037 consanguinitatis
929 3967 1158 4040 primus
1209 3967 1428 4038 gradus
1466 3967 1681 4037 estqui
1717 3983 1822 4039 pa-

161 4063 370 4112 rentes
431 4058 587 4112 inter
633 4058 691 4110 et
739 4055 953 4110 liberos
1004 4055 1335 4124 intercedit,
1378 4056 1674 4111 secundus
1706 4056 1822 4111 fra-

167 4152 333 4201 trum
368 4145 440 4199 ad
477 4144 709 4212 fratres,
742 4144 955 4198 tertius
987 4144 1184 4201 fratris
1234 4143 1523 4201 sororisve
1569 4143 1824 4203 ﬁliorum

163 4237 237 4290 ad
276 4240 544 4307 patruos,
578 4232 1141 4301 avunculos,amitas
1172 4237 1228 4288 et
1254 4237 1622 4305 materteras,
1652 4250 1824 4305 quar-

168 4330 267 4379 tus
300 4322 795 4378 consobrinorum
829 4322 900 4377 ad
934 4319 1427 4385 consobrinos,ita
1448 4322 1825 4379 etafﬁnitatis

162 4416 565 4468 numerantur
614 4412 904 4479 totidem;
954 4410 1159 4485 quales
1213 4425 1410 4465 revera
1462 4410 1521 4464 in
1565 4410 1674 4465 hac
1706 4411 1827 4467 ﬁlia

166 4500 489 4556 Michaelis
521 4500 762 4570 Augusti
792 4505 1057 4571 respectu
1106 4497 1306 4572 sponsi
1339 4496 1388 4554 ei
1414 4499 1686 4554 destinati
1720 4501 1826 4555 Mi-

166 4590 400 4649 chaelis
431 4591 688 4661 despotaz
722 4589 1381 4648 numerabantur.Unde
1412 4606 1478 4645 ex
1513 4589 1618 4649 hac
1650 4596 1835 4661 parte,

168 4686 235 4736 ut
295 4681 379 4735 ait
452 4680 796 4748 historicus,
860 4686 1113 4753 quatuor
1143 4683 1310 4735 erant
1348 4677 1682 4735 συνοικεσίου
1714 4680 1834 4736 sive

170 4768 492 4825 afﬁnitatis
551 4768 795 4839 gradus,
844 4784 910 4824 ex
964 4772 1127 4840 parte
1176 4783 1310 4823 vero
1375 4767 1574 4839 sponsi
1646 4768 1832 4842 ipsius

165 4855 481 4912 Michaelis
514 4858 773 4928 despotaa
798 4861 1069 4927 respectu
1100 4856 1297 4911 fratris
1339 4856 1470 4927 ejus
1521 4855 1829 4931 Nicephori

166 4950 228 5000 et
277 4948 413 5016 ejus
472 4946 742 5018 conjugis
790 4949 969 5002 Anna:
1022 4950 1168 4999 natae
1201 4962 1271 5000 ex
1300 4962 1497 5000 sorore
1530 4945 1829 5003 Michaelis

166 5034 453 5107 Augusti,
514 5036 668 5104 duo;
724 5035 865 5106 quia
914 5040 978 5089 ut
1021 5034 1086 5104 (P
1116 5034 1244 5105 477)
1296 5034 1830 5104 consanguinitatis

160 5126 362 5197 gradu
395 5124 657 5179 secundo
691 5125 1148 5178 connectebatur
1180 5124 1359 5177 frater
1393 5122 1576 5189 fratri,
1623 5124 1700 5176 ita
1734 5140 1826 5178 sevo

168 5215 372 5269 cunde
423 5216 639 5283 pariter
693 5214 1000 5269 affinitatis
1067 5214 1248 5284 gradu
1317 5212 1832 5283 conjungebantur

166 5306 324 5360 levir
371 5309 430 5358 et
497 5304 723 5359 fratria.
761 5306 887 5360 llwc
920 5318 1086 5359 mens
1119 5303 1296 5373 hujus
1346 5301 1452 5356 loci
1514 5306 1643 5370 est;
1678 5304 1832 5356 circa

162 5409 353 5466 quem
413 5395 671 5449 notanda
696 5394 852 5449 venit
881 5394 1097 5462 duplex
1128 5392 1462 5448 Graecorum
1487 5389 1647 5445 illius
1682 5395 1823 5447 tem-

158 5490 337 5563 poris
368 5508 401 5544 a
433 5490 654 5547 Latinis
702 5491 1004 5547 hodiernis
1058 5487 1472 5561 discrepantia.
1525 5486 1690 5543 Prior
1738 5490 1829 5542 est

159 5580 445 5651 quod,ut
480 5580 617 5636 hinc
640 5581 1076 5653 apparet.apud
1112 5579 1339 5636 Graecos
1384 5584 1522 5634 tunc
1571 5576 1827 5633 afﬁnitas

161 5668 529 5724 afﬁnitatem
558 5669 842 5741 pariebat,
878 5686 1012 5727 cum
1041 5669 1104 5747 in
1138 5666 1388 5735 usujam
1420 5665 1686 5723 Ecclesia:
1723 5667 1829 5727 La-

1938 3246 2070 3300 dem
2103 3242 2421 3315 proditoris
2444 3243 2618 3296 etiam
2643 3241 2700 3295 in
2727 3242 2874 3312 fugai
2897 3241 2990 3296 via
3009 3240 3321 3297 consilium
3349 3243 3581 3299 fraudu-

1929 3332 2153 3389 lentum
2186 3346 2440 3405 sequens
2474 3347 2535 3386 se
2566 3346 2824 3405 suosque
2855 3330 3106 3399 conjecit
3134 3329 3193 3384 in
3245 3331 3573 3402 angustias,

1932 3422 2030 3477 ubi
2094 3439 2226 3477 mox
2272 3419 2511 3497 plurimi
2568 3437 2602 3474 a
2646 3417 2849 3490 paucis
2899 3419 3111 3473 misere
3160 3419 3385 3490 opressi
3437 3423 3578 3475 sunt

1932 3510 2331 3583 Bulgaris,qui
2355 3527 2422 3566 ex
2453 3510 2776 3582 composito
2808 3508 2863 3562 in
2888 3505 3318 3563 circumventos
3348 3508 3577 3564 irruen-

1933 3604 2022 3657 tes
2060 3604 2353 3657 Romanos
2405 3598 2717 3672 plerosque
2763 3597 3015 3663 caedunt,
3059 3596 3411 3667 imperatore
3440 3614 3577 3653 cum

1935 3706 2048 3743 non
2084 3687 2283 3742 multis
2313 3703 2461 3757 aegre
2492 3704 2554 3741 se
2586 3687 2642 3740 in
2677 3690 2870 3740 tutum
2903 3684 3238 3755 recipiente,
3272 3684 3431 3740 omni
3482 3702 3579 3755 ap-

1935 3779 2141 3846 paratu
2176 3779 2232 3829 et
2264 3774 2640 3845 imperatoria
2672 3770 3023 3842 supellectili
3058 3770 3325 3825 hostibus
3353 3770 3575 3826 relicta.

1935 3862 2003 3919 Οἱ
2035 3858 2112 3934 δὲ,
2144 3863 2228 3917 ait
2283 3859 2636 3932 AcrOpolita,
2671 3856 3022 3921 δτασωθέντες
3082 3858 3215 3930 μετὰ
3266 3860 3364 3911 τοῦ
3425 3858 3585 3929 βασι-

1934 3948 2075 4013 λὲως
2128 3948 2328 4024 γυμνοί
2384 3968 2442 4002 τε
2495 3947 2629 4016 ἦσαν
2684 3946 2774 4000 καὶ
2829 3944 3007 4021 ὀλίγοι
3068 3946 3243 4001 πάνυ.
3306 3945 3580 4008 Ἐντεῦθεν

1937 4038 2213 4119 ἐφυσιώθη
2270 4034 2332 4091 τὸ
2360 4040 2465 4091 τῶν
2498 4033 2831 4109 Βουλγάρων
2879 4032 3049 4112 φῦλον
3082 4031 3230 4088 λείαν
3262 4030 3482 4101 πολλὴν
3526 4030 3586 4086 ἐκ

1935 4133 2043 4185 τῶν
2093 4126 2377 4200 Ῥωμαίων
2420 4123 2705 4199 κερδῆσανί
2742 4121 2886 4178 ἀλλὰ
2917 4120 2983 4193 δὴ
3032 4123 3119 4176 καὶ
3172 4120 3232 4175 ἐκ
3268 4124 3374 4175 τῶν
3430 4121 3583 4195 βασι-

1940 4218 2110 4274 λικῶν
2169 4217 2508 4291 παρασήμων
2561 4215 2627 4268 τὰ
2680 4213 3010 4287 τιμιώτερα’
3069 4211 3164 4274 τάς
3219 4231 3279 4265 τε
3334 4210 3436 4287 γὰρ
3485 4210 3583 4264 τοῦ

1944 4306 2214 4385 βασιλέως
2284 4302 2593 4382 πυραμίδας
2661 4296 2989 4357 ἆνελάϐοντο
3065 4298 3155 4354 καί
3221 4297 3419 4378 φιάλας
3476 4304 3585 4353 τῶν

1942 4398 2227 4471 ἐπισήμων
2286 4400 2374 4449 καί
2434 4398 2629 4470 χρῆμα
2686 4392 2761 4455 εἷς
2820 4390 3033 4461 πλῆθος
3081 4387 3169 4444 καὶ
3200 4388 3358 4444 αὐτὸν
3393 4387 3459 4458 δὴ
3490 4388 3582 4443 τὸν

1946 4488 2226 4569 βασιλικὸν
2258 4484 2507 4559 σταυρόν,
2539 4490 2649 4540 etc.
2684 4484 2813 4538 Haec
2863 4488 3004 4538 sunt
3059 4498 3187 4551 quae
3248 4485 3446 4537 noster
3491 4478 3585 4534 hic

1946 4567 2110 4634 Vocat
2132 4575 2382 4647 insignia
2406 4573 2648 4646 imperii.
2689 4574 2749 4627 In
2782 4571 3000 4642 quibus
3023 4570 3177 4642 quod
3207 4567 3301 4630 τὰς
3334 4571 3429 4621 τοῦ
3483 4568 3584 4641 βα-

1944 4664 2141 4726 σιλέως
2170 4659 2481 4739 πυραμίδας
2514 4659 2870 4732 imperatoris
2897 4658 3215 4731 pyramides
3256 4656 3587 4728 Acropolita

1943 4760 2232 4820 numerat,
2269 4755 2465 4808 lumen
2496 4751 2708 4821 accipit
2739 4766 2806 4804 ex
2837 4750 2949 4804 alio
2982 4750 3110 4821 ejus
3142 4748 3289 4815 loco,
3342 4748 3477 4802 Hist.
3531 4763 3583 4801 c.

1941 4845 2029 4910 40,
2058 4862 2112 4914 ρ.
2147 4842 2236 4906 36,
2268 4840 2366 4896 ubi
2397 4840 2466 4895 de
2496 4839 2797 4894 Theodoro
2823 4837 3037 4909 Angelo
3068 4834 3300 4906 imperii
3329 4835 3585 4906 insignia

1941 4932 2266 5005 deponeute
2295 4932 2379 4984 sic
2434 4927 2674 4984 scribit:
2717 4928 2790 4979 Τὰ
2824 4926 2918 4998 μὶν
2978 4925 3077 5000 γὰρ
3137 4920 3331 4999 ἐρυθρᾶ
3384 4920 3585 4978 πέδιλα

1938 5015 2282 5075 ἀπεϐἀλλετο
2314 5018 2403 5071 καὶ
2441 5018 2541 5085 τὴν
2593 5014 3001 5093 περίμαργαρον
3053 5011 3357 5089 πυραμίδα,
3407 5013 3480 5073 εἴς
3514 5014 3577 5081 ἣν

1940 5110 2028 5163 καὶ
2089 5108 2240 5170 λίθος
2330 5105 2694 5181 ὑπερκάθηται
2764 5104 3041 5170 κόκκινος,
3105 5102 3364 5179 βασιλικὰ
3418 5104 3585 5155 ταῦτα

1942 5192 2341 5272 σύμϐολαΉοο
2373 5202 2461 5252 est
2484 5216 2550 5252 ex
2583 5195 2843 5253 versione
2868 5195 3191 5251 doctissimi
3212 5191 3581 5264 interpretis:

1940 5292 2184 5361 Namque
2214 5288 2373 5343 rubri
2393 5289 2566 5343 calcei
2594 5284 2829 5353 dimissi,
2863 5294 2913 5340 et
2944 5285 3243 5339 unionibus
3273 5284 3585 5338 interstinc-

1940 5390 1997 5437 ta
2025 5378 2295 5454 pyramis,
2329 5394 2491 5450 super
2520 5394 2682 5449 quam
2716 5377 2857 5449 lapis
2886 5375 3088 5428 rubens
3116 5372 3415 5436 emicabat,
3461 5382 3584 5439 qua:

1941 5471 2330 5545 imperatorum
2354 5468 2608 5538 insignea
2636 5474 2780 5520 sunt.

2012 5576 2187 5648 Capp.
2243 5575 2308 5629 10
2340 5578 2397 5629 et
2427 5575 2514 5630 11.
2578 5575 2710 5638 Quae
2768 5572 2863 5629 hic
2915 5572 3230 5624 narrantur
3278 5566 3350 5618 de
3397 5562 3582 5616 Vccco

1942 5664 2125 5723 libere
2194 5678 2438 5720 causam
2514 5676 2837 5735 pauperum
2922 5655 3142 5725 injuste
3209 5666 3581 5726 opressorum
