  <div class='ocr_page' id='page_1' title='image "/cluster/home/n/w/nwhite01/storage/ocr_20150623/143/hvd.32044073502585/577.png"; bbox 0 0 3978 6182; ppageno 0'>
   <div class='ocr_carea' id='block_1_1' title="bbox 457 288 3751 416">
    <p class='ocr_par' dir='ltr' id='par_1_1' title="bbox 457 288 3751 416">
     <span class='ocr_line' id='line_1_1' title="bbox 457 288 3751 416; baseline 0.005 -30"><span class='ocrx_word' id='word_1_1' title='bbox 457 288 600 386; x_wconf 70' lang='lat' dir='ltr'><strong>me</strong></span> <span class='ocrx_word' id='word_1_2' title='bbox 1501 335 1560 387; x_wconf 83' lang='lat' dir='ltr'><strong>p.</strong></span> <span class='ocrx_word' id='word_1_3' title='bbox 1604 333 1878 388; x_wconf 81' lang='lat' dir='ltr'><strong>POSSINI</strong></span> <span class='ocrx_word' id='word_1_4' title='bbox 1917 332 2539 391; x_wconf 75' lang='lat' dir='ltr'><strong>OBSERVATIONUM</strong></span> <span class='ocrx_word' id='word_1_5' title='bbox 2574 337 2709 392; x_wconf 83' lang='lat' dir='ltr'><strong>LIB.</strong></span> <span class='ocrx_word' id='word_1_6' title='bbox 2749 341 2824 393; x_wconf 90' lang='grc' dir='ltr'>ιι.</span> <span class='ocrx_word' id='word_1_7' title='bbox 3654 360 3751 416; x_wconf 60' lang='lat' dir='ltr'><strong>un</strong></span> 
     </span>
    </p>
   </div>
   <div class='ocr_carea' id='block_1_2' title="bbox 465 429 3751 543">
    <p class='ocr_par' dir='ltr' id='par_1_2' title="bbox 465 429 3751 543">
     <span class='ocr_line' id='line_1_2' title="bbox 465 429 3751 543; baseline 0.009 -34"><span class='ocrx_word' id='word_1_8' title='bbox 465 429 676 525; x_wconf 85' lang='lat' dir='ltr'><strong>agente</strong></span> <span class='ocrx_word' id='word_1_9' title='bbox 697 468 830 508; x_wconf 89' lang='lat' dir='ltr'><strong>curn</strong></span> <span class='ocrx_word' id='word_1_10' title='bbox 863 457 1152 525; x_wconf 82' lang='lat' dir='ltr'><strong>Augusto,</strong></span> <span class='ocrx_word' id='word_1_11' title='bbox 1187 469 1220 508; x_wconf 93' lang='lat' dir='ltr'><strong>a</strong></span> <span class='ocrx_word' id='word_1_12' title='bbox 1249 469 1366 525; x_wconf 92' lang='lat' dir='ltr'><strong>quo</strong></span> <span class='ocrx_word' id='word_1_13' title='bbox 1391 469 1461 510; x_wconf 87' lang='lat' dir='ltr'><strong>ea</strong></span> <span class='ocrx_word' id='word_1_14' title='bbox 1505 453 1810 510; x_wconf 80' lang='lat' dir='ltr'><strong>occasione</strong></span> <span class='ocrx_word' id='word_1_15' title='bbox 1849 454 2103 526; x_wconf 81' lang='lat' dir='ltr'><strong>pessime</strong></span> <span class='ocrx_word' id='word_1_16' title='bbox 2135 456 2190 522; x_wconf 76' lang='grc' dir='ltr'>Α</span> <span class='ocrx_word' id='word_1_17' title='bbox 2212 454 2332 543; x_wconf 85' lang='lat' dir='ltr'><strong>nis,</strong></span> <span class='ocrx_word' id='word_1_18' title='bbox 2392 473 2567 527; x_wconf 85' lang='lat' dir='ltr'><strong>quam</strong></span> <span class='ocrx_word' id='word_1_19' title='bbox 2625 461 2903 518; x_wconf 86' lang='lat' dir='ltr'><strong>Arsenius</strong></span> <span class='ocrx_word' id='word_1_20' title='bbox 2943 462 3192 520; x_wconf 81' lang='lat' dir='ltr'><strong>libenter</strong></span> <span class='ocrx_word' id='word_1_21' title='bbox 3219 467 3399 536; x_wconf 82' lang='lat' dir='ltr'><strong>dabat,</strong></span> <span class='ocrx_word' id='word_1_22' title='bbox 3427 473 3751 543; x_wconf 70' lang='lat' dir='ltr'><strong>exprimeretur</strong></span> 
     </span>
    </p>
   </div>
   <div class='ocr_carea' id='block_1_3' title="bbox 462 541 3748 639">
    <p class='ocr_par' dir='ltr' id='par_1_3' title="bbox 462 541 3748 639">
     <span class='ocr_line' id='line_1_3' title="bbox 462 541 3748 639; baseline 0.007 -42"><span class='ocrx_word' id='word_1_23' title='bbox 462 541 1057 612; x_wconf 87' lang='lat' dir='ltr'><strong>tractabatur,palam</strong></span> <span class='ocrx_word' id='word_1_24' title='bbox 1089 543 1414 598; x_wconf 90' lang='lat' dir='ltr'><strong>ostendunt</strong></span> <span class='ocrx_word' id='word_1_25' title='bbox 1442 559 1620 614; x_wconf 91' lang='lat' dir='ltr'><strong>quam</strong></span> <span class='ocrx_word' id='word_1_26' title='bbox 1648 542 1745 599; x_wconf 91' lang='lat' dir='ltr'><strong>ille</strong></span> <span class='ocrx_word' id='word_1_27' title='bbox 1769 544 1854 598; x_wconf 90' lang='lat' dir='ltr'><strong>vir</strong></span> <span class='ocrx_word' id='word_1_28' title='bbox 1875 543 2100 598; x_wconf 88' lang='lat' dir='ltr'><strong>alienus</strong></span> <span class='ocrx_word' id='word_1_29' title='bbox 2208 542 2516 639; x_wconf 71' lang='lat' dir='ltr'><strong>indignum</strong></span> <span class='ocrx_word' id='word_1_30' title='bbox 2542 563 2678 603; x_wconf 91' lang='lat' dir='ltr'><strong>eum</strong></span> <span class='ocrx_word' id='word_1_31' title='bbox 2711 551 3037 606; x_wconf 89' lang='lat' dir='ltr'><strong>sacerdotio</strong></span> <span class='ocrx_word' id='word_1_32' title='bbox 3084 553 3279 624; x_wconf 87' lang='lat' dir='ltr'><strong>fuisse,</strong></span> <span class='ocrx_word' id='word_1_33' title='bbox 3310 541 3504 626; x_wconf 68' lang='grc' dir='ltr'>ἀνάξιον</span> <span class='ocrx_word' id='word_1_34' title='bbox 3533 567 3614 630; x_wconf 77' lang='grc' dir='ltr'>τῆς</span> <span class='ocrx_word' id='word_1_35' title='bbox 3637 564 3748 639; x_wconf 76' lang='grc' dir='ltr'>ἱερω-</span> 
     </span>
    </p>
   </div>
   <div class='ocr_carea' id='block_1_4' title="bbox 463 627 2103 703">
    <p class='ocr_par' dir='ltr' id='par_1_4' title="bbox 463 627 2103 703">
     <span class='ocr_line' id='line_1_4' title="bbox 463 627 2103 703; baseline 0.001 -20"><span class='ocrx_word' id='word_1_36' title='bbox 463 631 536 684; x_wconf 87' lang='lat' dir='ltr'><strong>ab</strong></span> <span class='ocrx_word' id='word_1_37' title='bbox 569 627 733 683; x_wconf 89' lang='lat' dir='ltr'><strong>omni</strong></span> <span class='ocrx_word' id='word_1_38' title='bbox 765 630 1104 685; x_wconf 79' lang='lat' dir='ltr'><strong>adulatione</strong></span> <span class='ocrx_word' id='word_1_39' title='bbox 1139 632 1334 698; x_wconf 89' lang='lat' dir='ltr'><strong>fuerit,</strong></span> <span class='ocrx_word' id='word_1_40' title='bbox 1359 637 1415 686; x_wconf 88' lang='lat' dir='ltr'><strong>et</strong></span> <span class='ocrx_word' id='word_1_41' title='bbox 1442 649 1619 703; x_wconf 90' lang='lat' dir='ltr'><strong>quam</strong></span> <span class='ocrx_word' id='word_1_42' title='bbox 1654 637 1876 687; x_wconf 90' lang='lat' dir='ltr'><strong>certum</strong></span> <span class='ocrx_word' id='word_1_43' title='bbox 1911 630 2009 696; x_wconf 90' lang='lat' dir='ltr'><strong>sit,</strong></span> <span class='ocrx_word' id='word_1_44' title='bbox 2036 647 2103 686; x_wconf 93' lang='lat' dir='ltr'><strong>ea</strong></span> 
     </span>
    </p>
   </div>
   <div class='ocr_carea' id='block_1_5' title="bbox 462 717 2102 792">
    <p class='ocr_par' dir='ltr' id='par_1_5' title="bbox 462 717 2102 792">
     <span class='ocr_line' id='line_1_5' title="bbox 462 717 2102 792; baseline 0.002 -22"><span class='ocrx_word' id='word_1_45' title='bbox 462 733 590 788; x_wconf 79' lang='lat' dir='ltr'><strong>quae</strong></span> <span class='ocrx_word' id='word_1_46' title='bbox 625 733 724 787; x_wconf 91' lang='lat' dir='ltr'><strong>pro</strong></span> <span class='ocrx_word' id='word_1_47' title='bbox 757 717 1012 774; x_wconf 84' lang='lat' dir='ltr'><strong>ecclesia</strong></span> <span class='ocrx_word' id='word_1_48' title='bbox 1041 725 1244 774; x_wconf 88' lang='lat' dir='ltr'><strong>contra</strong></span> <span class='ocrx_word' id='word_1_49' title='bbox 1263 719 1493 775; x_wconf 68' lang='lat' dir='ltr'><strong>Graecos</strong></span> <span class='ocrx_word' id='word_1_50' title='bbox 1525 719 1936 775; x_wconf 87' lang='lat' dir='ltr'><strong>schismaticos</strong></span> <span class='ocrx_word' id='word_1_51' title='bbox 1962 721 2102 792; x_wconf 84' lang='lat' dir='ltr'><strong>egit,</strong></span> 
     </span>
    </p>
   </div>
   <div class='ocr_carea' id='block_1_6' title="bbox 463 805 2106 881">
    <p class='ocr_par' dir='ltr' id='par_1_6' title="bbox 463 805 2106 881">
     <span class='ocr_line' id='line_1_6' title="bbox 463 805 2106 881; baseline 0.002 -22"><span class='ocrx_word' id='word_1_52' title='bbox 463 805 630 876; x_wconf 85' lang='lat' dir='ltr'><strong>dixit,</strong></span> <span class='ocrx_word' id='word_1_53' title='bbox 663 807 922 877; x_wconf 72' lang='lat' dir='ltr'><strong>scripsit,</strong></span> <span class='ocrx_word' id='word_1_54' title='bbox 959 813 1206 880; x_wconf 87' lang='lat' dir='ltr'><strong>purgata</strong></span> <span class='ocrx_word' id='word_1_55' title='bbox 1240 809 1421 864; x_wconf 92' lang='lat' dir='ltr'><strong>videri</strong></span> <span class='ocrx_word' id='word_1_56' title='bbox 1448 809 1661 864; x_wconf 82' lang='lat' dir='ltr'><strong>debere</strong></span> <span class='ocrx_word' id='word_1_57' title='bbox 1691 828 1726 864; x_wconf 81' lang='grc' dir='ltr'>ιι</span> <span class='ocrx_word' id='word_1_58' title='bbox 1772 809 2106 881; x_wconf 85' lang='lat' dir='ltr'><strong>suspicione</strong></span> 
     </span>
    </p>
   </div>
   <div class='ocr_carea' id='block_1_7' title="bbox 463 894 2104 970">
    <p class='ocr_par' dir='ltr' id='par_1_7' title="bbox 463 894 2104 970">
     <span class='ocr_line' id='line_1_7' title="bbox 463 894 2104 970; baseline 0.002 -21"><span class='ocrx_word' id='word_1_59' title='bbox 463 894 581 950; x_wconf 80' lang='lat' dir='ltr'><strong>fuci</strong></span> <span class='ocrx_word' id='word_1_60' title='bbox 632 912 699 951; x_wconf 90' lang='lat' dir='ltr'><strong>ac</strong></span> <span class='ocrx_word' id='word_1_61' title='bbox 756 896 996 950; x_wconf 77' lang='lat' dir='ltr'><strong>fraudis.</strong></span> <span class='ocrx_word' id='word_1_62' title='bbox 1033 897 1112 951; x_wconf 92' lang='lat' dir='ltr'><strong>De</strong></span> <span class='ocrx_word' id='word_1_63' title='bbox 1152 898 1544 970; x_wconf 85' lang='lat' dir='ltr'><strong>staurOpegiis</strong></span> <span class='ocrx_word' id='word_1_64' title='bbox 1578 898 1727 968; x_wconf 47' lang='lat' dir='ltr'><strong>,fuse</strong></span> <span class='ocrx_word' id='word_1_65' title='bbox 1775 898 2006 969; x_wconf 82' lang='lat' dir='ltr'><strong>agimus</strong></span> <span class='ocrx_word' id='word_1_66' title='bbox 2045 897 2104 953; x_wconf 89' lang='lat' dir='ltr'><strong>in</strong></span> 
     </span>
    </p>
   </div>
   <div class='ocr_carea' id='block_1_8' title="bbox 464 982 1881 1059">
    <p class='ocr_par' dir='ltr' id='par_1_8' title="bbox 464 982 1881 1059">
     <span class='ocr_line' id='line_1_8' title="bbox 464 982 1881 1059; baseline 0.001 -19"><span class='ocrx_word' id='word_1_67' title='bbox 464 982 784 1054; x_wconf 88' lang='lat' dir='ltr'><strong>Glossario,</strong></span> <span class='ocrx_word' id='word_1_68' title='bbox 817 984 913 1040; x_wconf 91' lang='lat' dir='ltr'><strong>ubi</strong></span> <span class='ocrx_word' id='word_1_69' title='bbox 946 989 1004 1040; x_wconf 93' lang='lat' dir='ltr'><strong>et</strong></span> <span class='ocrx_word' id='word_1_70' title='bbox 1034 985 1164 1041; x_wconf 88' lang='lat' dir='ltr'><strong>vide</strong></span> <span class='ocrx_word' id='word_1_71' title='bbox 1193 987 1263 1042; x_wconf 93' lang='lat' dir='ltr'><strong>de</strong></span> <span class='ocrx_word' id='word_1_72' title='bbox 1288 987 1520 1058; x_wconf 78' lang='lat' dir='ltr'><strong>Colybis</strong></span> <span class='ocrx_word' id='word_1_73' title='bbox 1551 987 1762 1059; x_wconf 90' lang='lat' dir='ltr'><strong>capitis</strong></span> <span class='ocrx_word' id='word_1_74' title='bbox 1793 988 1881 1043; x_wconf 74' lang='grc'><strong>42.</strong></span> 
     </span>
    </p>
   </div>
   <div class='ocr_carea' id='block_1_9' title="bbox 538 1091 2112 1166">
    <p class='ocr_par' dir='ltr' id='par_1_9' title="bbox 538 1091 2112 1166">
     <span class='ocr_line' id='line_1_9' title="bbox 538 1091 2112 1166; baseline 0.004 -22"><span class='ocrx_word' id='word_1_75' title='bbox 538 1091 625 1162; x_wconf 73' lang='grc' dir='ltr'><strong>[Ρ.</strong></span> <span class='ocrx_word' id='word_1_76' title='bbox 683 1092 808 1163; x_wconf 89' lang='grc'><strong>478]</strong></span> <span class='ocrx_word' id='word_1_77' title='bbox 858 1092 916 1148; x_wconf 82' lang='grc' dir='ltr'>Ρ.</span> <span class='ocrx_word' id='word_1_78' title='bbox 968 1092 1091 1148; x_wconf 85' lang='grc'>458.</span> <span class='ocrx_word' id='word_1_79' title='bbox 1124 1093 1203 1148; x_wconf 79' lang='lat' dir='ltr'><strong>Me</strong></span> <span class='ocrx_word' id='word_1_80' title='bbox 1255 1093 1577 1164; x_wconf 79' lang='lat' dir='ltr'><strong>neutiquam</strong></span> <span class='ocrx_word' id='word_1_81' title='bbox 1626 1111 1926 1166; x_wconf 87' lang='lat' dir='ltr'><strong>passurum</strong></span> <span class='ocrx_word' id='word_1_82' title='bbox 1980 1095 2112 1152; x_wconf 83' lang='lat' dir='ltr'><strong>addi</strong></span> 
     </span>
    </p>
   </div>
   <div class='ocr_carea' id='block_1_10' title="bbox 464 1179 2112 1254">
    <p class='ocr_par' dir='ltr' id='par_1_10' title="bbox 464 1179 2112 1254">
     <span class='ocr_line' id='line_1_10' title="bbox 464 1179 2112 1254; baseline 0.004 -20"><span class='ocrx_word' id='word_1_83' title='bbox 464 1179 874 1250; x_wconf 80' lang='lat' dir='ltr'><strong>Symbolo,etc.</strong></span> <span class='ocrx_word' id='word_1_84' title='bbox 902 1181 1217 1252; x_wconf 85' lang='lat' dir='ltr'><strong>Nunquam</strong></span> <span class='ocrx_word' id='word_1_85' title='bbox 1247 1188 1570 1254; x_wconf 81' lang='lat' dir='ltr'><strong>exegerunt</strong></span> <span class='ocrx_word' id='word_1_86' title='bbox 1601 1183 1785 1238; x_wconf 82' lang='lat' dir='ltr'><strong>Latini</strong></span> <span class='ocrx_word' id='word_1_87' title='bbox 1821 1203 1854 1238; x_wconf 85' lang='lat' dir='ltr'><strong>a</strong></span> <span class='ocrx_word' id='word_1_88' title='bbox 1896 1186 2112 1241; x_wconf 69' lang='lat' dir='ltr'><strong>Graecis</strong></span> 
     </span>
    </p>
   </div>
   <div class='ocr_carea' id='block_1_11' title="bbox 473 1269 2113 1344">
    <p class='ocr_par' dir='ltr' id='par_1_11' title="bbox 473 1269 2113 1344">
     <span class='ocr_line' id='line_1_11' title="bbox 473 1269 2113 1344; baseline 0.004 -20"><span class='ocrx_word' id='word_1_89' title='bbox 473 1274 536 1324; x_wconf 88' lang='lat' dir='ltr'><strong>ut</strong></span> <span class='ocrx_word' id='word_1_90' title='bbox 566 1269 916 1340; x_wconf 76' lang='lat' dir='ltr'><strong>particulam</strong></span> <span class='ocrx_word' id='word_1_91' title='bbox 950 1276 1008 1324; x_wconf 92' lang='lat' dir='ltr'><strong>et</strong></span> <span class='ocrx_word' id='word_1_92' title='bbox 1038 1271 1151 1342; x_wconf 90' lang='lat' dir='ltr'><strong>ipsi</strong></span> <span class='ocrx_word' id='word_1_93' title='bbox 1182 1272 1437 1342; x_wconf 79' lang='lat' dir='ltr'><strong>Filioque</strong></span> <span class='ocrx_word' id='word_1_94' title='bbox 1466 1271 1985 1344; x_wconf 76' lang='lat' dir='ltr'><strong>SymboloNicaeno</strong></span> <span class='ocrx_word' id='word_1_95' title='bbox 2016 1277 2113 1330; x_wconf 89' lang='lat' dir='ltr'><strong>ad-</strong></span> 
     </span>
    </p>
   </div>
   <div class='ocr_carea' id='block_1_12' title="bbox 471 1357 2111 1436">
    <p class='ocr_par' dir='ltr' id='par_1_12' title="bbox 471 1357 2111 1436">
     <span class='ocr_line' id='line_1_12' title="bbox 471 1357 2111 1436; baseline 0.004 -25"><span class='ocrx_word' id='word_1_96' title='bbox 471 1357 693 1425; x_wconf 91' lang='lat' dir='ltr'><strong>derent,</strong></span> <span class='ocrx_word' id='word_1_97' title='bbox 728 1359 902 1413; x_wconf 86' lang='lat' dir='ltr'><strong>modo</strong></span> <span class='ocrx_word' id='word_1_98' title='bbox 929 1359 1100 1414; x_wconf 82' lang='lat' dir='ltr'><strong>ﬁdem</strong></span> <span class='ocrx_word' id='word_1_99' title='bbox 1135 1360 1324 1431; x_wconf 89' lang='lat' dir='ltr'><strong>ipsam</strong></span> <span class='ocrx_word' id='word_1_100' title='bbox 1354 1361 1748 1432; x_wconf 88' lang='lat' dir='ltr'><strong>processionis</strong></span> <span class='ocrx_word' id='word_1_101' title='bbox 1774 1363 1962 1418; x_wconf 81' lang='lat' dir='ltr'><strong>sancti</strong></span> <span class='ocrx_word' id='word_1_102' title='bbox 1984 1363 2111 1436; x_wconf 72' lang='lat' dir='ltr'><strong>Epi-</strong></span> 
     </span>
    </p>
   </div>
   <div class='ocr_carea' id='block_1_13' title="bbox 471 1445 2113 1517">
    <p class='ocr_par' dir='ltr' id='par_1_13' title="bbox 471 1445 2113 1517">
     <span class='ocr_line' id='line_1_13' title="bbox 471 1445 2113 1517; baseline 0.006 -19"><span class='ocrx_word' id='word_1_103' title='bbox 471 1445 622 1500; x_wconf 76' lang='lat' dir='ltr'><strong>r‘itus</strong></span> <span class='ocrx_word' id='word_1_104' title='bbox 649 1461 718 1501; x_wconf 84' lang='lat' dir='ltr'><strong>ex</strong></span> <span class='ocrx_word' id='word_1_105' title='bbox 749 1451 911 1517; x_wconf 84' lang='lat' dir='ltr'><strong>patre</strong></span> <span class='ocrx_word' id='word_1_106' title='bbox 941 1453 999 1504; x_wconf 89' lang='lat' dir='ltr'><strong>et</strong></span> <span class='ocrx_word' id='word_1_107' title='bbox 1023 1447 1166 1503; x_wconf 89' lang='lat' dir='ltr'><strong>Filio</strong></span> <span class='ocrx_word' id='word_1_108' title='bbox 1197 1452 1484 1514; x_wconf 87' lang='lat' dir='ltr'><strong>tenerent,</strong></span> <span class='ocrx_word' id='word_1_109' title='bbox 1512 1454 1566 1503; x_wconf 94' lang='lat' dir='ltr'><strong>et</strong></span> <span class='ocrx_word' id='word_1_110' title='bbox 1589 1449 2113 1508; x_wconf 84' lang='lat' dir='ltr'><strong>RomanamEccle-</strong></span> 
     </span>
    </p>
   </div>
   <div class='ocr_carea' id='block_1_14' title="bbox 473 1533 2117 1608">
    <p class='ocr_par' dir='ltr' id='par_1_14' title="bbox 473 1533 2117 1608">
     <span class='ocr_line' id='line_1_14' title="bbox 473 1533 2117 1608; baseline 0.005 -20"><span class='ocrx_word' id='word_1_111' title='bbox 473 1533 619 1588; x_wconf 86' lang='lat' dir='ltr'><strong>siam</strong></span> <span class='ocrx_word' id='word_1_112' title='bbox 649 1533 973 1590; x_wconf 79' lang='lat' dir='ltr'><strong>faterentur</strong></span> <span class='ocrx_word' id='word_1_113' title='bbox 1002 1553 1116 1592; x_wconf 92' lang='lat' dir='ltr'><strong>non</strong></span> <span class='ocrx_word' id='word_1_114' title='bbox 1150 1553 1420 1608; x_wconf 88' lang='lat' dir='ltr'><strong>peccasse</strong></span> <span class='ocrx_word' id='word_1_115' title='bbox 1451 1554 1586 1594; x_wconf 91' lang='lat' dir='ltr'><strong>cum</strong></span> <span class='ocrx_word' id='word_1_116' title='bbox 1609 1539 1678 1594; x_wconf 86' lang='lat' dir='ltr'><strong>ad</strong></span> <span class='ocrx_word' id='word_1_117' title='bbox 1701 1539 2117 1597; x_wconf 86' lang='lat' dir='ltr'><strong>declarandum</strong></span> 
     </span>
    </p>
   </div>
   <div class='ocr_carea' id='block_1_15' title="bbox 475 1623 2118 1700">
    <p class='ocr_par' dir='ltr' id='par_1_15' title="bbox 475 1623 2118 1700">
     <span class='ocr_line' id='line_1_15' title="bbox 475 1623 2118 1700; baseline 0.005 -25"><span class='ocrx_word' id='word_1_118' title='bbox 475 1623 810 1692; x_wconf 84' lang='lat' dir='ltr'><strong>expressius</strong></span> <span class='ocrx_word' id='word_1_119' title='bbox 841 1625 1053 1694; x_wconf 90' lang='lat' dir='ltr'><strong>dogma</strong></span> <span class='ocrx_word' id='word_1_120' title='bbox 1073 1624 1315 1679; x_wconf 85' lang='lat' dir='ltr'><strong>verbum</strong></span> <span class='ocrx_word' id='word_1_121' title='bbox 1349 1624 1496 1679; x_wconf 91' lang='lat' dir='ltr'><strong>illud</strong></span> <span class='ocrx_word' id='word_1_122' title='bbox 1544 1625 1796 1696; x_wconf 81' lang='lat' dir='ltr'><strong>Filioque</strong></span> <span class='ocrx_word' id='word_1_123' title='bbox 1843 1627 2118 1700; x_wconf 81' lang='lat' dir='ltr'><strong>Symbolo</strong></span> 
     </span>
    </p>
   </div>
   <div class='ocr_carea' id='block_1_16' title="bbox 477 1707 2121 1784">
    <p class='ocr_par' dir='ltr' id='par_1_16' title="bbox 477 1707 2121 1784">
     <span class='ocr_line' id='line_1_16' title="bbox 477 1707 2121 1784; baseline 0.005 -20"><span class='ocrx_word' id='word_1_124' title='bbox 477 1707 724 1765; x_wconf 84' lang='lat' dir='ltr'><strong>addidit.</strong></span> <span class='ocrx_word' id='word_1_125' title='bbox 785 1710 913 1766; x_wconf 65' lang='lat' dir='ltr'><strong>Haec</strong></span> <span class='ocrx_word' id='word_1_126' title='bbox 961 1711 1077 1766; x_wconf 93' lang='lat' dir='ltr'><strong>duo</strong></span> <span class='ocrx_word' id='word_1_127' title='bbox 1130 1711 1178 1766; x_wconf 90' lang='lat' dir='ltr'><strong>si</strong></span> <span class='ocrx_word' id='word_1_128' title='bbox 1231 1717 1528 1783; x_wconf 69' lang='lat' dir='ltr'><strong>praestent,</strong></span> <span class='ocrx_word' id='word_1_129' title='bbox 1576 1715 1674 1784; x_wconf 90' lang='lat' dir='ltr'><strong>qui</strong></span> <span class='ocrx_word' id='word_1_130' title='bbox 1727 1731 1757 1770; x_wconf 92' lang='lat' dir='ltr'><strong>e</strong></span> <span class='ocrx_word' id='word_1_131' title='bbox 1806 1715 2121 1774; x_wconf 87' lang='lat' dir='ltr'><strong>schismate</strong></span> 
     </span>
    </p>
   </div>
   <div class='ocr_carea' id='block_1_17' title="bbox 2210 628 3744 719">
    <p class='ocr_par' dir='ltr' id='par_1_17' title="bbox 2210 628 3744 719">
     <span class='ocr_line' id='line_1_17' title="bbox 2210 628 3744 719; baseline 0.011 -36"><span class='ocrx_word' id='word_1_132' title='bbox 2210 628 2394 700; x_wconf 89' lang='grc' dir='ltr'>σύνης,</span> <span class='ocrx_word' id='word_1_133' title='bbox 2429 634 2606 705; x_wconf 83' lang='lat' dir='ltr'><strong>idque</strong></span> <span class='ocrx_word' id='word_1_134' title='bbox 2628 634 2704 699; x_wconf 68' lang='lat' dir='ltr'><strong>si;</strong></span> <span class='ocrx_word' id='word_1_135' title='bbox 2730 636 2793 691; x_wconf 85' lang='grc' dir='ltr'><strong>τὸ</strong></span> <span class='ocrx_word' id='word_1_136' title='bbox 2820 645 2921 707; x_wconf 82' lang='grc' dir='ltr'><strong>τῆς</strong></span> <span class='ocrx_word' id='word_1_137' title='bbox 2963 642 3336 715; x_wconf 70' lang='grc' dir='ltr'><strong>παραιτήσεως</strong></span> <span class='ocrx_word' id='word_1_138' title='bbox 3364 628 3586 719; x_wconf 73' lang='grc' dir='ltr'>εὔλογον,</span> <span class='ocrx_word' id='word_1_139' title='bbox 3607 658 3654 706; x_wconf 84' lang='lat' dir='ltr'><strong>ut</strong></span> <span class='ocrx_word' id='word_1_140' title='bbox 3675 628 3744 710; x_wconf 47' lang='lat' dir='ltr'><strong>Ivi.</strong></span> 
     </span>
    </p>
   </div>
   <div class='ocr_carea' id='block_1_18' title="bbox 2209 721 3746 804">
    <p class='ocr_par' dir='ltr' id='par_1_18' title="bbox 2209 721 3746 804">
     <span class='ocr_line' id='line_1_18' title="bbox 2209 721 3746 804; baseline 0.016 -29"><span class='ocrx_word' id='word_1_141' title='bbox 2209 721 2433 777; x_wconf 84' lang='lat' dir='ltr'><strong>deretur</strong></span> <span class='ocrx_word' id='word_1_142' title='bbox 2486 723 2682 781; x_wconf 84' lang='lat' dir='ltr'><strong>idonea</strong></span> <span class='ocrx_word' id='word_1_143' title='bbox 2729 727 2992 784; x_wconf 74' lang='lat' dir='ltr'><strong>cessionis</strong></span> <span class='ocrx_word' id='word_1_144' title='bbox 3041 746 3234 800; x_wconf 89' lang='lat' dir='ltr'><strong>causa,</strong></span> <span class='ocrx_word' id='word_1_145' title='bbox 3293 745 3445 804; x_wconf 83' lang='lat' dir='ltr'><strong>prout</strong></span> <span class='ocrx_word' id='word_1_146' title='bbox 3497 748 3746 801; x_wconf 69' lang='lat' dir='ltr'><strong>narraturi</strong></span> 
     </span>
    </p>
   </div>
   <div class='ocr_carea' id='block_1_19' title="bbox 2214 815 3871 902">
    <p class='ocr_par' dir='ltr' id='par_1_19' title="bbox 2214 815 3871 902">
     <span class='ocr_line' id='line_1_19' title="bbox 2214 815 3871 902; baseline 0.009 -38"><span class='ocrx_word' id='word_1_147' title='bbox 2214 816 2435 879; x_wconf 89' lang='lat' dir='ltr'><strong>nostro,</strong></span> <span class='ocrx_word' id='word_1_148' title='bbox 2471 830 2524 884; x_wconf 89' lang='lat' dir='ltr'><strong>p.</strong></span> <span class='ocrx_word' id='word_1_149' title='bbox 2559 815 2685 869; x_wconf 74' lang='grc'>415.</span> <span class='ocrx_word' id='word_1_150' title='bbox 3870 847 3871 902; x_wconf 47' lang='lat'>1</span> 
     </span>
    </p>
   </div>
   <div class='ocr_carea' id='block_1_20' title="bbox 2285 899 3871 978">
    <p class='ocr_par' dir='ltr' id='par_1_20' title="bbox 2285 899 3871 978">
     <span class='ocr_line' id='line_1_20' title="bbox 2285 899 3871 978; baseline 0.018 -26"><span class='ocrx_word' id='word_1_151' title='bbox 2285 899 2347 953; x_wconf 92' lang='lat' dir='ltr'><strong>P.</strong></span> <span class='ocrx_word' id='word_1_152' title='bbox 2382 901 2506 956; x_wconf 84' lang='grc'>461.</span> <span class='ocrx_word' id='word_1_153' title='bbox 2544 905 2597 957; x_wconf 87' lang='lat' dir='ltr'><strong>Is</strong></span> <span class='ocrx_word' id='word_1_154' title='bbox 2651 909 2776 960; x_wconf 85' lang='lat' dir='ltr'><strong>erat</strong></span> <span class='ocrx_word' id='word_1_155' title='bbox 2827 910 2958 962; x_wconf 85' lang='lat' dir='ltr'><strong>tunc</strong></span> <span class='ocrx_word' id='word_1_156' title='bbox 2993 907 3259 966; x_wconf 76' lang='lat' dir='ltr'><strong>Urbanus.</strong></span> <span class='ocrx_word' id='word_1_157' title='bbox 3315 911 3747 978; x_wconf 83' lang='lat' dir='ltr'><strong>Demonstrabimus</strong></span> 
     </span>
    </p>
   </div>
   <div class='ocr_carea' id='block_1_21' title="bbox 2216 987 3747 1076">
    <p class='ocr_par' dir='ltr' id='par_1_21' title="bbox 2216 987 3747 1076">
     <span class='ocr_line' id='line_1_21' title="bbox 2216 987 3747 1076; baseline 0.014 -34"><span class='ocrx_word' id='word_1_158' title='bbox 2216 987 2487 1057; x_wconf 84' lang='lat' dir='ltr'><strong>inferius,</strong></span> <span class='ocrx_word' id='word_1_159' title='bbox 2520 989 2558 1046; x_wconf 94' lang='lat' dir='ltr'><strong>l.</strong></span> <span class='ocrx_word' id='word_1_160' title='bbox 2595 1007 2680 1062; x_wconf 89' lang='grc' dir='ltr'><strong>ιιι,</strong></span> <span class='ocrx_word' id='word_1_161' title='bbox 2703 1009 2754 1050; x_wconf 90' lang='lat' dir='ltr'><strong>c.</strong></span> <span class='ocrx_word' id='word_1_162' title='bbox 2788 995 2854 1049; x_wconf 89' lang='grc'><strong>10</strong></span> <span class='ocrx_word' id='word_1_163' title='bbox 2885 994 2943 1049; x_wconf 90' lang='lat' dir='ltr'><strong>in</strong></span> <span class='ocrx_word' id='word_1_164' title='bbox 2968 995 3278 1068; x_wconf 90' lang='lat' dir='ltr'><strong>Ghronico,</strong></span> <span class='ocrx_word' id='word_1_165' title='bbox 3315 1001 3382 1054; x_wconf 90' lang='lat' dir='ltr'><strong>ad</strong></span> <span class='ocrx_word' id='word_1_166' title='bbox 3428 1018 3611 1061; x_wconf 90' lang='lat' dir='ltr'><strong>annum</strong></span> <span class='ocrx_word' id='word_1_167' title='bbox 3642 1009 3747 1076; x_wconf 80' lang='grc'>1279,</span> 
     </span>
    </p>
   </div>
   <div class='ocr_carea' id='block_1_22' title="bbox 2217 1077 3748 1159">
    <p class='ocr_par' dir='ltr' id='par_1_22' title="bbox 2217 1077 3748 1159">
     <span class='ocr_line' id='line_1_22' title="bbox 2217 1077 3748 1159; baseline 0.014 -29"><span class='ocrx_word' id='word_1_168' title='bbox 2217 1092 2332 1131; x_wconf 90' lang='lat' dir='ltr'><strong>non</strong></span> <span class='ocrx_word' id='word_1_169' title='bbox 2382 1077 2676 1136; x_wconf 87' lang='lat' dir='ltr'><strong>Urbanum</strong></span> <span class='ocrx_word' id='word_1_170' title='bbox 2736 1085 2877 1138; x_wconf 91' lang='lat' dir='ltr'><strong>tunc</strong></span> <span class='ocrx_word' id='word_1_171' title='bbox 2949 1084 3132 1141; x_wconf 90' lang='lat' dir='ltr'><strong>fuisse</strong></span> <span class='ocrx_word' id='word_1_172' title='bbox 3206 1104 3426 1159; x_wconf 89' lang='lat' dir='ltr'><strong>papam,</strong></span> <span class='ocrx_word' id='word_1_173' title='bbox 3496 1094 3579 1147; x_wconf 86' lang='lat' dir='ltr'><strong>sed</strong></span> <span class='ocrx_word' id='word_1_174' title='bbox 3637 1095 3748 1154; x_wconf 85' lang='lat' dir='ltr'><strong>Nico-</strong></span> 
     </span>
    </p>
   </div>
   <div class='ocr_carea' id='block_1_23' title="bbox 2218 1163 3748 1252">
    <p class='ocr_par' dir='ltr' id='par_1_23' title="bbox 2218 1163 3748 1252">
     <span class='ocr_line' id='line_1_23' title="bbox 2218 1163 3748 1252; baseline 0.015 -33"><span class='ocrx_word' id='word_1_175' title='bbox 2218 1163 2378 1220; x_wconf 90' lang='lat' dir='ltr'><strong>laum</strong></span> <span class='ocrx_word' id='word_1_176' title='bbox 2439 1165 2541 1233; x_wconf 84' lang='lat' dir='ltr'><strong>Ill,</strong></span> <span class='ocrx_word' id='word_1_177' title='bbox 2594 1173 2659 1224; x_wconf 89' lang='lat' dir='ltr'><strong>ut</strong></span> <span class='ocrx_word' id='word_1_178' title='bbox 2718 1171 3014 1228; x_wconf 71' lang='lat' dir='ltr'><strong>memorias</strong></span> <span class='ocrx_word' id='word_1_179' title='bbox 3071 1178 3172 1229; x_wconf 84' lang='lat' dir='ltr'><strong>aut</strong></span> <span class='ocrx_word' id='word_1_180' title='bbox 3226 1176 3423 1232; x_wconf 80' lang='lat' dir='ltr'><strong>calami</strong></span> <span class='ocrx_word' id='word_1_181' title='bbox 3484 1179 3647 1252; x_wconf 83' lang='lat' dir='ltr'><strong>lapsus</strong></span> <span class='ocrx_word' id='word_1_182' title='bbox 3686 1185 3748 1242; x_wconf 86' lang='lat' dir='ltr'><strong>hic</strong></span> 
     </span>
    </p>
   </div>
   <div class='ocr_carea' id='block_1_24' title="bbox 2219 1257 3752 1345">
    <p class='ocr_par' dir='ltr' id='par_1_24' title="bbox 2219 1257 3752 1345">
     <span class='ocr_line' id='line_1_24' title="bbox 2219 1257 3752 1345; baseline 0.014 -37"><span class='ocrx_word' id='word_1_183' title='bbox 2219 1257 2632 1325; x_wconf 86' lang='lat' dir='ltr'><strong>agnoscendus</strong></span> <span class='ocrx_word' id='word_1_184' title='bbox 2663 1259 2759 1327; x_wconf 89' lang='lat' dir='ltr'><strong>sit,</strong></span> <span class='ocrx_word' id='word_1_185' title='bbox 2791 1276 2988 1317; x_wconf 90' lang='lat' dir='ltr'><strong>errore</strong></span> <span class='ocrx_word' id='word_1_186' title='bbox 3019 1269 3213 1319; x_wconf 88' lang='lat' dir='ltr'><strong>tamen</strong></span> <span class='ocrx_word' id='word_1_187' title='bbox 3244 1263 3300 1320; x_wconf 90' lang='lat' dir='ltr'><strong>in</strong></span> <span class='ocrx_word' id='word_1_188' title='bbox 3331 1269 3513 1324; x_wconf 85' lang='lat' dir='ltr'><strong>omnia</strong></span> <span class='ocrx_word' id='word_1_189' title='bbox 3541 1274 3752 1345; x_wconf 78' lang='lat' dir='ltr'><strong>exempla-</strong></span> 
     </span>
    </p>
   </div>
   <div class='ocr_carea' id='block_1_25' title="bbox 2219 1343 2568 1400">
    <p class='ocr_par' dir='ltr' id='par_1_25' title="bbox 2219 1343 2568 1400">
     <span class='ocr_line' id='line_1_25' title="bbox 2219 1343 2568 1400; baseline 0.011 -4"><span class='ocrx_word' id='word_1_190' title='bbox 2219 1343 2308 1397; x_wconf 88' lang='lat' dir='ltr'><strong>ria</strong></span> <span class='ocrx_word' id='word_1_191' title='bbox 2336 1343 2568 1400; x_wconf 81' lang='lat' dir='ltr'><strong>diffuso.</strong></span> 
     </span>
    </p>
   </div>
   <div class='ocr_carea' id='block_1_26' title="bbox 2296 1431 3756 1516">
    <p class='ocr_par' dir='ltr' id='par_1_26' title="bbox 2296 1431 3756 1516">
     <span class='ocr_line' id='line_1_26' title="bbox 2296 1431 3756 1516; baseline 0.014 -30"><span class='ocrx_word' id='word_1_192' title='bbox 2296 1431 2351 1488; x_wconf 87' lang='grc' dir='ltr'><strong>Ρ.</strong></span> <span class='ocrx_word' id='word_1_193' title='bbox 2407 1433 2532 1489; x_wconf 83' lang='grc'>467.</span> <span class='ocrx_word' id='word_1_194' title='bbox 2564 1435 2757 1508; x_wconf 77' lang='grc' dir='ltr'>Δῶρδα</span> <span class='ocrx_word' id='word_1_195' title='bbox 2819 1435 2916 1509; x_wconf 76' lang='grc' dir='ltr'>μέτ</span> <span class='ocrx_word' id='word_1_196' title='bbox 2962 1435 3140 1496; x_wconf 79' lang='grc' dir='ltr'>δέκνο.</span> <span class='ocrx_word' id='word_1_197' title='bbox 3188 1446 3427 1516; x_wconf 81' lang='lat' dir='ltr'><strong>Sumpta</strong></span> <span class='ocrx_word' id='word_1_198' title='bbox 3470 1445 3570 1502; x_wconf 69' lang='lat' dir='ltr'><strong>haec</strong></span> <span class='ocrx_word' id='word_1_199' title='bbox 3611 1455 3678 1505; x_wconf 83' lang='lat' dir='ltr'><strong>est</strong></span> <span class='ocrx_word' id='word_1_200' title='bbox 3711 1467 3756 1506; x_wconf 77' lang='lat' dir='ltr'><strong>ex</strong></span> 
     </span>
    </p>
   </div>
   <div class='ocr_carea' id='block_1_27' title="bbox 2224 1521 3753 1611">
    <p class='ocr_par' dir='ltr' id='par_1_27' title="bbox 2224 1521 3753 1611">
     <span class='ocr_line' id='line_1_27' title="bbox 2224 1521 3753 1611; baseline 0.011 -38"><span class='ocrx_word' id='word_1_201' title='bbox 2224 1521 2472 1611; x_wconf 76' lang='lat' dir='ltr'><strong>Homero</strong></span> <span class='ocrx_word' id='word_1_202' title='bbox 2534 1523 2698 1611; x_wconf 61' lang='lat' dir='ltr'><strong>iliad.</strong></span> <span class='ocrx_word' id='word_1_203' title='bbox 2756 1524 2822 1599; x_wconf 88' lang='grc' dir='ltr'><strong>β’,</strong></span> <span class='ocrx_word' id='word_1_204' title='bbox 2881 1545 2933 1611; x_wconf 84' lang='lat' dir='ltr'><strong>v.</strong></span> <span class='ocrx_word' id='word_1_205' title='bbox 2995 1529 3130 1586; x_wconf 65' lang='grc'><strong>4202</strong></span> <span class='ocrx_word' id='word_1_206' title='bbox 3164 1527 3314 1586; x_wconf 86' lang='grc' dir='ltr'>Ἀλλ’</span> <span class='ocrx_word' id='word_1_207' title='bbox 3341 1530 3427 1607; x_wconf 78' lang='grc' dir='ltr'><strong>ὅγε</strong></span> <span class='ocrx_word' id='word_1_208' title='bbox 3453 1529 3659 1606; x_wconf 76' lang='grc' dir='ltr'>δέχτομὶν</span> <span class='ocrx_word' id='word_1_209' title='bbox 3681 1537 3753 1611; x_wconf 72' lang='grc' dir='ltr'>ἱρὰ,</span> 
     </span>
    </p>
   </div>
   <div class='ocr_carea' id='block_1_28' title="bbox 2222 1605 3755 1692">
    <p class='ocr_par' dir='ltr' id='par_1_28' title="bbox 2222 1605 3755 1692">
     <span class='ocr_line' id='line_1_28' title="bbox 2222 1605 3755 1692; baseline 0.014 -32"><span class='ocrx_word' id='word_1_210' title='bbox 2222 1605 2417 1662; x_wconf 84' lang='grc' dir='ltr'><strong>πόντον</strong></span> <span class='ocrx_word' id='word_1_211' title='bbox 2450 1605 2498 1662; x_wconf 87' lang='grc' dir='ltr'><strong>δ’</strong></span> <span class='ocrx_word' id='word_1_212' title='bbox 2528 1609 2833 1686; x_wconf 73' lang='grc' dir='ltr'><strong>ἀμέγαρτον</strong></span> <span class='ocrx_word' id='word_1_213' title='bbox 2880 1609 3132 1692; x_wconf 74' lang='grc' dir='ltr'>ὄφελλεν.</span> <span class='ocrx_word' id='word_1_214' title='bbox 3185 1621 3346 1676; x_wconf 88' lang='lat' dir='ltr'><strong>Unde</strong></span> <span class='ocrx_word' id='word_1_215' title='bbox 3385 1605 3442 1678; x_wconf 83' lang='lat' dir='ltr'><strong>et</strong></span> <span class='ocrx_word' id='word_1_216' title='bbox 3490 1605 3755 1682; x_wconf 67' lang='lat' dir='ltr'><strong>correximus</strong></span> 
     </span>
    </p>
   </div>
   <div class='ocr_carea' id='block_1_29' title="bbox 2225 1697 3476 1784">
    <p class='ocr_par' dir='ltr' id='par_1_29' title="bbox 2225 1697 3476 1784">
     <span class='ocr_line' id='line_1_29' title="bbox 2225 1697 3476 1784; baseline 0.011 -34"><span class='ocrx_word' id='word_1_217' title='bbox 2225 1697 2378 1766; x_wconf 91' lang='lat' dir='ltr'><strong>quod</strong></span> <span class='ocrx_word' id='word_1_218' title='bbox 2411 1697 2469 1752; x_wconf 91' lang='lat' dir='ltr'><strong>in</strong></span> <span class='ocrx_word' id='word_1_219' title='bbox 2505 1715 2617 1753; x_wconf 88' lang='lat' dir='ltr'><strong>ms.</strong></span> <span class='ocrx_word' id='word_1_220' title='bbox 2647 1701 2852 1757; x_wconf 88' lang='lat' dir='ltr'><strong>vitiose</strong></span> <span class='ocrx_word' id='word_1_221' title='bbox 2882 1702 3188 1775; x_wconf 80' lang='lat' dir='ltr'><strong>legebatur</strong></span> <span class='ocrx_word' id='word_1_222' title='bbox 3225 1705 3476 1784; x_wconf 76' lang='grc' dir='ltr'>ὤφελλεν.</span> 
     </span>
    </p>
   </div>
   <div class='ocr_carea' id='block_1_30' title="bbox 476 1785 2117 1887">
    <p class='ocr_par' dir='ltr' id='par_1_30' title="bbox 476 1796 2117 1876">
     <span class='ocr_line' id='line_1_30' title="bbox 476 1796 2117 1876; baseline 0.006 -23"><span class='ocrx_word' id='word_1_223' title='bbox 476 1796 807 1853; x_wconf 85' lang='lat' dir='ltr'><strong>Graecorum</strong></span> <span class='ocrx_word' id='word_1_224' title='bbox 835 1800 1099 1867; x_wconf 90' lang='lat' dir='ltr'><strong>redeunt,</strong></span> <span class='ocrx_word' id='word_1_225' title='bbox 1133 1800 1459 1856; x_wconf 89' lang='lat' dir='ltr'><strong>nihilaliud</strong></span> <span class='ocrx_word' id='word_1_226' title='bbox 1494 1803 1566 1857; x_wconf 91' lang='lat' dir='ltr'><strong>ab</strong></span> <span class='ocrx_word' id='word_1_227' title='bbox 1593 1803 1666 1858; x_wconf 90' lang='lat' dir='ltr'><strong>iis</strong></span> <span class='ocrx_word' id='word_1_228' title='bbox 1698 1805 2117 1876; x_wconf 89' lang='lat' dir='ltr'><strong>requirendum</strong></span> 
     </span>
    </p>
   </div>
   <div class='ocr_carea' id='block_1_31' title="bbox 2223 1785 3757 1887">
    <p class='ocr_par' dir='ltr' id='par_1_31' title="bbox 2269 1785 3757 1882">
     <span class='ocr_line' id='line_1_31' title="bbox 2269 1785 3757 1882; baseline 0.013 -44"><span class='ocrx_word' id='word_1_229' title='bbox 2269 1785 2382 1882; x_wconf 43' lang='lat' dir='ltr'><strong>&#39;[P.</strong></span> <span class='ocrx_word' id='word_1_230' title='bbox 2415 1786 2541 1859; x_wconf 87' lang='grc'>479]</span> <span class='ocrx_word' id='word_1_231' title='bbox 2587 1793 2648 1843; x_wconf 88' lang='grc' dir='ltr'><strong>Ρ.</strong></span> <span class='ocrx_word' id='word_1_232' title='bbox 2700 1791 2821 1845; x_wconf 87' lang='grc'>469.</span> <span class='ocrx_word' id='word_1_233' title='bbox 2873 1791 3175 1850; x_wconf 87' lang='lat' dir='ltr'><strong>Oraculum</strong></span> <span class='ocrx_word' id='word_1_234' title='bbox 3227 1798 3535 1870; x_wconf 76' lang='lat' dir='ltr'><strong>insculptum</strong></span> <span class='ocrx_word' id='word_1_235' title='bbox 3586 1818 3757 1857; x_wconf 77' lang='lat' dir='ltr'><strong>marmo-</strong></span> 
     </span>
    </p>
   </div>
   <div class='ocr_carea' id='block_1_32' title="bbox 473 1876 2117 1962">
    <p class='ocr_par' dir='ltr' id='par_1_32' title="bbox 473 1882 2116 1962">
     <span class='ocr_line' id='line_1_32' title="bbox 473 1882 2116 1962; baseline 0.006 -20"><span class='ocrx_word' id='word_1_236' title='bbox 473 1882 666 1942; x_wconf 80' lang='lat' dir='ltr'><strong>sanxit</strong></span> <span class='ocrx_word' id='word_1_237' title='bbox 682 1888 1131 1945; x_wconf 89' lang='lat' dir='ltr'><strong>etiamClemens</strong></span> <span class='ocrx_word' id='word_1_238' title='bbox 1154 1890 1302 1956; x_wconf 85' lang='lat' dir='ltr'><strong>VII!,</strong></span> <span class='ocrx_word' id='word_1_239' title='bbox 1336 1892 1506 1962; x_wconf 87' lang='lat' dir='ltr'><strong>cujus</strong></span> <span class='ocrx_word' id='word_1_240' title='bbox 1539 1908 1606 1947; x_wconf 89' lang='lat' dir='ltr'><strong>ea</strong></span> <span class='ocrx_word' id='word_1_241' title='bbox 1635 1893 1705 1948; x_wconf 93' lang='lat' dir='ltr'><strong>de</strong></span> <span class='ocrx_word' id='word_1_242' title='bbox 1730 1910 1790 1948; x_wconf 90' lang='lat' dir='ltr'><strong>re</strong></span> <span class='ocrx_word' id='word_1_243' title='bbox 1817 1895 2116 1952; x_wconf 86' lang='lat' dir='ltr'><strong>decretum</strong></span> 
     </span>
    </p>
   </div>
   <div class='ocr_carea' id='block_1_33' title="bbox 2223 1876 3758 1962">
    <p class='ocr_par' dir='ltr' id='par_1_33' title="bbox 2224 1876 3758 1956">
     <span class='ocr_line' id='line_1_33' title="bbox 2224 1876 3758 1956; baseline 0.009 -29"><span class='ocrx_word' id='word_1_244' title='bbox 2224 1876 2298 1942; x_wconf 86' lang='lat' dir='ltr'><strong>ri,</strong></span> <span class='ocrx_word' id='word_1_245' title='bbox 2356 1883 2464 1930; x_wconf 91' lang='lat' dir='ltr'><strong>etc.</strong></span> <span class='ocrx_word' id='word_1_246' title='bbox 2536 1876 2654 1933; x_wconf 88' lang='lat' dir='ltr'><strong>Hoc</strong></span> <span class='ocrx_word' id='word_1_247' title='bbox 2730 1880 3031 1937; x_wconf 88' lang='lat' dir='ltr'><strong>oraculum</strong></span> <span class='ocrx_word' id='word_1_248' title='bbox 3089 1884 3366 1956; x_wconf 79' lang='lat' dir='ltr'><strong>Gregoras</strong></span> <span class='ocrx_word' id='word_1_249' title='bbox 3407 1889 3641 1944; x_wconf 83' lang='lat' dir='ltr'><strong>describit</strong></span> <span class='ocrx_word' id='word_1_250' title='bbox 3675 1889 3758 1955; x_wconf 81' lang='lat' dir='ltr'><strong>l.v,</strong></span> 
     </span>
    </p>
   </div>
   <div class='ocr_carea' id='block_1_34' title="bbox 476 1976 2116 2056">
    <p class='ocr_par' dir='ltr' id='par_1_34' title="bbox 476 1976 2116 2056">
     <span class='ocr_line' id='line_1_34' title="bbox 476 1976 2116 2056; baseline 0.007 -26"><span class='ocrx_word' id='word_1_251' title='bbox 476 1976 717 2032; x_wconf 89' lang='lat' dir='ltr'><strong>memini</strong></span> <span class='ocrx_word' id='word_1_252' title='bbox 744 1992 835 2031; x_wconf 87' lang='lat' dir='ltr'><strong>me</strong></span> <span class='ocrx_word' id='word_1_253' title='bbox 865 1976 1054 2050; x_wconf 90' lang='lat' dir='ltr'><strong>legere</strong></span> <span class='ocrx_word' id='word_1_254' title='bbox 1086 1981 1241 2051; x_wconf 89' lang='lat' dir='ltr'><strong>apud</strong></span> <span class='ocrx_word' id='word_1_255' title='bbox 1275 1979 1654 2035; x_wconf 85' lang='lat' dir='ltr'><strong>Possevinum</strong></span> <span class='ocrx_word' id='word_1_256' title='bbox 1698 1981 1757 2036; x_wconf 92' lang='lat' dir='ltr'><strong>in</strong></span> <span class='ocrx_word' id='word_1_257' title='bbox 1796 1985 2116 2056; x_wconf 78' lang='lat' dir='ltr'><strong>Apparatu.</strong></span> 
     </span>
    </p>
   </div>
   <div class='ocr_carea' id='block_1_35' title="bbox 474 2055 2116 2141">
    <p class='ocr_par' dir='ltr' id='par_1_35' title="bbox 474 2055 2116 2141">
     <span class='ocr_line' id='line_1_35' title="bbox 474 2055 2116 2141; baseline 0.007 -22"><span class='ocrx_word' id='word_1_258' title='bbox 474 2055 620 2121; x_wconf 84' lang='lat' dir='ltr'><strong>Vide</strong></span> <span class='ocrx_word' id='word_1_259' title='bbox 642 2083 770 2138; x_wconf 65' lang='lat' dir='ltr'><strong>quae</strong></span> <span class='ocrx_word' id='word_1_260' title='bbox 800 2067 1073 2139; x_wconf 89' lang='lat' dir='ltr'><strong>superius</strong></span> <span class='ocrx_word' id='word_1_261' title='bbox 1105 2069 1516 2125; x_wconf 89' lang='lat' dir='ltr'><strong>adnotavimus</strong></span> <span class='ocrx_word' id='word_1_262' title='bbox 1538 2070 1609 2125; x_wconf 90' lang='lat' dir='ltr'><strong>ad</strong></span> <span class='ocrx_word' id='word_1_263' title='bbox 1634 2087 1682 2126; x_wconf 90' lang='lat' dir='ltr'><strong>c.</strong></span> <span class='ocrx_word' id='word_1_264' title='bbox 1707 2071 1854 2141; x_wconf 85' lang='grc'>11,1.</span> <span class='ocrx_word' id='word_1_265' title='bbox 1880 2091 1932 2127; x_wconf 94' lang='lat' dir='ltr'><strong>v.</strong></span> <span class='ocrx_word' id='word_1_266' title='bbox 1958 2074 2116 2131; x_wconf 88' lang='lat' dir='ltr'><strong>Nihil</strong></span> 
     </span>
    </p>
   </div>
   <div class='ocr_carea' id='block_1_36' title="bbox 475 2155 2121 2234">
    <p class='ocr_par' dir='ltr' id='par_1_36' title="bbox 475 2155 2121 2234">
     <span class='ocr_line' id='line_1_36' title="bbox 475 2155 2121 2234; baseline 0.005 -24"><span class='ocrx_word' id='word_1_267' title='bbox 475 2171 612 2226; x_wconf 91' lang='lat' dir='ltr'><strong>ergo</strong></span> <span class='ocrx_word' id='word_1_268' title='bbox 647 2155 858 2210; x_wconf 89' lang='lat' dir='ltr'><strong>mirum</strong></span> <span class='ocrx_word' id='word_1_269' title='bbox 895 2157 943 2210; x_wconf 89' lang='lat' dir='ltr'><strong>si</strong></span> <span class='ocrx_word' id='word_1_270' title='bbox 978 2157 1219 2213; x_wconf 83' lang='lat' dir='ltr'><strong>Michael</strong></span> <span class='ocrx_word' id='word_1_271' title='bbox 1245 2159 1563 2230; x_wconf 89' lang='lat' dir='ltr'><strong>imperator</strong></span> <span class='ocrx_word' id='word_1_272' title='bbox 1584 2176 1802 2230; x_wconf 78' lang='lat' dir='ltr'><strong>gnarus</strong></span> <span class='ocrx_word' id='word_1_273' title='bbox 1825 2163 1964 2234; x_wconf 93' lang='lat' dir='ltr'><strong>quid</strong></span> <span class='ocrx_word' id='word_1_274' title='bbox 1991 2181 2121 2220; x_wconf 89' lang='lat' dir='ltr'><strong>vere</strong></span> 
     </span>
    </p>
   </div>
   <div class='ocr_carea' id='block_1_37' title="bbox 476 2243 2116 2320">
    <p class='ocr_par' dir='ltr' id='par_1_37' title="bbox 476 2243 2116 2320">
     <span class='ocr_line' id='line_1_37' title="bbox 476 2243 2116 2320; baseline 0.005 -21"><span class='ocrx_word' id='word_1_275' title='bbox 476 2243 664 2299; x_wconf 87' lang='lat' dir='ltr'><strong>Latini</strong></span> <span class='ocrx_word' id='word_1_276' title='bbox 699 2249 981 2316; x_wconf 87' lang='lat' dir='ltr'><strong>peterent,</strong></span> <span class='ocrx_word' id='word_1_277' title='bbox 1014 2251 1070 2300; x_wconf 92' lang='lat' dir='ltr'><strong>et</strong></span> <span class='ocrx_word' id='word_1_278' title='bbox 1098 2247 1302 2302; x_wconf 92' lang='lat' dir='ltr'><strong>videns</strong></span> <span class='ocrx_word' id='word_1_279' title='bbox 1323 2248 1520 2320; x_wconf 85' lang='lat' dir='ltr'><strong>spargi</strong></span> <span class='ocrx_word' id='word_1_280' title='bbox 1549 2266 1584 2304; x_wconf 89' lang='lat' dir='ltr'><strong>a</strong></span> <span class='ocrx_word' id='word_1_281' title='bbox 1621 2249 2011 2307; x_wconf 89' lang='lat' dir='ltr'><strong>schismaticis</strong></span> <span class='ocrx_word' id='word_1_282' title='bbox 2060 2252 2116 2307; x_wconf 91' lang='lat' dir='ltr'><strong>in</strong></span> 
     </span>
    </p>
   </div>
   <div class='ocr_carea' id='block_1_38' title="bbox 476 2332 2121 2413">
    <p class='ocr_par' dir='ltr' id='par_1_38' title="bbox 476 2332 2121 2413">
     <span class='ocr_line' id='line_1_38' title="bbox 476 2332 2121 2413; baseline 0.006 -27"><span class='ocrx_word' id='word_1_283' title='bbox 476 2332 759 2404; x_wconf 91' lang='lat' dir='ltr'><strong>populum</strong></span> <span class='ocrx_word' id='word_1_284' title='bbox 791 2351 971 2388; x_wconf 88' lang='lat' dir='ltr'><strong>vanos</strong></span> <span class='ocrx_word' id='word_1_285' title='bbox 1004 2339 1218 2403; x_wconf 88' lang='lat' dir='ltr'><strong>metus,</strong></span> <span class='ocrx_word' id='word_1_286' title='bbox 1242 2337 1410 2406; x_wconf 89' lang='lat' dir='ltr'><strong>quasi</strong></span> <span class='ocrx_word' id='word_1_287' title='bbox 1431 2337 1715 2408; x_wconf 85' lang='lat' dir='ltr'><strong>jussurus</strong></span> <span class='ocrx_word' id='word_1_288' title='bbox 1741 2341 1937 2395; x_wconf 83' lang='lat' dir='ltr'><strong>statim</strong></span> <span class='ocrx_word' id='word_1_289' title='bbox 1973 2358 2121 2413; x_wconf 82' lang='lat' dir='ltr'><strong>papa</strong></span> 
     </span>
    </p>
   </div>
   <div class='ocr_carea' id='block_1_39' title="bbox 474 2421 2115 2501">
    <p class='ocr_par' dir='ltr' id='par_1_39' title="bbox 474 2421 2115 2501">
     <span class='ocr_line' id='line_1_39' title="bbox 474 2421 2115 2501; baseline 0.007 -27"><span class='ocrx_word' id='word_1_290' title='bbox 474 2421 624 2476; x_wconf 81' lang='lat' dir='ltr'><strong>foret</strong></span> <span class='ocrx_word' id='word_1_291' title='bbox 647 2426 709 2475; x_wconf 88' lang='lat' dir='ltr'><strong>ut</strong></span> <span class='ocrx_word' id='word_1_292' title='bbox 734 2422 794 2475; x_wconf 92' lang='lat' dir='ltr'><strong>in</strong></span> <span class='ocrx_word' id='word_1_293' title='bbox 825 2422 978 2478; x_wconf 75' lang='lat'><strong>682</strong></span> <span class='ocrx_word' id='word_1_294' title='bbox 1009 2423 1288 2479; x_wconf 92' lang='lat' dir='ltr'><strong>omnibus</strong></span> <span class='ocrx_word' id='word_1_295' title='bbox 1319 2425 1533 2481; x_wconf 61' lang='lat' dir='ltr'><strong>Graecis</strong></span> <span class='ocrx_word' id='word_1_296' title='bbox 1577 2427 1841 2484; x_wconf 89' lang='lat' dir='ltr'><strong>ecclesiis</strong></span> <span class='ocrx_word' id='word_1_297' title='bbox 1870 2431 2115 2501; x_wconf 85' lang='lat' dir='ltr'><strong>Symbo-</strong></span> 
     </span>
    </p>
   </div>
   <div class='ocr_carea' id='block_1_40' title="bbox 474 2507 2118 2581">
    <p class='ocr_par' dir='ltr' id='par_1_40' title="bbox 474 2507 2118 2581">
     <span class='ocr_line' id='line_1_40' title="bbox 474 2507 2118 2581; baseline 0.009 -20"><span class='ocrx_word' id='word_1_298' title='bbox 474 2507 599 2562; x_wconf 91' lang='lat' dir='ltr'><strong>lum</strong></span> <span class='ocrx_word' id='word_1_299' title='bbox 633 2508 908 2581; x_wconf 89' lang='lat' dir='ltr'><strong>deinceps</strong></span> <span class='ocrx_word' id='word_1_300' title='bbox 937 2527 1071 2565; x_wconf 93' lang='lat' dir='ltr'><strong>cum</strong></span> <span class='ocrx_word' id='word_1_301' title='bbox 1095 2512 1388 2568; x_wconf 88' lang='lat' dir='ltr'><strong>additione</strong></span> <span class='ocrx_word' id='word_1_302' title='bbox 1412 2531 1618 2570; x_wconf 91' lang='lat' dir='ltr'><strong>vocum</strong></span> <span class='ocrx_word' id='word_1_303' title='bbox 1639 2517 1923 2573; x_wconf 91' lang='lat' dir='ltr'><strong>vocabulo</strong></span> <span class='ocrx_word' id='word_1_304' title='bbox 1949 2519 2118 2575; x_wconf 81' lang='lat' dir='ltr'><strong>Filio-</strong></span> 
     </span>
    </p>
   </div>
   <div class='ocr_carea' id='block_1_41' title="bbox 474 2597 2116 2676">
    <p class='ocr_par' dir='ltr' id='par_1_41' title="bbox 474 2597 2116 2676">
     <span class='ocr_line' id='line_1_41' title="bbox 474 2597 2116 2676; baseline 0.009 -27"><span class='ocrx_word' id='word_1_305' title='bbox 474 2611 578 2668; x_wconf 85' lang='lat' dir='ltr'><strong>que</strong></span> <span class='ocrx_word' id='word_1_306' title='bbox 609 2597 1084 2667; x_wconf 66' lang='lat' dir='ltr'><strong>equivalentium</strong></span> <span class='ocrx_word' id='word_1_307' title='bbox 1117 2605 1470 2671; x_wconf 88' lang='lat' dir='ltr'><strong>cantaretur,</strong></span> <span class='ocrx_word' id='word_1_308' title='bbox 1520 2605 1834 2674; x_wconf 68' lang='lat' dir='ltr'><strong>pramunit</strong></span> <span class='ocrx_word' id='word_1_309' title='bbox 1865 2607 2116 2676; x_wconf 88' lang='lat' dir='ltr'><strong>animos,</strong></span> 
     </span>
    </p>
   </div>
   <div class='ocr_carea' id='block_1_42' title="bbox 474 2686 2120 2762">
    <p class='ocr_par' dir='ltr' id='par_1_42' title="bbox 474 2686 2120 2762">
     <span class='ocr_line' id='line_1_42' title="bbox 474 2686 2120 2762; baseline 0.009 -24"><span class='ocrx_word' id='word_1_310' title='bbox 474 2686 758 2756; x_wconf 83' lang='lat' dir='ltr'><strong>proﬂtens</strong></span> <span class='ocrx_word' id='word_1_311' title='bbox 788 2702 851 2741; x_wconf 89' lang='lat' dir='ltr'><strong>se</strong></span> <span class='ocrx_word' id='word_1_312' title='bbox 877 2688 1222 2754; x_wconf 86' lang='lat' dir='ltr'><strong>neutiquam</strong></span> <span class='ocrx_word' id='word_1_313' title='bbox 1267 2689 1323 2744; x_wconf 90' lang='lat' dir='ltr'><strong>id</strong></span> <span class='ocrx_word' id='word_1_314' title='bbox 1358 2707 1695 2762; x_wconf 88' lang='lat' dir='ltr'><strong>passurum.</strong></span> <span class='ocrx_word' id='word_1_315' title='bbox 1718 2693 2120 2754; x_wconf 87' lang='lat' dir='ltr'><strong>Consentanee</strong></span> 
     </span>
    </p>
   </div>
   <div class='ocr_carea' id='block_1_43' title="bbox 478 2774 2115 2848">
    <p class='ocr_par' dir='ltr' id='par_1_43' title="bbox 478 2774 2115 2848">
     <span class='ocr_line' id='line_1_43' title="bbox 478 2774 2115 2848; baseline 0.009 -21"><span class='ocrx_word' id='word_1_316' title='bbox 478 2774 568 2828; x_wconf 86' lang='lat' dir='ltr'><strong>his</strong></span> <span class='ocrx_word' id='word_1_317' title='bbox 599 2776 857 2832; x_wconf 73' lang='lat' dir='ltr'><strong>etGraeci</strong></span> <span class='ocrx_word' id='word_1_318' title='bbox 890 2774 1216 2848; x_wconf 88' lang='lat' dir='ltr'><strong>loquuntur</strong></span> <span class='ocrx_word' id='word_1_319' title='bbox 1244 2777 1303 2833; x_wconf 92' lang='lat' dir='ltr'><strong>in</strong></span> <span class='ocrx_word' id='word_1_320' title='bbox 1336 2779 1581 2835; x_wconf 83' lang='lat' dir='ltr'><strong>concilio</strong></span> <span class='ocrx_word' id='word_1_321' title='bbox 1605 2781 1937 2839; x_wconf 87' lang='lat' dir='ltr'><strong>Florentino</strong></span> <span class='ocrx_word' id='word_1_322' title='bbox 1969 2801 2115 2841; x_wconf 82' lang='lat' dir='ltr'><strong>sese.</strong></span> 
     </span>
    </p>
   </div>
   <div class='ocr_carea' id='block_1_44' title="bbox 474 2865 2116 2943">
    <p class='ocr_par' dir='ltr' id='par_1_44' title="bbox 474 2865 2116 2943">
     <span class='ocr_line' id='line_1_44' title="bbox 474 2865 2116 2943; baseline 0.007 -26"><span class='ocrx_word' id='word_1_323' title='bbox 474 2865 564 2943; x_wconf 82' lang='lat'><strong>25,</strong></span> <span class='ocrx_word' id='word_1_324' title='bbox 601 2881 656 2935; x_wconf 88' lang='lat' dir='ltr'><strong>p.</strong></span> <span class='ocrx_word' id='word_1_325' title='bbox 689 2865 790 2919; x_wconf 70' lang='lat'><strong>308</strong></span> <span class='ocrx_word' id='word_1_326' title='bbox 819 2865 908 2920; x_wconf 93' lang='lat' dir='ltr'><strong>ed.</strong></span> <span class='ocrx_word' id='word_1_327' title='bbox 945 2865 1100 2938; x_wconf 73' lang='lat' dir='ltr'><strong>Reg:</strong></span> <span class='ocrx_word' id='word_1_328' title='bbox 1134 2866 1203 2919; x_wconf 85' lang='grc' dir='ltr'><strong>Τὸ</strong></span> <span class='ocrx_word' id='word_1_329' title='bbox 1232 2873 1333 2935; x_wconf 84' lang='grc' dir='ltr'><strong>τῆς</strong></span> <span class='ocrx_word' id='word_1_330' title='bbox 1376 2869 1717 2942; x_wconf 77' lang='grc' dir='ltr'><strong>προσθήκης,</strong></span> <span class='ocrx_word' id='word_1_331' title='bbox 1739 2872 1904 2943; x_wconf 79' lang='grc' dir='ltr'>ἡμεῖς</span> <span class='ocrx_word' id='word_1_332' title='bbox 1937 2872 1998 2927; x_wconf 87' lang='grc' dir='ltr'><strong>ού</strong></span> <span class='ocrx_word' id='word_1_333' title='bbox 2031 2869 2116 2928; x_wconf 84' lang='grc' dir='ltr'>δε-</span> 
     </span>
    </p>
   </div>
   <div class='ocr_carea' id='block_1_45' title="bbox 476 2941 2116 3036">
    <p class='ocr_par' dir='ltr' id='par_1_45' title="bbox 476 2941 2116 3036">
     <span class='ocr_line' id='line_1_45' title="bbox 476 2941 2116 3036; baseline 0.009 -32"><span class='ocrx_word' id='word_1_334' title='bbox 476 2941 676 3024; x_wconf 79' lang='grc' dir='ltr'>ξόμεθα</span> <span class='ocrx_word' id='word_1_335' title='bbox 724 2952 946 3008; x_wconf 84' lang='grc' dir='ltr'>πώποτε</span> <span class='ocrx_word' id='word_1_336' title='bbox 990 2954 1217 3026; x_wconf 83' lang='grc' dir='ltr'>ταύτην,</span> <span class='ocrx_word' id='word_1_337' title='bbox 1255 2953 1382 3010; x_wconf 84' lang='grc' dir='ltr'>ἀλλ’</span> <span class='ocrx_word' id='word_1_338' title='bbox 1419 2941 1936 3033; x_wconf 19' lang='grc' dir='ltr'>έκχωροῦμεννῦμῖν</span> <span class='ocrx_word' id='word_1_339' title='bbox 1969 2957 2116 3036; x_wconf 83' lang='grc' dir='ltr'>ἔχειν</span> 
     </span>
    </p>
   </div>
   <div class='ocr_carea' id='block_1_46' title="bbox 473 3039 2117 3122">
    <p class='ocr_par' dir='ltr' id='par_1_46' title="bbox 473 3039 2117 3122">
     <span class='ocr_line' id='line_1_46' title="bbox 473 3039 2117 3122; baseline 0.007 -28"><span class='ocrx_word' id='word_1_340' title='bbox 473 3041 674 3111; x_wconf 85' lang='grc' dir='ltr'>ταύτην</span> <span class='ocrx_word' id='word_1_341' title='bbox 710 3039 762 3095; x_wconf 81' lang='grc' dir='ltr'>ἐν</span> <span class='ocrx_word' id='word_1_342' title='bbox 813 3047 928 3103; x_wconf 80' lang='grc' dir='ltr'>ταῖς</span> <span class='ocrx_word' id='word_1_343' title='bbox 971 3043 1123 3116; x_wconf 79' lang='grc' dir='ltr'>ὑμῶν</span> <span class='ocrx_word' id='word_1_344' title='bbox 1173 3043 1516 3116; x_wconf 77' lang='grc' dir='ltr'><strong>ἐκκλησίαις,</strong></span> <span class='ocrx_word' id='word_1_345' title='bbox 1551 3046 1614 3101; x_wconf 80' lang='grc' dir='ltr'>οὐ</span> <span class='ocrx_word' id='word_1_346' title='bbox 1649 3047 1755 3121; x_wconf 78' lang='grc' dir='ltr'>μὴν</span> <span class='ocrx_word' id='word_1_347' title='bbox 1787 3047 1839 3103; x_wconf 79' lang='grc' dir='ltr'>ἐν</span> <span class='ocrx_word' id='word_1_348' title='bbox 1871 3056 1991 3114; x_wconf 84' lang='grc' dir='ltr'>ταῖς</span> <span class='ocrx_word' id='word_1_349' title='bbox 2018 3059 2117 3122; x_wconf 85' lang='grc' dir='ltr'><strong>τῆς</strong></span> 
     </span>
    </p>
   </div>
   <div class='ocr_carea' id='block_1_47' title="bbox 475 3128 2115 3216">
    <p class='ocr_par' dir='ltr' id='par_1_47' title="bbox 475 3128 2115 3216">
     <span class='ocr_line' id='line_1_47' title="bbox 475 3128 2115 3216; baseline 0.007 -33"><span class='ocrx_word' id='word_1_350' title='bbox 475 3128 768 3194; x_wconf 78' lang='grc' dir='ltr'>ἀνατολῆς.</span> <span class='ocrx_word' id='word_1_351' title='bbox 821 3131 921 3186; x_wconf 82' lang='grc' dir='ltr'><strong>Καὶ</strong></span> <span class='ocrx_word' id='word_1_352' title='bbox 975 3129 1206 3207; x_wconf 85' lang='grc' dir='ltr'>λέγομεν</span> <span class='ocrx_word' id='word_1_353' title='bbox 1265 3131 1349 3189; x_wconf 75' lang='grc' dir='ltr'><strong>ὅτι</strong></span> <span class='ocrx_word' id='word_1_354' title='bbox 1405 3134 1642 3212; x_wconf 82' lang='grc' dir='ltr'>ἀνάγκης</span> <span class='ocrx_word' id='word_1_355' title='bbox 1691 3139 2115 3216; x_wconf 74' lang='grc' dir='ltr'><strong>κατεπειγούσης</strong></span> 
     </span>
    </p>
   </div>
   <div class='ocr_carea' id='block_1_48' title="bbox 475 3217 2118 3301">
    <p class='ocr_par' dir='ltr' id='par_1_48' title="bbox 475 3217 2118 3301">
     <span class='ocr_line' id='line_1_48' title="bbox 475 3217 2118 3301; baseline 0.008 -29"><span class='ocrx_word' id='word_1_356' title='bbox 475 3218 798 3291; x_wconf 82' lang='grc' dir='ltr'>ἀνεπτύξατε</span> <span class='ocrx_word' id='word_1_357' title='bbox 852 3220 916 3274; x_wconf 82' lang='grc' dir='ltr'>τὸ</span> <span class='ocrx_word' id='word_1_358' title='bbox 973 3217 1290 3293; x_wconf 61' lang='grc' dir='ltr'>Σύμϐολον</span> <span class='ocrx_word' id='word_1_359' title='bbox 1348 3223 1438 3278; x_wconf 84' lang='grc' dir='ltr'><strong>καὶ</strong></span> <span class='ocrx_word' id='word_1_360' title='bbox 1516 3225 1580 3280; x_wconf 83' lang='grc' dir='ltr'>οὐ</span> <span class='ocrx_word' id='word_1_361' title='bbox 1613 3223 1841 3301; x_wconf 83' lang='grc' dir='ltr'>λέγομεν</span> <span class='ocrx_word' id='word_1_362' title='bbox 1902 3230 2000 3298; x_wconf 78' lang='grc' dir='ltr'><strong>τήν</strong></span> <span class='ocrx_word' id='word_1_363' title='bbox 2059 3229 2118 3286; x_wconf 83' lang='grc' dir='ltr'>ἐκ</span> 
     </span>
    </p>
   </div>
   <div class='ocr_carea' id='block_1_49' title="bbox 475 3308 2123 3389">
    <p class='ocr_par' dir='ltr' id='par_1_49' title="bbox 475 3308 2123 3389">
     <span class='ocr_line' id='line_1_49' title="bbox 475 3308 2123 3389; baseline 0.008 -29"><span class='ocrx_word' id='word_1_364' title='bbox 475 3310 573 3360; x_wconf 80' lang='grc' dir='ltr'><strong>τοῦ</strong></span> <span class='ocrx_word' id='word_1_365' title='bbox 630 3308 760 3360; x_wconf 81' lang='grc' dir='ltr'>Υἱοῦ</span> <span class='ocrx_word' id='word_1_366' title='bbox 809 3309 993 3385; x_wconf 76' lang='grc' dir='ltr'>φωνὴν</span> <span class='ocrx_word' id='word_1_367' title='bbox 1039 3311 1075 3378; x_wconf 68' lang='grc' dir='ltr'>ἢ</span> <span class='ocrx_word' id='word_1_368' title='bbox 1137 3309 1319 3386; x_wconf 77' lang='grc' dir='ltr'>ἑτέραν</span> <span class='ocrx_word' id='word_1_369' title='bbox 1352 3312 1534 3367; x_wconf 79' lang='grc' dir='ltr'>πίστιν</span> <span class='ocrx_word' id='word_1_370' title='bbox 1564 3313 1600 3382; x_wconf 76' lang='grc' dir='ltr'><strong>ἢ</strong></span> <span class='ocrx_word' id='word_1_371' title='bbox 1633 3316 1953 3388; x_wconf 78' lang='grc' dir='ltr'>προσθήκην</span> <span class='ocrx_word' id='word_1_372' title='bbox 1981 3318 2123 3389; x_wconf 83' lang='grc' dir='ltr'>τινὰ,</span> 
     </span>
    </p>
   </div>
   <div class='ocr_carea' id='block_1_50' title="bbox 478 3390 2120 3478">
    <p class='ocr_par' dir='ltr' id='par_1_50' title="bbox 478 3390 2120 3478">
     <span class='ocr_line' id='line_1_50' title="bbox 478 3390 2120 3478; baseline 0.009 -30"><span class='ocrx_word' id='word_1_373' title='bbox 478 3391 607 3448; x_wconf 86' lang='grc' dir='ltr'>ἀλλ’</span> <span class='ocrx_word' id='word_1_374' title='bbox 635 3390 855 3465; x_wconf 75' lang='grc' dir='ltr'>εὐσεϐῆ,</span> <span class='ocrx_word' id='word_1_375' title='bbox 897 3396 986 3450; x_wconf 86' lang='grc' dir='ltr'><strong>καὶ</strong></span> <span class='ocrx_word' id='word_1_376' title='bbox 1035 3400 1328 3475; x_wconf 71' lang='grc' dir='ltr'>σαφήνειαν</span> <span class='ocrx_word' id='word_1_377' title='bbox 1365 3404 1463 3454; x_wconf 78' lang='grc' dir='ltr'><strong>τοῦ</strong></span> <span class='ocrx_word' id='word_1_378' title='bbox 1501 3402 1775 3478; x_wconf 70' lang='grc' dir='ltr'>ἡμετέρου</span> <span class='ocrx_word' id='word_1_379' title='bbox 1813 3400 2120 3478; x_wconf 78' lang='grc' dir='ltr'>συμϐόλου.</span> 
     </span>
    </p>
   </div>
   <div class='ocr_carea' id='block_1_51' title="bbox 477 3480 2121 3568">
    <p class='ocr_par' dir='ltr' id='par_1_51' title="bbox 477 3480 2121 3568">
     <span class='ocr_line' id='line_1_51' title="bbox 477 3480 2121 3568; baseline 0.007 -30"><span class='ocrx_word' id='word_1_380' title='bbox 477 3481 580 3538; x_wconf 78' lang='grc' dir='ltr'>Καὶ</span> <span class='ocrx_word' id='word_1_381' title='bbox 642 3481 745 3537; x_wconf 80' lang='grc' dir='ltr'>εἶσὶ</span> <span class='ocrx_word' id='word_1_382' title='bbox 796 3484 863 3538; x_wconf 73' lang='grc' dir='ltr'><strong>τὰ</strong></span> <span class='ocrx_word' id='word_1_383' title='bbox 912 3480 1180 3558; x_wconf 73' lang='grc' dir='ltr'>Σύμϐολα</span> <span class='ocrx_word' id='word_1_384' title='bbox 1231 3486 1513 3565; x_wconf 79' lang='grc' dir='ltr'>ἀμφότερα</span> <span class='ocrx_word' id='word_1_385' title='bbox 1571 3487 1789 3564; x_wconf 76' lang='grc' dir='ltr'>εὐσεϐῆ,</span> <span class='ocrx_word' id='word_1_386' title='bbox 1833 3493 1924 3547; x_wconf 81' lang='grc' dir='ltr'><strong>καὶ</strong></span> <span class='ocrx_word' id='word_1_387' title='bbox 1966 3495 2121 3568; x_wconf 85' lang='grc' dir='ltr'>ὡμο-</span> 
     </span>
    </p>
   </div>
   <div class='ocr_carea' id='block_1_52' title="bbox 477 3570 2120 3659">
    <p class='ocr_par' dir='ltr' id='par_1_52' title="bbox 477 3570 2120 3659">
     <span class='ocr_line' id='line_1_52' title="bbox 477 3570 2120 3659; baseline 0.011 -35"><span class='ocrx_word' id='word_1_388' title='bbox 477 3571 720 3642; x_wconf 86' lang='grc' dir='ltr'>νοημένα</span> <span class='ocrx_word' id='word_1_389' title='bbox 777 3570 1020 3649; x_wconf 86' lang='grc' dir='ltr'>λέγεσθαι</span> <span class='ocrx_word' id='word_1_390' title='bbox 1076 3575 1127 3629; x_wconf 82' lang='grc' dir='ltr'>ἐν</span> <span class='ocrx_word' id='word_1_391' title='bbox 1183 3574 1253 3650; x_wconf 75' lang='grc' dir='ltr'><strong>τῇ</strong></span> <span class='ocrx_word' id='word_1_392' title='bbox 1305 3581 1414 3632; x_wconf 80' lang='grc' dir='ltr'><strong>τῶν</strong></span> <span class='ocrx_word' id='word_1_393' title='bbox 1463 3578 1753 3652; x_wconf 80' lang='grc' dir='ltr'>Ῥωμαίων</span> <span class='ocrx_word' id='word_1_394' title='bbox 1803 3582 2120 3659; x_wconf 81' lang='grc' dir='ltr'>Ἐκκλησίᾳ,</span> 
     </span>
    </p>
   </div>
   <div class='ocr_carea' id='block_1_53' title="bbox 475 3659 2124 3746">
    <p class='ocr_par' dir='ltr' id='par_1_53' title="bbox 475 3659 2124 3746">
     <span class='ocr_line' id='line_1_53' title="bbox 475 3659 2124 3746; baseline 0.009 -31"><span class='ocrx_word' id='word_1_395' title='bbox 475 3660 654 3723; x_wconf 79' lang='grc' dir='ltr'>καθὼς</span> <span class='ocrx_word' id='word_1_396' title='bbox 718 3662 874 3733; x_wconf 76' lang='grc' dir='ltr'>ὑμεῖς</span> <span class='ocrx_word' id='word_1_397' title='bbox 931 3659 1138 3738; x_wconf 84' lang='grc' dir='ltr'>λέγετε,</span> <span class='ocrx_word' id='word_1_398' title='bbox 1192 3664 1282 3719; x_wconf 86' lang='grc' dir='ltr'><strong>καὶ</strong></span> <span class='ocrx_word' id='word_1_399' title='bbox 1339 3664 1393 3721; x_wconf 82' lang='grc' dir='ltr'>ἐν</span> <span class='ocrx_word' id='word_1_400' title='bbox 1450 3671 1519 3741; x_wconf 84' lang='grc' dir='ltr'><strong>τῇ</strong></span> <span class='ocrx_word' id='word_1_401' title='bbox 1573 3667 1894 3746; x_wconf 78' lang='grc' dir='ltr'>ἆνατολικῇ,</span> <span class='ocrx_word' id='word_1_402' title='bbox 1939 3673 2124 3737; x_wconf 86' lang='grc' dir='ltr'>καθὼς</span> 
     </span>
    </p>
   </div>
   <div class='ocr_carea' id='block_1_54' title="bbox 478 3749 2119 3835">
    <p class='ocr_par' dir='ltr' id='par_1_54' title="bbox 478 3749 2119 3835">
     <span class='ocr_line' id='line_1_54' title="bbox 478 3749 2119 3835; baseline 0.01 -32"><span class='ocrx_word' id='word_1_403' title='bbox 478 3749 634 3804; x_wconf 79' lang='grc' dir='ltr'>αὐτοὶ</span> <span class='ocrx_word' id='word_1_404' title='bbox 687 3752 852 3823; x_wconf 78' lang='grc' dir='ltr'>ἡμεῖς</span> <span class='ocrx_word' id='word_1_405' title='bbox 911 3750 1141 3828; x_wconf 86' lang='grc' dir='ltr'>λέγομεν</span> <span class='ocrx_word' id='word_1_406' title='bbox 1179 3798 1192 3810; x_wconf 95' lang='grc'><strong>.</strong></span> <span class='ocrx_word' id='word_1_407' title='bbox 1252 3756 1357 3810; x_wconf 84' lang='grc' dir='ltr'>Καὶ</span> <span class='ocrx_word' id='word_1_408' title='bbox 1417 3756 1559 3811; x_wconf 81' lang='grc' dir='ltr'>οὕτω</span> <span class='ocrx_word' id='word_1_409' title='bbox 1608 3761 1840 3835; x_wconf 84' lang='grc' dir='ltr'>γενέσθω</span> <span class='ocrx_word' id='word_1_410' title='bbox 1892 3763 1926 3831; x_wconf 85' lang='grc' dir='ltr'>ἡ</span> <span class='ocrx_word' id='word_1_411' title='bbox 1981 3759 2119 3818; x_wconf 74' lang='grc' dir='ltr'>’ἐνω-</span> 
     </span>
    </p>
   </div>
   <div class='ocr_carea' id='block_1_55' title="bbox 478 3842 2121 3924">
    <p class='ocr_par' dir='ltr' id='par_1_55' title="bbox 478 3842 2121 3924">
     <span class='ocr_line' id='line_1_55' title="bbox 478 3842 2121 3924; baseline 0.011 -32"><span class='ocrx_word' id='word_1_412' title='bbox 478 3860 584 3900; x_wconf 78' lang='grc' dir='ltr'>σις.</span> <span class='ocrx_word' id='word_1_413' title='bbox 615 3842 690 3897; x_wconf 84' lang='lat' dir='ltr'><strong>De</strong></span> <span class='ocrx_word' id='word_1_414' title='bbox 719 3842 1002 3898; x_wconf 80' lang='lat' dir='ltr'><strong>additione</strong></span> <span class='ocrx_word' id='word_1_415' title='bbox 1026 3862 1046 3900; x_wconf 89' lang='lat'><strong><em>:</em></strong></span> <span class='ocrx_word' id='word_1_416' title='bbox 1069 3860 1164 3900; x_wconf 86' lang='lat' dir='ltr'><strong>nos</strong></span> <span class='ocrx_word' id='word_1_417' title='bbox 1195 3846 1353 3901; x_wconf 89' lang='lat' dir='ltr'><strong>illam</strong></span> <span class='ocrx_word' id='word_1_418' title='bbox 1404 3865 1692 3920; x_wconf 84' lang='lat' dir='ltr'><strong>nunquam</strong></span> <span class='ocrx_word' id='word_1_419' title='bbox 1740 3851 2121 3924; x_wconf 80' lang='lat' dir='ltr'><strong>admittamus,</strong></span> 
     </span>
    </p>
   </div>
   <div class='ocr_carea' id='block_1_56' title="bbox 476 3930 2120 4014">
    <p class='ocr_par' dir='ltr' id='par_1_56' title="bbox 476 3930 2120 4014">
     <span class='ocr_line' id='line_1_56' title="bbox 476 3930 2120 4014; baseline 0.009 -29"><span class='ocrx_word' id='word_1_420' title='bbox 476 3930 570 3986; x_wconf 87' lang='lat' dir='ltr'><strong>sed</strong></span> <span class='ocrx_word' id='word_1_421' title='bbox 597 3947 718 3987; x_wconf 82' lang='lat' dir='ltr'><strong>eam</strong></span> <span class='ocrx_word' id='word_1_422' title='bbox 748 3931 901 3987; x_wconf 91' lang='lat' dir='ltr'><strong>vobis</strong></span> <span class='ocrx_word' id='word_1_423' title='bbox 946 3933 1005 3988; x_wconf 87' lang='lat' dir='ltr'><strong>in</strong></span> <span class='ocrx_word' id='word_1_424' title='bbox 1057 3934 1249 3990; x_wconf 84' lang='lat' dir='ltr'><strong>vestris</strong></span> <span class='ocrx_word' id='word_1_425' title='bbox 1295 3937 1539 3993; x_wconf 87' lang='lat' dir='ltr'><strong>ecclesiis</strong></span> <span class='ocrx_word' id='word_1_426' title='bbox 1584 3939 1784 3996; x_wconf 85' lang='lat' dir='ltr'><strong>habere</strong></span> <span class='ocrx_word' id='word_1_427' title='bbox 1838 3942 2120 4014; x_wconf 83' lang='lat' dir='ltr'><strong>permitti-</strong></span> 
     </span>
    </p>
   </div>
   <div class='ocr_carea' id='block_1_57' title="bbox 477 4020 2120 4100">
    <p class='ocr_par' dir='ltr' id='par_1_57' title="bbox 477 4020 2120 4100">
     <span class='ocr_line' id='line_1_57' title="bbox 477 4020 2120 4100; baseline 0.01 -29"><span class='ocrx_word' id='word_1_428' title='bbox 477 4034 622 4088; x_wconf 88' lang='lat' dir='ltr'><strong>mus,</strong></span> <span class='ocrx_word' id='word_1_429' title='bbox 656 4034 766 4073; x_wconf 90' lang='lat' dir='ltr'><strong>non</strong></span> <span class='ocrx_word' id='word_1_430' title='bbox 797 4023 978 4074; x_wconf 82' lang='lat' dir='ltr'><strong>autem</strong></span> <span class='ocrx_word' id='word_1_431' title='bbox 1009 4021 1068 4074; x_wconf 87' lang='lat' dir='ltr'><strong>in</strong></span> <span class='ocrx_word' id='word_1_432' title='bbox 1098 4020 1499 4093; x_wconf 81' lang='lat' dir='ltr'><strong>Orientalibus;</strong></span> <span class='ocrx_word' id='word_1_433' title='bbox 1533 4025 1881 4100; x_wconf 85' lang='lat' dir='ltr'><strong>dicimusque</strong></span> <span class='ocrx_word' id='word_1_434' title='bbox 1897 4031 2120 4100; x_wconf 87' lang='lat' dir='ltr'><strong>Symbo-</strong></span> 
     </span>
    </p>
   </div>
   <div class='ocr_carea' id='block_1_58' title="bbox 479 4109 2122 4189">
    <p class='ocr_par' dir='ltr' id='par_1_58' title="bbox 479 4109 2122 4189">
     <span class='ocr_line' id='line_1_58' title="bbox 479 4109 2122 4189; baseline 0.009 -25"><span class='ocrx_word' id='word_1_435' title='bbox 479 4111 596 4165; x_wconf 88' lang='lat' dir='ltr'><strong>lum</strong></span> <span class='ocrx_word' id='word_1_436' title='bbox 625 4127 658 4165; x_wconf 89' lang='lat' dir='ltr'><strong>a</strong></span> <span class='ocrx_word' id='word_1_437' title='bbox 689 4111 836 4166; x_wconf 86' lang='lat' dir='ltr'><strong>vobis</strong></span> <span class='ocrx_word' id='word_1_438' title='bbox 865 4109 1206 4181; x_wconf 75' lang='lat' dir='ltr'><strong>explicatum</strong></span> <span class='ocrx_word' id='word_1_439' title='bbox 1228 4114 1547 4171; x_wconf 78' lang='lat' dir='ltr'><strong>necessitate</strong></span> <span class='ocrx_word' id='word_1_440' title='bbox 1567 4123 1856 4189; x_wconf 87' lang='lat' dir='ltr'><strong>congente;</strong></span> <span class='ocrx_word' id='word_1_441' title='bbox 1875 4129 2122 4178; x_wconf 82' lang='lat' dir='ltr'><strong>etvocem</strong></span> 
     </span>
    </p>
   </div>
   <div class='ocr_carea' id='block_1_59' title="bbox 479 4198 2123 4283">
    <p class='ocr_par' dir='ltr' id='par_1_59' title="bbox 479 4198 2123 4283">
     <span class='ocr_line' id='line_1_59' title="bbox 479 4198 2123 4283; baseline 0.009 -30"><span class='ocrx_word' id='word_1_442' title='bbox 479 4201 640 4254; x_wconf 86' lang='lat' dir='ltr'><strong>illam</strong></span> <span class='ocrx_word' id='word_1_443' title='bbox 670 4221 698 4248; x_wconf 85' lang='lat'><strong>«</strong></span> <span class='ocrx_word' id='word_1_444' title='bbox 732 4214 802 4254; x_wconf 76' lang='lat' dir='ltr'><strong>ex</strong></span> <span class='ocrx_word' id='word_1_445' title='bbox 829 4198 971 4254; x_wconf 83' lang='lat' dir='ltr'><strong>Filio</strong></span> <span class='ocrx_word' id='word_1_446' title='bbox 992 4221 1018 4247; x_wconf 75' lang='grc' dir='ltr'><strong>»ι</strong></span> <span class='ocrx_word' id='word_1_447' title='bbox 1041 4217 1151 4256; x_wconf 89' lang='lat' dir='ltr'><strong>non</strong></span> <span class='ocrx_word' id='word_1_448' title='bbox 1194 4217 1308 4257; x_wconf 86' lang='lat' dir='ltr'><strong>esse</strong></span> <span class='ocrx_word' id='word_1_449' title='bbox 1335 4204 1509 4259; x_wconf 87' lang='lat' dir='ltr'><strong>aliam</strong></span> <span class='ocrx_word' id='word_1_450' title='bbox 1543 4205 1702 4262; x_wconf 79' lang='lat' dir='ltr'><strong>ﬁdem</strong></span> <span class='ocrx_word' id='word_1_451' title='bbox 1758 4211 1854 4263; x_wconf 85' lang='lat' dir='ltr'><strong>aut</strong></span> <span class='ocrx_word' id='word_1_452' title='bbox 1901 4211 2123 4283; x_wconf 84' lang='lat' dir='ltr'><strong>aliquod</strong></span> 
     </span>
    </p>
   </div>
   <div class='ocr_carea' id='block_1_60' title="bbox 481 4287 2124 4370">
    <p class='ocr_par' dir='ltr' id='par_1_60' title="bbox 481 4287 2124 4370">
     <span class='ocr_line' id='line_1_60' title="bbox 481 4287 2124 4370; baseline 0.009 -28"><span class='ocrx_word' id='word_1_453' title='bbox 481 4287 946 4355; x_wconf 81' lang='lat' dir='ltr'><strong>additamentum,</strong></span> <span class='ocrx_word' id='word_1_454' title='bbox 979 4289 1076 4343; x_wconf 79' lang='lat' dir='ltr'><strong>sed</strong></span> <span class='ocrx_word' id='word_1_455' title='bbox 1103 4291 1254 4361; x_wconf 83' lang='lat' dir='ltr'><strong>piam</strong></span> <span class='ocrx_word' id='word_1_456' title='bbox 1283 4299 1335 4347; x_wconf 90' lang='lat' dir='ltr'><strong>et</strong></span> <span class='ocrx_word' id='word_1_457' title='bbox 1359 4296 1544 4349; x_wconf 82' lang='lat' dir='ltr'><strong>nostri</strong></span> <span class='ocrx_word' id='word_1_458' title='bbox 1575 4296 1826 4365; x_wconf 84' lang='lat' dir='ltr'><strong>Symboli</strong></span> <span class='ocrx_word' id='word_1_459' title='bbox 1853 4299 2124 4370; x_wconf 71' lang='lat' dir='ltr'><strong>explana-</strong></span> 
     </span>
    </p>
   </div>
   <div class='ocr_carea' id='block_1_61' title="bbox 483 4376 2122 4458">
    <p class='ocr_par' dir='ltr' id='par_1_61' title="bbox 483 4376 2122 4458">
     <span class='ocr_line' id='line_1_61' title="bbox 483 4376 2122 4458; baseline 0.007 -25"><span class='ocrx_word' id='word_1_460' title='bbox 483 4376 686 4433; x_wconf 80' lang='lat' dir='ltr'><strong>tionem</strong></span> <span class='ocrx_word' id='word_1_461' title='bbox 710 4379 796 4443; x_wconf 82' lang='lat' dir='ltr'><strong>;et</strong></span> <span class='ocrx_word' id='word_1_462' title='bbox 827 4391 941 4432; x_wconf 84' lang='lat' dir='ltr'><strong>esse</strong></span> <span class='ocrx_word' id='word_1_463' title='bbox 989 4381 1291 4448; x_wconf 87' lang='lat' dir='ltr'><strong>utrumque</strong></span> <span class='ocrx_word' id='word_1_464' title='bbox 1346 4379 1669 4451; x_wconf 87' lang='lat' dir='ltr'><strong>Symbolum</strong></span> <span class='ocrx_word' id='word_1_465' title='bbox 1697 4386 1862 4454; x_wconf 82' lang='lat' dir='ltr'><strong>pium</strong></span> <span class='ocrx_word' id='word_1_466' title='bbox 1891 4393 1946 4442; x_wconf 86' lang='lat' dir='ltr'><strong>et</strong></span> <span class='ocrx_word' id='word_1_467' title='bbox 1975 4389 2122 4458; x_wconf 79' lang='lat' dir='ltr'><strong>eius-</strong></span> 
     </span>
    </p>
   </div>
   <div class='ocr_carea' id='block_1_62' title="bbox 479 4466 3168 4571">
    <p class='ocr_par' dir='ltr' id='par_1_62' title="bbox 479 4466 3168 4571">
     <span class='ocr_line' id='line_1_62' title="bbox 479 4466 3168 4571; baseline 0.008 -51"><span class='ocrx_word' id='word_1_468' title='bbox 479 4467 605 4522; x_wconf 89' lang='lat' dir='ltr'><strong>dem</strong></span> <span class='ocrx_word' id='word_1_469' title='bbox 625 4466 932 4533; x_wconf 61' lang='lat' dir='ltr'><strong>sententia&quot;,</strong></span> <span class='ocrx_word' id='word_1_470' title='bbox 965 4467 1110 4520; x_wconf 87' lang='lat' dir='ltr'><strong>utin</strong></span> <span class='ocrx_word' id='word_1_471' title='bbox 1143 4466 1394 4523; x_wconf 85' lang='lat' dir='ltr'><strong>Ecclesia</strong></span> <span class='ocrx_word' id='word_1_472' title='bbox 1426 4471 1666 4526; x_wconf 83' lang='lat' dir='ltr'><strong>Romana</strong></span> <span class='ocrx_word' id='word_1_473' title='bbox 1699 4475 1959 4530; x_wconf 85' lang='lat' dir='ltr'><strong>recitetur</strong></span> <span class='ocrx_word' id='word_1_474' title='bbox 1983 4475 2125 4532; x_wconf 87' lang='lat' dir='ltr'><strong>sicut</strong></span> <span class='ocrx_word' id='word_1_475' title='bbox 2234 4493 2474 4550; x_wconf 63' lang='lat' dir='ltr'><strong>verbum</strong></span> <span class='ocrx_word' id='word_1_476' title='bbox 2495 4466 2785 4567; x_wconf 63' lang='grc' dir='ltr'>ἐίηευιοε</span> <span class='ocrx_word' id='word_1_477' title='bbox 2835 4466 3168 4571; x_wconf 48' lang='lat' dir='ltr'><strong>exprimens</strong></span> 
     </span>
    </p>
   </div>
   <div class='ocr_carea' id='block_1_63' title="bbox 480 4552 3775 4661">
    <p class='ocr_par' dir='ltr' id='par_1_63' title="bbox 480 4552 3775 4661">
     <span class='ocr_line' id='line_1_63' title="bbox 480 4552 3775 4661; baseline 0.008 -52"><span class='ocrx_word' id='word_1_478' title='bbox 480 4570 573 4610; x_wconf 79' lang='lat' dir='ltr'><strong>vos</strong></span> <span class='ocrx_word' id='word_1_479' title='bbox 603 4552 816 4661; x_wconf 57' lang='lat' dir='ltr'><strong>dicitis,</strong></span> <span class='ocrx_word' id='word_1_480' title='bbox 847 4559 901 4609; x_wconf 87' lang='lat' dir='ltr'><strong>et</strong></span> <span class='ocrx_word' id='word_1_481' title='bbox 955 4553 1232 4610; x_wconf 88' lang='lat' dir='ltr'><strong>Orientali</strong></span> <span class='ocrx_word' id='word_1_482' title='bbox 1260 4562 1321 4611; x_wconf 90' lang='lat' dir='ltr'><strong>ut</strong></span> <span class='ocrx_word' id='word_1_483' title='bbox 1373 4575 1469 4614; x_wconf 88' lang='lat' dir='ltr'><strong>nos</strong></span> <span class='ocrx_word' id='word_1_484' title='bbox 1517 4560 1628 4632; x_wconf 82' lang='lat' dir='ltr'><strong>ipsi</strong></span> <span class='ocrx_word' id='word_1_485' title='bbox 1679 4562 1939 4635; x_wconf 82' lang='lat' dir='ltr'><strong>dicimus,</strong></span> <span class='ocrx_word' id='word_1_486' title='bbox 1969 4571 2136 4637; x_wconf 81' lang='lat' dir='ltr'><strong>atque</strong></span> <span class='ocrx_word' id='word_1_487' title='bbox 2164 4562 2210 4627; x_wconf 79' lang='grc' dir='ltr'>Π</span> <span class='ocrx_word' id='word_1_488' title='bbox 2240 4581 2369 4653; x_wconf 71' lang='lat' dir='ltr'><strong>ipso</strong></span> <span class='ocrx_word' id='word_1_489' title='bbox 2417 4552 2717 4652; x_wconf 58' lang='grc' dir='ltr'><strong>ναιίοίιξίο,</strong></span> <span class='ocrx_word' id='word_1_490' title='bbox 2769 4552 3175 4647; x_wconf 35' lang='grc' dir='ltr'><strong>έθέυξιξῇξνξίξ</strong></span> <span class='ocrx_word' id='word_1_491' title='bbox 3203 4552 3683 4661; x_wconf 40' lang='grc' dir='ltr'><strong>*ξξδξξυξξξιίᾷἀ</strong></span> <span class='ocrx_word' id='word_1_492' title='bbox 3707 4600 3775 4638; x_wconf 80' lang='lat' dir='ltr'><strong>su-</strong></span> 
     </span>
    </p>
   </div>
   <div class='ocr_carea' id='block_1_64' title="bbox 2183 4667 3773 4751">
    <p class='ocr_par' dir='ltr' id='par_1_64' title="bbox 2183 4667 3773 4751">
     <span class='ocr_line' id='line_1_64' title="bbox 2183 4667 3773 4751; baseline 0.003 -28"><span class='ocrx_word' id='word_1_493' title='bbox 2183 4731 2187 4735; x_wconf 30' lang='grc' dir='ltr'><strong>ε</strong></span> <span class='ocrx_word' id='word_1_494' title='bbox 2230 4667 2486 4739; x_wconf 87' lang='lat' dir='ltr'><strong>spicatos</strong></span> <span class='ocrx_word' id='word_1_495' title='bbox 2507 4675 2563 4725; x_wconf 92' lang='lat' dir='ltr'><strong>et</strong></span> <span class='ocrx_word' id='word_1_496' title='bbox 2587 4671 2997 4744; x_wconf 82' lang='lat' dir='ltr'><strong>Pachymerem</strong></span> <span class='ocrx_word' id='word_1_497' title='bbox 3019 4681 3078 4732; x_wconf 88' lang='lat' dir='ltr'><strong>et</strong></span> <span class='ocrx_word' id='word_1_498' title='bbox 3107 4677 3418 4751; x_wconf 86' lang='lat' dir='ltr'><strong>Gregoram</strong></span> <span class='ocrx_word' id='word_1_499' title='bbox 3448 4679 3609 4742; x_wconf 88' lang='lat' dir='ltr'><strong>video,</strong></span> <span class='ocrx_word' id='word_1_500' title='bbox 3635 4681 3720 4730; x_wconf 83' lang='lat' dir='ltr'><strong>tum</strong></span> <span class='ocrx_word' id='word_1_501' title='bbox 3743 4668 3773 4722; x_wconf 84' lang='lat' dir='ltr'><strong>si</strong></span> 
     </span>
    </p>
   </div>
   <div class='ocr_carea' id='block_1_65' title="bbox 481 4642 1223 4712">
    <p class='ocr_par' dir='ltr' id='par_1_65' title="bbox 481 4642 1223 4712">
     <span class='ocr_line' id='line_1_65' title="bbox 481 4642 1223 4712; baseline -0.005 -13"><span class='ocrx_word' id='word_1_502' title='bbox 481 4645 565 4700; x_wconf 87' lang='lat' dir='ltr'><strong>ita</strong></span> <span class='ocrx_word' id='word_1_503' title='bbox 593 4642 911 4712; x_wconf 81' lang='lat' dir='ltr'><strong>faciendum</strong></span> <span class='ocrx_word' id='word_1_504' title='bbox 939 4646 1223 4700; x_wconf 83' lang='lat' dir='ltr'><strong>unionem.</strong></span> 
     </span>
    </p>
   </div>
   <div class='ocr_carea' id='block_1_66' title="bbox 557 4747 2120 4834">
    <p class='ocr_par' dir='ltr' id='par_1_66' title="bbox 557 4747 2120 4834">
     <span class='ocr_line' id='line_1_66' title="bbox 557 4747 2120 4834; baseline 0.006 -28"><span class='ocrx_word' id='word_1_505' title='bbox 557 4753 617 4806; x_wconf 77' lang='grc' dir='ltr'>Ρ.</span> <span class='ocrx_word' id='word_1_506' title='bbox 675 4751 803 4806; x_wconf 82' lang='grc'>467.</span> <span class='ocrx_word' id='word_1_507' title='bbox 860 4747 938 4806; x_wconf 71' lang='grc' dir='ltr'><strong>Οὔ</strong></span> <span class='ocrx_word' id='word_1_508' title='bbox 1014 4747 1316 4826; x_wconf 76' lang='grc' dir='ltr'>προΐσχετο</span> <span class='ocrx_word' id='word_1_509' title='bbox 1372 4753 1520 4818; x_wconf 80' lang='grc' dir='ltr'>ὅλως</span> <span class='ocrx_word' id='word_1_510' title='bbox 1604 4754 1740 4828; x_wconf 72' lang='grc' dir='ltr'>αὕτη</span> <span class='ocrx_word' id='word_1_511' title='bbox 1796 4762 1904 4814; x_wconf 84' lang='grc' dir='ltr'><strong>τῶν</strong></span> <span class='ocrx_word' id='word_1_512' title='bbox 1959 4760 2120 4834; x_wconf 76' lang='grc' dir='ltr'>ἱερῶν</span> 
     </span>
    </p>
   </div>
   <div class='ocr_carea' id='block_1_67' title="bbox 478 4835 2123 4918">
    <p class='ocr_par' dir='ltr' id='par_1_67' title="bbox 478 4835 2123 4918">
     <span class='ocr_line' id='line_1_67' title="bbox 478 4835 2123 4918; baseline 0.009 -25"><span class='ocrx_word' id='word_1_513' title='bbox 478 4836 812 4914; x_wconf 77' lang='grc' dir='ltr'>πραγμάτων</span> <span class='ocrx_word' id='word_1_514' title='bbox 879 4835 1113 4911; x_wconf 79' lang='grc' dir='ltr'>ἀνάξιον.</span> <span class='ocrx_word' id='word_1_515' title='bbox 1204 4843 1350 4898; x_wconf 88' lang='lat' dir='ltr'><strong>Hinc</strong></span> <span class='ocrx_word' id='word_1_516' title='bbox 1433 4853 1676 4918; x_wconf 87' lang='lat' dir='ltr'><strong>apparet</strong></span> <span class='ocrx_word' id='word_1_517' title='bbox 1757 4849 2123 4907; x_wconf 83' lang='lat' dir='ltr'><strong>existimasse</strong></span> 
     </span>
    </p>
   </div>
   <div class='ocr_carea' id='block_1_68' title="bbox 481 4928 2121 5009">
    <p class='ocr_par' dir='ltr' id='par_1_68' title="bbox 481 4928 2121 5009">
     <span class='ocr_line' id='line_1_68' title="bbox 481 4928 2121 5009; baseline 0.007 -26"><span class='ocrx_word' id='word_1_518' title='bbox 481 4929 711 4984; x_wconf 68' lang='lat' dir='ltr'><strong>Graecos</strong></span> <span class='ocrx_word' id='word_1_519' title='bbox 769 4929 828 4982; x_wconf 90' lang='lat' dir='ltr'><strong>in</strong></span> <span class='ocrx_word' id='word_1_520' title='bbox 895 4928 1149 4984; x_wconf 84' lang='lat' dir='ltr'><strong>formula</strong></span> <span class='ocrx_word' id='word_1_521' title='bbox 1179 4930 1568 4992; x_wconf 88' lang='lat' dir='ltr'><strong>abdicationis</strong></span> <span class='ocrx_word' id='word_1_522' title='bbox 1598 4942 1700 4993; x_wconf 91' lang='lat' dir='ltr'><strong>aut</strong></span> <span class='ocrx_word' id='word_1_523' title='bbox 1738 4938 2121 5009; x_wconf 87' lang='lat' dir='ltr'><strong>depositionis</strong></span> 
     </span>
    </p>
   </div>
   <div class='ocr_carea' id='block_1_69' title="bbox 480 5017 2120 5097">
    <p class='ocr_par' dir='ltr' id='par_1_69' title="bbox 480 5017 2120 5097">
     <span class='ocr_line' id='line_1_69' title="bbox 480 5017 2120 5097; baseline 0.006 -23"><span class='ocrx_word' id='word_1_524' title='bbox 480 5019 733 5088; x_wconf 81' lang='lat' dir='ltr'><strong>alicujus</strong></span> <span class='ocrx_word' id='word_1_525' title='bbox 767 5033 835 5072; x_wconf 86' lang='lat' dir='ltr'><strong>ex</strong></span> <span class='ocrx_word' id='word_1_526' title='bbox 865 5017 1184 5090; x_wconf 88' lang='lat' dir='ltr'><strong>episcopali</strong></span> <span class='ocrx_word' id='word_1_527' title='bbox 1213 5020 1500 5092; x_wconf 88' lang='lat' dir='ltr'><strong>dignitate</strong></span> <span class='ocrx_word' id='word_1_528' title='bbox 1532 5027 1885 5097; x_wconf 88' lang='lat' dir='ltr'><strong>necessario,</strong></span> <span class='ocrx_word' id='word_1_529' title='bbox 1918 5033 1983 5084; x_wconf 88' lang='lat' dir='ltr'><strong>ut</strong></span> <span class='ocrx_word' id='word_1_530' title='bbox 2019 5045 2120 5084; x_wconf 88' lang='lat' dir='ltr'><strong>va-</strong></span> 
     </span>
    </p>
   </div>
   <div class='ocr_carea' id='block_1_70' title="bbox 481 5106 2119 5188">
    <p class='ocr_par' dir='ltr' id='par_1_70' title="bbox 481 5106 2119 5188">
     <span class='ocr_line' id='line_1_70' title="bbox 481 5106 2119 5188; baseline 0.006 -27"><span class='ocrx_word' id='word_1_531' title='bbox 481 5108 599 5162; x_wconf 88' lang='lat' dir='ltr'><strong>lida</strong></span> <span class='ocrx_word' id='word_1_532' title='bbox 622 5109 980 5172; x_wconf 83' lang='lat' dir='ltr'><strong>conseretur,</strong></span> <span class='ocrx_word' id='word_1_533' title='bbox 1023 5106 1268 5176; x_wconf 87' lang='lat' dir='ltr'><strong>exprimi</strong></span> <span class='ocrx_word' id='word_1_534' title='bbox 1290 5109 1522 5177; x_wconf 91' lang='lat' dir='ltr'><strong>debere,</strong></span> <span class='ocrx_word' id='word_1_535' title='bbox 1555 5128 1688 5168; x_wconf 91' lang='lat' dir='ltr'><strong>eum</strong></span> <span class='ocrx_word' id='word_1_536' title='bbox 1722 5115 1822 5186; x_wconf 91' lang='lat' dir='ltr'><strong>qui</strong></span> <span class='ocrx_word' id='word_1_537' title='bbox 1873 5116 2119 5188; x_wconf 85' lang='lat' dir='ltr'><strong>deponi-</strong></span> 
     </span>
    </p>
   </div>
   <div class='ocr_carea' id='block_1_71' title="bbox 482 5193 2120 5270">
    <p class='ocr_par' dir='ltr' id='par_1_71' title="bbox 482 5193 2120 5270">
     <span class='ocr_line' id='line_1_71' title="bbox 482 5193 2120 5270; baseline 0.007 -20"><span class='ocrx_word' id='word_1_538' title='bbox 482 5204 577 5251; x_wconf 77' lang='lat' dir='ltr'><strong>tur</strong></span> <span class='ocrx_word' id='word_1_539' title='bbox 605 5195 913 5266; x_wconf 89' lang='lat' dir='ltr'><strong>indignum</strong></span> <span class='ocrx_word' id='word_1_540' title='bbox 935 5211 1001 5249; x_wconf 93' lang='lat' dir='ltr'><strong>eo</strong></span> <span class='ocrx_word' id='word_1_541' title='bbox 1031 5193 1156 5250; x_wconf 91' lang='lat' dir='ltr'><strong>loco</strong></span> <span class='ocrx_word' id='word_1_542' title='bbox 1187 5201 1245 5251; x_wconf 94' lang='lat' dir='ltr'><strong>et</strong></span> <span class='ocrx_word' id='word_1_543' title='bbox 1273 5196 1538 5270; x_wconf 91' lang='lat' dir='ltr'><strong>ineptum</strong></span> <span class='ocrx_word' id='word_1_544' title='bbox 1570 5203 1761 5257; x_wconf 83' lang='lat' dir='ltr'><strong>officio</strong></span> <span class='ocrx_word' id='word_1_545' title='bbox 1793 5219 1941 5260; x_wconf 91' lang='lat' dir='ltr'><strong>esse.</strong></span> <span class='ocrx_word' id='word_1_546' title='bbox 1985 5205 2120 5269; x_wconf 64' lang='lat' dir='ltr'><strong>Quae</strong></span> 
     </span>
    </p>
   </div>
   <div class='ocr_carea' id='block_1_72' title="bbox 478 5283 2121 5365">
    <p class='ocr_par' dir='ltr' id='par_1_72' title="bbox 478 5283 2121 5365">
     <span class='ocr_line' id='line_1_72' title="bbox 478 5283 2121 5365; baseline 0.004 -22"><span class='ocrx_word' id='word_1_547' title='bbox 478 5303 658 5344; x_wconf 76' lang='lat' dir='ltr'><strong>causa</strong></span> <span class='ocrx_word' id='word_1_548' title='bbox 689 5284 802 5339; x_wconf 81' lang='lat' dir='ltr'><strong>fuit</strong></span> <span class='ocrx_word' id='word_1_549' title='bbox 827 5283 1037 5338; x_wconf 74' lang='lat' dir='ltr'><strong>Nicetis</strong></span> <span class='ocrx_word' id='word_1_550' title='bbox 1060 5283 1701 5356; x_wconf 84' lang='lat' dir='ltr'><strong>episcopolleracleensi</strong></span> <span class='ocrx_word' id='word_1_551' title='bbox 1725 5291 1906 5348; x_wconf 88' lang='lat' dir='ltr'><strong>misso</strong></span> <span class='ocrx_word' id='word_1_552' title='bbox 1937 5310 1970 5347; x_wconf 87' lang='lat' dir='ltr'><strong>a</strong></span> <span class='ocrx_word' id='word_1_553' title='bbox 1990 5310 2121 5365; x_wconf 84' lang='lat' dir='ltr'><strong>syn-</strong></span> 
     </span>
    </p>
   </div>
   <div class='ocr_carea' id='block_1_73' title="bbox 476 5373 2117 5451">
    <p class='ocr_par' dir='ltr' id='par_1_73' title="bbox 476 5373 2117 5451">
     <span class='ocr_line' id='line_1_73' title="bbox 476 5373 2117 5451; baseline 0.003 -18"><span class='ocrx_word' id='word_1_554' title='bbox 476 5381 584 5433; x_wconf 86' lang='lat' dir='ltr'><strong>odo</strong></span> <span class='ocrx_word' id='word_1_555' title='bbox 644 5375 716 5430; x_wconf 90' lang='lat' dir='ltr'><strong>ad</strong></span> <span class='ocrx_word' id='word_1_556' title='bbox 775 5373 1090 5428; x_wconf 83' lang='lat' dir='ltr'><strong>Arsenium</strong></span> <span class='ocrx_word' id='word_1_557' title='bbox 1148 5375 1556 5444; x_wconf 88' lang='lat' dir='ltr'><strong>patriarcham,</strong></span> <span class='ocrx_word' id='word_1_558' title='bbox 1618 5383 1926 5451; x_wconf 89' lang='lat' dir='ltr'><strong>postquam</strong></span> <span class='ocrx_word' id='word_1_559' title='bbox 1952 5381 2003 5437; x_wconf 89' lang='lat' dir='ltr'><strong>is</strong></span> <span class='ocrx_word' id='word_1_560' title='bbox 2044 5382 2117 5438; x_wconf 88' lang='lat' dir='ltr'><strong>ab</strong></span> 
     </span>
    </p>
   </div>
   <div class='ocr_carea' id='block_1_74' title="bbox 475 5460 2119 5537">
    <p class='ocr_par' dir='ltr' id='par_1_74' title="bbox 475 5460 2119 5537">
     <span class='ocr_line' id='line_1_74' title="bbox 475 5460 2119 5537; baseline 0.003 -15"><span class='ocrx_word' id='word_1_561' title='bbox 475 5463 724 5522; x_wconf 84' lang='lat' dir='ltr'><strong>ecclesia</strong></span> <span class='ocrx_word' id='word_1_562' title='bbox 755 5462 987 5534; x_wconf 83' lang='lat' dir='ltr'><strong>fugiens</strong></span> <span class='ocrx_word' id='word_1_563' title='bbox 1018 5460 1076 5514; x_wconf 91' lang='lat' dir='ltr'><strong>in</strong></span> <span class='ocrx_word' id='word_1_564' title='bbox 1110 5463 1532 5519; x_wconf 84' lang='lat' dir='ltr'><strong>monasterium</strong></span> <span class='ocrx_word' id='word_1_565' title='bbox 1565 5472 1908 5537; x_wconf 90' lang='lat' dir='ltr'><strong>recesserat,</strong></span> <span class='ocrx_word' id='word_1_566' title='bbox 1952 5473 2017 5524; x_wconf 91' lang='lat' dir='ltr'><strong>ut</strong></span> <span class='ocrx_word' id='word_1_567' title='bbox 2045 5471 2119 5527; x_wconf 88' lang='lat' dir='ltr'><strong>ab</strong></span> 
     </span>
    </p>
   </div>
   <div class='ocr_carea' id='block_1_75' title="bbox 474 5547 2116 5629">
    <p class='ocr_par' dir='ltr' id='par_1_75' title="bbox 474 5547 2116 5629">
     <span class='ocr_line' id='line_1_75' title="bbox 474 5547 2116 5629; baseline 0.002 -19"><span class='ocrx_word' id='word_1_568' title='bbox 474 5571 541 5610; x_wconf 92' lang='lat' dir='ltr'><strong>eo</strong></span> <span class='ocrx_word' id='word_1_569' title='bbox 587 5549 910 5608; x_wconf 88' lang='lat' dir='ltr'><strong>cessionem</strong></span> <span class='ocrx_word' id='word_1_570' title='bbox 970 5547 1405 5620; x_wconf 89' lang='lat' dir='ltr'><strong>patriarchatus</strong></span> <span class='ocrx_word' id='word_1_571' title='bbox 1451 5555 1726 5624; x_wconf 84' lang='lat' dir='ltr'><strong>exigeret,</strong></span> <span class='ocrx_word' id='word_1_572' title='bbox 1778 5572 1977 5629; x_wconf 88' lang='lat' dir='ltr'><strong>causa,</strong></span> <span class='ocrx_word' id='word_1_573' title='bbox 2026 5559 2116 5614; x_wconf 91' lang='lat' dir='ltr'><strong>in-</strong></span> 
     </span>
    </p>
   </div>
   <div class='ocr_carea' id='block_1_76' title="bbox 475 5637 2116 5711">
    <p class='ocr_par' dir='ltr' id='par_1_76' title="bbox 475 5637 2116 5711">
     <span class='ocr_line' id='line_1_76' title="bbox 475 5637 2116 5711; baseline 0.007 -17"><span class='ocrx_word' id='word_1_574' title='bbox 475 5657 674 5711; x_wconf 86' lang='lat' dir='ltr'><strong>quam,</strong></span> <span class='ocrx_word' id='word_1_575' title='bbox 707 5639 830 5696; x_wconf 80' lang='lat' dir='ltr'><strong>haec</strong></span> <span class='ocrx_word' id='word_1_576' title='bbox 879 5638 930 5694; x_wconf 88' lang='lat' dir='ltr'><strong>ei</strong></span> <span class='ocrx_word' id='word_1_577' title='bbox 980 5637 1237 5694; x_wconf 87' lang='lat' dir='ltr'><strong>instandi</strong></span> <span class='ocrx_word' id='word_1_578' title='bbox 1287 5640 1443 5698; x_wconf 90' lang='lat' dir='ltr'><strong>utin</strong></span> <span class='ocrx_word' id='word_1_579' title='bbox 1497 5641 1750 5701; x_wconf 85' lang='lat' dir='ltr'><strong>formula</strong></span> <span class='ocrx_word' id='word_1_580' title='bbox 1792 5647 2116 5706; x_wconf 88' lang='lat' dir='ltr'><strong>abdicatio-</strong></span> 
     </span>
    </p>
   </div>
   <div class='ocr_carea' id='block_1_77' title="bbox 2223 1962 3760 2044">
    <p class='ocr_par' dir='ltr' id='par_1_77' title="bbox 2223 1962 3760 2044">
     <span class='ocr_line' id='line_1_77' title="bbox 2223 1962 3760 2044; baseline 0.012 -29"><span class='ocrx_word' id='word_1_581' title='bbox 2223 1977 2279 2033; x_wconf 91' lang='lat' dir='ltr'><strong>p.</strong></span> <span class='ocrx_word' id='word_1_582' title='bbox 2306 1962 2403 2018; x_wconf 89' lang='lat'><strong>67.</strong></span> <span class='ocrx_word' id='word_1_583' title='bbox 2444 1968 2560 2020; x_wconf 89' lang='lat' dir='ltr'><strong>Nos</strong></span> <span class='ocrx_word' id='word_1_584' title='bbox 2591 1965 2686 2021; x_wconf 88' lang='lat' dir='ltr'><strong>hic</strong></span> <span class='ocrx_word' id='word_1_585' title='bbox 2718 1967 2863 2023; x_wconf 93' lang='lat' dir='ltr'><strong>illud</strong></span> <span class='ocrx_word' id='word_1_586' title='bbox 2889 1985 2957 2024; x_wconf 81' lang='lat' dir='ltr'><strong>ex</strong></span> <span class='ocrx_word' id='word_1_587' title='bbox 2990 1973 3253 2044; x_wconf 87' lang='lat' dir='ltr'><strong>margine</strong></span> <span class='ocrx_word' id='word_1_588' title='bbox 3303 1976 3502 2032; x_wconf 89' lang='lat' dir='ltr'><strong>codicis</strong></span> <span class='ocrx_word' id='word_1_589' title='bbox 3543 1978 3760 2033; x_wconf 84' lang='lat' dir='ltr'><strong>Barberini</strong></span> 
     </span>
    </p>
   </div>
   <div class='ocr_carea' id='block_1_78' title="bbox 2222 2059 3866 2138">
    <p class='ocr_par' dir='ltr' id='par_1_78' title="bbox 2222 2059 3866 2138">
     <span class='ocr_line' id='line_1_78' title="bbox 2222 2059 3866 2138; baseline 0.012 -34"><span class='ocrx_word' id='word_1_590' title='bbox 2222 2059 2714 2122; x_wconf 69' lang='lat' dir='ltr'><strong>repraesentamus</strong></span> <span class='ocrx_word' id='word_1_591' title='bbox 2757 2073 2891 2114; x_wconf 90' lang='lat' dir='ltr'><strong>cum</strong></span> <span class='ocrx_word' id='word_1_592' title='bbox 2941 2061 3179 2118; x_wconf 89' lang='lat' dir='ltr'><strong>nomine</strong></span> <span class='ocrx_word' id='word_1_593' title='bbox 3236 2066 3476 2122; x_wconf 88' lang='lat' dir='ltr'><strong>auctoris</strong></span> <span class='ocrx_word' id='word_1_594' title='bbox 3519 2084 3547 2121; x_wconf 86' lang='lat' dir='ltr'><strong>a</strong></span> <span class='ocrx_word' id='word_1_595' title='bbox 3584 2067 3762 2138; x_wconf 77' lang='lat' dir='ltr'><strong>Gregora</strong></span> 
     </span>
    </p>
   </div>
   <div class='ocr_carea' id='block_1_79' title="bbox 2221 2141 3760 2218">
    <p class='ocr_par' dir='ltr' id='par_1_79' title="bbox 2221 2141 3760 2218">
     <span class='ocr_line' id='line_1_79' title="bbox 2221 2141 3760 2218; baseline 0.009 -23"><span class='ocrx_word' id='word_1_596' title='bbox 2221 2141 2410 2209; x_wconf 90' lang='lat' dir='ltr'><strong>taciti,</strong></span> <span class='ocrx_word' id='word_1_597' title='bbox 2471 2145 2646 2200; x_wconf 89' lang='lat' dir='ltr'><strong>etiam</strong></span> <span class='ocrx_word' id='word_1_598' title='bbox 2694 2147 2868 2218; x_wconf 90' lang='lat' dir='ltr'><strong>paulo</strong></span> <span class='ocrx_word' id='word_1_599' title='bbox 2917 2150 3172 2207; x_wconf 89' lang='lat' dir='ltr'><strong>auctius.</strong></span> <span class='ocrx_word' id='word_1_600' title='bbox 3205 2153 3342 2209; x_wconf 90' lang='lat' dir='ltr'><strong>Nam</strong></span> <span class='ocrx_word' id='word_1_601' title='bbox 3399 2156 3508 2212; x_wconf 60' lang='lat' dir='ltr'><strong>hac</strong></span> <span class='ocrx_word' id='word_1_602' title='bbox 3557 2155 3760 2212; x_wconf 68' lang='grc' dir='ltr'>νεώεηί</span> 
     </span>
    </p>
   </div>
   <div class='ocr_carea' id='block_1_80' title="bbox 2221 2228 3758 2318">
    <p class='ocr_par' dir='ltr' id='par_1_80' title="bbox 2221 2228 3758 2318">
     <span class='ocr_line' id='line_1_80' title="bbox 2221 2228 3758 2318; baseline 0.012 -36"><span class='ocrx_word' id='word_1_603' title='bbox 2221 2228 2284 2283; x_wconf 86' lang='grc' dir='ltr'><strong>τὸ</strong></span> <span class='ocrx_word' id='word_1_604' title='bbox 2314 2231 2443 2305; x_wconf 87' lang='grc' dir='ltr'>παρ’</span> <span class='ocrx_word' id='word_1_605' title='bbox 2471 2231 2804 2306; x_wconf 78' lang='grc' dir='ltr'>Ἡρακλείου</span> <span class='ocrx_word' id='word_1_606' title='bbox 2834 2234 3133 2314; x_wconf 74' lang='grc' dir='ltr'>πολίχνιον</span> <span class='ocrx_word' id='word_1_607' title='bbox 3168 2244 3319 2313; x_wconf 88' lang='lat' dir='ltr'><strong>apud</strong></span> <span class='ocrx_word' id='word_1_608' title='bbox 3374 2247 3640 2318; x_wconf 84' lang='lat' dir='ltr'><strong>Gregoram</strong></span> <span class='ocrx_word' id='word_1_609' title='bbox 3687 2264 3758 2301; x_wconf 87' lang='lat' dir='ltr'><strong>non</strong></span> 
     </span>
    </p>
   </div>
   <div class='ocr_carea' id='block_1_81' title="bbox 2224 2328 2586 2391">
    <p class='ocr_par' dir='ltr' id='par_1_81' title="bbox 2224 2328 2586 2391">
     <span class='ocr_line' id='line_1_81' title="bbox 2224 2328 2586 2391; baseline 0.003 -16"><span class='ocrx_word' id='word_1_610' title='bbox 2224 2328 2586 2391; x_wconf 83' lang='lat' dir='ltr'><strong>comparent.</strong></span> 
     </span>
    </p>
   </div>
   <div class='ocr_carea' id='block_1_82' title="bbox 2349 2409 3680 2497">
    <p class='ocr_par' dir='ltr' id='par_1_82' title="bbox 2349 2409 3680 2497">
     <span class='ocr_line' id='line_1_82' title="bbox 2349 2409 3680 2497; baseline 0.011 -33"><span class='ocrx_word' id='word_1_611' title='bbox 2349 2410 2503 2497; x_wconf 50' lang='lat'><strong>698</strong></span> <span class='ocrx_word' id='word_1_612' title='bbox 2541 2409 2712 2473; x_wconf 83' lang='grc' dir='ltr'>Οὗτος</span> <span class='ocrx_word' id='word_1_613' title='bbox 2750 2414 2780 2468; x_wconf 84' lang='grc' dir='ltr'><strong>ὁ</strong></span> <span class='ocrx_word' id='word_1_614' title='bbox 2819 2417 3077 2490; x_wconf 84' lang='grc' dir='ltr'>χρησμὸς</span> <span class='ocrx_word' id='word_1_615' title='bbox 3117 2420 3410 2476; x_wconf 81' lang='grc' dir='ltr'>Παυσανίου</span> <span class='ocrx_word' id='word_1_616' title='bbox 3446 2421 3680 2497; x_wconf 79' lang='grc' dir='ltr'>προέδρου.</span> 
     </span>
    </p>
   </div>
   <div class='ocr_carea' id='block_1_83' title="bbox 2223 2494 3762 2586">
    <p class='ocr_par' dir='ltr' id='par_1_83' title="bbox 2223 2494 3762 2586">
     <span class='ocr_line' id='line_1_83' title="bbox 2223 2494 3762 2586; baseline 0.009 -36"><span class='ocrx_word' id='word_1_617' title='bbox 2223 2499 2340 2586; x_wconf 48' lang='lat' dir='ltr'><strong>Ti:</strong></span> <span class='ocrx_word' id='word_1_618' title='bbox 2397 2494 2455 2586; x_wconf 65' lang='grc' dir='ltr'><strong>δὲ</strong></span> <span class='ocrx_word' id='word_1_619' title='bbox 2509 2497 2724 2563; x_wconf 87' lang='grc' dir='ltr'>πόλεως</span> <span class='ocrx_word' id='word_1_620' title='bbox 2751 2502 3051 2576; x_wconf 82' lang='grc' dir='ltr'>Τράλλεων</span> <span class='ocrx_word' id='word_1_621' title='bbox 3079 2507 3144 2561; x_wconf 85' lang='grc' dir='ltr'>τὸ</span> <span class='ocrx_word' id='word_1_622' title='bbox 3175 2507 3378 2572; x_wconf 83' lang='grc' dir='ltr'>κάλλος</span> <span class='ocrx_word' id='word_1_623' title='bbox 3406 2494 3598 2586; x_wconf 75' lang='grc' dir='ltr'>’χρόνοις</span> <span class='ocrx_word' id='word_1_624' title='bbox 3626 2512 3762 2566; x_wconf 68' lang='grc' dir='ltr'>ἐσεῖταί</span> 
     </span>
    </p>
   </div>
   <div class='ocr_carea' id='block_1_84' title="bbox 2222 2579 3764 2678">
    <p class='ocr_par' dir='ltr' id='par_1_84' title="bbox 2222 2579 3764 2678">
     <span class='ocr_line' id='line_1_84' title="bbox 2222 2579 3764 2678; baseline 0.01 -40"><span class='ocrx_word' id='word_1_625' title='bbox 2222 2579 2600 2658; x_wconf 75' lang='grc' dir='ltr'>σϐεννύμενον.</span> <span class='ocrx_word' id='word_1_626' title='bbox 2646 2589 2724 2645; x_wconf 87' lang='grc' dir='ltr'><strong>Τὸ</strong></span> <span class='ocrx_word' id='word_1_627' title='bbox 2783 2588 2841 2646; x_wconf 81' lang='grc' dir='ltr'><strong>δὲ</strong></span> <span class='ocrx_word' id='word_1_628' title='bbox 2897 2590 3214 2651; x_wconf 80' lang='grc' dir='ltr'>πολλοστὸν</span> <span class='ocrx_word' id='word_1_629' title='bbox 3267 2597 3457 2670; x_wconf 77' lang='grc' dir='ltr'>ταύτης</span> <span class='ocrx_word' id='word_1_630' title='bbox 3505 2601 3764 2678; x_wconf 65' lang='grc' dir='ltr'>καταλειφθὲν</span> 
     </span>
    </p>
   </div>
   <div class='ocr_carea' id='block_1_85' title="bbox 2220 2671 3765 2761">
    <p class='ocr_par' dir='ltr' id='par_1_85' title="bbox 2220 2671 3765 2761">
     <span class='ocr_line' id='line_1_85' title="bbox 2220 2671 3765 2761; baseline 0.011 -35"><span class='ocrx_word' id='word_1_631' title='bbox 2220 2671 2274 2727; x_wconf 83' lang='grc' dir='ltr'>ἐν</span> <span class='ocrx_word' id='word_1_632' title='bbox 2336 2673 2587 2761; x_wconf 75' lang='grc' dir='ltr'>ὑστάτοις</span> <span class='ocrx_word' id='word_1_633' title='bbox 2644 2676 3090 2752; x_wconf 76' lang='grc' dir='ltr'>ἐμφοϐηθήσεται</span> <span class='ocrx_word' id='word_1_634' title='bbox 3139 2687 3442 2760; x_wconf 83' lang='lat' dir='ltr'><strong>(Gregoras</strong></span> <span class='ocrx_word' id='word_1_635' title='bbox 3490 2690 3608 2761; x_wconf 77' lang='lat' dir='ltr'><strong>legit</strong></span> <span class='ocrx_word' id='word_1_636' title='bbox 3629 2671 3765 2757; x_wconf 65' lang='grc' dir='ltr'>ἑχύοηο</span> 
     </span>
    </p>
   </div>
   <div class='ocr_carea' id='block_1_86' title="bbox 2221 2759 3765 2851">
    <p class='ocr_par' dir='ltr' id='par_1_86' title="bbox 2221 2759 3765 2851">
     <span class='ocr_line' id='line_1_86' title="bbox 2221 2759 3765 2851; baseline 0.01 -36"><span class='ocrx_word' id='word_1_637' title='bbox 2221 2759 2629 2851; x_wconf 14' lang='grc' dir='ltr'>θήσεταιᾼέθνει</span> <span class='ocrx_word' id='word_1_638' title='bbox 2675 2767 2918 2844; x_wconf 82' lang='grc' dir='ltr'>ἀνάρχῳ,</span> <span class='ocrx_word' id='word_1_639' title='bbox 2972 2759 3318 2844; x_wconf 74' lang='grc' dir='ltr'>ἀλωθήσεται</span> <span class='ocrx_word' id='word_1_640' title='bbox 3368 2759 3632 2851; x_wconf 33' lang='grc' dir='ltr'><strong>(θνρεο-ηε</strong></span> <span class='ocrx_word' id='word_1_641' title='bbox 3666 2778 3765 2832; x_wconf 72' lang='grc' dir='ltr'>ἀλώ-</span> 
     </span>
    </p>
   </div>
   <div class='ocr_carea' id='block_1_87' title="bbox 2225 2849 3765 2938">
    <p class='ocr_par' dir='ltr' id='par_1_87' title="bbox 2225 2849 3765 2938">
     <span class='ocr_line' id='line_1_87' title="bbox 2225 2849 3765 2938; baseline 0.008 -34"><span class='ocrx_word' id='word_1_642' title='bbox 2225 2855 2394 2938; x_wconf 84' lang='grc' dir='ltr'>σεται)</span> <span class='ocrx_word' id='word_1_643' title='bbox 2451 2849 2509 2907; x_wconf 77' lang='grc' dir='ltr'><strong>δὲ</strong></span> <span class='ocrx_word' id='word_1_644' title='bbox 2571 2851 2828 2928; x_wconf 78' lang='grc' dir='ltr'>οὐδαμῶς</span> <span class='ocrx_word' id='word_1_645' title='bbox 2864 2902 2878 2915; x_wconf 91' lang='grc'><strong>.</strong></span> <span class='ocrx_word' id='word_1_646' title='bbox 2958 2861 3085 2916; x_wconf 75' lang='grc' dir='ltr'>Εἶτα</span> <span class='ocrx_word' id='word_1_647' title='bbox 3164 2849 3626 2936; x_wconf 31' lang='grc' dir='ltr'>ἀνακαινισθήνσεται</span> <span class='ocrx_word' id='word_1_648' title='bbox 3669 2867 3765 2938; x_wconf 75' lang='grc' dir='ltr'>παρὲ</span> 
     </span>
    </p>
   </div>
   <div class='ocr_carea' id='block_1_88' title="bbox 2225 2937 3768 3030">
    <p class='ocr_par' dir='ltr' id='par_1_88' title="bbox 2225 2937 3768 3030">
     <span class='ocr_line' id='line_1_88' title="bbox 2225 2937 3768 3030; baseline 0.009 -38"><span class='ocrx_word' id='word_1_649' title='bbox 2225 2937 2454 2994; x_wconf 79' lang='grc' dir='ltr'>δυνατοῦ</span> <span class='ocrx_word' id='word_1_650' title='bbox 2529 2943 2877 3018; x_wconf 85' lang='grc' dir='ltr'>Νικωνύμου,</span> <span class='ocrx_word' id='word_1_651' title='bbox 2943 2949 3003 3010; x_wconf 79' lang='grc' dir='ltr'>ὃς</span> <span class='ocrx_word' id='word_1_652' title='bbox 3076 2951 3357 3022; x_wconf 82' lang='grc' dir='ltr'>ὀκταπΑῆν</span> <span class='ocrx_word' id='word_1_653' title='bbox 3425 2952 3610 3030; x_wconf 76' lang='grc' dir='ltr'>ἀγλαῶς</span> <span class='ocrx_word' id='word_1_654' title='bbox 3659 2937 3768 3008; x_wconf 70' lang='grc' dir='ltr'>ἒνάει</span> 
     </span>
    </p>
   </div>
   <div class='ocr_carea' id='block_1_89' title="bbox 2224 3031 3766 3116">
    <p class='ocr_par' dir='ltr' id='par_1_89' title="bbox 2224 3031 3766 3116">
     <span class='ocr_line' id='line_1_89' title="bbox 2224 3031 3766 3116; baseline 0.005 -30"><span class='ocrx_word' id='word_1_655' title='bbox 2224 3031 2536 3103; x_wconf 88' lang='lat' dir='ltr'><strong>(Gregoras</strong></span> <span class='ocrx_word' id='word_1_656' title='bbox 2591 3031 2780 3088; x_wconf 81' lang='grc' dir='ltr'>ἐννάδα</span> <span class='ocrx_word' id='word_1_657' title='bbox 2835 3042 2892 3092; x_wconf 91' lang='lat' dir='ltr'><strong>et</strong></span> <span class='ocrx_word' id='word_1_658' title='bbox 2950 3039 3009 3094; x_wconf 90' lang='lat' dir='ltr'><strong>in</strong></span> <span class='ocrx_word' id='word_1_659' title='bbox 3064 3044 3329 3113; x_wconf 82' lang='lat' dir='ltr'><strong>margine</strong></span> <span class='ocrx_word' id='word_1_660' title='bbox 3381 3040 3592 3114; x_wconf 74' lang='grc' dir='ltr'>ἐννεάδα)</span> <span class='ocrx_word' id='word_1_661' title='bbox 3640 3043 3766 3116; x_wconf 75' lang='grc' dir='ltr'>βιώσει</span> 
     </span>
    </p>
   </div>
   <div class='ocr_carea' id='block_1_90' title="bbox 2225 3113 3767 3194">
    <p class='ocr_par' dir='ltr' id='par_1_90' title="bbox 2225 3113 3767 3194">
     <span class='ocr_line' id='line_1_90' title="bbox 2225 3113 3767 3194; baseline 0.005 -23"><span class='ocrx_word' id='word_1_662' title='bbox 2225 3113 2446 3185; x_wconf 83' lang='grc' dir='ltr'>δίσκων,</span> <span class='ocrx_word' id='word_1_663' title='bbox 2517 3118 2606 3173; x_wconf 86' lang='grc' dir='ltr'><strong>καὶ</strong></span> <span class='ocrx_word' id='word_1_664' title='bbox 2682 3121 2801 3194; x_wconf 84' lang='grc' dir='ltr'>τρὶς</span> <span class='ocrx_word' id='word_1_665' title='bbox 2875 3123 3010 3179; x_wconf 72' lang='grc' dir='ltr'><strong>ἒπτᾶ</strong></span> <span class='ocrx_word' id='word_1_666' title='bbox 3079 3125 3303 3182; x_wconf 88' lang='grc' dir='ltr'>κύκλων</span> <span class='ocrx_word' id='word_1_667' title='bbox 3372 3130 3519 3184; x_wconf 84' lang='grc' dir='ltr'>πόλιν</span> <span class='ocrx_word' id='word_1_668' title='bbox 3578 3113 3767 3184; x_wconf 64' lang='grc' dir='ltr'>Ἀττάλου</span> 
     </span>
    </p>
   </div>
   <div class='ocr_carea' id='block_1_91' title="bbox 2147 3185 3766 3291">
    <p class='ocr_par' dir='ltr' id='par_1_91' title="bbox 2147 3185 3766 3291">
     <span class='ocr_line' id='line_1_91' title="bbox 2147 3185 3766 3291; baseline 0.006 -32"><span class='ocrx_word' id='word_1_669' title='bbox 2147 3185 2192 3253; x_wconf 75' lang='lat' dir='ltr'>C</span> <span class='ocrx_word' id='word_1_670' title='bbox 2229 3205 2570 3280; x_wconf 85' lang='grc' dir='ltr'>λαμπρυνεῖ,</span> <span class='ocrx_word' id='word_1_671' title='bbox 2625 3209 2716 3263; x_wconf 84' lang='grc' dir='ltr'><strong>καὶ</strong></span> <span class='ocrx_word' id='word_1_672' title='bbox 2772 3212 2834 3265; x_wconf 86' lang='grc' dir='ltr'><strong>τὸ</strong></span> <span class='ocrx_word' id='word_1_673' title='bbox 2891 3215 3024 3288; x_wconf 87' lang='grc' dir='ltr'>παρ’</span> <span class='ocrx_word' id='word_1_674' title='bbox 3075 3215 3398 3290; x_wconf 82' lang='grc' dir='ltr'>Ἡρακλείου</span> <span class='ocrx_word' id='word_1_675' title='bbox 3449 3215 3766 3291; x_wconf 61' lang='grc' dir='ltr'>πολίχνιονδῷ</span> 
     </span>
    </p>
   </div>
   <div class='ocr_carea' id='block_1_92' title="bbox 2227 3293 3768 3380">
    <p class='ocr_par' dir='ltr' id='par_1_92' title="bbox 2227 3293 3768 3380">
     <span class='ocr_line' id='line_1_92' title="bbox 2227 3293 3768 3380; baseline 0.008 -33"><span class='ocrx_word' id='word_1_676' title='bbox 2227 3293 2319 3348; x_wconf 81' lang='grc' dir='ltr'><strong>καὶ</strong></span> <span class='ocrx_word' id='word_1_677' title='bbox 2397 3294 2590 3358; x_wconf 86' lang='grc' dir='ltr'>πόλεις</span> <span class='ocrx_word' id='word_1_678' title='bbox 2673 3297 2914 3374; x_wconf 72' lang='grc' dir='ltr'>ἑσπέριαι</span> <span class='ocrx_word' id='word_1_679' title='bbox 3004 3303 3366 3380; x_wconf 80' lang='grc' dir='ltr'>ὑποκύψουσι,</span> <span class='ocrx_word' id='word_1_680' title='bbox 3436 3306 3515 3360; x_wconf 81' lang='grc' dir='ltr'><strong>καὶ</strong></span> <span class='ocrx_word' id='word_1_681' title='bbox 3574 3305 3768 3380; x_wconf 71' lang='grc' dir='ltr'>ἀγέρωχοι</span> 
     </span>
    </p>
   </div>
   <div class='ocr_carea' id='block_1_93' title="bbox 2231 3381 3021 3455">
    <p class='ocr_par' dir='ltr' id='par_1_93' title="bbox 2231 3381 3021 3455">
     <span class='ocr_line' id='line_1_93' title="bbox 2231 3381 3021 3455; baseline 0.013 -19"><span class='ocrx_word' id='word_1_682' title='bbox 2231 3381 2692 3455; x_wconf 77' lang='grc' dir='ltr'>ὑποκλιθήσονται</span> <span class='ocrx_word' id='word_1_683' title='bbox 2723 3385 3021 3453; x_wconf 83' lang='grc' dir='ltr'>παιδικῶς.</span> 
     </span>
    </p>
   </div>
   <div class='ocr_carea' id='block_1_94' title="bbox 2465 3504 3600 3587">
    <p class='ocr_par' dir='ltr' id='par_1_94' title="bbox 2465 3504 3600 3587">
     <span class='ocr_line' id='line_1_94' title="bbox 2465 3504 3600 3587; baseline 0.007 -28"><span class='ocrx_word' id='word_1_684' title='bbox 2465 3504 2576 3560; x_wconf 82' lang='lat' dir='ltr'><strong>Hoc</strong></span> <span class='ocrx_word' id='word_1_685' title='bbox 2603 3508 2678 3560; x_wconf 88' lang='lat' dir='ltr'><strong>est</strong></span> <span class='ocrx_word' id='word_1_686' title='bbox 2709 3509 2997 3564; x_wconf 86' lang='lat' dir='ltr'><strong>oraculum</strong></span> <span class='ocrx_word' id='word_1_687' title='bbox 3026 3513 3323 3569; x_wconf 71' lang='lat' dir='ltr'><strong>Pausaniae</strong></span> <span class='ocrx_word' id='word_1_688' title='bbox 3349 3515 3600 3587; x_wconf 65' lang='lat' dir='ltr'><strong>presidzs.</strong></span> 
     </span>
    </p>
   </div>
   <div class='ocr_carea' id='block_1_95' title="bbox 2232 3598 3871 3684">
    <p class='ocr_par' dir='ltr' id='par_1_95' title="bbox 2232 3598 3871 3684">
     <span class='ocr_line' id='line_1_95' title="bbox 2232 3598 3871 3684; baseline 0.004 -28"><span class='ocrx_word' id='word_1_689' title='bbox 2232 3598 2392 3656; x_wconf 89' lang='lat' dir='ltr'><strong>Urbis</strong></span> <span class='ocrx_word' id='word_1_690' title='bbox 2434 3617 2567 3656; x_wconf 84' lang='lat' dir='ltr'><strong>vero</strong></span> <span class='ocrx_word' id='word_1_691' title='bbox 2602 3603 2869 3660; x_wconf 89' lang='lat' dir='ltr'><strong>Trallium</strong></span> <span class='ocrx_word' id='word_1_692' title='bbox 2897 3605 3059 3663; x_wconf 83' lang='lat' dir='ltr'><strong>decus</strong></span> <span class='ocrx_word' id='word_1_693' title='bbox 3107 3611 3435 3682; x_wconf 81' lang='lat' dir='ltr'><strong>temporibus</strong></span> <span class='ocrx_word' id='word_1_694' title='bbox 3477 3611 3569 3666; x_wconf 86' lang='lat' dir='ltr'><strong>erit</strong></span> <span class='ocrx_word' id='word_1_695' title='bbox 3599 3609 3764 3666; x_wconf 70' lang='lat' dir='ltr'><strong>erstinc-</strong></span> <span class='ocrx_word' id='word_1_696' title='bbox 3870 3673 3871 3684; x_wconf 16' lang='grc' dir='ltr'><strong>ἶ</strong></span> 
     </span>
    </p>
   </div>
   <div class='ocr_carea' id='block_1_96' title="bbox 2225 3690 3766 3769">
    <p class='ocr_par' dir='ltr' id='par_1_96' title="bbox 2225 3690 3766 3769">
     <span class='ocr_line' id='line_1_96' title="bbox 2225 3690 3766 3769; baseline 0.008 -27"><span class='ocrx_word' id='word_1_697' title='bbox 2225 3691 2364 3743; x_wconf 89' lang='lat' dir='ltr'><strong>tum.</strong></span> <span class='ocrx_word' id='word_1_698' title='bbox 2394 3690 2595 3746; x_wconf 82' lang='lat' dir='ltr'><strong>Tenues</strong></span> <span class='ocrx_word' id='word_1_699' title='bbox 2623 3696 2808 3748; x_wconf 88' lang='lat' dir='ltr'><strong>tamen</strong></span> <span class='ocrx_word' id='word_1_700' title='bbox 2835 3695 2954 3762; x_wconf 84' lang='lat' dir='ltr'><strong>eius</strong></span> <span class='ocrx_word' id='word_1_701' title='bbox 2984 3698 3240 3769; x_wconf 73' lang='lat' dir='ltr'><strong>reliquiae</strong></span> <span class='ocrx_word' id='word_1_702' title='bbox 3277 3703 3336 3755; x_wconf 87' lang='lat' dir='ltr'><strong>in</strong></span> <span class='ocrx_word' id='word_1_703' title='bbox 3376 3701 3567 3756; x_wconf 82' lang='lat' dir='ltr'><strong>ultimis</strong></span> <span class='ocrx_word' id='word_1_704' title='bbox 3599 3701 3766 3755; x_wconf 68' lang='lat' dir='ltr'><strong>edem-</strong></span> 
     </span>
    </p>
   </div>
   <div class='ocr_carea' id='block_1_97' title="bbox 2228 3779 3767 3862">
    <p class='ocr_par' dir='ltr' id='par_1_97' title="bbox 2228 3779 3767 3862">
     <span class='ocr_line' id='line_1_97' title="bbox 2228 3779 3767 3862; baseline 0.006 -31"><span class='ocrx_word' id='word_1_705' title='bbox 2228 3779 2440 3833; x_wconf 86' lang='lat' dir='ltr'><strong>buntur</strong></span> <span class='ocrx_word' id='word_1_706' title='bbox 2465 3796 2496 3834; x_wconf 93' lang='lat' dir='ltr'><strong>a</strong></span> <span class='ocrx_word' id='word_1_707' title='bbox 2526 3789 2690 3853; x_wconf 86' lang='lat' dir='ltr'><strong>gente</strong></span> <span class='ocrx_word' id='word_1_708' title='bbox 2715 3783 2838 3839; x_wconf 79' lang='lat' dir='ltr'><strong>sine</strong></span> <span class='ocrx_word' id='word_1_709' title='bbox 2885 3785 3212 3858; x_wconf 83' lang='lat' dir='ltr'><strong>principatu</strong></span> <span class='ocrx_word' id='word_1_710' title='bbox 3242 3807 3256 3844; x_wconf 91' lang='lat'><strong>:</strong></span> <span class='ocrx_word' id='word_1_711' title='bbox 3286 3794 3344 3846; x_wconf 83' lang='lat' dir='ltr'><strong>at</strong></span> <span class='ocrx_word' id='word_1_712' title='bbox 3369 3805 3662 3862; x_wconf 85' lang='lat' dir='ltr'><strong>nequaquam</strong></span> <span class='ocrx_word' id='word_1_713' title='bbox 3703 3803 3767 3841; x_wconf 80' lang='lat' dir='ltr'><strong>ca-</strong></span> 
     </span>
    </p>
   </div>
   <div class='ocr_carea' id='block_1_98' title="bbox 2225 3869 3770 3950">
    <p class='ocr_par' dir='ltr' id='par_1_98' title="bbox 2225 3869 3770 3950">
     <span class='ocr_line' id='line_1_98' title="bbox 2225 3869 3770 3950; baseline 0.009 -29"><span class='ocrx_word' id='word_1_714' title='bbox 2225 3869 2450 3939; x_wconf 85' lang='lat' dir='ltr'><strong>pientur</strong></span> <span class='ocrx_word' id='word_1_715' title='bbox 2481 3912 2494 3925; x_wconf 96' lang='lat'><strong>.</strong></span> <span class='ocrx_word' id='word_1_716' title='bbox 2529 3873 2908 3930; x_wconf 82' lang='lat' dir='ltr'><strong>Renovabitur</strong></span> <span class='ocrx_word' id='word_1_717' title='bbox 2934 3883 3117 3934; x_wconf 89' lang='lat' dir='ltr'><strong>autem</strong></span> <span class='ocrx_word' id='word_1_718' title='bbox 3140 3898 3182 3936; x_wconf 85' lang='grc' dir='ltr'><strong>α</strong></span> <span class='ocrx_word' id='word_1_719' title='bbox 3211 3889 3427 3950; x_wconf 83' lang='lat' dir='ltr'><strong>potente</strong></span> <span class='ocrx_word' id='word_1_720' title='bbox 3450 3883 3535 3937; x_wconf 87' lang='lat' dir='ltr'><strong>cui</strong></span> <span class='ocrx_word' id='word_1_721' title='bbox 3555 3897 3588 3936; x_wconf 89' lang='lat' dir='ltr'><strong>a</strong></span> <span class='ocrx_word' id='word_1_722' title='bbox 3611 3879 3770 3934; x_wconf 60' lang='lat' dir='ltr'><strong>victoria</strong></span> 
     </span>
    </p>
   </div>
   <div class='ocr_carea' id='block_1_99' title="bbox 2225 3960 3768 4037">
    <p class='ocr_par' dir='ltr' id='par_1_99' title="bbox 2225 3960 3768 4037">
     <span class='ocr_line' id='line_1_99' title="bbox 2225 3960 3768 4037; baseline 0.007 -26"><span class='ocrx_word' id='word_1_723' title='bbox 2225 3973 2442 4013; x_wconf 84' lang='lat' dir='ltr'><strong>nomen.</strong></span> <span class='ocrx_word' id='word_1_724' title='bbox 2479 3960 2586 4029; x_wconf 85' lang='lat' dir='ltr'><strong>Qui</strong></span> <span class='ocrx_word' id='word_1_725' title='bbox 2610 3968 2871 4036; x_wconf 77' lang='lat' dir='ltr'><strong>octuplea:</strong></span> <span class='ocrx_word' id='word_1_726' title='bbox 2893 3967 3179 4037; x_wconf 80' lang='lat' dir='ltr'><strong>splendide</strong></span> <span class='ocrx_word' id='word_1_727' title='bbox 3208 3973 3552 4026; x_wconf 88' lang='lat' dir='ltr'><strong>novenarium</strong></span> <span class='ocrx_word' id='word_1_728' title='bbox 3579 3970 3683 4023; x_wconf 81' lang='lat' dir='ltr'><strong>vivet</strong></span> <span class='ocrx_word' id='word_1_729' title='bbox 3713 3964 3768 4016; x_wconf 79' lang='lat' dir='ltr'><strong>di-</strong></span> 
     </span>
    </p>
   </div>
   <div class='ocr_carea' id='block_1_100' title="bbox 2225 4045 3770 4125">
    <p class='ocr_par' dir='ltr' id='par_1_100' title="bbox 2225 4045 3770 4125">
     <span class='ocr_line' id='line_1_100' title="bbox 2225 4045 3770 4125; baseline 0.003 -23"><span class='ocrx_word' id='word_1_730' title='bbox 2225 4045 2463 4114; x_wconf 70' lang='lat' dir='ltr'><strong>‘corum,</strong></span> <span class='ocrx_word' id='word_1_731' title='bbox 2494 4055 2550 4105; x_wconf 87' lang='lat' dir='ltr'><strong>et</strong></span> <span class='ocrx_word' id='word_1_732' title='bbox 2577 4059 2661 4106; x_wconf 86' lang='lat' dir='ltr'><strong>ter</strong></span> <span class='ocrx_word' id='word_1_733' title='bbox 2688 4061 2895 4125; x_wconf 85' lang='lat' dir='ltr'><strong>septem</strong></span> <span class='ocrx_word' id='word_1_734' title='bbox 2947 4057 3164 4112; x_wconf 87' lang='lat' dir='ltr'><strong>orbium</strong></span> <span class='ocrx_word' id='word_1_735' title='bbox 3200 4061 3468 4115; x_wconf 88' lang='lat' dir='ltr'><strong>civitatem</strong></span> <span class='ocrx_word' id='word_1_736' title='bbox 3509 4057 3650 4114; x_wconf 78' lang='lat' dir='ltr'><strong>Attali</strong></span> <span class='ocrx_word' id='word_1_737' title='bbox 3681 4055 3770 4109; x_wconf 75' lang='lat' dir='ltr'><strong>illu-</strong></span> 
     </span>
    </p>
   </div>
   <div class='ocr_carea' id='block_1_101' title="bbox 2226 4136 3771 4218">
    <p class='ocr_par' dir='ltr' id='par_1_101' title="bbox 2226 4136 3771 4218">
     <span class='ocr_line' id='line_1_101' title="bbox 2226 4136 3771 4218; baseline 0.008 -30"><span class='ocrx_word' id='word_1_738' title='bbox 2226 4136 2450 4207; x_wconf 85' lang='lat' dir='ltr'><strong>strabit,</strong></span> <span class='ocrx_word' id='word_1_739' title='bbox 2483 4142 2532 4192; x_wconf 86' lang='lat' dir='ltr'><strong>et</strong></span> <span class='ocrx_word' id='word_1_740' title='bbox 2563 4140 2704 4210; x_wconf 88' lang='lat' dir='ltr'><strong>quod</strong></span> <span class='ocrx_word' id='word_1_741' title='bbox 2729 4141 2796 4195; x_wconf 87' lang='lat' dir='ltr'><strong>ab</strong></span> <span class='ocrx_word' id='word_1_742' title='bbox 2826 4145 3089 4199; x_wconf 79' lang='lat' dir='ltr'><strong>Heraclio</strong></span> <span class='ocrx_word' id='word_1_743' title='bbox 3119 4147 3440 4218; x_wconf 87' lang='lat' dir='ltr'><strong>oppidulum</strong></span> <span class='ocrx_word' id='word_1_744' title='bbox 3463 4165 3475 4215; x_wconf 89' lang='lat'><strong>;</strong></span> <span class='ocrx_word' id='word_1_745' title='bbox 3497 4149 3578 4202; x_wconf 85' lang='lat' dir='ltr'><strong>cui</strong></span> <span class='ocrx_word' id='word_1_746' title='bbox 3599 4149 3640 4200; x_wconf 79' lang='lat' dir='ltr'><strong>et</strong></span> <span class='ocrx_word' id='word_1_747' title='bbox 3664 4141 3771 4197; x_wconf 56' lang='lat' dir='ltr'><strong>urbe:</strong></span> 
     </span>
    </p>
   </div>
   <div class='ocr_carea' id='block_1_102' title="bbox 2230 4222 3770 4308">
    <p class='ocr_par' dir='ltr' id='par_1_102' title="bbox 2230 4222 3770 4308">
     <span class='ocr_line' id='line_1_102' title="bbox 2230 4222 3770 4308; baseline 0.005 -30"><span class='ocrx_word' id='word_1_748' title='bbox 2230 4222 2493 4283; x_wconf 71' lang='lat' dir='ltr'><strong>Occiduae</strong></span> <span class='ocrx_word' id='word_1_749' title='bbox 2532 4227 2910 4298; x_wconf 81' lang='lat' dir='ltr'><strong>subjacebunt,</strong></span> <span class='ocrx_word' id='word_1_750' title='bbox 2970 4235 3024 4288; x_wconf 83' lang='lat' dir='ltr'><strong>et</strong></span> <span class='ocrx_word' id='word_1_751' title='bbox 3070 4234 3282 4304; x_wconf 80' lang='lat' dir='ltr'><strong>feroces</strong></span> <span class='ocrx_word' id='word_1_752' title='bbox 3335 4236 3652 4308; x_wconf 84' lang='lat' dir='ltr'><strong>subjicicntur</strong></span> <span class='ocrx_word' id='word_1_753' title='bbox 3685 4243 3770 4301; x_wconf 78' lang='lat' dir='ltr'><strong>put-</strong></span> 
     </span>
    </p>
   </div>
   <div class='ocr_carea' id='block_1_103' title="bbox 2228 4312 2436 4371">
    <p class='ocr_par' dir='ltr' id='par_1_103' title="bbox 2228 4312 2436 4371">
     <span class='ocr_line' id='line_1_103' title="bbox 2228 4312 2436 4371; baseline 0.019 -4"><span class='ocrx_word' id='word_1_754' title='bbox 2228 4312 2436 4371; x_wconf 86' lang='lat' dir='ltr'><strong>riliter.</strong></span> 
     </span>
    </p>
   </div>
   <div class='ocr_carea' id='block_1_104' title="bbox 2300 4402 3765 4480">
    <p class='ocr_par' dir='ltr' id='par_1_104' title="bbox 2300 4402 3765 4480">
     <span class='ocr_line' id='line_1_104' title="bbox 2300 4402 3765 4480; baseline 0.005 -22"><span class='ocrx_word' id='word_1_755' title='bbox 2300 4402 2508 4472; x_wconf 80' lang='lat' dir='ltr'><strong>Vertit,</strong></span> <span class='ocrx_word' id='word_1_756' title='bbox 2539 4411 2604 4461; x_wconf 93' lang='lat' dir='ltr'><strong>ut</strong></span> <span class='ocrx_word' id='word_1_757' title='bbox 2635 4406 2694 4463; x_wconf 92' lang='lat' dir='ltr'><strong>in</strong></span> <span class='ocrx_word' id='word_1_758' title='bbox 2725 4409 2979 4466; x_wconf 90' lang='lat' dir='ltr'><strong>oraculis</strong></span> <span class='ocrx_word' id='word_1_759' title='bbox 3010 4411 3133 4468; x_wconf 84' lang='lat' dir='ltr'><strong>ﬁeri</strong></span> <span class='ocrx_word' id='word_1_760' title='bbox 3163 4414 3356 4480; x_wconf 87' lang='lat' dir='ltr'><strong>debet,</strong></span> <span class='ocrx_word' id='word_1_761' title='bbox 3402 4412 3525 4468; x_wconf 74' lang='grc' dir='ltr'>κατὰ</span> <span class='ocrx_word' id='word_1_762' title='bbox 3561 4407 3685 4475; x_wconf 81' lang='grc' dir='ltr'>πόδα,</span> <span class='ocrx_word' id='word_1_763' title='bbox 3721 4405 3765 4461; x_wconf 74' lang='lat' dir='ltr'><strong>ad</strong></span> 
     </span>
    </p>
   </div>
   <div class='ocr_carea' id='block_1_105' title="bbox 3202 4495 3774 4576">
    <p class='ocr_par' dir='ltr' id='par_1_105' title="bbox 3202 4495 3774 4576">
     <span class='ocr_line' id='line_1_105' title="bbox 3202 4495 3774 4576; baseline -0.021 -17"><span class='ocrx_word' id='word_1_764' title='bbox 3202 4504 3415 4576; x_wconf 86' lang='lat' dir='ltr'><strong>apices.</strong></span> <span class='ocrx_word' id='word_1_765' title='bbox 3463 4501 3703 4560; x_wconf 88' lang='lat' dir='ltr'><strong>Judicium</strong></span> <span class='ocrx_word' id='word_1_766' title='bbox 3729 4495 3774 4548; x_wconf 80' lang='lat' dir='ltr'><strong>de</strong></span> 
     </span>
    </p>
   </div>
   <div class='ocr_carea' id='block_1_106' title="bbox 2230 4757 3775 4838">
    <p class='ocr_par' dir='ltr' id='par_1_106' title="bbox 2230 4757 3775 4838">
     <span class='ocr_line' id='line_1_106' title="bbox 2230 4757 3775 4838; baseline 0.001 -28"><span class='ocrx_word' id='word_1_767' title='bbox 2230 4773 2454 4828; x_wconf 90' lang='lat' dir='ltr'><strong>verum,</strong></span> <span class='ocrx_word' id='word_1_768' title='bbox 2508 4775 2624 4830; x_wconf 85' lang='lat' dir='ltr'><strong>quo</strong></span> <span class='ocrx_word' id='word_1_769' title='bbox 2672 4763 2800 4830; x_wconf 88' lang='lat' dir='ltr'><strong>ejus</strong></span> <span class='ocrx_word' id='word_1_770' title='bbox 2839 4757 3108 4826; x_wconf 83' lang='grc' dir='ltr'>ἀπόϐασις</span> <span class='ocrx_word' id='word_1_771' title='bbox 3154 4769 3456 4838; x_wconf 82' lang='lat' dir='ltr'><strong>pertineat,</strong></span> <span class='ocrx_word' id='word_1_772' title='bbox 3517 4763 3678 4822; x_wconf 85' lang='lat' dir='ltr'><strong>lectori</strong></span> <span class='ocrx_word' id='word_1_773' title='bbox 3716 4774 3775 4813; x_wconf 85' lang='lat' dir='ltr'><strong>re-</strong></span> 
     </span>
    </p>
   </div>
   <div class='ocr_carea' id='block_1_107' title="bbox 2229 4843 2776 4919">
    <p class='ocr_par' dir='ltr' id='par_1_107' title="bbox 2229 4843 2776 4919">
     <span class='ocr_line' id='line_1_107' title="bbox 2229 4843 2776 4919; baseline 0.009 -20"><span class='ocrx_word' id='word_1_774' title='bbox 2229 4843 2432 4917; x_wconf 88' lang='lat' dir='ltr'><strong>linquo</strong></span> <span class='ocrx_word' id='word_1_775' title='bbox 2459 4847 2776 4919; x_wconf 88' lang='lat' dir='ltr'><strong>integrum.</strong></span> 
     </span>
    </p>
   </div>
   <div class='ocr_carea' id='block_1_108' title="bbox 2301 4933 3768 5016">
    <p class='ocr_par' dir='ltr' id='par_1_108' title="bbox 2301 4933 3768 5016">
     <span class='ocr_line' id='line_1_108' title="bbox 2301 4933 3768 5016; baseline 0.001 -28"><span class='ocrx_word' id='word_1_776' title='bbox 2301 4938 2368 4990; x_wconf 86' lang='lat' dir='ltr'><strong>P.</strong></span> <span class='ocrx_word' id='word_1_777' title='bbox 2401 4935 2524 4990; x_wconf 86' lang='grc'><strong>470.</strong></span> <span class='ocrx_word' id='word_1_778' title='bbox 2574 4938 2637 4992; x_wconf 67' lang='lat' dir='ltr'><strong>In.</strong></span> <span class='ocrx_word' id='word_1_779' title='bbox 2692 4938 2828 5008; x_wconf 81' lang='lat' dir='ltr'><strong>fatis</strong></span> <span class='ocrx_word' id='word_1_780' title='bbox 2882 4944 3020 4997; x_wconf 86' lang='lat' dir='ltr'><strong>erat.</strong></span> <span class='ocrx_word' id='word_1_781' title='bbox 3082 4942 3223 5000; x_wconf 87' lang='lat' dir='ltr'><strong>Vide</strong></span> <span class='ocrx_word' id='word_1_782' title='bbox 3278 4961 3401 5016; x_wconf 66' lang='lat' dir='ltr'><strong>quae</strong></span> <span class='ocrx_word' id='word_1_783' title='bbox 3431 4943 3706 5000; x_wconf 84' lang='lat' dir='ltr'><strong>notavimus</strong></span> <span class='ocrx_word' id='word_1_784' title='bbox 3727 4933 3768 4989; x_wconf 87' lang='lat' dir='ltr'><strong>ad</strong></span> 
     </span>
    </p>
   </div>
   <div class='ocr_carea' id='block_1_109' title="bbox 2232 5025 3769 5107">
    <p class='ocr_par' dir='ltr' id='par_1_109' title="bbox 2232 5025 3769 5107">
     <span class='ocr_line' id='line_1_109' title="bbox 2232 5025 3769 5107; baseline -0.002 -28"><span class='ocrx_word' id='word_1_785' title='bbox 2232 5041 2286 5096; x_wconf 94' lang='lat' dir='ltr'><strong>p.</strong></span> <span class='ocrx_word' id='word_1_786' title='bbox 2321 5025 2424 5080; x_wconf 82' lang='grc'><strong>104</strong></span> <span class='ocrx_word' id='word_1_787' title='bbox 2445 5032 2503 5081; x_wconf 90' lang='lat' dir='ltr'><strong>et</strong></span> <span class='ocrx_word' id='word_1_788' title='bbox 2532 5027 2653 5098; x_wconf 69' lang='lat'>439,</span> <span class='ocrx_word' id='word_1_789' title='bbox 2690 5028 2828 5084; x_wconf 89' lang='lat' dir='ltr'><strong>item</strong></span> <span class='ocrx_word' id='word_1_790' title='bbox 2861 5031 2931 5085; x_wconf 89' lang='lat' dir='ltr'><strong>ad</strong></span> <span class='ocrx_word' id='word_1_791' title='bbox 2967 5048 3025 5102; x_wconf 90' lang='lat' dir='ltr'><strong>p.</strong></span> <span class='ocrx_word' id='word_1_792' title='bbox 3073 5034 3222 5102; x_wconf 83' lang='lat'>229;</span> <span class='ocrx_word' id='word_1_793' title='bbox 3274 5036 3478 5107; x_wconf 87' lang='lat' dir='ltr'><strong>quibus</strong></span> <span class='ocrx_word' id='word_1_794' title='bbox 3522 5029 3769 5088; x_wconf 76' lang='lat' dir='ltr'><strong>haereticam</strong></span> 
     </span>
    </p>
   </div>
   <div class='ocr_carea' id='block_1_110' title="bbox 2229 5116 3769 5180">
    <p class='ocr_par' dir='ltr' id='par_1_110' title="bbox 2229 5116 3769 5180">
     <span class='ocr_line' id='line_1_110' title="bbox 2229 5116 3769 5180; baseline 0 -9"><span class='ocrx_word' id='word_1_795' title='bbox 2229 5116 2556 5171; x_wconf 87' lang='lat' dir='ltr'><strong>doctrinam</strong></span> <span class='ocrx_word' id='word_1_796' title='bbox 2609 5117 2804 5173; x_wconf 82' lang='lat' dir='ltr'><strong>fatalia</strong></span> <span class='ocrx_word' id='word_1_797' title='bbox 2865 5123 3230 5178; x_wconf 84' lang='lat' dir='ltr'><strong>necessitatis</strong></span> <span class='ocrx_word' id='word_1_798' title='bbox 3268 5125 3505 5180; x_wconf 89' lang='lat' dir='ltr'><strong>liberum</strong></span> <span class='ocrx_word' id='word_1_799' title='bbox 3545 5116 3769 5176; x_wconf 81' lang='lat' dir='ltr'><strong>arbitrium</strong></span> 
     </span>
    </p>
   </div>
   <div class='ocr_carea' id='block_1_111' title="bbox 2229 5205 3771 5277">
    <p class='ocr_par' dir='ltr' id='par_1_111' title="bbox 2229 5205 3771 5277">
     <span class='ocr_line' id='line_1_111' title="bbox 2229 5205 3771 5277; baseline 0.002 -20"><span class='ocrx_word' id='word_1_800' title='bbox 2229 5205 2572 5276; x_wconf 89' lang='lat' dir='ltr'><strong>perimentis</strong></span> <span class='ocrx_word' id='word_1_801' title='bbox 2614 5207 2947 5277; x_wconf 86' lang='lat' dir='ltr'><strong>rejecimus,</strong></span> <span class='ocrx_word' id='word_1_802' title='bbox 2995 5210 3044 5265; x_wconf 90' lang='lat' dir='ltr'><strong>si</strong></span> <span class='ocrx_word' id='word_1_803' title='bbox 3095 5212 3240 5268; x_wconf 83' lang='lat' dir='ltr'><strong>forte</strong></span> <span class='ocrx_word' id='word_1_804' title='bbox 3280 5213 3372 5268; x_wconf 90' lang='lat' dir='ltr'><strong>hic</strong></span> <span class='ocrx_word' id='word_1_805' title='bbox 3418 5212 3560 5267; x_wconf 81' lang='lat' dir='ltr'><strong>illam</strong></span> <span class='ocrx_word' id='word_1_806' title='bbox 3597 5206 3771 5274; x_wconf 67' lang='lat' dir='ltr'><strong>scriptor</strong></span> 
     </span>
    </p>
   </div>
   <div class='ocr_carea' id='block_1_112' title="bbox 2228 5293 3202 5367">
    <p class='ocr_par' dir='ltr' id='par_1_112' title="bbox 2228 5293 3202 5367">
     <span class='ocr_line' id='line_1_112' title="bbox 2228 5293 3202 5367; baseline 0.008 -19"><span class='ocrx_word' id='word_1_807' title='bbox 2228 5293 2639 5349; x_wconf 88' lang='lat' dir='ltr'><strong>schismaticus</strong></span> <span class='ocrx_word' id='word_1_808' title='bbox 2671 5295 2989 5367; x_wconf 79' lang='lat' dir='ltr'><strong>indicatam</strong></span> <span class='ocrx_word' id='word_1_809' title='bbox 3012 5299 3202 5362; x_wconf 79' lang='lat' dir='ltr'><strong>vellet.</strong></span> 
     </span>
    </p>
   </div>
   <div class='ocr_carea' id='block_1_113' title="bbox 2297 5383 3871 5472">
    <p class='ocr_par' dir='ltr' id='par_1_113' title="bbox 2297 5383 3871 5472">
     <span class='ocr_line' id='line_1_113' title="bbox 2297 5383 3871 5472; baseline -0.005 -32"><span class='ocrx_word' id='word_1_810' title='bbox 2297 5388 2359 5440; x_wconf 91' lang='lat' dir='ltr'><strong>P.</strong></span> <span class='ocrx_word' id='word_1_811' title='bbox 2394 5384 2521 5441; x_wconf 88' lang='grc'>478.</span> <span class='ocrx_word' id='word_1_812' title='bbox 2553 5383 2734 5440; x_wconf 88' lang='lat' dir='ltr'><strong>Edicti</strong></span> <span class='ocrx_word' id='word_1_813' title='bbox 2787 5389 3083 5446; x_wconf 83' lang='lat' dir='ltr'><strong>sententia.</strong></span> <span class='ocrx_word' id='word_1_814' title='bbox 3145 5389 3384 5447; x_wconf 86' lang='lat' dir='ltr'><strong>Videtur</strong></span> <span class='ocrx_word' id='word_1_815' title='bbox 3434 5390 3533 5444; x_wconf 89' lang='lat' dir='ltr'><strong>hoc</strong></span> <span class='ocrx_word' id='word_1_816' title='bbox 3581 5384 3764 5472; x_wconf 69' lang='lat' dir='ltr'><strong>edictuin</strong></span> <span class='ocrx_word' id='word_1_817' title='bbox 3870 5383 3871 5428; x_wconf 58' lang='grc' dir='ltr'><strong><em>ὲ</em></strong></span> 
     </span>
    </p>
   </div>
   <div class='ocr_carea' id='block_1_114' title="bbox 2224 5474 3766 5550">
    <p class='ocr_par' dir='ltr' id='par_1_114' title="bbox 2224 5474 3766 5550">
     <span class='ocr_line' id='line_1_114' title="bbox 2224 5474 3766 5550; baseline -0.003 -22"><span class='ocrx_word' id='word_1_818' title='bbox 2224 5474 2545 5544; x_wconf 86' lang='lat' dir='ltr'><strong>imperator</strong></span> <span class='ocrx_word' id='word_1_819' title='bbox 2573 5474 2880 5531; x_wconf 88' lang='lat' dir='ltr'><strong>inchoasse</strong></span> <span class='ocrx_word' id='word_1_820' title='bbox 2909 5476 2982 5531; x_wconf 89' lang='lat' dir='ltr'><strong>ab</strong></span> <span class='ocrx_word' id='word_1_821' title='bbox 3011 5476 3132 5534; x_wconf 90' lang='lat' dir='ltr'><strong>illis</strong></span> <span class='ocrx_word' id='word_1_822' title='bbox 3161 5480 3216 5535; x_wconf 93' lang='lat' dir='ltr'><strong>S.</strong></span> <span class='ocrx_word' id='word_1_823' title='bbox 3236 5478 3480 5550; x_wconf 84' lang='lat' dir='ltr'><strong>Gregorii</strong></span> <span class='ocrx_word' id='word_1_824' title='bbox 3505 5475 3766 5532; x_wconf 71' lang='lat' dir='ltr'><strong>Nazianzenl</strong></span> 
     </span>
    </p>
   </div>
   <div class='ocr_carea' id='block_1_115' title="bbox 2223 5555 3768 5634">
    <p class='ocr_par' dir='ltr' id='par_1_115' title="bbox 2223 5555 3768 5634">
     <span class='ocr_line' id='line_1_115' title="bbox 2223 5555 3768 5634; baseline -0.003 -17"><span class='ocrx_word' id='word_1_825' title='bbox 2223 5561 2417 5617; x_wconf 89' lang='lat' dir='ltr'><strong>verbis</strong></span> <span class='ocrx_word' id='word_1_826' title='bbox 2443 5577 2571 5634; x_wconf 70' lang='lat' dir='ltr'><strong>quia</strong></span> <span class='ocrx_word' id='word_1_827' title='bbox 2601 5562 2685 5618; x_wconf 87' lang='lat' dir='ltr'><strong>sic</strong></span> <span class='ocrx_word' id='word_1_828' title='bbox 2716 5563 2776 5618; x_wconf 92' lang='lat' dir='ltr'><strong>in</strong></span> <span class='ocrx_word' id='word_1_829' title='bbox 2807 5565 3066 5623; x_wconf 89' lang='lat' dir='ltr'><strong>oratione</strong></span> <span class='ocrx_word' id='word_1_830' title='bbox 3093 5573 3292 5624; x_wconf 89' lang='lat' dir='ltr'><strong>contra</strong></span> <span class='ocrx_word' id='word_1_831' title='bbox 3337 5564 3683 5622; x_wconf 83' lang='lat' dir='ltr'><strong>Eunomianos</strong></span> <span class='ocrx_word' id='word_1_832' title='bbox 3712 5555 3768 5608; x_wconf 75' lang='grc' dir='ltr'><strong>ιοο</strong></span> 
     </span>
    </p>
   </div>
   <div class='ocr_carea' id='block_1_116' title="bbox 2223 5645 3871 5762">
    <p class='ocr_par' dir='ltr' id='par_1_116' title="bbox 2223 5645 3871 5762">
     <span class='ocr_line' id='line_1_116' title="bbox 2223 5645 3871 5762; baseline -0.008 -54"><span class='ocrx_word' id='word_1_833' title='bbox 2223 5653 2443 5722; x_wconf 81' lang='lat' dir='ltr'><strong>guntur</strong></span> <span class='ocrx_word' id='word_1_834' title='bbox 2469 5667 2528 5722; x_wconf 91' lang='lat' dir='ltr'><strong>p.</strong></span> <span class='ocrx_word' id='word_1_835' title='bbox 2560 5651 2666 5708; x_wconf 76' lang='grc'>495</span> <span class='ocrx_word' id='word_1_836' title='bbox 2685 5655 2745 5709; x_wconf 88' lang='lat' dir='ltr'><strong>et</strong></span> <span class='ocrx_word' id='word_1_837' title='bbox 2772 5653 2876 5709; x_wconf 83' lang='grc'><strong>106</strong></span> <span class='ocrx_word' id='word_1_838' title='bbox 2903 5654 3000 5712; x_wconf 89' lang='lat' dir='ltr'><strong>ed.</strong></span> <span class='ocrx_word' id='word_1_839' title='bbox 3043 5655 3221 5714; x_wconf 68' lang='lat' dir='ltr'><strong>Graec.</strong></span> <span class='ocrx_word' id='word_1_840' title='bbox 3266 5655 3538 5714; x_wconf 86' lang='lat' dir='ltr'><strong>Basileens</strong></span> <span class='ocrx_word' id='word_1_841' title='bbox 3560 5669 3572 5707; x_wconf 88' lang='lat'><strong><em>:</em></strong></span> <span class='ocrx_word' id='word_1_842' title='bbox 3595 5649 3767 5715; x_wconf 75' lang='grc' dir='ltr'>Μνημο·</span> 
     </span>
    </p>
   </div>
  </div>
