3968 6202
304 300 444 387 1145

1894 332 2120 386 ΝΟΤΕ.

3569 343 3706 397 1146

299 458 510 512 νευτὲον
568 457 670 531 γὰρ
730 460 863 511 Θεοῦ
935 454 1147 529 μᾶλλον
1198 456 1234 525 ἢ
1319 457 1728 514 ἀναπνευστέον.
1789 456 1950 522 Quod

2072 454 2159 512 hic
2186 459 2395 530 positis
2428 466 2619 532 potest
2667 464 2871 520 astrui.
2905 465 3073 522 Prius
3116 472 3204 523 est
3252 467 3700 525 Constantinum

299 550 582 620 deinceps
602 547 695 602 hic
714 548 1033 604 historicus
1064 547 1261 619 culpat
1282 550 1670 604 orthodoxam
1698 548 1949 619 patriar-

303 639 476 695 cham
510 639 778 703 Veccum,
814 637 953 708 quia
997 637 1045 691 is
1078 638 1311 707 scriptis
1355 639 1615 694 refellere
1654 637 1946 692 schisma-

305 729 455 783 ticos
509 726 585 782 sit
628 742 963 798 aggressus,
1015 726 1404 782 schismaticze
1443 727 1699 798 loliginis
1738 743 1949 782 succus

304 821 412 877 est,
471 815 634 870 nullo
678 815 819 870 satis
878 821 1140 886 specioso
1185 818 1425 872 tectorio
1475 817 1706 872 lividam
1775 815 1948 871 mali-

303 907 599 978 gnitatem
630 905 850 961 velans.
893 906 1095 976 Itaque
1143 905 1360 962 oblitus
1411 924 1589 979 quam
1642 906 1951 978 magnifice

302 1000 480 1051 antea
512 995 907 1066 prmdidaverit
929 993 1184 1050 nobilem
1218 1000 1274 1050 et
1302 995 1547 1051 liberam
1578 996 1750 1051 Vacci
1784 997 1952 1050 indo-

300 1086 420 1140 lem
455 1085 528 1140 ab
558 1083 720 1140 omni
750 1083 1031 1138 adulandi
1081 1085 1362 1140 servitute
1392 1085 1950 1155 disjunctissimam,

305 1191 490 1241 nunc,
523 1173 571 1228 si
612 1173 844 1244 superis
885 1172 1075 1244 placet
1122 1191 1252 1229 eum
1289 1174 1524 1230 exhibet
1553 1179 1724 1230 Persa
1745 1175 1951 1245 quovis

309 1263 684 1333 abjectiorem
741 1263 796 1316 in
845 1263 1217 1332 assentando,
1267 1263 1575 1335 prodigum
1616 1263 1949 1332 titulorum,

308 1359 368 1408 et
402 1352 543 1406 nihil
575 1352 688 1406 sibi
721 1351 1029 1406 facientem
1057 1351 1268 1424 reliqui
1313 1351 1372 1407 in
1406 1353 1736 1409 extollendo
1768 1353 1952 1409 hono-

305 1440 473 1495 ribus
524 1439 798 1496 indebitis
849 1441 1228 1511 Ephesinum,
1280 1443 1450 1512 cujus
1507 1459 1684 1514 opera
1736 1452 1951 1515 egeret,

299 1529 655 1596 antistitem,
698 1546 811 1601 quo
861 1530 941 1585 ita
980 1530 1092 1585 sibi
1146 1546 1282 1586 eum
1332 1532 1679 1589 devinciret.
1721 1532 1950 1600 Scribit,

301 1618 497 1690 inquit
532 1636 587 1690 p.
614 1619 737 1687 479,
789 1619 858 1673 ad
907 1619 1262 1690 Ephesinum,
1311 1637 1558 1692 eumque,
1604 1631 1666 1677 ut
1704 1624 1823 1692 ipsa
1858 1623 1954 1677 in-

303 1707 613 1778 scriptione
658 1707 1054 1776 demereretur,
1102 1726 1212 1765 non
1253 1710 1582 1782 simpliciter
1637 1710 1954 1784 ἱερώτατον,

2071 545 2222 601 hunc
2245 565 2512 606 aversum
2540 568 2602 607 se
2624 570 2656 607 a
2680 571 2819 625 pace
2851 554 3236 611 Ecclesiarum
3260 555 3454 628 palam
3497 558 3703 613 tulisse

2068 637 2222 706 quod
2257 654 2369 692 non
2401 645 2489 694 est
2520 641 2838 698 verisimile
2896 646 3187 700 t'acturum
3240 662 3397 714 eum,
3430 645 3478 699 si
3538 652 3702 716 pater

2066 726 2216 794 ejus,
2276 729 2437 797 pacis
2483 731 2610 800 ejus
2661 733 2830 802 quasi
2881 738 3083 788 auctor
3139 741 3195 790 et
3259 735 3700 806 studiossimus,

2063 815 2303 870 viveret.
2351 817 2637 887 Alterum,
2685 819 3095 892 imperatorem
3145 825 3520 879 Constantino
3571 841 3702 878 suc-

2065 909 2401 961 censentem
2435 922 2500 961 eo
2525 907 2759 962 nomine
2782 915 2918 979 ;rem
2948 910 3019 964 ad
3073 920 3293 982 patrem
3323 912 3552 982 juvenis
3587 931 3700 967 non

2065 991 2346 1048 detulisse
2376 998 2432 1048 et
2451 995 2502 1050 ei
2528 995 2712 1050 filium
2737 997 3146 1069 castigandum
3174 1019 3282 1056 non
3310 1001 3697 1057 commisisse.

2063 1081 2174 1136 Sed
2208 1084 2276 1137 ad
2308 1083 2564 1154 primum
2599 1085 2849 1140 dicimus
2881 1090 3095 1142 mirum
3123 1106 3233 1144 non
3259 1107 3387 1145 esse
3418 1090 3702 1144 Constan-

2064 1172 2252 1226 tinum
2287 1189 2320 1226 a
2368 1177 2531 1244 patre
2579 1173 2952 1243 dissensisse,
2987 1193 3119 1232 cum
3169 1179 3439 1248 superius
3485 1179 3701 1252 Pachy-

2066 1277 2255 1316 meres
2278 1261 2541 1317 docuerit
2563 1262 2620 1317 in
2647 1264 2896 1335 singulis
2915 1265 3096 1320 ferme
3115 1271 3254 1322 tunc
3281 1267 3517 1322 familiis
3541 1270 3700 1338 paria

2065 1350 2399 1420 contigisse.
2433 1350 2598 1406 Certe
2633 1352 2689 1407 in
2725 1353 2852 1425 ipsa
2883 1354 3257 1425 imperatoria
3287 1355 3555 1410 videmus
3591 1361 3699 1410 Eu-

2063 1439 2279 1510 logiam
2311 1439 2611 1496 Michaelis
2637 1443 2883 1512 Augusti
2913 1460 3254 1514 germanam
3288 1444 3698 1499 charissimam

2066 1527 2260 1599 palam
2293 1529 2350 1584 in
2383 1528 2577 1600 ipsum
2610 1531 2682 1585 ob
2717 1548 2917 1602 pacem
2949 1533 3162 1588 factam
3207 1532 3620 1599 insurrexisse,
3649 1538 3704 1587 et

2067 1616 2213 1672 alios
2229 1619 2696 1689 consanguineos
2719 1620 2895 1674 etiam
2925 1638 3112 1692 usque
3143 1623 3212 1676 ad
3239 1638 3708 1687 carceres,excze-

2068 1707 2324 1761 rationes
2354 1712 2410 1761 et
2441 1723 2637 1762 necem
2668 1708 2857 1779 ipsam
2913 1710 3242 1780 pertinaces
3297 1712 3354 1764 in
3388 1710 3711 1765 schismate

305 1801 408 1868 qiu
439 1797 574 1851 solet
617 1796 814 1852 titulus
857 1798 1122 1869 episcopis
1181 1800 1376 1869 tribui,
1421 1801 1515 1856 sed
1551 1800 1952 1874 πανιιρώτατον
1995 1824 2039 1888 Β
2071 1796 2271 1851 fuisse.
2335 1797 2417 1851 Ad
2487 1799 2808 1852 secundum
2870 1800 3192 1868 respondeo
3253 1799 3396 1854 forte
3453 1799 3710 1853 abfuisse

307 1889 377 1941 in
407 1892 591 1958 fronte
620 1888 939 1942 litterarum
959 1898 1258 1960 nuncupat.
1293 1892 1377 1945 Ita
1409 1891 1792 1960 Pachymeres
1818 1910 1831 1960 ;
1855 1893 1956 1962 qui

301 1978 540 2032 videtur
569 1979 688 2033 haec
721 1977 990 2034 scribens
1031 1995 1334 2050 nunquam
1384 1979 1598 2051 legisse
1647 1981 1865 2036 librum
1897 1982 1956 2037 in

307 2067 533 2122 Graecia
565 2067 1294 2139 notissimum,Liturgiam
1314 2070 1730 2141 Cbrysostomi.
1759 2073 1818 2126 ln
1843 2088 1960 2142 qua

313 2157 596 2211 sacerdos
652 2155 954 2212 celebrans
997 2173 1136 2211 voce
1185 2157 1420 2213 sublata
1475 2159 1619 2214 dicit
1664 2160 1956 2230 μνήσθητι,

308 2243 496 2316 Κύριε,
554 2241 962 2318 πανιιρωτᾶτου
1005 2242 1422 2319 μητροπολίτου
1455 2247 1610 2302 684
1639 2249 1822 2318 ἡμῶν,
1862 2252 1959 2302 τοῦ

309 2330 532 2394 δεῖνοςε
564 2337 852 2404 Memento,
903 2335 1151 2394 Domine.
1185 2335 1590 2408 πανιερωτάτου
1637 2339 1956 2409 metropoli-

307 2429 387 2480 tae
440 2423 616 2478 nostri
654 2425 716 2478 Ν.
776 2424 844 2478 Et
892 2423 1107 2478 iterum
1158 2441 1292 2480 mox
1341 2427 1436 2477 τοῦ
1465 2422 1638 2486 δεῖνος
1687 2446 1958 2501 πανιερω-

306 2510 479 2565 τάτου
539 2509 953 2584 μητροπολίτου
1011 2511 1047 2579 ἢ
1105 2511 1405 2566 ἐπισκόπου
1464 2512 1613 2576 ὅστις
1670 2512 1730 2568 ἂν
1789 2517 1847 2586 ᾖ,
1887 2519 1956 2574 Ν.

311 2603 694 2672 panhierotati
720 2603 1084 2674 metropolitw
1112 2611 1214 2658 aut
1241 2603 1498 2675 episc0pi,
1527 2607 1839 2677 quicunque
1866 2607 1958 2662 sit.

310 2692 479 2756 Quod
514 2691 564 2745 si
595 2692 957 2747 sacerdotem
983 2691 1288 2747 facientem
1331 2693 1400 2747 ad
1427 2699 1675 2761 aram,et
1703 2695 1761 2750 in
1797 2713 1958 2753 sacro

308 2785 524 2834 ornatu
555 2781 774 2836 Christi
807 2797 1114 2851 personam
1150 2787 1687 2851 reprmsentantem,
1709 2801 1821 2840 non
1853 2787 1957 2841 de-

310 2869 484 2924 decet
529 2868 940 2940 πανιερωτάτου
984 2870 1210 2925 deferre
1259 2869 1495 2925 titulum
1549 2871 1789 2927 cuilibet
1833 2875 1958 2943 epi-

316 2974 520 3029 scopo,
553 2959 686 3029 quis
721 2958 1065 3029 patriarcha:
1115 2958 1369 3028 privatas
1411 2960 1634 3016 litteras
1666 2963 1736 3016 ad
1773 2963 1957 3032 Ephe-

315 3049 463 3102 sinaa
481 3047 904 3116 antiquissimae
935 3052 991 3102 et
1022 3047 1488 3104 honoratissimae
1543 3051 1700 3106 sedis
1732 3052 1961 3106 antisti-

312 3140 434 3189 tem
461 3135 620 3188 danti
650 3139 817 3205 putet
845 3137 984 3190 vitio
1025 3138 1366 3191 vertendum
1408 3139 1455 3192 si
1488 3137 1590 3193 tali
1622 3157 1754 3194 eum
1789 3140 1960 3196 titulo

311 3223 402 3294 [P.
436 3224 560 3293 480]
585 3223 1065 3294 compellaverit?
1089 3226 1236 3296 Ergo
1261 3225 1377 3280 alia
1412 3228 1647 3297 quidem
1673 3229 1956 3284 schisma-

308 3311 414 3367 tici
464 3312 744 3381 objiciant
788 3312 996 3380 Vecco,
1029 3315 1080 3368 si
1129 3314 1384 3370 habent:
1435 3313 1568 3385 αὕτη
1620 3316 1720 3392 γὰρ
1770 3318 1804 3386 ἡ
1851 3319 1958 3389 μή·

314 3419 344 3472 ρ
359 3411 502 3461 ινθος
533 3396 686 3453 οὗδὶν
709 3395 924 3455 ἔσπασε.

387 3493 450 3545 Ρ.
497 3490 620 3545 482.
674 3492 976 3545 Enimvero
1024 3491 1431 3561 scandalorum,
1488 3499 1595 3550 etc.
1648 3497 1797 3554 Satis
1855 3519 1963 3556 au-

310 3579 535 3644 dacter,
573 3595 643 3634 ne
681 3579 870 3634 dicam
913 3580 1289 3650 impudenter
1317 3587 1374 3637 et
1425 3583 1603 3654 impie
1628 3587 1962 3644 schismati-

311 3683 422 3721 cus
438 3667 530 3721 hic
555 3667 806 3738 scriptor
822 3672 1056 3723 sanctos
1073 3667 1339 3724 Ecclesiae
1353 3675 1552 3726 Patres
1571 3674 1964 3732 scandalorum

314 3773 650 3824 magnorum
677 3773 886 3812 causas
917 3756 1150 3813 dedisse
1173 3758 1276 3823 ait,
1311 3759 1451 3813 dum
1485 3776 1716 3816 sacrum
1751 3764 1966 3835 dogma

312 3847 389 3900 de
423 3845 792 3915 processione
817 3845 1071 3918 Spiritus
1088 3847 1274 3902 sancti
1298 3863 1369 3902 ex
1402 3852 1572 3904 Patre
1604 3865 1704 3920 per
1728 3851 1962 3923 Filium,

311 3934 427 3989 hoc
457 3939 545 3989 est
576 3933 754 3989 simul
804 3935 980 3989 etiam
1030 3951 1094 3990 ex
1144 3935 1311 4002 Filio,
1355 3942 1508 3992 recte
1557 3943 1615 3992 et
1647 3940 1963 3998 orthodoxe

309 4019 868 4092 explicant.Quanto
911 4020 1238 4092 sapientius
1277 4023 1566 4091 faceret,si
1594 4041 1729 4081 cum
1753 4030 1962 4097 Vecco,

307 4126 488 4181 quem
523 4109 617 4164 hic
650 4109 948 4166 immerito
1000 4110 1590 4182 culpat.exserentem
1643 4131 1704 4170 se
1752 4119 1964 4173 verita-

306 4203 454 4258 tem.
491 4213 671 4268 quam
716 4198 880 4267 prius
911 4198 1306 4267 ignoraverat,
1353 4201 1708 4273 admitteret,
1740 4209 1796 4260 et
1827 4223 1961 4263 cum

305 4285 532 4342 Latinis
565 4286 934 4356 proﬁteretur
979 4303 1097 4341 rem
1129 4305 1163 4342 a
1191 4288 1318 4344 suis
1362 4288 1510 4360 ipsis
1533 4291 1746 4348 Graecis
1777 4294 1962 4349 Patri-

307 4376 448 4444 bus,
484 4381 548 4430 ut
579 4375 796 4430 fatetur
833 4375 958 4446 ipse
1007 4392 1265 4448 quoque,
1321 4379 1631 4435 manifeste
1661 4383 1961 4439 traditam.

384 4465 446 4519 P.
475 4465 598 4519 484.
654 4464 752 4520 Illi
795 4481 926 4537 ergo
973 4465 1134 4521 ambo
1172 4467 1276 4522 soli
1330 4467 1594 4536 gloriam,
1650 4475 1756 4528 etc.
1800 4472 1958 4535 Quod

307 4553 411 4608 hic
441 4533 1212 4625 videslaudarivpertinaces
1233 4554 1293 4610 in
1323 4533 1644 4614 schismate
1675 4533 1859 4630 usque
1889 4564 1960 4618 ad
1996 4533 2040 4597 Β

311 4642 758 4714 perpetiendam
801 4643 1175 4699 effossionem
1208 4643 1540 4712 oculorum,
1570 4646 1799 4719 imputa
1826 4651 1966 4709 vitio

313 4731 580 4786 historici
607 4730 821 4803 palam,
854 4736 918 4786 ut
965 4732 1187 4788 dictum
1219 4738 1330 4799 est,
1381 4735 1690 4791 schismati
1723 4738 1964 4796 addicti.

315 4823 386 4876 Et
419 4822 712 4892 pertinere
742 4822 857 4878 huc
911 4828 1048 4894 puta
1092 4824 1329 4896 sapiens
1376 4828 1615 4882 effatum
1647 4829 1835 4884 sancti
1862 4834 1966 4903 Cy-

313 4910 530 4982 priani,
565 4911 886 4979 hereticos,
939 4912 1040 4982 qui
1091 4931 1194 4984 pro
1225 4914 1314 4970 sui
1364 4916 1577 4971 erroris
1627 4917 1965 4974 defensione

313 5003 446 5055 dira
481 5006 804 5056 mortemve
853 5008 1214 5073 paterentur,
1269 5021 1381 5059 non
1415 5003 1662 5077 gloriam
1698 5009 1962 5079 martyrii

313 5089 551 5154 mereri,
587 5090 685 5144 sed
721 5107 953 5160 pmnam
989 5092 1148 5147 luere
1179 5093 1452 5162 perfidia.

386 5178 444 5233 P.
479 5179 604 5232 495.
647 5178 1104 5235 Constantinum
1152 5181 1545 5252 Acropolitam
1594 5199 1630 5237 a
1659 5193 1820 5253 patre
1839 5202 1962 5241 ma-

304 5284 413 5335 gno
475 5268 748 5337 logotheta
806 5272 1112 5338 acceptum.
1181 5269 1376 5325 Videri
1429 5270 1642 5342 poterit
1700 5273 1960 5344 cuipiam

307 5357 628 5427 Georgium
687 5357 1077 5428 Acropolitam
1129 5375 1411 5430 magnum
1447 5359 1802 5430 logothetam
1853 5362 1960 5419 hoc

305 5451 575 5517 tempore
599 5447 724 5515 jam
759 5445 943 5503 fuisse
975 5454 1296 5504 mortuum.
1329 5449 1393 5504 Id
1438 5449 1596 5504 enim
1629 5466 1698 5507 ex
1728 5450 1961 5508 duobus

378 5662 457 5731 (1)
494 5660 583 5715 Cf.
612 5658 754 5715 Obs.
788 5659 857 5715 ad
896 5660 1207 5718 Andronic.
1242 5661 1280 5717 1.
1314 5679 1377 5732 ιι,
1412 5679 1462 5719 c.
1494 5665 1545 5719 1.

2070 1889 2209 1939 tunc
2237 1885 2309 1939 ab
2341 1884 2472 1939 aula
2502 1886 2813 1957 Georgium
2838 1903 3118 1957 magnum
3143 1887 3524 1956 logothetam,
3548 1886 3706 1956 lega-

2070 1974 2228 2029 tione
2259 1973 2459 2045 aliqua
2498 1973 2584 2029 vel
2643 1974 2982 2045 provinciali
3032 1976 3376 2046 praefectura
3430 1975 3569 2029 alibi
3605 1993 3707 2029 us-

2070 2063 2225 2134 piam
2247 2063 2568 2118 detentum.
2594 2063 2992 2134 Supervixisse
3025 2081 3193 2135 porro
3217 2064 3380 2118 illum
3415 2064 3706 2131 Michaeli,

2069 2157 2126 2206 et
2155 2153 2226 2207 ab
2259 2152 2594 2207 Andronico
2626 2158 2864 2224 prcpter
2893 2153 3247 2224 legationem
3298 2154 3368 2208 ad
3411 2170 3623 2224 papam
3655 2158 3711 2208 et

2071 2242 2141 2295 ad
2175 2241 2487 2295 concilium
2531 2242 2922 2312 Lugdunense
2969 2242 3117 2299 685
3179 2259 3279 2314 pro
3329 2259 3506 2297 causa
3549 2244 3708 2312 pacis

2069 2329 2289 2384 obitam
2324 2329 2382 2383 in
2414 2346 2704 2384 carcerem
2731 2331 3079 2400 conjectum,
3113 2330 3500 2386 disertissime
3532 2331 3712 2386 tradit

2070 2419 2315 2473 idoneus
2347 2424 2553 2472 auctor
2582 2419 2910 2474 Demetrius
2941 2419 3152 2475 Raules
3173 2420 3424 2474 Cabaces
3473 2437 3540 2473 ex
3588 2420 3708 2474 Plc-

2069 2508 2245 2563 thone
2269 2509 2547 2575 Gemisto,
2600 2510 2700 2579 qui
2755 2508 2946 2564 videre
2996 2509 3344 2579 potuitque:
3376 2509 3536 2578 dicit,
3572 2525 3707 2563 cum

2068 2597 2572 2668 ConstantinOpoli
2621 2597 2732 2652 sub
2782 2597 3061 2652 Michaele
3111 2602 3168 2652 et
3220 2605 3351 2669 post
3394 2597 3550 2651 hunc
3599 2597 3708 2651 sub

2069 2687 2399 2743 Andronico
2434 2686 2656 2752 viverit,
2690 2686 2864 2741 etiam
2891 2703 2923 2741 a
2954 2685 3304 2759 Pachymere
3328 2692 3709 2742 memoratus.

2067 2778 2210 2832 Vide
2244 2794 2370 2848 qua
2403 2775 2734 2831 notavimus
2764 2776 2834 2830 ad
2895 2793 2951 2846 p.
2975 2777 3101 2830 314.

2141 2872 2200 2920 Ρ.
2237 2867 2359 2921 496.
2403 2867 2463 2920 In
2513 2866 2824 2935 Aeropolita
2874 2866 3100 2936 quidem
3133 2865 3440 2920 ulciscendo
3473 2866 3616 2919 iram
3648 2866 3708 2919 in

2065 2960 2335 3028 potestate
2364 2954 2576 3009 habuit.
2619 2953 2748 3008 Scio
2775 2953 2962 3008 visum
2987 2954 3056 3008 iri
3089 2954 3343 3024 cuiqiam
3369 2954 3566 3008 Graeca
3586 2952 3709 3016 illa,

2068 3045 2156 3098 καὶ
2195 3042 2452 3115 κρείττων
2504 3046 2611 3095 τῶν
2669 3043 2784 3096 κατ’
2835 3040 3037 3095 ἐκεῖνον
3067 3043 3157 3095 τὸν
3211 3041 3380 3113 suae»
3439 3039 3557 3114 ἦγε,
3593 3059 3707 3095 non

2073 3135 2128 3189 id
2163 3135 2317 3206 quod
2362 3137 2532 3187 sonat
2579 3133 2787 3200 vcrsio,
2831 3134 2928 3187 sed
2989 3131 3154 3202 quasi
3205 3131 3560 3186 contrarium
3615 3146 3708 3185 so-

2073 3242 2233 3280 nare.
2265 3225 2479 3278 Verum
2513 3223 2874 3278 adversativa
2924 3240 3051 3294 qua:
3085 3239 3215 3277 mox
3240 3223 3506 3292 sequitur
3533 3224 3616 3290 τῷ
3651 3216 3707 3273 δὲ

2067 3309 2394 3381 Μουζάλωνι
2425 3311 2513 3365 καὶ
2553 3311 2675 3365 λίαν
2727 3308 3091 3386 χολούμενος,
3143 3312 3249 3365 hoc
3281 3309 3524 3380 intelligi
3548 3310 3702 3380 quod

2069 3402 2464 3474 expressimus
2493 3403 2550 3456 in
2570 3401 2864 3473 prioribus
2894 3401 3083 3455 verbis
3116 3400 3357 3470 indicat,
3391 3403 3706 3470 quantum-

2069 3493 2156 3547 vis
2188 3492 2310 3558 illa,
2345 3492 2456 3546 huc
2488 3490 2670 3545 invita
2713 3490 3146 3562 pertrahuntur,
3198 3488 3367 3560 plane
3415 3487 3706 3558 siquidem

2070 3581 2400 3651 significare
2418 3579 2539 3633 vult
2561 3580 3003 3634 auctcrdiverso
3021 3595 3084 3633 ac
3101 3579 3216 3633 fere
3235 3576 3522 3633 contrario
3538 3576 3710 3631 modo

2070 3687 2131 3724 se
2165 3669 2421 3739 gessisse
2475 3672 2798 3738 Augustum
2847 3685 2978 3721 cum
3039 3667 3268 3721 duobus
3323 3665 3500 3732 hisce,
3562 3665 3712 3720 Con-

2069 3757 2330 3812 stantino
2361 3755 2694 3826 Acropolita
2725 3761 2777 3809 et
2809 3755 3111 3809 Theodoro
3158 3755 3455 3808 Muzalone
3485 3771 3496 3819 ;
3531 3769 3712 3823 quare

2069 3844 2285 3899 diserte
2322 3843 2624 3900 affirmans
2656 3844 2902 3898 effusam
2958 3843 3016 3897 in
3069 3843 3222 3897 hunc
3273 3842 3344 3895 ab
3405 3856 3469 3895 eo
3523 3844 3709 3895 totam

2070 3933 2449 3989 acerbitatem
2485 3933 2604 3998 iraa,
2637 3931 2744 3986 hoc
2777 3932 2903 4002 ipso
2955 3931 3361 3985 necessitatem
3397 3928 3565 3982 nobis
3599 3929 3710 3982 im-

2069 4019 2622 4096 pcnitintelligendi
2657 4019 2862 4075 mitius
2911 4019 3101 4091 egisse
3154 4035 3283 4073 cum
3329 4017 3531 4084 altero,
3565 4024 3616 4069 et
3649 4016 3707 4071 in

2069 4128 2135 4168 eo
2170 4110 2472 4166 multando
2503 4109 2820 4164 iracundia)
2851 4110 3093 4162 fraanum
3127 4105 3456 4172 attraxisse,
3493 4108 3707 4157 utcun-

2069 4219 2184 4274 que
2214 4202 2271 4256 id
2307 4218 2419 4256 non
2454 4199 2608 4256 clare
2636 4200 2949 4271 archetypa
2980 4197 3327 4270 exprimant.
3359 4197 3706 4264 Quanquam

2071 4291 2120 4347 si
2151 4291 2283 4364 quis
2323 4290 2577 4362 penitius
2623 4288 3012 4359 introspiciat,
3055 4287 3285 4342 confido
3312 4283 3709 4356 deprehensu-

2071 4398 2201 4436 rum
2260 4380 2436 4436 etiam
2487 4381 2558 4434 ad
2646 4393 2978 4448 expressam
3038 4394 3072 4432 a
3135 4375 3305 4430 nobis
3363 4373 3711 4430 sententiam

2072 4472 2270 4528 Graeca
2298 4472 2443 4527 satis
2476 4487 2644 4542 posse
2666 4467 3094 4524 accommodari
3115 4467 3212 4539 (1).

2144 4562 2229 4632 [Ρ.
2264 4561 2389 4630 481]
2445 4561 2501 4615 Ρ.
2560 4561 2683 4615 408.
2717 4559 2794 4613 Ad
2832 4558 3063 4613 Mantem
3118 4559 3378 4624 Nigrum.
3444 4552 3713 4624 Supplevi

2079 4651 2148 4704 ad
2183 4649 2281 4703 illa
2303 4650 2500 4704 Graeca
2527 4646 2665 4719 πρὸς
2707 4646 2769 4699 τὸ
2807 4643 2973 4717 μέλαν
3015 4645 3365 4701 vocabulum
3400 4637 3524 4716 ὅρος
3555 4660 3714 4696 mon-

2076 4746 2205 4794 tem.
2239 4738 2415 4793 Erant
2445 4737 2503 4791 in
2535 4741 2723 4792 Monte
2762 4736 2927 4807 nigro
2960 4734 3231 4790 monachi
3264 4732 3522 4805 plurimi,
3556 4736 3612 4786 et
3643 4731 3714 4785 ad

2076 4827 2496 4898 capessendam
2532 4824 2910 4879 monasticam
2935 4823 3357 4894 professionem
3393 4834 3717 4875 accommo-

2075 4918 2249 4971 datus
2315 4914 2414 4969 ille
2471 4914 2656 4969 locus.
2721 4915 2921 4984 Itaque
2990 4911 3108 4966 illic
3182 4909 3505 4964 monachus
3574 4907 3715 4962 olim

2071 5006 2294 5060 vixerat
2349 5007 2675 5058 Germanus
2730 5006 2931 5072 postea
2986 4998 3339 5071 patriarcha,
3401 5003 3461 5051 ut
3521 5000 3720 5049 noster

2073 5093 2263 5159 docet,
2290 5109 2344 5164 p.
2378 5091 2518 5157 280;
2579 5089 2944 5145 Theodosius
2993 5088 3133 5143 item
3180 5087 3473 5158 princeps,
3507 5083 3716 5138 deinde

2073 5182 2408 5254 patriarcha
2464 5179 2886 5246 Antiochenus,
2943 5183 3008 5232 ut
3069 5175 3379 5232 habeturl.
3439 5190 3493 5241 ν,
3527 5189 3576 5226 c.
3622 5173 3710 5224 24.

2075 5273 2302 5327 Poterat
2324 5276 2381 5326 et
2403 5270 2473 5325 ad
2496 5268 2559 5322 τὸ
2595 5266 2764 5340 μέλαν
2788 5266 3148 5336 subintelligi
3186 5266 3398 5336 σχῆμα,
3434 5261 3587 5331 quod
3620 5275 3712 5312 ve-

2071 5361 2181 5417 stis
2199 5359 2622 5416 mcnachorum
2647 5374 2748 5428 per
2770 5357 3064 5413 Orientem
3094 5354 3260 5423 nigra
3276 5356 3447 5405 esset:
3471 5349 3567 5403 sed
3586 5363 3711 5401 ver-

2073 5452 2216 5507 bum
2263 5451 2586 5527 καταφυγεῖν
2647 5446 3017 5502 commodius
3085 5442 3333 5496 refertur
3389 5439 3459 5491 ad
3519 5436 3711 5490 locum
