3968 6202
320 300 453 357 1151

1355 306 1418 357 Ρ.
1459 302 1732 356 ΡοθειΝι
1766 297 2380 354 OBSERVATIONUM
2416 298 2551 353 LIB.
2593 300 2691 353 III.

3572 299 3695 354 1152

317 428 419 501 qui
451 443 543 484 res
575 429 868 483 Romanas
899 432 1246 496 tractarunt,
1268 427 1807 486 Hecatombzeonem
1830 439 1965 480 cum
1994 424 2047 492 Α
2079 423 2294 479 festum
2323 425 2580 496 agerent,
2605 421 2834 494 putavit
2862 422 3094 478 erudite
3121 437 3187 479 se
3218 423 3504 479 facturum
3534 425 3580 480 si
3608 442 3699 480 an-

318 532 517 572 mense
537 515 757 571 Juliani
792 518 928 571 anni
957 516 1136 573 Junio
1172 518 1288 573 fere
1318 512 1963 588 comparant,Januario

318 609 511 660 autem
560 604 793 660 Iuliano
828 606 1021 676 potius
1053 606 1451 661 Gamelionem
1503 607 1825 676 opponunt.
1858 602 1963 658 Re-

315 692 603 749 centiores
650 698 846 749 autem
881 695 1036 749 690
1066 694 1395 765 expeditius
1428 694 1691 749 Romana
1724 692 1965 746 nomina

314 780 532 837 Graecis
588 781 799 838 litteris
857 784 1213 854 exprimunt,
1268 780 1624 854 Ἰανοοοὶριάν,
1684 775 1965 853 Φεϐρουά-

316 888 457 944 ριον,
490 869 756 944 Μάρτιον,
786 875 843 927 et
891 872 976 928 sic
1027 873 1097 928 de
1146 873 1367 929 caeteris
1419 873 1790 929 scribentes:
1826 884 1960 923 nam

316 958 533 1031 alioqui
564 958 745 1016 ϐισωοί
798 978 1030 1017 menses
1080 960 1317 1017 lunares
1365 966 1563 1017 exacte
1614 958 1963 1031 respondere

312 1046 566 1104 Julianis
590 1048 832 1105 minime
854 1049 1162 1106 lunaribus
1194 1054 1511 1122 nequeunt.
1532 1049 1744 1105 Nostro
1764 1052 1959 1102 tamen

316 1136 657 1209 Pachymeri
696 1140 886 1195 visum
912 1142 1002 1195 est
1032 1138 1177 1194 nulli
1218 1139 1419 1195 tritam
1447 1142 1703 1195 veterum
1738 1140 1839 1192 aut
1859 1136 1959 1203 ju-

318 1226 549 1282 niorum
572 1227 722 1282 viam
745 1229 1036 1284 insistere.
1061 1230 1138 1283 Ac
1167 1244 1302 1284 cum
1328 1229 1445 1283 fere
1465 1226 1656 1284 cateri
1687 1226 1959 1294 Ἑκατομ-

318 1310 552 1375 ϐαιῶνος
583 1332 723 1371 voce
764 1316 1003 1371 Junium
1058 1321 1157 1373 aut
1200 1317 1426 1373 Julium
1482 1316 1814 1386 designent,
1846 1311 1959 1384 ipsi

314 1402 483 1458 libuit
525 1402 583 1457 id
635 1420 847 1459 nomen
896 1405 1178 1462 Januario
1226 1405 1503 1461 tribuere.
1539 1404 1603 1458 In
1653 1419 1765 1474 quo
1816 1400 1958 1457 satis

314 1495 559 1563 apparet
607 1508 784 1563 quam
834 1494 1123 1550 rationem
1179 1495 1257 1550 sit
1304 1499 1560 1548 secutus.
1610 1492 1757 1558 Quia
1802 1489 1957 1545 enim

314 1579 572 1650 primum
615 1580 752 1634 anni
788 1580 954 1635 Attici
1007 1597 1269 1637 mensem
1317 1572 1766 1648 Ἑκατομϐαιῶνα
1811 1575 1963 1632 scie-

314 1670 416 1725 bat
441 1670 504 1740 [P
524 1669 649 1739 486]
681 1669 925 1735 dictum,
958 1669 1071 1725 isto
1104 1685 1336 1741 quoque
1386 1666 1666 1724 vocabulo
1711 1666 1797 1721 fas
1845 1663 1958 1720 sibi

2069 529 2195 569 sam
2227 530 2295 569 ex
2322 530 2389 569 eo
2420 513 2707 585 arriperet
2756 512 2998 569 secundi
3051 512 3449 568 Romanorum
3499 515 3697 569 mensis

2069 604 2273 658 eodem
2324 601 2620 657 Lenaaonis
2660 601 2945 658 vocabulo
2976 601 3275 673 signandi.
3306 602 3436 657 Haec
3467 602 3696 674 scripse-

2070 709 2195 748 ram
2244 707 2378 748 cum
2429 691 2606 746 incidi
2642 691 2699 745 in
2732 691 2925 747 locum
2977 691 3476 763 Harpocrationis,
3507 692 3601 746 ubi
3645 693 3695 747 in

2071 781 2499 851 Diagrammate
2528 779 2822 835 mensium
2842 780 3168 835 Atticorum
3205 779 3697 851 Romanorumque

2070 867 2321 938 Ληναιὼν
2350 868 2378 921 ὁ
2407 866 2496 922 καὶ
2528 864 2830 922 Ποσειδεὼν
2871 869 3017 924 69]
3054 885 3087 923 e
3117 867 3355 939 regione
3406 868 3697 939 opponitur

2069 952 2449 1032 Φεϐρουαρίῳ.
2486 959 2545 1013 Id
2579 962 2851 1013 secutum
2899 957 3008 1014 hoc
3046 957 3172 1013 loco
3220 962 3493 1013 nostrum
3535 958 3697 1013 credi-

2069 1048 2246 1104 bilius
2277 1052 2367 1104 est
2396 1047 2489 1119 (ν).

2140 1136 2465 1192 ΚΡΟΝΙΟΣ.
2495 1136 2847 1191 Constanter
2890 1135 2999 1190 hoc
3046 1133 3289 1191 nomine
3340 1135 3694 1191 Pachvmeres

2069 1225 2344 1281 Martium
2396 1240 2656 1280 mensem
2706 1224 2999 1295 iudigitat.
3040 1222 3187 1279 Nam
3240 1241 3294 1295 p.
3326 1225 3461 1290 244,
3493 1224 3583 1279 ubi
3626 1224 3699 1278 sic

2066 1314 2353 1385 scriptum
2374 1319 2465 1368 est
2489 1331 2503 1369 :
2523 1313 2636 1368 Τοῦ
2666 1308 2713 1365 δ’
2744 1315 2907 1365 αντοῦ
2937 1308 3092 1373 ἔτους
3124 1311 3292 1384 μηνὸς
3321 1310 3575 1385 Κρονίου,
3609 1314 3704 1365 τῶν

2069 1400 2228 1466 θείων
2291 1403 2515 1474 ἡμερῶν
2580 1402 2682 1468 τῆς
2741 1398 2992 1470 νηστείας
3048 1398 3419 1472 τελουμένων,
3484 1406 3702 1471 uterque

2067 1493 2250 1547 codex
2280 1492 2317 1547 Β
2347 1500 2402 1546 et
2433 1498 2475 1547 A
2508 1506 2539 1545 e
2571 1490 2805 1562 regione
2846 1490 3006 1546 vocis
3064 1488 3298 1563 Κρονίου
3344 1490 3404 1545 in
3463 1490 3703 1561 margine

2068 1585 2311 1636 annotat
2337 1578 2617 1653 Marp-tios;
2665 1585 2723 1635 et
2764 1579 2979 1650 jejunii
3011 1580 3473 1651 quadragenarii
3506 1579 3704 1634 mentio

2066 1671 2127 1725 in
2159 1686 2295 1725 eum
2328 1684 2592 1725 mensem
2643 1667 2999 1724 incurrentia
3050 1667 3222 1739 plane
3268 1668 3469 1724 Martii
3516 1668 3704 1723 chara-

314 1756 542 1829 putavit
572 1758 829 1827 primum
861 1758 1000 1814 item
1034 1758 1279 1814 Romani
1311 1757 1450 1813 anni
1483 1772 1741 1812 mensem
1775 1752 1961 1843 appel-
1988 1778 2035 1843 Β
2065 1765 2282 1815 cterem
2330 1758 2526 1813 habet.
2568 1758 2851 1813 Preterea
2876 1774 2934 1829 p.
2968 1758 3095 1824 355,
3128 1758 3196 1813 ad
3243 1774 3312 1812 ea
3352 1757 3535 1813 verba
3580 1758 3708 1829 Κρο-

312 1845 454 1914 lare,
479 1862 686 1917 parum
718 1850 920 1902 curato
949 1847 1293 1902 discrimine
1324 1845 1858 1917 tempestatum.Ac
1879 1842 1958 1898 si-

315 1933 515 1990 milem
547 1934 606 1990 in
640 1934 890 1991 aliorum
942 1936 1120 1991 etiam
1172 1935 1619 1991 nomenclatura
1667 1932 1960 1989 mensium

310 2022 607 2079 licentiam
640 2040 935 2096 usurpans
966 2024 1338 2097 implicuerat
1357 2024 1603 2080 lectores
1623 2038 1764 2079 suos
1780 2020 1965 2076 ambi-

310 2112 533 2185 guitate
563 2112 1055 2183 perincommoda,
1082 2113 1193 2168 nisi
1225 2114 1352 2183 ejus
1380 2111 1605 2168 librarii
1636 2108 1963 2166 succurris-

312 2206 443 2257 sont
473 2201 731 2257 notando
761 2200 879 2257 fere
914 2202 1131 2274 ubique
1162 2202 1221 2256 in
1251 2217 1355 2257 ora
1386 2199 1670 2273 marginis
1699 2214 1832 2254 vero
1863 2213 1962 2254 noo

312 2291 469 2346 mine
503 2291 726 2346 mensis
758 2291 1015 2346 indicati.

382 2377 718 2448 ΛΗΝΑΙΩΝ,
749 2394 809 2449 p.
839 2378 963 2432 306.
1014 2377 1078 2432 Ἦ
1131 2376 1306 2447 μηνὸς
1347 2379 1660 2446 Ληναιῶνος
1718 2372 1962 2445 δευτὲρα.

310 2469 377 2519 In
411 2465 675 2537 margine
706 2467 1012 2521 amborum
1043 2466 1395 2537 optimorum
1420 2467 1588 2522 codd.
1616 2471 1656 2520 Β
1678 2470 1736 2521 et
1758 2468 1796 2520 A
1823 2470 1881 2520 et
1900 2465 1960 2521 in

306 2557 582 2609 contextu
616 2554 661 2606 V
692 2548 1066 2629 Φεϐρουαρίου
1106 2555 1405 2610 scribitur.
1440 2560 1519 2612 Ac
1560 2572 1651 2610 res
1701 2555 1830 2626 ipsa
1876 2553 1962 2610 lo-

307 2642 513 2714 quitur
556 2643 932 2698 Februarium
968 2644 1062 2699 hic
1092 2643 1336 2715 signari,
1368 2644 1539 2715 cujus
1575 2643 1668 2699 die
1699 2643 1961 2699 secunda

308 2730 907 2804 ίοεὶαωὙπαπαντῆς,
940 2734 1095 2804 quod
1131 2732 1603 2788 Purificationem
1637 2734 1814 2787 beata:
1838 2731 1960 2787 Dei-

304 2836 454 2892 para:
508 2820 689 2876 Latini
750 2821 1025 2889 dicimus,
1077 2822 1356 2877 celebrari
1419 2822 1797 2877 manifestum
1846 2824 1957 2876 est.

304 2910 383 2967 De
414 2910 521 2966 hoc
568 2914 765 2965 autem
826 2911 972 2967 festo
1021 2910 1115 2967 hic
1169 2917 1366 2968 noster
1413 2911 1533 2983 agit
1582 2910 1955 2966 nominatim.

305 3000 468 3056 Unde
512 3005 706 3055 autem
739 2998 798 3055 in
833 3004 1087 3057 mentem
1142 3000 1255 3073 ipsi
1303 3000 1525 3057 venerit
1571 3000 1953 3055 Februarium

306 3091 592 3159 Ληναιῶνα
641 3105 865 3155 vocare,
898 3090 1158 3146 difﬁcilis
1213 3090 1549 3161 conjectura
1595 3095 1727 3145 est:
1762 3105 1951 3160 neque

301 3179 461 3234 enim
510 3178 667 3233 ullus
714 3179 1041 3233 Atticorum
1074 3178 1248 3249 vulgo
1292 3184 1749 3235 memoratorum
1780 3194 1849 3233 ac
1880 3194 1950 3233 ne

299 3266 805 3320 Macedonicorum
822 3266 1083 3335 quidem,
1104 3265 1950 3337 Bithynicorum,Pythicorum

301 3358 403 3409 aut
432 3353 673 3407 omnino
706 3352 885 3408 ullius
914 3352 1109 3408 Graece
1156 3352 1363 3408 locuta:
1411 3354 1606 3425 gentis
1657 3354 1948 3408 mensium

302 3440 411 3497 hoc
460 3456 696 3505 nomen,
729 3442 884 3511 quod
934 3441 1136 3511 sciam,
1171 3442 1301 3498 fuit.
1334 3441 1547 3497 Scribit
1574 3441 1811 3512 quidem
1845 3442 1952 3498 Pe-

302 3530 515 3595 tavius,
566 3528 607 3584 l.
658 3545 677 3583 1
726 3530 800 3584 De
847 3530 995 3585 Doct.
1035 3534 1223 3601 temp.,
1257 3546 1308 3584 c.
1340 3531 1428 3597 34,
1461 3528 1750 3584 Βουκάτιον
1788 3531 1950 3586 Bceo-

302 3623 495 3675 torum
532 3618 784 3690 primum
824 3634 1084 3675 mensem
1118 3621 1414 3687 Ληναιῶνα
1443 3619 1637 3675 vocari
1668 3620 1740 3675 ab
1773 3624 1953 3692 Hesy-

303 3708 455 3764 chio.
487 3707 726 3775 Verum,
761 3708 916 3778 quod
963 3707 1069 3763 viri
1133 3709 1352 3765 summi
1402 3725 1543 3781 pace
1592 3709 1861 3780 dixerim,
1892 3709 1951 3767 id

304 3797 459 3870 apud
492 3796 849 3867 Hesychium
883 3814 999 3853 non
1032 3796 1183 3869 lego,
1207 3798 1334 3855 loco
1365 3814 1541 3871 quem
1575 3800 1701 3870 ipse
1729 3799 1948 3866 citavit,

302 3887 478 3944 verbo
509 3887 735 3943 scilicet
758 3886 1036 3955 Ληναιὼν,
1062 3888 1162 3943 ubi
1193 3893 1396 3944 contra
1425 3888 1510 3945 sic
1541 3887 1825 3959 scriptum
1858 3904 1955 3943 ex-

305 3980 424 4031 stat
470 3992 485 4033 :
537 3975 788 4047 Ληναιὼν
846 3975 979 4047 μήν.
1038 3972 1246 4032 Οὐδένα
1296 3979 1404 4030 τῶν
1468 3978 1652 4048 μηνῶν
1714 3973 1952 4030 Βοιωτοὶ

306 4062 449 4119 οὕτω
497 4063 778 4120 καλοῦσιν.
830 4062 1048 4133 Είκάζιι
1081 4061 1138 4119 δὶ
1168 4065 1196 4119 6
1246 4062 1607 4138 Πλούταρχος
1635 4063 1951 4121 Βουκάτιον·

307 4151 396 4207 καὶ
453 4154 556 4228 γὰρ
614 4152 828 4228 ψυχρός
884 4152 1049 4209 ἐστιν.
1107 4156 1282 4210 Ἔνιοι
1342 4150 1400 4207 δί
1455 4154 1544 4208 τὸν
1576 4153 1953 4229 Ἐρμαῖον,’ὀς

313 4240 447 4313 μετὰ
504 4242 801 4297 Βουκάτιον
860 4241 1023 4298 ἰστινσ
1082 4242 1172 4298 καὶ
1231 4243 1330 4317 γὰρ
1387 4244 1670 4314 Ἀθηναῖοι
1716 4243 1954 4311 τὴντῶν

307 4327 559 4398 Ληναίων
610 4330 802 4401 ἑορτὴν
836 4330 887 4385 ἐν
920 4332 1068 4404 αὖτῷ
1115 4329 1363 4407 ἄγουσιν.
1404 4332 1522 4388 Hoc
1549 4338 1639 4389 est
1670 4348 1685 4387 :
1720 4334 1958 4390 Leuzon

306 4421 533 4476 mensis.
554 4420 781 4476 Nullum
810 4421 1085 4478 mensium
1112 4423 1286 4479 Bceoli
1311 4423 1391 4477 sic
1416 4422 1717 4493 appellant.
1744 4421 1956 4478 Iudicat

306 4512 491 4563 autem
539 4510 867 4566 Plutarchus
912 4514 1209 4568 Bucau'um
1238 4529 1257 4568 :
1288 4528 1421 4567 nam
1464 4515 1513 4566 et
1552 4510 1800 4585 frigidus
1849 4516 1949 4567 est.

304 4597 492 4667 Aliqui
512 4613 635 4653 vero
666 4600 998 4669 Hermaeum,
1018 4601 1115 4673 qui
1141 4610 1261 4674 pou
1289 4600 1585 4658 Bucatium
1606 4604 1688 4656 est
1709 4617 1728 4655 :
1749 4603 1953 4657 etenim

305 4686 648 4742 Athenienses
676 4688 994 4744 Lenaeorum
1024 4692 1226 4761 festum
1276 4692 1333 4745 in
1386 4691 1506 4763 ipso
1555 4695 1750 4758 agunt.
1783 4693 1952 4745 Hunc

306 4772 503 4829 locum
550 4775 823 4847 Hesychii
874 4778 1180 4850 descripsi,
1230 4779 1371 4851 quia
1419 4796 1489 4835 ex
1536 4779 1636 4835 illo
1685 4778 1955 4850 suspicor

306 4862 563 4919 oblatam
612 4867 977 4923 occasionem
1019 4868 1356 4941 Pachymeri
1390 4868 1673 4925 Lenaeona
1702 4870 1951 4924 Februa-

304 4952 457 5008 rium
481 4953 748 5009 vocandi.
772 4953 1060 5011 Nimirum
1095 4973 1226 5012 cum
1262 4957 1398 5012 inde
1428 4963 1624 5013 noster
1653 4957 1956 5013 didicisset

304 5042 629 5098 secundum
660 5042 1045 5099 Thebaaorum
1071 5061 1334 5101 mensem
1359 5046 1458 5115 qui
1482 5045 1782 5101 Bucatium
1816 5045 1952 5100 anni

302 5133 565 5189 Thebani
588 5139 767 5207 caput
787 5134 988 5190 statim
1021 5136 1290 5207 sequitur
1309 5142 1365 5191 et
1385 5135 1645 5208 Ἑρμαῖος
1676 5138 1955 5193 Hennaeas

303 5239 517 5279 nomen
567 5224 764 5287 habet,
796 5222 1093 5295 aliquibus
1142 5224 1323 5279 videri
1373 5226 1674 5279 Lentsonis
1724 5240 1956 5295 quoque

299 5314 478 5369 verbo
508 5315 911 5387 designatum,
941 5314 1159 5369 idcirco
1208 5314 1362 5385 quod
1411 5313 1566 5369 circa
1596 5319 1830 5383 tempus
1859 5328 1954 5367 se-

304 5404 483 5459 cundi
530 5404 750 5461 mensis
800 5403 1133 5460 Bceotorum
1182 5401 1570 5458 Athenienses
1619 5401 1955 5459 Lenaaorum

371 5609 440 5681 (‘)
468 5608 556 5668 Cf.
588 5609 850 5669 Glossar.
882 5608 1135 5667 alterum
1163 5626 1218 5664 v.
1251 5604 1529 5678 Ληναιών.

2064 1845 2181 1902 νίου
2237 1846 2407 1919 μηνὸς
2466 1844 2769 1914 ἐνστάντος,
2821 1852 3069 1917 uterque
3118 1847 3297 1902 codex
3326 1846 3401 1901 ad
3433 1862 3598 1901 oram
3644 1844 3710 1900 li-

2064 1938 2156 1993 bri
2187 1935 2426 2011 Μάρτιον
2459 1936 2616 1991 clare
2645 1936 2936 1992 nominat.
2966 1934 3154 1991 Vatic.
3190 1951 3421 2006 quoque
3456 1935 3531 1990 de
3561 1950 3704 1989 more

2068 2023 2315 2099 Μαρτίου
2363 2042 2467 2098 pro
2517 2022 2743 2097 Κρονίου
2792 2024 2851 2079 in
2900 2029 3174 2081 contextu
3232 2024 3507 2081 collocat.
3554 2023 3702 2091 Quod

2065 2116 2207 2171 item
2242 2114 2380 2170 facit
2410 2131 2466 2185 p.
2493 2114 2621 2183 396,
2654 2112 2754 2168 ubi
2787 2113 2910 2169 haec
2940 2112 3191 2169 aliorum
3240 2113 3518 2168 codicum
3547 2112 3704 2167 verba

2064 2200 2304 2279 Κρονίου
2345 2200 2661 2276 ἀρχομένου
2696 2201 2895 2274 μηνὸς,
2928 2203 3051 2271 ipse
3100 2201 3293 2257 reddit
3339 2199 3593 2273 Μαρτίου
3620 2198 3707 2273 ἆρ-

2063 2291 2309 2367 χομὲνου
2373 2291 2565 2363 μηνός.
2599 2291 2674 2348 Ut
2701 2291 3013 2347 dubitandi
3071 2291 3235 2347 locus
3283 2307 3401 2345 non
3463 2290 3706 2361 supersit

2063 2382 2207 2456 quin
2255 2381 2500 2436 Martius
2550 2381 2775 2437 mensis
2805 2381 2865 2436 in
2897 2380 3007 2435 hac
3042 2380 3293 2436 historia
3320 2380 3557 2435 dicatur
3583 2372 3701 2450 Κρό-

2061 2490 2200 2532 νιος.
2233 2471 2346 2527 Sed
2392 2486 2572 2542 quam
2613 2469 3000 2525 manifestum
3032 2470 3278 2533 factum,
3309 2473 3434 2524 tam
3467 2470 3703 2524 obscura

2062 2559 2199 2616 facti
2228 2576 2408 2615 causa
2438 2563 2547 2614 est.
2580 2558 2729 2624 Quid
2761 2557 2919 2614 enim
2954 2557 3268 2614 verisimile
3297 2557 3699 2613 comminisca-

2062 2664 2198 2703 mur
2218 2664 2325 2703 cur
2354 2648 2585 2718 primus
2608 2652 2665 2701 et
2690 2663 2845 2702 unus
2882 2645 3268 2718 Pachymeres
3315 2662 3520 2701 vocem
3568 2641 3697 2717 Κρό-

2058 2755 2175 2796 νιος
2230 2734 2290 2791 in
2351 2734 2725 2808 ignotissima
2785 2734 2991 2806 priscis
3035 2735 3209 2805 juxta
3266 2735 3703 2803 recentibusque

2062 2824 2298 2879 notione
2318 2822 2730 2894 usurpaverit?
2753 2828 2903 2878 Dum
2937 2822 3097 2879 aliud
3120 2820 3515 2893 opportunius
3539 2836 3703 2893 sagax

2057 2911 2241 2968 lector
2269 2912 2535 2985 expediet
2562 2928 2669 2985 ego
2691 2912 3038 2984 suspicabar
3068 2918 3361 2979 nostrum,
3394 2927 3533 2966 cum
3564 2910 3699 2965 forte

2058 3001 2303 3057 vidisset
2331 3001 2389 3056 in
2420 3001 2893 3072 llarpocrationis
2924 3000 3365 3071 Diagrammate
3418 2998 3696 3054 mensium

2063 3089 2337 3162 superius
2404 3088 2642 3145 laudato
2706 3088 3168 3144 Hecatombssoui
3228 3104 3332 3161 pro
3388 3102 3699 3159 synonyma

2060 3176 2331 3234 Cronium
2383 3177 2618 3249 apponi,
2652 3182 2709 3234 et
2737 3176 2976 3233 aliunde
3020 3178 3197 3233 sciret
3240 3176 3521 3232 Martium
3567 3175 3697 3230 olim

2055 3267 2238 3322 fuisse
2270 3267 2527 3338 primum
2562 3269 2698 3322 anni
2729 3267 2972 3323 Romani
3024 3282 3287 3321 mensem
3323 3266 3509 3337 (juxta
3560 3263 3695 3320 illud

2054 3354 2435 3410 tritissimum
2468 3354 2685 3410 Tibulli
2716 3372 2731 3411 :

2145 3462 2210 3533 [P
2239 3460 2367 3531 487]
2401 3462 2597 3518 Marti:
2628 3461 2861 3533 Romani
2886 3464 3041 3531 festa:
3070 3476 3271 3516 venere
3303 3460 3566 3516 Kalendae
3594 3478 3614 3514 :

2303 3534 2581 3588 Exoriem
2611 3531 2813 3587 nostri:
2844 3532 2934 3587 hic
2961 3535 3072 3603 [uit
3101 3549 3280 3587 annus
3308 3533 3473 3602 avis),

2055 3620 2155 3676 sed
2198 3625 2403 3692 postea
2432 3619 2644 3676 additis
2690 3620 3023 3675 decimestri
3068 3637 3222 3676 anno
3266 3621 3494 3675 duobus
3545 3635 3698 3674 men-

2054 3712 2221 3767 sibus
2247 3712 2528 3768 honorem
2548 3711 2798 3766 ducendi
2829 3727 3048 3766 annum
3080 3710 3365 3765 Januario
3398 3712 3696 3775 tributum,

2058 3801 2489 3873 Pachymerem,
2539 3801 2810 3871 inquam,
2855 3798 2966 3855 hoc
3015 3816 3077 3855 se
3126 3816 3302 3855 nosse
3358 3799 3695 3872 gestientem

2056 3894 2373 3956 ostentare,
2404 3888 2637 3944 duobus
2676 3887 2979 3944 mensibus
3010 3886 3181 3959 quasi
3205 3887 3275 3941 de
3299 3888 3551 3959 primatu
3580 3903 3697 3942 cer-

2055 3978 2319 4034 tantibus
2363 3977 2422 4032 in
2475 3977 2738 4033 Romano
2768 3993 2945 4043 anno,
2976 3974 3259 4032 vocabula
3287 3978 3406 4030 duo
3432 3973 3693 4031 divisisse

2058 4083 2187 4138 qua
2236 4066 2410 4121 Attici
2461 4064 2601 4120 anni
2651 4065 2841 4136 primo
2893 4065 3082 4120 mensi
3141 4065 3539 4120 convenirent.
3572 4063 3697 4119 Dia-

2058 4171 2329 4227 gramma
2381 4152 2528 4209 illud
2572 4153 2753 4209 semel
2805 4154 2901 4209 hic
2950 4153 3281 4209 describere
3334 4153 3481 4208 tanti
3511 4153 3693 4208 visum

2059 4248 2170 4301 est.

2343 4329 2619 4402 Ὀνόματα
2670 4334 2856 4403 μηνῶν
2904 4329 3039 4385 κατὰ
3077 4327 3421 4398 Ἀθηναίους.

2129 4413 2540 4491 Ἐκατομϐαιὼν
2574 4419 2603 4474 6
2633 4420 2720 4475 καὶ
2757 4420 2895 4497 Κρό-
2970 4420 2999 4497 6
3042 4412 3415 4497 {amsg6pioc

2132 4512 2250 4552 νιος
2330 4484 2341 4491 ’
2511 4561 2521 4565 Α
2801 4484 2811 4497 ’
2974 4492 3002 4546 6
3045 4484 3380 4565 'Oxru'i'ﬁpioc

2134 4561 2532 4635 Μεταγειτνειώ
2960 4564 2989 4617 6
3030 4556 3363 4635 Δεκέμεριος

2130 4633 2444 4705 Πυανεψιών
2519 4704 2526 4706 _
2962 4635 2990 4689 6
3032 4633 3359 4706 Ἰανουάριος

2132 4700 2567 4780 Μαιμαζιιτηριών
2759 4774 2777 4780 _
2839 4776 2847 4780 _
2962 4707 2991 4761 6
3031 4700 3402 4780 ξιξεβρουᾶριος

2130 4774 2389 4852 Ληνὲιιιῗον⁸
2414 4774 2444 4830 6
2470 4778 2558 4832 καὶ
2588 4774 2887 4832 Ποσειδεὼν
3035 4774 3280 4852 Μάρτιος

2130 4845 2429 4923 Γαμηλιών
2478 4919 2488 4923 _
3036 4845 3365 4923 ’Δςτέρίλλιος

2133 4919 2529 4993 ’Δνθεστηρ-ιῴν
2960 4922 2987 4975 ὁ
3028 4919 3205 4993 Μάιος

2134 4990 2227 5049 Ἑλ
2237 4988 2558 5066 αφηϐολίών
3022 4992 3252 5066 Ἰοῷνιος

2135 5061 2464 5125 Μουνύἳιών
2954 5065 2981 5118 ὁ
3024 5061 3157 5120 Ἰού)
3178 5084 3256 5125 ιος

2136 5083 2321 5121 Μουνυ
2372 5085 2464 5117 ιων
2954 5083 2981 5118 ο
3028 5083 3256 5125 ἰουθιος

2136 5083 2463 5213 Θαργηξιών
2947 5136 2975 5189 6
3017 5132 3358 5209 Αὕγουστους

2136 5224 2548 5301 Σκιρῥοφοριών

2136 5316 2289 5371 092
2320 5314 2782 5370 BOHAPOMIQN.
2818 5331 2874 5385 p.
2907 5314 3013 5369 257
3063 5309 3487 5389 Βοηδρομιῶνος
3537 5305 3685 5357 ἱστα-

2068 5401 2254 5475 μένου.
2318 5403 2573 5475 Uterque
2628 5403 2757 5459 cod.
2792 5404 2920 5459 Bet
2953 5402 3082 5459 Ain
3132 5420 3234 5460 ora
3285 5401 3415 5458 libri
3467 5388 3688 5467 Ἀπριλ-
