3968 6202
265 297 402 352 1153

1657 280 2278 340 CEBONOLOGICUS.

3533 281 3675 358 4154,

267 417 410 484 Δίου,
438 416 626 472 Vatic.
657 415 780 468 τότε
809 409 984 465 τοίνυν
1027 405 1362 481 Ἀπριλλίου
1391 404 1724 482 ἆρχομίνου.
1770 405 1908 460 Boe-

2057 403 2204 459 Jisse
2235 402 2656 473 Gamelionem,
2689 418 2862 475 quem
2895 406 3052 459 certo
3096 402 3354 459 vidimus
3400 405 3666 476 Septem-

268 510 631 564 dromionem
658 503 900 559 tertium
935 502 1118 556 fuisse
1151 515 1415 554 mensem
1446 498 1505 552 in
1540 513 1692 552 anno
1726 495 1918 550 Attico

266 599 634 653 demonstrat
664 591 962 656 Petavius,
995 591 1038 659 Ι,
1074 607 1092 643 ι
1124 590 1198 644 De
1231 593 1384 644 Doct.
1419 596 1582 656 temp.
1617 603 1665 640 ο.
1702 587 1790 652 11,
1839 589 1918 638 te-

267 685 571 745 stimniuis
597 680 946 749 Aristotelis,
963 678 1349 750 Theophrasti
1365 681 1421 733 et
1441 676 1632 731 Plinii.
1656 675 1762 730 Sed
1783 690 1918 730 cum

268 775 507 831 tertium
542 773 734 828 locum
761 772 886 842 jam
919 773 1265 840 occupasset
1292 764 1665 837 Pachymeris
1694 764 1919 834 judicio

269 864 542 930 Cronius,
576 865 864 930 'quartum
915 858 1000 913 illi
1049 858 1391 929 assignavit,
1443 859 1546 910 aut
1597 854 1754 909 aliud
1832 857 1923 908 est

270 959 508 1010 secutus
557 951 714 1022 quod
749 966 862 1004 non
905 947 1068 1002 latet.
1129 947 1209 1001 De
1249 962 1308 1001 re
1355 945 1483 1011 ipsa
1525 948 1777 1010 constat,
1825 943 1922 999 hic

268 1041 493 1099 Juliani
526 1041 666 1094 anni
690 1037 948 1108 Aprilem
984 1034 1257 1107 intelligi,
1285 1051 1419 1090 cum
1449 1033 1816 1089 describatur
1847 1033 1924 1089 fe-

270 1137 430 1187 stum
502 1127 794 1181 ἀχπὶθιστον
829 1125 1075 1189 dictum,
1121 1124 1345 1194 jejunio
1406 1139 1582 1178 verno
1641 1123 1921 1178 celebrari

275 1221 541 1284 solitum,
593 1217 847 1271 Sabbato
906 1213 1177 1268 videlicet
1235 1212 1453 1283 quintae
1527 1212 1922 1268 hebdomadas

276 1305 760 1375 Quadragesimaa,
797 1307 859 1358 ut
888 1302 1255 1358 ostendimus
1299 1301 1357 1356 in
1410 1301 1708 1357 Glossario
1749 1301 1922 1356 verbo

278 1395 582 1453 ἀκάθιστος.
614 1393 736 1456 Quo
768 1392 861 1446 die
887 1390 1106 1446 Pascha
1135 1389 1233 1446 illo
1265 1407 1418 1446 anno
1451 1391 1645 1459 fuerit,
1686 1395 1742 1445 et
1793 1407 1926 1446 con-

277 1492 591 1554 sequenler
619 1483 677 1536 in
710 1497 883 1552 quem
918 1478 1136 1550 Aprilis
1170 1495 1261 1534 res
1293 1479 1386 1535 hic
1418 1478 1924 1547 narrata-incide-

277 1574 378 1640 rit,
412 1573 675 1627 dicemus
702 1568 880 1635 infra,
907 1568 1004 1623 ubi
1043 1569 1112 1623 de
1143 1567 1584 1624 characteribus
1616 1568 1925 1624 chronolo-

277 1661 426 1735 gicis
461 1661 639 1730 hujus
672 1659 931 1714 historiae
951 1662 1180 1727 agetur.

2027 493 2189 563 brem
2221 508 2372 549 esse.

2098 582 2516 650 ΜΟΥΝΥΧΙΩΝ,
2572 599 2703 654 pag.
2783 582 2888 636 318
2972 580 3162 650 Μηνὸς
3246 582 3665 655 Μουνυχιῶνος.

2029 669 2205 726 Codd.
2242 670 2282 725 Β
2314 673 2371 724 et
2399 677 2446 725 A
2473 673 2853 744 Μουνιχιῶνος
2887 673 3181 742 glossema
3212 671 3453 728 solitum
3487 672 3671 725 ascri—

2031 759 2200 825 bunt,
2251 759 2580 815 Romanum
2635 762 2856 815 mensis
2919 761 3046 830 ejus
3098 761 3444 816 vocabulnm
3489 760 3675 830 expri-

2030 863 2211 914 mens,
2263 841 2579 921 Νοιμϐρίου
2633 849 2968 904 Novembris.
3018 851 3178 914 Quod
3242 867 3374 905 vero
3439 848 3670 903 initium

2031 936 2088 990 id
2124 935 2305 991 tuisse
2350 936 2488 991 anni
2537 937 2712 991 verba
2760 936 2861 992 illa
2910 935 3159 998 ἐπιόντος
3208 933 3359 1000 ἔτους
3407 938 3671 993 indicant

2033 1025 2402 1080 referendum
2445 1025 2514 1080 ad
2558 1024 2961 1092 indictionem,
3011 1043 3134 1097 quae
3185 1026 3473 1098 peculiare
3538 1024 3676 1080 anni

2033 1113 2389 1184 principium
2446 1112 2696 1167 ducebat
2749 1131 2782 1168 a
2840 1115 3188 1184 Septembri,
3256 1132 3387 1170 cum
3456 1113 3678 1186 alioqui

2033 1201 2218 1256 civilis
2249 1201 2388 1256 anni
2419 1206 2596 1273 caput
2629 1201 2684 1255 in
2718 1201 2842 1256 Kal.
2866 1203 3157 1259 Januariis
3183 1204 3362 1258 ﬁxum
3395 1209 3567 1259 esset.

2111 1289 2643 1347 £XtPPO¢0PtQN.
2677 1289 2900 1344 Nomen
2935 1289 3043 1348 hoc
3079 1293 3230 1362 apud
3267 1291 3679 1363 Pacbymerem

2037 1377 2233 1433 ultimi
2265 1378 2486 1436 mensis
2543 1384 2633 1433 est
2690 1379 3048 1450 Decembris,
3099 1384 3165 1434 ut
3220 1379 3571 1450 intelligitur
3614 1397 3682 1435 ex

2034 1467 2231 1521 verbis
2263 1483 2398 1539 pag.
2431 1463 2583 1523 305:
2644 1468 2705 1522 Ὀ
2761 1465 3017 1540 βασιλεὺς
3067 1471 3257 1520 τοῦτον
3308 1461 3682 1539 προϐάλλεται

2039 1554 2210 1626 μηνὸς
2261 1552 2745 1629 Σκιρῥοφοριῶνος
2790 1554 3008 1628 εἰκοστῇ
3069 1553 3254 1632 ὀγδόῃ.
3329 1558 3413 1611 Ad
3475 1557 3688 1627 margi-

2039 1661 2174 1700 nem
2214 1660 2244 1698 e
2275 1645 2509 1714 regione
2541 1645 2596 1699 in
2632 1646 2758 1700 cod.
2794 1645 2835 1699 Β
2867 1647 3146 1700 scribitur
3191 1639 3550 1719 Δεκεμϐρίου,
3605 1645 3686 1699 uti

385 1749 810 1813 ΠΙἈΝΕΨΙΩΝ,
874 1765 930 1818 p.
993 1747 1115 1813 403,
1174 1743 1392 1809 εἰκοστῆ
1481 1745 1574 1817 μὲν
1641 1746 1729 1802 καὶ
1798 1744 1926 1826 ἕκτῃ

2057 1739 2100 1789 3t
2125 1749 2256 1805 pag.
2287 1734 2412 1803 532,
2447 1732 2545 1793 ubi
2599 1733 2670 1788 de
2729 1734 3074 1803 imperatore
3131 1735 3411 1790 scribitur
3470 1735 3690 1802 θνήσκει

281 1839 691 1909 Πυανεψιῶνος.
725 1837 766 1890 E
817 1837 1051 1907 regione
1107 1835 1264 1889 vocis
1321 1837 1702 1908 Πναυεψιῶνος
1760 1843 1931 1898 codd.

281 1927 740 1985 BetAhabent
771 1923 972 1993 Μαίου,
1027 1924 1182 1994 quod
1240 1927 1284 1977 ν
1342 1925 1414 1979 de
1470 1943 1630 1982 more
1685 1928 1743 1983 in
1794 1947 1930 1986 con-

283 2022 514 2073 textum
547 2015 772 2086 recipit.
815 2013 928 2069 Nec
973 2011 1218 2067 dubium
1281 2013 1629 2085 relinquitur
1680 2034 1748 2073 ex
1796 2022 1934 2075 cha-

283 2111 514 2162 ractere
546 2120 679 2159 mox
708 2119 980 2174 expresso
1027 2102 1159 2157 festi
1209 2101 1482 2158 instantis
1541 2108 1932 2178 Pentecostes,

284 2204 355 2251 ut
384 2195 631 2250 inferius
664 2193 1223 2256 demonstrabimus,
1261 2193 1398 2261 quin
1428 2198 1612 2252 Metus
1645 2197 1737 2252 hic
1771 2215 1934 2254 men-

283 2286 375 2340 sis
403 2284 704 2340 indicitur.
738 2283 900 2338 Unde
931 2281 1339 2353 corrigendum
1373 2283 1604 2339 videtur
1659 2289 1812 2358 quod
1876 2305 1933 2360 p.

280 2376 396 2428 270
431 2373 704 2429 scribitur
733 2373 1106 2438 πυαντιῶνοςς
1139 2376 1225 2426 est
1253 2371 1406 2427 enim
1442 2372 1519 2427 ibi
1567 2374 1625 2429 in
1673 2379 1937 2448 margine

281 2480 397 2518 vox
430 2458 626 2527 Μαΐου,
661 2462 904 2531 antiqua
936 2477 1134 2526 manu,
1185 2460 1279 2513 cui
1337 2459 1620 2531 glossema
1664 2467 1939 2520 recentio-

281 2552 368 2607 ris
402 2567 612 2604 manus
646 2549 1029 2619 subjungitur
1062 2553 1564 2620 μεταγειτεινιῶνος
1603 2553 1714 2608 Res
1766 2571 1936 2625 porro

279 2640 417 2710 ipsa
449 2644 507 2694 et
539 2639 649 2694 loci
694 2637 1006 2705 sententia,
1044 2642 1107 2691 ut
1130 2637 1168 2690 l.
1197 2638 1230 2692 3
1279 2639 1742 2696 Observationum
1799 2660 1847 2698 c.
1879 2645 1936 2709 5,

283 2728 450 2785 clare
472 2728 970 2794 demonstremus,
999 2726 1238 2781 omnino
1271 2727 1488 2783 Maium
1520 2731 1716 2801 exigit.

383 2832 942 2901 MAIMAKTHPIQN,
1006 2849 1064 2904 p.
1118 2833 1240 2887 430.
1292 2834 1522 2908 Δευτέρᾳ
1580 2831 1637 2889 δὲ
1722 2838 1940 2909 Μαιμα-

281 2926 623 2996 κτηριῶνος.
677 2924 738 2977 In
770 2921 1032 2994 margine
1063 2922 1178 2977 duo
1209 2923 1380 2978 codd.
1412 2923 1671 2981 Ἰούλιον.
1714 2927 1941 2981 Tertius

283 3017 361 3070 ut
391 3013 538 3068 solet
571 3012 628 3066 id
675 3027 890 3066 nomen
941 3011 1239 3066 contextui
1300 3013 1504 3067 inserit
1564 3030 1667 3069 nec
1724 3015 1938 3070 festum

2050 1818 2108 1874 δὲ
2158 1820 2635 1897 Σκιρῥοφοριῶνος
2696 1817 2977 1894 ἑνδεκάτῃ,
3033 1822 3092 1876 in
3153 1823 3416 1892 margine
3482 1830 3688 1894 Δεκεμ-

2049 1905 2227 1985 ϐρίου.
2262 1912 2421 1976 Quod
2457 1911 2768 1982 utrobique
2796 1911 2844 1965 V
2877 1914 2934 1966 in
2968 1915 3303 1966 contextum
3336 1911 3561 1982 recipit.

2722 2069 3012 2126 CAPUTII

2052 2160 2283 2214 Initium
2329 2156 2553 2230 imperii
2595 2159 2859 2215 Theodori
2920 2160 3172 2215 Last‘nrz's
3219 2157 3487 2230 Junioris,
3546 2159 3689 2214 unde

2119 2231 2237 2286 haec
2268 2229 2508 2286 hinria
2530 2232 2788 2299 procedit,
2835 2233 3146 2286 rationibus
3194 2229 3591 2302 chronolOgicis
3638 2239 3689 2285 et

2121 2303 2326 2357 caelesti
2353 2303 2665 2357 charactere
2691 2304 3116 2358 demonstratur.

2121 2425 2166 2478 Ι.
2199 2424 2323 2478 Non
2358 2442 2676 2495 possumus
2708 2443 2775 2482 ex
2807 2427 3204 2497 opportuniori
3241 2428 3460 2499 epocha
3508 2428 3688 2497 hujus

2049 2512 2305 2568 historiae
2337 2519 2514 2585 caput
2545 2515 2757 2573 ducere
2788 2531 2962 2585 quam
2996 2526 3064 2570 ex
3109 2516 3273 2570 initio
3325 2516 3690 2587 principatus

2047 2602 2327 2656 Theodori
2362 2602 2626 2658 Lascaris
2657 2621 2723 2659 eo
2757 2605 2991 2659 nomine
3019 2605 3284 2671 secundi,
3321 2605 3423 2659 ﬁlii
3455 2610 3511 2661 et
3565 2623 3696 2661 suc-

2050 2690 2303 2745 cesseris
2338 2691 2395 2745 in
2431 2691 2674 2763 imperio
2706 2692 2952 2748 Joannis
2985 2693 3176 2761 Ducas,
3201 2695 3445 2749 Batatza:
3478 2710 3694 2766 cogno-

2052 2779 2282 2834 minati.
2318 2779 2646 2850 lnsigniora
2674 2783 2830 2836 enim
2865 2798 3110 2853 quaeque
3155 2785 3225 2838 de
3259 2783 3540 2838 Michaele
3584 2789 3696 2839 Pa-

2051 2867 2289 2939 lmologo
2339 2869 2530 2924 adhuc
2562 2871 2786 2941 privato
2830 2871 2924 2926 hic
2967 2876 3199 2926 narrata
3248 2872 3354 2926 hoc
3402 2872 3700 2928 Theodoro

2050 2955 2378 3027 imperante
2401 2958 2798 3030 contigerunt,
2826 2960 2996 3030 cujus
3024 2965 3440 3029 praematurum
3470 2960 3697 3016 obitum

2055 3046 2250 3101 stalim
2284 3046 2401 3102 fere
2422 3047 2722 3103 Michaelis
2752 3049 3018 3119 ejusdem
3045 3049 3102 3102 in
3132 3049 3447 3120 imperium
3478 3050 3697 3104 evectio

283 3105 668 3208 θεοιοοετειεε
699 3101 756 3154 in
793 3100 1118 3208 senarius
1151 3099 1252 3208 ί,ιι,ο
1465 3102 1621 3157 Junii
1652 3103 1942 3172 incidens.
1974 3121 2020 3186 c
2057 3099 3532 3208 accpi;sa;gigans;quatgxgalsm
3552 3099 3700 3208 at;

283 3196 360 3248 ut
391 3208 500 3247 suo
531 3190 656 3246 loco
685 3189 1051 3259 ducebimus,
1082 3190 1329 3245 dubium
1364 3189 1640 3263 relinquit
1677 3195 1818 3264 quin
1848 3193 1947 3248 Ju-

284 3281 433 3336 nius
467 3279 812 3352 Pachymori
835 3277 1294 3351 Μαιμακτῃριών.
1329 3279 1426 3336 sit.
1446 3279 1516 3332 Τὸ
1544 3277 1945 3338 b'ntenemus:

281 3369 357 3424 τὸ
389 3365 558 3436 διότι,
591 3373 655 3424 ut
685 3369 741 3422 in
771 3367 1016 3436 caeteris,
1049 3369 1453 3439 quaerendum.
1487 3370 1627 3426 Davi
1658 3371 1812 3427 enim
1845 3389 1943 3428 su-

283 3476 456 3525 mus,
491 3475 606 3514 non
641 3456 840 3529 OEdipi
872 3458 959 3529 (·).

371 3549 464 3619 [Ρ.
500 3549 624 3618 488]
659 3548 1164 3616 ΑΝΘΕΣΤΗΡΙΩΝ,
1187 3551 1267 3620 (p.
1300 3549 1426 3617 286,
1474 3549 1502 3602 ὁ
1531 3549 1949 3624 Ἀνθεστηριών.

284 3642 330 3692 Ε
370 3638 608 3709 regione
643 3638 700 3693 in
759 3638 1023 3710 margine
1079 3637 1332 3701 Ἰούλιος.
1411 3639 1459 3693 ν
1521 3640 1579 3695 id
1642 3641 1834 3698 solum
1894 3642 1952 3696 in

285 3733 573 3782 contextu
595 3727 791 3783 habet.
824 3731 1028 3792 Antea,
1063 3745 1118 3800 p.
1185 3728 1306 3794 149,
1371 3729 1550 3802 Εορτῇ
1599 3735 1702 3797 τῆς
1751 3730 1955 3801 Θεομή-

285 3835 463 3890 τορος
494 3816 697 3884 ’Λννης
725 3815 897 3886 μηνὸς
928 3817 1416 3890 Ἀνθεστηριῶνος.
1476 3821 1704 3874 Rursus
1737 3836 1793 3890 p.
1852 3819 1956 3872 483

292 3903 443 3962 Τότε
470 3903 653 3958 τοίνυν
709 3901 988 3978 δωδεκάτῃ
1019 3905 1473 3979 Ἀνθεστηριῶνος
1537 3906 1728 3978 μηνός.
1793 3907 1955 3962 Utro-

288 3995 481 4067 bique
514 3996 682 4050 codd.
717 3995 787 4050 de
819 4011 980 4050 more
1028 3993 1279 4052 Ἰουνίου.
1341 3997 1645 4052 adnotant.
1706 3995 1954 4068 Augusti

285 4083 526 4139 mensis
562 4083 1080 4155 Pachymerianum
1133 4101 1344 4140 nomen
1393 4084 1452 4140 in
1512 4085 1620 4140 hac
1679 4085 1955 4155 historia,

286 4172 458 4245 quod
493 4171 888 4238 meminerim,
913 4189 1028 4228 non
1061 4177 1252 4229 exstat
1284 4173 1395 4245 (··).

372 4278 770 4346 ΓΑΜΗΛΙΩΝ,
806 4296 862 4351 p.
914 4280 1038 4345 395,
1087 4277 1472 4352 Γαμηλιῶνος.
1530 4278 1725 4351 μηνός.
1770 4281 1952 4355 Codd_

372 4369 409 4422 Β
440 4372 499 4423 et
527 4370 624 4423 Ae
655 4368 887 4440 regione
910 4370 1258 4425 adscribunt
1299 4364 1699 4444 Σεπτεμϐρίου,
1746 4371 1955 4427 silente

287 4462 513 4529 praeter
540 4473 760 4512 morem
794 4457 862 4528 V,
897 4458 995 4529 qui
1029 4459 1135 4514 hoc
1167 4475 1398 4515 comma
1443 4460 1722 4516 transilit.
1771 4463 1956 4516 Antea
1986 4495 2032 4561 Β

289 4565 353 4614 p.
391 4546 521 4601 299.
570 4547 678 4616 μὴν
742 4542 799 4600 δὲ
856 4545 1159 4623 ἐφειστήκει
1201 4548 1296 4601 τότ
1328 4547 1630 4620 Γοιμηλιὼε
1686 4570 1736 4620 ν,
1788 4546 1956 4623 ἤγετο

291 4632 360 4688 δὲ
413 4636 449 4702 ἡ
506 4638 605 4687 τοῦ
651 4633 839 4706 τιμίου
912 4639 1144 4709 σταυροῦ
1196 4636 1381 4711 ἑορτὴ,
1445 4639 1657 4694 festum
1742 4639 1960 4695 exalta-

287 4723 484 4780 tionis
513 4729 571 4781 S.
628 4724 829 4780 Crucis
881 4726 947 4779 14
1009 4726 1376 4796 Septembris
1433 4726 1610 4783 etiam
1671 4745 1704 4782 a
1745 4728 1959 4783 Graecis

290 4813 693 4869 celebratum.
716 4817 1013 4871 Consueta
1044 4819 1101 4869 et
1133 4814 1213 4869 ibi
1257 4815 1426 4870 codd.
1487 4817 1822 4884 admonent,
1855 4816 1955 4871 sed

287 4901 452 4959 satis
483 4917 551 4956 ex
584 4901 717 4957 festi
749 4904 1043 4958 mentione
1075 4902 1426 4975 intelligitur
1451 4905 1810 4975 September.

382 5010 537 5064 sua
572 5010 1104 5067 EAA¢HBOAIQN.
1149 5027 1282 5084 pag.
1343 5013 1469 5066 394.
1531 5006 1959 5087 Ἐλαφηϐολιῶ-

289 5118 402 5152 νοσ
429 5095 558 5170 ἕκτῃ
593 5099 790 5170 μηνός.
825 5099 1181 5172 Suggerunt,
1217 5105 1281 5154 ut
1318 5100 1528 5169 solent,
1575 5102 1746 5158 codd.
1800 5102 1841 5157 Β
1901 5106 1961 5158 et

293 5191 351 5244 A
383 5187 446 5243 in
481 5189 745 5260 margine
778 5189 1054 5244 Latinum
1088 5190 1310 5244 mensis
1353 5206 1566 5245 nomen
1597 5184 1955 5263 Ὀκτώϐριον,

293 5276 638 5342 Octobrem,
673 5293 846 5349 quem
881 5278 1084 5350 etipse
1114 5277 1278 5332 locus
1307 5294 1409 5349 per
1449 5294 1510 5333 se
1544 5278 1784 5346 indicat,
1821 5297 1954 5334 cum

298 5367 371 5420 in
410 5381 479 5420 eo
535 5366 864 5429 afﬁrmatur
920 5367 1341 5439 praecedentem
1401 5365 1621 5438 ἀμὲσως
1693 5385 1955 5424 mensem

598 5527 856 5602 Glossar.
882 5529 1044 5602 alter.
1077 5544 1116 5583 v
1172 5527 1635 5602 Μαιμακτῃριὼν.

376 5598 471 5668 (")
501 5599 589 5656 Cf.
620 5600 880 5657 Glossar.
913 5601 1164 5657 alterum
1187 5618 1244 5656 ν.
1270 5596 1601 5657 Ποσειδεὼν.

2055 3225 2313 3297 generis,
2343 3240 2472 3297 cap.
2504 3226 2562 3292 6,
2593 3224 2696 3280 lib.
2728 3244 2747 3282 1
2782 3226 3131 3282 memorari:
3168 3243 3368 3282 verum
3401 3231 3458 3281 et
3488 3227 3545 3281 id
3580 3226 3700 3280 obi-

2059 3319 2146 3370 ter
2174 3313 2539 3369 insinuatum
2573 3315 2859 3370 duntaxat
2881 3314 3051 3386 quasi
3096 3315 3433 3386 praetexitur
3490 3314 3650 3387 operi
3685 3332 3700 3370 :

2060 3406 2114 3459 et
2145 3401 2286 3458 illud
2320 3403 2514 3475 ipsum
2537 3404 2672 3474 jure
2703 3403 2982 3475 imputari
3013 3405 3314 3460 Theodoro
3339 3403 3529 3475 potuit
3580 3409 3708 3458 tan-

2061 3497 2185 3548 tum
2220 3509 2334 3548 non
2369 3492 2681 3564 imperanti
2715 3498 2773 3546 et
2803 3494 2954 3562 apud
2989 3498 3289 3564 parentem
3324 3492 3611 3548 seniorem
3639 3509 3706 3547 eo

2059 3582 2256 3654 gratias
2289 3599 2354 3636 ac
2388 3582 2664 3650 potentiae
2693 3583 2876 3654 gradu
2913 3582 3147 3651 nitenti,
3182 3582 3416 3654 qualem
3453 3599 3553 3654 per
3583 3585 3708 3636 erat

2061 3671 2361 3740 unigenito
2375 3671 2561 3726 virilis
2576 3672 2787 3741 adepto
2807 3669 3234 3740 plenitudinem
3256 3671 3462 3740 aetatis,
3487 3670 3708 3741 (R489)

2058 3760 2215 3814 haud
2250 3760 2428 3814 dubio
2462 3759 2788 3814 successori
2823 3759 3118 3815 declarato
3162 3765 3217 3814 et
3249 3777 3363 3814 tam
3399 3777 3557 3814 nunc
3591 3762 3710 3814 fere

2060 3848 2294 3918 collegis
2329 3847 2529 3903 tribui.
2593 3852 2768 3902 Recte
2821 3847 3002 3919 igitur
3059 3852 3262 3902 noster
3313 3847 3478 3902 initio
3531 3849 3704 3902 modo

2059 3936 2277 3991 laudati
2311 3936 2519 4006 capitis
2540 3936 2594 4004 7,
2635 3935 2791 3990 velut
2835 3934 3141 3990 historiam
3193 3935 3326 3988 inde
3383 3950 3550 3988 suam
3607 3951 3715 3989 au-

2060 4026 2297 4097 spicans
2331 4024 2560 4091 scribit,
2589 4025 2915 4096 imperante
2941 4023 3251 4079 Theodoro
3299 4022 3524 4078 Lascari
3579 4026 3714 4093 post

2060 4119 2306 4187 patrem,
2338 4112 2677 4168 Michaelem
2708 4111 3087 4184 Palaeologum
3113 4127 3346 4183 semper
3394 4110 3710 4167 obnoxium

2060 4203 2309 4259 affectati
2343 4201 2504 4274 regni
2535 4201 2977 4272 suspicionibus
3009 4200 3215 4266 fuisse,
3255 4217 3371 4271 quo
3429 4216 3499 4255 ex
3552 4201 3712 4255 fonte

2061 4293 2344 4348 malorum
2384 4291 2672 4356 omnium,
2720 4308 2846 4364 quae
2904 4295 3043 4346 tunc
3099 4295 3190 4344 est
3248 4306 3486 4361 passus,
3519 4306 3712 4345 causa:

2060 4383 2355 4438 ﬂuxerint.
2389 4381 2622 4452 Utergo
2656 4380 2832 4435 limen
2867 4380 3034 4451 quasi
3076 4383 3500 4451 priestruamus
3531 4378 3716 4434 histo-

2062 4471 2160 4526 riae
2184 4488 2361 4544 quam
2394 4471 2755 4525 illustratum
2791 4472 2968 4534 imus,
3003 4474 3136 4524 ante
3170 4468 3371 4524 omnia
3401 4467 3715 4524 elaboran-

2065 4561 2208 4614 dum
2241 4559 2412 4616 nobis
2441 4564 2532 4614 est
2562 4559 2618 4613 in
2675 4558 3082 4612 constituendo
3142 4557 3382 4629 praecise
3423 4561 3713 4628 tempore,

2065 4665 2181 4720 quo
2212 4649 2388 4720 erepit
2417 4648 2762 4703 Theodorus
2794 4647 3060 4702 Lascaris
3095 4645 3303 4701 Junior
3325 4646 3588 4701 habenas
3609 4646 3714 4701 im-

2067 4738 2211 4810 perii
2234 4741 2504 4793 tractare.
2541 4735 2985 4808 Negligentibus
3017 4734 3077 4788 in
3136 4735 3245 4790 hoc
3292 4735 3628 4790 deﬁniendo
3660 4739 3719 4790 et

2067 4827 2237 4899 quasi
2269 4828 2340 4882 de
2370 4842 2476 4882 suo
2509 4824 2748 4880 nomine
2778 4820 3329 4898 παραχυμερέστερον
3359 4825 3514 4880 694
3544 4825 3712 4881 vide-

2064 4922 2165 4972 tur
2195 4921 2394 4972 noster
2409 4914 2728 4970 historicus
2749 4914 3079 4969 defunctus.
3106 4913 3217 4968 Sed
3239 4913 3529 4971 habemus
3557 4930 3706 4986 quos

2066 5006 2453 5061 adhibeamus
2511 5003 2777 5059 subsidio
2835 5001 3156 5074 locupletes
3213 5007 3479 5058 auctores
3531 5004 3706 5069 duos,

2065 5094 2379 5166 Georgium
2412 5092 2807 5164 Acropolitam
2838 5096 2896 5147 et
2924 5091 3316 5161 Nicephorum
3351 5091 3666 5161 Gregoram
3697 5107 3712 5145 :

2068 5200 2318 5256 quorum
2352 5181 2509 5254 prior
2530 5181 3010 5237 accuratissimus
3034 5185 3089 5235 et
3112 5196 3367 5251 przesens
3389 5179 3705 5249 inspector,

2064 5290 2216 5346 quas
2248 5275 2466 5337 narrat,
2503 5287 2694 5325 rerum
2722 5287 2772 5325 c.
2805 5272 2874 5325 52
2913 5272 3051 5325 Hist.
3087 5269 3302 5340 prioris
3346 5283 3479 5338 pag.
3520 5267 3590 5318 56
3623 5267 3718 5319 ed.

2068 5363 2208 5433 Reg.
2260 5360 2346 5417 sic
2409 5358 2672 5415 scribit:
2731 5359 3038 5427 Ἐτεθνήκει
3124 5352 3377 5430 βασιλεὺς
3463 5350 3721 5421 Ἰωάννης
