3978 6182
269 261 410 320 1157

1671 260 2293 316 CHRONOLOGICUS.

3543 277 3679 332 1158

266 388 451 461 polita
479 383 704 451 scribit,
740 401 795 456 p.
837 383 943 439 57:
988 380 1261 459 Πὲφθακεν
1327 377 1354 436 ὁ
1412 382 1759 458 πατριάρχης
1800 384 1922 438 Μα-

2065 402 2105 440 ιο
2136 383 2263 457 ipso
2296 387 2447 455 quod
2482 387 3001 459 praesigniﬁcatam
3025 392 3125 448 illa
3164 393 3365 466 eclipsi
3396 398 3682 458 Theodori

270 474 454 544 νουὴλ
516 472 713 547 μικρόν
771 494 821 526 τι
878 476 974 526 τοῦ
1031 471 1300 547 βασιλέως
1330 470 1582 529 Ἰωάννου
1631 489 1930 544 xpers/teu-

270 572 458 635 τῆσαι·
512 562 738 621 Manuel
780 563 1099 634 patriarcha
1154 562 1329 635 paulo
1377 571 1503 617 ante
1545 562 1773 618 Joannis
1823 564 1934 616 Au-

284 656 439 726 gusti
466 663 697 709 mortem
730 652 1051 709 decesserat.
1086 658 1469 706 Accesserunl
1500 650 1934 707 deliberationis

280 742 339 797 in
377 738 691 813 quaerendo
724 739 902 811 digno
956 755 1151 807 morae,
1183 743 1240 793 et
1290 744 1422 811 post
1468 739 1931 811 designationem

276 830 591 902 Nicephori
647 824 983 884 Blemmidze
1028 827 1210 898 hujus
1261 827 1571 897 recusatio,
1624 824 1732 883 sub
1785 827 1935 881 hanc

283 919 644 975 consultatio
677 935 862 975 nova:
897 921 953 973 et
984 921 1117 989 post
1148 917 1365 972 multos
1397 914 1697 989 sigillatim
1728 933 1935 988 expen-

283 1028 405 1075 ses,
451 1006 550 1081 qui
601 1005 781 1062 variis
827 1008 891 1062 dt
960 1003 1155 1061 causis
1222 1022 1335 1060 non
1405 1002 1749 1078 placuerunt
1791 1020 1934 1059 novo

281 1094 558 1171 principi,
591 1095 796 1152 electio
857 1094 1125 1150 monachi
1158 1094 1388 1149 Arsenii
1447 1094 1820 1166 evocatioque
1866 1109 1933 1149 ex

283 1185 641 1244 monasterio
664 1184 775 1240 silo
800 1183 870 1239 ad
906 1182 1307 1255 Apolloniadis
1346 1184 1559 1249 lacum,
1584 1183 1718 1238 inde
1758 1181 1936 1251 hujus

288 1292 589 1333 sacrorum
620 1274 889 1329 ordinum
923 1272 1177 1343 expertis
1239 1272 1493 1328 initiatio
1526 1290 1628 1344 per
1659 1274 1873 1344 gradus
1907 1289 1939 1326 a

286 1366 594 1422 diaconatu
627 1363 697 1421 ad
751 1362 1209 1434 patriarchatum
1263 1375 1379 1415 una
1428 1360 1793 1417 hebdomade
1834 1361 1938 1415 de-

289 1458 619 1527 properata.
646 1455 775 1507 Haec
826 1449 995 1506 facile
1024 1455 1209 1505 totum
1259 1448 1642 1507 Novembrem
1676 1454 1938 1521 partem-

290 1558 408 1613 que
433 1540 763 1599 decembris
787 1541 1207 1609 tenuerunt,ita
1232 1546 1296 1595 ut
1336 1542 1633 1596 coronatio
1658 1537 1937 1595 solemnis

293 1634 426 1687 novi
480 1632 728 1703 Augusti
777 1644 880 1703 per
936 1644 1148 1685 novum
1212 1629 1605 1701 patriarcham
1660 1628 1768 1684 rite
1808 1644 1937 1701 per-

2040 478 2284 529 mortem
2336 476 2586 545 asserit;
2620 480 2687 532 ad
2739 481 2893 550 quod
2951 498 3186 538 necesse
3245 485 3355 539 fuit
3384 488 3681 560 ecclipsim

2041 568 2225 618 morte
2257 564 2436 619 fuisse
2488 566 2763 636 priorem.
2825 570 3067 626 Errandi
3119 574 3486 631 occasionem
3542 579 3681 635 viris

2041 650 2199 707 hisce
2234 655 2462 725 magnis
2486 660 2870 729 Pacbymeres
2904 663 3155 731 praebuit
3203 665 3595 734 perfunctorie
3616 685 3680 723 ac

2041 740 2311 812 perplexe
2368 744 2690 815 deliquium
2742 747 2901 802 istud
2961 750 3102 807 solis
3152 768 3507 820 memorans,
3554 757 3683 812 sine

2042 835 2202 884 certa
2232 830 2393 898 anni,
2430 835 2672 904 mensis,
2708 836 2846 905 dici,
2880 843 2945 893 ut
2975 839 3033 893 in
3067 839 3160 895 his
3188 841 3422 910 assolet,
3463 845 3683 900 indica-

2041 916 2221 985 tione,
2268 919 2407 989 quin
2456 922 2635 977 etiam
2688 923 2877 981 alieno
2922 927 2978 982 id
3023 928 3146 984 loco
3183 932 3459 1002 referens,
3501 939 3557 988 et
3587 935 3683 1004 ju-

2043 1010 2195 1061 stam
2220 1007 2502 1078 objiciens
2534 1009 2742 1078 legenti
2772 1030 3006 1069 causam
3050 1018 3329 1088 opinandi
3363 1020 3505 1075 illud
3540 1039 3684 1093 pau-

2045 1096 2127 1151 cis
2154 1096 2361 1152 diebus
2390 1104 2706 1171 antequam
2741 1103 3081 1160 Theodorus
3115 1114 3439 1163 moreretur
3469 1111 3682 1179 visum,

2045 1200 2176 1240 cum
2210 1185 2447 1242 aliunde
2478 1196 2846 1259 compertum
2878 1193 2951 1247 sit
2984 1193 3208 1249 nullam
3256 1201 3375 1251 toto
3403 1198 3501 1255 illo
3532 1216 3684 1255 anno

2045 1274 2203 1337 1259,
2232 1291 2343 1343 quo
2375 1280 2530 1332 certo
2571 1283 2801 1333 constat
2847 1281 3062 1337 obiisse
3116 1285 3508 1356 Theodorum,
3543 1288 3687 1343 solis

2042 1361 2308 1444 eclipsim
2340 1364 2543 1421 Nicaeae
2576 1366 2842 1424 autlocis
2876 1370 3147 1427 ﬁnitimis
3194 1373 3373 1429 videri
3405 1375 3686 1447 potuisse.

2045 1452 2233 1515 Quare
2266 1469 2379 1508 non
2408 1455 2703 1512 immerito
2753 1458 2966 1514 Setbus
3011 1459 3298 1517 Calvisius
3337 1464 3395 1517 in
3426 1464 3687 1519 Chrono-

2046 1538 2201 1613 logia
2230 1540 2523 1599 Wolﬁana
2570 1561 2724 1600 anno
2751 1546 2963 1603 Christi
3018 1550 3155 1603 1255
3186 1552 3559 1624 Pachymeris
3592 1571 3690 1609 ex-

2045 1636 2243 1701 cerpta
2275 1631 2401 1687 falsi
2434 1633 2648 1705 arguit,
2683 1651 2809 1707 quae
2848 1636 3224 1708 reprehensio
3256 1642 3389 1709 etsi,
3423 1647 3487 1698 ut
3519 1644 3690 1700 modo

290 1722 509 1793 petrari
553 1721 644 1775 vix
692 1718 949 1793 potuerit
997 1723 1131 1773 ante
1176 1717 1322 1773 festa
1371 1712 1665 1782 Natalitla,
1717 1721 1774 1772 et
1811 1733 1936 1772 cre-
1971 1742 2021 1816 Β
2050 1718 2273 1773 fatebar
2302 1719 2496 1791 ipsum
2530 1724 2906 1794 amplectitur
2934 1726 3373 1797 Pachymerem,
3402 1740 3593 1787 tamen
3620 1751 3693 1788 ne

291 1809 472 1865 dibile
498 1812 589 1865 est
618 1809 747 1880 ipso
797 1808 1015 1866 Christi
1058 1806 1266 1875 Natali,
1320 1824 1434 1878 quo
1465 1805 1557 1862 die
1588 1805 1942 1878 auspicatior

292 1899 539 1973 reperiri
574 1899 726 1954 alius
759 1896 1050 1970 nequiret,
1083 1908 1300 1953 sacram
1335 1895 1505 1951 istam
1539 1896 1943 1953 caeremoniam

294 1992 620 2063 peractam.

367 2114 458 2170 ιν.
494 2113 596 2168 His
641 2112 720 2167 ita
770 2110 995 2183 positis,
1037 2128 1167 2183 quas
1216 2110 1430 2182 partim
1481 2111 1808 2167 certissima
1857 2111 1947 2167 di-

306 2209 468 2261 serta
523 2201 937 2258 testiﬁcatione
992 2200 1336 2272 Acropolitaa
1410 2206 1551 2256 tunc
1600 2201 1845 2257 viventis
1892 2204 1950 2258 et

303 2291 611 2365 praesentis
665 2307 731 2347 ac
785 2294 1049 2361 Gregoraa
1106 2289 1574 2361 compertissima
1620 2306 1689 2346 ex
1726 2290 1948 2346 recenti

309 2379 595 2438 memoria
624 2377 961 2447 scribentis,
997 2378 1232 2449 partim,
1286 2379 1441 2449 quod
1492 2378 1701 2435 attinet
1733 2381 1801 2435 ad
1836 2380 1948 2435 cir-

298 2468 717 2528 cumstantiam
776 2468 892 2524 diei
956 2466 1174 2523 Christi
1235 2466 1451 2523 Natalis
1523 2468 1595 2522 ad
1666 2468 1949 2524 Theodori

2054 1807 2259 1877 injusti
2292 1810 2504 1878 simus,
2536 1818 2761 1884 partem
2808 1814 2937 1885 ejus
2969 1815 3081 1887 ipsi
3130 1834 3363 1889 quoque
3395 1837 3562 1876 suam
3593 1824 3690 1878 de-

2053 1897 2260 1955 bemus
2297 1900 2500 1957 Wolﬁo
2553 1920 2882 1976 aspergere,
2933 1908 3033 1980 qui
3061 1910 3161 1964 sub
3189 1910 3394 1965 obitum
3420 1912 3695 1969 Theodori

2054 1988 2334 2045 defecisse
2383 1990 2564 2047 solem
2597 1993 2669 2049 de
2700 2011 2805 2049 suo
2838 1997 3071 2067 adjecit,
3107 2013 3239 2054 eum
3276 2000 3332 2055 id
3374 2000 3695 2073 Pachyme-

2055 2093 2148 2133 res
2182 2095 2295 2134 non
2337 2080 2661 2152 scripserit.
2695 2082 2839 2138 Nam
2874 2086 3029 2156 quod
3068 2104 3137 2141 ex
3166 2089 3470 2146 occasione
3500 2092 3694 2147 obitus

2055 2166 2344 2224 Theodori
2393 2171 2728 2227 meminerit
2773 2173 3107 2232 istiusmodi
3152 2176 3409 2249 eclipsis,
3454 2180 3553 2250 qui
3580 2197 3695 2236 non

2055 2256 2210 2312 videt
2258 2274 2436 2329 quam
2488 2258 2791 2316 inﬁrmum
2843 2274 3254 2335 argumentum
3296 2268 3373 2322 sit
3418 2267 3697 2340 opinandi

2056 2360 2183 2401 eam
2215 2349 2355 2403 tunc
2384 2346 2568 2404 visam
2590 2349 2617 2404 7

2128 2470 2195 2526 V.
2225 2472 2341 2544 Ego
2373 2486 2505 2529 vero
2536 2474 2671 2529 dum
2701 2480 2969 2532 caeteram
3002 2477 3255 2534 indolem
3298 2479 3567 2553 lucifuga;
3598 2499 3696 2538 cu-

300 2562 742 2618 coronationem
810 2559 1004 2626 electi,
1033 2559 1093 2616 in
1170 2558 1404 2614 silentio
1465 2558 1821 2631 scriptorum
1880 2574 1947 2616 ex

303 2652 455 2707 serie
505 2649 760 2706 naturali
817 2665 1012 2705 rerum
1068 2646 1498 2704 verisimillima
1563 2652 1724 2715 sunt,
1784 2650 1953 2705 oﬂ‘ert

305 2740 476 2797 nobis
518 2740 759 2810 quidam
809 2736 1028 2810 alioqui
1074 2736 1490 2808 perintricatus
1548 2741 1605 2792 et
1662 2737 1952 2794 obscurus

306 2828 679 2900 Pacbymeris
708 2826 894 2883 nostri
934 2824 1097 2881 locus
1130 2824 1494 2881 occasionem
1518 2823 1760 2881 minime
1791 2842 1951 2898 sper-

304 2917 565 2973 nendam
614 2913 972 2989 insigniendi
1010 2914 1311 2972 luculento
1360 2913 1579 2970 caelesti
1618 2914 1954 2971 charactere
2059 2930 2315 2988 expensa
2342 2917 2576 2990 colligo,
2628 2920 2773 2975 mihi
2818 2922 3019 2979 videor
3065 2924 3531 2980 animadvertere
3554 2925 3705 2981 indi-

312 3008 564 3063 frontem
597 3004 746 3062 hanc
781 3007 969 3077 ipsam
1018 3008 1075 3060 et
1107 3003 1274 3076 quasi
1333 3002 1637 3074 capitalem
1671 3003 1951 3076 epocham
2064 3004 2170 3060 ciis
2198 3005 2355 3061 haud
2379 3008 2544 3063 vanis
2590 3008 2848 3066 voluisse
2893 3015 3164 3068 nostrum
3219 3013 3553 3071 historicum
3589 3014 3707 3071 sal-

303 3097 489 3167 hujus
522 3111 700 3169 quam
741 3094 973 3150 edimus
1004 3092 1269 3149 historia.
1306 3090 1473 3148 Ponit
1501 3098 1707 3148 auctor
1735 3097 1951 3163 noster,
1985 3102 2028 3178 ρ
2065 3098 2185 3149 tem
2217 3092 2464 3151 obscure
2512 3097 2778 3167 innuere,
2811 3100 2860 3155 si
2923 3101 3119 3157 minus
3172 3102 3321 3157 clare
3371 3104 3706 3174 praedicare,

304 3184 349 3241 l.
381 3202 420 3251 ι,
453 3200 503 3238 c.
537 3184 623 3253 13,
654 3182 775 3237 haec
805 3183 935 3253 ipsa
960 3181 1131 3253 plane
1153 3182 1327 3237 verba
1357 3182 1429 3237 de
1473 3182 1730 3254 quodam
1753 3182 1954 3254 eclipsi
2070 3182 2397 3255 deliquium
2432 3187 2646 3256 solare,
2678 3186 2835 3258 quod
2867 3187 2976 3245 hoc
3029 3190 3154 3246 loco
3194 3195 3502 3260 memorat,
3537 3192 3709 3265 longe

307 3273 460 3331 solis
507 3289 634 3345 quas
684 3271 971 3353 Theodori
1016 3275 1429 3342 praematurum
1475 3270 1699 3327 obitum
1747 3288 1964 3343 praesa—
2073 3279 2208 3329 ante
2233 3274 2343 3329 hoc
2401 3280 2657 3347 tempus,
2690 3276 2746 3332 in
2782 3296 2899 3351 quo
2941 3280 3232 3336 narrando
3280 3286 3565 3351 versatur,
3611 3297 3714 3353 pa-

313 3354 630 3436 gierit:'0
689 3350 755 3429 δὴ
813 3358 900 3443 χᾳῖ
962 3354 1307 3432 προεσήμανὲ
1357 3378 1408 3413 τι
1468 3363 1695 3431 mpsim;
1729 3378 1741 3391 ’
1800 3356 1947 3428 ἧλιοι

2071 3367 2295 3419 tratum
2326 3368 2385 3420 et
2411 3371 2734 3437 spectatum
2770 3350 2972 3425 fuisse.
3006 3372 3435 3443 Argumentum
3467 3350 3557 3427 sic
3582 3350 3718 3427 sen-

311 3444 421 3525 γᾶρ
478 3442 789 3504 ἐκλελοίπει
847 3441 929 3527 ἐφ’
978 3447 1120 3523 ὥραν
1174 3448 1367 3523 τρίτην
1397 3454 1496 3517 τῆς
1545 3444 1707 3519 ἕκτης
1735 3446 1944 3524 ἡμέρας

2074 3451 2259 3507 tiendi
2283 3451 2533 3524 primum
2554 3470 2725 3512 sumo
2747 3473 2812 3512 ex
2837 3441 3413 3530 plusquamperfecto
3460 3464 3725 3530 tempore

314 3532 410 3593 καὶ
460 3536 591 3611 βαθὺ
624 3534 813 3600 σκότος
841 3534 903 3591 τὸ
929 3542 1033 3591 πᾶν
1080 3533 1424 3613 κατειλήφει,
1486 3534 1624 3591 ὥστε
1678 3538 1765 3593 καὶ
1802 3533 1947 3614 ἅστρι

2076 3541 2227 3608 quod
2259 3539 2319 3595 in
2349 3544 2523 3597 verbo
2555 3542 2646 3599 his
2666 3544 2919 3613 affectat,
2936 3562 3052 3602 non
3101 3547 3366 3603 scribens
3405 3544 3725 3601 ἐκλέλοιπεν

318 3633 555 3706 φανῆναι
608 3627 725 3683 κατ’
780 3622 1031 3701 οὐρανόν.
1084 3625 1189 3683 Καὶ
1249 3623 1316 3695 δὴ
1375 3624 1669 3697 ἀρπάζεται
1724 3626 1815 3681 καὶ
1867 3645 1947 3700 np

2078 3623 2261 3695 ἦλιοςς
2291 3629 2391 3684 sed
2416 3626 2746 3699 ἐκλελοίπει,
2781 3637 2838 3688 et
2867 3635 3066 3689 statim
3100 3639 3254 3705 post,
3306 3633 3497 3695 σκότος
3526 3635 3587 3688 τὸ
3619 3638 3721 3688 πᾶν

319 3712 472 3789 ὥρας
530 3710 666 3790 ἀνὴρ
731 3714 1029 3791 βασιλικῶς
1091 3714 1183 3787 μὲν
1238 3713 1329 3769 καὶ
1388 3711 1663 3791 γεννηθεὶς
1710 3715 1798 3770 καὶ
1844 3732 1946 3786 τρα

2080 3714 2398 3793 κατείληφε,
2442 3720 2543 3773 sed
2583 3719 2926 3795 κατειλήφει.
2976 3723 3281 3793 Defecerat,
3346 3723 3561 3794 inquit,
3622 3726 3723 3793 sol,

321 3803 469 3883 φείς,
502 3812 613 3862 etc.
648 3802 778 3862 Haec
809 3807 879 3862 ad
914 3806 1151 3863 verbum
1196 3804 1719 3877 scrupulosissime
1750 3804 1863 3860 ﬁde
1893 3806 1976 3861 sic
2085 3822 2199 3861 non
2223 3812 2425 3862 autum
2457 3818 2588 3864 tunc
2618 3809 2853 3879 defecit;
2887 3818 2940 3865 et
2970 3811 3221 3866 tenebras
3254 3812 3527 3866 universa
3564 3812 3727 3866 obdu-

324 3892 535 3953 Latine
584 3901 835 3952 sonant:
882 3893 968 3969 (P.
1028 3896 1155 3967 491)
1213 3894 1363 3965 Quod
1418 3905 1468 3950 et
1522 3894 1978 3965 prestgnz'ﬁcaoit
2082 3902 2304 3964 xerunt,
2354 3894 2538 3951 multo
2588 3896 2811 3953 scilicet
2859 3898 3042 3968 prius,
3087 3915 3199 3953 non
3228 3907 3424 3955 autem
3469 3908 3597 3953 tunc
3634 3901 3728 3954 ob-

323 3988 553 4058 signum
601 3980 890 4057 quoddam.
943 3984 1032 4041 Sol
1099 3983 1250 4043 enim
1327 3983 1603 4055 defecerat
1657 3983 1728 4038 ad
1785 3982 1981 4039 horam
2086 3984 2383 4039 duxerunt.
2416 3985 2651 4048 Quodsi
2685 3985 2819 4057 quis
2846 3988 3293 4058 quaeratquanti
3324 3986 3604 4057 temporis
3636 3986 3733 4041 in-

323 4072 558 4131 tertiam
598 4077 755 4131 sexta
803 4073 944 4144 diei,
1004 4082 1054 4129 et
1105 4072 1291 4130 dense
1340 4071 1575 4129 tenebras
1612 4081 1805 4129 cuncta
1835 4088 1979 4129 com-
2088 4071 2401 4129 tervallum
2433 4073 2555 4129 haec
2586 4075 2760 4131 verbo
2802 4075 3061 4131 indicata
3110 4075 3419 4147 praecessio
3451 4075 3729 4147 postulet,

320 4158 757 4236 prehenderem,
789 4160 921 4220 adeo
950 4170 1008 4219 ut
1051 4166 1383 4233 apparerent
1428 4161 1607 4219 stellae
1627 4177 1726 4233 per
1762 4162 1980 4218 cadum.
2092 4168 2325 4236 reputet
2348 4180 2616 4235 quaenam
2636 4170 2840 4221 eventa
2857 4165 3210 4236 prtesignata
3242 4166 3424 4220 fuisse
3453 4164 3565 4221 isto
3598 4181 3732 4237 por-

326 4252 521 4325 ltaque
543 4248 879 4325 praeripilur
917 4253 1118 4308 acerba
1164 4259 1335 4307 morte
1372 4252 1458 4306 vir
1502 4252 1655 4322 regie
1684 4249 1905 4322 quidem
1935 4253 1986 4308 et
2093 4256 2254 4308 tento
2278 4256 2480 4309 auctor
2526 4260 2779 4311 censeat.
2817 4254 2966 4310 Satis
3020 4256 3145 4311 fuse
3195 4270 3260 4310 ac
3291 4255 3565 4310 distincte
3595 4271 3734 4326 per-

332 4344 503 4397 nalus
531 4347 583 4397 et
628 4342 1025 4410 educatus,etc.
1075 4338 1207 4398 Haec
1254 4340 1310 4396 in
1359 4345 1597 4413 exerpta
1622 4357 1725 4396 sua
1764 4340 1985 4414 Pachy-
2096 4347 2334 4398 secutus
2368 4341 2521 4397 mala
2552 4360 2677 4415 quis
2728 4342 3011 4399 Theodori
3064 4344 3459 4415 principatum
3491 4343 3737 4398 infesta-

2053 2561 2314 2632 jusdam,
2371 2560 2719 2633 ambagiosa:
2770 2581 2835 2620 ac
2897 2562 3595 2643 σκοτοδασυπυκνότριχος,
3640 2577 3703 2627 ut

2060 2650 2323 2705 Geiliano
2355 2653 2411 2707 et
2444 2652 2863 2725 Aristophaneo
2891 2655 3083 2713 verbis
3118 2663 3263 2714 utar.
3301 2658 3703 2731 Pachymeria-

2060 2755 2148 2794 nae
2178 2738 2453 2796 dictionis
2486 2743 2699 2814 cogito,
2736 2745 2995 2817 dumque
3048 2752 3327 2818 praeterea
3358 2754 3551 2804 mente
3577 2767 3704 2805 am-

2063 2828 2267 2901 plexus
2297 2830 2475 2885 simul
2508 2837 2718 2887 cuneta
2748 2849 2879 2905 quas
2905 2834 2998 2890 hic
3039 2835 3372 2891 referuntur
3401 2836 3706 2908 sigillatim

335 4430 608 4487 meriana
637 4448 960 4505 congerens
985 4428 1237 4487 Wolﬁus
1269 4431 1353 4488 sic
1394 4430 1598 4487 eﬁ'ert:
1632 4428 1740 4485 Sub
1778 4430 1991 4485 obitum

2098 4439 2233 4486 runt
2263 4431 2532 4487 morbum
2566 4449 2747 4504 prope
2776 4432 3145 4500 continuum,
3187 4431 3552 4504 suspiciones
3579 4448 3741 4488 acres

332 4514 601 4576 Theodori
626 4522 880 4578 Lascarz‘s
910 4529 1063 4577 sexto
1101 4519 1193 4576 die
1222 4520 1303 4575 sol
1331 4536 1429 4591 per
1449 4519 1638 4575 horam
1667 4520 1990 4575 obscuratus
2021 4514 2065 4542 υ
2100 4526 2157 4577 et
2188 4521 2456 4588 miseras,
2490 4521 2853 4577 aversionem
2885 4522 3217 4593 principum
3262 4522 3334 4577 ab
3365 4520 3517 4592 ipso,
3548 4519 3743 4577 brevi-

330 4612 435 4679 est,
470 4610 812 4683 tenebraeque
840 4618 1177 4681 operuerunt
1207 4609 1417 4674 omnia,
1459 4608 1589 4664 adeo
1620 4616 1681 4663 ut
1711 4606 1893 4664 stellae
1923 4609 1980 4664 in

328 4700 466 4755 calo
496 4704 826 4771 apparerent
867 4698 1151 4755 Henricus
1182 4698 1535 4771 Spondanus
1576 4696 1637 4754 in
1689 4698 1987 4755 continua-

331 4786 497 4844 tione
526 4782 839 4845 Annalium
887 4788 1118 4845 Baronii
1150 4789 1219 4843 ad
1278 4806 1415 4843 ann.
1471 4788 1627 4854 1259,
1685 4803 1845 4843 num.
1898 4784 1987 4854 15,

334 4878 546 4933 scribit
573 4878 684 4934 sub
711 4878 939 4935 obitum
970 4877 1264 4934 Theodori
1302 4875 1570 4932 Lascaris
1615 4875 1879 4931 Junioris
1910 4889 1991 4929 so-

334 4969 447 5024 lem
476 4986 576 5041 per
615 4967 811 5025 horam
854 4970 1204 5027 obscuratum
1258 4983 1392 5036 esse,
1440 4968 1524 5022 ita
1579 4969 1640 5021 ut
1666 4966 1845 5023 stella
1881 4982 1989 5037 ap-

330 5068 623 5131 parerent.
657 5059 920 5131 Sumpsit
951 5059 1007 5114 id
1042 5057 1321 5118 nimirum
1361 5072 1430 5111 ex
1460 5054 1676 5113 Wilﬁo.
1712 5054 1991 5111 Odoricus

339 5146 664 5204 Rainaldus
710 5166 871 5205 num.
913 5148 983 5204 54
1030 5165 1166 5204 ann.
1218 5146 1374 5216 1259,
1426 5148 1672 5201 mortem
1705 5144 1993 5201 Theodori

340 5232 625 5305 referens,
676 5238 942 5307 ejusdem
993 5235 1261 5293 meminit
1302 5233 1560 5305 eclipsis,
1621 5249 1799 5303 quam
1832 5237 1994 5289 sexto

340 5328 420 5381 ab
470 5325 600 5396 ejus
645 5327 807 5381 obitu
860 5324 953 5381 die
1003 5325 1325 5396 contigisse
1370 5323 1518 5377 691
1566 5321 1669 5386 ait,
1701 5327 1996 5378 auctorem

337 5412 594 5469 laudans
627 5413 1062 5486 Pachymerem.
1097 5414 1166 5467 At
1196 5410 1310 5481 hic,
1362 5408 1498 5463 licet
1529 5407 1643 5463 dici
1671 5416 1839 5464 sestae
1874 5427 1995 5466 me-

337 5502 605 5572 minerit,
655 5503 811 5559 haud
859 5507 1056 5559 tamen
1088 5517 1216 5558 eam
1268 5498 1697 5556 numerandam
1748 5498 1894 5553 dixit
1925 5500 1997 5555 ab

339 5591 509 5649 obitu
559 5590 872 5664 Theodori,
922 5592 1021 5648 sed
1056 5591 1255 5663 potius
1298 5586 1580 5647 indicavit
1608 5589 1994 5664 contrarium,

2102 4613 2279 4664 tatem
2303 4609 2473 4679 spatii
2502 4610 2805 4665 educendo
2839 4611 2897 4667 in
2922 4611 3220 4666 robustam
3254 4616 3485 4667 aetatem
3527 4609 3744 4665 haeredi

2099 4697 2293 4753 locum
2326 4702 2662 4768 negantem,
2690 4704 2897 4770 praeter
2925 4704 3165 4755 caeteros
3198 4699 3594 4755 tumultuosos
3618 4714 3745 4754 mo-

2100 4791 2196 4842 tus
2224 4786 2608 4842 rebellionem
2666 4792 2723 4843 et
2779 4786 3069 4844 bellorum
3119 4793 3239 4845 toto
3271 4787 3366 4844 illo
3427 4805 3533 4844 nec
3574 4787 3744 4860 pleno

2101 4874 2485 4946 quadriennio
2534 4891 2765 4947 semper
2820 4878 3087 4948 undique
3116 4878 3524 4949 coorientium,
3556 4882 3745 4932 totum

2101 4965 2160 5020 id
2193 4964 2648 5020 infortuniorum
2672 4969 2895 5021 textum
2917 4965 3155 5021 relativo
3186 4963 3215 5019 ὅ
3243 4965 3747 5039 indignitavitPa-

2102 5053 2429 5125 chymeres,
2450 5054 2595 5108 dum
2626 5054 2832 5110 scribit
2860 5049 2979 5121 ὃδὴ
3011 5053 3103 5108 καὶ
3133 5056 3505 5129 προεσήμανε,
3530 5052 3673 5125 quod
3702 5058 3757 5106 et

2100 5141 2580 5214 praesigniﬁcavit.
2602 5144 2745 5200 Cum
2769 5159 2904 5199 vero
2934 5144 3014 5200 sit
3037 5144 3416 5201 manifestum
3450 5139 3753 5214 praesigni-

2106 5230 2439 5288 ﬁcationem
2467 5232 2793 5289 necessario
2816 5233 3169 5288 anteriorem
3201 5248 3330 5288 esse
3361 5248 3420 5287 re
3452 5226 3753 5302 praesigni-

2110 5322 2302 5389 ﬁcata,
2337 5319 2472 5392 quis
2499 5338 2613 5377 non
2638 5321 2918 5395 intelligit
2949 5323 3281 5394 oportuisse
3328 5320 3563 5390 signum
3594 5316 3752 5371 istud

2108 5410 2263 5467 circa
2292 5410 2422 5481 ipsa
2452 5409 2661 5482 imperi
2692 5411 2980 5467 Theodori
3014 5410 3164 5467 898
3198 5407 3484 5479 principia
3514 5421 3760 5475 conspe-

2109 5505 2267 5557 ctum
2292 5499 2319 5554 ?
2342 5499 2490 5565 Quid
2525 5500 2624 5557 illa
2654 5505 2828 5557 sextae
2859 5499 2973 5555 dici
3009 5499 3227 5555 mentio
3248 5498 3275 5551 ‘I
3306 5497 3508 5552 Nonne
3529 5495 3760 5551 eviden-

2112 5594 2202 5646 ter
2229 5588 2407 5661 exigit
2428 5589 2717 5661 insignem
2748 5589 3007 5660 aliquam
3060 5588 3217 5643 unde
3246 5589 3591 5643 numeretur
3620 5600 3757 5658 epo-
