3978 6182
385 238 520 293 1159

1414 231 1476 282 Ρ.
1517 226 1789 282 POSSINI
1824 222 2439 280 OBSERVATIONUM
2475 227 2608 281 LIB.
2650 230 2747 284 IlI.

3570 240 3671 295 1160

384 363 553 419 cham
576 362 602 417 ?
626 361 703 415 Ea
732 373 873 428 poro
905 369 1038 409 cum
1070 349 1359 407 Theodori
1390 366 1548 405 mors
1580 365 1709 404 esse
1738 363 1851 402 non
1887 362 2023 418 pos—
2053 351 2101 413 Α
2135 346 2340 403 berum
2390 350 2627 405 errandi
2670 349 2866 408 locum
2915 349 3053 406 facit
3080 367 3254 422 quam
3303 354 3533 412 docenda
3569 363 3682 417 veri.

388 454 486 519 sit,
509 450 723 520 quippe
752 460 879 515 quas
903 437 1342 514 priesigniﬁcari
1366 437 1534 508 signo
1558 436 1851 509 posterius
1868 433 2023 489 edito

387 534 730 609 nequiverit,
763 535 943 587 restat
973 534 1037 584 ut
1075 528 1335 599 ejusdem
1387 525 1669 582 solemnis
1702 525 2024 596 inaugura-

386 627 468 681 tio
500 620 878 693 intelligenda
901 620 997 689 sit,
1030 615 1240 681 Natali,
1277 620 1342 671 ut
1380 614 1659 681 diximus,
1692 611 1930 680 Christi,
1954 610 2025 664 25

382 710 716 767 Decembris
768 708 864 764 die
914 706 1053 763 anni
1100 705 1237 761 1253
1294 702 1607 759 celebrata.
1653 702 1719 757 Et
1763 716 2024 756 commo-

386 802 529 855 dum
561 800 629 855 ad
660 799 775 854 ista
805 798 933 870 ipsa
962 797 1055 851 die
1101 811 1231 867 quae
1271 797 1437 849 sexta
1483 791 1695 862 illuxit,
1728 790 2026 845 tricesima

385 887 721 945 Decembris
766 886 865 942 illo
918 887 1122 942 eodem
1190 899 1344 939 anno
1406 881 1542 935 1254
1599 885 1656 935 et
1713 878 1857 935 feria
1917 876 2027 933 fuit

387 979 616 1051 quinta,
646 992 780 1033 cum
811 975 912 1032 illo
944 975 1145 1031 eodem
1179 989 1331 1028 anno
1364 969 1588 1043 periodi
1614 968 1862 1025 Julianae
1882 966 2025 1022 5968

386 1067 581 1140 cyclus
608 1065 751 1123 solis
774 1065 921 1137 4,(Ρ.
956 1064 1080 1135 492)
1112 1062 1312 1118 ltttera
1340 1058 1720 1115 Dominicalis
1751 1056 2025 1127 C.fuerit,

386 1158 500 1225 die,
533 1156 795 1227 inquam,
827 1154 897 1209 3O
918 1150 1279 1219 Decembris,
1307 1151 1342 1203 6
1368 1167 1401 1205 a
1441 1147 1814 1204 coronatione
1840 1146 2023 1201 Theo-

384 1245 510 1300 dori
563 1260 741 1299 manu
792 1241 1018 1298 Arsenii
1069 1238 1410 1311 patriarcha
1456 1237 1513 1292 in
1555 1235 1799 1293 ecclesia
1847 1235 2024 1305 facta,

381 1350 536 1389 anno
568 1333 727 1398 1255,
768 1331 1002 1403 eclipsis
1051 1330 1195 1386 solis
1246 1329 1371 1383 visa
1417 1326 1619 1382 Nicaeae
1668 1327 1878 1397 ingens
1910 1329 2022 1393 est,

378 1424 583 1479 eadem
618 1423 761 1477 hora
793 1438 966 1493 quam
999 1419 1217 1475 notavit
1251 1418 1636 1488 Pacbymeres
1684 1419 1815 1487 post
1846 1413 2025 1469 meri-

385 1512 542 1567 diem
592 1512 783 1579 tertia,
831 1526 962 1565 cum
1014 1507 1271 1564 tenebris
1319 1504 1690 1561 densissimis
1720 1508 1838 1559 toto
1870 1520 2024 1573 aere,

384 1606 442 1656 et
473 1599 838 1673 apparitione
887 1597 1185 1654 stellarum
1215 1597 1273 1650 in
1325 1594 1484 1661 cmlo,
1524 1600 1587 1648 ut
1626 1598 1779 1665 patet
1809 1609 1874 1648 ex
1896 1593 2024 1663 ejus

386 1690 629 1761 deliquii
662 1687 1056 1744 exactissimis
1094 1685 1357 1754 calculis,
1411 1700 1557 1756 quos
1590 1682 1858 1754 sequenti
1891 1698 2024 1737 mox

385 1777 573 1849 capite
607 1775 902 1831 dabimus.
934 1775 1141 1830 Totam
1176 1773 1322 1829 hanc
1351 1772 1747 1842 conjecturam
1771 1786 1837 1825 ac
1856 1770 2025 1824 ratio-

379 1866 734 1922 cinationem
765 1880 832 1920 eo
883 1863 1068 1936 pluris
1110 1863 1258 1919 facio
1291 1862 1446 1933 quod
1498 1859 1611 1916 mei
1651 1858 1872 1931 ingenii
1905 1875 2021 1914 non

378 1962 488 2013 est.
521 1957 665 2012 Cum
697 1956 853 2011 enim
892 1955 1126 2011 difﬁsus
1175 1951 1433 2008 facultati
1484 1966 1623 2007 meae
1670 1948 1827 2006 viros
1874 1950 2023 2004 duos

382 2046 528 2102 mihi
560 2045 953 2101 amicissimos
991 2051 1046 2099 et
1093 2040 1462 2099 astronomia).
1513 2038 1901 2112 peritissimos
1952 2039 2023 2094 de

379 2136 487 2191 hac
518 2135 715 2205 eclipsi
744 2132 1196 2200 consuluissem,
1223 2135 1507 2187 Joannem
1541 2129 1858 2199 Baptistam
1892 2127 2023 2183 Ric-

378 2224 594 2280 ciolum
618 2229 673 2279 et
701 2224 979 2279 Jacobum
1004 2220 1508 2286 Grantami,ambo
1534 2222 1927 2274 convenerunt
1960 2217 2020 2270 in

379 2314 724 2368 afﬁrmando
742 2312 963 2367 nullam
984 2328 1135 2365 anno
1161 2309 1377 2365 Christi
1407 2309 1566 2377 1259,
1591 2323 1704 2378 quo
1727 2311 1816 2362 est
1834 2305 2022 2361 Theo-

381 2404 559 2458 dorus
588 2402 799 2457 Junior
824 2401 1089 2457 Lascuris
1120 2396 1555 2465 mortuus,solis
1578 2395 2021 2467 eclipsim,qua-

376 2490 491 2547 lem
518 2490 900 2563 pachymeres
923 2487 1476 2559 describit,spectari
1515 2485 1712 2541 Nicaea:
1735 2485 2017 2557 potuisse.

375 2580 540 2635 Alter
566 2596 703 2635 vero
735 2579 996 2646 illorum,
1021 2578 1278 2634 Jacobus
1307 2574 1632 2643 Grantami,
1666 2573 2019 2645 benignissi-

377 2685 471 2724 mo
517 2667 662 2722 mihi
706 2665 1074 2739 gratificandi
1114 2665 1310 2721 studio
1348 2668 1526 2719 totam
1586 2660 2018 2718 intricatissimi

374 2759 555 2829 hujus
584 2756 694 2812 loci
726 2756 1162 2829 perplexitatem
1195 2752 1436 2826 insigni,
1459 2770 1590 2809 mea
1619 2768 1795 2808 causa
1815 2750 2019 2807 elucu-

374 2850 563 2916 brato,
609 2844 1029 2903 commentario
1079 2842 1374 2915 explicuit,
1405 2843 1463 2898 id
1514 2842 1707 2914 ipsum
1741 2841 1892 2914 quod
1920 2839 2016 2895 hic

376 2938 721 3010 compendio
746 2936 1020 3009 proposui
1044 2934 1282 2991 uberius
1300 2933 1697 2990 etaccuratius
1718 2936 2012 2987 astruens.

374 3028 436 3083 Id
472 3026 813 3099 praeclarum
861 3024 967 3081 viri
999 3024 1170 3096 longe
1218 3021 1563 3087 doctissimi,
1594 3024 1650 3077 et
1687 3021 1759 3077 de
1790 3036 1885 3075 me
1913 3036 2013 3075 su-

373 3132 483 3189 pra
514 3132 693 3187 quam
735 3114 1049 3187 praedicare
1099 3112 1322 3184 possim
1371 3109 1590 3182 optime
1622 3107 1838 3178 meriti,
1869 3123 2018 3178 opus

376 3203 548 3277 quale
578 3204 771 3275 accepi
804 3203 1035 3259 erudita
1064 3201 1255 3274 ipsius
1285 3204 1589 3257 exaratum
1640 3214 1815 3255 manu
1848 3198 2018 3254 deio-

375 3308 512 3365 ceps
543 3292 637 3348 hic
668 3291 1022 3348 adscribam.

1014 3466 1244 3523 CAPUT
1287 3466 1381 3521 Ill.

375 3576 553 3634 Jacoli
576 3578 874 3632 Grantami
899 3590 929 3630 ε
947 3577 1199 3631 societate
1242 3578 1375 3631 Jesu
1404 3575 1720 3631 dissertatio
1749 3575 1813 3631 de
1844 3574 2017 3646 eclip-

446 3648 498 3703 si
516 3647 653 3703 solis
708 3665 741 3702 ιι
800 3646 1140 3718 Pachymere
1184 3652 1405 3718 notata.
1464 3646 1545 3702 Ad
1600 3648 1829 3702 Petrum
1882 3648 2015 3702 Pos-

447 3722 631 3775 sinum
661 3719 905 3791 ejusdem
934 3717 1239 3775 societatis.

449 3865 492 3919 Ι.
528 3862 775 3935 Eclipsis
826 3861 968 3919 solis
1014 3878 1191 3933 supra
1223 3878 1289 3917 ex
1334 3860 1685 3933 Pacbymore
1725 3859 2018 3932 descripta

377 3969 491 4007 non
518 3952 777 4008 minores
807 3952 865 4006 in
888 3950 1134 4007 historia
1155 3954 1485 4022 temporum
1528 3954 1584 4005 et
1604 3948 2015 4005 astronomicis

377 4042 604 4111 legibus
654 4041 928 4097 tenebras
981 4040 1152 4113 parit,
1198 4056 1375 4112 quam
1411 4038 1707 4096 diciturin
1740 4056 1870 4095 aere
1908 4039 2017 4095 ob-

377 4132 717 4186 scuritatem
755 4130 976 4186 fudisse
1005 4134 1063 4185 et
1092 4129 1292 4185 lumen
1325 4129 1495 4201 plane
1526 4133 1712 4184 totum
1747 4128 1888 4184 solis
1918 4144 2014 4184 ex-

382 4220 660 4274 stinxisse
686 4237 700 4285 ;
731 4236 830 4275 aer
877 4220 1031 4275 enim
1088 4223 1235 4274 tecto
1265 4236 1300 4273 a
1346 4218 1488 4273 luna
1524 4216 1645 4273 sole
1675 4219 1875 4289 aliqua
1903 4216 2016 4272 sal-

376 4309 493 4361 tem
524 4305 827 4361 stcllarum
863 4306 991 4361 luce
1023 4304 1365 4377 fulgebat,et
1394 4322 1519 4375 quae
1558 4304 1618 4359 in
1664 4308 1819 4359 terra
1850 4319 2016 4375 gere-

378 4395 592 4450 bantur
621 4411 734 4449 non
768 4394 1007 4450 omnino
1052 4393 1366 4449 invisibilia
1392 4397 1449 4448 et
1487 4391 1884 4448 intractabilis
1914 4393 2016 4449 ﬁe-

378 4483 553 4538 bant:
587 4483 900 4555 descriptio
934 4488 1129 4538 autem
1171 4481 1271 4537 illa
1308 4481 1621 4537 obscurare
1668 4481 1898 4537 videtur
1926 4481 2018 4537 hi-

375 4573 713 4643 storiam,ut
735 4572 957 4628 nullam
983 4572 1032 4628 ei
1058 4572 1294 4644 penitus
1330 4571 1463 4626 fidei
1482 4570 1671 4628 lucem
1694 4576 1794 4627 aut
1816 4588 2017 4643 aspec-

373 4666 501 4717 tum
532 4661 792 4717 veritatis
825 4660 1135 4733 relinquat.
1172 4660 1321 4717 Mors
1367 4659 1732 4732 imperatoris
1781 4660 2019 4732 ponitur

374 4768 528 4807 anno
559 4750 616 4806 in
665 4756 1016 4806 autumnum
1064 4749 1493 4821 vergente:ToB
1524 4744 1572 4802 δ’
1599 4746 1764 4802 αὐτοῦ
1810 4746 2018 4823 χρόνου

369 4837 508 4914 πρὸς
535 4840 597 4894 τὸ
628 4838 1029 4916 φθινοπωρινὸν
1054 4836 1450 4900 ἀποκλίνοντος
1474 4834 1833 4910 μεταλλάττει
1854 4836 1916 4892 τὸ
1933 4837 2017 4913 βι-

372 4932 465 4983 οὖν
495 4929 522 4983 ὁ
554 4933 786 5004 κρατῶν.
823 4928 1151 4986 Praznuntia
1178 4928 1437 5000 affigitur
1457 4926 1595 4984 solis
1617 4927 1861 4985 defectio
1895 4931 2022 4984 tan-

372 5024 433 5075 ta
460 5024 525 5075 ut
546 5020 850 5092 profundae
881 5019 1139 5074 tenebrm
1166 5016 1367 5073 omnia
1388 5020 1649 5089 tegerent
1670 5021 1729 5072 et
1755 5017 1933 5073 stella:
1957 5016 2017 5073 in

372 5108 515 5164 cmlo
548 5108 812 5165 lucentes
845 5110 1195 5180 apparerent
1234 5105 1321 5162 :"O
1351 5101 1417 5174 δὴ
1466 5104 1555 5159 καὶ
1585 5106 1940 5180 προεσήμηνὲ
1964 5126 2019 5160 τι

371 5201 621 5267 σημεῖον.
654 5194 855 5255 Ἥλιος
914 5193 1042 5269 γάρ,
1075 5200 1184 5265 etc,
1216 5198 1283 5249 ut
1330 5196 1483 5251 699
1532 5212 1733 5267 supra.
1765 5196 2021 5269 Tempus

370 5287 524 5358 quod
559 5286 901 5359 assignatur
923 5286 1035 5339 sub
1067 5284 1272 5339 horam
1306 5282 1536 5339 tertiam
1581 5284 1699 5339 diei
1722 5290 1915 5352 sextae,
1941 5283 2023 5360 ἔφ’

370 5374 513 5451 ὥραν
568 5372 759 5450 τρίτην
812 5376 912 5442 τῆς
964 5370 1128 5442 ἕκτης
1186 5369 1419 5445 ἡμέρας,
1500 5374 1774 5429 tenebras
1834 5374 2023 5446 magis

372 5480 549 5535 quam
584 5464 771 5520 lucem
803 5462 1076 5529 offundit,
1107 5466 1163 5518 et
1206 5462 1347 5515 dum
1389 5461 1668 5517 terminos
1700 5477 1888 5532 neque
1918 5462 2027 5517 ini-

370 5553 589 5609 tiorum
616 5568 807 5625 neque
844 5551 1050 5608 ﬁnium
1112 5549 1441 5623 praescribit
1469 5549 1750 5619 narratio,
1793 5555 1912 5607 tam
1956 5551 2024 5605 li-

2045 4442 2096 4509 D

2134 436 2239 491 tati
2272 437 2425 493 viam
2458 438 2740 496 occludit.

2206 534 2275 592 II.
2323 535 2741 607 Quamobrem,
2786 542 2853 594 ut
2899 538 2959 593 in
3008 538 3102 594 bis
3152 540 3392 597 tenebris
3427 540 3511 599 lux
3534 545 3687 617 aliqua

2134 624 2416 693 veritatis,
2476 626 2528 680 si
2575 642 2706 698 quas
2752 626 2918 697 insit,
2969 633 3334 699 agnoscatur,
3378 636 3495 686 ante
3534 636 3688 690 omnia

2134 714 2614 770 constituendum
2649 732 2765 787 quo
2797 733 2951 771 anno
2982 720 3040 771 et
3085 733 3201 788 quo
3230 717 3359 773 anni
3386 724 3603 791 tempore
3627 725 3687 778 vi-

2132 804 2303 859 vendi
2336 802 2511 859 ﬁnem
2544 804 2747 859 fecerit
2775 805 3094 877 imperator
3126 806 3175 860 is
3206 807 3274 862 de
3315 824 3417 877 quo
3445 808 3688 883 Pachyme-

2136 907 2229 947 res
2257 891 2352 947 hic
2376 892 2518 965 agit.
2568 894 2777 949 Facem
2817 893 3050 966 prafert
3088 892 3224 950 huic
3273 893 3499 952 historia
3524 898 3688 955 obscu-

2135 980 2290 1036 ritati
2325 982 2610 1054 Georgius
2642 983 2967 1055 AcrOpolita
2997 1000 3046 1039 ο.
3086 984 3179 1053 52,
3229 988 3420 1039 auctor
3445 993 3689 1043 accuratus

2134 1076 2192 1127 et
2221 1070 2455 1138 nobilis,
2487 1072 2586 1143 qui
2621 1089 2855 1128 summa
2893 1072 3200 1145 diligentia
3232 1089 3319 1128 res
3363 1075 3447 1129 sui
3469 1078 3691 1147 temporis

2136 1161 2311 1216 certis
2342 1159 2498 1216 notis
2530 1161 2700 1233 quasi
2729 1161 2883 1218 veris
2905 1161 3201 1218 coloribus
3230 1162 3347 1234 pari
3378 1163 3626 1236 elegantia
3647 1181 3691 1220 ac

2136 1250 2248 1305 fide
2280 1249 2563 1321 depinxit-

2208 1351 2262 1404 Is
2293 1364 2429 1421 ergo
2462 1352 2707 1405 mortem
2759 1349 3010 1405 duorum
3058 1348 3463 1421 imperatorum
3507 1350 3699 1406 Joannis

2136 1437 2306 1493 Duce:
2338 1442 2397 1492 et
2423 1436 2712 1493 Theodori
2745 1437 3009 1493 Lascaris
3050 1437 3154 1492 filii
3202 1440 3327 1509 ejus
3357 1439 3434 1494 ita
3458 1438 3699 1505 describit,

2136 1532 2202 1582 ut
2231 1543 2453 1582 annum
2487 1530 2545 1582 et
2600 1526 2740 1582 anni
2800 1543 3063 1582 mensem
3114 1526 3268 1583 clare
3329 1528 3600 1599 exprimat.
3630 1527 3700 1582 Ait

2136 1614 2290 1671 enim
2324 1616 2395 1671 de
2423 1615 2671 1683 Joanne,
2702 1615 2919 1671 obiisse
2958 1615 3128 1671 illum
3172 1615 3324 1672 diem
3352 1622 3632 1671 extremum
3654 1633 3702 1670 ιιι

2054 1712 2101 1777 Β
2136 1702 2256 1758 Kal.
2290 1703 2556 1761 Octobris
2588 1721 2776 1760 annos
2811 1709 3013 1760 natum
3065 1705 3215 1761 duos
3241 1711 3297 1760 et
3324 1707 3629 1777 sextaginla,
3652 1722 3703 1760 ex

2131 1793 2350 1864 quibus
2384 1794 2622 1866 triginta
2674 1802 2788 1849 tres
2830 1799 3196 1866 regnaverat.
3248 1793 3427 1859 Ἔνθα,
3463 1794 3641 1865 inquit,
3659 1794 3702 1848 id

2128 1886 2218 1936 est
2245 1882 2314 1937 ad
2341 1881 2724 1953 Nymphaeum
2751 1881 2850 1937 ubi
2873 1882 3133 1938 Joannes
3159 1882 3339 1939 vitam
3364 1882 3550 1949 finivit,
3568 1881 3704 1934 καὶτὸ

2130 1968 2309 2043 χρεὼν
2381 1966 2767 2043 ἱλειτούργησε
2834 1968 2990 2045 τρίτῃ
3065 1966 3361 2025 Καλανδῶν
3429 1964 3704 2043 Νοεμϐρέου,

2128 2057 2388 2130 ἑξήκοντα
2442 2058 2533 2112 καὶ
2592 2054 2715 2126 δύο,
2771 2058 2848 2120 ὡς
2906 2059 2960 2113 οἳ
3014 2059 3082 2113 τὰ
3106 2058 3234 2134 περὶ
3277 2058 3434 2113 αὐτοῦ
3462 2053 3708 2131 ἀκριϐέστε-

2129 2166 2220 2222 ρον
2281 2143 2482 2208 εἰδότες
2543 2144 2794 2224 ἔφασκον,
2854 2144 2944 2218 ἔτη
3008 2147 3239 2223 βιώσας,
3295 2147 3346 2218 ἐξ
3391 2148 3459 2201 ὦν
3486 2146 3711 2221 τριάκοντι

2124 2234 2215 2290 καὶ
2262 2234 2386 2311 τρία
2437 2230 2811 2311 βεϐασίλευκε,
2860 2238 3140 2310 Idemque
3193 2238 3366 2310 paulo
3407 2243 3527 2310 post
3552 2238 3711 2309 repetit

2126 2326 2199 2382 de
2229 2343 2382 2382 anno
2414 2327 2576 2397 regni
2600 2327 2695 2392 33,
2730 2344 2864 2383 cum
2909 2327 2992 2383 ait
3020 2323 3298 2397 ἐτεθνήκει
3335 2326 3423 2398 μὲν
3452 2325 3479 2379 ὁ
3509 2323 3709 2399 βασιλεὺς

2127 2412 2384 2483 Ἰωάννης
2430 2417 2512 2486 τῷ
2559 2414 2662 2486 υἱῷ
2710 2412 2876 2468 αὐτοῦ
2905 2411 3173 2490 Θεοδώρῳ
3212 2416 3314 2484 τήν
3352 2410 3602 2489 βασιλείαν
3640 2433 3712 2466 κα-

2121 2500 2468 2565 ταλελοιπὼς
2494 2502 2784 2579 τριάκοντα
2812 2504 2904 2558 καὶ
2931 2503 3055 2576 τρία
3084 2502 3174 2574 ἔτη
3216 2501 3499 2559 διανῦοντι.
3526 2504 3594 2576 [Ρ.
3621 2502 3713 2573 493]

2122 2594 2398 2653 Τοσοῦτος
2428 2590 2531 2667 γὰρ
2586 2593 2614 2646 ὁ
2662 2591 2872 2667 χρόνος
2916 2593 3065 2665 αὖτῷ
3113 2591 3320 2655 ὁπόσος
3368 2591 3456 2647 καὶ
3502 2595 3715 2664 πατρικῆς

2125 2678 2409 2757 βασιλείας
2438 2679 2720 2756 ἐτύγχανε.

2194 2783 2290 2839 ΙΙΙ.
2314 2782 2418 2837 Ηίο
2448 2782 2702 2854 porro54
2732 2780 2964 2853 imperii
2997 2785 3054 2837 et
3075 2782 3291 2838 mortis
3310 2781 3541 2838 Joannis
3565 2796 3712 2836 annus

2120 2875 2245 2928 erat
2289 2870 2504 2928 Christi
2559 2872 2718 2938 1255,
2772 2875 2909 2927 ante
2956 2875 3258 2943 receptam
3292 2889 3327 2927 a
3368 2871 3564 2927 Graecis
3599 2882 3713 2922 anno

2123 2961 2257 3016 1261
2277 2959 2849 3033 Constantinopolim
2879 2965 3096 3027 sextus,
3130 2966 3272 3015 ante
3315 2964 3550 3017 mortem
3571 2957 3716 3012 Theo-

2049 3080 2092 3149 C
2132 3049 2545 3149 doris-Joannis-
2567 3049 2976 3149 filii-quartus,
3009 3054 3075 3149 ut
3117 3054 3353 3105 constat
3374 3066 3446 3149 ex
3474 3049 3615 3149 Dura
3639 3044 3720 3100 Mi-

2129 3138 2346 3195 chaelis
2377 3143 2610 3210 nepote,
2641 3138 2780 3195 Hist.
2813 3154 2863 3195 c.
2894 3138 2955 3210 2,
2983 3142 3044 3195 et
3071 3154 3140 3195 ex
3169 3155 3314 3195 mox
3358 3136 3600 3195 dicendis
3625 3149 3722 3189 ma-

2127 3229 2219 3301 gis
2250 3227 2442 3284 adbuc
2465 3226 2705 3299 patebit.

2200 3325 2277 3381 De
2326 3324 2631 3381 Theodoro
2681 3338 2817 3380 vero
2865 3323 3023 3381 idem
3067 3323 3408 3398 Acr0polita
3451 3322 3562 3379 brec
3588 3318 3721 3377 habet

2125 3414 2205 3470 ib.
2256 3430 2306 3469 c.
2355 3414 2469 3469 74:
2529 3413 2771 3474 Ἐκεῖνος
2834 3411 2928 3485 μὶν
2991 3409 3134 3467 οὕτω
3194 3413 3404 3487 βιώσας
3459 3412 3541 3466 καὶ
3590 3409 3717 3482 μήπω

2126 3498 2291 3561 ὅλους
2354 3500 2616 3575 τέσσαρας
2690 3498 2967 3562 ἐνιαυτοὺς
3046 3498 3555 3575 αὖτοκρατορήσας,
3618 3494 3719 3549 κατᾶ

2124 3584 2430 3665 Νοέμὸριον
2482 3588 2582 3665 γὰρ
2643 3585 2803 3665 ἄρξας
2863 3587 2913 3643 ἐν
2967 3588 3276 3665 Αὐγούστῳ
3330 3588 3458 3663 μηνὶ
3497 3589 3553 3642 τὸ
3597 3584 3718 3643 τέλος

2124 3674 2329 3752 ἔσχηκε
2356 3683 2458 3748 τῆς
2491 3682 2658 3747 ζωῆς.
2704 3678 2809 3736 Ubi
2858 3679 3168 3735 manifeste
3220 3684 3279 3735 et
3310 3683 3543 3752 quartrs
3571 3689 3718 3731 annus

2122 3767 2357 3840 imperii
2407 3768 2671 3823 nondum
2724 3767 2948 3836 finitus,
2982 3773 3039 3824 et
3086 3768 3329 3825 initium
3362 3768 3518 3839 regni
3548 3762 3720 3821 mensis

2123 3856 2491 3924 Novembris,
2523 3860 2581 3912 et
2637 3856 2773 3912 finis
2830 3855 2959 3912 vitae
3017 3858 3275 3930 Augusti
3336 3856 3719 3929 exprimuntur;

2123 3961 2308 4017 eaque
2355 3945 2600 4001 totidem
2649 3946 2844 4001 verbis
2894 3946 3051 4001 idem
3110 3952 3323 4002 auctor
3383 3947 3443 4002 in
3498 3941 3723 4001 Chronico

2123 4034 2561 4107 compendiario
2614 4035 2859 4107 repetit;
2897 4035 3115 4106 quibus
3165 4035 3533 4108 Nicephorus
3558 4033 3723 4102 Grego-

2125 4142 2242 4195 ras,
2275 4124 2316 4180 l.
2349 4142 2386 4181 Il
2420 4125 2481 4180 in
2502 4124 2639 4195 ﬁne,
2667 4124 2908 4181 omnino
2932 4124 3231 4181 consentit
3253 4126 3313 4181 in
3348 4124 3513 4182 annis
3536 4122 3727 4194 triginta

2122 4214 2316 4270 tribus
2346 4219 2473 4270 tum
2504 4212 2739 4286 imperii
2784 4213 2991 4285 patris,
3025 4218 3152 4269 tum
3202 4216 3341 4271 vitm
3374 4215 3475 4269 filii
3508 4228 3622 4269 cum
3648 4211 3727 4264 im-

2124 4304 2353 4377 perium
2404 4321 2438 4359 α
2477 4307 2642 4375 patre
2685 4304 2970 4376 suscepit,
3018 4308 3147 4359 tum
3200 4305 3389 4360 etiam
3440 4304 3499 4360 in
3528 4304 3729 4375 quatuor

2126 4394 2300 4450 annis
2330 4393 2563 4466 imperii
2608 4392 2899 4450 Theodori
2934 4410 3051 4450 non
3092 4395 3371 4468 integris,
3406 4411 3535 4452 cum
3564 4388 3728 4447 asserit

2126 4498 2259 4539 eum
2289 4481 2327 4537 l.
2379 4492 2465 4552 ιη,
2520 4498 2656 4538 cum
2696 4482 3063 4538 tricesimum
3123 4489 3360 4540 sextum
3404 4485 3527 4539 vita:
3556 4492 3730 4538 annum

2126 4576 2343 4644 ageret,
2413 4572 2798 4628 defunctum:
2869 4573 3067 4628 Ἕκτον
3121 4573 3215 4626 καὶ
3292 4568 3602 4647 τριακοστδν
3654 4566 3729 4620 (ὶπᾶ

2122 4659 2383 4738 γενέσεως
2464 4658 2668 4735 χρόνον
2748 4655 3029 4733 ἀμείϐοντι
3099 4662 3267 4724 νόσος
3346 4661 3614 4732 ἐνσκήπτει
3676 4656 3730 4724 τῷ

2129 4746 2350 4827 βασιλεῖ
2404 4746 2627 4825 χαλεπή
2676 4747 2767 4804 καὶ
2806 4750 3017 4825 βαρεῖα,
3058 4749 3149 4804 καὶ
3181 4750 3336 4806 δπλα
3367 4750 3520 4830 φάναι
3550 4746 3733 4812 θανάτου

2128 4843 2394 4917 φοροῦσα.

2199 4928 2288 4985 IV.
2317 4930 2419 4985 Est
2436 4944 2575 5002 ergo
2599 4932 2869 4985 mortuus
2890 4929 3152 4986 Joannes
3176 4929 3376 4987 Ducas
3402 4947 3550 4987 anno
3571 4922 3733 4982 Christi

2129 5021 2289 5086 1255,
2320 5020 2381 5075 in
2413 5020 2529 5075 fine
2555 5019 2842 5093 Octobris,
2881 5025 2938 5076 et
2963 5020 3315 5076 Theodorus
3360 5018 3608 5077 Lascaris
3639 5014 3733 5086 ejus

2128 5110 2285 5166 filius
2319 5123 2470 5165 anno
2513 5108 2675 5176 4259,
2707 5123 2909 5165 mense
2952 5111 3237 5181 Augusto.
3275 5112 3416 5175 Quae
3472 5114 3595 5164 nota
3620 5112 3734 5160 tem-

2130 5200 2290 5275 poris
2321 5203 2477 5254 recte
2505 5198 2780 5253 convenit
2822 5213 2954 5253 eum
2988 5215 3057 5254 ea
3104 5215 3289 5269 quam
3324 5199 3592 5272 exprimit
3622 5190 3733 5249 τοο

2141 5289 2529 5360 Pacbymeres
2560 5286 2826 5342 scribens
2854 5286 3227 5343 Theodorum
3264 5288 3661 5359 imperatorem
3674 5281 3731 5335 vi-

2128 5383 2251 5435 tam
2283 5392 2418 5433 cum
2453 5380 2639 5432 morte
2667 5380 3066 5433 commutasse
3097 5392 3254 5433 anno
3306 5378 3380 5432 ad
3427 5382 3732 5434 autumnum

2125 5465 2477 5522 inclinante.

2202 5554 2313 5610 Sed
2345 5554 2417 5610 de
2462 5552 2666 5626 eclipsi
2700 5551 2868 5624 solis,
2909 5556 2967 5611 et
2998 5556 3159 5610 tanta
3196 5559 3431 5626 quanta
3482 5572 3514 5611 a
3556 5548 3734 5618 Pachy-
