3968 6202
204 322 337 379 1161
1628 352 1823 408 CHRO

1940 359 2245 426 LOGlCUS.

204 462 354 503 mere
384 449 741 508 describitur
767 456 859 511 vel
890 473 957 513 eo
990 476 1144 517 anno
1172 463 1263 518 vel
1306 465 1364 520 in
1427 472 1611 525 morte
1663 472 1849 529 Theo-

206 535 325 590 dori
354 538 442 591 vel
479 539 533 592 in
593 546 878 600 autumno
942 548 1114 619 facta,
1176 564 1377 609 auctor
1441 558 1593 614 alius
1653 563 1852 619 nullus

209 626 489 696 meminit,
524 634 581 682 et
603 630 725 685 ﬁeri
764 634 941 690 ullam
979 641 1239 707 potuisse
1258 643 1413 715 leges
1448 653 1852 707 astronomicaa

205 729 314 767 non
346 717 719 785 permittunt.
777 722 1088 782 Novilunia
1149 729 1303 786 enim
1368 735 1505 789 anni
1565 738 1699 792 l‘259
1753 748 1855 797 aut

209 802 485 873 eciyptica
516 807 678 862 nulla
706 810 883 879 fuere,
917 821 1018 869 aut
1058 834 1171 872 non
1224 820 1725 899 Constantinopoli
1786 848 1852 889 ac

209 889 345 945 locis
372 891 605 961 vicinis,
638 902 695 951 et
723 905 991 958 auctores
1039 906 1379 982 chronologi
1442 919 1498 967 et
1550 918 1849 975 annalium

206 980 538 1052 scriptores,
569 986 668 1055 qui
702 989 842 1043 solis
875 991 1141 1063 eclipsim
1204 980 1351 1068 pene
1410 1004 1647 1058 totalem
1703 1009 1850 1062 refe-

207 1074 336 1125 runt
364 1072 436 1125 ad
470 1088 690 1129 annum
725 1076 937 1134 Christi
986 1084 1116 1138 :259
1161 1087 1217 1140 in
1288 1098 1472 1146 morte
1533 1094 1844 1167 Theodori,

3475 408 3613 461 1162

1880 480 1934 547 Α
1968 485 2167 558 eclipsi
2208 511 2536 557 sermonem
2573 503 2804 575 inferat,
2839 510 2982 566 nihil
3044 515 3113 569 de
3159 518 3326 576 initio
3384 525 3615 597 imperii

1962 574 2326 655 signiﬁcans,
2350 590 2574 657 justam
2603 601 2755 651 certe
2785 574 2901 653 non
2954 602 3112 659 aliud
3167 574 3611 675 attendentibus

1959 669 2171 722 erroris
2194 687 2431 732 causam
2464 681 2641 737 dedit.
2669 689 2741 739 At
2771 687 2820 741 si
2856 690 2987 760 quis
3020 710 3139 750 rem
3174 703 3390 756 attente
3413 708 3611 760 consi-

1960 753 2244 814 deraverit
2266 770 2321 817 et
2344 782 2473 819 cum
2501 769 2747 828 historia
2780 775 2937 833 illius
2970 784 3250 854 temporis
3272 792 3601 863 contulerit,

3096 840 3110 854 ι
3234 840 3601 863 ξί-η---νιιυι

1958 840 2016 895 in
2048 844 2115 899 iis
2146 851 2400 907 tenebris
2444 855 2627 913 lucem
2652 862 2925 921 inveniet.
2965 869 3054 924 Sic
3092 879 3286 930 autem
3320 896 3445 935 eam
3507 901 3601 939 ex-

1958 932 2130 1000 plico.

2029 1024 2361 1085 Theodorus
2392 1033 2617 1090 vivendi
2653 1040 2825 1096 ﬁnem
2861 1046 2999 1102 fecit
3021 1066 3174 1105 anno
3198 1054 3409 1112 Christi
3435 1062 3590 1129 1259,

1960 1127 2157 1169 mense
2188 1120 2467 1181 Augusto.
2501 1129 2768 1183 Historia}
2806 1136 2979 1190 totius
3012 1138 3130 1193 haec
3163 1143 3306 1199 ﬁdes
3353 1153 3459 1215 est,
3523 1120 3594 1207 de

204 1174 312 1213 non
345 1159 579 1216 tabulas
609 1167 977 1239 astromicas,
1024 1174 1121 1226 sed
1184 1185 1479 1234 auctorem
1537 1184 1845 1253 l’achyme-

201 1262 319 1302 rem
341 1258 681 1319 sequuntur.
711 1253 796 1307 Ita
836 1258 995 1311 enim
1040 1261 1325 1320 Odoricus
1380 1267 1713 1330 Raynaldus
1773 1276 1839 1328 ad

201 1352 424 1392 annum
454 1337 663 1395 Christi
698 1345 854 1412 1259,
891 1356 1128 1405 narrata
1178 1356 1469 1413 Theodori
1521 1366 1707 1416 morte
1782 1365 1841 1419 in

198 1443 399 1483 mense
426 1435 715 1503 Augusto,
750 1437 830 1490 ait
861 1443 1230 1513 paragrapho
1263 1447 1329 1499 54
1357 1465 1374 1501 :
1400 1449 1565 1505 Sexta
1614 1454 1680 1506 ab
1722 1456 1842 1523 ejus

199 1516 351 1571 obitu
380 1518 470 1574 die
496 1522 669 1577 tradit
699 1525 1069 1597 Pnchymeres
1101 1533 1371 1603 insignem
1420 1540 1550 1593 solis
1578 1516 1839 1612 defectio-

196 1623 317 1661 nem
350 1609 544 1678 fuisse,
577 1611 711 1666 adeo
758 1623 815 1668 ut
846 1617 1013 1672 unius
1070 1620 1216 1675 hora:
1271 1628 1445 1694 spatio
1492 1630 1842 1691 densissima?

194 1696 483 1751 horrerent
512 1702 763 1759 tenebrat:
790 1706 1079 1777 stellazque
1105 1712 1159 1763 in
1188 1714 1317 1767 c0210
1348 1730 1702 1786 apparerent.
1762 1725 1842 1778 Ita

196 1786 471 1843 Henricus
506 1790 857 1860 Spondanus
890 1798 960 1851 ad
992 1802 1264 1857 eumdem
1300 1822 1543 1876 annum;
1568 1811 1647 1865 ita
1712 1814 1831 1881 alii,
1864 1832 1911 1896 B

197 1876 587 1896 ,μμ-,ΑΗ
664 1882 698 1896 ,.
792 1882 802 1893 .
1022 1888 1031 1896 .
1234 1892 1264 1896 _
1350 1894 1359 1896 _

191 1876 838 1947 quihujusdelectionis
858 1888 1196 1955 meminere,
1233 1892 1603 1966 Pachymeris
1631 1907 1831 1956 aucto-

190 1964 359 2020 ritate
390 1982 452 2021 se
486 1972 667 2025 tectos
708 1977 920 2042 putant
954 1976 1080 2031 sine
1121 1980 1235 2034 alio
1293 1964 1581 2053 examine,
1628 1994 1682 2043 et
1740 2006 1828 2045 er-

190 2058 338 2123 rant,
371 2059 429 2110 et
459 2054 606 2113 alios
646 2058 704 2113 in
736 2076 991 2117 errorem
1024 2066 1331 2125 inducunt.

256 2152 499 2207 Acutior
527 2153 660 2210 aliis
680 2156 895 2214 Sethus
926 2160 1219 2219 Clovisius
1251 2166 1312 2222 in
1343 2168 1558 2227 Chron.
1592 2190 1664 2229 an
1692 2176 1832 2230 1255

184 2240 557 2310 Pachymeris
588 2244 919 2316 fragmenta
949 2252 1164 2308 erroris
1205 2257 1417 2327 arguit,
1472 2264 1627 2331 quod
1700 2281 1825 2321 eam

185 2329 325 2385 solis
354 2330 621 2401 eclipsim
653 2333 709 2389 in
744 2336 907 2392 obitu
950 2340 1240 2398 Theodori
1274 2329 1677 2420 indicaverint,
1716 2372 1828 2423 quo

184 2435 339 2474 anno
385 2424 442 2474 et
466 2424 855 2493 sequentibus
878 2427 1038 2483 nulla
1070 2431 1204 2488 talis
1236 2434 1588 2507 inveniatur,
1622 2447 1677 2495 et
1698 2460 1823 2500 eam

180 2512 351 2578 putat
390 2509 676 2566 accidisse
705 2513 764 2567 in
797 2521 983 2573 morte
1004 2518 1248 2578 Joannis
1279 2524 1471 2595 Ducas,
1514 2536 1647 2598 post
1698 2534 1826 2603 ejus

181 2598 412 2653 obitum
437 2598 530 2655 die
557 2600 614 2668 6,
654 2602 724 2656 3O
752 2602 1111 2665 Decembris.

246 2696 341 2752 Sic
373 2696 683 2766 Calvisius,
716 2716 784 2755 ex
822 2710 987 2774 parte
1022 2708 1258 2779 quidem
1290 2729 1445 2785 vere,
1476 2721 1541 2771 ut
1592 2719 1663 2774 ab
1723 2738 1823 2776 au~

175 2789 340 2841 ctore
363 2785 423 2840 in
458 2787 635 2843 rebus
666 2795 1077 2852 astronomicis
1103 2799 1248 2856 bene
1274 2814 1523 2875 versato,
1589 2810 1689 2864 sed
1758 2828 1826 2865 ex

172 2879 343 2944 parte
374 2880 579 2933 contra
602 2877 861 2935 historiaa
885 2884 1188 2942 veritatem
1214 2892 1526 2949 manifeste
1557 2912 1745 2969 pugna
1758 2916 1821 2952 n-

169 2963 274 3018 tia.
303 2964 539 3020 Certum
575 2968 732 3023 enim
766 2974 855 3025 est
880 2972 1003 3041 jam
1036 2976 1212 3045 paulo
1237 2985 1369 3034 ante
1394 2963 1681 3051 prolatum
1713 2991 1821 3040 Pa-

167 3052 514 3124 chymerem
546 3055 707 3127 loqui
737 3059 807 3114 de
834 3062 995 3116 obitu
1027 3064 1313 3122 Theodori
1354 3068 1413 3124 in
1446 3088 1647 3128 mense
1701 3081 1819 3129 Au-

1957 1214 2069 1268 qua
2102 1203 2367 1263 dubitare
2403 1228 2513 1267 non
2550 1214 2699 1270 licet.
2727 1218 3107 1293 Pachymeres
3132 1229 3432 1305 idasserit,
3458 1256 3589 1294 cum

1955 1289 2034 1342 ait
2072 1292 2284 1349 factum
2328 1308 2597 1372 vergente
2638 1304 2694 1360 in
2748 1314 3093 1369 autumnum
3158 1338 3329 1387 anno,
3387 1343 3594 1399 nempe

3318 1376 3328 1387 ι
3387 1376 3421 1379 η
3444 1376 3593 1399 ν---ινν

1955 1376 2428 1441 intersulstitium
2446 1397 2709 1449 aestivum
2726 1401 3209 1469 etzequinoctium
3232 1415 3593 1471 autumnale.

1951 1467 2286 1527 Theodorus
2310 1477 2539 1535 initium
2564 1489 2843 1553 regnandi
2861 1467 3009 1546 fecit
3030 1511 3183 1550 anno
3200 1497 3409 1554 Christi

1952 1562 2114 1626 patre
2146 1569 2372 1619 mortuo
2404 1569 2513 1622 sub
2548 1570 2719 1627 ﬁnetn
2771 1576 3059 1647 Octobris,
3125 1602 3235 1640 non
3300 1562 3592 1647 declarato

1951 1645 2068 1701 ﬁlio
2098 1666 2453 1726 successore,
2489 1661 2583 1728 qui
2612 1662 2738 1717 ideo
2770 1668 2996 1722 tardius
3030 1671 3269 1741 electus,
3332 1677 3590 1735 elevatus

1947 1824 2172 1881 diversa
2204 1833 2399 1902 populi
2436 1838 2646 1908 studia,
2682 1845 2804 1895 tum
2842 1846 2913 1898 ob
2944 1849 3229 1906 Manuelis
3270 1824 3584 1924 paiiarchas

1941 1912 2114 1981 paulo
2144 1924 2278 1973 ante
2312 1926 2522 1978 mortui
2551 1928 2931 1987 desiderium.
2984 1936 3289 2008 Nicephori
3343 1944 3397 1997 in
3455 1947 3581 2014 ejus

1938 1999 2130 2058 locum
2161 2007 2322 2061 electi
2351 2015 2693 2071 modestiam
2728 2019 2783 2073 in
2822 2028 3143 2080 recusanda
3175 2030 3479 2101 dignitate,
3516 2052 3582 2089 ac

1934 2090 2160 2146 Arsenii
2198 2100 2429 2153 tandem
2465 2107 2647 2159 vocati
2681 2108 2750 2160 ad
2787 2123 3123 2181 ungendum
3182 2124 3239 2171 et
3295 2137 3582 2177 coronan-

1937 2180 2076 2232 duin
2111 2182 2517 2254 imperatorem
2562 2192 2883 2265 longiorem
2945 2218 3324 2277 moram,quas
3382 2214 3580 2266 omnia

1936 2269 2060 2324 fuse
2091 2272 2431 2331 describunt
2461 2280 2823 2353 Nicephorus
2857 2290 3141 2361 Gregoras
3174 2269 3339 2352 initio
3373 2300 3494 2368 1.11,
3524 2307 3581 2356 et

1937 2357 2217 2431 Georgius
2252 2366 2579 2437 Acropolita
2610 2388 2656 2425 c.
2683 2375 2771 2429 53.
2802 2357 3145 2437 Theodorus
3192 2388 3387 2441 statim
3416 2357 3582 2445 initio

1939 2451 2098 2519 regni
2131 2450 2359 2509 infestis
2392 2456 2558 2514 bellis
2590 2468 2789 2518 contra
2820 2467 3105 2536 Bulgaros
3163 2479 3217 2528 et
3267 2476 3581 2535 Thessalos

1936 2553 2122 2607 usque
2154 2542 2226 2594 ad
2267 2543 2396 2599 vitre
2447 2548 2659 2604 exitum
2715 2553 3026 2612 infeliciter
3074 2569 3394 2633 occupatus
3440 2574 3527 2622 est
3564 2587 3578 2624 :

1931 2626 2300 2685 difﬁcillimis
2334 2637 2604 2704 negotiis,
2641 2640 3001 2712 implicatus,
3028 2626 3467 2720 suspicionibus
3521 2665 3580 2713 et

1932 2715 2176 2772 humore
2209 2720 2631 2781 melancholico
2649 2731 2717 2783 ad
2743 2737 3007 2801 quadam
3030 2756 3137 2793 sua
3163 2743 3468 2809 majestate
3492 2748 3576 2800 in-

1931 2805 2107 2875 digna
2129 2808 2302 2864 etiam
2336 2813 2615 2869 adversus
2639 2818 2861 2876 aulicos
2892 2826 3175 2895 dignitate
3214 2805 3273 2883 et
3305 2832 3413 2886 ﬁde
3438 2851 3574 2904 erga

1928 2910 2061 2947 cum
2096 2902 2435 2965 priestantes
2469 2911 2853 2974 perpetranda
2886 2914 3196 2985 adductus,
3221 2920 3364 2976 vixit
3398 2922 3572 2978 mise-

1928 2983 2207 3039 rabiliter.
2242 2988 2583 3045 Theodorus
2617 2994 2788 3066 longa
2830 3002 3063 3055 tandem
3127 3008 3310 3061 macie
3377 3015 3570 3067 confe-

1927 3076 2077 3137 ctus,
2115 3077 2230 3127 toto
2258 3091 2492 3145 corpore
2525 3085 2824 3153 exsangui,
2856 3089 3069 3144 frustra
3108 3098 3347 3151 tentatis
3386 3104 3572 3153 omni-

161 3149 368 3213 gusto,
402 3160 578 3213 anno,
610 3152 674 3201 ut
707 3149 827 3217 ipse
857 3151 956 3217 ait,
984 3154 1053 3206 ad
1090 3159 1437 3212 autumnum
1466 3160 1816 3233 inclinante;
1850 3196 1893 3261 Ε
1931 3160 2042 3214 bus
2076 3160 2351 3218 humanis
2381 3171 2673 3237 remediis,
2709 3190 2870 3230 exara
2891 3180 3130 3250 regiam,
3153 3185 3209 3236 in
3231 3188 3385 3253 gravi
3412 3188 3573 3244 luctu

164 3248 282 3261 n-‘n
320 3249 433 3261 ηΛ-ι
462 3235 706 3261 ηι-ΛᾹηηι
746 3254 901 3261 ηερε..-
943 3240 1142 3261 Y-_,,,,'
1416 3248 1425 3256 -
1528 3252 1592 3261 .\n
1648 3252 1680 3261 Α
1732 3259 1737 3261 .
2098 3255 2104 3261 .
2201 3253 2234 3261 ,ι
2360 3260 2363 3261 ,
2408 3256 2419 3261 ι
2489 3259 2496 3261 .
2530 3258 2537 3261 .

162 3248 283 3302 quo
319 3249 435 3286 non
460 3235 710 3304 quadrat
746 3254 903 3293 mors
933 3240 1200 3311 Joannis,
1235 3262 1360 3315 quae
1412 3248 1469 3302 in
1527 3252 1597 3303 30
1643 3252 1820 3307 Octo-

162 3321 292 3375 bris
328 3321 598 3391 incurrit,
634 3329 696 3378 ut
729 3327 905 3381 etiam
967 3330 1136 3400 paulo
1188 3335 1455 3404 superius
1487 3340 1817 3398 docuimus.

168 3409 390 3465 Deinde
427 3412 572 3480 quid
605 3419 895 3483 spectaret
925 3419 993 3471 ad
1031 3431 1273 3475 mortem
1308 3424 1618 3496 Theodori,
1642 3447 1818 3501 quam

163 3499 456 3553 describit
484 3506 680 3571 aperte
714 3504 1114 3577 Pachymeres,
1157 3513 1415 3567 narratio
1475 3526 1589 3571 tam
1647 3537 1820 3575 accu~

163 3592 301 3642 rata
342 3588 576 3659 eclipsis
598 3592 742 3647 solis
774 3593 937 3649 factae
985 3596 1044 3651 in
1108 3606 1290 3654 morte
1343 3604 1527 3672 patris
1574 3614 1823 3676 quatuor

163 3677 291 3731 fere
327 3683 459 3731 ante
494 3682 869 3747 annos,nulla
899 3684 1013 3739 alia
1046 3688 1227 3756 patris
1277 3690 1570 3748 mentione
1622 3695 1822 3752 habita

164 3771 272 3820 aut
304 3766 363 3820 id
398 3766 662 3837 exigente
681 3786 859 3826 causa
890 3774 1273 3830 rationabili?
1330 3781 1629 3843 Quomodo
1656 3786 1814 3839 deni-

163 3870 286 3924 que
309 3854 567 3926 eclipsis,
604 3875 730 3929 quaa
763 3862 1007 3933 contigit
1035 3864 1105 3918 30
1135 3866 1228 3919 die
1286 3867 1645 3938 Decembris,
1704 3874 1817 3927 dici

159 3946 671 4015 potestaccidisse
702 3955 864 4004 sexto
910 3952 1003 4006 die
1062 3959 1194 4024 post
1255 3963 1496 4012 mortem
1549 3960 1816 4028 Joannis,

160 4034 269 4103 qui
303 4034 434 4088 vitae
465 4035 618 4090 diem
647 4042 970 4093 extremum
1007 4042 1213 4096 habuit
1241 4045 1311 4098 30
1340 4046 1606 4104 Octobris
1638 4053 1661 4104 Ρ

242 4133 373 4186 [Iaso
401 4131 583 4203 igitur
607 4134 839 4190 Calvisii
884 4138 1313 4196 animadversio
1349 4161 1461 4199 non
1511 4147 1661 4202 tollit
1717 4156 1819 4206 aut

158 4219 391 4275 minuit
423 4224 762 4292 quazstionis
790 4226 1223 4297 difﬁcultatem,
1257 4234 1358 4287 sed
1392 4243 1566 4307 auget
1622 4242 1816 4309 potius

156 4317 218 4365 et
252 4310 340 4364 ita
370 4308 636 4380 implicat
674 4317 739 4367 ut
769 4313 1145 4373 insolubilem
1180 4321 1366 4376 facere
1400 4308 1680 4383 videatur.

233 4409 336 4463 Sic
384 4408 563 4479 igitur
612 4409 1023 4482 Pacbymerem
1059 4416 1500 4488 intelligendum
1543 4425 1814 4491 arbitror.

155 4503 227 4552 ut
258 4512 467 4552 revera
498 4503 749 4554 mortem
791 4501 1083 4558 Theodori
1118 4508 1434 4577 describat,
1486 4512 1817 4586 factamque

152 4602 300 4641 vere
354 4592 582 4641 asserat
614 4587 934 4646 inclinante
975 4594 1044 4647 ad
1074 4600 1426 4653 autumnum
1489 4618 1660 4668 anno,
1720 4606 1820 4659 sed

152 4674 440 4744 eclipsim
465 4676 607 4731 solis
638 4678 906 4749 designet
936 4698 1047 4736 non
1082 4700 1207 4755 qua:
1234 4686 1287 4739 in
1332 4688 1492 4743 obitu
1552 4693 1818 4761 ejusdem

151 4764 461 4818 Theodori
491 4765 575 4835 [P.
622 4766 745 4837 494]
780 4768 934 4824 facta
973 4771 1047 4825 sit
1102 4775 1185 4838 (id
1245 4776 1398 4829 enim
1455 4783 1649 4834 textus
1706 4799 1820 4837 non

153 4852 353 4920 dicit;
388 4856 442 4906 et
472 4858 673 4925 inepta
704 4872 769 4910 ea
799 4862 957 4912 esset
987 4860 1057 4913 ad
1093 4863 1721 4936 praesigniﬁcationem,
1754 4873 1825 4926 de

154 4956 284 5012 qua
318 4940 380 4995 in
413 4957 479 4997 eo
514 4944 733 4999 mentio
766 4947 899 5013 est),
928 4948 1029 5003 sed
1063 4965 1191 5021 quas
1222 4951 1390 5008 initio
1415 4954 1645 5026 imperii
1669 4959 1824 5027 ejus-

153 5029 294 5086 dem
326 5030 636 5101 Tbeodori,
668 5034 838 5105 quasi
872 5038 1204 5107 praenuntia
1233 5041 1427 5096 brevis
1460 5051 1515 5097 et
1574 5045 1825 5103 infelicis

152 5121 294 5190 ejus
330 5121 518 5192 regni,
552 5124 706 5193 quod
741 5140 857 5177 non
890 5125 1077 5181 multo
1122 5126 1255 5198 plus
1282 5130 1533 5186 triennio
1564 5134 1744 5203 stetit,
1770 5142 1827 5191 et

153 5208 219 5263 in
256 5209 565 5265 continuis
601 5212 742 5266 70]
779 5211 915 5266 belli
968 5217 1225 5271 motibus
1278 5224 1336 5272 et
1393 5220 1579 5274 morbi
1646 5225 1825 5279 mole-

148 5297 425 5352 stissimi
459 5314 611 5369 sape
658 5301 922 5368 repetitis
979 5306 1346 5373 gravissimis
1402 5310 1825 5370 tentationibus

151 5390 365 5441 actum
398 5403 534 5441 cum
559 5388 674 5442 vita
704 5388 940 5445 ﬁnitum
965 5397 1051 5446 est
1080 5410 1233 5448 anno
1248 5395 1437 5449 aetatis
1461 5396 1530 5450 36
1560 5402 1823 5458 nondum

155 5477 492 5547 completo.

239 5568 599 5631 Quastamen
626 5584 759 5622 cum
780 5586 894 5623 non
919 5572 1063 5627 satis
1086 5573 1825 5650 distinguatPachymeres,

161 5658 227 5710 et
247 5654 459 5712 statim
495 5662 629 5728 post
655 5658 1007 5730 descriptam
1042 5668 1289 5718 mortem
1320 5663 1607 5723 Theodori
1638 5671 1709 5727 de
1729 5674 1830 5733 illa

462 5775 733 5836 Puram.
782 5777 894 5837 Gn.
932 5777 1195 5841 CXLIII.

1936 3250 2288 3319 pamitentise
2319 3260 2373 3308 et
2408 3256 2609 3312 habitu
2644 3261 2936 3334 religioso,
2971 3269 3174 3326 dolens
3211 3250 3363 3343 quod
3408 3277 3572 3332 Chri-

1932 3342 2088 3392 stum
2122 3342 2502 3412 deseruisset,
2531 3364 2708 3419 regno
2734 3353 2910 3408 simul
2945 3361 3001 3411 et
3031 3359 3147 3413 vita
3192 3363 3454 3434 privatur
3512 3367 3568 3421 in

1930 3428 2117 3482 aetatis
2150 3428 2310 3496 ﬂore,
2336 3450 2487 3490 anno
2516 3440 2739 3493 tantum
2775 3450 2936 3499 sexto
2964 3464 3141 3518 supra
3180 3452 3572 3521 tricesimum,

1929 3516 2158 3587 imperii
2193 3528 2419 3590 quarto.
2452 3524 2813 3598 Theodorus,
2848 3535 3220 3594 vehementer
3250 3544 3460 3600 anxius
3504 3548 3573 3601 de

1927 3603 2041 3659 ﬁde
2070 3611 2126 3661 et
2156 3610 2415 3665 amicitia
2442 3613 2743 3673 Michaelis
2774 3620 3105 3696 Palazologi,
3138 3628 3318 3685 ﬁliolo
3349 3634 3418 3686 ad
3465 3633 3574 3687 im-

1924 3694 2069 3762 perii
2101 3696 2499 3765 gubernacula
2527 3704 2741 3775 inepto,
2776 3711 2886 3765 sub
2919 3694 3176 3770 hominis
3217 3720 3450 3774 obscuri
3509 3727 3569 3777 et

1926 3779 2034 3833 sub
2068 3783 2409 3851 patriarchas
2442 3790 2644 3858 tutela,
2676 3795 2747 3847 ad
2779 3795 3055 3853 invndiam
3091 3802 3412 3875 dignitatis,
3446 3824 3563 3876 qua

1924 3865 2078 3921 brevi
2113 3869 2373 3939 dejectus
2403 3879 2511 3944 est,
2545 3879 2765 3949 relicto,
2825 3865 3239 3945 testamentum
3301 3865 3567 3949 condidit

1922 3954 1981 4008 in
2008 3957 2256 4025 gratiam
2277 3963 2489 4018 tutoris
2512 3964 2672 4023 illius
2696 3970 3036 4045 Muzalonis,
3074 3994 3244 4047 quem
3266 3981 3558 4037 Romana-

1922 4060 2051 4098 rum
2085 4063 2279 4103 rerum
2311 4050 2612 4109 dominum
2647 4062 3055 4129 constituebat,
3080 4070 3269 4136 quoad
3301 4070 3459 4125 ﬁlius
3488 4072 3560 4127 ad

1924 4134 2233 4203 perfectam
2258 4139 2513 4196 venisset
2542 4149 2794 4215 aetatem,
2829 4167 2959 4206 cum
2992 4156 3341 4224 gravissima
3370 4177 3569 4231 proce-

1923 4240 2054 4277 rum
2088 4224 2425 4295 oﬁ'ensione,
2456 4248 2629 4302 quam
2666 4244 2867 4293 secuta
2908 4247 2996 4295 est
3054 4243 3284 4315 imperii
3341 4257 3571 4319 pertur-

1923 4311 2080 4367 batio
2112 4320 2169 4369 et
2202 4316 2257 4369 in
2291 4318 2594 4376 Michaelis
2636 4325 2919 4383 familiam
2978 4311 3227 4389 transito
3284 4311 3567 4395 crudelis-

1923 4401 2093 4456 sima.
2132 4404 2255 4457 Fuit
2292 4406 2385 4462 hic
2422 4411 2793 4471 miserrimus
2823 4418 3107 4476 Theodori
3142 4426 3302 4495 regni
3352 4433 3409 4482 et
3438 4430 3568 4485 vitae

1929 4495 2122 4547 status
2162 4494 2463 4553 eluctuosa
2517 4504 2723 4559 mortis
2776 4508 3052 4580 conditio,
3107 4529 3282 4582 quam
3333 4516 3569 4575 brevius

1931 4579 2315 4650 Nicephorius,
2351 4586 2539 4643 fusius
2569 4593 2901 4662 Acropolita
2933 4579 3229 4667 describit,
3274 4610 3374 4675 qui
3435 4625 3568 4662 cum

1930 4668 2161 4739 imperii
2191 4669 2487 4742 logotheta
2542 4679 2834 4748 existeret,
2898 4687 3171 4759 frequens
3230 4668 3572 4765 imperatori

1931 4758 2153 4811 ratione
2183 4761 2357 4815 ofﬁcii
2392 4764 2611 4835 aderat,
2633 4775 2691 4823 et
2719 4787 2846 4841 qua:
2871 4791 3125 4844 praesens
3177 4758 3576 4841 ﬁeri'videbat

1933 4862 2147 4916 magna
2177 4848 2290 4903 fide
2321 4855 2376 4904 et
2406 4853 2713 4925 diligentia
2745 4870 2964 4919 narrat.

2007 4953 2093 5007 Vl.
2130 4953 2257 5009 Haec
2288 4956 2468 5025 igitur
2496 4963 2679 5021 voluit
2704 4967 3004 5027 insinuare
3028 4977 3574 5051 Pachymeres,cum

1934 5040 2168 5111 scripsit
2200 5043 2447 5103 infelicis
2482 5053 2643 5123 regni
2674 5060 2727 5110 et
2759 5056 3010 5116 luctuosi
3046 5040 3237 5122 obitiis
3288 5040 3582 5127 Theodori

1935 5132 2324 5201 praenuntiam
2347 5138 3040 5206 exstitissedefectionem
3058 5154 3197 5209 solis
3213 5157 3576 5227 horribilem,

1936 5234 2065 5288 qua?
2094 5221 2203 5274 sub
2236 5221 2469 5281 initium
2506 5232 2669 5301 regni
2700 5236 2830 5303 ejus
2862 5239 3012 5295 facta
3062 5248 3170 5313 est,
3234 5247 3383 5301 702
3434 5221 3579 5301 hora

1936 5308 2110 5361 tertia
2142 5317 2272 5379 post
2303 5318 2630 5383 meridiem,
2656 5330 2818 5378 sexto
2849 5327 2962 5392 die,
2996 5308 3265 5387 videlicet
3298 5338 3431 5403 post
3451 5334 3580 5401 ejus

1935 5399 2369 5456 coronationem
2404 5410 2461 5459 et
2492 5409 2829 5468 unctionem
2858 5416 3202 5474 solemnem.

1937 5596 2052 5663 tur,
2089 5596 2318 5653 videtur
2344 5600 2491 5657 facta
2523 5610 2827 5664 coronatio
2856 5611 3135 5669 Theodori
3170 5615 3298 5687 ipsa
3329 5615 3584 5671 solemni

1938 5682 2251 5742 festivitate
2288 5689 2619 5751 Nativitatis
2647 5697 2860 5753 Christi
2907 5699 3160 5769 Domini,
3193 5682 3341 5760 'sivc
3401 5714 3458 5761 ut
3518 5723 3589 5763 ex

3230 5824 3301 5881 37
