3968 6202
421 300 560 356 1163

1447 296 1509 348 Ρ.
1551 293 1825 347 POSSINI
1861 292 2478 353 OBSERVATIONUM
2516 301 2650 355 LIB.
2695 303 2794 357 III.

3585 319 3686 379 1164

420 426 547 480 lucc
575 422 684 476 diei
711 417 1102 474 celeberrimis
1132 415 1326 470 aditus
1360 417 1425 470 ad
1486 414 1799 488 imperium
1852 414 2062 471 clarior
2092 416 2145 482 Α
2178 415 2328 487 sitis,
2352 435 2481 475 cum
2515 421 2626 478 hac
2657 424 3040 498 inscriptione
3074 445 3087 484 :
3122 431 3266 486 'lnter
3310 435 3685 508 wlipsesexorior,

423 513 744 573 exsisteret,
778 507 900 561 sive
925 513 986 559 ut
1008 505 1141 559 inde
1175 504 1460 560 felicitatis
1493 511 1807 574 augurium
1865 521 2057 560 sume-

426 606 512 654 ret
542 600 877 668 imperator,
911 596 1062 665 quod
1087 592 1368 665 regnandi
1411 593 1764 664 principium
1825 595 2065 648 duceret

423 689 495 743 ab
525 703 590 742 eo
611 690 869 756 tempore
903 701 1016 755 quo
1047 683 1312 738 Christus
1348 682 1579 736 initium
1615 683 1841 738 vivendi
1896 683 2065 738 fecis-

425 781 512 832 set
545 794 557 839 ;
592 792 706 846 quo
735 791 874 829 sane
907 775 1075 828 modo
1109 781 1159 828 et
1194 773 1414 827 ratione
1446 781 1644 842 gentes
1687 777 1746 827 et
1796 772 2065 828 Ecclesiae

425 865 804 921 nobilissimae
828 864 963 918 anni
997 864 1298 918 exordium
1335 881 1366 918 a
1388 862 1602 917 Christi
1629 862 1932 917 Natalibus
1965 880 2068 920 au-

428 956 750 1026 spicautur.

496 1053 634 1108 Utut
664 1053 739 1106 sit
769 1052 840 1106 de
874 1052 1001 1121 ipsa
1035 1061 1224 1106 mente
1285 1050 1679 1120 imperatoris,
1725 1055 1880 1104 certe
1939 1052 2070 1121 eius

427 1141 673 1196 consilia
704 1157 816 1195 non
851 1139 1218 1194 mediocriter
1249 1139 1484 1193 turbare
1515 1138 1637 1193 visa
1683 1145 1771 1193 est
1825 1139 2070 1195 defectio

427 1231 569 1287 solis
592 1235 711 1284 tam
743 1229 1026 1298 insolens,
1051 1233 1172 1283 tam
1193 1228 1306 1282 cito
1334 1233 1466 1299 post
1483 1244 1608 1297 eius
1637 1229 2070 1284 coronationem

426 1320 597 1373 facta.
629 1317 769 1372 Visa
790 1322 879 1372 est
907 1317 1065 1371 enim
1089 1318 1258 1387 juxta
1277 1315 1514 1371 tabulas
1532 1317 1956 1372 astronomicas
1980 1318 2073 1373 die

427 1409 497 1460 30
526 1407 877 1461 Decembris.
911 1406 1050 1461 Visa
1081 1422 1285 1460 sereno
1316 1405 1481 1469 caelo,
1507 1410 1681 1476 prout
1706 1406 1975 1462 innuitur
2005 1424 2074 1463 ex

432 1499 633 1551 notata
655 1495 725 1550 ab
752 1495 1029 1550 historico
1051 1495 1416 1565 apparitione
1439 1495 1910 1551 stellarum.Visa
1933 1497 2076 1552 hora

431 1589 564 1658 post
596 1585 891 1640 meridiem
928 1583 1210 1655 tertia,[P.
1244 1584 1368 1654 495]
1414 1589 1549 1638 ante
1609 1585 1750 1640 solis
1798 1603 2072 1641 occasum

434 1677 551 1730 fere
583 1677 806 1747 integra
835 1675 964 1729 luce
995 1675 1315 1744 deficiente,
1350 1675 1534 1731 stellis
1556 1675 1614 1728 in
1647 1675 1787 1730 cmlo
1819 1675 1977 1730 velut
2014 1676 2074 1730 in

434 1766 722 1836 profunda
755 1770 920 1819 nocte
941 1769 1061 1819 toto
1094 1765 1423 1835 crepusculi
1447 1769 1707 1836 tempore
1763 1765 1822 1820 in
1881 1765 2078 1821 densis

435 1860 600 1910 terrae
621 1854 876 1910 tenebris
909 1854 1494 1925 apparentibus.Visa
1527 1853 1770 1924 insuper
1799 1858 1886 1908 est
1917 1859 2079 1909 sexta

432 1945 524 1999 die
559 1948 689 2014 post
719 1943 1090 2013 imperatoris
1124 1943 1582 2007 coronationcm,
1610 1959 1725 2013 quo
1785 1944 2077 2014 priscique

429 2035 690 2104 tempore
722 2033 793 2086 de
824 2048 889 2086 eo
921 2031 1164 2086 consilia
1222 2037 1278 2085 et
1326 2031 1522 2086 omina
1574 2031 1751 2084 futuri
1811 2037 2073 2099 eventus,

429 2139 546 2177 non
577 2123 705 2176 sine
735 2121 920 2176 multo
947 2121 1005 2175 in
1039 2138 1270 2176 omnem
1305 2127 1529 2192 partem
1563 2136 1848 2186 sermone,
1885 2121 2075 2192 agita-

431 2212 668 2265 bantur.

500 2300 619 2355 VlI.
652 2301 721 2355 Et
755 2299 887 2354 hinc
919 2304 1079 2370 patet
1101 2299 1483 2371 quamobrem
1522 2300 1904 2372 Pachymeres
1944 2316 2072 2355 eam

431 2388 694 2459 eclipsim
731 2394 796 2442 ut
829 2390 1124 2443 funestum
1173 2389 1400 2460 imperii
1458 2394 1791 2460 portentum
1850 2389 1906 2444 in
1947 2389 2074 2459 ipso

431 2477 615 2543 aditu,
647 2476 702 2530 id
732 2481 821 2531 est
851 2482 1010 2531 sexta
1032 2479 1124 2531 die
1150 2483 1276 2548 pest
1297 2478 1582 2532 Theodori
1615 2478 2072 2548 coronationem,

433 2565 921 2620 considerandam
953 2566 1196 2634 dederit,
1233 2571 1297 2620 ut
1325 2567 1494 2637 quasi
1545 2583 1612 2622 ex
1662 2568 1901 2621 funerea
1950 2568 2074 2623 face

433 2658 726 2722 praeeunte
751 2670 866 2709 non
889 2654 1150 2708 diuturni
1170 2654 1399 2726 imperii
1426 2655 1576 2710 male
1598 2655 1866 2710 ominosa
1886 2655 2072 2726 signi-

432 2743 624 2799 ficatio
647 2748 954 2814 caperetur
980 2760 992 2808 ;
1017 2741 1210 2813 qualis
1233 2743 1635 2813 augurationis
1657 2747 1714 2799 et
1738 2743 2070 2815 exemplum

432 2833 489 2888 in
524 2832 938 2889 vetustioribus
969 2833 1265 2888 historicis
1296 2833 1680 2902 Pachyrneres
1721 2850 1836 2889 non
1887 2851 2071 2889 unum

430 2921 658 2990 habuit,
694 2927 750 2978 et
778 2923 1130 2978 recentiores
1161 2938 1390 2993 quoque
1409 2921 1563 2978 idem
1587 2924 1854 2978 videmus
1878 2923 2070 2979 imita-

431 3011 588 3066 tione
607 3011 954 3078 celebrasse,
978 3011 1182 3067 saltem
1205 3013 1235 3066 d
1249 3029 1341 3067 um
1356 3029 1424 3067 ex
1437 3014 1628 3068 officio
1644 3013 1872 3068 referun
1885 3013 2069 3083 tjudi-

427 3101 519 3154 cia
579 3100 739 3171 vulgi
801 3100 1108 3155 hominum
1163 3102 1220 3155 in
1270 3101 1416 3156 tales
1461 3101 1578 3156 fere
1633 3103 2071 3173 prazsagitiones

427 3188 619 3257 proni,
643 3187 874 3258 quoties
905 3189 1078 3243 istius
1109 3190 1340 3259 generis
1372 3191 1628 3245 caelestia
1657 3195 1926 3261 portenta
1959 3191 2070 3247 sub

435 3275 828 3346 principatum
854 3277 1119 3346 auspicia
1149 3278 1482 3332 incurrunt.

503 3373 582 3427 Ex
612 3372 720 3428 hoc
752 3378 890 3427 sunt
930 3391 1137 3442 genere
1187 3391 1314 3445 quae
1365 3376 1518 3446 apud
1569 3375 1794 3431 Julium
1839 3377 2073 3448 Capito-

431 3463 576 3516 lium
608 3461 667 3516 in
692 3462 985 3517 Gordiano
1019 3462 1188 3516 tertio
1219 3462 1512 3535 leguntur.
1558 3464 1662 3520 Ubi
1696 3467 1852 3520 enim
1913 3466 2070 3522 hunc

433 3550 674 3622 ccepisse
705 3550 992 3620 imperare
1025 3549 1224 3605 retulit
1254 3551 1588 3620 historicus,
1624 3559 1821 3608 statim
1856 3557 2067 3626 adjun-

429 3644 544 3716 git:
569 3642 670 3698 Sed
702 3641 972 3696 indicium
1003 3656 1116 3694 non
1145 3641 1242 3696 diu
1272 3643 1612 3707 imperaturi
1662 3643 1925 3701 Gordiani
1972 3648 2069 3702 hoc

425 3733 555 3805 fuit,
589 3731 731 3804 quod
758 3730 980 3802 eclipsis
1000 3731 1134 3785 solis
1157 3733 1306 3800 facta
1337 3736 1436 3801 est,
1468 3742 1528 3787 ut
1553 3749 1681 3787 mox
1727 3735 2066 3805 crederetur,

422 3840 598 3896 neque
616 3825 737 3878 sine
767 3820 1073 3876 luminibus
1096 3820 1340 3876 accensis
1369 3822 1667 3892 quidquam
1715 3827 1814 3895 agi
1860 3835 2060 3896 posset.

422 3915 510 3970 Ita
539 3913 656 3981 ille,
691 3911 831 3968 solis
865 3910 1250 3966 defectionem
1285 3911 1538 3966 innuens
1561 3927 1685 3983 qua:
1720 3930 1872 3968 anno
1905 3915 2062 3970 Chri-

420 4005 494 4060 sti
525 4005 652 4074 237,
686 4003 754 4058 12
777 4000 1018 4072 Aprilis,
1052 4000 1244 4055 Romae
1275 4000 1397 4054 viso
1431 4000 1720 4073 hodieque
1745 4019 1811 4058 ex
1847 4004 2062 4061 tabulis

417 4091 898 4164 deprehenditur.
931 4092 1138 4144 Sextus
1169 4088 1308 4143 item
1343 4089 1614 4144 Aurelius
1655 4090 1854 4146 Victor
1908 4110 2060 4150 anno

416 4182 484 4237 U.
513 4182 573 4236 C.
609 4182 768 4246 1062,
801 4195 935 4234 cum
961 4183 1259 4233 narrasset
1308 4193 1511 4247 pacem
1561 4179 1714 4233 inter
1759 4183 2059 4251 Augustos

415 4268 863 4325 Constantinum
885 4271 942 4322 et
972 4267 1262 4321 Licinium
1296 4267 1528 4336 factam,
1561 4268 1762 4323 ascitis
1813 4271 1870 4324 in
1921 4288 2057 4327 con-

414 4358 662 4415 sortium
691 4356 921 4428 imperii
945 4360 1237 4411 Caesarum
1260 4354 1494 4410 nomine
1527 4359 1836 4430 utriusque
1857 4359 2057 4419 liberis

416 4447 618 4519 Crispo
649 4451 707 4502 et
735 4445 1138 4511 Constantino,
1175 4445 1310 4502 filiis
1354 4447 1741 4513 Constantini,
1792 4454 1848 4504 et
1899 4451 2052 4506 Lici-

413 4537 588 4594 niano
634 4536 756 4591 ﬁlio
803 4537 1027 4600 Licinii,
1075 4537 1383 4609 ndjungit:
1423 4539 1572 4606 Quod
1638 4540 1893 4612 equidem
1957 4545 2053 4599 vix

409 4629 738 4683 diuturnum
766 4643 940 4698 neque
986 4628 1072 4682 his
1119 4628 1216 4698 qui
1262 4630 1684 4685 assumebantur
1724 4633 1866 4702 felix
1911 4637 2048 4705 fore,

406 4719 620 4788 defectu
648 4717 778 4772 solis
802 4717 1006 4778 fwdalo
1036 4717 1233 4773 iisdem
1263 4721 1543 4774 mensibus
1567 4721 1656 4775 die
1683 4725 2046 4792 patefactum.

406 4807 658 4878 Contigit
679 4824 744 4862 ea
765 4806 995 4877 eclipsis
1014 4824 1166 4862 anno
1187 4810 1580 4865 veteriChrisli
1599 4812 1798 4876 317,20
1820 4813 2049 4869 Decem-

409 4896 553 4954 bris.
591 4899 672 4953 lta
702 4897 869 4952 etiam
929 4913 1042 4951 non
1101 4897 1184 4952 ita
1231 4899 1411 4953 veteri
1443 4906 1676 4970 patrum
1711 4909 2046 4958 nostrorum

410 4989 696 5045 memoria
737 4989 1050 5044 observant
1093 4987 1382 5044 historica:
1442 4990 1673 5046 Gallicae
1734 4995 2048 5066 scriptores

407 5097 561 5134 anno
591 5077 803 5134 Christi
840 5077 996 5141 1544,
1030 5093 1144 5146 quo
1176 5087 1348 5132 natus
1399 5084 1488 5133 est
1545 5081 1888 5138 Franciscus
1945 5090 2046 5141 Se-

401 5171 626 5229 cundus
648 5167 940 5231 Valesius,
973 5169 1180 5236 quarto
1205 5167 1354 5220 703
1398 5173 1530 5238 post
1586 5170 1714 5239 ejus
1773 5175 2047 5230 nativita-

403 5270 516 5318 tem
552 5260 644 5315 die
675 5254 1015 5312 horribilem
1052 5254 1194 5310 solis
1242 5255 1507 5327 eclipsim
1561 5259 1895 5328 contigisse,
1957 5279 2047 5317 eo-

400 5355 653 5423 demque
683 5364 838 5404 anno
870 5350 990 5400 tres
1011 5344 1163 5399 lunae
1195 5344 1456 5416 insignes
1485 5347 1840 5404 defectiones
1866 5350 2040 5421 visas,

399 5457 584 5513 eaque
617 5437 881 5509 prodigia
914 5450 1191 5504 magnum
1241 5433 1474 5490 dedisse
1521 5436 1828 5507 astrologis
1877 5439 2040 5508 judi-

398 5530 574 5586 candi
620 5532 677 5584 et
733 5525 1028 5582 scribendi
1080 5527 1517 5596 argumentum.
1600 5524 1760 5580 Unde
1837 5534 2040 5586 natum

398 5619 660 5688 ejusdem
694 5615 973 5689 principis
1003 5613 1314 5683 emblema,
1348 5613 1536 5671 tribus
1565 5612 1670 5670 lilii
1731 5615 1971 5676 ﬂoribus
2010 5637 2040 5677 e

397 5711 552 5762 terra
581 5705 1038 5778 emergentibus,
1083 5705 1202 5762 sole
1254 5705 1504 5778 desuper
1547 5708 1603 5762 et
1659 5704 1799 5762 luna
1853 5724 2038 5782 oppo-

2243 507 2354 562 Sed
2391 510 2518 578 jam
2571 518 2808 584 tempus
2857 525 2946 571 est
3003 507 3404 579 demonstrandi,
3439 529 3601 598 positis
3643 549 3689 589 ex

2174 600 2297 691 arte
2327 602 2719 691 astronomiae
2746 603 2991 662 calculis
3030 623 3202 678 quam
3239 616 3352 682 apte
3399 617 3454 670 ad
3488 617 3532 672 id
3576 623 3687 691 quod

2175 684 2564 745 indicavimus
2622 697 2853 766 tempus
2924 696 3150 753 accidat
3201 698 3338 756 istud
3382 684 3636 764 indicatum
3672 728 3693 766 ι

2177 772 2531 847 Pachymere
2560 779 2887 852 deliquium
2913 784 3123 844 solare.

2173 871 3133 964 1711ῐῄ2,Εριξιορίξζηᾳῇ’ἀείςείιρηἰ
3200 887 3318 964 solis
3377 905 3481 964 qua:
3535 894 3695 964 contigit

2246 948 2642 1030 (inadd/tristi
2690 953 2975 1030 4255,20
3013 957 3326 1026 Decembris,
3359 948 3501 1030 juxta
3543 948 3697 1020 tabulas

2249 1017 2628 1100 {tadolphinas
2667 1017 3038 1100 sabsidiarias
3085 1017 3388 1100 Keplcri'ad
3425 1017 3699 1092 meridianae

2249 1087 2532 1145 Nicaeuum
2567 1092 2623 1148 in
2658 1096 2919 1166 Bithynia
2951 1087 3243 1156 revocatas.

2700 1183 3040 1236 Novilunium
3071 1190 3300 1238 medium.

2403 1305 2703 1369 Decembris
3206 1317 3261 1364 29
3377 1319 3425 1365 15
3531 1319 3575 1366 18
3663 1321 3704 1369 15

2179 1424 2326 1473 Junii
2471 1366 2706 1432 Tempus
2737 1372 2996 1434 Ρτοκίωεθ
3026 1376 3348 1473 urceatim“
3373 1377 3496 1473 *11⁵⁸⁸

2183 1441 2326 1496 suun
2395 1489 2426 1496 η
2737 1494 2762 1496 Α
2854 1494 2860 1496 _
3211 1444 3261 1489 13
3377 1445 3425 1490 14
3529 1445 3575 1490 58
3667 1446 3707 1492 26

2181 1489 2523 1540 intervallum
2561 1494 2902 1546 anovilunio
2932 1499 3114 1549 medio
3177 1503 3262 1552 165
3377 1489 3428 1552 2‘3
3531 1489 3577 1552 97
3668 1489 3706 1554 il

3205 1565 3255 1613 Ξ.
3379 1566 3428 1614 G.

2181 1615 2667 1682 motusintervallo
2697 1622 3032 1682 respondens
3238 1630 3263 1676 5
3378 1631 3426 1676 13
3553 1628 3577 1676 0
3669 1629 3711 1677 32

2183 1676 2454 1746 tollendus
2486 1676 2906 1746 aloco_apogtei
2938 1686 3064 1736 solis
3237 1695 3262 1738 2
3377 1693 3428 1739 29
3535 1692 3579 1738 50
3674 1676 3710 1738 l'l

2223 1741 2568 1802 rimuslocus
2597 1741 2747 1791 solis'
2807 1741 2834 1746 ⁷
3239 1755 3266 1801 9
3385 1756 3431 1801 16
3536 1755 3582 1800 49
3675 1756 3712 1802 15

2223 1753 2387 1787 rimus
2419 1752 2568 1788 IOCUS
2597 1752 2726 1791 80118

2105 1787 2153 1852 Β
2182 1752 2404 1872 llatae]
2437 1805 2602 1872 prima
2648 1805 2904 1857 distantia
2945 1810 3177 1863 lumina-

2247 1867 2383 1912 rium
2417 1867 2527 1934 sole
2561 1868 2770 1931 longius
2801 1885 3081 1934 progresso
3239 1880 3263 1925 0
3407 1878 3432 1924 5
3536 1879 3584 1924 32
3675 1879 3714 1924 20

2468 1928 2702 1992 Tempus
2731 1928 2990 1994 proxima)
3016 1939 3340 2048 apogmgatis
3368 1938 3504 2049 iiquae.

2181 2050 2521 2118 aprimadie
2551 2053 2815 2118 Januarii,
2853 2062 2953 2107 etc.
3179 2064 3264 2112 385
3384 2067 3433 2110 18
3541 2065 3585 2112 20
3701 2064 3717 2110 1

2180 2114 2516 2162 intervallum
2546 2131 2576 2164 a
2612 2114 2892 2170 novilunio
2922 2121 3102 2173 medio
3239 2130 3264 2175 4
3409 2130 3433 2175 1
3541 2128 3587 2175 31
3678 2128 3718 2174 52

2181 2180 2360 2245 motus
2378 2175 2672 2245 intervallo
2701 2184 3036 2245 respondens
3221 2187 3273 2236 S.
3391 2189 3439 2235 G.

2179 2238 2459 2300 addendus
2793 2238 2809 2245 ’
3240 2254 3264 2300 4
3383 2250 3437 2299 21
3545 2250 3588 2297 15
3681 2249 3720 2296 39

2179 2299 2328 2365 locus
2357 2303 2564 2365 apogaai
2595 2304 2737 2354 lunai
3239 2299 3264 2361 ’1
3385 2315 3436 2361 20
3571 2315 3587 2358 1
3682 2311 3722 2356 l6

2179 2363 2563 2422 primus’IOEus
2597 2367 2737 2417 lunae
3240 2379 3267 2423 9
3388 2378 3430 2423 11
3548 2376 3590 2420 17
3681 2374 3722 2418 25

2180 2431 2390 2491 tempus
2415 2429 2986 2491 prosthaphaereticum
3005 2435 3309 2487 addendum
3330 2436 3568 2486 novilunio
3585 2432 3725 2488 medio.

2243 2487 2529 2539 horai”.
2627 2487 2704 2541 41.
2805 2497 2881 2543 55.

2723 2589 3059 2642 Nouilunium
3093 2611 3286 2646 verum.

2427 2712 2734 2762 Decembris
3207 2725 3264 2772 30
3413 2723 3438 2770 3
3572 2723 3593 2768 0
3687 2718 3727 2765 40

2857 2779 3154 2833 Correctio.

3219 2845 3271 2895 S.
3393 2844 3431 2895 Ο

2179 2895 2448 2945 secundus
2483 2898 2631 2948 locus
2662 2901 2786 2950 solis
3239 2912 3267 2960 9
3391 2911 3443 2957 16
3552 2909 3601 2955 52
3692 2902 3732 2950 53

2180 2959 2417 3007 secunda
2448 2960 2702 3010 distantia
2734 2965 3080 3017 luminarium
3247 2959 3256 2960 η
3553 2967 3597 3016 31
3694 2963 3731 3010 18

2179 3021 2311 3087 luna
2335 3021 2546 3087 longius
2582 3039 2864 3087 progressa

2185 3085 2318 3130 τθιι
2351 3083 2535 3133 tertius
2567 3083 2717 3136 locus
2748 3089 2878 3139 solis
3247 3099 3274 3146 9
3396 3098 3448 3144 16
3556 3094 3604 3141 19
3696 3091 3736 3135 55

2102 3137 2144 3202 C
2184 3147 2451 3195 secundus
2479 3149 2627 3196 locus
2656 3137 2826 3200 lunai
2862 3137 2873 3139 ⁷
3240 3137 3270 3208 ᾗ
3553 3137 3600 3202 fit
3717 3153 3730 3198 l

2183 3210 2477 3278 secundum
2497 3216 2717 3278 tempus
2749 3215 3178 3278 prosthaphaare-
3392 3220 3451 3267 Η.

2243 3272 2404 3321 ticum
2437 3272 2764 3323 tollendum'
2972 3272 2987 3278 ’
3423 3285 3441 3330 1
3580 3281 3604 3327 3
3695 3277 3739 3322 50

2178 3335 2713 3387 tertiuslocuslunae
3239 3347 3268 3394 9
3391 3347 3444 3393 16
3558 3344 3605 3391 19
3697 3338 3736 3383 55

2178 3399 2438 3446 correctio
2475 3399 2612 3448 tollit
2641 3414 2672 3448 a
2699 3401 2979 3452 novilunio
3009 3417 3141 3455 vero
3423 3410 3440 3454 1
3583 3403 3606 3450 3
3695 3398 3736 3445 50

2177 3461 2410 3522 aequatio
2440 3475 2566 3510 vero
2596 3466 2852 3526 temporis
3582 3469 3606 3514 'l
3697 3461 3741 3509 59

2247 3558 2581 3609 Noviluaium
2615 3575 2787 3610 verum
2817 3568 3116 3624 correctum,
3146 3571 3197 3617 et
3222 3570 3440 3632 perfecte
3464 3564 3688 3628 arquatum.

3204 3642 3266 3688 υ.
3392 3640 3451 3687 Η.

2423 3693 2726 3742 Decembris
3392 3677 3407 3687 ³
3558 3699 3604 3746 48
3698 3696 3738 3741 58

2295 3756 2526 3818 Tempus
2553 3771 2696 3806 verae
2725 3758 2915 3822 synodi
2947 3759 3000 3809 in
3035 3765 3340 3813 meridiano
3373 3761 3650 3812 tabularum.

2172 3878 2476 3950 Decembris
2505 3880 2590 3930 die
2637 3945 2702 3950 ω
3097 3827 3166 3938 ui.
3261 3892 3322 3940 48
3413 3878 3740 3950 58postmerid-

2172 3943 2237 3990 ad
2261 3942 2618 3992 meridianum
2637 3945 2914 3996 Nieienum

2233 4005 2402 4067 magis
2430 4007 2746 4056 Orientalem
3137 4017 3156 4062 1
3265 4015 3324 4064 51
3447 4011 3477 4061 0

2167 4142 2291 4178 vera
2313 4069 2758 4194 syiigdjgsﬁicaaie
2948 4137 3006 4184 30
3138 4141 3166 4190 3
3265 4139 3326 4187 22
3421 4140 3473 4186 58

2354 4193 2664 4243 Decembri
2697 4196 2785 4244 die

2712 4292 2870 4342 Locus
2897 4309 3029 4344 verse
3055 4299 3270 4361 synodi.

3203 4362 3260 4410 S.
3387 4361 3442 4408 ϐ.

3227 4428 3256 4474 9
3389 4423 3444 4470 16
3556 4420 3606 4466 39
3704 4413 3746 4460 55

2086 4498 2128 4562 D
2411 4540 2523 4562 ηε..-
2558 4541 2795 4562 --μ-,μ
3322 4484 3477 4562 ⁶Ξ99’

2409 4540 2525 4603 ejus
2556 4541 2800 4591 ascensio
2827 4548 2970 4594 recta
3355 4549 3442 4596 228
3560 4545 3608 4591 16
3727 4536 3746 4583 ο

2160 4664 2506 4728 Nicceaa'post
2535 4666 2811 4715 meridiem
3557 4668 3610 4716 .22
3706 4657 3748 4707 53

2158 4790 2756 4855 quibuslespoudetiin
2787 4794 3094 4855 aaquatione
3559 4793 3610 4842 13
3729 4781 3750 4830 θ

2158 4806 2356 4850 quibus
2387 4806 2469 4838 res
2512 4806 2676 4840 onuet
2702 4806 2756 4839 in
2787 4806 3094 4855 aaquauone

2157 4851 2329 4920 iisque
2360 4850 2437 4916 [P.
2463 4806 2572 4917 lF97]
2593 4853 2800 4920 additis
2817 4857 2881 4903 ad
2913 4870 3094 4905 ascen-

2221 4917 2428 4963 sionem
2459 4923 2654 4964 rcctam
2682 4917 2843 4965 modo
2866 4921 3092 4978 positam

2220 4992 2314 5042 pro
2332 4978 2449 5026 loco
2468 4992 2608 5028 vera:
2625 4980 2898 5042 synodiﬁt
2914 4995 3096 5030 ascen-

2218 5041 2296 5087 sio
2329 5045 2472 5088 recta
2502 5041 2683 5101 puncti
2715 5041 3063 5092 culminantis
3377 5048 3434 5095 G.

2219 5103 2472 5165 ecliptica:
2495 5097 2584 5151 seu
2610 5101 2868 5152 meridiaai
2893 5104 3084 5155 Nicaaae
3343 5109 3436 5158 3258
3552 5105 3605 5155 59
3726 5097 3743 5142 θ

2156 5164 2332 5227 hujus
2348 5165 2678 5214 ascensionis
2701 5173 2954 5227 punctum
2977 5170 3085 5217 cul-

2216 5230 2428 5294 minans
2449 5229 2558 5277 sive
2590 5228 2844 5278 meridies
2873 5231 2926 5279 in
2959 5233 3086 5282 ecli-
3183 5234 3239 5284 S.
3373 5235 3433 5282 G.

2218 5291 2358 5352 ptica
3177 5299 3229 5344 u
3402 5297 3429 5341 7
3556 5295 3602 5339 15
3704 5286 3743 5352 ἢ

2153 5347 2312 5416 hujus
2334 5354 2518 5415 puncti
2539 5353 2824 5416 declinatio
2847 5356 3094 5406 australis
3407 5360 3436 5408 8
3556 5353 3609 5403 53
3727 5347 3746 5416 1

2151 5411 2644 5464 ιιάἷ111ε’ρ1‹ενιι1ἰοιιὶ
2679 5416 2785 5476 poli
2819 5415 3007 5466 Nicaete
3378 5425 3428 5469 11
3554 5421 3608 5466 26
3728 5411 3745 5454 θ

2152 5478 2240 5526 dat
2257 5481 2560 5526 distantiam
2586 5479 3081 5540 puncticulminan-

2212 5544 2278 5589 tis
2308 5541 2563 5604 ecliptica:
2590 5533 2623 5588 ξι
2653 5539 2852 5590 vertice
2917 5603 2927 5604 ί
3371 5547 3431 5594 50
3559 5541 3606 5591 19

2150 5605 2377 5666 angulus
2407 5594 2656 5666 eclipticae
2683 5607 2736 5652 et
2763 5603 2952 5652 merid.
3371 5608 3432 5659 68
3581 5609 3605 5653 7
3728 5594 3750 5643 0

2149 5661 2405 5729 distantia
2476 5661 2659 5729 puncti
2733 5667 3080 5718 culminautis
3172 5668 3231 5718 S.

2209 5721 2694 5793 eclipticaa'avera
2723 5730 2930 5794 synodo
3202 5736 3227 5783 1
3363 5733 3425 5786 20
3545 5730 3600 5782 25
3707 5721 3748 5772 δι
