3978 6182
286 267 431 325 1169

280 391 543 444 distantia
570 391 717 441 lunm
745 405 777 440 a
805 383 1004 441 vertice
1306 390 1378 438 SZ
1505 389 1565 437 66
1722 390 1750 437 9

280 456 517 519 angulus
545 455 597 519 S.
629 454 821 519 parallo.
1494 451 1555 500 67
1680 449 1741 519 ξι)

318 514 535 568 arallax.
567 514 835 579 longitud.
1684 514 1739 560 21

318 533 535 568 arauax.
571 533 835 579 longituo.

276 533 359 645 FP.
384 581 498 643 502]
533 582 709 645 (tertia
743 579 1004 642 parallax.

341 642 611 706 longitud.

274 707 575 768 (porterior
606 708 847 766 tempore
877 707 1026 768 motu

274 763 658 827 (decrescente
680 763 733 815 in
753 767 1053 829 quadrante
1680 763 1740 810 24

276 830 626 889 (occidentali
656 830 915 892 eclipticaa

276 888 585 942 differentia
762 888 777 892 “
1708 888 1737 935 3

310 956 545 1004 tollenda
573 954 639 1004 ab
669 954 886 1004 horario

310 958 545 1004 tollenda
573 958 639 1004 ab
670 958 886 1004 horario

270 958 447 1077 iiuna;
477 1031 603 1067 vero
1674 1010 1734 1077 28

270 1076 443 1130 restat
471 1080 720 1130 borarius
744 1079 889 1129 lunaa
920 1090 1187 1142 apparens
1672 1076 1732 1123 24

866 1159 1019 1209 Unde
1052 1157 1327 1222 trianguli.

554 1246 587 1296 κ
626 1270 627 1273 χ

1473 1377 1537 1427 G.

1089 1456 1213 1503 aug.
1313 1438 1353 1490 C
1477 1443 1537 1491 68
1663 1438 1722 1503 30

1088 1502 1230 1555 latus
1272 1504 1349 1552 (ΞΖ
1475 1503 1533 1551 51
1666 1502 1721 1549 15

1272 1566 1349 1615 CS
1477 1568 1535 1615 46
1662 1567 1723 1613 56

1269 1629 1349 1676 ΝΖ
1473 1627 1537 1675 46
1661 1626 1719 1674 31

1264 1690 1349 1739 NC
1476 1688 1536 1738 16
1659 1692 1719 1737 23

1265 1752 1349 1802 NS
1475 1752 1535 1801 63
1667 1750 1731 1799 19

288 1888 769 1987 [κάκ-έν]
801 1892 835 1939 S

258 2027 519 2078 distantia
546 2026 691 2078 lunas
724 2043 756 2079 a
782 2028 984 2079 vertice
1279 2029 1350 2078 SZ
1476 2027 1533 2076 71
1664 2025 1727 2074 60

265 2091 501 2154 angulus
529 2091 567 2154 S
604 2091 792 2154 parall.
1481 2090 1543 2137 49
1669 2090 1729 2154 44

262 2151 524 2216 parallax.
557 2151 823 2213 longitud.
1669 2151 1732 2199 36

269 2217 462 2277 (tertia
495 2216 683 2279 parall.
716 2216 978 2277 longitud.

268 2279 447 2340 (prior
477 2283 735 2340 tempore,
768 2285 915 2328 motu

268 2344 574 2401 (crescente
603 2342 659 2390 in
679 2343 979 2401 quadrante
1666 2340 1726 2389 24

267 2403 618 2467 (occidentali
639 2403 916 2467 eclipticaa.

266 2465 575 2515 differentia
745 2465 755 2467 ”
1672 2466 1723 2511 11

267 2529 535 2587 (tollenda
554 2533 620 2577 ab
640 2528 857 2579 horario

262 2592 438 2651 (lunae
469 2606 596 2640 vero
1662 2588 1721 2636 27

261 2658 427 2704 restat
453 2651 708 2702 horarius
736 2652 880 2701 lunaa
908 2664 1176 2716 apparens
1519 2712 1533 2716 _
1612 2713 1622 2716 _
1666 2652 1722 2699 17

518 2718 555 2764 τ
569 2718 598 2763 I
612 2718 649 2763 ι
684 2716 931 2777 analogia
944 2712 961 2777 ’ν
984 2712 999 2777 Ῐ
1356 2775 1363 2777 _
1381 2774 1405 2777 μ
1418 2712 1661 2777 analogia

468 2783 529 2828 ut
560 2779 641 2837 24,
674 2778 752 2828 58.
786 2780 851 2827 ad
881 2776 1007 2826 3600

259 2842 489 2906 itaiscru
498 2842 623 2906 pula
642 2841 834 2890 medias
856 2841 1010 2906 duras

327 2900 515 2953 tionis'
667 2964 714 3012 Η
866 2900 945 2953 30.
1011 2901 1043 2950 9

419 3029 487 3079 ad
518 3028 629 3078 4451
677 3033 695 3077 1
736 3028 793 3077 14
831 3026 906 3075 11.

384 3096 598 3154 tempus
627 3089 935 3139 incidentia;

773 3168 908 3217 Tota
936 3166 1149 3219 duratio
1179 3168 1391 3231 eclipsis

905 3232 965 3281 H.
997 3234 1045 3282 2‘
1074 3232 1153 3282 58.
1186 3234 1263 3280 57.

1227 2901 1391 2951 tionis

319 3315 377 3365 in
414 3313 714 3363 meridiano
745 3312 871 3360 dato

1286 3025 1349 3074 ad
1381 2962 1565 3073 6286}:
1596 3025 1654 3073 44
1689 3022 1750 3071 46

1217 3091 1431 3150 tempus
1463 3086 1782 3137 emersionis

1692 262 2315 321 CHRONOLOGICUS.

1260 2778 1317 2825 ut
1349 2774 1425 2823 17.
1459 2776 1532 2825 16.
1566 2776 1631 2824 ad
1662 2775 1786 2825 3600

1167 2838 1242 2888 ita
1263 2838 1514 2900 scrupula
1544 2840 1733 2887 mediae
1758 2838 1911 2886 dura-

1227 2901 1391 2949 tionis
1733 2900 1811 2949 30.
1880 2902 1909 2948 9

1110 3309 1163 3358 in
1186 3312 1482 3361 meridiano
1500 3308 1716 3359 Niceno

318 3377 531 3427 duabus
558 3376 705 3425 horis
731 3379 854 3424 ante
883 3372 1053 3423 Nicmv
1079 3372 1319 3427 Iduabus
1337 3372 1719 3423 horisredditis

317 3454 449 3490 num
480 3438 595 3503 visa
626 3438 866 3503 synodus
903 3450 1057 3503 accu-
1079 3434 1345 3503 [medium
1370 3436 1457 3486 die
1484 3436 1563 3493 30,
1589 3436 1720 3483 hora

316 3507 434 3552 rata
491 3502 603 3550 sive
655 3498 875 3560 eclipsis
929 3500 1057 3548 visae

316 3563 578 3614 medium.

246 3628 559 3677 Decembris
621 3625 709 3675 die
766 3623 856 3683 30,
922 3621 1055 3673 hora

837 3689 865 3735 2
901 3688 959 3735 16
1029 3692 1055 3735 8
1077 3685 1320 3735 linitium

310 3751 439 3801 tolle
468 3765 564 3814 pro
599 3749 837 3800 inciden-

307 3815 384 3864 tia
469 3811 485 3814 ⁷
838 3811 1049 3859 11411

241 3876 467 3928 initium
486 3875 571 3925 die
590 3875 809 3933 3o,hora
839 3875 861 3923 1
937 3877 952 3923 1
993 3873 1053 3922 57

314 3939 455 3988 adde
494 3953 593 4002 pro
634 3951 803 3987 emer-

310 4005 467 4050 sione
496 3997 509 4002 ’
838 4002 858 4048 1
897 4001 957 4049 44
994 3997 1056 4045 46

1230 3871 1353 3920 ﬁnis

245 4065 375 4113 ﬁnis
396 4062 485 4113 die
516 4067 593 4120 30,
616 4063 747 4111 hora
839 4063 867 4110 4
935 4066 961 4111 0
996 4062 1054 4109 54

315 4132 439 4191 post
472 4124 773 4176 meridiem.

726 4202 801 4269 [P
833 4200 965 4315 503;
994 4202 1159 4266 Typus
1186 4202 1436 4275 eclipseos

969 4269 1236 4315 ententrio

969 4269 1236 4328 eptentrio

380 4847 382 4850 ν
449 4765 627 4815 Oriens
760 4787 764 4792 .

948 5050 1197 5101 Meridies

308 5178 539 5228 emersio
570 5178 653 5227 BD
707 5114 754 5227 I11
810 5177 871 5226 44
936 5174 1000 5224 46

726 5256 977 5307 Probatio
1006 5270 1101 5322 per
1128 5257 1267 5320 quad
1276 5261 1408 5306 rata.

1492 3684 1626 3733 hora
1688 3681 1720 3730 3
1786 3682 1903 3731 157

1202 4061 1322 4123 post
1355 4056 1653 4109 meridiem.

1461 3870 1596 3919 hora
1692 3872 1720 3919 6
1783 3866 1815 3916 0
1847 3868 1907 3917 54

1165 5175 1457 5226 incidentia
1490 5176 1575 5225 BC
1642 5181 1663 5225 1
1735 5177 1761 5223 4
1832 5176 1885 5224 11

1753 3495 1811 3545 16

3561 265 3699 321 1170

1908 386 1939 464 ρ
1970 390 2021 452 Α
2126 391 2274 444 718
2305 389 2369 444 Χ.
2407 391 2484 446 Ex
2516 391 2864 464 epilogismo
2906 391 3083 462 hujus
3114 390 3353 462 eclipsis
3377 394 3498 447 tam
3532 408 3697 447 accu-

1903 449 1934 559 3
2042 482 2165 532 rate
2222 484 2279 532 et
2327 496 2429 550 per
2467 449 2706 551 singuli;
2764 480 2937 552 quasi
2971 449 3275 535 momenta
3331 480 3700 547 examinata,

2041 566 2422 622 manifestum
2456 576 2546 624 est
2577 586 2705 625 eam
2730 570 2919 639 ipsam
2944 586 3072 624 esse
3100 585 3279 639 quam
3303 568 3693 638 Pachymeres

2039 654 2391 726 designavit,
2426 662 2482 712 et
2502 659 2629 728 jam
2665 667 2859 729 patere
2894 675 3099 713 omnes
3134 657 3265 711 illas
3299 656 3692 710 circumstan-

1870 763 1926 811 19
2036 742 2170 809 tias,
2206 761 2330 815 quae
2386 745 2441 799 in
2502 748 2629 816 ejus
2681 747 3074 818 descriptione
3129 748 3395 801 obscurae
3428 746 3573 801 adeo
3625 748 3683 801 et

1866 886 1926 936 ‘9
2033 831 2663 905 incomprehensibiles
2689 836 3059 892 videbantur.

1860 1009 1921 1058 57
2106 964 2169 1020 In
2234 966 2441 1037 primis
2499 967 2658 1022 enim
2719 972 2942 1023 certum
2977 973 3066 1023 est
3096 984 3224 1024 eam
3256 968 3468 1023 factam
3523 983 3676 1022 anno

1859 1053 1919 1122 ἑὲ
2032 1053 2247 1110 Christi
2279 1056 2438 1119 1255.
2470 1056 2689 1111 mensis
2747 1057 3083 1112 Decembris
3114 1058 3206 1112 die
3253 1058 3344 1121 30,
3408 1057 3676 1128 proinde-

2034 1160 2149 1214 que
2180 1161 2293 1198 non
2332 1144 2623 1215 pertinere
2663 1145 2735 1199 ad
2768 1146 3056 1201 Theodori
3101 1146 3364 1201 Lascaris
3431 1147 3686 1210 obitum,

2040 1232 2141 1303 qui
2175 1248 2373 1287 mense
2403 1235 2668 1304 Augusto
2710 1234 2866 1288 circa
2921 1241 3273 1288 autumnum
3330 1250 3483 1288 anno
3515 1233 3686 1287 Chri-

2034 1322 2108 1375 sti
2148 1321 2288 1375 4259
2318 1323 2583 1393 contigit,
2618 1324 2719 1378 sed
2751 1324 2821 1377 ad
2853 1324 2981 1393 ejus
3014 1322 3335 1378 solemnem
3370 1322 3687 1393 inaugura-

1881 1435 1912 1485 ο
2016 1410 2237 1465 tionem
2271 1415 2373 1465 aut
2402 1412 2861 1483 coronationem,
2895 1429 3023 1483 quae
3055 1412 3209 1467 facta
3242 1415 3331 1466 est
3356 1411 3465 1466 sub
3500 1410 3677 1467 ﬁnem

1881 1504 1908 1609 3
2018 1499 2155 1554 anni
2188 1500 2346 1556 1255.

1879 1627 1905 1698 ρ
2084 1624 2260 1679 Facta
2290 1628 2378 1679 est
2407 1624 2612 1681 Nicaeae
2644 1625 2703 1680 in
2744 1625 3020 1698 Bithynia
3055 1627 3212 1681 circa
3240 1625 3445 1681 horam
3482 1644 3515 1682 a
3553 1618 3687 1685 me-

1879 1690 1919 1796 (ξ)
1949 1732 1996 1797 Β
2026 1712 2175 1767 ridie
2197 1713 2452 1780 tertiam,
2486 1718 2543 1769 et
2572 1731 2861 1785 apparens
2882 1690 3009 1783 ejus
3039 1713 3275 1767 initium
3298 1731 3411 1769 non
3445 1716 3677 1772 duabus

2029 1801 2277 1872 integris
2340 1802 2586 1857 minutis
2643 1804 2847 1858 horam
2906 1803 3140 1857 tertiam
3194 1807 3673 1874 praetergressum

2025 1895 2131 1944 est.
2191 1890 2365 1945 Facta
2422 1896 2510 1945 est
2540 1892 2652 1947 sub
2712 1892 2885 1947 ﬁnem
2912 1891 3026 1946 diei
3057 1896 3233 1946 sextae
3266 1897 3399 1962 post
3429 1909 3675 1948 corona-

1888 2025 1919 2074 0
2022 1978 2239 2034 tionem
2283 1979 2589 2034 Theodori.
2649 1980 2729 2035 Ex
2780 1980 3119 2051 conjectura
3179 1981 3336 2035 enim
3388 1981 3675 2051 probabili

1887 2069 1919 2137 ὁ
2023 2084 2199 2139 supra
2232 2085 2263 2122 a
2294 2069 2465 2123 nobis
2496 2071 2761 2140 exposita
2808 2070 3154 2124 Theodorus
3227 2074 3317 2124 est
3364 2078 3677 2126 coronatus

1886 2151 1917 2199 0
2022 2156 2339 2227 imperator
2379 2158 2507 2228 ipso
2565 2158 2658 2212 die
2712 2157 2896 2213 natali
2954 2157 3169 2212 Christi
3230 2158 3478 2225 Domini,
3513 2164 3675 2214 utex

2023 2245 2253 2315 gemina
2282 2246 2617 2302 celebritate
2647 2246 2770 2302 dies
2803 2246 2987 2316 magis
3020 2246 3301 2302 solemnis
3347 2253 3621 2318 ageretur
3655 2266 3668 2315 ;

1856 2338 1914 2387 19
2020 2343 2073 2388 et
2108 2338 2236 2402 post
2267 2336 2392 2390 dies
2422 2352 2523 2390 sex
2554 2336 2777 2390 mensis
2804 2336 3137 2391 Decembris
3168 2336 3237 2389 3O
3257 2337 3404 2391 facta
3435 2335 3671 2407 eclipsis

1853 2463 1910 2511 41
2018 2423 2236 2478 idcirco
2269 2425 2486 2479 dicitur
2534 2425 2606 2478 ab
2665 2425 2942 2479 historico
2976 2425 3047 2479 dc
3095 2429 3259 2480 sexta
3307 2425 3665 2496 contigisse:

2020 2528 2207 2583 neque
2238 2513 2393 2567 enim
2427 2512 2577 2568 alius
2608 2517 2852 2585 apparet
2881 2514 3027 2579 dies,
3062 2514 3158 2581 qui
3210 2517 3408 2568 sextus
3463 2514 3667 2569 haberi

1850 2588 1912 2698 ἓξ
2019 2603 2203 2672 possit
2230 2600 2319 2655 vel
2354 2601 2575 2656 mensis
2632 2601 2719 2656 vel
2753 2601 3155 2671 hebdomadas,
3183 2602 3663 2672 quandoquidem

1884 2654 1912 2700 ⁶
2016 2654 2173 2744 facta
2192 2654 2285 2743 ..ε
2301 2654 2537 2761 eclipsis
2554 2654 2933 2761 die—quinto
2951 2654 3458 2755 ιιεδάέαἷεάεέξὲᾶ
3476 2654 3664 2745 “se;

2014 2777 2171 2849 cyclo
2204 2776 2347 2834 solis
2376 2778 2649 2844 4,1iltera
2684 2778 3033 2834 Dominicali
3065 2781 3124 2834 Ο.
3168 2779 3329 2834 Adde
3361 2781 3519 2850 quod
3557 2785 3664 2833 Pa-

1880 2863 1911 2948 ξ
2017 2868 2320 2939 chymeres
2344 2868 2498 2922 diem
2530 2868 2771 2922 Veneris
2804 2885 2917 2922 non
2948 2863 3108 2935 ἕκτην
3146 2864 3378 2939 ἡμέραν,
3425 2870 3524 2923 sed
3558 2886 3664 2920 πα-

2013 2955 2305 3029 ρασχευήν.
2341 2956 2633 3027 appellare
2664 2956 2874 3011 solitus
2907 2962 3012 3011 est.

1938 3084 1981 3151 C
2088 3107 2383 3164 Tenebras
2404 3112 2597 3164 autem
2630 3109 2713 3163 ita
2744 3109 3065 3179 profundas
3089 3112 3155 3163 ut
3182 3108 3658 3165 suaobscuritate

2010 3197 2210 3253 omnia
2240 3202 2504 3269 tegerent
2534 3202 2591 3253 et
2615 3197 2820 3254 stellas
2851 3198 2909 3251 in
2942 3197 3085 3252 caelo
3144 3198 3494 3268 conspicuas
3525 3200 3655 3253 red-

2009 3287 2233 3350 derent,
2292 3285 2429 3340 fecit
2487 3303 2599 3341 non
2664 3290 2781 3340 tam
2831 3285 3175 3355 magnitudo
3233 3285 3492 3356 eclipsis,
3524 3304 3651 3358 qua

2010 3373 2225 3445 digitos
2283 3374 2483 3429 decem
2543 3391 2657 3429 non
2726 3374 2940 3445 attigit,
2975 3390 3152 3444 quam
3186 3377 3421 3444 tempus
3454 3392 3651 3431 serum

1877 3496 1904 3543 8
2010 3478 2125 3533 quo
2159 3462 2311 3517 facta
2340 3467 2449 3529 est,
2484 3479 2693 3533 nempe
2739 3463 2893 3518 circa
2950 3461 3093 3517 solis
3149 3478 3461 3519 occasum:
3496 3481 3650 3520 acce-

2012 3552 2182 3607 dente
2209 3551 2362 3606 enim
2399 3552 2469 3606 ad
2494 3553 2714 3607 diurnae
2745 3552 2895 3607 lucis
2919 3552 3389 3608 imminutionem
3424 3553 3546 3609 sole
3578 3555 3650 3609 ad

2010 3639 2370 3695 horizontem
2394 3641 2923 3711 appropinquante,
2949 3641 3174 3695 defectu
3211 3640 3453 3696 luminis
3503 3643 3656 3697 sola-

2012 3727 2094 3783 ris
2123 3732 2181 3783 et
2210 3727 2361 3782 lunas
2392 3727 2857 3799 interpositione,
2891 3728 3049 3782 circa
3080 3728 3222 3783 solis
3272 3746 3571 3796 occasum,
3595 3738 3651 3786 et

2013 3822 2134 3871 toto
2174 3820 2435 3886 tempore
2465 3816 2725 3870 consueti
2761 3815 3110 3885 crepusculi,
3164 3816 3288 3870 visa
3339 3822 3427 3871 est
3473 3820 3651 3874 etiam

2014 3905 2306 3977 profunda
2337 3921 2447 3960 nox
2476 3904 2560 3975 [P.
2590 3904 2720 3974 504]
2752 3904 3059 3959 advenisse
3090 3908 3147 3958 et
3168 3904 3499 3960 obscuritas
3532 3923 3658 3960 om-

2016 3994 2114 4050 nia
2158 3999 2352 4065 tegere
2400 4010 2533 4049 cum
2583 3993 2741 4048 clara
2808 3991 3109 4048 stellarum
3164 3993 3664 4063 manifestatione,

2016 4085 2169 4156 quod
2220 4082 2415 4155 ipsum
2468 4083 2886 4155 Pachymerius
2952 4082 3144 4137 innuit
3200 4099 3333 4136 cum
3366 4084 3447 4137 ait
3478 4082 3663 4139 solem

2015 4174 2166 4229 circa
2195 4172 2402 4228 horam
2426 4173 2671 4228 tertiam
2697 4172 2813 4227 diei
2849 4176 3021 4227 sexta:
3053 4188 3155 4243 per
3199 4171 3398 4226 horam
3453 4174 3663 4228 obscu-

2016 4268 2209 4319 ratum
2223 4305 2235 4317 .

2086 4404 2249 4461 Unde
2273 4404 2443 4477 vulgo
2466 4405 2868 4461 existimatum
2903 4407 2991 4460 est
3019 4403 3285 4475 eclipsim
3320 4420 3421 4475 per
3450 4404 3655 4461 horam

2011 4494 2300 4548 duntaxat
2331 4494 2598 4559 durasse,
2626 4496 2763 4566 quia
2795 4494 3030 4549 nonnisi
3066 4510 3168 4565 per
3200 4495 3401 4549 horam
3451 4495 3653 4551 Nicaea

2006 4581 2129 4636 visa
2159 4586 2268 4647 est,
2304 4582 2579 4637 inchoata
2601 4583 3042 4648 circa’tertiam,
3084 4587 3141 4636 et
3181 4583 3301 4637 sole
3353 4584 3654 4640 occidente

2008 4671 2182 4741 paulo
2215 4676 2347 4725 ante
2379 4676 2647 4741 quartam
2676 4671 2732 4725 in
2769 4670 3062 4726 horizonte
3104 4671 3359 4738 Nicaano,
3390 4674 3487 4727 ubi
3540 4675 3653 4728 mi-

2007 4761 2205 4814 nimus
2236 4775 2405 4813 arcus
2432 4760 2680 4815 diurnus
2714 4777 2826 4815 non
2883 4760 3131 4815 multum
3191 4762 3415 4817 excedit
3474 4763 3650 4820 horas

2006 4852 2134 4902 octo
2168 4847 2321 4901 circa
2353 4846 2671 4903 solstitium
2717 4850 3003 4917 brumale,
3030 4849 3147 4920 poli
3178 4850 3489 4907 altitudine
3547 4870 3645 4907 su-

2004 4953 2110 5007 pra
2140 4935 2500 4991 horizontem
2535 4938 2827 5009 graduum
2863 4939 3255 5010 quadraginta
3303 4942 3479 4997 unius
3511 4958 3645 4998 cum

2004 5024 2271 5091 dimidio,
2306 5026 2509 5080 eadem
2542 5043 2718 5097 prope
2748 5042 2882 5081 cum
2919 5026 3203 5083 Romana.

2072 5167 2144 5222 Et
2173 5166 2444 5238 quamvis
2475 5167 2585 5224 alio
2636 5168 2961 5225 meridiano
2995 5186 3193 5241 quam
3224 5172 3455 5228 Niceeno
3502 5189 3648 5229 usus

1999 5256 2110 5312 sim
2144 5257 2212 5311 ad
2250 5256 2438 5328 magis
2466 5256 2754 5330 integram
2785 5264 2840 5314 et
2871 5264 3138 5316 exactam
3196 5259 3427 5329 eclipsis
3485 5260 3647 5314 inve-

717 5400 803 5418 ,”
1018 5400 1075 5418 Μ
1213 5401 1262 5418 m
1307 5338 1511 5418 Fﬂd‘ifm
1564 5337 1885 5418 αξξειξξξειω
1996 5346 2687 5416 stigationem,calculus
2724 5353 2920 5404 tamen
2956 5350 3159 5404 eodem
3219 5362 3395 5418 prope
3453 5348 3639 5416 redit;

231 5402 332 5454 AC
364 5416 569 5451 summa
598 5400 825 5451 semidd.
1017 5400 1076 5450 30
1203 5401 1263 5449 48
1392 5400 1512 5449 1848
1585 5399 1819 5448 3415104

2039 5399 2146 5416 'U"
2211 5399 2220 5400 ί
2291 5399 2331 5400 "
2384 5399 2394 5410 1
2435 5399 2683 5403 """—"“‘
2731 5399 2920 5404 _"'—""
2961 5399 3159 5404 VV“V‘__
3221 5399 3386 5418 r'_"'
3457 5399 3502 5401 ί*

2016 5451 2095 5454 ,--
2140 5435 2319 5454 j-_-_!
2345 5451 2452 5454 --1,
2498 5435 2555 5454 ⁸11
2743 5442 2780 5454 ,i
2832 5437 2907 5454 ιιι
2983 5438 2992 5448 ι
3114 5437 3127 5454 1
3160 5436 3194 5454 ἰ
3261 5433 3396 5454 ιᾼυε-
3444 5434 3512 5454 -l:

226 5434 332 5519 λλζί
353 5434 894 5514 ζζῶζζηῖξξὲξξίη
1017 5434 1077 5511 νδ
1203 5434 1263 5512 ῖξ
1393 5434 1512 5513 *ξξδ
1995 5451 2101 5490 nec
2130 5435 2459 5490 descrimen
2495 5435 2664 5491 illum
2689 5437 2947 5493 notabile
2978 5436 3203 5492 invehit
3258 5434 3399 5489 levis
3441 5434 3640 5505 aliqua

231 5530 365 5581 tolle
396 5527 574 5577 minus
599 5527 920 5589 quadratum

300 5607 334 5641 a
365 5591 553 5653 majori
585 5594 749 5641 restat

1392 5586 1511 5637 1809
1608 5586 1821 5637 3271463

1110 5650 1264 5713 cujus
1293 5650 1441 5713 radix
1473 5653 1552 5713 est
1584 5650 1661 5699 30.
1731 5653 1757 5699 9

222 5718 385 5771 idem
414 5729 578 5780 supra
606 5716 890 5779 probatum
922 5728 1017 5779 per
1046 5711 1398 5778 logaritbmos'
1424 5714 1478 5763 in
1509 5712 1803 5763 doratioue.

1995 5523 2241 5579 mutatio
2274 5522 2602 5579 latitudinis
2633 5524 2809 5591 lunia,
2842 5531 2905 5580 ut
2966 5541 3153 5595 neque
3193 5522 3501 5593 parallaxis
3533 5530 3638 5581 aut

1992 5613 2358 5669 refractionis
2387 5613 2440 5667 in
2477 5614 2756 5667 distantia
2809 5615 2879 5667 ab
2913 5613 3230 5666 horizonte.
3264 5612 3452 5675 Quare
3484 5615 3630 5671 satis

1991 5701 2263 5758 convenit
2318 5701 2598 5767 reductio,
2642 5718 2817 5770 quam
2870 5699 3115 5755 adhibui
3149 5700 3264 5755 dati
3320 5704 3632 5760 meridiani
