3968 6202
306 238 442 295 1171
594 229 603 244 ’
1345 234 1408 285 P.
1449 225 1724 284 POSSINI
1763 224 1994 280 cessa

2129 223 2374 282 YIONUM
2410 226 2542 282 LIB.
2585 228 2683 281 III.
3575 216 3714 273 1172

310 367 384 422 ad
439 365 762 427 Niczenum,
796 364 861 414 ut
907 356 1266 426 intelligatur
1325 353 1516 424 qualis
1575 356 1698 407 tota
1754 350 1955 404 Nicaeae
1984 351 2037 416 Α
2069 351 2311 406 minime
2338 353 2704 406 fortunatum
2736 348 3134 422 portendisse,
3167 360 3302 401 cum
3334 342 3503 401 dixit.
3548 386 3564 412 ,
3595 341 3626 395 ’ὀ
3658 336 3723 410 δὴ

313 453 528 528 partim
560 452 684 506 visa
704 449 916 521 partim
953 446 1141 500 latens
1171 443 1476 500 exstiterit.

2129 438 2425 511 >οεσήμηνὲ
2448 458 2500 494 τι
2532 441 2783 511 σημεῖον.
2815 434 3018 493 ’Ἥλιος
3044 432 3167 509 γάρ,
3199 436 3309 491 etc.

391 572 540 624 714
571 568 672 622 ΧΙ.
705 565 987 620 Caeterum
1022 568 1086 618 ut
1145 561 1289 616 nihil
1343 558 1550 615 merito
1601 557 1964 612 desideretur
2144 547 2264 603 XII.
2309 549 2390 604 Ex
2438 566 2556 620 qua
2605 549 2856 603 duorum
2907 550 3238 610 auctorum,
3287 557 3543 615 quorum
3589 539 3731 596 ecli-

317 660 386 714 ad
421 658 734 729 perfectam
770 671 973 711 eorum
1005 670 1128 723 qua:
1159 653 1228 706 ad
1265 651 1416 705 hanc
1467 646 1731 718 eclipsim
1785 644 1962 717 perti-
2075 653 2211 708 pses
2241 640 2505 709 exposui,
2567 639 2638 694 de
2670 653 2873 692 earum
2921 634 3353 708 signiﬁcatione
3413 629 3730 697 sententia,

313 755 456 804 nent
483 745 960 815 intelligentiam,
1010 747 1195 798 restat
1246 738 1775 797 demonstrandum
1833 732 1966 789 nul-
2076 735 2162 806 [P.
2193 736 2319 808 505]
2353 738 2423 792 ad
2458 735 2676 792 calcem
2710 733 3168 791 dissertationis.
3203 731 3263 786 in
3295 746 3415 802 qua
3445 729 3736 784 hactenus

315 838 441 892 lum
475 837 656 891 alium
706 835 849 891 solis
901 834 1192 888 defectum
1227 831 1382 885 circa
1411 827 1637 883 obitum
1681 821 1966 879 Theodori
2078 825 2425 881 historicum
2456 832 2512 881 et
2538 832 2845 881 astronum
2877 839 3048 895 agere
3081 838 3172 876 me
3215 819 3498 891 oportuit,
3527 832 3731 890 quaeso

321 926 666 997 contigisse,
721 925 815 978 cui
869 920 1244 991 Pachymeris
1295 916 1612 988 descriptio
1663 911 1969 969 convenire
2079 918 2145 968 ut
2173 914 2318 969 mihi
2351 915 2522 971 liceat
2552 915 2840 985 tantisper
2861 929 3031 983 agere
3061 911 3424 982 theologum,
3463 912 3525 964 et
3573 906 3733 962 circa

324 995 531 1090 possit.
566 1015 636 1070 Et
665 1014 773 1069 hoc
807 1013 1044 1084 quidem
1080 1012 1164 1065 sic
1197 1009 1657 1064 demonstratur.
2081 1004 2545 1076 signiﬁcationes
2597 1002 2994 1060 defectionum
3044 1001 3354 1071 utriusque
3407 995 3732 1053 luminaria

2081 1093 2325 1150 definire
2354 1095 2626 1163 breviter,
2659 1097 2718 1148 at
2748 1091 2958 1159 solide,
2991 1091 3129 1162 quid
3155 1089 3530 1146 Christianus
3557 1086 3736 1142 homo

398 1133 634 1189 Certum
653 1136 741 1186 est
773 1147 842 1186 ex
870 1128 1101 1201 legibus
1134 1122 1545 1182 astronomicis
1579 1137 1730 1176 anno
1760 1115 1973 1175 Christi

329 1223 489 1290 1259,
516 1238 629 1293 quo
661 1219 1002 1275 Theodorus
1025 1217 1180 1272 diem
1209 1213 1442 1283 clausit,
1464 1215 1788 1266 extremum
1817 1221 1975 1262 men-

328 1330 388 1368 se
421 1313 682 1381 Augusto
714 1306 1080 1364 novilunium
1117 1309 1239 1360 tam
1275 1303 1532 1359 medium
1571 1314 1747 1372 quam
1776 1310 1974 1351 verum

328 1401 644 1472 contigisse
667 1403 834 1454 nocte
858 1396 1050 1451 media
1078 1394 1234 1449 inter
1253 1392 1552 1447 decimum
1571 1403 1792 1444 nonum
1813 1389 1869 1440 ct
1896 1383 1976 1437 vi-

330 1489 616 1545 cesimum
631 1489 782 1542 diem
797 1486 1063 1556 ejusdem
1079 1483 1336 1549 mensis;
1362 1486 1418 1534 et
1431 1476 1697 1550 quamvis
1722 1472 1976 1528 interdiu

331 1577 670 1643 exstitisset,
703 1574 1038 1646 eclipticum
1069 1577 1264 1627 tamen
1283 1586 1397 1624 non
1430 1568 1662 1633 luisset,
1695 1564 1834 1634 quia
1857 1577 1977 1616 me-

337 1669 470 1724 dius
501 1676 698 1723 motus
747 1665 1076 1720 latitudinis
1109 1662 1261 1717 lunae
1292 1660 1443 1731 sign.
1475 1658 1508 1711 3
1536 1657 1602 1712 G.
1638 1657 1724 1722 11,
1756 1655 1848 1721 36,
1887 1653 1980 1720 51,

338 1757 683 1830 longissime
714 1754 1000 1811 terminos
1031 1751 1332 1824 eclipticos
1365 1743 1861 1820 praetergreditur.

409 1875 650 1932 Constat
682 1887 914 1944 quoque
938 1871 1110 1941 juxta
1138 1867 1375 1922 easdem
1416 1863 1572 1936 leges
1599 1861 1759 1917 aliud
1817 1855 1978 1913 novi-

343 1963 573 2019 lunium
606 1959 937 2033 eclipticum
963 1960 1166 2015 eodem
1201 1973 1354 2012 anno
1386 1957 1519 2008 ante
1551 1965 1812 2006 mensem
1853 1949 1979 2001 Au-

341 2058 579 2127 gustum
612 2049 958 2108 etTheodori
982 2051 1231 2104 mortem
1264 2044 1493 2099 nullum
1517 2038 1812 2096 exstitisse
1839 2052 1983 2107 pras—

340 2124 608 2215 terquam
656 2141 717 2196 in
763 2155 963 2195 mense
1000 2135 1181 2208 Aprili
1213 2135 1306 2189 die
1333 2133 1426 2200 23,
1461 2129 1653 2186 medio
1684 2131 1846 2182 motu
1895 2124 1986 2179 la-

339 2231 612 2288 titudinis
640 2230 792 2286 lunas
815 2229 874 2284 S.
907 2227 973 2283 Ο.
1012 2226 1078 2282 G.
1115 2226 1204 2294 15,
1254 2225 1307 2289 4,
1352 2223 1445 2292 22,
1498 2219 1655 2274 intra
1703 2215 1987 2270 terminos

339 2321 674 2396 possibiles.
733 2318 898 2384 Quod
950 2316 1127 2372 etiam
1182 2313 1317 2386 quia
1375 2305 1799 2396 Nicazzepaulo
1856 2306 1988 2358 ante

340 2394 593 2467 inediam
649 2411 878 2463 noctem
931 2403 1291 2460 celebratum
1343 2404 1453 2466 est,
1513 2395 1652 2452 solis
1699 2394 1988 2449 defectum

340 2497 634 2554 visibilem
689 2513 804 2550 non
862 2493 1146 2549 exhibuit.
1209 2488 1602 2554 Quamobrem
1663 2481 1861 2538 nullus
1925 2497 1990 2536 eo

345 2604 496 2644 anno
524 2585 668 2642 solis
700 2585 966 2639 defectus
996 2585 1169 2652 aptus
1186 2579 1293 2634 fuit
1326 2579 1397 2633 ad
1419 2571 1868 2647 signiﬁcandam
1893 2573 1996 2624 aut

347 2675 736 2732 nuntiandam
788 2670 1076 2726 Theodori
1127 2673 1373 2723 mortem
1409 2683 1422 2720 :
1475 2663 1662 2719 multo
1694 2659 1911 2726 minus,
1945 2658 1996 2712 si

350 2765 484 2837 quis
514 2761 822 2835 contigerit
843 2760 1015 2816 annis
1045 2755 1472 2830 superioribus,
1500 2750 1613 2807 nisi
1634 2749 1685 2805 is
1711 2749 1998 2804 duntaxat

351 2853 454 2927 qui
489 2853 549 2908 in
583 2853 747 2908 aditu
779 2851 910 2922 ejus
941 2846 1173 2920 imperii
1205 2865 1239 2902 a
1267 2845 1621 2916 Pachymere
1650 2840 1998 2908 assumptus

352 2950 409 3002 et
466 2950 586 3001 tam
637 2943 968 2998 horrendus
1020 2938 1370 3010 designatus
1423 2940 1531 3005 est,
1564 2929 1661 3003 qui
1693 2927 1998 2984 etanohis

351 3035 450 3092 hic
483 3034 608 3092 suis
640 3032 816 3089 certis
838 3028 1276 3087 characteribus
1309 3023 1626 3098 insignitus
1655 3025 1709 3076 et
1725 3017 1794 3072 ad
1820 3016 1995 3073 ﬁnem

357 3123 493 3180 anni
521 3127 657 3195 post
685 3121 984 3178 Christum
1017 3119 1157 3175 1255
1190 3117 1438 3191 positus.

421 3240 506 3295 Ad
539 3240 710 3309 cujus
731 3234 1123 3307 chronologiaa
1173 3231 1677 3290 confirmationem
1731 3231 1859 3283 tuto
1911 3238 2004 3279 re-

353 3328 486 3384 ferri
532 3331 784 3398 possunt
815 3325 1088 3380 aliaaduaa
1138 3322 1291 3392 apud
1339 3319 1736 3392 Nicephorum
1767 3316 2004 3384 Grego-

356 3432 480 3471 ram
510 3415 552 3470 l.
587 3431 644 3469 ιχ
672 3413 812 3469 Ηίἐι.
847 3429 895 3468 c.
930 3410 1142 3466 ultimo
1197 3410 1516 3464 observatas
1566 3406 1814 3476 eclipses
1853 3402 2008 3458 circa

355 3509 601 3561 mortem
653 3499 974 3556 Andronici
1023 3497 1296 3567 senioris,
1347 3497 1533 3553 altera
1579 3495 1730 3549 lunae
1783 3508 1850 3548 eo
1876 3490 2006 3562 ipso

359 3595 452 3651 die
503 3609 619 3664 quo
666 3606 800 3647 eum
851 3589 1001 3645 mori
1050 3587 1318 3659 contigit,
1362 3585 1432 3641 12
1495 3583 1792 3641 Februarii
1853 3596 2007 3637 anno

361 3683 573 3740 Christi
595 3681 761 3752 4332,
820 3679 1005 3736 altera
1049 3676 1214 3743 solis,
1247 3694 1375 3750 quae
1404 3679 1491 3732 tot
1517 3673 1725 3732 diebus
1756 3675 2006 3728 mortem

360 3769 732 3845 imperatoris
780 3768 1101 3842 praecessit,
1151 3772 1297 3838 quot
1344 3766 1471 3838 ipse
1530 3765 1703 3821 annis
1752 3763 1813 3817 in
1861 3758 2010 3815 vivis

363 3865 571 3920 fuerat.
603 3859 1013 3928 Ἐπισκότησις,
1059 3854 1488 3929 ἱῑι(]ι]ἰ1ῑ,ἡλιακή
1547 3851 1810 3910 τοσαύτας
1865 3847 2009 3920 ἡμὲ-

361 3973 458 4029 ρας
506 3950 878 4028 προειληφυῖα
931 3949 1029 4017 τὴν
1086 3946 1250 4002 αὐτοῦ
1297 3945 1576 4013 τελευτὴν,
1641 3941 1739 3998 ὅσα
1769 3940 1857 3996 καὶ
1909 3937 2012 3991 αὖ·

360 4026 454 4105 es;
519 4042 585 4111 ἦν
635 4037 728 4111 ἔτη
762 4026 854 4093 se
899 4037 1073 4093 πάντα
1123 4030 1407 4111 βεϐιωκώς
1451 4037 1586 4092 Dies
1645 4026 2006 4106 agnoscendi

363 4138 504 4190 sunt
530 4134 642 4189 74:
690 4131 934 4188 totidem
984 4127 1142 4185 enim
1187 4126 1556 4182 Andronicus
1606 4138 1793 4180 annos
1847 4116 2011 4188 vixit,

364 4224 465 4296 qui
492 4225 563 4278 50
593 4221 712 4277 fere
743 4217 1428 4292 rcgnavit.Septuaginta
1449 4219 1648 4270 autem
1672 4216 1729 4268 et
1759 4211 2015 4296 quatuor

364 4294 490 4368 dies
524 4312 678 4366 inter
707 4309 840 4365 illas
867 4307 1114 4379 eclipses
1157 4307 1621 4361 intercesserunt
1647 4321 1660 4359 :
1691 4316 1826 4357 nam
1870 4294 2014 4352 solis

367 4400 611 4473 quidem
644 4399 799 4454 facta
848 4401 939 4454 est
967 4397 1037 4452 30
1093 4396 1186 4451 die
1223 4393 1568 4450 Novembris
1618 4407 1770 4447 anno
1801 4382 2014 4443 Christi

385 4492 520 4546 1331
553 4492 613 4546 in
644 4489 967 4557 novilunio,
1019 4486 1176 4558 quod
1221 4490 1362 4540 tunc
1410 4483 1656 4551 exstitit,
1705 4481 1854 4536 lunae
1882 4483 2018 4533 vero

370 4581 432 4636 in
461 4579 806 4653 plenilunio,
841 4577 998 4649 quod
1029 4573 1276 4646 contigit
1305 4589 1456 4628 anno
1488 4575 1768 4644 sequente
1802 4569 1869 4623 12
1907 4568 2010 4623 Fe-

372 4669 620 4726 bruarii.
662 4669 733 4724 Et
782 4668 863 4723 ita
900 4683 1001 4722 eas
1057 4662 1270 4720 tabulae
1313 4666 1525 4718 nostra:
1571 4661 2009 4732 repraesentant.

373 4763 441 4815 Et
487 4756 774 4815 Calvisius
818 4755 878 4812 in
923 4751 1312 4824 Chronologia
1361 4768 1514 4807 anno
1547 4749 1756 4806 Christi
1791 4747 1922 4802 1331
1959 4748 2016 4801 et

379 4849 516 4906 l332
573 4847 826 4921 priorem
886 4845 1158 4900 observat
1209 4843 1278 4896 3O
1334 4841 1677 4898 Novembris
1736 4839 1828 4895 die
1868 4841 2013 4896 festo

374 4940 434 4996 S.
468 4939 724 5007 Andrem,
757 4939 814 4992 et
839 4937 972 5008 post
1003 4933 1127 4988 dies
1153 4932 1223 4985 74
1272 4935 1536 4986 secutam
1585 4931 1665 4987 ait
1705 4929 2011 4986 Andronici

373 5034 622 5086 mortem
649 5027 741 5083 die
766 5027 834 5080 12
867 5020 1191 5091 Februarii,
1238 5019 1402 5075 nulla
1432 5021 1731 5076 mentione
1777 5019 2013 5092 eclipsis

368 5121 520 5176 lenm
580 5117 804 5184 habita,
867 5130 1002 5170 cum
1059 5117 1253 5167 tamen
1294 5109 1686 5181 Nicephorum
1714 5116 2008 5166 auctorem

368 5211 589 5278 laudet,
614 5207 716 5281 qui
748 5204 1058 5273 utriusque
1089 5201 1306 5256 diserte
1323 5199 1668 5255 meminitet
1699 5204 2013 5272 utramque

369 5300 534 5375 ponit
580 5300 732 5354 inter
793 5296 961 5367 signa
1007 5293 1258 5346 mortem
1312 5289 1683 5361 imperatoris
1730 5289 2010 5344 divinitus

369 5374 850 5465 praenuntiantia,
883 5398 1018 5439 cum
1047 5380 1149 5450 ait,
1209 5382 1546 5454 «postquam
1595 5374 1802 5431 πολλαὶ
1847 5395 2010 5452 προε-

375 5483 614 5553 μήνυσαν
680 5494 796 5550 quo
853 5469 1130 5531 similiter
1186 5470 1358 5525 modo
1416 5467 1800 5538 Pachymeres
1827 5467 2014 5522 voluit

373 5572 667 5628 detectum
691 5567 832 5624 solis
867 5582 901 5620 a
930 5579 991 5620 se
1021 5561 1406 5630 descriptum,
1438 5561 1495 5612 et
1516 5574 1547 5610 a
1570 5556 1738 5611 nobis
1771 5555 2008 5611 affixum

373 5661 434 5714 in
497 5661 654 5715 aditu
719 5654 947 5729 imperii
1006 5648 1490 5716 Theodori,7l5
1553 5646 1720 5700 breve
1777 5645 1925 5701 illud
1956 5650 2015 5702 et

2083 1183 2291 1239 debeat
2317 1188 2421 1239 aut
2442 1183 2630 1254 possit
2647 1180 2736 1238 vel
2769 1181 2992 1237 sentire
3023 1179 3282 1251 legitime
3311 1177 3403 1233 vel
3436 1177 3496 1231 in
3551 1191 3732 1230 usum

2085 1273 2363 1328 adhibere
2391 1272 2517 1328 sine
2545 1271 2686 1327 vitio
2715 1269 3052 1326 timiditatis
3082 1273 3184 1324 aut
3230 1269 3358 1323 sine
3417 1283 3568 1322 noxa
3625 1281 3737 1320 su-

2087 1362 2472 1434 perstitionis,
2505 1377 2752 1433 quorum
2781 1359 3034 1414 alterum
3071 1358 3340 1413 humanae
3371 1353 3738 1422 fortitudini,

2087 1452 2338 1508 alterum
2362 1450 2705 1507 Christianas
2737 1447 3008 1520 religioni
3038 1449 3344 1519 repugnat.

2164 1567 2352 1623 Unum
2383 1566 2566 1636 igitur
2598 1564 2706 1620 hoc
2740 1562 3078 1636 pronuntio,
3111 1561 3360 1633 eclipses
3386 1558 3529 1616 solis
3564 1559 3615 1614 ei
3655 1557 3741 1613 lu-

2091 1673 2176 1712 nas
2209 1671 2338 1711 esse
2382 1656 2645 1710 defectus
2704 1651 3026 1718 naturales,
3085 1651 3177 1706 vel
3235 1649 3474 1706 luminis
3507 1649 3570 1703 in
3602 1646 3746 1720 ipsa

2010 1716 2057 1782 B
2086 1745 2224 1801 luna
2256 1744 2314 1800 in
2346 1745 2618 1800 umbram
2659 1747 2825 1798 terra:
2876 1742 3236 1809 incurrente,
3286 1737 3375 1794 vel
3427 1737 3744 1792 radiorum

2087 1834 2229 1891 solis
2261 1834 2317 1888 in
2351 1837 2526 1897 terra,
2559 1832 2697 1887 luna
2743 1849 2806 1888 se
2859 1831 3014 1885 inter
3064 1834 3382 1899 utrumque
3413 1826 3748 1898 injiciente.

2088 1926 2233 1980 Tam
2265 1921 2566 1978 naturales
2595 1925 2860 1977 autemet
2890 1921 3172 1976 ordinatae
3205 1924 3340 1973 sunt
3368 1915 3755 1987 conjunctio-

2089 2032 2193 2072 nes
2224 2018 2283 2070 et
2310 2011 2705 2084 oppositiones
2732 2010 3220 2081 eolipticaa,quam
3249 2011 3389 2062 sunt
3410 2005 3523 2078 ipsi
3543 2009 3752 2060 motus

2089 2103 2480 2160 luminarium
2509 2106 2568 2156 et
2596 2100 2836 2172 syzygia:
2870 2117 2986 2154 non
3017 2096 3319 2168 eclipticee,
3371 2111 3556 2168 quam
3587 2099 3747 2150 sunt

2093 2193 2218 2248 dies
2249 2195 2306 2248 et
2336 2193 2554 2257 noctes,
2581 2206 2756 2260 quam
2790 2185 3046 2243 solstitia
3069 2190 3126 2241 et
3154 2183 3526 2257 aequinoctia,
3561 2199 3752 2255 quam

2096 2298 2328 2338 menses
2386 2285 2444 2336 et
2491 2279 2666 2335 anni:
2699 2279 2957 2350 pendent
2985 2276 3142 2332 enim
3174 2273 3297 2331 hec
3326 2273 3528 2331 omnia
3561 2272 3753 2328 simili

2095 2373 2268 2428 modo
2301 2388 2334 2426 a
2357 2367 2689 2442 primalege
2717 2371 2773 2422 et
2803 2365 3171 2422 ordinatione
3201 2362 3750 2434 conditoris,quam

2098 2461 2257 2518 cmlis
2305 2464 2364 2517 et
2418 2457 2713 2514 sideribus
2769 2453 3130 2527 praescripsit
3173 2453 3244 2509 ab
3297 2451 3461 2508 initio
3509 2451 3760 2507 molitor

2103 2552 2277 2617 Deus,
2327 2563 2506 2619 quam
2548 2546 2737 2618 legem
2785 2549 3154 2601 constantem
3201 2548 3260 2600 et
3287 2541 3638 2598 inviolatam
3665 2557 3761 2596 res

2104 2642 2310 2694 creatas
2368 2639 2751 2702 conservant;
2812 2651 2940 2706 qua:
2999 2649 3182 2688 causa
3232 2638 3322 2689 est
3362 2647 3468 2688 cur
3496 2631 3760 2702 eclipse:

2107 2722 2931 2799 praedicanturinfaillibiliter
2963 2739 2996 2777 a
3053 2721 3254 2794 peritis
3317 2736 3448 2776 cum
3499 2718 3763 2774 circum-

2112 2815 2348 2871 stantiis
2405 2811 2833 2886 magnitudinis
2893 2819 2950 2867 et
3001 2808 3597 2876 durationis,habita
3625 2823 3766 2862 exa-

2111 2897 2386 2961 ctissima
2409 2903 2639 2959 ratione
2659 2908 2994 2973 temporum
3024 2903 3083 2955 et
3115 2897 3402 2965 locorum,
3435 2897 3494 2952 in
3539 2897 3766 2968 quibus

2112 2994 2225 3050 illa;
2243 2993 2610 3064 contingunt.
2646 2990 2879 3046 Accedit
2909 2989 3066 3062 quod
3113 3004 3397 3044 numerus
3449 2986 3767 3058 eclipsium

2027 3080 2071 3148 C
2109 3100 2361 3157 magnus
2392 3083 2469 3138 sit
2497 3085 2555 3138 et
2583 3097 2863 3137 occursus
2894 3080 3215 3150 frequens:
3247 3081 3530 3149 quatuor,
3583 3076 3770 3132 inter-

2113 3176 2255 3230 dum
2279 3177 2335 3228 et
2363 3171 2560 3244 plures
2592 3186 2695 3242 per
2721 3167 2990 3240 singulos
3041 3185 3231 3223 annos
3259 3167 3434 3235 ﬁunt,
3467 3168 3524 3220 et
3574 3165 3704 3234 jam
3735 3180 3769 3218 a

2114 3264 2321 3321 mundi
2352 3261 2586 3319 exordio
2617 3259 2752 3333 plus
2782 3275 2962 3331 quam
2996 3259 3242 3315 vicesies
3273 3256 3437 3314 mille
3461 3253 3767 3312 numerari

2113 3357 2383 3428 possunt.

2184 3462 2397 3518 Eadem
2439 3474 2610 3530 porro
2664 3455 3057 3526 Providentia,
3117 3471 3244 3527 quas
3276 3453 3412 3509 fecit
3450 3452 3513 3508 in
3541 3451 3761 3508 mundo

2113 3551 2230 3606 duo
2281 3549 2403 3604 hzec
2453 3545 2768 3603 luminaria
2811 3559 3047 3617 magna,
3096 3544 3379 3599 luminare
3434 3543 3640 3614 majus,
3705 3547 3765 3594 ut

2112 3646 2364 3713 prxesset
2391 3635 2524 3703 diei,
2557 3638 2608 3689 et
2637 3632 2917 3689 luminare
2937 3633 3143 3697 minus,
3169 3639 3230 3687 ut
3285 3634 3556 3704 praeesset
3599 3629 3760 3698 nodi,

2113 3733 2174 3784 ut
2200 3729 2440 3784 lacerent
2467 3740 2634 3796 super
2663 3727 2869 3780 terram
2895 3726 2946 3778 et
2974 3720 3283 3777 dividerent
3318 3721 3498 3775 lucem
3529 3735 3565 3774 α
3618 3723 3762 3773 tene-

2117 3820 2230 3875 bris
2260 3818 2412 3888 (Gen.
2453 3818 2514 3885 ι),
2547 3813 2754 3870 eadem
2800 3810 3024 3884 pariter
3087 3827 3194 3868 sua
3239 3809 3508 3866 bonitate
3567 3812 3626 3864 et
3675 3823 3764 3862 sa-

2114 3905 2334 3980 pientia
2362 3906 2555 3960 motus
2587 3916 2789 3957 eorum
2821 3904 2879 3956 et
2905 3899 3324 3956 conversiones
3375 3897 3668 3954 ordinavit
3693 3894 3762 3950 ad

2117 3996 2341 4054 felicem
2373 3993 2576 4050 mundi
2618 3989 3132 4064 gubernationem,
3183 3989 3255 4046 ad
3295 3987 3621 4045 electorum
3666 4001 3760 4040 sa-

2117 4086 2298 4142 lutem
2333 4088 2391 4140 et
2421 4098 2590 4138 suam
2623 4079 2871 4152 gloriam
2905 4100 2921 4149 ;
2956 4095 3062 4135 nec
3119 4077 3365 4134 dubium
3409 4077 3556 4148 quin
3604 4076 3757 4146 ipsas

2119 4172 2561 4248 conjunctiones
2585 4167 3096 4241 et,‘oppositiones,
3127 4168 3268 4223 solis
3300 4172 3358 4222 et
3401 4167 3550 4222 lunae
3609 4162 3762 4219 dcte-

2118 4271 2249 4322 ctus
2277 4266 2336 4318 et
2363 4257 2853 4326 illuminationes,
2870 4256 3246 4314 constituerit
3266 4256 3323 4310 in
3346 4267 3762 4324 numero,pon-

2121 4338 2256 4414 dere
2285 4357 2342 4409 et
2367 4366 2666 4417 mensura,
2700 4363 2882 4419 quam
2915 4345 3142 4404 sciebat
3171 4352 3227 4403 et
3251 4345 3487 4402 volebat
3517 4345 3760 4400 humano

2047 4450 2097 4512 Ι)
2128 4443 2324 4521 generi
2351 4443 2422 4498 ad
2453 4439 2703 4496 salutem
2728 4441 2786 4495 et
2817 4436 3152 4496 felicitatem
3183 4437 3574 4510 profuturam.

2187 4552 2339 4609 XIII.
2385 4549 2468 4605 Ex
2497 4547 2607 4602 hoc
2637 4561 2756 4602 uno
2812 4544 3194 4617 pronuntiato
3247 4543 3478 4600 tollitur
3517 4537 3758 4598 admira-

2120 4641 2319 4698 bilitas
2358 4643 2414 4695 et
2443 4635 2600 4708 vulgi
2624 4635 2863 4707 quidam
2897 4638 3124 4705 stupor,
3150 4634 3250 4706 qui
3282 4633 3532 4705 eclipses
3561 4644 3755 4687 conse-

2122 4731 2367 4803 quitur:
2427 4725 2616 4782 oritur
2669 4721 2825 4780 enim
2885 4739 2955 4778 ex
2977 4721 3309 4794 ignorantia
3348 4737 3486 4778 cum
3517 4720 3755 4793 quadam

2123 4819 2374 4875 novitate
2403 4819 2462 4874 et
2486 4813 2723 4869 raritate
2754 4811 2908 4884 apud
2941 4827 3042 4867 eos
3073 4812 3172 4883 qui
3201 4826 3307 4867 nec
3336 4826 3539 4866 earum
3559 4821 3751 4865 causas

2120 4907 2462 4979 intelligunt
2491 4919 2596 4958 nec
2625 4917 2725 4958 eas
2757 4899 2972 4973 saepius
3017 4901 3420 4967 observarunt,
3459 4915 3591 4956 cum
3621 4911 3750 4952 con-

2120 5001 2212 5054 tra
2243 4995 2538 5069 sapientes
2569 4995 2626 5047 et
2655 4989 2809 5046 docti
2844 5005 2945 5045 eas
2996 4989 3125 5046 suis
3162 4991 3530 5062 temporibus
3575 4983 3744 5043 securi

2120 5091 2476 5158 exspectent,
2525 5085 2584 5138 et
2613 5079 2919 5136 occasione
2965 5079 3026 5134 in
3057 5081 3432 5136 commodum
3489 5088 3746 5134 conversa

2121 5178 2328 5234 eﬂ'ectu
2364 5174 2511 5229 bene
2573 5174 2836 5234 utantur,
2867 5171 2926 5223 et
2980 5167 3326 5240 perniciem,
3354 5168 3405 5224 si
3437 5184 3553 5240 qua
3579 5160 3744 5222 credi-

2122 5272 2218 5322 tur
2245 5262 2578 5330 imminere,
2616 5262 2801 5314 totam
2831 5257 2890 5312 in
2913 5257 3114 5316 hostes
3146 5257 3425 5318 derivent.

2194 5381 2282 5437 Ita
2308 5379 2446 5436 olim
2497 5375 2787 5450 Sulpitius
2837 5371 3060 5442 Gallus,
3114 5377 3178 5429 ut
3225 5373 3487 5430 referunt
3546 5370 3736 5434 Livius,

2124 5471 2166 5526 Ι.
2198 5486 2348 5526 XLIV.
2381 5471 2435 5524 et
2467 5465 2618 5523 Plut.
2653 5465 2712 5520 in
2747 5462 2918 5521 Paulo
2943 5461 3196 5534 Ai‘milio,
3225 5462 3297 5519 de
3325 5461 3545 5536 insigni
3574 5459 3736 5518 defec-

2120 5560 2278 5615 tione
2337 5559 2511 5626 lunas,
2572 5570 2747 5626 quam
2804 5550 3143 5624 prmvidcrat
3200 5552 3353 5607 740
3400 5553 3457 5608 in
3509 5549 3731 5607 exercitu

2123 5649 2409 5714 Romano,
2440 5646 2500 5702 in
2532 5662 2647 5717 quo
2678 5642 2959 5699 tribunus
2995 5643 3107 5697 sub
3164 5641 3516 5714 imperatore
3533 5635 3731 5700 zEmilio
