3968 6202
264 241 405 299 1173

1695 246 2310 302 CHRONOLOGICUS.

3540 242 3673 296 1174

256 368 439 425 Paulo
473 367 791 435 militabat,
824 368 1103 426 concione
1141 369 1345 426 habita
1373 386 1513 427 suos
1544 371 1614 425 ad
1648 386 1907 442 pugnam
1944 377 1996 439 Α
2028 372 2339 443 perniciem
2374 370 2611 435 creavit,
2644 374 2708 425 ut
2740 366 3087 423 Plutarchus
3120 373 3321 424 narrat
3344 368 3401 422 in
3424 369 3551 439 ejus
3573 368 3671 422 Vi-

256 457 542 513 instruxit
600 456 918 528 docuitque
978 473 1187 513 causas
1245 457 1555 529 eclipsium
1612 462 1668 511 et
1724 462 1911 513 certos

255 550 501 601 eventus
551 545 678 601 suis
726 547 1097 616 temporibus
1155 548 1543 614 necessarios,
1592 551 1711 601 tam
1759 546 1911 601 felici

256 641 465 691 eventu
505 639 571 690 ut
598 637 668 691 ab
702 636 787 691 eis
818 636 1128 691 abstulerit
1158 653 1371 691 vanum
1423 637 1590 691 illum
1636 637 1909 691 timorem

253 724 351 795 qui
373 742 443 779 ex
467 728 546 779 rei
572 725 826 781 novitate
858 729 914 779 et
946 725 1259 782 insolentia
1289 726 1425 781 oriri
1454 725 1601 781 solet
1629 726 1908 798 ignoran—

251 814 434 881 tibus,
488 819 545 869 et
588 831 722 870 eum
773 816 1072 886 pugnandi
1124 816 1390 870 ardorem
1437 816 1659 871 edoctis
1695 821 1752 869 et
1780 817 1906 869 vin-

2021 463 2080 515 ta
2108 471 2162 515 et
2192 461 2377 515 Thuc.
2413 459 2451 513 l.
2486 476 2584 514 νιι.

2093 549 2342 605 Felicius
2416 549 2768 622 Agathocles
2835 554 2892 604 et
2970 548 3223 615 acutius,
3295 546 3435 601 dum
3512 546 3665 600 clas-

2021 654 2141 693 sem
2180 638 2237 692 in
2269 639 2517 693 Africam
2547 638 2835 709 trajiceret
2884 642 2939 692 et
2981 636 3272 691 horrenda
3301 635 3443 689 solis
3475 636 3664 689 defec-

2018 727 2097 781 tio
2141 728 2543 794 intercederet,
2570 729 2696 782 suis
2730 732 2887 782 metu
2918 726 3179 793 dcjectis,
3214 725 3295 779 nil
3330 724 3660 779 timendum

2018 833 2050 870 a
2082 816 2346 889 prodigio
2381 818 2680 885 professus
2712 821 2801 871 est
2832 816 2903 869 iis
2935 815 3031 887 qui
3058 817 3181 885 jam
3230 815 3284 867 in
3340 830 3515 867 cursu
3566 828 3664 865 es-

251 903 422 958 cendi
451 903 687 975 cupidis
717 903 938 975 injecit,
970 920 1039 958 ex
1069 920 1185 974 quo
1221 903 1393 974 plena
1424 904 1662 959 victoria
1696 904 1909 959 Roma-
2014 909 2147 959 sent
2171 922 2182 957 :
2209 905 2257 960 si
2290 905 2617 976 deliquium
2650 910 2963 975 antequam
2989 908 3155 969 portu
3185 902 3501 957 solvissent
3522 916 3662 955 con-

251 991 347 1047 nis
396 993 607 1061 evenit,
643 1009 777 1048 cum
821 998 1026 1048 contra
1056 993 1112 1048 in
1146 992 1354 1048 castris
1388 993 1771 1049 Macedonum
1805 1011 1904 1047 no-

247 1080 398 1136 vitas
428 1086 487 1136 et
526 1081 861 1153 ignorantia
892 1082 1091 1138 fecerit
1123 1098 1214 1138 res
1244 1086 1308 1137 ut
1336 1099 1404 1137 ea
1437 1083 1687 1154 prodigii
1724 1084 1908 1137 instar

244 1168 583 1236 haberetur,
616 1175 672 1225 et
704 1170 940 1241 eclipsis
970 1171 1097 1226 visa
1126 1171 1462 1226 existimata
1506 1172 1583 1227 sit
1628 1188 1904 1242 praenun-

2014 994 2263 1065 tigisset,
2310 995 2640 1049 timendum
2692 996 2834 1049 forte
2874 993 3077 1060 videri,
3130 993 3229 1046 sed
3279 990 3552 1045 euntibus
3602 992 3660 1044 et

2015 1088 2294 1156 prieterea
2318 1084 2514 1138 minus
2542 1082 2849 1138 fortunatis
2874 1081 3087 1137 Siculis
3115 1080 3260 1134 nihil
3283 1079 3511 1135 adversi
3538 1094 3657 1133 me-

2011 1173 2336 1240 tuendum;
2370 1172 2443 1227 iis
2476 1177 2671 1227 autem
2704 1174 2775 1226 ad
2807 1188 2953 1243 quos
2978 1171 3192 1235 ibatur,
3225 1173 3281 1224 et
3311 1169 3656 1224 ﬂorentibus

248 1257 339 1313 tia
384 1258 530 1330 fuga
573 1263 632 1314 et
679 1260 1026 1316 defectionis
1075 1260 1291 1330 Persei,
1325 1277 1499 1331 quam
1552 1260 1903 1317 Macedonia:
2008 1262 2595 1333 Carthaginiensibus
2629 1261 2870 1315 fortuna:
2905 1260 3314 1325 mutationem,
3348 1258 3394 1311 si
3428 1274 3544 1327 qua
3586 1273 3655 1311 ex

250 1346 448 1403 clades
476 1353 566 1403 est
595 1354 930 1405 consecuta.

316 1449 404 1501 Ita
436 1462 624 1515 nuper
664 1446 1128 1519 ChristOphorus
1159 1450 1485 1505 Columbus
1533 1466 1687 1504 anno
1736 1448 1901 1504 Chri-

239 1534 318 1590 sti
350 1535 512 1603 1493,
541 1552 673 1590 cum
725 1535 1141 1593 alimentorum
1192 1538 1393 1610 inopia
1446 1538 1763 1604 laboraret,
1798 1553 1900 1593 nec

239 1629 444 1695 posset
465 1642 497 1679 a
521 1624 1015 1696 Jamaicensibus,
1034 1628 1187 1698 apud
1216 1645 1362 1700 quos
1385 1628 1590 1683 classis
1615 1628 1896 1697 Hispana,

237 1714 335 1768 cui
384 1718 648 1785 praeerat,
701 1716 1022 1787 appulerat.
1064 1718 1120 1771 vi
1170 1722 1224 1773 et
1277 1718 1546 1789 precibus
1605 1716 1885 1772 auxilium
1920 1734 1968 1801 Β

234 1802 576 1874 impetrare,
606 1821 748 1860 usus
788 1811 879 1861 est
926 1806 1173 1862 scientia
1221 1809 1498 1878 proximas
1540 1807 1795 1879 eclipsis.
1831 1812 1888 1861 et

232 1892 507 1947 barbaris
556 1894 686 1963 ejus
735 1895 956 1965 ignaris
1004 1901 1223 1965 pestem
1273 1897 1735 1967 impendentem,
1774 1896 1887 1951 nisi

234 1997 408 2053 opem
439 1982 676 2049 ferrent,
710 1987 970 2040 minatus
1020 1984 1174 2039 diem
1208 1989 1265 2040 et
1296 1985 1498 2040 horam
1546 1985 1889 2041 defectionis

233 2071 395 2127 lunae
425 2073 627 2142 edixit,
654 2091 766 2144 quo
808 2074 895 2129 illi
939 2075 1201 2146 prodigio
1246 2076 1495 2147 perculsi
1546 2082 1601 2131 et
1652 2077 1891 2148 gravius

234 2160 462 2233 aliquid
485 2166 810 2219 metuentes
833 2164 902 2219 ad
928 2164 1276 2221 Columbum
1302 2166 1467 2236 quasi
1493 2183 1602 2221 sua
1623 2166 1893 2221 inhuma-

234 2250 421 2306 nitate
475 2251 762 2307 otl'ensum
808 2254 1039 2324 copioso
1082 2254 1355 2311 instructi
1386 2260 1715 2311 commeatu
1749 2272 1891 2325 sup-

235 2339 427 2411 plices
446 2345 749 2409 venerunt,
778 2346 835 2397 et
858 2342 1086 2398 veniam
1121 2342 1349 2400 facilius
1370 2362 1546 2417 quam
1576 2345 1894 2416 sperabant

233 2445 349 2484 sua
377 2428 727 2485 liberalitate
760 2431 1172 2503 impetrarunt.

311 2528 394 2597 [P.
422 2528 575 2599 506.]
608 2530 694 2584 Ita
735 2530 1015 2586 Claudius
1065 2531 1400 2603 imperator,
1433 2536 1499 2586 ut
1546 2532 1723 2587 habet
1772 2532 1893 2597 Dio,

238 2614 283 2669 l.
310 2631 392 2683 v1,
422 2633 557 2672 cum
579 2623 876 2675 vereretur
897 2636 967 2675 ne
989 2619 1132 2675 solis
1158 2621 1404 2676 defectio
1438 2622 1634 2676 futura
1665 2620 1756 2675 die
1787 2638 1894 2675 suo

237 2703 432 2760 natali
463 2722 617 2762 anno
650 2707 879 2779 imperii
912 2709 1115 2782 quinto
1159 2711 1479 2765 tumultum
1515 2711 1703 2765 Romae
1732 2725 1895 2778 pare-

240 2798 339 2851 ret
381 2812 450 2851 ex
492 2796 822 2868 ignorantia
842 2804 898 2855 et
925 2800 1180 2855 novitate
1203 2801 1414 2869 juncta
1436 2816 1584 2854 vano
1617 2799 1808 2855 timori
1841 2803 1898 2853 et

227 2884 885 2959 Opinionivulgi,quod
931 2905 998 2944 ea
1055 2888 1224 2960 signa
1275 2892 1473 2944 essent
1531 2888 1897 2960 principibus

233 2974 529 3039 infausta,
564 2975 800 3046 publico
841 2977 1028 3032 edicto
1060 2983 1265 3033 notum
1294 2977 1479 3032 voluit
1511 2981 1646 3032 ante
1676 2976 1900 3045 aliquot

235 3062 374 3118 dies
408 3063 735 3134 deliquium
786 3065 929 3121 illud
979 3066 1541 3137 futurum,insuper
1578 3070 1635 3120 et
1686 3081 1893 3120 causas

236 3152 400 3221 ejus,
450 3155 839 3222 quantitatem
873 3164 926 3210 et
960 3156 1330 3211 duratiouem
1363 3154 1630 3226 exposuit
1660 3158 1781 3209 tam
1813 3152 1893 3208 di-

234 3241 459 3297 stincte
490 3247 548 3298 et
576 3242 1047 3314 intelligibiliter,
1082 3250 1145 3299 ut
1174 3263 1242 3301 eo
1273 3244 1396 3300 viso
1446 3261 1615 3300 nemo
1667 3244 1900 3298 timeret

236 3335 347 3386 aut
379 3331 725 3399 minaretur,
759 3349 963 3388 omnes
1007 3334 1378 3406 imperatoris
1419 3334 1769 3406 sapientiam
1801 3349 1896 3388 ve-

236 3424 616 3476 nerarentur.

318 3518 473 3575 XIV.
506 3519 760 3575 Tollitur
787 3525 1066 3591 praeterea
1106 3521 1300 3577 inanis
1348 3521 1449 3576 illa
1493 3521 1707 3592 opinio,
1743 3521 1893 3592 quod

234 3606 496 3679 eclipses
525 3608 650 3664 orbi
704 3616 974 3674 noceant,
1002 3611 1157 3681 quod
1191 3610 1405 3679 clades,
1435 3616 1627 3681 pestes
1658 3616 1714 3665 et
1744 3610 1897 3665 bella

236 3695 446 3767 regnis
476 3698 816 3768 important,
848 3699 1000 3767 quod
1032 3699 1363 3754 vastitatem
1395 3704 1453 3754 et
1482 3699 1895 3755 subversiones

235 3784 630 3857 imperiorum
663 3803 728 3843 ac
761 3786 1060 3859 religionis
1091 3788 1179 3842 vel
1212 3787 1469 3843 efﬁciant
1499 3790 1583 3843 vel
1619 3804 1894 3859 praenun-

236 3874 412 3930 tient.
458 3874 751 3931 Damnum
807 3876 962 3931 enim
1014 3877 1405 3948 quodcunque
1454 3880 1611 3931 creat
1658 3875 1894 3947 eclipsis

232 3962 296 4017 in
352 3962 584 4019 modica
627 3965 863 4032 jactura
911 3964 1060 4021 lucis
1092 3971 1149 4021 et
1179 3966 1419 4021 benefici
1472 3966 1729 4020 inﬂuxus
1778 3982 1891 4020 non

230 4052 551 4108 admotum
595 4053 875 4110 diuturna
904 4056 1193 4110 consistit.
1230 4055 1363 4110 Plus
1394 4070 1545 4126 saepe
1577 4054 1750 4109 unica
1779 4070 1894 4109 nox

230 4145 343 4197 aut
374 4141 505 4197 dies
536 4142 773 4213 pluvius
804 4146 1026 4199 mundo
1066 4144 1215 4200 lucis
1259 4146 1458 4200 amicae
1507 4149 1564 4200 et
1609 4144 1892 4215 benigna-

232 4248 372 4286 rum
414 4231 858 4288 inﬂuentiarum
889 4234 1065 4305 eripit
1094 4251 1272 4305 quam
1304 4233 1549 4305 eclipses
1580 4234 1803 4301 decem,
1836 4239 1894 4289 et

231 4319 543 4391 sapienter
568 4319 729 4378 visus
784 4326 873 4378 est
921 4338 1093 4395 agere
1138 4324 1410 4390 Pericles,
1443 4324 1726 4379 referente
1758 4322 1891 4379 Plu-

233 4408 443 4464 tarcho
485 4408 545 4464 iu
594 4411 724 4480 ejus
756 4411 897 4477 vita,
929 4412 1027 4483 qui
1059 4412 1225 4467 navis
1258 4412 1647 4485 imperatorias
1675 4413 1889 4484 guber-

2010 1350 2224 1407 talibus
2280 1351 2468 1423 signis
2526 1351 3006 1422 portendebatur,
3059 1364 3187 1404 esse
3236 1347 3652 1418 pertimescen-

2008 1441 2166 1496 dam.

2079 1531 2204 1587 Non
2251 1535 2462 1587 nocent
2499 1530 2764 1601 eclipses,
2794 1530 2908 1585 nisi
2940 1529 3092 1599 quod
3128 1530 3376 1582 noceant
3406 1525 3653 1597 opinan—

2004 1620 2201 1688 tibus;
2256 1620 2399 1675 nihil
2433 1638 2499 1675 ex
2529 1638 2587 1676 se
2620 1620 2755 1675 mali
2809 1619 3064 1673 fundunt
3095 1616 3179 1672 sol
3207 1620 3263 1671 et
3290 1616 3428 1670 luna
3461 1614 3649 1685 magis

2005 1710 2065 1764 in
2088 1709 2556 1781 oppositionibus
2579 1714 2635 1763 et
2660 1709 2899 1779 synodis
2933 1723 3107 1779 quam
3140 1710 3295 1761 extra
3328 1705 3479 1760 illas.
3504 1710 3650 1758 Con-

2004 1798 2125 1853 dita
2174 1802 2312 1853 sunt
2370 1798 2491 1851 hinc
2549 1797 2743 1852 sidera
2773 1814 2805 1849 τι
2836 1797 2988 1850 bono
3042 1793 3287 1849 Domino
3320 1798 3375 1848 et
3406 1798 3646 1863 parente

1998 1889 2253 1943 universi
2275 1886 2764 1953 clementissimo;
2789 1886 3191 1957 gubernantur
3210 1899 3387 1937 manu
3411 1882 3639 1952 sapien-

1997 1976 2228 2032 tissima
2259 1977 2330 2031 ad
2361 1976 2617 2031 filiorum
2649 1974 2954 2029 commoda
2975 1977 3031 2028 et
3052 1972 3323 2027 salutem.
3348 1970 3635 2025 Defectio-

1999 2083 2103 2122 nes
2135 2067 2369 2137 quando
2396 2065 2766 2136 contingunt,
2801 2060 3097 2117 naturales
3130 2064 3269 2115 sunt
3288 2063 3345 2113 et
3366 2059 3635 2113 innoxire.

1998 2159 2122 2209 Non
2150 2158 2341 2224 pestes
2369 2156 2672 2223 generant,
2705 2167 2820 2205 non
2870 2148 3021 2203 bella
3071 2147 3245 2216 cient,
3278 2162 3389 2201 non
3425 2150 3642 2199 mortes

2000 2244 2335 2316 principum
2368 2241 2743 2303 annuntiant,
2772 2256 2886 2294 non
2919 2242 3249 2309 temporum
3273 2234 3644 2291 calamitates

2002 2338 2103 2390 aut
2136 2349 2446 2404 regnorum
2476 2330 2888 2387 conversiones
2920 2328 3243 2382 minantur.

2072 2430 2158 2485 Ab
2188 2429 2315 2501 ipso
2351 2430 2556 2484 mundi
2596 2428 2831 2484 exordio
2883 2424 3153 2496 eclipses,
3186 2427 3251 2477 ut
3277 2424 3448 2477 modo
3481 2422 3648 2483 fiunt,

2004 2521 2323 2589 eademque
2353 2518 2479 2589 lege
2523 2524 2580 2573 et
2628 2516 2831 2572 ordine
2864 2519 2920 2570 et
2950 2531 3193 2569 numero
3229 2511 3480 2577 fiebant;
3512 2515 3569 2564 et
3598 2508 3649 2563 si

2005 2608 2247 2680 Keplero
2278 2608 2557 2674 creditur,
2586 2606 2670 2662 sol
2705 2607 2829 2677 ipse
2879 2605 3009 2660 fons
3056 2602 3205 2658 lucis
3254 2606 3311 2656 et
3359 2601 3647 2655 bonorum

2006 2698 2293 2766 omnium,
2328 2696 2532 2751 mundi
2582 2695 2787 2749 oculus
2818 2694 3137 2759 beneficus,
3170 2691 3443 2746 conditus
3470 2693 3559 2743 est
3589 2688 3647 2742 in

2004 2787 2207 2859 eclipsi
2268 2787 2532 2855 subjecta
2584 2784 2812 2839 lunain
2848 2782 3033 2855 primo
3093 2781 3272 2851 gradu
3331 2778 3557 2843 Cancri,
3589 2777 3649 2831 in

2005 2876 2205 2931 testivo
2229 2874 2479 2929 solstitio
2504 2873 2704 2928 multis
2725 2873 2920 2926 Africae
2943 2870 3280 2941 regionibus
3303 2868 3443 2921 solis
3478 2883 3650 2937 aspe-

2006 2970 2165 3021 ctum
2197 2964 2551 3034 impediente
2578 2979 2590 3015 ε
2614 2962 2748 3032 quis
2783 2961 2863 3014 ita
2894 2959 3153 3014 sentiens
3185 2957 3381 3011 credat
3402 2954 3650 3024 eclipses

2007 3052 2229 3117 noxias,
2251 3058 2308 3106 et
2328 3051 2510 3106 solem
2536 3052 2729 3122 ipsum
2751 3048 2810 3103 in
2838 3052 3001 3103 tanta
3031 3047 3122 3102 sui
3145 3051 3201 3101 et
3225 3045 3427 3100 mundi
3453 3042 3649 3098 infeli-

2007 3143 2179 3197 citate
2209 3142 2280 3196 ab
2313 3141 2531 3212 optimo
2564 3142 2801 3211 parente
2833 3139 2948 3193 Deo
2978 3139 3235 3191 creatum
3256 3134 3283 3188 ‘2

2075 3240 2189 3295 XV.
2218 3241 2379 3295 Certe
2408 3248 2538 3293 ante
2579 3237 2730 3293 bella
2773 3242 2828 3291 et
2872 3242 3065 3308 pestes
3116 3233 3332 3288 fiebant
3380 3229 3648 3301 eclipses,

2005 3333 2138 3385 ante
2155 3345 2316 3401 reges
2333 3332 2519 3396 natos,
2539 3332 2669 3382 ante
2695 3324 3124 3398 provinciarum
3150 3326 3207 3376 et
3232 3335 3544 3392 regnorum
3569 3317 3654 3372 di-

2002 3419 2285 3475 visionem
2311 3418 2369 3473 in
2393 3417 2493 3473 illa
2524 3414 3094 3471 antediluvianorum
3130 3408 3516 3481 longaevitate,
3551 3424 3653 3478 pa-

2002 3525 2065 3564 ce
2087 3514 2143 3564 et
2165 3509 2413 3564 sanitate
2435 3512 2551 3561 tam
2584 3506 2865 3560 diuturna
2895 3502 3143 3573 eclipses
3176 3500 3412 3565 fiebant,
3436 3502 3491 3553 et
3514 3502 3654 3552 tunc

2004 3602 2170 3653 erant
2218 3598 2581 3651 innocentes.
2619 3595 2779 3650 Unde
2811 3597 2867 3647 et
2898 3592 3135 3663 quando
3172 3588 3351 3644 noxias
3379 3602 3503 3643 esse
3536 3604 3649 3640 cm-

2004 3687 2263 3757 perunt?
2295 3686 2448 3740 unde
2482 3683 2773 3755 malignos
2804 3682 3083 3751 influxus,
3118 3696 3265 3750 quos
3298 3682 3501 3749 postea
3528 3680 3648 3730 tam

2001 3775 2333 3846 frequentes
2362 3774 2657 3842 afflarunt,
2692 3787 2961 3842 accepere
2984 3770 3010 3823 '?

2070 3872 2266 3927 Prima
2294 3871 2581 3939 omnium,
2616 3886 2740 3942 quae
2773 3870 2832 3923 in
2863 3872 3059 3921 Graeca
3089 3863 3337 3919 historia
3368 3860 3654 3915 describi-

1997 3968 2095 4019 tur
2143 3961 2375 4032 eclipsis
2427 3960 2589 4021 solis,
2624 3962 2860 4013 narrata
2889 3957 2958 4011 ab
2990 3954 3262 4010 Herodot.
3299 3952 3336 4008 l.
3371 3951 3413 4019 Ι,
3449 3949 3651 4004 Medos

1999 4057 2055 4109 et
2086 4053 2273 4124 Lydos
2305 4054 2633 4121 pugnantes
2680 4047 2901 4102 invenit
2929 4050 2986 4101 et
3014 4041 3363 4099 conciliavit.
3397 4038 3651 4095 Alexan-

2000 4144 2103 4198 dro
2138 4140 2498 4196 faustissima
2522 4139 2632 4192 fuit
2651 4136 2888 4206 eclipsis
2920 4134 3093 4202 lunae,
3120 4148 3244 4203 quae
3268 4134 3400 4185 ante
3424 4133 3650 4199 postre-

2001 4249 2157 4287 mam
2191 4233 2315 4301 ejus
2348 4231 2418 4285 de
2450 4228 2623 4284 Dario
2655 4226 2953 4282 victoriam
2981 4222 3243 4294 contigit.
3275 4217 3499 4274 Profuit
3527 4218 3648 4271 Ca:-

2000 4323 2113 4378 sari
2152 4320 2291 4376 solis
2338 4320 2440 4375 illa
2491 4336 2615 4390 qua:
2665 4317 2718 4371 in
2772 4314 3021 4370 transitu
3047 4310 3385 4379 Rubiconis,
3419 4306 3545 4362 alea
3575 4306 3646 4359 de

1998 4411 2247 4482 imperio
2297 4408 2602 4463 retinendo
2646 4407 2827 4477 jacta,
2854 4405 3003 4458 facta
3035 4405 3143 4466 est,
3173 4400 3237 4471 [P
3265 4398 3391 4469 507]
3426 4397 3495 4450 de
3528 4412 3645 4467 qua

236 4505 513 4554 notorem
566 4498 769 4570 eclipsi
810 4480 961 4556 solis
1001 4501 1293 4568 territum,
1328 4480 1386 4556 in
1419 4502 1611 4558 medio
1640 4480 1891 4556 victoriae
1922 4480 1970 4542 D
2000 4480 2103 4555 Dio
2137 4499 2175 4555 l.
2209 4517 2283 4565 ιν,
2318 4498 2539 4554 Profuit
2571 4501 2626 4551 et
2654 4496 2753 4550 illa
2785 4511 2909 4565 quas
2941 4489 3335 4547 Pharsalicam
3382 4500 3639 4558 pugnam

231 4603 422 4642 cursu
458 4603 654 4644 moras
684 4589 1037 4657 trahentem,
1071 4590 1377 4661 chlamyde
1424 4589 1684 4653 involvit,
1714 4594 1767 4645 et
1800 4590 1887 4644 in-

231 4676 565 4747 terrogavit
594 4696 669 4733 an
703 4680 845 4750 quid
868 4697 936 4735 ex
966 4696 1031 4735 eo
1060 4679 1349 4735 velamine
1381 4679 1625 4736 sentiret
1665 4680 1889 4735 incom-

236 4765 424 4830 modi,
478 4782 663 4837 eoque
720 4773 972 4840 negante
1031 4768 1216 4824 ullum
1259 4785 1321 4824 se
1370 4770 1648 4836 sensisse,
1692 4768 1892 4823 docuit

234 4851 471 4909 nullum
500 4856 692 4925 majus
713 4874 747 4911 a
768 4856 889 4912 sole
918 4874 1019 4928 per
1050 4856 1249 4913 lunam
1284 4858 1687 4929 interpositam
1708 4856 1890 4912 velato

234 4944 575 5000 timendum
607 4961 757 5015 esse,
791 4952 850 5002 et
883 4948 1056 5015 paulo
1113 4948 1347 5020 quidem
1396 4948 1590 5017 majus
1621 4963 1749 5002 esse
1774 4963 1889 5001 cm-

231 5032 357 5088 lum
404 5034 454 5088 ei
507 5034 910 5092 diuturniores
944 5038 1061 5093 fore
1092 5038 1386 5103 tenebras,
1421 5038 1521 5091 sed
1553 5036 1735 5092 solem
1775 5052 1891 5090 non

238 5123 437 5177 multo
491 5128 622 5189 post
668 5141 776 5181 suo
838 5126 1137 5197 splendori
1185 5128 1313 5182 sine
1361 5125 1474 5181 alio
1520 5126 1894 5180 incommodo

236 5210 544 5266 redditum
604 5212 715 5283 iri;
780 5215 937 5285 quod
996 5232 1132 5271 cum
1177 5217 1395 5271 factum
1445 5218 1621 5279 esset,
1654 5230 1891 5270 cursum

237 5298 451 5355 classis
490 5300 715 5358 felicem
746 5309 920 5359 nacta
949 5308 1061 5359 est.

306 5396 436 5455 Non
490 5399 566 5453 ita
612 5400 810 5458 Nicias
843 5407 945 5458 aut
973 5403 1182 5460 doctus
1212 5407 1312 5459 aut
1342 5402 1500 5466 felix,
1533 5403 1634 5475 qui
1665 5401 1753 5457 vel
1784 5401 1894 5457 im-

232 5488 449 5561 peritia
478 5489 566 5545 vel
594 5492 1019 5563 superstitione
1058 5494 1132 5549 ab
1179 5493 1383 5565 eclipsi
1433 5491 1583 5547 lunzn
1632 5492 1893 5561 territus,

230 5575 456 5635 veritus
509 5576 757 5636 classem
806 5586 971 5652 portu
1028 5583 1294 5649 educere,
1333 5584 1475 5636 717
1514 5583 1623 5637 sibi
1654 5584 1897 5653 suisque

1999 4588 2333 4661 przecessit;
2367 4603 2489 4655 quae
2516 4587 2561 4641 si
2586 4584 2858 4655 Pompeio
2889 4583 3123 4636 funesta
3152 4578 3504 4644 dicitur,cur
3526 4589 3636 4628 non

1998 4695 2162 4749 reque
2192 4677 2398 4732 Caesari
2428 4678 2725 4731 fortunata
2755 4672 2999 4727 dicenda
3028 4668 3164 4724 est?

2071 4775 2197 4830 Non
2246 4774 2457 4829 occidit
2505 4776 2834 4844 Augustum
2867 4767 3102 4838 eclipsis
3134 4766 3308 4833 luna),
3340 4780 3466 4834 quas
3500 4779 3643 4833 qua-

2002 4866 2274 4937 draginta
2290 4868 2421 4937 post
2438 4864 2564 4933 ejus
2585 4869 2829 4919 mortem
2855 4861 3063 4915 diebus
3086 4857 3210 4913 visa
3237 4858 3352 4921 est;
3380 4855 3494 4908 imo
3518 4854 3646 4922 ejus

2003 4954 2309 5011 occasione
2360 4954 2584 5009 Drusus
2635 4950 2981 5007 rebellantes
3016 4948 3073 5003 in
3106 4945 3407 5001 Pannonia
3436 4941 3647 4995 Roma-

2004 5061 2112 5099 nas
2173 5044 2426 5114 legiones
2460 5044 2529 5095 ad
2567 5043 2740 5096 ﬁdem
2770 5044 2825 5095 et
2857 5036 3205 5109 obsequium
3242 5030 3552 5089 revocavit.
3584 5027 3651 5081 Et

2005 5135 2055 5189 si
2089 5134 2222 5203 quis
2255 5134 2552 5188 advertere
2581 5131 2741 5199 velit,
2773 5130 2971 5202 plures
3004 5128 3150 5183 forte
3183 5142 3314 5179 cum
3344 5117 3651 5176 eventibus

2005 5224 2320 5279 fortunatis
2376 5240 2551 5293 quam
2582 5240 2712 5278 cum
2745 5219 3003 5276 sinistris
3034 5216 3279 5286 eclipses
3309 5210 3651 5278 conjunctas

2005 5313 2357 5369 numerabit.

2080 5404 2140 5457 In
2178 5402 2307 5458 falis
2340 5403 2569 5458 Romuli
2604 5400 2899 5473 prosperis
2939 5402 2995 5455 et
3042 5393 3214 5452 Urbis
3246 5386 3648 5473 felicitatepo-

2006 5492 2130 5546 sitae
2166 5496 2301 5547 sunt
2342 5492 2587 5565 eclipses
2620 5495 2745 5545 duae
2780 5490 3019 5549 solares,
3052 5487 3109 5538 in
3143 5479 3424 5570 concepit}
3455 5468 3645 5570 .miUS

2007 5599 2143 5650 una,
2181 5582 2235 5636 in
2285 5561 2469 5651 hUjusv
2515 5578 2911 5636 fundamentis
2942 5573 3091 5628 718
3124 5570 3302 5625 altera
3331 5561 3419 5617 vel
3454 5561 3643 5613 invec-
