3968 6202
208 344 237 398 1
250 341 349 398 177

209 466 387 532 lunas,
430 464 823 522 existimando
871 469 1089 520 temere
1143 464 1295 520 720
1346 464 1600 534 synodos
1647 476 1851 517 eorum
1883 462 1934 527 Α

213 556 395 611 etiam
444 554 749 627 eclipticas
790 554 881 609 vel
921 554 1152 610 efﬁcere
1202 553 1289 610 vel
1322 552 1592 608 nuntiare
1622 550 1862 606 calami-

214 650 366 700 tates
418 644 577 699 orbis
629 649 945 711 terrarum,
984 641 1070 697 vel
1106 658 1308 698 omnes
1332 641 1425 696 vel
1459 641 1704 696 maxime
1735 656 1864 711 per-

215 733 498 803 niciosas.

289 823 403 879 Sed
439 821 639 894 negari
672 837 787 876 non
829 825 1018 893 potest
1048 821 1193 891 quin
1228 818 1396 874 multi
1432 818 1695 874 defectus
1726 816 1867 873 solis

218 917 273 967 et
304 912 461 967 lunae
500 926 635 966 cum
679 910 1109 965 calamitatibus
1132 909 1383 981 publicis
1412 915 1469 965 et
1500 913 1685 964 morte
1708 907 1869 978 prin-

220 1001 424 1077 cipum
479 1015 629 1069 saepe
658 1003 1031 1055 concurrant.
1064 999 1173 1054 Sed
1208 998 1604 1053 conﬁtendum
1638 1012 1871 1067 quoque

228 1090 402 1161 longe
452 1088 649 1159 plures
700 1093 757 1143 et
799 1087 1049 1159 eclipses
1093 1088 1220 1143 sine
1261 1088 1334 1143 iis
1374 1087 1609 1142 casibus
1631 1091 1689 1141 et
1721 1085 1870 1140 inte-

220 1177 366 1233 lices
419 1193 615 1232 rerum
674 1182 918 1232 eventus
971 1176 1100 1231 sine
1154 1175 1475 1247 eclipsibus
1528 1173 1867 1245 contigisse.

223 1266 559 1323 Concursus
589 1264 918 1321 admittitur
949 1264 1007 1320 in
1042 1263 1360 1335 aliquibus,
1394 1263 1452 1319 in
1486 1262 1666 1318 nullis
1697 1278 1874 1316 causa

228 1355 529 1429 probatur,
582 1355 642 1409 in
688 1354 971 1410 omnibus
1016 1353 1417 1426 cuntingentia
1463 1358 1520 1409 et
1550 1368 1745 1409 merus
1777 1368 1873 1407 ca-

230 1460 336 1500 sus
368 1445 768 1512 agnoscendus
800 1448 911 1500 est.

294 1547 497 1604 XVIII.
547 1551 620 1603 At
665 1548 805 1619 quid
844 1548 1112 1619 prohibet
1136 1548 1319 1603 Deum
1353 1548 1422 1603 ad
1470 1546 1872 1602 incutiendum

232 1637 575 1693 nominibus
615 1654 732 1692 suae
781 1639 1107 1709 majestatis
1140 1638 1455 1693 salutarem
1494 1637 1873 1693 reverentiam

225 1726 478 1797 eclipses
538 1726 859 1797 adhibere,
909 1743 1126 1798 easque
1194 1726 1348 1781 velut
1396 1727 1550 1782 faces
1608 1727 1875 1780 funereas

225 1819 546 1882 ostentare,
595 1815 644 1871 si
685 1832 798 1872 non
857 1833 1089 1883 causas,
1122 1814 1329 1871 saltem
1365 1815 1725 1887 praenuntias
1752 1814 1871 1869 cla-
1903 1825 1951 1890 Β

221 1904 390 1960 dium
422 1903 807 1976 generalium,
840 1909 896 1959 et
926 1905 1101 1960 tubas
1121 1904 1434 1970 bellorum,
1456 1904 1668 1974 quibus
1693 1919 1867 1956 mun-

220 1994 363 2049 dum
415 1993 676 2065 afﬂigere
725 1999 782 2049 et
812 1994 1099 2064 corrigere
1130 1993 1480 2049 constituit?
1510 1992 1601 2048 Nil
1632 1991 1867 2063 quidem

221 2082 281 2136 id
334 2081 457 2136 ﬁeri
509 2081 798 2152 prohibet,
846 2082 945 2137 sed
1006 2087 1063 2137 et
1110 2081 1255 2136 nihil
1316 2084 1663 2152 persuadet;
1713 2086 1769 2137 et
1818 2080 1866 2136 si

219 2171 461 2242 quando
505 2170 563 2225 id
614 2171 766 2227 Deus
798 2171 1020 2237 fecerit,
1065 2171 1194 2240 quis
1227 2172 1438 2226 audeat
1478 2171 1598 2237 ubi,
1638 2171 1868 2240 quando

214 2265 274 2315 et
332 2260 564 2330 quoties
626 2260 778 2314 Deus
822 2259 878 2314 id
936 2259 1154 2313 efﬁciat
1209 2258 1515 2329 proﬁteri?
1561 2259 1661 2314 Cui
1723 2260 1869 2313 Deus

218 2365 396 2403 suum
424 2365 491 2402 ea
524 2349 595 2403 de
627 2364 685 2402 re
721 2347 1030 2403 consilium
1067 2347 1322 2418 aperuit?
1356 2348 1464 2402 Res
1496 2349 1666 2418 plane
1700 2347 1867 2415 mira,

219 2454 327 2492 nec
381 2436 583 2492 divino
643 2436 892 2492 consilio
959 2443 1156 2501 vacat,
1210 2437 1363 2506 quod
1428 2436 1483 2489 in
1536 2442 1654 2490 tota
1706 2452 1868 2490 sacra

218 2526 521 2597 Scriptura
565 2524 783 2580 nullius
833 2524 1074 2580 omnino
1124 2524 1360 2594 eclipsis
1380 2526 1587 2578 mentio
1620 2525 1704 2589 ﬁt,
1734 2539 1865 2579 cum

226 2622 427 2671 tamen
489 2616 547 2669 in
601 2615 815 2686 populo
863 2614 962 2669 Dei
1009 2630 1113 2669 nec
1146 2618 1361 2668 mortes
1393 2613 1724 2685 principum
1767 2629 1869 2668 nec

217 2705 381 2760 bella
425 2720 530 2759 nec
558 2705 919 2759 calamitates
948 2704 1238 2758 deessent.
1274 2702 1397 2759 Non
1432 2704 1630 2757 deerat
1658 2719 1868 2757 sensus

230 2794 628 2857 miseriarum,
683 2810 795 2847 non
848 2793 1087 2847 deerant
1114 2792 1263 2847 oculi
1286 2794 1355 2846 ad
1389 2794 1636 2862 eclipses
1668 2793 1871 2846 viden-

226 2883 337 2937 das
359 2897 494 2938 cum
536 2881 786 2953 publicis
816 2882 1082 2937 cladibus
1114 2884 1692 2952 conjunctas.Deerat
1724 2882 1871 2936 forte

225 2970 639 3037 Providentia,
697 2987 815 3026 suae
872 2971 1064 3042 gentis
1122 2969 1329 3025 salutis
1388 2970 1690 3040 negligens
1753 2985 1867 3024 non

226 3061 587 3117 admonebat
634 3060 930 3114 attendere
966 3066 1035 3114 ad
1087 3059 1256 3130 signa
1287 3064 1403 3114 tam
1441 3058 1713 3123 visibilis,
1744 3073 1869 3128 quas

1604 336 2222 395 CHRONOLOGICUS.

3474 323 3613 379 1178

2044 458 2186 513 τοι
2230 458 2416 527 Atque
2456 455 2528 509 de
2588 452 2734 525 ipsis
2792 450 3133 523 eclipsibus,
3194 464 3337 520 quas
3383 449 3620 519 gemina

1968 545 2382 602 dissertatione
2454 542 2828 615 epilogismis
2871 539 3147 601 deﬁnivi,
3191 539 3297 593 boc
3375 552 3619 608 possum

1969 634 2176 690 merito
2212 633 2492 704 proﬁteri,
2522 648 2621 687 eas
2656 631 2896 685 fundare
2926 626 3299 698 {solidissima
3327 625 3613 679 rationem

1970 730 2301 795 temporum
2363 721 2516 777 circa
2574 736 2694 789 qua
2728 717 3119 790 contigerunt,
3161 732 3288 787 qua»
3340 714 3465 768 sine
3494 711 3613 766 illis

1971 814 2221 869 obscura
2272 811 2591 866 admodum
2641 812 2731 863 est
2778 811 2834 863 et
2886 805 3113 879 magnis
3164 801 3613 858 difﬁcultatibus

1974 901 2293 971 implicata.
2350 898 2519 954 Unde
2578 898 2685 952 hoc
2744 896 2873 968 ipso
2932 893 3170 950 nomine
3227 892 3416 965 gratia
3464 889 3623 944 Patri

1970 990 2267 1045 luminum
2320 992 2378 1043 et
2428 984 2795 1042 immortales
2845 983 3147 1039 habendas
3181 998 3326 1051 reor,
3363 979 3517 1052 quod
3548 977 3619 1031 de

1974 1078 2233 1135 tenebris
2290 1076 2482 1132 lucem
2540 1077 2817 1146 proterat,
2849 1078 2905 1129 et
2961 1089 3031 1128 ex
3058 1070 3201 1128 solis
3247 1087 3313 1125 ac
3343 1068 3497 1123 lunae
3526 1068 3622 1122 de'

1980 1167 2328 1225 factionibus
2376 1166 2669 1222 historica;
2716 1163 2978 1219 veritatis
3009 1162 3206 1217 lumen
3240 1161 3468 1215 educat.
3505 1157 3619 1227 Ipsi

1977 1260 2162 1331 gloria
2191 1259 2251 1314 in
2294 1257 2507 1314 saecula
2562 1254 2933 1313 saeculorum.
2982 1256 3182 1309 Amen.
3242 1253 3508 1306 Hactenus
3554 1250 3617 1303 Ρ.

1980 1350 2289 1406 Grantamz’.

2615 1511 2851 1567 CAPUT
2881 1509 2975 1565 IV.

1980 1638 2270 1693 Statuitur
2295 1640 2505 1708 tempus
2534 1638 2731 1692 mortis
2764 1633 3061 1708 Theodori,
3108 1629 3482 1708 coronationi's
3513 1632 3628 1708 Pa:

2053 1708 2299 1780 twotogi,
2355 1698 2587 1780 receptae
2643 1725 2674 1762 ε
2732 1708 2943 1762 Latinis
3003 1698 3522 1773 Constantinopolis,
3580 1698 3630 1751 et

2052 1783 2385 1838 excaeration
2396 1782 2445 1836 is
2464 1781 2667 1852 pupilli
2696 1780 2946 1836 Joannis.

2055 1927 2099 1979 Ι.
2160 1925 2277 1981 Erit
2333 1925 2442 1981 hoc
2478 1927 2548 1980 de
2580 1941 2696 1997 quo
2723 1923 3009 1979 hactenus
3040 1925 3160 1976 tam
3195 1916 3397 1972 multis
3428 1918 3623 1969 actum

1985 2019 2095 2081 est,
2131 2013 2323 2070 solare
2352 2013 2704 2085 deliquium,
2737 2010 3061 2083 insigniens
3094 2007 3311 2063 illustri
3336 2004 3626 2060 characte-

1986 2120 2046 2159 re
2100 2103 2417 2159 articulum
2478 2103 2672 2173 ipsum
2729 2100 3033 2172 temporis,
3066 2098 3222 2153 unde
3272 2097 3474 2150 nostra
3505 2090 3626 2143 hinc

1985 2192 2375 2263 proﬁciscitur
2422 2192 2687 2255 historia,
2730 2188 2859 2258 erit,
2912 2189 3177 2259 inquam,
3225 2183 3393 2239 nobis
3440 2180 3628 2234 instar

1984 2280 2098 2335 alte
2129 2281 2475 2335 collucentis
2506 2279 2670 2350 phari
2703 2284 2933 2350 portum
2969 2277 3124 2331 unde
3154 2273 3435 2329 solvimus
3460 2284 3630 2322 mon-

1982 2371 2249 2437 strantis,
2283 2386 2457 2439 quem
2491 2369 2643 2423 inter
2699 2368 2959 2423 eundum
3012 2362 3394 2434 respicientes
3436 2352 3626 2414 metiri

1984 2458 2231 2511 subinde
2255 2474 2604 2529 progressum
2619 2474 2668 2511 m
2695 2457 2886 2528 spatia
2900 2469 3183 2525 queamus
3197 2456 3475 2505 etcursus
3492 2444 3624 2499 uni-

1983 2546 2133 2601 versi
2185 2563 2462 2602 numeros
2506 2546 2768 2616 exsequi,
2816 2560 2929 2598 non
2963 2540 3390 2598 contemnendo
3434 2536 3519 2589 vel
3554 2533 3625 2588 ad

1980 2635 2249 2691 solatium
2286 2640 2659 2705 fructumque
2691 2632 2869 2689 animi
2896 2631 2982 2686 vel
3015 2631 3084 2685 ad
3117 2627 3330 2684 erroris
3365 2639 3627 2696 praecau-

1980 2724 2199 2779 tionem
2252 2741 2382 2778 usu.
2437 2724 2905 2796 Experimentum
2959 2736 3163 2791 capere
3197 2717 3451 2788 primum
3486 2712 3629 2767 libet

1979 2812 2038 2868 in
2089 2814 2377 2868 Theodori
2415 2819 2600 2867 morte
2649 2818 2706 2867 et
2737 2811 2897 2881 regni
2931 2809 3141 2880 spatio,
3176 2808 3247 2861 de
3280 2806 3495 2875 quibus
3531 2818 3625 2855 ac-

1981 2902 2399 2956 curatissimus
2455 2901 2793 2972 Acropolita
2848 2899 2935 2953 sic
2973 2897 3259 2967 scriptum
3296 2891 3536 2961 reliquit
3568 2889 3627 2943 in

1980 2991 2119 3044 Hist.
2167 3007 2225 3060 p.
2260 2990 2330 3043 85
2387 2990 2478 3044 ed.
2511 2994 2674 3061 Reg.:
2736 2988 2975 3047 Ἐκεῖνος
3011 2984 3103 3057 μὲν
3156 2979 3247 3036 οὖν
3304 2978 3446 3033 οὕτω
3503 2976 3632 3052 βιώ-

1981 3098 2095 3147 σας,
2146 3076 2235 3130 καὶ
2289 3078 2457 3147 μήπω
2512 3077 2677 3138 ὅλους
2726 3076 2981 3148 τέτταρας
3031 3068 3305 3130 ἐνιαυτοὺς
3364 3066 3633 3138 αὐτοκρα-

225 3152 355 3205 tam
392 3153 659 3220 patenter
688 3164 865 3218 quam
918 3152 1076 3202 certo
1106 3164 1223 3201 suae
1256 3147 1568 3201 iracundiae
1601 3152 1657 3201 et
1681 3146 1868 3201 homi-

1994 3166 2239 3238 :°P"i°1¢,
2295 3166 2430 3220 κειτά
2483 3161 2794 3238 Νοέμόριον
2852 3164 2953 3239 γὰρ
3017 3160 3174 3235 ἄρξας
3235 3157 3285 3212 ἐν
3341 3153 3629 3231 Αὐγούστῳ

225 3254 374 3292 num
421 3236 791 3306 castigationi
852 3236 1289 3308 praeminebat?
1317 3236 1641 3292 Profuisset
1666 3236 1721 3292 id
1745 3237 1871 3307 qui-

228 3329 365 3382 dem
398 3325 733 3382 Judaaorum
768 3326 949 3396 genti,
979 3330 1036 3380 et
1063 3324 1412 3381 Christianis
1460 3342 1575 3381 non
1624 3327 1875 3383 obesset.

223 3417 341 3473 Sed
376 3415 691 3471 consilium
729 3415 822 3471 Dei
855 3416 1263 3471 absconditum
1297 3433 1330 3471 a
1362 3416 1618 3486 saeculis,
1650 3420 1705 3472 et
1734 3416 1877 3488 ipsis

224 3505 534 3578 prophetis
585 3522 699 3560 non
739 3506 1087 3574 revelatum,
1130 3522 1224 3559 ars
1267 3505 1580 3574 judiciaria
1612 3511 1879 3577 penetra-

224 3596 315 3650 vit
361 3594 610 3659 scilicet,
647 3598 704 3649 et
754 3593 813 3648 in
865 3594 1008 3649 coelo
1049 3596 1331 3665 scriptum
1367 3595 1557 3660 docet,
1591 3595 1690 3650 sed
1725 3596 1874 3649 dun-

224 3690 397 3739 taxat
428 3682 790 3738 intelleetum
825 3683 1016 3754 legere
1065 3682 1437 3737 scientibus?
1469 3682 1648 3754 Nugae
1678 3682 1879 3737 merml

231 3774 300 3828 In
353 3771 464 3827 hoc
517 3788 655 3843 ergo
710 3770 896 3841 pietas
951 3775 1007 3826 et
1062 3770 1346 3842 sapientia
1383 3770 1712 3825 Christiana
1741 3787 1881 3826 con-

228 3859 507 3931 quiescit,
539 3859 693 3930 quod
724 3858 971 3928 eclipses
993 3858 1112 3912 sint
1142 3858 1402 3913 defectus
1425 3858 1720 3912 naturales
1742 3856 1883 3912 solis

236 3954 299 4005 et
347 3948 523 4018 lunas,
557 3964 684 4019 qua:
738 3947 959 4003 nullam
991 3946 1246 4002 habeant
1283 3946 1365 4018 [P.
1402 3947 1527 4017 509]
1564 3963 1674 4002 non
1709 3947 1882 4002 modo

230 4042 483 4105 certam,
515 4038 613 4092 sed
651 4054 721 4092 ne
748 4036 986 4108 quidem
1023 4035 1383 4105 probabilem
1415 4035 1763 4103 efﬁcientia,
1796 4034 1882 4092 vel

233 4125 693 4197 signiﬁcationis
764 4142 897 4180 cum
967 4124 1222 4197 publicis
1291 4123 1729 4179 calamitatibus
1785 4127 1887 4179 aut.

230 4223 429 4272 morte
488 4216 818 4287 principum
870 4215 1316 4281 connexionem,
1351 4213 1655 4285 multoque
1688 4213 1885 4270 minus

227 4321 372 4361 cum
404 4305 640 4359 fortuna
665 4309 722 4359 et
750 4303 1060 4359 eventibus
1088 4303 1287 4358 liberis
1318 4302 1693 4373 privatorum.

301 4417 426 4467 Hoc
478 4415 672 4466 autem
730 4427 1011 4482 magnum
1059 4410 1435 4465 commodum
1466 4410 1713 4480 eclipses
1745 4408 1888 4465 solis

221 4507 283 4557 et
315 4500 474 4555 lunas
501 4499 561 4554 in
594 4498 899 4555 historiam
959 4504 1291 4569 temporum
1336 4498 1674 4569 important,
1732 4500 1885 4569 quod

225 4608 302 4647 ex
334 4606 540 4645 earum
575 4589 829 4645 tenebris
862 4606 969 4646 sua
1000 4589 1128 4660 ipsa
1159 4589 1516 4644 obscuritate
1557 4589 1886 4645 manifestis

222 4680 333 4734 lux
382 4695 597 4749 magna
646 4695 798 4749 szepe
842 4678 1018 4733 rebus
1050 4677 1235 4749 gestis
1257 4678 1557 4733 accedant.
1592 4677 1692 4733 Vix
1724 4678 1879 4733 enim

228 4766 589 4824 melioribus
643 4766 877 4822 indiciis
935 4766 1106 4821 initia
1161 4783 1499 4839 regnorum,
1550 4767 1884 4823 nativitates

228 4857 611 4929 principum,
664 4857 915 4911 victoria:
974 4855 1267 4922 illustres,
1329 4856 1559 4926 aliaque
1616 4856 1769 4911 scitu
1827 4858 1885 4911 et

233 4945 754 5002 commendatione
833 4944 1192 5017 posteritatis
1265 4945 1444 5016 digna
1521 4944 1882 5015 probantur},

228 5050 418 5106 quam
460 5033 799 5105 eclipsibus.
854 5033 1243 5105 Chronologia
1292 5050 1493 5105 regum
1547 5033 1883 5103 Persarum,

228 5124 365 5195 Cyri
405 5128 465 5178 et
492 5122 801 5178 Alexandri
833 5122 1193 5190 monarchia,
1230 5131 1287 5178 et
1318 5122 1598 5177 connexio
1633 5122 1884 5193 profanas

228 5212 501 5269 historiae
534 5229 666 5266 cum
706 5227 873 5267 sacra
933 5211 1185 5267 maxime
1234 5211 1568 5267 illustratur
1616 5228 1715 5282 per
1747 5210 1885 5266 ecli-

229 5318 421 5373 pseon
472 5304 660 5355 certos
710 5306 974 5355 eventus.
1021 5300 1167 5355 Tota
1196 5301 1377 5355 series
1428 5299 1686 5354 historiae
1733 5300 1887 5355 Grae-

232 5405 468 5456 corum,
530 5396 587 5444 et
640 5390 905 5445 fundatio
967 5390 1242 5444 Romanas
1299 5387 1671 5457 reipublicae,
1723 5393 1786 5443 ut
1834 5392 1891 5443 et

230 5483 443 5553 gestas
468 5477 613 5534 Julii
641 5478 906 5549 Caesaris,
939 5477 1189 5549 Augusti
1221 5482 1277 5533 et
1303 5477 1551 5533 aliorum
1576 5476 1889 5549 imperato-

240 5585 380 5625 rum
412 5566 563 5624 nihil
594 5568 812 5623 habent
843 5566 1058 5622 certius
1085 5582 1262 5637 quam
1289 5566 1442 5638 quod
1468 5566 1890 5623 defectionibus

240 5656 392 5716 solis
420 5661 525 5715 aut
555 5655 710 5714 luna
743 5656 1145 5714 constituitur.

1991 3255 2117 3327 μηνὶ
2165 3256 2227 3309 τὸ
2256 3253 2419 3317 τέλος
2465 3249 2671 3329 ἔσχηκε
2697 3255 2811 3326 ξτῆς
2843 3258 3005 3322 ζωῆς.
3050 3252 3219 3307 Vides
3249 3247 3327 3303 ibi
3359 3245 3631 3301 testimoc

1988 3347 2084 3401 nio
2138 3346 2246 3399 viri
2306 3344 2660 3416 gravissimi,
2723 3342 3028 3399 referentis
3060 3357 3188 3411 quae
3214 3351 3469 3410 praesens
3500 3348 3633 3404 spc-

1990 3439 2264 3499 ctaverat,
2319 3433 2691 3489 Theodorum
2753 3431 2909 3487 solos
2970 3433 3221 3501 quatuor
3273 3440 3378 3480 nec
3429 3422 3631 3494 plenos

1990 3542 2175 3579 annos
2238 3523 2581 3595 imperasse.
2644 3521 3049 3577 Acclamatum
3108 3515 3262 3573 enim
3323 3508 3634 3568 Novembri

1991 3612 2447 3677 mense,vivendi
2482 3611 2700 3683 pariter
2727 3616 2784 3666 et
2816 3607 3141 3681 imperandi
3167 3606 3340 3660 ﬁnem
3373 3604 3635 3671 Augusto

1992 3717 2191 3756 mense
2251 3700 2478 3755 fecisse.
2518 3700 2700 3769 Igitur
2752 3715 2885 3754 cum
2921 3701 3075 3752 certo
3126 3693 3202 3749 sit
3233 3691 3448 3747 certius
3481 3704 3633 3741 anno

1989 3806 2120 3844 eum
2182 3787 2402 3842 Christi
2461 3789 2599 3842 1256
2649 3792 2879 3842 mortuo
2928 3784 3098 3839 tertio
3125 3780 3245 3835 Kal.
3278 3777 3632 3833 Novembres

1988 3877 2199 3933 Joanni
2264 3875 2415 3946 patri
2466 3876 2873 3946 subrogatum,
2934 3884 3240 3944 procerum
3273 3870 3342 3937 :et
3374 3863 3631 3918 militum

1993 3965 2412 4022 acclamatione
2464 3963 2957 4033 subvectioueque
3012 3961 3071 4014 in
3127 3958 3324 4029 clypeo
3352 3953 3394 4024 ,ξ
3425 3950 3635 4005 deinde

1992 4056 2099 4110 sub
2158 4054 2334 4109 ﬁnem
2393 4052 2728 4109 Decembris
2775 4048 3023 4107 solemni
3074 4047 3188 4102 ritu
3246 4063 3278 4101 a
3336 4057 3483 4097 novo
3530 4056 3633 4110 pa-

1990 4143 2251 4200 triarcha
2282 4142 2518 4198 Arsenio
2550 4146 2915 4207 coronatum,
2951 4137 3328 4193 manifestum
3360 4134 3450 4186 est
3480 4144 3633 4183 anno

1992 4248 2126 4288 eum
2158 4232 2373 4289 Christi
2410 4233 2547 4287 1259
2575 4231 2763 4287 vivere
2795 4228 2972 4286 simul
3006 4232 3063 4283 et
3093 4238 3333 4296 regnare
3366 4218 3631 4275 desiisse.

1992 4322 2094 4378 Hic
2126 4321 2280 4378 enim
2318 4338 2512 4377 annus
2546 4339 2574 4376 a
2610 4321 2748 4375 1255
2777 4322 3025 4393 quartus
3056 4320 3164 4372 est.

2067 4412 2135 4465 ll.
2190 4414 2311 4477 Quo
2355 4412 2494 4467 anni
2526 4415 2787 4482 tempore
2815 4406 3152 4471 decesserit,
3188 4401 3331 4458 satis
3361 4399 3637 4469 exprimit

1996 4501 2403 4572 Pacbymeres,
2436 4502 2577 4555 dum
2636 4500 2692 4553 id
2726 4497 2989 4554 evenisse
3018 4495 3100 4550 ait
3143 4494 3238 4545 τοῦ
3265 4488 3470 4564 χρόνου
3501 4483 3639 4560 πρὸς

1993 4587 2055 4643 τὸ
2086 4589 2482 4663 φθινοπωρινὸν
2518 4585 2932 4655 ἀποκλίνοντος,
2974 4584 3279 4639 inclinante
3330 4582 3388 4636 in
3424 4582 3637 4633 autum-

1992 4695 2125 4733 num
2176 4696 2353 4747 anno,
2396 4678 2504 4733 hoc
2528 4682 2635 4745 est,
2672 4693 2773 4748 per
2803 4680 3059 4730 aestatem
3087 4671 3347 4745 quidem,
3383 4668 3481 4723 sed
3508 4667 3636 4738 jam

1994 4773 2399 4825 senescentem
2430 4772 2486 4823 et
2534 4766 2868 4823 adventanti
2902 4759 3636 4821 autumno‘concedentem

1994 4856 2236 4913 sensim.
2290 4856 2549 4920 Quadrat
2596 4873 2663 4912 ea
2710 4860 2844 4911 nota
2875 4853 3155 4926 temporis
3183 4860 3311 4922 apte
3344 4850 3401 4903 in
3435 4856 3638 4918 Augu-

1995 4950 2155 5001 stum
2219 4961 2503 5013 mensem;
2537 4962 2650 5015 quo
2712 4963 2771 5000 re
2802 4946 2925 5016 ipsa
2982 4938 3639 5009 exstinctum§Theodo-

1996 5051 2128 5089 rum
2173 5034 2549 5106 Acropolita;-
2572 5039 2639 5089 ut
2690 5035 2968 5103 diximus,
3007 5033 3283 5088 afﬁrmat.
3317 5032 3376 5085 Id
3409 5026 3640 5083 duobus

1997 5125 2336 5195 exceptione
2370 5124 2704 5196 majoribus,
2724 5130 2779 5181 et
2811 5125 3199 5181 concordibus
3233 5123 3527 5176 ﬁrmatum
3551 5121 3639 5169 te-

1998 5213 2188 5269 stibus
2220 5231 2321 5286 pro
2376 5214 2488 5269 ﬁxo
2519 5220 2573 5270 et
2607 5215 2936 5269 indubitato
2970 5215 3139 5270 debet
3170 5210 3390 5267 haberi.
3421 5204 3637 5261 Seditio

2000 5308 2201 5358 secuta
2246 5304 2534 5359 exercitus
2576 5304 2724 5360 722
2769 5308 2827 5360 et
2854 5302 3223 5359 Muzalonum
3259 5298 3443 5355 caedes
3475 5294 3633 5361 Mag-

2000 5392 2175 5447 nesiae
2207 5392 2264 5447 in
2298 5392 2517 5464 templo
2548 5394 3001 5461 Sosandrorum,
3034 5393 3174 5445 dum
3207 5389 3292 5458 [P.
3326 5381 3638 5453 5l0]justa

1999 5481 2301 5537 Theodoro
2349 5481 2536 5537 eidem
2599 5481 2869 5538 funebria
2927 5478 3371 5553 persolvuntur,
3434 5484 3639 5541 perpe-

2000 5573 2174 5638 trata,
2230 5585 2383 5626 nona
2426 5575 2555 5643 post
2602 5576 2850 5627 mortem
2910 5565 3195 5625 Theodori
3226 5564 3321 5618 die
3368 5558 3633 5630 contigit.

1999 5657 2166 5716 Clare
2194 5656 2305 5716 hoc
2336 5658 2620 5731 Gregoras
2651 5664 2709 5716 et
2738 5658 3122 5729 Pachymeres
3152 5660 3445 5714 asserunt.
3474 5653 3638 5712 Prior
