3984 6202
408 304 552 362 1179

1444 304 1507 354 Ρ.
1548 299 1822 354 POSSINI
1859 295 2474 352 OBSERVATIONUM
2517 299 2645 350 LIB.
2687 301 2783 351 III.

3627 305 3730 370 ΜΚ)

409 430 451 485 1.
488 446 576 498 ιιι,
612 445 667 501 p.
722 427 791 480 3O
841 425 933 481 ed.
966 422 1144 479 Basil.
1181 422 1265 478 sic
1316 421 1582 494 loquitur
1627 421 1698 476 de
1729 421 1841 476 ista
1871 419 2063 474 crede:
2095 418 2150 486 Α
2180 422 2237 474 et
2292 419 2361 474 ad
2395 425 2628 474 nostras
2679 423 2880 476 exacte
2909 421 3169 476 rationes
3216 421 3516 492 quadrante
3545 426 3732 488 calculo.

413 516 654 584 Ἐννάτη
721 514 813 585 μὲν
872 511 975 588 γὰρ
1022 511 1206 586 ἡμέρα
1244 516 1422 584 παρῆν
1482 508 1616 582 μετᾶ
1660 509 1762 578 τήν
1808 506 2068 576 τελευτὴν

423 609 519 659 τοῦ
581 600 874 675 βασιλέως.
927 602 1031 657 Cui
1081 617 1413 657 consonans
1461 609 1660 654 noster
1693 599 1859 653 initio
1891 615 1940 652 ο.
1978 597 2064 667 19,

417 695 457 748 l.
491 710 507 718 ’
547 693 742 752 ῑΤὲως
777 687 823 744 δ’
882 687 1002 761 οὖν,
1062 689 1276 762 inquit,
1308 690 1342 758 ἡ
1402 687 1526 762 περὶ
1583 692 1662 758 τῷ
1709 685 2068 760 ἀποιχομένῳ

424 781 610 852 ἐννάτη
665 781 905 853 κειμένῳ
954 785 1154 855 παρῆν,
1211 787 1321 836 etc.
1371 779 1439 833 Et
1483 778 1592 834 hoc
1637 794 1772 850 ergo
1807 795 1905 847 pro
1929 794 2068 831 con-

423 872 602 929 stanti
664 872 1010 937 tenendum,
1061 870 1198 926 licet
1251 867 1581 940 AcrOpolita
1634 869 1705 921 rle
1733 867 1826 921 die
1857 871 2067 934 taceat,

417 978 572 1018 nono
634 967 764 1034 post
818 964 1067 1016 mortem
1099 958 1351 1014 Thedori
1384 957 1476 1013 die
1508 955 1840 1013 Muzalones
1877 955 2071 1009 furore

419 1050 680 1106 militum
711 1066 984 1122 opressos
1035 1048 1092 1104 in
1138 1046 1357 1118 templo
1401 1053 1460 1102 et
1510 1048 1892 1100 obtruncatos
1942 1060 2069 1113 per-

418 1140 580 1196 iisse.
637 1137 994 1194 Deliberatio
1053 1137 1189 1192 inde
1218 1137 1290 1192 de
1339 1134 1525 1190 tutela
1550 1134 1715 1206 pueri
1766 1133 2068 1205 principis,

422 1227 626 1284 electio
671 1229 738 1283 ad
789 1228 846 1282 id
897 1225 1197 1283 Michaelis
1237 1223 1563 1295 Palaeolugi,
1599 1223 1779 1294 hujus
1812 1239 1914 1294 per
1945 1237 2071 1292 gra-

416 1317 529 1372 dus
582 1317 648 1372 ad
685 1315 1000 1387 imperium
1034 1314 1324 1385 adreptio,
1379 1314 1518 1368 dum
1570 1316 1824 1384 primum
1862 1309 2057 1382 magni

417 1405 585 1460 ducis
616 1404 788 1460 titulo
822 1403 1381 1475 insignitur,deinde
1411 1407 1688 1471 tanquam
1723 1401 1792 1454 ad
1827 1401 2070 1454 deman-

421 1493 622 1548 datum
652 1509 867 1547 munus
901 1493 1008 1547 rite
1038 1492 1362 1563 gerendum
1415 1489 1744 1546 necessaria
1798 1492 2074 1559 potestate

423 1583 677 1653 despotaa
728 1589 992 1636 ornatur.
1045 1581 1304 1648 Denique
1326 1578 1547 1650 pupillo
1573 1577 1820 1650 principi
1853 1576 2074 1648 collega

425 1671 484 1726 in
519 1669 763 1743 imperio
813 1669 1163 1725 decernitur.
1202 1672 1354 1734 Haec,
1389 1667 1655 1739 inquam,
1688 1670 1744 1722 et
1781 1666 1951 1721 variae
1983 1666 2071 1719 in-

2179 507 2253 563 Ut
2310 525 2502 564 annus
2569 510 2777 565 mundi
2835 527 2960 564 aera:
3017 510 3274 582 vulgaris
3339 511 3632 571 Graecorum
3681 523 3730 575 ad

2178 596 2392 652 Christi
2437 614 2656 652 annum
2706 599 3028 670 redigatur,
3081 605 3356 672 perpetua
3395 603 3629 660 methodo
3660 609 3736 662 tolo

2181 687 2336 742 lendi
2369 705 2437 743 ex
2471 704 2703 744 summa
2742 694 2885 744 sunt
2912 691 3072 745 5508.
3112 691 3295 763 Igitur
3324 708 3497 748 annus
3524 694 3586 749 ad
3607 698 3736 754 Acro-

2180 775 2362 848 polita
2393 777 2688 834 indicatus
2741 779 2945 834 mundi
2993 780 3137 833 6769
3169 780 3320 835 idem
3356 781 3456 836 fuit
3489 799 3602 838 cum
3628 803 3739 842 anno

2179 883 2304 922 εει-ω
2337 871 2548 922 nostrae
2598 866 2940 924 Christianas
2992 869 3150 923 1261.
3205 870 3302 925 Est
3329 871 3420 926 hic
3448 871 3635 942 periodi
3669 874 3740 930 Ja-

2179 954 2347 1010 lianie
2380 957 2544 1021 5974,
2575 973 2704 1028 quas
2737 974 2974 1024 summa
3003 959 3192 1014 divisa
3220 975 3321 1030 per
3346 959 3640 1030 quindecim
3663 964 3738 1019 dat

2181 1061 2497 1100 numerum
2549 1045 2894 1102 indictionis
2951 1053 3249 1118 quartum.
3293 1050 3536 1121 Spatium
3563 1065 3735 1123 quoque

2183 1135 2431 1190 detenta:
2464 1152 2496 1189 a
2530 1133 2751 1190 Latinis
2781 1135 2946 1192 urbis
2975 1136 3339 1192 adamussim
3370 1143 3524 1194 recte
3552 1139 3740 1196 chrono-

2181 1221 2346 1295 logiae
2379 1227 2647 1279 exactum
2676 1224 2748 1280 ab
2806 1225 3138 1298 Acropolita
3199 1226 3475 1297 proditur.
3523 1228 3736 1299 Superius

2182 1312 2396 1386 quippe
2427 1329 2476 1368 c.
2507 1312 2543 1366 2
2569 1313 2826 1369 vidimus
2867 1319 3095 1385 captam
3146 1332 3179 1370 a
3225 1316 3442 1373 Latinis
3487 1319 3742 1374 Constanti-

2183 1400 2442 1472 nopolim
2475 1418 2629 1456 anno
2658 1401 2873 1458 Christi
2907 1404 3079 1471 I203;
3112 1420 3245 1460 cum
3286 1409 3470 1462 autem
3511 1422 3640 1461 nunc
3673 1407 3742 1464 dc-

2183 1489 2461 1545 ﬁniamus
2489 1495 2782 1562 receptam
2813 1509 2847 1547 a
2877 1492 3094 1548 Graecis
3115 1493 3376 1550 eamdem
3409 1494 3568 1550 fuisse
3595 1497 3742 1550 urbem

2185 1595 2336 1634 anno
2381 1579 2594 1634 Christi
2649 1582 2804 1648 1261,
2837 1582 2934 1652 qui
2957 1598 3027 1638 ex
3053 1583 3119 1637 61
3152 1583 3185 1636 3
3216 1583 3570 1650 subtraxerit,
3602 1590 3744 1639 exacte

2184 1668 2436 1739 reperiet
2490 1670 2560 1723 58
2618 1685 2804 1725 annos
2858 1670 3107 1726 dominii
3174 1672 3503 1728 Latinorum
3555 1673 3604 1728 in
3632 1674 3746 1744 regis

424 1759 597 1815 terim
658 1775 690 1814 a
752 1757 1074 1830 Palzeologo
1133 1762 1190 1813 et
1244 1757 1422 1828 hujus
1477 1756 1760 1812 studiosis
1808 1756 2151 1845 exercitreB
2185 1758 2517 1814 Graecorum
2563 1758 2812 1815 civitate.

421 1847 767 1904 ambitionis
793 1857 948 1904 artes
980 1848 1108 1902 istis
1140 1847 1461 1902 honoribus
1489 1864 1521 1901 a
1553 1848 1705 1901 clero
1736 1849 1793 1901 et
1825 1844 2070 1916 patriar-

425 1936 558 2003 cha,
601 1954 635 1992 a
664 1941 869 1992 senatu
919 1941 977 1992 et
1007 1936 1224 2007 populo
1249 1935 1678 2004 eblandiendis,
1707 1933 1873 1989 facile
1902 1933 2075 1988 trium

427 2030 490 2080 et
537 2026 692 2096 quod
737 2027 986 2081 excurrit
1036 2025 1329 2080 mensium
1371 2023 1631 2096 spatium
1665 2024 1930 2095 exigunt,
1961 2039 2078 2093 quo

431 2113 543 2170 sub
575 2115 748 2170 linem
779 2115 1118 2170 Decembris
1149 2114 1452 2187 impetrari
1501 2113 1766 2169 omnium
1799 2111 2076 2168 ordinum

433 2219 726 2259 consensu
751 2203 1004 2275 potuerit
1037 2207 1100 2258 ut
1122 2204 1180 2258 in
1209 2203 1504 2274 proximas
1527 2201 1818 2258 Kalendas
1857 2201 2076 2257 Janua-

436 2293 554 2348 rias
599 2292 960 2348 indiceretur
1018 2293 1148 2348 novi
1209 2291 1580 2364 imperatoris
1637 2290 1941 2346 Michaelis
1971 2290 2078 2346 Pa-

429 2381 658 2452 lmologi
709 2381 1050 2438 acclamatio
1095 2381 1397 2438 solemnis.
1458 2382 1577 2436 Hoc
1608 2380 1694 2436 sic
1751 2383 1951 2436 noster
1979 2396 2080 2435 ex-

423 2470 630 2543 primit
686 2470 798 2526 sub
867 2470 1042 2526 ﬁnem
1075 2471 1286 2542 capitis
1342 2469 1640 2538 29,1.11:
1697 2470 1922 2541 "tho-to
1980 2467 2075 2539 μὲν

424 2555 516 2611 οὖν
563 2561 598 2627 ἡ
652 2559 836 2633 ἡμέρα
887 2565 989 2628 τῆς
1044 2558 1391 2634 ἀναῤῥήσεως
1445 2553 1891 2631 ἑκατομϐαιῶνος
1949 2579 2077 2612 νου-

428 2645 597 2721 μηνία
651 2654 753 2716 τῆς
807 2645 930 2702 τότε
993 2647 1304 2722 τρεχούσης
1362 2644 1610 2722 δευτέρας
1666 2646 2074 2720 ἐπινεμήσεωςο

428 2738 728 2807 Ρνοτβηίια
779 2743 858 2793 est
889 2737 1002 2793 dies
1051 2737 1465 2794 acclamationis
1492 2738 1746 2794 Kalendz
1775 2738 2079 2795 Januarii?

425 2829 700 2884 currentis
729 2836 862 2883 tunc
915 2827 1173 2885 secundae
1231 2827 1578 2884 indictionis.
1613 2828 1746 2884 Fuit
1802 2827 1896 2884 hic
1951 2827 2077 2884 dies

428 2915 656 2988 primus
703 2915 840 2972 anni
898 2916 1116 2972 Christi
1177 2917 1338 2983 1260,
1371 2916 1470 2988 qui
1533 2933 1667 2972 cum
1720 2916 1798 2972 sit
1851 2916 2074 2989 periodi

423 3005 669 3060 Julianm
701 3006 864 3071 5973,
888 3005 1228 3061 indictionis
1260 3022 1563 3062 numerum
1589 3006 1797 3062 habuit
1818 3007 2074 3076 tertium,

425 3096 526 3150 sed
560 3113 593 3150 a
620 3095 945 3165 Septembri
965 3097 1251 3150 duntaxat
1271 3095 1694 3151 inchoandum.
1718 3095 1882 3151 Unde
1913 3101 2068 3151 recte

422 3185 694 3240 convenit
733 3185 889 3256 quod
941 3185 1179 3256 scripsit
1209 3193 1404 3240 noster
1431 3184 1766 3258 historicus,
1800 3185 2069 3241 indictio-

426 3288 559 3328 nem
593 3277 733 3329 tunc
765 3273 956 3328 adhuc
979 3274 1298 3330 secundam
1330 3274 1685 3332 cucurrisse.

499 3395 597 3452 III.
666 3397 806 3452 Post
858 3402 1203 3454 coronatum
1253 3398 1661 3472 Palaeologum,
1691 3398 1791 3471 qui
1824 3400 2077 3457 maxime

434 3483 683 3540 illustris
749 3490 991 3542 eventus
1041 3487 1304 3559 contigit,
1354 3487 1464 3543 fuit
1511 3490 1871 3561 recuperatio
1904 3491 2074 3562 regite

428 3573 594 3628 urbis
675 3575 899 3630 dudum
958 3580 1250 3647 occupata:
1329 3575 1683 3649 insessaeque
1738 3595 1772 3633 a
1828 3578 2072 3635 Latinis.

433 3663 618 3727 Quare
649 3662 830 3735 digna
861 3668 948 3719 est
988 3680 1079 3720 res
1127 3665 1296 3735 cujus
1329 3669 1572 3737 patratae
1619 3670 1854 3739 tempus
1900 3667 2076 3738 paulo

427 3751 768 3825 diligentius
817 3754 1166 3826 exploretur.
1220 3755 1432 3810 Narrat
1490 3755 1654 3811 illam
1715 3764 1912 3813 noster
1939 3757 1979 3812 l.
2013 3775 2075 3829 ιι,

429 3859 479 3897 c.
522 3843 756 3911 26—38,
791 3861 906 3915 pra:
939 3845 1167 3900 cunctis
1188 3844 1319 3900 aliis
1354 3844 1413 3900 in
1437 3845 1546 3901 isto
1578 3853 1928 3918 argumento
1949 3864 2078 3902 ver-

431 3932 576 3988 satis
605 3933 840 4005 copiose
871 3950 937 3988 ac
970 3933 1304 4005 diligenter.
1340 3939 1416 3990 De
1450 3939 1712 4006 tempore
1744 3935 1863 3991 hinc
1884 3935 2076 3992 solum

436 4020 614 4077 tradit
671 4022 780 4078 sub
842 4023 1016 4078 finem
1076 4039 1126 4079 c.
1182 4023 1270 4090 27,
1304 4028 1536 4096 captam
1571 4024 1774 4080 urbem
1805 4043 1839 4080 a
1869 4025 2078 4081 Cesare

429 4107 629 4163 Alexio
661 4109 1068 4182 Strategopulo
1100 4109 1192 4164 die
1234 4114 1448 4166 sancte:
1499 4113 1676 4167 Anna:
1710 4111 1914 4167 matris
1945 4112 2076 4168 Dei-

430 4212 580 4267 parte
628 4214 797 4254 sacra
847 4198 1052 4270 quinta
1083 4202 1141 4254 et
1170 4199 1446 4256 vicesima
1478 4201 1702 4256 mensis
1731 4200 1905 4270 Julii;
1937 4218 2074 4258 nam

426 4301 493 4341 eo
527 4287 619 4342 die
653 4287 833 4342 Graeci
874 4294 932 4344 S.
992 4291 1170 4344 Annae
1231 4291 1592 4357 memoriam,
1657 4291 1840 4361 pridie
1897 4307 2075 4363 quam

430 4375 613 4430 Latini
649 4376 900 4447 soleant,
948 4379 1167 4435 colunt.
1211 4385 1446 4434 Annum
1487 4379 1763 4450 exprimit
1791 4381 2079 4452 Georgius

426 4463 782 4536 Acropolita,
844 4465 1016 4536 cujus
1047 4465 1106 4521 in
1157 4466 1266 4522 hoc
1326 4472 1534 4522 eventu
1585 4468 1764 4524 ﬁnem
1819 4468 2078 4524 historia

2256 1882 2350 1938 ιν.
2383 1883 2576 1938 Restat
2608 1883 2883 1939 ultimum
2933 1901 3000 1940 ex
3039 1884 3356 1956 propositis
3394 1891 3552 1956 caput
3575 1885 3747 1956 epocba

2183 1976 2354 2028 certae
2385 1971 2735 2044 illigandum
2785 1974 3090 2030 excaecatio
3142 1975 3312 2046 pueri
3365 1976 3601 2030 Joannis.
3649 1975 3745 2029 Eam

2183 2065 2384 2118 noster
2429 2078 2532 2133 pro
2583 2062 2859 2118 facinoris
2889 2063 3195 2120 atrocitate
3246 2065 3459 2136 tragice
3504 2063 3747 2136 deplorans

2183 2148 2285 2204 lib.
2321 2167 2406 2218 ιιι,
2440 2166 2496 2206 c.
2554 2151 2642 2218 10,
2697 2151 2928 2207 unicam
2987 2151 3274 2223 temporis
3330 2152 3748 2207 circumstantiam

2184 2242 2365 2305 notat,
2395 2239 2533 2293 dum
2562 2243 2684 2294 tam
2712 2240 3035 2296 immanem
3077 2240 3480 2297 carnificinam
3507 2241 3558 2296 in
3587 2240 3748 2312 pupillo

2181 2325 2512 2397 innocente,
2534 2345 2637 2400 pro
2658 2328 3006 2400 imperatore
3025 2331 3425 2386 Romanorum
3441 2331 3554 2402 jam
3583 2329 3747 2400 agnito,

2182 2417 2494 2473 exercitam
2543 2416 2834 2474 horrendo
2877 2437 3024 2475 ausu
3077 2423 3369 2476 memorat
3412 2419 3500 2475 die
3542 2419 3744 2474 omnium

2183 2506 2580 2576 sanctissima,
2613 2508 3014 2564 anniversaria
3045 2508 3316 2565 videlicet
3343 2508 3547 2564 Natalis
3575 2507 3748 2563 Christi.

2180 2597 2416 2651 Annum
2477 2595 2832 2668 investigare
2858 2614 2964 2653 nos
2993 2602 3243 2670 oportet.
3280 2599 3346 2670 [P
3371 2599 3490 2666 511]
3518 2596 3580 2652 Ut
3623 2611 3751 2668 quam

2181 2684 2447 2756 proxime
2474 2689 2608 2757 post
2636 2687 2867 2742 initium
2901 2703 2934 2742 a
2965 2686 3250 2743 Michaele
3279 2685 3576 2758 Paleologo
3619 2685 3754 2755 impe-

2181 2773 2336 2829 rium
2388 2774 2445 2829 id
2495 2775 2811 2846 opinemur
2867 2776 3111 2841 factum,
3164 2775 3395 2846 subigit
3439 2775 3554 2848 ipse
3592 2773 3756 2844 Pachy-

2181 2879 2390 2933 meres,
2422 2864 2523 2934 qui
2577 2881 2713 2921 cum
2747 2866 2918 2921 modo
2950 2864 3188 2921 laudato
3241 2883 3290 2920 c.
3331 2867 3415 2931 10,
3479 2864 3514 2920 l.
3561 2881 3630 2928 Ill,
3656 2862 3755 2917 scri-

2179 2952 2362 3024 pserit
2385 2957 2672 3009 Joannem
2713 2953 3003 3010 Theodori
3058 2954 3432 3026 imperatoris
3493 2952 3751 3014 heredem.
3839 2947 3846 2958 ’

2179 3043 2415 3114 quando
2446 3047 2768 3099 excaecatus
2811 3047 2921 3114 est,
2985 3044 3165 3099 fuisse
3225 3039 3439 3096 παιδίον
3473 3039 3648 3095 ἁπαλὸν
3694 3038 3754 3091 καὶ

2097 3145 2144 3218 α
2185 3128 2355 3204 μηδὲν
2387 3128 2464 3184 ἔτι
2502 3128 2697 3206 σχεδὸν
2729 3131 2932 3193 τελέως
2961 3130 2995 3200 ἢ
3039 3131 3103 3186 τὸ
3151 3130 3368 3207 χαίρειν
3396 3132 3430 3201 ἢ
3460 3129 3755 3218 colonicos!

2194 3220 2384 3292 μαθὸν,
2443 3219 2533 3274 καί
2583 3221 2635 3294 γ’
2693 3219 2744 3276 ἐν
2805 3218 2907 3293 ἷ¹σῳ
2955 3221 3242 3294 τιθέμενον
3301 3221 3364 3275 τό
3417 3222 3463 3274 τ’
3497 3216 3656 3294 ἄρχειν
3696 3216 3757 3269 xxi

2187 3310 2473 3384 ἄρχεσθαι,
2530 3316 2588 3366 et
2645 3311 2820 3384 paulo
2873 3312 3123 3367 inferius
3189 3314 3291 3364 τοῦ
3352 3310 3568 3387 βρέφους
3618 3305 3754 3379 μικρὸν

2189 3394 2563 3475 ὑπερϐεϐηκὸς
2624 3396 2861 3454 παιδίον.
2915 3401 3047 3457 Jam
3080 3405 3279 3456 tamen
3311 3400 3350 3456 l.
3405 3418 3443 3470 ι,
3475 3417 3522 3466 c,
3554 3401 3624 3465 13,
3648 3398 3755 3452 affir-

2188 3494 2449 3545 maverat
2480 3491 2778 3561 eumdem,
2809 3507 2943 3546 cum
3003 3495 3092 3546 est
3122 3493 3254 3561 ejus
3288 3494 3451 3562 pater
3491 3487 3753 3544 Theodorus

2189 3584 2480 3644 mortuus,
2539 3580 2719 3635 fuisse
2773 3595 3120 3635 novennem.
3181 3580 3334 3636 Huic
3391 3579 3536 3635 enim
3583 3575 3700 3631 aetati
3721 3572 3750 3626 si

2188 3671 2308 3723 tres
2338 3671 2662 3738 quatuorve
2693 3667 2828 3722 anni
2863 3668 3230 3732 accederent,
3254 3668 3380 3737 jam
3416 3667 3465 3722 is
3495 3680 3645 3735 prope
3683 3677 3753 3731 pu-

2189 3757 2478 3812 bertatem
2529 3755 2844 3826 attigisset,
2898 3757 3136 3826 quando
3176 3763 3271 3811 est
3335 3761 3646 3814 excaecatus,
3686 3763 3756 3804 nec

2191 3863 2333 3902 sane
2363 3847 2508 3901 dicit
2533 3852 2734 3918 posset
2764 3848 3048 3918 puerulus
3078 3847 3320 3919 paulum
3341 3848 3504 3902 modo
3523 3842 3754 3900 infantiam

2191 3936 2498 3992 excedens:
2554 3946 2611 3990 et.
2669 3936 3024 4008 imperandi,
3087 3952 3152 3991 ac
3211 3935 3479 4007 parendi,
3535 3928 3757 4005 gaudendi

2191 4023 2548 4096 dolondiquc
2579 4024 2897 4080 discrimen
2933 4025 3238 4097 ignorans.
3267 4029 3390 4080 Imo
3412 4024 3457 4080 si
3479 4028 3611 4077 recte
3634 4017 3756 4072 ratio-

2193 4129 2298 4169 nes
2330 4113 2624 4185 ponimus,
2670 4118 3196 4185 quantumcunque
3253 4113 3582 4170 festinemus
3617 4110 3660 4162 in
3693 4120 3754 4160 re-

2193 4203 2602 4274 praisentando
2657 4202 2875 4258 crudeli
2931 4203 3070 4273 regii
3135 4204 3300 4274 pueri
3377 4191 3757 4273 supplicio,vix

2195 4291 2522 4362 poterimus
2552 4291 2788 4362 assequi
2839 4298 2906 4346 ut
2947 4291 3268 4347 verisimile
3319 4291 3609 4346 reddamus
3647 4278 3756 4355 quod

2195 4379 2268 4435 de
2312 4384 2432 4435 tam
2483 4379 2798 4435 immatura
2854 4380 3250 4436 teneritudine
3298 4378 3536 4450 pueruli,
3586 4370 3754 4445 quando

2195 4474 2285 4524 est
2339 4473 2704 4538 excecatus,
2761 4470 3091 4526 affirmatur
3147 4486 3181 4524 a
3237 4475 3472 4525 nostro.
3516 4465 3759 4536 Fingamus

430 4568 549 4607 suis
581 4516 936 4626 (deﬁgentis‘
973 4555 1151 4610 verba
1208 4555 1328 4610 hinc
1386 4553 1667 4628 leguntur
1726 4573 1783 4629 p.
1848 4559 1948 4613 100
1981 4559 2074 4614 ed.
2109 4516 2158 4580 Β
2187 4557 2342 4614 enim
2376 4557 2461 4612 vel
2499 4516 2840 4630 primo’ipso
2867 4557 2962 4614 sui
2994 4558 3364 4630 principatus
3394 4572 3537 4613 anno
3563 4516 3758 4608 sgvitiim

431 4640 612 4711 Heg.:
686 4639 786 4696 Καὶ
859 4642 893 4710 ἡ
965 4642 1372 4698 Κωνσταντίνου
1437 4644 1670 4719 προνοίᾳ
1739 4648 1873 4700 Θεοῦ
1931 4643 2082 4708 αὖθις

427 4727 530 4782 ὑπὸ
589 4733 750 4806 χεῖρα
782 4735 877 4785 τοῦ
913 4729 1180 4807 βασιλέως
1221 4736 1328 4787 τῶν
1362 4733 1652 4805 Ῥωμαίων
1686 4733 1895 4809 ἐγένετο
1945 4735 2083 4790 κατὰ

427 4814 596 4891 λόγον
648 4815 858 4874 δίκαιόν
913 4841 972 4875 τε
1027 4821 1118 4876 καὶ
1174 4824 1523 4895 προσήκοντά
1554 4821 1790 4880 Ἰουλίου
1824 4824 2077 4893 εἰκοστὴν

425 4904 515 4960 καὶ
575 4908 831 4980 πέμπτην
895 4907 1164 4986 ἄγοντος,
1222 4907 1390 4982 οὔσης
1455 4909 1826 4984 ἐπινεμήσεως
1885 4913 2078 4988 τετάρ-

422 5015 545 5067 της,
603 4996 692 5051 καὶ
754 4998 859 5052 ἀπὸ
918 4999 1178 5074 γενέσεως
1235 4999 1445 5073 κόσμου
1503 4993 1653 5062 ἔτους
1685 4998 2078 5078 ὅντοςυςψξθζ

429 5085 532 5139 ὑπὸ
590 5089 698 5140 τῶν
761 5087 974 5164 ἐχθρῶν
1037 5090 1380 5164 κρατουμένη
1454 5091 1687 5166 χρόνους
1744 5094 2081 5162 πεντήκοντα

426 5173 516 5230 καὶ
553 5173 722 5234 ὀκτώ.
757 5180 818 5234 Et
873 5180 1394 5251 Constantina/uotis.
1409 5181 1763 5250 providentia
1810 5185 1909 5238 Dei
1948 5201 2078 5238 rur-

427 5283 518 5321 sus
542 5267 642 5322 sub
699 5285 871 5324 manu
929 5271 1280 5341 imperatoris
1341 5269 1710 5326 Romanorum
1749 5271 1886 5337 fuit,
1918 5281 2080 5342 prout

429 5357 580 5412 723
618 5358 836 5429 justum
885 5363 936 5414 et
977 5360 1302 5415 conveniens
1349 5367 1487 5426 erat,
1539 5359 1684 5415 Julii
1739 5362 1946 5415 mensis
1992 5361 2082 5416 die

423 5444 616 5514 quinto
649 5451 701 5501 et
731 5449 1011 5516 vicesimo,
1047 5447 1354 5504 indictione
1380 5455 1602 5519 quarta,
1647 5463 1795 5503 anno
1838 5449 1904 5504 ab
1955 5450 2081 5505 orbe

423 5535 639 5589 condito
667 5536 831 5605 6769,
859 5541 1142 5609 post-gnam
1171 5535 1232 5591 in
1278 5540 1550 5608 potestate
1584 5535 1826 5592 hostium
1883 5539 2103 5609 fuisset.

427 5621 599 5677 annis
628 5625 1035 5695 quinquaginta
1084 5628 1216 5680 octo.
1269 5624 1364 5681 Sic
1404 5623 1756 5696 Acropolita,
1807 5632 2080 5684 accurato

2192 4651 2312 4702 tam
2363 4647 2636 4714 atrociter
2691 4646 3032 4705 aMiehaele
3084 4646 3409 4719 Palaeologo
3441 4647 3492 4700 in
3540 4635 3756 4714 pupillum

2193 4735 2511 4791 insontem.
2542 4740 2688 4792 Cum
2722 4736 2772 4791 is
2796 4753 3007 4801 annus,
3033 4740 3099 4791 ut
3120 4737 3404 4804 diximus,
3437 4733 3592 4788 fuerit
3607 4721 3758 4783 Christi

2195 4824 2354 4893 1260,
2385 4825 2435 4879 si
2470 4825 2594 4893 jam
2628 4830 2774 4890 tum,
2807 4826 3044 4896 quando
3078 4826 3422 4881 Theodorus
3448 4819 3658 4878 Joannis
3686 4827 3756 4886 μα’

2193 4913 2314 4986 pilli
2349 4921 2510 4985 pater
2536 4916 2798 4982 Augusto
2824 4931 3025 4970 mense
3047 4914 3188 4970 anni
3221 4914 3364 4970 1259
3407 4914 3581 4967 vivere
3621 4904 3754 4963 desiit.

2192 5001 2319 5072 ipse
2341 5002 2466 5072 jam
2494 5003 2776 5058 novennis
2814 5003 3024 5072 fuerat,
3055 5007 3119 5058 ut
3179 5002 3548 5074 Pachymeres
3581 4991 3750 5051 asserit.

2194 5089 2399 5161 utique
2429 5091 2500 5144 25
2530 5091 2865 5147 Decembris
2893 5091 2985 5147 dic
3018 5091 3156 5146 anni
3194 5091 3351 5160 1260,
3402 5093 3552 5146 sexto
3592 5080 3754 5138 decimo

2191 5179 2463 5235 videlicet
2493 5184 2622 5248 post
2654 5197 2875 5247 mense,
2911 5179 3272 5236 undecennis
3307 5178 3484 5234 fuisse
3525 5173 3756 5229 debuerat.

2192 5269 2364 5339 cujus
2395 5269 2584 5324 aetatis
2626 5271 2810 5339 pueri,
2845 5271 3171 5341 praesertim
3201 5268 3434 5325 educati
3465 5264 3621 5336 regie,
3649 5253 3753 5313 haud

2191 5357 2384 5414 solent
2412 5357 2565 5414 724
2596 5359 2890 5426 gaudendi
2932 5357 3284 5428 dolendique
3314 5357 3565 5428 ignorare
3605 5343 3756 5404 discri-

2191 5463 2348 5503 men.
2383 5445 2510 5502 Haac
2541 5447 2686 5502 mihi
2718 5464 2898 5503 causa
2927 5447 3204 5519 opinandi
3233 5453 3328 5502 cst
3378 5458 3567 5516 parum
3615 5437 3756 5527 ειη.ιο

2192 5537 2487 5609 PPOdit.tm
2546 5556 2580 5592 a
2637 5537 2990 5608 Pachymeie
3043 5534 3290 5594 Joannis
3321 5533 3478 5605 pueri
3505 5532 3752 5586 atatemln

2193 5624 2376 5697 patris
2413 5630 2618 5682 morte.
2652 5625 2970 5698 Potiusque
2999 5625 3288 5684 assentior
3305 5621 3541 5694 Georgio
3565 5620 3752 5682 Αωῡρο·
