3984 6202
261 310 412 368 1181

1710 315 2323 373 CHRONOLOGICUS.

3546 323 3686 379 1182

260 432 410 500 litae,
442 432 543 504 qui
574 449 625 489 c.
657 432 730 487 75
761 448 879 488 suis
911 432 1382 499 Historiw,relata
1410 437 1596 489 morte
1626 434 1917 491 Theodori
1951 440 2006 506 Α
2038 456 2167 496 nem
2213 443 2342 512 ejus
2386 446 2607 514 patrem
2657 443 2911 500 moriens
2957 443 3273 515 reliquerat
3320 448 3574 502 viduam.
3608 450 3681 504 Ac

261 525 345 580 de
400 524 511 580 hoc
570 524 702 593 ejus
761 522 882 577 ﬁlio
940 522 1184 591 scribit;
1230 521 1290 577 Ὁ
1352 521 1449 594 μὲν
1508 523 1622 584 υἱὸς
1678 527 1775 578 τοῦ
1837 524 1934 598 βα-

260 610 468 674 σιλέως
521 609 814 686 Θεοδώρου
861 611 888 664 ὁ
950 611 1206 681 Ἰωάννης
1266 609 1404 664 πάνυ
1453 612 1654 689 ἀφῆλιξ
1700 612 1929 688 ἐτύγχα-

260 701 489 777 νενθῶν
542 700 595 755 ἐν
666 705 748 772 τῷ
805 706 979 775 καιρῷ
1036 707 1137 769 τῆς
1188 699 1447 769 τελευτῆς
1504 706 1599 755 τοῦ
1661 700 1930 777 βασιλέως

265 792 365 848 καὶ
424 793 669 868 πατρὸς’
731 790 875 848 οὕτω
931 790 1032 866 γὰρ
1085 789 1310 845 τελείων
1365 790 1621 847 ἐνιαυτῶν
1683 793 1931 868 ὑπῆρχεν

267 881 441 936 dic-utr
475 884 547 938 Ac
588 883 744 953 filius
792 880 1012 953 quidem
1059 881 1412 952 imperatoris
1465 883 1730 939 Theodori
1751 890 1928 942 Joan-

256 990 364 1029 nes
395 973 553 1028 valde
582 976 904 1027 immaturae
932 972 1040 1040 fuit
1091 973 1299 1040 aetatis,
1357 972 1574 1042 quando
1626 972 1933 1043 imperator

259 1066 391 1131 eius
422 1066 593 1133 pater
642 1069 721 1116 est
777 1069 1032 1115 mortuas
1095 1076 1109 1114 :
1160 1077 1375 1115 annum
1432 1063 1629 1133 quippe
1684 1062 1930 1117 nondum

258 1157 521 1209 octavum
546 1150 893 1222 impleverat.
928 1149 1014 1204 Ita
1038 1148 1279 1205 ille.Hoc
1313 1151 1550 1205 omnino
1585 1152 1924 1209 tenendum.

261 1245 509 1298 Certum
541 1256 711 1312 porro
743 1242 834 1294 est
853 1242 989 1294 ante
1019 1243 1312 1309 receptam
1352 1238 1923 1311 Constantinopolim

263 1334 329 1386 et
360 1329 680 1386 solemnem
710 1326 1015 1383 Michaelis
1044 1324 1354 1400 Palaeologi
1399 1329 1641 1400 Augusti
1704 1329 1761 1384 in
1794 1346 1923 1385 eam

269 1420 632 1491 ingressum,
665 1419 767 1489 qui
796 1417 892 1473 die
922 1417 992 1470 15
1021 1417 1244 1472 mensis
1290 1419 1541 1489 Augusti
1596 1435 1750 1473 anno
1784 1420 1917 1474 1261

266 1512 547 1579 peractus
576 1511 686 1574 est,
742 1522 855 1562 non
896 1506 1079 1561 fuisse
1131 1522 1378 1576 puerum
1424 1506 1713 1561 Joannem
1746 1524 1921 1562 excae-

262 1602 490 1653 catum.
520 1595 706 1651 Multa
737 1595 896 1650 enim
926 1612 1051 1665 quae
1082 1596 1467 1666 Pachymcres
1500 1614 1533 1650 a
1564 1612 1613 1650 c.
1649 1596 1919 1663 33,1ib.n,

259 1687 334 1742 ad
366 1686 424 1755 9,
452 1684 556 1741 lib.
588 1701 674 1752 ιιι,
702 1684 1260 1752 memorat,omuino
1296 1690 1426 1753 post
1456 1690 1687 1755 captam
1717 1686 1919 1741 urbem

2041 529 2091 584 si
2121 531 2313 600 spatia
2341 533 2518 589 rebus
2547 549 2616 588 ea
2645 534 2953 589 occasione
3003 536 3151 591 actis
3208 550 3468 606 congrua
3498 537 3689 593 dime-

2042 618 2243 688 timur,
2294 626 2448 676 certe
2494 621 2896 694 intelligemus
2964 640 3079 677 non
3143 623 3407 694 potuisse
3458 628 3687 681 Arsenii

2039 710 2393 767 evectionem
2409 715 2479 767 ad
2496 715 2954 784 patriarchatum
2973 721 3108 770 ante
3125 732 3382 772 mensem
3404 718 3453 786 ej
3467 734 3532 771 us
3551 719 3691 773 anni

2042 796 2315 853 ultimum
2353 800 2497 855 fieri.
2533 802 2677 858 Nam
2728 803 3054 874 penultimo
3111 804 3422 859 Novembri
3482 821 3685 876 perso-

2036 884 2179 941 lutis
2211 888 2502 944 decessori
2562 892 2790 959 parenti
2846 893 3153 948 funeribus
3202 894 3407 963 justis,
3465 894 3685 950 delibe-

2034 976 2185 1031 ratio
2219 977 2289 1031 de
2321 978 2657 1048 patriarcha
2687 980 2835 1036 inita
2878 986 2967 1036 est
3000 999 3033 1035 a
3063 983 3387 1038 Theodoro.
3426 983 3683 1038 Primum

2035 1081 2149 1136 que
2181 1066 2384 1121 multis
2415 1069 2861 1141 circumspectis
2892 1070 2951 1125 in
2982 1070 3303 1142 Nicephoro
3336 1073 3680 1141 Blemmida,

2033 1170 2146 1223 quo
2176 1154 2561 1228 philosophia:
2601 1158 2881 1231 magistro
2931 1176 3119 1215 novus
3168 1161 3496 1232 imperator
3538 1178 3684 1217 usus

2034 1243 2243 1312 fuerat,
2274 1244 2603 1317 designatio
2636 1246 2919 1303 consedit.
2953 1248 3163 1304 Verum
3209 1248 3332 1318 illo,
3366 1256 3682 1323 postquam

2031 1330 2205 1404 longe
2234 1334 2450 1390 absens
2500 1335 2781 1392 invitatus
2830 1340 2920 1392 est
2968 1353 3070 1408 per
3108 1339 3369 1401 nuntios,
3401 1340 3681 1395 honorem

2029 1421 2416 1487 detrectante,
2451 1440 2601 1479 nova
2628 1425 2937 1497 inquisitio
2960 1425 3119 1495 digni
3152 1426 3255 1481 tali
3283 1426 3409 1483 loco
3440 1428 3547 1482 viri
3580 1430 3683 1483 de-

2029 1511 2123 1565 siit
2150 1511 2208 1566 in
2256 1513 2537 1585 Arsenio;
2589 1517 2687 1584 qui
2736 1515 2988 1571 oblatam
3042 1516 3388 1587 dignitatem
3435 1516 3685 1572 libenter

2028 1601 2348 1657 admittens
2392 1620 2460 1657 ex
2505 1605 2861 1659 monasterio
2924 1606 2993 1659 ad
3042 1604 3235 1660 lacum
3280 1604 3681 1676 Apolloniadis

2026 1690 2160 1756 sito,
2195 1691 2296 1745 ubi
2327 1691 2505 1747 vitam
2534 1692 2864 1764 religiosam
2895 1694 3219 1760 exercebat,
3267 1694 3517 1750 Nicmam
3546 1713 3678 1768 pro-

264 1778 327 1829 et
371 1777 506 1829 ante
547 1772 831 1829 Joannem
881 1777 1231 1827 excaecatum
1274 1773 1594 1845 contigisse
1642 1774 1917 1844 Oportuit.
1949 1795 1997 1859 B
2029 1778 2238 1851 fectus,
2272 1780 2350 1835 ibi
2401 1781 2590 1852 spatio
2645 1781 3031 1837 hebdomadis
3084 1783 3262 1838 unius
3310 1784 3449 1854 (non
3504 1785 3679 1839 unius

266 1862 420 1927 Quia
448 1878 584 1917 vero
615 1879 722 1918 nec
757 1877 1002 1917 numero
1035 1877 1139 1915 nec
1168 1877 1381 1932 genere
1435 1862 1536 1917 illa
1588 1862 1730 1917 talia
1783 1868 1923 1917 sunt

264 1956 330 2007 ut
361 1952 558 2022 majus
589 1950 1007 2022 quadrimestri
1041 1949 1303 2021 spatium
1337 1950 1567 2021 exigere
1591 1951 1919 2020 videantur,

261 2040 436 2111 plane
468 2057 683 2096 censeo
712 2039 892 2109 hujus
916 2040 1181 2108 ejusdem
1215 2039 1355 2092 anni
1392 2040 1521 2093 1261
1571 2039 1666 2093 die
1722 2044 1919 2095 octavo

260 2130 391 2185 Kal.
423 2129 765 2198 Januarias,
798 2129 1011 2184 Christi
1049 2133 1350 2199 nempe,ut
1379 2127 1765 2199 Pachymeres
1798 2132 1918 2184 tra-

261 2219 369 2286 dit,
405 2219 779 2287 natali,jussu
816 2218 1063 2273 barbaro
1086 2217 1298 2272 tutoris
1321 2221 1379 2272 et
1406 2216 1639 2288 collega:
1664 2217 1913 2274 Michae-

260 2307 340 2364 lis
387 2307 693 2380 Palazologi
737 2309 1018 2363 Joannem
1066 2312 1393 2378 Augustum
1447 2324 1691 2378 puerum
1745 2306 1916 2378 paulo

266 2398 552 2467 majorem
583 2397 833 2453 novenni
873 2397 1051 2451 fuisse
1099 2396 1421 2450 luminibus
1470 2397 1733 2450 orbatus.
1772 2394 1910 2450 etin

268 2492 549 2541 aeternam
603 2486 931 2542 custodiam
985 2485 1135 2540 arcis
1186 2485 1510 2556 Dncybitza:
1590 2486 1912 2550 conddunn,

266 2580 433 2630 sexto
462 2591 619 2630 anno
646 2578 904 2629 vertente
936 2574 1007 2628 ab
1063 2573 1513 2643 inauguratione
1555 2573 1737 2643 patris
1786 2574 1914 2643 ejus

266 2664 579 2732 Theodori,
620 2662 743 2731 tali,
778 2670 841 2717 ut
872 2662 1150 2727 vidimus,
1209 2663 1300 2716 die
1349 2663 1534 2717 sacris
1584 2664 1642 2717 in
1696 2662 1912 2734 templo

259 2751 629 2808 caeremoniis
660 2756 911 2823 peracta.

922 2874 1153 2930 CAPUT
1194 2875 1259 2928 V.

264 2974 641 3044 Chronologia
670 2974 1167 3045 patriarcharum,
1198 2972 1440 3045 Arsem'i,
1496 2972 1821 3045 Nicephori,
1860 2978 1912 3028 et

335 3050 542 3102 iterum
574 3044 809 3107 Arsenii,
842 3044 942 3116 qui
968 3046 1067 3099 sub
1098 3044 1359 3100 Michaele
1388 3045 1703 3115 Palmotogo
1730 3044 1911 3100 sedem

330 3116 1018 3188 Comlantinopotitarzam
1044 3120 1365 3171 tenuerunt.

328 3234 374 3289 Ι.
410 3232 595 3289 Multa
625 3237 763 3287 sunt
806 3231 864 3286 in
907 3235 1167 3301 tempere
1215 3230 1540 3301 ingressus,
1601 3230 1812 3301 exitus,
1841 3229 1901 3284 in

250 3323 465 3395 spatiis
495 3321 623 3377 vitae
647 3337 711 3376 ac
745 3322 901 3376 sedis
930 3320 1136 3374 horum
1172 3319 1634 3389 patriarcharum
1670 3320 1750 3374 ita
1767 3335 1907 3374 con-

251 3412 409 3480 fusa,
429 3413 492 3465 ut
521 3408 660 3465 viris
690 3409 866 3464 etiam
901 3408 1133 3480 magnis
1163 3425 1275 3462 non
1310 3408 1675 3463 occasionem
1709 3408 1903 3478 modo,

249 3501 357 3555 sed
392 3497 805 3554 necessitatem
838 3496 1071 3552 errandi
1104 3496 1440 3566 objecerint.
1478 3497 1650 3568 Atqui
1694 3514 1807 3551 non
1842 3501 1908 3551 ut

250 3587 364 3658 illi,
397 3588 608 3644 horum
643 3603 771 3658 qua:
815 3587 1073 3657 primum
1128 3586 1302 3640 modo
1356 3586 1689 3656 produntur
1719 3585 1905 3640 desti-

249 3677 369 3733 tuti
400 3676 528 3732 luce
570 3681 1107 3743 monumentorum,
1157 3675 1301 3729 citra
1342 3673 1572 3745 culpam
1623 3678 1679 3729 et
1708 3689 1904 3743 repre-

250 3765 561 3822 hensionis
586 3768 761 3836 justaa
815 3764 1089 3819 meritum
1144 3764 1201 3817 in
1240 3762 1332 3817 his
1393 3763 1673 3817 titubasse
1702 3766 1905 3831 potue-

248 3861 417 3921 runt,
470 3853 641 3910 nobis
701 3855 863 3919 item,
914 3853 963 3909 si
1013 3852 1153 3925 quid
1206 3852 1646 3918 offenderimus,
1694 3850 1904 3906 similis

248 3945 436 4001 veniae
463 3942 717 3998 conditio
751 3959 814 3997 ac
847 3958 982 4012 spes
1014 3941 1359 3997 ostenditur.
1396 3941 1604 4009 Quare,
1638 3940 1749 3995 nisi
1800 3941 1906 3995 de-

250 4038 393 4092 bere
422 4032 695 4087 volumus
728 4031 955 4102 [13.512]
992 4030 1233 4085 multam
1257 4030 1623 4100 negligentia:
1646 4028 1903 4097 nomine,

252 4121 644 4181 annitendum
679 4125 768 4175 est
800 4120 968 4175 nobis
1004 4124 1060 4175 et
1094 4136 1194 4190 pro
1228 4119 1377 4174 virili
1430 4119 1901 4175 contendendum

249 4213 316 4268 in
352 4212 464 4267 isto
493 4208 674 4265 semel
707 4208 792 4263 sic
825 4209 1123 4280 purgando
1159 4207 1304 4274 loco,
1353 4214 1415 4262 ut
1467 4200 1600 4263 eum
1633 4207 1904 4277 deinceps

247 4301 342 4357 vel
378 4297 688 4354 mediocris
721 4296 966 4353 attentio
999 4296 1247 4367 legentis
1289 4297 1570 4355 inoll'enso
1604 4301 1780 4369 queat
1807 4312 1902 4351 ve-

247 4390 432 4461 stigio
464 4389 793 4443 decurrere.
825 4385 942 4442 Hoc
975 4386 1250 4457 deinceps
1282 4386 1646 4442 conabimur.
1695 4386 1904 4441 Sedem

244 4474 961 4547 Constantinopolitanam
992 4474 1317 4545 imperante
1357 4475 1636 4531 Michaele
1682 4474 1897 4532 Palam-

246 4569 384 4639 logo
418 4565 681 4637 quinque
712 4564 951 4618 omnino
1013 4564 1306 4635 patriarcae
1362 4569 1716 4636 tenuerunt;
1749 4581 1889 4637 quo-
1927 4557 1975 4619 D

244 4673 382 4714 rum
418 4671 573 4711 unus
604 4653 783 4710 etiam
808 4652 1088 4709 Arsenius
1113 4652 1197 4708 illi
1230 4655 1495 4710 Ecclesiae
1528 4656 1618 4710 bis
1644 4655 1894 4727 praefuit.

245 4747 513 4803 Priorem
584 4744 762 4813 hujus
831 4742 1293 4813 patriarchatum
1365 4745 1438 4799 ab
1477 4762 1631 4799 anno
1680 4744 1897 4801 Christi

248 4838 394 4892 1255
434 4833 744 4906 procedere
800 4838 921 4887 tam
977 4838 1199 4887 certum
1251 4837 1361 4897 est,
1412 4850 1589 4905 quam
1630 4833 1729 4889 illo
1768 4833 1897 4906 ipso

245 4941 407 4983 anno
456 4922 826 4979 Theodorum
893 4921 1185 4977 Lascariin
1248 4922 1550 4978 Juniorem
1609 4922 1898 4995 imperare

246 5013 536 5085 coepisse;
571 5012 723 5083 quod
774 5009 1066 5082 capitibus
1110 5010 1245 5067 libri
1300 5014 1479 5082 hujus
1529 5012 1697 5067 tertio
1746 5012 1891 5069 725

239 5110 305 5162 et
335 5110 542 5176 quarto
574 5100 1137 5156 demonstravimus.
1174 5102 1496 5167 Etenim,ut
1526 5101 1743 5159 diserte
1764 5118 1895 5158 ocu-

242 5196 408 5251 latus
437 5193 605 5247 testis
636 5194 693 5244 et
720 5195 925 5244 auctor
954 5190 1215 5259 cujusvis
1249 5190 1328 5245 rei
1373 5189 1671 5262 loocuples
1716 5192 1893 5246 Acro-

240 5283 431 5356 polita
461 5280 745 5350 Georgius
773 5280 971 5342 tradit,
1008 5282 1366 5335 acclamatus
1400 5281 1717 5351 imperator
1745 5281 1896 5337 The-

236 5374 463 5431 odorus
488 5374 618 5442 post
640 5366 821 5440 patris
843 5367 1085 5423 Joannis
1116 5374 1518 5441 mortem,quze
1549 5368 1651 5424 illo
1682 5369 1895 5425 Christi

236 5478 398 5521 anno
431 5461 571 5516 1125
599 5456 772 5512 tertio
807 5455 925 5511 Kal.
973 5456 1331 5513 Novlimbres
1362 5458 1628 5530 contigit,
1690 5475 1891 5514 curam

240 5550 514 5611 omnium
564 5547 818 5620 primam
868 5546 1066 5616 posuit
1112 5546 1173 5602 in
1211 5546 1567 5618 providendo
1626 5546 1892 5605 Ecclesia:

238 5643 501 5716 pastore,
534 5651 714 5708 quam
747 5632 1076 5707 patriarcha
1106 5634 1337 5691 Manuel
1362 5634 1535 5708 paulo
1566 5641 1699 5693 ante
1719 5636 1892 5696 Joan~

2028 1867 2164 1936 diei,
2230 1873 2293 1923 ut
2366 1887 2666 1941 perperam
2733 1872 2974 1941 ponitur
3028 1872 3182 1944 apud
3240 1872 3676 1943 Spondanum),

2029 1956 2227 2024 unius,
2256 1956 2518 2027 inquam,
2555 1959 2937 2015 hebdomadis
2986 1961 3175 2031 spatio
3234 1960 3540 2026 diaconus,
3579 1978 3675 2015 sa-

2026 2046 2229 2100 cerdos
2260 2053 2317 2100 et
2350 2048 2684 2116 patriarcha
2714 2048 3019 2103 ordinatus
3068 2054 3176 2103 est.
3231 2048 3510 2120 Idemque
3541 2066 3677 2104 mox

2025 2133 2239 2190 ritibus
2270 2134 2329 2189 in
2360 2136 2607 2191 ecclesia
2636 2137 2933 2193 consuetis
2979 2137 3353 2193 Theodorum
3399 2139 3671 2193 eumdem

2026 2222 2431 2296 imperatorem
2464 2227 2781 2282 coronavit.

2098 2349 2167 2404 ll.
2203 2349 2381 2403 Nemo
2432 2368 2545 2405 non
2578 2352 2733 2406 videt
2780 2352 2835 2405 in
2891 2352 2983 2407 his
3032 2352 3201 2407 facile
3253 2353 3521 2408 consumi
3570 2354 3668 2407 de-

2026 2437 2613 2493 latisseintnrvallum
2660 2440 3255 2512 sesquimcnstruum,
3304 2446 3369 2495 ut
3417 2441 3509 2495 vix
3541 2448 3666 2495 Ian-

2022 2528 2151 2580 dcm
2188 2528 2297 2581 sub
2324 2527 2582 2581 medium
2613 2529 2985 2584 Decembrem
3038 2529 3466 2601 possessionem
3503 2530 3663 2583 adire

2023 2614 2452 2684 patriarchatus
2499 2617 2781 2670 Arsenius
2838 2618 3108 2686 potuerit.
3164 2617 3310 2681 Quia
3370 2632 3561 2687 porro,
3597 2621 3663 2671 ut

2023 2707 2185 2757 notat
2230 2703 2580 2774 Acropolita,
2628 2705 2970 2760 Theodorus
3015 2706 3336 2776 imperator
3382 2711 3656 2760 evocatus

2022 2792 2461 2863 Adrianopolim
2492 2793 2855 2848 instantibus
2903 2795 3122 2857 causis,
3167 2794 3438 2865 eXpedire
3472 2810 3533 2848 se
3564 2794 3665 2849 Ni-

2021 2895 2145 2933 caeae
2197 2881 2505 2935 festinabat
2556 2882 2891 2937 necessaria
2946 2883 3289 2938 caeremonia
3346 2883 3664 2952 inaugura-

2020 2967 2193 3023 tionis
2223 2986 2363 3033 suae,
2396 2985 2522 3039 quae
2556 2970 2745 3041 prima
2776 2971 2825 3025 ei
2858 2976 2992 3042 apta
3026 2988 3088 3025 se
3128 2970 3345 3025 obtulit
3376 2970 3498 3024 dies
3531 2970 3666 3040 (fuit

2018 3072 2086 3111 ea
2114 3056 2327 3113 Christi
2366 3058 2618 3125 natalis),
2652 3058 2711 3112 in
2745 3075 2812 3113 ea
2842 3058 3026 3113 sacris
3078 3060 3332 3130 primum
3384 3062 3662 3129 operante

2023 3145 2351 3216 patriarcha
2376 3146 2694 3202 solemnem
2753 3147 2811 3202 in
2866 3147 3081 3218 templo
3131 3147 3559 3202 coronationem
3595 3162 3660 3200 ac

2016 3236 2167 3306 cepit
2197 3235 2290 3289 die
2319 3236 2391 3288 25
2438 3236 2794 3303 Decembris,
2827 3254 2860 3291 a
2891 3253 3008 3307 qua
3050 3236 3164 3301 die,
3220 3253 3348 3307 quae
3382 3240 3543 3290 sexta
3572 3240 3660 3289 est

2010 3329 2336 3390 numerata,
2394 3324 2732 3380 Decembris
2790 3327 2860 3381 30
2918 3326 3211 3380 horrenda
3256 3325 3401 3380 solis
3453 3324 3659 3395 eclipsi

2009 3412 2118 3467 fuit
2152 3412 2729 3485 insignis.Habemus
2752 3430 2819 3468 ex
2850 3413 2940 3468 his
2971 3414 3205 3468 initium
3239 3414 3397 3468 sedis
3428 3413 3656 3468 Arsenii

2010 3503 2169 3558 omni
2220 3503 2499 3559 ﬁrmitate
2541 3504 2926 3558 constitutum
2997 3503 3055 3557 in
3108 3520 3307 3557 mense
3358 3493 3662 3557 Decembri

2011 3592 2384 3647 anui1255a
2427 3591 2657 3648 Christo
2709 3598 2865 3648 nato.
2922 3592 3313 3647 Perseveravit
3369 3591 3506 3645 inde
3558 3590 3657 3645 ille

2008 3680 2067 3735 in
2119 3680 2442 3751 tranquilla
2494 3682 2787 3735 fonctione
2843 3681 3277 3751 patriarchatus
3343 3696 3533 3749 usque
3584 3679 3654 3733 ad

2011 3774 2255 3824 mortem
2290 3769 2579 3824 Theodori
2610 3770 3137 3839 imperatoris,quae
3171 3784 3371 3823 mense
3395 3772 3657 3836 Augusto

2009 3859 2145 3914 anni
2171 3858 2383 3913 Christi
2418 3859 2555 3912 1259
2585 3858 2799 3926 evenit,
2834 3874 3057 3912 necnon
3091 3874 3279 3928 usque
3310 3858 3380 3910 ad
3404 3856 3651 3909 evectio-

2009 3962 2143 4002 nem
2168 3946 2227 4001 in
2254 3947 2563 4017 imperium
2586 3945 2886 4001 Michaelis
2903 3944 3415 4016 Palaeologi,quem
3446 3947 3500 3998 et
3522 3960 3652 3998 coro

2009 4034 2251 4099 navit,et
2279 4035 2513 4106 quidem
2545 4035 2971 4100 solum,contra
3000 4051 3175 4105 quam
3212 4038 3497 4089 statutum
3526 4032 3652 4085 tuo-

2008 4129 2136 4194 rat;
2169 4125 2322 4196 quod
2358 4125 2468 4179 fuit
2498 4123 2729 4179 initium
2755 4122 3065 4194 dejiciendi
3090 4124 3159 4178 ab
3180 4138 3280 4193 spe
3310 4122 3324 4175 i
3356 4119 3539 4190 nperii
3566 4135 3644 4173 re-

2010 4214 2363 4286 digendique
2394 4213 2450 4268 in
2485 4214 2746 4269 ordinem
2774 4212 3021 4267 infelicis
3056 4212 3214 4284 pueri
3247 4208 3494 4266 Joannis
3520 4211 3643 4277 jam

2007 4302 2277 4374 Augusti.
2312 4302 2754 4359 Coronationem
2804 4302 2979 4357 istam
3032 4300 3335 4369 Paleeologi
3372 4297 3642 4368 probabi-

2009 4394 2139 4447 liter
2167 4393 2526 4448 conl'erimus
2557 4392 2616 4446 in
2650 4391 3032 4447 Februarium
3076 4391 3213 4445 anni
3261 4388 3477 4445 Christi
3515 4387 3648 4441 l260

2006 4486 2133 4536 Non
2165 4481 2338 4553 longo
2369 4488 2501 4552 post
2530 4496 2656 4536 eam
2688 4486 2949 4551 tempore
3004 4479 3286 4534 Arsenius
3348 4495 3477 4532 sera
3535 4476 3646 4531 du—

2004 4575 2133 4626 ctus
2183 4570 2521 4641 pmnilenlia
2569 4569 2867 4625 facilitatis
2928 4586 3068 4635 SINE,
3129 4586 3246 4640 qua
3299 4567 3646 4638 permiserat

2006 4659 2193 4714 omitti
2228 4659 2661 4714 coronationem
2708 4657 2911 4729 pupilli
2965 4658 3245 4729 principis
3290 4658 3416 4727 ejus
3462 4655 3644 4727 potis-

2006 4748 2222 4803 simum
2272 4747 2405 4801 fidei
2456 4763 2489 4800 a
2540 4751 2703 4817 patre
2750 4746 3032 4802 moriente
3073 4745 3484 4811 commendati,
3542 4745 3645 4800 Ni-

2006 4854 2121 4892 caea
2152 4836 2382 4907 fugiens
2412 4836 2469 4889 in
2494 4834 2916 4891 monasterium
2950 4836 3171 4891 dictum
3220 4833 3520 4891 Paschasii
3554 4850 3646 4887 se-

2008 4926 2202 4992 cessit,
2235 4924 2432 4994 ibique
2463 4924 2746 4995 privatam
2778 4940 2949 4995 agere
2996 4925 3173 4980 vitam
3221 4924 3494 4981 instituit.
3531 4924 3644 4978 Hoc

2005 5016 2233 5071 videtur
2262 5014 2478 5069 factum
2511 5029 2713 5068 mense
2744 5013 2949 5068 Martio
2982 5014 3118 5069 dicti
3152 5016 3286 5069 anni
3324 5012 3643 5067 l'360.l\‘am

2005 5106 2134 5175 ejus
2168 5102 2245 5158 rei
2280 5102 2521 5158 nuntius
2544 5103 2806 5174 perlatus
2838 5104 2906 5158 ad
2943 5104 3355 5176 imperatorem
3390 5102 3641 5157 Michae-

2004 5194 2118 5250 lem
2151 5192 2384 5257 dicitur,
2420 5209 2533 5264 quo
2560 5196 2824 5264 tempore
2854 5192 2903 5246 is
2939 5195 3088 5249 726
3123 5194 3386 5262 trajicere
3418 5191 3641 5245 Helles-

2005 5287 2250 5356 pontum
2309 5282 2555 5353 parabat
2610 5282 2682 5337 ad
2726 5284 3022 5340 visendam
3072 5282 3388 5355 Selybriam
3436 5297 3469 5336 a
3518 5278 3641 5333 suis

2004 5377 2232 5443 captam
2274 5372 2447 5443 paulo
2481 5374 2636 5426 ante.
2680 5371 2766 5426 Ita
2794 5372 3198 5444 Pacbymeres,
3259 5370 3297 5424 l.
3356 5387 3416 5435 ιι,
3466 5383 3516 5422 c.
3547 5367 3635 5421 15.

2004 5463 2176 5519 Recte
2205 5461 2315 5517 hoc
2349 5460 2599 5533 quadrat
2630 5460 2688 5515 in
2721 5460 3074 5533 principium
3121 5458 3356 5530 Aprilis,
3399 5472 3634 5513 vernam

2002 5551 2285 5607 nimirum
2332 5554 2767 5622 tempestatem,
2804 5567 2923 5621 qua
2969 5566 3133 5622 reges
3164 5547 3356 5603 solent
3381 5545 3453 5603 ad
3485 5544 3637 5629 bella

2000 5640 2330 5714 procedere,
2383 5645 2448 5697 ut
2493 5638 2793 5710 Scriptura
2831 5638 3107 5711 loquitur.
3154 5638 3322 5707 Nam,
3373 5647 3438 5700 ut
3483 5630 3633 5693 loCet
