3984 6202
414 279 556 335 1183

1440 280 1505 331 Ρ.
1544 276 1821 332 POSSINI
1867 276 2471 333 OBSERVATIONUM
2509 280 2643 332 LIB.
2684 280 2764 332 III

3614 284 3714 342 118i

414 405 568 461 idem
601 398 1527 472 historicus,Constantinopoleos
1558 401 2056 472 Oppugnationem
2084 402 2139 467 Α
2169 399 2575 466 triarchatum,
2605 401 2805 457 Alexio
2837 398 3240 471 Strategopulo
3272 398 3482 469 Caesari,
3528 404 3609 476 qui
3646 423 3713 463 ηιι.

414 490 841 548 Mihaelanimo
874 490 1161 558 versabat,
1192 505 1367 560 quam
1419 506 1479 544 re
1520 490 1649 561 ipsa
1706 494 1794 543 est
1824 505 2058 561 aggres-

412 597 515 635 sus
548 578 878 649 insequenti
912 583 1129 633 aestate.
1183 580 1347 633 Tunc
1399 584 1592 633 autem
1627 579 1675 632 is
1726 579 1931 633 itinere
1963 595 2062 632 co-

411 668 593 736 gitato
626 670 1038 737 supersedens,
1070 668 1231 722 dedit
1273 686 1509 739 operam
1561 668 1737 723 rebus
1771 669 2057 731 Ecclesiae,

412 756 627 811 ibidem
661 757 756 811 ubi
793 763 929 811 tunc
960 764 1085 811 erat
1118 756 1417 828 Nymphaei
1442 758 1781 828 persistens,
1817 772 2058 828 congre-

411 846 605 915 ganda
636 846 857 917 synodo
911 861 1042 916 quae
1087 847 1157 900 de
1207 846 1435 901 Arsenii
1483 862 1717 901 secessu
1752 850 2056 901 statueret.

413 934 686 1003 Synodus
720 934 979 989 Nicetam
1014 935 1329 1005 quemdam
1365 934 1449 1005 [P.
1490 936 1615 1002 513]
1646 936 1716 990 ad
1748 935 2057 990 Arsenium

416 1022 614 1077 mittit.
650 1022 704 1077 Is
734 1023 805 1077 ab
837 1022 1081 1077 Arsenio
1132 1022 1431 1077 renuntiat
1484 1023 1687 1078 cedere
1740 1022 1907 1078 illum
1959 1040 2058 1094 pa-

416 1111 728 1166 triachatu.
763 1110 866 1165 Hic
894 1111 1028 1165 finis
1063 1111 1173 1166 fuit
1203 1112 1415 1182 prioris
1447 1112 1671 1166 Arsenii
1719 1112 1894 1167 sedis.
1928 1112 2059 1175 Quae

418 1217 553 1255 cum
585 1199 823 1255 desierit
850 1200 1031 1271 Aprili
1063 1200 1200 1255 anni
1249 1200 1388 1255 4260
1431 1206 1488 1255 et
1535 1200 1771 1271 cmperit
1818 1201 2062 1255 Decem-

419 1290 506 1344 bri
539 1289 677 1343 anni
712 1290 870 1356 1255,
905 1294 1157 1360 quatuor
1188 1306 1474 1344 annorum
1520 1294 1577 1344 et
1627 1294 1904 1360 praeterea
1925 1291 2061 1345 toti-

420 1380 552 1433 dem
586 1378 703 1433 fere
736 1378 1029 1433 mensium
1063 1378 1235 1433 fuerit
1264 1384 1511 1450 oportet.

493 1485 590 1539 IlI.
622 1489 683 1539 ln
717 1486 843 1556 ejus
876 1484 1066 1540 locum
1116 1485 1472 1540 substitutus
1513 1486 1711 1541 statim
1758 1490 1847 1541 est
1898 1486 2064 1543 Nice-

426 1573 644 1644 phorus
674 1579 813 1629 tunc
845 1574 1054 1645 Ephesi
1090 1574 1476 1645 metropolita.
1512 1574 1626 1629 Cur
1656 1575 1854 1630 statim
1887 1575 1943 1629 id
1977 1576 2059 1629 fa-

424 1672 584 1716 ctum
617 1662 851 1717 credam
901 1679 1080 1717 causa
1123 1668 1229 1733 est,
1276 1664 1415 1734 quia
1468 1664 1778 1719 festinabat
1830 1664 1889 1719 in
1928 1682 2061 1736 pro-

2166 490 2299 545 bem
2332 496 2582 562 ceperat,
2616 490 2868 545 eximius
2902 493 2957 543 et
2990 488 3161 559 plane
3184 490 3623 549 extraordinarius
3640 496 3713 552 ho~

2168 596 2271 633 nos
2304 585 2395 633 est
2426 580 2687 646 habitus,
2715 583 2780 633 ut
2810 578 3007 633 statim
3043 581 3174 649 post
3205 582 3473 649 Augustos
3497 582 3577 651 qui
3597 599 3713 639 coro-

2168 669 2483 733 nabantur,
2520 668 2625 723 hoc
2653 676 2740 723 est
2766 667 3109 722 Michaelem
3139 665 3500 738 Palaaologum
3514 676 3561 725 et
3576 672 3714 728 Theo-

2168 756 2369 812 doram
2403 759 2531 827 ejus
2562 758 2893 828 conjugem,
2948 755 3345 810 nominaretur
3398 756 3451 810 in
3497 762 3715 829 synaptis,

2168 845 2278 900 hoc
2326 850 2413 901 est
2448 845 2507 900 in
2538 846 2760 900 litaniis
2808 855 2858 900 el
2893 845 3169 916 procibus
3211 844 3470 916 publicis.
3519 847 3717 904 Refertur

2168 934 2278 991 hoc
2311 952 2341 990 a
2372 935 2747 1008 Pachymere,
2784 936 2820 989 Ι.
2855 951 2939 1001 ιιι,
2973 951 3023 989 c.
3056 937 3092 987 2
3122 933 3233 989 sub
3267 934 3451 1003 finem,
3480 936 3563 990 ubi
3611 943 3717 993 recte

2168 1024 2437 1079 observat
2471 1024 2785 1080 historicus
2830 1023 3015 1079 fuisse
3070 1022 3223 1077 hanc
3273 1023 3549 1095 quamdam
3587 1042 3718 1082 exau-

2169 1114 2553 1169 ctorationem
2588 1113 2792 1185 pupilli
2826 1113 3094 1175 Joannis,
3150 1112 3487 1167 astutissimi
3529 1113 3717 1186 impera-

2168 1202 2311 1257 toris
2344 1202 2647 1258 blanditiis
2674 1208 2730 1258 et
2760 1202 2986 1257 artibus
3044 1202 3409 1272 impetratam
3450 1218 3479 1255 a
3528 1202 3720 1273 simplici

2170 1291 2417 1346 nimium
2451 1291 2800 1362 patriarcha,
2836 1308 2950 1345 non
2987 1291 3320 1362 providente
3365 1297 3478 1345 tum
3522 1292 3724 1347 videlicet

2169 1397 2285 1451 quo
2317 1382 2434 1436 hazc
2467 1382 2844 1453 pertinerent.
2880 1382 2942 1435 In
2973 1397 3087 1451 quo
3121 1386 3183 1434 ut
3234 1380 3393 1434 fucus
3437 1379 3575 1435 ﬁeret
3618 1382 3722 1451 seni,

2171 1474 2237 1524 ut
2266 1486 2333 1525 ex
2364 1470 2585 1526 creteris
2614 1478 2872 1542 apparet,
2908 1468 3223 1541 suspicaci,
3244 1473 3299 1524 et
3315 1468 3403 1523 cui
3424 1468 3564 1524 salus
3585 1469 3723 1541 digni.

2169 1562 2379 1630 tasque
2405 1559 2609 1630 pupilli
2630 1558 3031 1628 Joannis,ejus
3050 1557 3326 1629 peculiari
3343 1574 3483 1613 curae
3500 1558 3724 1622 commisi,

2170 1652 2315 1713 erat,
2345 1653 2411 1703 ut
2441 1648 2699 1720 oportuit
2730 1652 2786 1702 et
2815 1663 2907 1703 res
2940 1648 3155 1703 deinde
3185 1651 3581 1713 monstrarunt,
3602 1647 3725 1717 longe

426 1750 619 1805 cinctu
672 1751 743 1805 ad
788 1750 1215 1821 expeditionem
1264 1757 1569 1823 urgentem
1612 1754 1969 1824 imperator;
2012 1757 2070 1809 et
2098 1754 2145 1818 Β
2175 1737 2544 1801 charissima,
2578 1737 2712 1808 quis
2745 1754 2859 1792 non
2892 1736 3050 1791 videt
3082 1736 3265 1792 fuisse
3288 1752 3504 1792 necesse
3523 1736 3727 1807 utgratia

421 1838 547 1909 ipse
562 1839 925 1911 Nicephorus
948 1840 1329 1911 cupidissime
1347 1842 1675 1897 assentiens
1695 1841 1917 1897 nullam
1934 1859 2062 1898 mo-

419 1944 543 1982 ram
568 1928 920 1999 interposuit
948 1928 1214 1984 electioni
1245 1931 1720 1985 suae.Narrantur
1758 1931 1878 1986 haec
1910 1949 1959 1987 c.
1994 1932 2063 1987 15

418 2022 475 2072 et
508 2018 593 2071 16.
629 2016 666 2071 l.
700 2018 867 2082 u,ubi
891 2022 947 2073 et
976 2018 1191 2073 dicitur
1221 2020 1423 2074 eodem
1457 2024 1715 2091 tempore
1737 2021 2060 2077 decessisse

421 2105 735 2177 Nymphaeo
767 2108 1175 2178 imperatorem
1218 2108 1455 2179 quidem
1501 2108 1829 2180 Callipolim
1858 2126 2060 2167 versus

416 2211 549 2249 cum
582 2195 838 2250 exercitu
871 2197 939 2249 ad
975 2197 1543 2268 Constantinopolim
1578 2200 2056 2269 oppugnandam,

416 2300 632 2339 novum
648 2300 784 2339 vero
809 2284 1199 2354 patriarcham
1227 2286 1619 2358 Nicephorum
1648 2287 2058 2359 Nicaeam,quaa

418 2389 551 2427 cum
584 2377 740 2428 esset
774 2378 911 2428 tunc
942 2374 1082 2429 urbs
1115 2375 1293 2446 regia,
1326 2374 1549 2431 Latinis
1578 2376 2061 2446 Constantinopo-

418 2461 523 2517 lim
558 2463 980 2529 tenentibus,in
1013 2480 1081 2518 ea
1111 2463 1323 2520 solitus
1353 2471 1478 2519 erat
1506 2465 1738 2521 Graecus
1769 2466 2057 2521 Constan-

414 2551 837 2622 tinopolitanus
869 2552 1203 2623 patriarcha
1224 2553 1770 2609 diversari.Initium
1808 2556 2057 2627 patriar-

421 2639 631 2695 chatus
656 2639 961 2711 Nicephori
992 2641 1383 2697 verisimiliter
1425 2643 1724 2697 confertur
1768 2643 1824 2697 in
1879 2643 2055 2698 finem

412 2730 629 2801 Aprilis
670 2735 771 2785 aut
819 2730 1056 2786 initium
1122 2730 1256 2786 Maii
1316 2732 1455 2787 anni
1514 2749 1693 2804 supra
1750 2733 2057 2788 memorati

413 2820 575 2875 1260.
610 2819 817 2875 Narrat
844 2819 981 2875 inde
1021 2821 1419 2893 Pachymeres,
1473 2823 1512 2878 l.
1579 2840 1641 2886 ιι,
1673 2839 1723 2876 c.
1778 2823 1870 2889 20,
1922 2824 2056 2877 diu-

412 2912 649 2963 turnam
678 2913 736 2964 et
759 2908 982 2964 irritam
1012 2910 1514 2981 oppugnationem
1566 2910 1803 2979 Galatae,
1854 2910 1912 2965 in
1940 2928 2058 2982 qua

414 2999 732 3068 imperator
778 3000 1148 3070 consumpsit
1193 3003 1476 3055 aestatem.
1535 3000 1730 3071 quue
1791 3002 1861 3055 ad
1920 3016 2056 3056 eum

2178 1827 2434 1897 ﬂagrans
2464 1826 2645 1882 Alexii
2675 1826 2943 1894 Caesaris,
2973 1826 3031 1880 in
3089 1825 3483 1882 recentissima
3532 1824 3730 1879 videlicet

2176 1914 2457 1970 memoria
2486 1914 2703 1971 heroici
2737 1915 3011 1970 facinoris
3043 1932 3157 1986 quo
3190 1932 3312 1970 rem
3344 1915 3622 1969 Romanam
3654 1914 3728 1967 im-

2174 2004 2317 2071 perii
2348 2004 2652 2077 metropoli
2703 2005 3103 2076 recuperanda
3159 2002 3573 2073 incomparabili
3610 2004 3732 2058 bene-

2174 2094 2297 2149 ficis
2328 2094 2440 2149 sibi
2474 2094 2851 2163 devinxisset,
2900 2094 3155 2149 rationes
3217 2092 3437 2165 pupulli
3495 2092 3727 2163 principis,

2171 2183 2265 2238 cui
2298 2183 2731 2253 praeferebatur,
2776 2188 2832 2238 et
2862 2182 3078 2238 multas
3112 2183 3259 2237 alias
3304 2188 3411 2237 tam
3456 2181 3727 2236 inusitatum

2170 2271 2422 2327 homicis
2477 2290 2590 2328 non
2651 2272 2994 2342 imperantis
3050 2272 3332 2327 honorem
3403 2271 3729 2325 dissuadentes

2172 2360 2671 2416 considerationes
2700 2361 3055 2416 eluctaretur
3082 2361 3111 2415 ‘I
3136 2360 3321 2431 igitur
3340 2375 3468 2415 cum
3492 2359 3659 2413 urbem
3681 2358 3728 2411 ab

2168 2449 2365 2505 Alexio
2396 2454 2626 2521 captam
2661 2450 3035 2505 statuerimus
3067 2450 3160 2505 die
3190 2451 3282 2516 25,
3323 2448 3454 2503 Julii
3484 2447 3599 2502 anni
3636 2447 3727 2500 1261

2169 2538 2501 2609 ingressum
2534 2556 2666 2594 vero
2715 2555 2843 2594 eam
2901 2538 3146 2594 solemni
3208 2555 3419 2610 pompa
3466 2536 3731 2591 Michaelem

2169 2630 2494 2697 Augustum
2524 2629 2589 2682 i8
2612 2628 2713 2684 Kal
2736 2629 3029 2697 Seplemb.
3056 2629 3322 2698 ejusdem
3347 2627 3497 2695 anni,
3518 2626 3597 2679 die
3612 2640 3731 2679 sacro

2168 2716 2426 2787 Deiparae
2456 2722 2772 2787 assumptus
2803 2718 3007 2772 doceat
3035 2716 3368 2788 Acropolita
3409 2732 3456 2771 c.
3485 2715 3565 2780 88,
3596 2714 3734 2768 dicere

2149 2804 2752 2884 _valdeverisimiliter
2785 2822 3102 2876 possumus
3150 2809 3511 2875 resumptum
3561 2803 3620 2857 ab
3662 2806 3737 2855 Ar-

2170 2895 2333 2950 senio
2357 2894 2617 2965 regimen
2644 2893 3055 2964 patriarchalis
3078 2893 3533 2949 sedissubfinem
3546 2888 3733 2961 Augusti

2173 2983 2393 3038 mensis
2425 2987 2481 3038 et
2504 2982 2803 3038 Michaelis
2823 2983 3262 3039 coronationem
3288 2983 3395 3037 sub
3415 2980 3617 3035 initium
3636 2978 3733 3048 Sep-

414 3086 777 3157 Nicephorus
806 3069 1155 3158 patriarcha,
1192 3093 1471 3160 pertaesus
1500 3069 2057 3162 Nicaeensium,quo-

2174 3071 2420 3127 tembris
2452 3071 2830 3127 celebratum.
2866 3073 2929 3126 In
2963 3088 3079 3143 quo
3107 3070 3156 3127 si
3189 3071 3327 3142 quis
3358 3069 3647 3140 vitilitigare
3668 3082 3735 3162 ve-

418 3191 548 3230 rum
580 3176 821 3231 Arsenio
854 3176 1223 3232 addictorum
1259 3177 1393 3233 odia
1421 3178 1479 3232 in
1512 3195 1574 3233 se
1604 3177 1839 3250 irasque
1895 3178 2059 3234 nulla

418 3262 674 3318 delinere
706 3268 830 3319 arte
862 3269 1152 3335 potuerat,
1187 3282 1249 3321 se
1278 3265 1657 3338 contulit,spe
1688 3267 2058 3337 ingrediendi

415 3368 548 3407 cum
583 3352 710 3423 ipso
765 3357 1032 3424 Augusto
1086 3355 1289 3409 urbem
1350 3372 1506 3421 mox,
1566 3361 1630 3410 ut
1686 3356 2057 3423 credebatur,

413 3440 780 3511 capiendam.
810 3442 917 3495 Sed
950 3459 1084 3497 cum
1135 3442 1502 3499 obsidionem
1552 3444 1777 3499 solvere
1824 3450 2059 3500 coactus

414 3530 736 3600 imperator
775 3530 1160 3602 Nymphrsum
1192 3548 1253 3587 se
1286 3534 1628 3605 recepisset,
1655 3540 1891 3590 secutus
1924 3552 2058 3591 eum

414 3617 557 3672 illuc
594 3617 953 3690 Nicephorus
987 3620 1063 3675 ibi
1096 3625 1185 3676 est
1212 3626 1479 3677 mortuus
1511 3624 1621 3678 sub
1656 3628 2057 3695 autummum,

421 3709 485 3759 ut
514 3711 779 3777 apparet,
813 3711 918 3763 aut
947 3708 1158 3764 hiemis
1187 3708 1418 3765 initium
1448 3712 1712 3781 ejusdem
1740 3712 1877 3767 anni
1905 3713 2059 3768 1268.

420 3796 608 3860 Quare
636 3795 794 3851 illius
830 3796 1258 3866 patriarchatus
1290 3798 1448 3854 haud
1483 3799 1601 3855 fere
1632 3800 1863 3871 longior
1882 3800 2062 3872 septi-

421 3882 621 3936 meslri
676 3887 776 3938 aut
834 3884 1154 3939 octimeslri
1214 3886 1343 3940 fuit.
1403 3886 1553 3943 Hinc
1606 3890 1827 3943 vacavit
1899 3890 2065 3945 sedes

421 3987 641 4025 annum
720 3972 969 4042 circiter,
1031 3973 1201 4029 anxie
1277 3974 1636 4032 deliberante
1716 3978 2067 4048 imperatore

394 4076 594 4130 quem
629 4063 701 4116 ad
733 4061 987 4119 rationes
1038 4064 1333 4120 meditata:
1390 4067 1799 4137 expunotionis
1856 4066 2065 4138 pupilli

424 4151 930 4207 accommodatum
970 4152 1021 4207 ei
1076 4154 1414 4225 praeficeret,
1471 4156 1659 4225 quoad
1720 4156 1954 4211 tandem
2007 4156 2065 4211 in

427 4238 646 4291 Arsenii
679 4241 1101 4297 revocationem
1153 4243 1472 4310 consensit,
1508 4245 1679 4314 cujus
1710 4244 1766 4299 in
1810 4243 2065 4315 praeteri-

426 4324 582 4381 tione
612 4329 1005 4385 coronationis
1034 4330 1279 4387 Joannis
1304 4332 1466 4404 pueri
1500 4332 1837 4404 patientiam
1861 4349 2068 4405 exper-

429 4417 527 4469 tus
558 4416 817 4486 speravit
846 4418 1022 4474 etiam
1074 4436 1139 4474 eo
1171 4421 1329 4475 facili
1362 4438 1603 4477 usorum
1637 4421 1697 4476 in
1727 4427 2066 4478 exauctora-

425 4502 583 4558 tione
613 4520 790 4575 quam
826 4509 1069 4577 parabat
1099 4510 1384 4579 ejusdem.
1407 4510 1663 4581 Contigit
1685 4511 1919 4567 interim
1937 4511 2067 4583 capi

428 4594 654 4662 urbem,
699 4600 755 4651 et
812 4597 1223 4669 imperatorem
1282 4599 1341 4655 in
1388 4618 1517 4656 eam
1577 4601 1770 4658 invehi
1816 4601 2065 4657 solemni

426 4697 660 4753 pompa,
694 4684 889 4756 ibique
911 4687 1022 4743 ﬁxo
1045 4688 1171 4758 jam
1200 4690 1515 4747 domicilio.
1540 4692 1848 4747 Arsenium
1872 4692 2066 4748 denuo

425 4770 675 4828 electum
711 4792 744 4829 a
774 4777 994 4846 synodo
1027 4778 1226 4833 missis
1250 4779 1458 4851 legatis
1488 4780 1769 4837 invitasse
1800 4782 1868 4836 ad
1900 4798 2065 4837 resu-

428 4862 700 4917 mendam
731 4864 1075 4920 melioribus
1106 4868 1384 4937 auspiciis
1414 4870 1743 4925 addicatam
1778 4870 1917 4926 olim
1964 4886 2064 4941 po-

425 4956 716 5009 testatem.
749 4954 973 5018 Quibus
1003 4956 1099 5012 ille
1130 4958 1458 5015 assentiens
1488 4960 1547 5015 in
1581 4962 1785 5017 urbem
1816 4961 1973 5018 venit
2008 4964 2067 5016 et

424 5043 584 5098 sedis
641 5045 1052 5112 patriarchalis
1120 5050 1552 5118 possessionem
1637 5068 1844 5107 rursus
1923 5049 2069 5106 adiit

426 5131 465 5189 l.
500 5150 587 5201 III,
622 5151 671 5190 ο.
704 5138 758 5191 2.

500 5243 645 5298 721
683 5242 774 5299 IV.
806 5244 1025 5301 Arsenii
1060 5245 1492 5302 restitutionem
1525 5264 1641 5302 non
1693 5248 1881 5303 multo
1936 5252 2069 5319 post

426 5337 655 5405 captam
692 5334 895 5390 urbem
928 5335 1241 5405 contigisse
1281 5335 1416 5390 inde
1459 5341 1873 5407 argumentum
1931 5336 2066 5390 duci

428 5427 641 5493 potest,
690 5425 845 5495 quod
909 5424 965 5477 in
1025 5424 1283 5479 secunda
1339 5423 1712 5479 coronatione
1768 5424 2068 5481 Michaelis

431 5513 502 5565 ab
533 5513 772 5568 Arsenio
804 5511 1048 5567 delinito
1106 5512 1278 5566 donis
1336 5522 1394 5567 et
1451 5512 1772 5569 honoribus
1820 5513 2072 5568 libenter

430 5600 736 5667 celebrata,
768 5601 1035 5673 proxima
1065 5599 1370 5657 Dominica
1401 5609 1530 5673 post
1560 5609 1928 5675 resumptum
1968 5620 2068 5676 pa-

2172 3161 2259 3227 lit,
2294 3164 2491 3216 tamen
2525 3161 2679 3215 idem
2714 3161 2770 3214 id
2803 3160 2861 3214 in
2896 3160 3136 3232 longum
3170 3160 3405 3216 ditl‘erre
3435 3175 3536 3213 non
3565 3155 3734 3228 poterit.

2167 3250 2309 3305 Cum
2343 3250 2498 3305 enim
2533 3254 2688 3304 certo
2716 3249 3121 3305 deﬁnierimus
3153 3248 3445 3321 superius,
3474 3264 3519 3302 c.
3566 3246 3610 3310 4,
3634 3261 3675 3297 n.
3699 3243 3735 3308 i,

2166 3339 2451 3395 Joannem
2484 3343 2568 3410 (P.
2600 3338 2728 3409 514)
2772 3343 3105 3411 Augustum
3166 3354 3412 3408 puerum
3463 3340 3734 3391 excaecatum

2169 3428 2373 3495 fuisse,
2399 3429 2490 3484 die
2519 3428 2734 3483 Christi
2759 3427 2948 3482 Natali
2989 3428 3169 3499 hujus
3201 3427 3341 3482 anni
3390 3428 3531 3495 1261,
3559 3429 3606 3478 et
3650 3438 3735 3475 ma-

2170 3517 2448 3574 nifestum
2482 3517 2559 3573 sit
2588 3517 2740 3572 inter
2769 3517 3207 3573 coronationem
3230 3514 3516 3572 Michaelis
3534 3518 3581 3569 et
3604 3526 3733 3567 exca-

2171 3607 2456 3661 cationem
2516 3606 2762 3661 Joannis
2821 3606 3099 3661 idoneum
3160 3604 3477 3676 quodpiam
3522 3598 3736 3669 temporis

2172 3696 2454 3766 spatium,
2486 3695 2917 3764 intercessisse,
2953 3695 3109 3749 haud
3154 3694 3361 3764 utique
3417 3690 3581 3747 multo
3632 3685 3743 3741 ultra

2173 3784 2346 3838 ﬁxam
2379 3801 2413 3839 a
2442 3784 2609 3839 nobis
2638 3782 2768 3838 initi
2801 3784 3129 3840 secundum
3182 3783 3256 3837 ab
3288 3781 3521 3837 Arsenio
3557 3776 3739 3849 patriar-

2173 3874 2380 3929 chatus
2409 3873 2693 3945 epooham
2728 3872 2929 3928 licebit
2958 3872 3363 3943 quamtumvis
3384 3874 3570 3941 arguto
3596 3864 3738 3933 conje-

2175 3962 2359 4017 cturis
2380 3960 2629 4033 evagari.

2246 4089 2308 4145 V.
2341 4088 2640 4143 Habemus
2670 4086 2906 4141 initium
2931 4086 3171 4143 secundi
3192 4084 3600 4157 patriarchatus
3617 4086 3738 4136 Arse-

2176 4175 2277 4231 nii.
2314 4176 2514 4230 Restat
2544 4175 2679 4230 finis
2728 4175 2991 4245 ejusdem
3042 4174 3434 4245 indagandus.
3476 4171 3649 4226 Narrat
3672 4166 3740 4220 Pa-

2176 4267 2500 4339 chymeres,
2537 4267 2576 4320 Ι.
2608 4283 2694 4332 ιιι,
2730 4284 2780 4321 c.
2816 4267 2902 4331 14,
2934 4266 3248 4321 Arsenium
3284 4261 3640 4337 patriarcham
3670 4271 3739 4310 au-

2177 4356 2298 4411 dita
2326 4356 2570 4411 Joannis
2599 4356 2984 4411 excmcatione
3015 4354 3329 4410 anathema
3361 4355 3418 4409 in
3448 4353 3561 4422 ejus
3604 4349 3741 4403 aucto-

2097 4462 2146 4525 D
2177 4462 2298 4501 rem
2334 4444 2675 4500 Michaelem
2710 4447 3041 4516 Augustum
3086 4445 3416 4499 intorsisse.
3476 4442 3529 4495 Id
3581 4438 3739 4525 factutn

2179 4534 2434 4605 oportuit
2465 4533 2617 4588 circa
2646 4532 2877 4588 initium
2910 4534 3049 4588 anni
3080 4533 3295 4589 Christi
3337 4531 3483 4595 1263,
3524 4543 3632 4582 cum
3662 4519 3741 4593 pri-

2176 4640 2337 4677 mum
2374 4638 2582 4693 nempe
2616 4620 2853 4693 vulgata
2882 4622 3037 4676 fama
3068 4627 3159 4676 est
3189 4621 3328 4676 facti
3384 4617 3595 4673 atrocis.
3642 4613 3739 4677 C39-

2176 4712 2386 4767 deinde
2420 4712 2484 4765 19
2516 4710 2733 4766 dicitur
2764 4710 3132 4780 Michaelem,
3180 4713 3487 4781 postquam
3538 4700 3741 4757 videlicet

2175 4799 2519 4872 aliquandiu
2551 4799 2937 4871 ignominiam
2972 4798 3367 4853 meritissima!
3393 4811 3558 4869 poenae
3584 4789 3739 4845 tacitus

2173 4889 2412 4954 tulerat,
2444 4889 2683 4959 petiisse
2714 4887 3039 4960 supplicem
3073 4889 3145 4942 ab
3176 4888 3419 4943 Arsenio
3460 4881 3739 4940 solutionem

2176 4979 2592 5045 anathematis,
2626 4993 2731 5033 nec
2762 4982 2983 5044 tamen,
3015 4976 3152 5032 licet
3181 4977 3275 5032 diu
3327 4980 3385 5031 et
3439 4970 3738 5028 vehementer

2174 5067 2512 5135 institisset,
2543 5067 2855 5138 impetrare
2886 5066 3167 5137 potuisse.
3199 5064 3379 5119 Multa
3433 5061 3619 5118 dehinc
3656 5067 3743 5109 nar-

2176 5161 2382 5213 rantur
2412 5174 2616 5213 novem
2645 5157 2889 5229 reliquis
2923 5157 3215 5228 capitibus
3270 5157 3404 5212 libri
3456 5150 3612 5215 tertii,
3652 5157 3738 5217 quie

2176 5246 2275 5303 illo
2306 5247 2612 5303 intervallo
2644 5249 2859 5303 frustra
2880 5246 3067 5318 petitas
3091 5243 3472 5302 absolutionis
3490 5242 3554 5299 ab
3573 5250 3742 5295 excomv

2180 5336 2578 5393 municatione
2612 5337 2762 5393 728
2793 5337 3184 5406 contigerunt.
3219 5335 3348 5391 Haec
3387 5336 3547 5406 prout
3593 5327 3637 5381 in
3680 5336 3741 5388 εξ·

2178 5427 2347 5498 nopsi
2381 5426 2793 5498 chronologica
2815 5424 3196 5497 digessimus,
3239 5423 3403 5479 facile
3422 5422 3583 5477 trium
3611 5426 3744 5505 ana-9'

2179 5532 2310 5571 rum
2344 5516 2602 5587 spatium
2633 5514 2887 5587 explent.
2922 5514 3163 5579 Quando
3187 5515 3306 5585 jam
3342 5514 3629 5581 desperans
3671 5499 3744 5587 lli:

2180 5604 2341 5661 ohael
2376 5582 2835 5676 quidquam-sua
2862 5619 3042 5659 causa
3084 5582 3369 5659 facturum
3403 5596 3671 5654 Arsenium
3695 5582 3743 5641 ad
