3984 6202
223 327 376 385 1185

1619 322 2240 381 CHRONOLOGICUS.

3489 329 3629 385 1186

218 453 535 527 episcopos
568 450 640 505 de
672 452 831 504 statu
865 464 1060 503 rerum
1102 465 1343 503 suarum
1377 464 1502 503 eam
1549 448 1873 503 orationem
1905 453 1957 519 Α
1988 460 2118 500 vem
2150 443 2402 499 duravit.
2455 444 2524 499 Ut
2564 443 2747 499 semel
2806 445 3177 503 absolvemus
3237 448 3306 504 de
3362 452 3628 510 Arsenio.

221 542 456 610 habuit,
492 556 622 611 qua
651 555 701 593 c.
742 539 793 608 1,
831 536 869 591 l.
905 554 961 592 1v
993 538 1294 593 recitatur.
1330 540 1391 592 In
1425 554 1493 592 ea
1532 537 1703 608 quasi
1752 537 1881 591 fun-

226 634 513 688 damenta
536 629 698 699 jacta
733 630 873 682 sunt
904 626 1290 697 depositionis
1320 626 1547 681 Arsenii
1588 627 1672 681 Ad
1702 641 1880 697 quam

230 726 303 776 ut
324 733 671 792 processum
708 716 885 771 fuerit
916 716 1123 770 docere
1146 715 1462 770 historicus
1497 714 1701 785 incipit
1732 714 1769 769 l.
1804 730 1881 780 ιν,

232 827 284 865 c.
320 811 354 864 3
384 808 483 864 ubi
516 805 820 861 accusatio
850 804 910 859 in
946 804 1340 875 patriarcham
1364 803 1574 875 cupide
1591 805 1660 858 ab
1693 803 1883 873 impe-

234 904 427 955 ratore
476 900 717 967 accepta
767 899 1148 949 memoratur.
1200 892 1507 948 Damnatio
1546 892 1773 946 Arsenii
1828 895 1885 946 et

236 984 628 1045 exauctoratio
649 983 877 1055 judicio
909 983 1115 1055 synodi
1167 983 1401 1038 decreta
1450 982 1698 1036 refertur
1728 998 1777 1035 e.
1808 981 1881 1049 6;

240 1076 501 1132 executio
532 1089 705 1146 porro
740 1073 1043 1128 sententia
1076 1075 1133 1127 et
1184 1071 1388 1141 ejectio
1432 1070 1661 1126 Arsenii
1694 1088 1723 1126 e
1754 1071 1891 1126 sede

239 1172 296 1222 et
328 1170 472 1222 urbe
503 1163 892 1236 perscribitur
922 1179 972 1217 ο.
1005 1163 1069 1229 8;
1103 1161 1307 1230 oratio,
1350 1162 1420 1217 de
1460 1177 1577 1231 qua
1607 1160 1884 1229 diximus,

240 1253 621 1327 imperatoris
652 1251 858 1307 habita
888 1250 1119 1306 videtur
1149 1251 1259 1305 sub
1291 1249 1521 1305 initium
1556 1248 1695 1304 anni
1724 1249 1885 1317 4263,

245 1361 383 1400 cum
418 1345 541 1414 jam
601 1358 703 1412 per
750 1357 934 1396 annos
986 1345 1105 1395 tres
1156 1338 1741 1406 excomunicationis,
1774 1352 1889 1408 qua

246 1434 459 1488 fuisset
487 1430 748 1502 illigatus
782 1428 981 1485 statim
1016 1433 1147 1500 post
1175 1426 1613 1484 excacationem
1644 1426 1889 1482 Joannis

243 1521 435 1593 pueri,
487 1520 843 1575 solutionem
899 1519 1298 1588 nequidquam
1350 1517 1691 1589 ﬂagitasset.
1753 1519 1891 1571 Post

244 1612 563 1665 orationem
599 1607 785 1678 illam,
818 1624 945 1679 qua
974 1606 1133 1661 velut
1155 1606 1457 1679 clarigatio
1489 1606 1753 1676 quadam
1782 1605 1891 1659 fuit

244 1699 537 1765 terrendo,
567 1698 617 1753 si
650 1696 775 1752 fieri
810 1701 1029 1768 posset,
1063 1696 1407 1767 patriarcha
1440 1695 1763 1765 praemissa,
1797 1710 1888 1750 se-

244 1794 389 1844 cuta
446 1790 586 1842 sunt
633 1785 1089 1841 deliberationes
1152 1786 1559 1856 episcoporum
1603 1789 1660 1839 et
1698 1783 1891 1839 officia

246 1878 566 1933 multorum
624 1891 693 1930 ex
724 1875 869 1946 ipsis
915 1875 981 1929 ad
1025 1873 1415 1946 patriarcham
1467 1890 1569 1944 pro
1619 1876 1887 1944 Augusto

245 1964 532 2038 supplice,
566 1968 691 2019 tum
727 1963 940 2018 ultima
972 1964 1148 2032 hujus
1166 1961 1406 2033 Josephi
1430 1963 1520 2017 sui
1545 1961 1887 2016 eonfessarii

244 2058 313 2111 ad
338 2053 650 2110 Arsenium
685 2052 975 2124 allegatio.
1002 2055 1135 2117 Qua
1168 2068 1301 2106 cum
1346 2050 1490 2106 nihil
1516 2051 1885 2122 proficerent,

248 2146 485 2200 tandem
517 2143 630 2198 sub
662 2141 897 2196 initium
928 2141 1143 2212 Aprilis
1172 2140 1415 2196 Arsenio
1467 2139 1539 2194 lis
1572 2146 1663 2194 est
1692 2139 1888 2193 inten-

247 2240 389 2299 tata,
435 2232 629 2288 oblato
662 2237 867 2287 contra
915 2231 1081 2286 illum
1124 2230 1343 2286 libello.
1378 2230 1457 2285 De
1487 2229 1595 2285 hac
1626 2246 1686 2285 re
1714 2230 1890 2285 verba

250 2322 624 2394 Pacbymeris
656 2320 915 2375 notanda
944 2324 1082 2375 sunt
1112 2336 1160 2374 ο.
1194 2318 1294 2373 illo
1325 2320 1379 2386 3,
1414 2320 1450 2376 Ι.
1502 2336 1579 2388 ιν,
1627 2319 1710 2373 sic
1743 2318 1889 2373 seri-

249 2412 442 2468 bentis
486 2428 499 2465 :
550 2410 687 2464 Τότε
742 2408 924 2462 τοίνυν
990 2405 1406 2482 βοηδρομιῶνος
1452 2405 1744 2479 ἱσταμένου
1801 2404 1891 2460 καὶ

249 2500 493 2569 συνήθων
545 2501 806 2566 νηστειῶν
850 2492 1197 2568 τελουμένων
1248 2496 1442 2571 ἑορτῆς
1492 2495 1766 2570 ἀγομένης
1822 2496 1889 2563 ἢν

248 2588 534 2652 ἀκάθιστον
569 2585 794 2657 σύνηθες
841 2585 1146 2659 ὀνομάζεινο
1180 2589 1323 2642 Tunc
1374 2586 1557 2659 igitur
1602 2587 1723 2641 sub.
1776 2586 1893 2641 im-

252 2680 378 2736 tiun
409 2679 618 2751 Aprilis
645 2678 906 2734 solemnis
955 2676 1155 2746 ieiunii
1207 2681 1469 2747 tempore,
1531 2676 1660 2730 dum
1695 2680 1894 2745 [estum

252 2777 508 2841 ageretur
536 2768 677 2839 quod
707 2767 1046 2822 Acathiatum
1096 2764 1263 2834 vulgo
1311 2767 1627 2819 nominant.
1678 2769 1893 2819 Datum

254 2864 462 2915 contra
492 2855 890 2928 patriarcbam
922 2852 1184 2909 libellum
1218 2854 1652 2909 accusatoriam
1690 2869 1894 2909 conse-

248 2952 496 3019 quenter
528 2949 713 3000 narat.
746 2943 1013 2999 Diximus
1064 2942 1123 2996 in
1168 2941 1464 2997 Glossario
1509 2942 1681 2996 verbo
1730 2940 1895 2994 Ἀκά-

249 3047 457 3102 eanec,
490 3035 705 3090 festum
735 3031 880 3087 illud
913 3031 1151 3087 solitum
1195 3032 1375 3086 fuisse
1423 3029 1702 3085 celebrari
1749 3030 1894 3085 Sab-

248 3126 387 3181 bato
449 3124 667 3195 quinta
727 3122 1106 3177 hebdomada
1176 3121 1337 3175 verni
1392 3120 1604 3190 jejunii
1663 3120 1893 3173 dierum

1918 1835 1966 1899 B

1993 536 2080 605 [P.
2112 533 2237 603 515]
2273 532 2480 587 mortis
2502 533 2630 602 ejus
2648 532 2801 588 diem
2827 533 3144 591 historicus
3176 542 3375 593 noster
3398 556 3636 612 expres-

1991 623 2087 691 sit,
2147 621 2185 676 l.
2244 637 2300 687 ν,
2352 637 2402 677 c.
2454 622 2547 684 20,
2600 622 2693 677 his
2750 623 2988 678 verbis:
3025 625 3355 699 Ἐπράττετο
3410 628 3505 699 μὲν
3540 628 3629 684 οὗν

1984 714 2152 764 ταῦτα
2180 704 2630 785 ἐλαφηϐολιῶνος
2676 706 2805 784 ἕκτῃ
2845 713 3015 783 μηνὸς
3044 717 3141 767 τοῦ
3172 713 3418 778 ἐπιόντος
3450 712 3630 788 ἔτους,

1985 802 2081 853 τοῦ
2134 798 2475 872 πατριάρχου
2524 796 2806 872 Ἀρσενίου
2856 800 3119 876 πρότερον
3177 805 3211 874 ἢ
3266 809 3431 859 ταῦτα
3484 808 3633 882 γενέ,-

1988 899 2109 950 creat
2166 888 2390 961 ἡμερῶν
2438 882 2492 955 ἓξ
2541 888 2678 940 κατὰ
2724 887 2825 955 τήν
2854 891 3017 957 νῆσον
3076 891 3477 963 μεταλλάξαντο
3536 896 3632 950 εἴτ’

1993 975 2085 1030 οὖν
2126 978 2422 1051 τριακοστῇ
2476 976 2837 1051 γαμηλιῶνος
2889 980 3082 1049 μηνόςο
3145 988 3249 1040 Ha;
3304 995 3453 1052 gesta
3502 992 3633 1041 sunt

1996 1070 2225 1139 (nempe
2259 1066 2653 1137 ignominiosa
2705 1070 2995 1125 traductio
3057 1072 3343 1145 Holoboli)
3400 1075 3635 1133 ineunte

1992 1171 2137 1211 anno
2168 1155 2261 1225 (ob
2293 1155 2526 1209 initium
2575 1155 2843 1211 videlicet
2899 1158 3237 1216 indictionis
3294 1180 3328 1217 a
3369 1164 3631 1235 Septem-

1993 1244 2103 1316 bri)
2135 1243 2237 1299 die
2265 1248 2421 1298 sexta
2449 1244 2698 1302 Octobris
2724 1248 3043 1315 patriarcha
3088 1250 3321 1304 Arsenio
3351 1267 3445 1307 sex
3473 1256 3634 1324 prius

1993 1334 2181 1389 diebus
2212 1349 2375 1403 quam
2434 1334 2551 1390 haec
2604 1335 2800 1404 ﬂerent
2830 1335 2891 1389 in
2924 1336 3112 1391 imula
3141 1348 3387 1393 mortuo.
3427 1341 3489 1394 In
3541 1341 3634 1397 bis

1997 1423 2196 1479 nullus
2230 1428 2471 1495 apparet
2500 1424 2799 1480 character
2833 1426 2970 1480 certi
3006 1427 3164 1481 anni.
3218 1430 3406 1494 Quare
3455 1432 3523 1485 ad
3560 1432 3637 1485 il-

1992 1513 2107 1568 lius
2136 1512 2557 1583 indigationem
2592 1512 2705 1566 alia
2735 1517 3124 1585 grassandum
3156 1522 3245 1573 est
3277 1518 3386 1572 via.
3419 1523 3632 1575 Narra-

1998 1602 2256 1657 veratibi
2277 1601 2660 1673 Pachymeres
2693 1619 2928 1657 causam
2964 1606 3213 1675 primam
3247 1607 3344 1662 ira
3374 1607 3634 1680 impera-

1995 1691 2140 1746 toris
2171 1690 2229 1744 in
2263 1689 2607 1745 Holobolum
2642 1691 2937 1747 exstitisse
2995 1709 3063 1747 ex
3114 1693 3293 1764 hujus
3352 1698 3636 1768 pracipiti

1997 1780 2249 1850 quadam
2296 1778 2599 1849 eruptione
2654 1780 3074 1851 indignationis
3106 1783 3164 1836 in
3202 1784 3636 1855 imperatorem,

1996 1877 2087 1931 cui
2120 1893 2253 1931 cum
2287 1876 2564 1931 inservire
2595 1878 2867 1947 coepisset
2907 1878 2965 1933 in
3020 1880 3250 1951 negotio
3278 1883 3637 1939 conciliatio-

1994 1965 2085 2021 nis
2143 1965 2543 2031 ecclesiarum,
2605 1967 2990 2038 suggerendis
3022 1985 3090 2023 ex
3122 1968 3369 2025 historia
3416 1977 3517 2026 aut
3558 1972 3635 2028 le-

1995 2055 2184 2110 ctione
2216 2054 2453 2109 Patrum
2487 2055 2848 2123 argumentis
2872 2057 2942 2111 ad
2966 2073 3093 2111 eam
3118 2060 3482 2114 suadendam
3530 2078 3631 2134 ap-

1994 2144 2092 2210 tis,
2126 2148 2364 2214 repente
2396 2144 2733 2198 institutum
2784 2149 2842 2199 et
2891 2146 3245 2203 sententiam
3295 2151 3630 2205 mutaverit.

1995 2233 2255 2288 offensus
2287 2233 2440 2303 quod
2474 2232 2531 2286 in
2565 2234 2819 2304 qundam
2852 2239 3023 2301 catu,
3060 2236 3141 2290 uti
3174 2236 3304 2291 aliis
3352 2239 3637 2294 sessionis

1952 2316 1955 2317 ⁷
1996 2323 2281 2376 honorem
2312 2321 2627 2385 imperator
2660 2323 2980 2390 tribuisset,
3013 2324 3209 2394 ipsum
3267 2325 3457 2381 solum
3503 2328 3634 2383 reli-

1999 2411 2224 2481 quisset
2247 2414 2521 2465 stantem.
2550 2411 2707 2466 Unde
2752 2410 2851 2465 ille
2892 2411 3285 2483 interrogatus
3317 2415 3387 2469 de
3420 2432 3478 2470 re
3511 2433 3637 2487 qua

1998 2499 2380 2565 tractabatur,
2411 2502 2793 2569 praeterquam
2821 2502 3069 2570 speratis
3102 2507 3158 2556 et
3181 2503 3346 2573 prius
3383 2505 3639 2561 ostensis

1998 2588 2288 2643 contraria
2318 2588 2515 2642 omnia
2545 2589 2870 2658 respondit,
2903 2590 3075 2644 etiam
3123 2592 3383 2659 Augusto
3433 2608 3639 2664 expro-

1998 2676 2187 2732 bravit
2209 2676 2648 2731 excaeationem
2686 2677 2849 2749 pueri
2879 2677 3146 2734 Joannis.
3181 2679 3345 2735 Unde
3392 2680 3642 2753 impera-

1999 2772 2121 2821 tore
2151 2765 2669 2820 vehementissimo
2692 2774 3009 2832 commoto,
3034 2766 3348 2823 Holobolus
3375 2770 3485 2825 sibi
3520 2788 3641 2826 me-

2000 2862 2172 2911 tuens
2233 2856 2291 2910 in
2351 2852 2575 2927 asylum
2628 2856 2884 2911 ecclesia
2945 2858 3288 2929 confugerit,
3348 2861 3451 2914 sed
3506 2861 3642 2915 inde

2000 2953 2233 3009 blandis
2264 2953 2632 3025 imperatoris
2665 2953 3042 3008 suasionibus
3072 2959 3388 3024 extractus,
3422 2956 3646 3030 relega-

2002 3049 2099 3097 tus
2130 3042 2380 3097 Nicaam
2404 3041 2580 3096 fuerit
2602 3042 2657 3095 in
2684 3042 3107 3097 monasterium
3131 3043 3458 3115 Hyacinthi.
3490 3046 3642 3100 Scri-

2003 3132 2089 3185 bit
2119 3134 2316 3186 autem
2352 3129 2564 3183 ibidem
2599 3128 3004 3202 Pachymeres,
3039 3132 3109 3186 ab
3142 3134 3254 3186 ista
3291 3132 3641 3206 relegatione

247 3203 667 3276 αυεάτθεὶοιαν
701 3202 990 3257 gemeam
1025 3201 1235 3255 diebus
1266 3204 1400 3289 ant?
1449 3199 1693 3254 PaSCba'
1742 3203 1887 3289 cuin
1920 3201 1962 3267 (ἶ
2006 3220 2265 3276 nondum
2300 3235 2453 3274 anno
2482 3217 2728 3289 expleto,
2758 3199 3024 3274 vocatum
3088 3219 3277 3277 Nieaa
3307 3199 3643 3277 Con-stanti—

249 3298 481 3359 autem,
517 3297 583 3346 ut
614 3290 1016 3357 manifestum,
1068 3306 1183 3344 non
1236 3287 1499 3359 quolibet
1555 3304 1708 3342 anno
1753 3287 1897 3341 Sab-

245 3384 449 3439 batum
486 3380 702 3452 quinta
736 3379 1124 3435 hebdomadis
1157 3378 1700 3450 quadragesimain
1723 3377 1893 3449 Apri-

246 3473 321 3527 lis
355 3471 593 3526 initium
644 3470 947 3537 incideret,
991 3474 1235 3539 apparet
1264 3468 1357 3522 bis
1390 3469 1579 3523 verbis
1612 3466 1896 3523 contineri

244 3561 649 3616 characterem
676 3558 815 3613 anni
842 3573 1014 3629 quem
1042 3558 1380 3629 quarimus.
1409 3557 1563 3612 Ordo
1578 3573 1771 3611 rerum
1799 3572 1895 3627 ge-

246 3655 478 3705 starum
497 3649 551 3702 in
568 3647 803 3719 synopsi
821 3663 1114 3718 expansus
1129 3646 1291 3701 ducit
1306 3662 1412 3700 nos
1427 3646 1496 3700 ad
1512 3644 1899 3701 annumeri-

246 3738 325 3794 sti
354 3739 519 3805 1266;
566 3753 700 3791 nam
724 3736 814 3791 hic
847 3752 1039 3791 annus
1084 3735 1433 3804 fuitperiodi
1460 3734 1702 3788 Juliana
1732 3734 1896 3799 5979,

242 3828 391 3900 cycli
428 3828 574 3881 solis
602 3827 687 3894 15,
717 3825 858 3897 cyeli
885 3825 1035 3879 luna
1064 3825 1148 3878 11.
1184 3824 1402 3878 Horum
1435 3822 1731 3893 cyclorum
1762 3838 1894 3875 cer-

246 3917 489 3972 tissimo
522 3914 739 3969 indicio
773 3914 1057 3967 habemus
1089 3911 1314 3966 Pascha
1363 3911 1461 3966 illo
1513 3927 1663 3965 anno
1717 3909 1897 3965 fuisse

241 4005 466 4077 Aprilis
491 4004 579 4071 l8;
626 4004 777 4057 unde
801 4002 1210 4057 retrocedendo
1235 4006 1301 4055 ad
1330 4001 1647 4055 Sabbatum
1682 4000 1896 4068 quinta

248 4093 634 4149 hebdomada
666 4092 1133 4163 Quadragesima
1158 4107 1223 4144 ac
1266 4092 1476 4144 festum
1510 4088 1895 4157 Acathistum,

244 4182 581 4253 reperimus
606 4181 661 4234 id
686 4179 968 4234 incidisse
1006 4179 1062 4233 in
1089 4180 1327 4234 tertium
1373 4178 1613 4247 Aprilis,
1643 4178 1739 4248 qui
1773 4177 1898 4231 dies

244 4271 561 4343 aptissime
592 4270 864 4340 congruit
908 4269 965 4322 in
1017 4268 1176 4323 illam
1223 4268 1575 4322 mentionem
1607 4264 1899 4338 ἱσταμένου

248 4355 703 4433 βοηδρομιῶνος,
742 4357 1079 4429 incipientis
1107 4355 1343 4427 Aprilis.

320 4483 422 4539 Vi.
448 4482 828 4554 Morajudicii
858 4482 1041 4537 totius
1059 4480 1298 4551 aprima
1322 4479 1614 4535 delatione
1634 4481 1705 4535 ad
1729 4496 1897 4535 exse-

2001 3308 2257 3379 nopolim
2291 3305 2636 3361 Holobolum
2670 3307 2742 3361 ab
2773 3307 3125 3378 imperatore
3172 3310 3242 3365 ad
3277 3312 3470 3365 dirum
3498 3328 3643 3383 sup-

2002 3397 2243 3469 plicium
2269 3396 2468 3450 fuisse.
2485 3396 2634 3466 Igitu
2648 3414 2671 3448 r
2689 3396 2737 3451 si
2763 3398 3130 3467 potuerimus
3152 3398 3396 3455 deﬁnire
3408 3404 3643 3471 tempus

2000 3486 2161 3543 illius
2193 3489 2541 3551 conventus,
2574 3500 2690 3555 quo
2721 3501 2891 3541 suam
2938 3501 3171 3556 gravem
3213 3488 3271 3541 in
3323 3489 3642 3560 perniciem

2004 3583 2123 3638 ruit
2150 3582 2469 3638 Holobolus
2513 3582 2965 3651 intemperantia
3010 3583 3106 3638 ira
3139 3589 3197 3640 et
3242 3585 3477 3657 lingua,
3525 3591 3643 3641 sta-

2004 3677 2167 3727 tuere
2188 3670 2386 3725 licebit
2416 3671 2487 3724 de
2513 3686 2646 3724 vero
2670 3675 2930 3741 tempore
2965 3688 3095 3727 cum
3122 3673 3396 3744 supplicii
3430 3676 3501 3730 de
3531 3680 3647 3731 Ho-

2002 3761 2192 3816 lobolo
2217 3761 2438 3830 sumpti
2463 3764 2588 3812 tum
2620 3762 2825 3813 mortis
2858 3761 3109 3815 Arsenii.
3139 3764 3306 3832 Atqui
3336 3780 3645 3835 speramus

2002 3848 2176 3904 istius
2225 3848 2464 3918 quidem
2511 3847 2623 3901 voti
2678 3864 2784 3901 nos
2817 3847 2939 3901 fore
2967 3853 3290 3919 compotes.
3328 3850 3470 3904 Nam
3506 3867 3643 3905 con-

2000 3944 2210 3992 ventus
2236 3938 2344 3991 iste
2368 3936 2595 3989 videtur
2621 3935 2719 3990 ille
2741 3935 2895 3990 idem
2925 3937 3107 3991 fuisse
3128 3953 3301 4007 quem
3328 3938 3645 4009 descripsit

2003 4027 2413 4098 Pachymeres,
2445 4041 2495 4079 ο.
2533 4026 2598 4078 12
2628 4024 2762 4078 libri
2794 4025 3059 4095 ejusdem
3087 4043 3141 4090 ν,
3176 4026 3274 4080 ubi
3333 4027 3512 4081 tradit
3556 4028 3647 4080 in-

2003 4122 2228 4173 tentum
2262 4116 2672 4185 imperatorem
2732 4114 3093 4169 adducendis
3125 4116 3183 4170 in
3217 4132 3380 4170 suam
3409 4116 3479 4169 de
3511 4132 3651 4185 pace

2002 4206 2261 4261 incunda
2295 4219 2428 4258 cum
2467 4202 2667 4257 Latina
2693 4203 2953 4257 Ecclesia
2998 4204 3373 4270 sententiam,
3431 4204 3649 4259 aversis

2003 4296 2076 4351 ab
2108 4311 2174 4349 eo
2210 4292 2454 4348 consilio
2490 4290 2837 4363 prasulibus
2856 4291 3093 4358 Gracia,
3118 4298 3466 4366 congregato
3491 4294 3647 4365 apud

2000 4401 2065 4439 se
2096 4382 2427 4455 patriarcha
2456 4396 2585 4434 cum
2623 4379 2909 4452 episcopis
2932 4386 2989 4436 et
3011 4382 3321 4453 pracipuis
3356 4400 3425 4437 ex
3471 4383 3647 4449 clero,

2001 4471 2289 4526 institisse
2312 4478 2374 4523 ut
2393 4469 2450 4523 in
2472 4484 2599 4523 eam
2614 4468 3076 4523 conciliationem
3096 4486 3399 4525 assensum
3420 4472 3649 4539 darent,

238 4574 548 4629 cutionem
579 4569 885 4627 sententia
917 4575 973 4624 et
1016 4567 1482 4640 deportationem
1529 4569 1790 4623 damnati
1824 4569 1894 4623 ad
1928 4559 1976 4621 D
2009 4557 2332 4627 allegandis
2379 4557 2705 4611 rationibus
2751 4573 2897 4628 quas
2945 4558 2996 4612 ei
3047 4565 3465 4630 suggesserant
3495 4561 3649 4616 docti

238 4661 512 4717 insulam
545 4662 797 4714 duorum
834 4658 945 4712 fuit
976 4658 1090 4711 fere
1121 4657 1417 4712 mensium
1471 4656 1763 4727 siquidem
1797 4658 1897 4712 do-

236 4758 340 4806 cet
384 4748 789 4820 Pachymeres,
816 4747 853 4800 1.
881 4764 956 4814 iv,
980 4762 1028 4801 c.
1053 4746 1109 4811 8,
1141 4752 1443 4801 extrusum
1471 4763 1572 4817 per
1596 4746 1896 4802 ministros

240 4838 627 4911 imperatoris
678 4835 1054 4908 patriarcbali
1103 4834 1321 4907 palatio
1370 4835 1679 4890 Arsenium
1731 4841 1896 4891 nocte

234 4929 472 4986 circiter
500 4932 753 4983 extrema
782 4924 988 4981 mensis
1022 4926 1186 4980 Maii.
1222 4922 1332 4992 Νὺξ
1380 4923 1447 4991 ἧν
1505 4921 1627 4997 περί
1677 4944 1782 4976 που
1828 4924 1897 4977 τὰ

230 5016 534 5072 τελευταῖα
577 5018 938 5073 πυαντιῶνος.
988 5014 1081 5069 Sic
1129 5012 1335 5068 scribit
1371 5012 1481 5067 hoc
1527 5012 1653 5067 loco
1699 5016 1897 5067 noster

231 5108 407 5163 istud
451 5121 685 5169 nomen,
747 5120 879 5159 cum
939 5102 1081 5157 alibi
1156 5107 1492 5157 constanter
1546 5102 1897 5173 πυανεψιῶνα

231 5195 465 5251 Maium
496 5198 680 5249 vocet.
715 5194 824 5249 Sed
861 5197 1165 5262 utcunque
1212 5192 1399 5246 variet
1452 5191 1745 5262 scriptura
1793 5206 1892 5245 vo-

228 5284 466 5354 cabuli,
501 5300 591 5338 res
623 5287 712 5338 est
743 5282 979 5353 quidem
1010 5279 1141 5351 ipsa
1186 5279 1432 5335 minime
1463 5280 1641 5335 dubia
1675 5280 1890 5334 Maium

228 5375 339 5429 hic
376 5371 645 5428 indicari.
678 5372 826 5428 729
864 5371 1052 5435 Quare
1085 5373 1242 5424 certo
1274 5384 1342 5423 ex
1372 5368 1463 5423 his
1488 5368 1620 5424 licet
1651 5368 1892 5422 deﬁnire

227 5460 507 5534 spatium
534 5459 775 5515 secundi
800 5457 1229 5530 patriarchatus
1256 5458 1505 5524 Arsenii,
1523 5456 1621 5528 qui
1642 5471 1892 5512 amense

224 5550 576 5623 Septembri
638 5549 776 5604 anni
832 5548 1048 5604 Christi
1100 5548 1232 5602 1261
1270 5546 1340 5600 ad
1375 5548 1550 5602 ﬁnem
1590 5548 1721 5602 Maii
1754 5547 1895 5601 1266

220 5658 348 5716 per
380 5657 568 5697 annos
599 5644 856 5712 quatuor
886 5644 946 5695 et
974 5653 1210 5693 menses
1226 5642 1506 5709 praeterea
1532 5637 1763 5695 circiter
1793 5653 1895 5694 no-

2018 4648 2310 4716 homines,
2344 4644 2793 4700 archidiaconus
2824 4646 3199 4715 Meliteniota,
3235 4649 3517 4723 Georgius
3544 4656 3648 4724 Cy-

2008 4737 2168 4807 prius
2202 4733 2726 4806 protapostolarius
2756 4738 2811 4789 et
2843 4735 3042 4791 rhetor
3090 4738 3346 4793 ecclesia
3396 4739 3647 4795 Holobo-

2004 4825 2119 4895 lus,
2148 4824 2249 4896 qui
2276 4840 2480 4879 omnes
2512 4825 2775 4890 aderant,
2805 4840 2907 4894 pro
2955 4841 3017 4880 se
3048 4827 3298 4898 quisque
3348 4830 3648 4901 negotium

1998 4917 2295 4987 juvantes,
2328 4928 2711 4984 quamquam,
2744 4918 2809 4967 ut
2852 4914 2930 4968 ibi
2966 4916 3282 4972 submonet
3310 4918 3645 4986 historicus,

2004 5011 2324 5068 Holobolus
2352 5012 2738 5082 quidem'non
2775 5027 2846 5065 ex
2875 5013 3057 5068 animi
3088 5017 3178 5070 sui
3210 5016 3520 5081 sententia,
3544 5017 3645 5071 sed

2002 5102 2061 5156 in
2096 5100 2351 5173 speciem
2384 5102 2663 5155 duntaxat
2689 5115 2795 5154 nec
2828 5101 3024 5156 studio
3048 5103 3297 5158 sincero.
3322 5105 3462 5159 Esse
3490 5104 3648 5158 hunc

2003 5190 2213 5245 calum
2270 5190 2545 5245 eumdem
2600 5190 2811 5244 suadet
2864 5206 3249 5262 personarum
3283 5192 3559 5248 identitas
3589 5196 3647 5248 et

2002 5281 2080 5336 rei
2118 5284 2375 5335 tractata
2410 5279 2466 5332 in
2504 5282 2750 5349 utroque
2785 5295 2797 5333 :
2833 5296 2966 5334 nam
3003 5277 3379 5346 Meliteniota,
3403 5281 3644 5351 Cyprius

2002 5376 2058 5425 et
2082 5368 2400 5424 Holobolus
2432 5367 2741 5438 utrobique
2774 5375 3176 5424 memorantur
3204 5370 3354 5424 130
3397 5366 3643 5422 adhibiti

2001 5458 2396 5530 adjuvandum
2430 5457 2843 5529 imperatorem
2874 5458 2931 5512 in
2965 5458 3375 5513 convincendis
3399 5455 3645 5510 fautori—

2000 5548 2112 5603 bus
2142 5546 2503 5602 sehismatis.
2533 5546 2650 5600 Nec
2681 5548 2874 5601 obstat
2926 5549 3081 5615 quod
3122 5544 3220 5599 illo
3260 5560 3309 5598 ο.
3351 5546 3421 5597 20
3453 5549 3643 5613 poste-

2002 5636 2171 5693 rioris
2188 5636 2472 5708 temporis
2490 5634 2835 5692 memoriam
2866 5632 3235 5705 exsequitur:
3252 5649 3389 5691 nam
3424 5632 3644 5693 diserte
