4002 6202
464 296 600 354 1187

463 511 562 567 sed
588 507 668 562 ibi
700 503 1012 559 memorari
1044 501 1116 557 ob
1134 498 1582 556 similitudinem
1605 511 1822 551 rerum.
1847 494 2104 550 Conven-

460 604 556 653 tus
606 611 776 667 porro
819 591 938 647 illic
971 608 1019 646 c.
1056 591 1121 645 12
1169 593 1438 644 narratus
1470 585 1843 660 significatur
1883 582 2101 638 ibidem

459 683 720 750 habitus,
753 697 1040 754 posquam
1093 679 1267 751 legati
1297 676 1557 749 Gregorii
1593 678 1648 730 X
1670 671 1963 746 pontiﬁcis
1992 675 2102 726 Ro-

461 775 620 831 mani
638 769 1204 842 Constantinopolim
1231 768 1610 824 advenerant.
1637 764 1763 819 Non
1787 763 2105 834 potuerunt

460 869 656 921 autem
715 861 800 916 illi
858 878 924 929 eo
980 859 1316 931 pervenisse
1364 857 1530 928 prius
1573 869 1750 925 quam
1781 853 1889 906 sub
1922 849 2099 905 ﬁnem

460 954 598 1011 anni
643 952 804 1021 4272,
838 949 1129 1020 siquidem
1181 946 1385 1002 litteras
1433 961 1582 1016 quas
1612 942 1696 998 eis
1730 940 2101 1013 perferendas

459 1045 529 1100 ad
561 1041 899 1097 Michaelem
944 1039 1354 1108 imperatorem
1404 1034 1453 1089 is
1496 1031 1759 1104 pontifex
1798 1029 1979 1097 dedit,
2008 1045 2100 1083 re-

457 1134 648 1189 citata;
672 1149 703 1186 a
736 1128 1031 1201 Raynaldo
1071 1126 1168 1181 illo
1220 1140 1373 1180 anno
1398 1141 1454 1178 n.
1486 1123 1578 1192 25,
1622 1119 1848 1190 scriptas
1899 1121 2035 1172 sunt
2065 1118 2099 1170 9

454 1222 580 1277 Kal.
616 1219 894 1276 Novemb.
927 1217 1056 1288 ejus
1107 1231 1278 1286 quem
1329 1211 1447 1267 dixi
1499 1209 1636 1266 anni
1686 1209 1838 1279 apud
1894 1207 2098 1262 urbem

454 1316 731 1376 veterem,
767 1307 865 1363 ubi
925 1304 1236 1376 Gregorius
1286 1307 1426 1357 tunc
1481 1304 1624 1356 erat.
1683 1299 1802 1353 Sub
1860 1296 2094 1351 initium

452 1400 633 1472 igitur
663 1397 801 1453 anni
838 1396 973 1451 1273
1001 1393 1176 1448 fuerit
1218 1391 1455 1447 habitus
1504 1391 1552 1444 is
1599 1392 1802 1454 cretus,
1827 1403 1943 1458 quo
1972 1402 2098 1458 gra-

451 1490 595 1545 tiam
629 1487 784 1558 apud
818 1487 1230 1556 imperatorem
1263 1497 1432 1534 suam
1462 1476 1782 1534 Holoholus
1813 1474 2092 1547 perdidit.

454 1579 534 1633 Ex
567 1593 679 1648 quo
712 1581 972 1644 tempore
1004 1571 1263 1627 nondum
1312 1584 1467 1624 anno
1517 1567 1768 1636 evoluto,
1806 1568 2095 1620 retractus

453 1661 1021 1734 Constantinopolim
1053 1665 1174 1714 tam
1217 1659 1378 1713 diras
1410 1656 1491 1712 ibi
1524 1658 1676 1728 (qua:
1708 1672 1756 1709 c.
1789 1654 1858 1708 20
1883 1652 2096 1708 descri-

1484 289 1547 340 P.
1589 285 1866 341 POSSINI
1902 280 2518 337 OBSERVATIONUM
2555 283 2690 338 LIB.
2732 286 2830 338 III.

460 422 679 478 ibidem
701 417 995 479 admonet,
1023 411 1179 483 quod
1207 409 1290 466 ibi
1320 412 1542 477 narrat,
1575 411 1770 462 actum
1803 402 2101 476 superius,
2129 401 2186 469 Α
2216 401 2527 462 manifesto
2558 405 2818 475 periculo
2850 406 3103 478 publica
3132 411 3359 482 quietis,
3387 419 3446 471 ut
3470 432 3665 476 necesse
3678 423 3756 479 ha-

3653 298 3752 356 1188

2209 494 2404 550 buerit
2431 495 2755 566 imperator
2785 497 2962 570 longa
2992 516 3122 556 eam
3151 508 3209 558 et
3250 510 3502 562 accurata
3540 513 3754 571 concione

2210 598 2584 654 compescere
2633 587 2864 642 conari.
2918 588 3185 663 Denique
3228 600 3415 650 narrat
3459 597 3617 654 datam
3663 617 3755 659 esse

2208 688 2444 744 operam
2482 680 2545 730 ut
2578 675 2789 748 reliqui
2819 677 3147 736 Orientales
3175 683 3521 754 patriarchae,
3569 687 3755 747 Alexan-

2207 763 2412 818 drinus
2443 768 2502 818 et
2528 765 2955 837 Antiochenus,
2986 771 3326 840 ejectionem
3367 775 3564 831 Arsenii
3598 781 3756 849 proba-

2207 856 2354 919 rent;
2379 869 2554 923 quam
2604 855 2676 909 ad
2711 873 2830 912 rem
2861 857 3179 916 verisimile
3229 861 3306 916 sit
3332 863 3555 920 missum
3580 869 3639 923 ad
3683 885 3754 925 eos

2205 939 2287 994 rei
2318 940 2481 997 factas
2508 944 2874 1015 nuntium,et
2905 953 3305 1019 exspectatum
3335 951 3578 1010 videlicet
3600 971 3750 1012 eorum

2205 1043 2554 1100 responsum
2585 1049 2648 1088 re
2676 1033 2871 1090 adhuc
2904 1035 3134 1108 integra
3183 1045 3315 1095 ante
3363 1041 3745 1114 subrogationem

2203 1117 2335 1174 novi
2366 1120 2711 1191 patriarchae
2737 1122 2795 1178 in
2847 1123 3040 1180 locum
3086 1127 3334 1199 expulsi.
3386 1129 3477 1186 His
3516 1132 3572 1186 de
3607 1135 3754 1190 causis

2204 1210 2625 1279 propenderem
2659 1212 2935 1282 equidem
2995 1215 3068 1270 ad
3127 1217 3494 1274 differendam
3545 1223 3753 1277 Germani

2201 1295 2547 1354 electionem
2581 1300 2636 1354 in
2673 1318 2892 1357 annum
2928 1309 3294 1375 sequentem;
3347 1309 3491 1378 quod
3538 1325 3622 1380 per
3657 1311 3760 1366 cha-

2203 1390 2482 1442 racterem
2515 1388 2624 1444 hoc
2671 1388 2798 1446 loco
2845 1405 3236 1450 memoratum
3284 1394 3430 1451 licet.
3477 1398 3602 1453 Nam
3639 1416 3759 1469 eque

2201 1473 2299 1531 illo
2331 1491 2486 1531 anno
2505 1477 2727 1533 Christi
2763 1481 2920 1548 1267,
2955 1499 3087 1536 cum
3135 1483 3334 1555 cyclus
3367 1485 3499 1541 solis
3546 1486 3691 1542 fuerit
3713 1489 3761 1542 l6

2201 1567 2258 1618 et
2284 1561 2434 1619 lunae
2469 1570 2555 1636 11,
2583 1568 2683 1634 qui
2707 1569 2849 1624 dant
2895 1569 3118 1629 Pascha
3168 1574 3235 1626 17
3284 1574 3507 1646 Aprilis,
3548 1580 3762 1631 Penteco-

2201 1655 2290 1707 ste
2319 1654 2600 1726 pertingit
2632 1655 2688 1710 in
2737 1674 3000 1714 mensem
3049 1660 3319 1731 Junium,
3378 1663 3619 1735 quintum
3668 1665 3763 1736 ejus

449 1754 693 1824 buntur)
725 1749 1107 1806 contumaciae
1147 1765 1266 1802 suae
1310 1763 1512 1819 pcenas
1543 1746 1766 1837 dederit
1808 1747 1968 1837 sexta
1999 1741 2092 1837 die
2123 1771 2170 1837 Β
2202 1741 2354 1837 diem
2389 1759 2703 1815 occupans.
2738 1747 2886 1810 Quia
2913 1753 3133 1813 tamen,
3193 1752 3348 1821 quod
3379 1753 3564 1807 statim
3613 1758 3764 1808 osten-

449 1842 716 1899 Octobris
748 1841 885 1894 anni
918 1839 1080 1904 1273,
1105 1841 1333 1892 mortuo
1365 1841 1501 1890 ante
1532 1851 1631 1889 sex
1653 1833 1778 1888 dies
1807 1832 1867 1886 in
1897 1831 2092 1886 insula
2123 1831 2165 1837 ’⁷
2200 1831 2430 1898 demus,
2465 1839 2620 1889 certo
2651 1841 2883 1892 constat
2911 1839 3271 1895 Germanum
3302 1841 3557 1896 eumdem
3576 1841 3763 1914 patriar-

449 1937 618 1999 Oxea,
653 1929 753 1985 ubi
801 1929 1025 1984 dudum
1077 1926 1368 1982 exulabat.
1427 1922 1695 1988 Arsenio,
1727 1937 1903 1992 quem
1956 1920 2091 1976 inde

447 2019 832 2092 intelligimus
886 2023 1014 2089 post
1069 2033 1240 2072 suam
1299 2031 1328 2070 e
1385 2013 1642 2070 secundo
1693 2009 2088 2082 patriarchatu

446 2110 788 2184 ejectionem
819 2107 1032 2163 vixisse
1071 2105 1241 2161 annis
1293 2109 1543 2176 septem,
1575 2106 1632 2157 et
1662 2105 1874 2182 quator
1923 2098 2088 2156 insu-

446 2217 549 2273 per
579 2197 905 2256 mensibus.

1084 2337 1311 2396 CAPUT
1350 2336 1444 2392 VI.

446 2441 818 2512 Chronologia
837 2437 1291 2512 patriarcharum
1343 2434 1624 2512 Germani,
1647 2433 1969 2512 Iosephi,__e_t
1989 2434 2086 2512 ξΙο-

511 2514 676 2567 annis
713 2503 894 2574 Vacci,
919 2511 1015 2580 qui
1043 2512 1159 2579 post
1189 2508 1499 2572 Arsenium,
1533 2503 1848 2580 imperante
1879 2503 2085 2558 Micha-

512 2585 594 2638 ele
626 2576 958 2649 Ραιεεοιοσὸ,
990 2576 1176 2634 sedem
1207 2576 1875 2646 Constantinopclitanam
1901 2584 2088 2631 (enuc-

512 2659 664 2710 runt.
699 2655 921 2723 Tempus
950 2653 1138 2707 missae
1167 2649 1461 2720 legationis
1489 2651 1566 2703 ad
1593 2665 1821 2720 papam.

514 2772 600 2840 [P.
630 2771 756 2840 516]
791 2769 840 2824 1.
864 2769 1000 2823 Post
1030 2770 1293 2822 amotum
1331 2765 1646 2822 Arsenium
1671 2764 1998 2820 Germanus
2018 2779 2087 2818 ex

439 2861 516 2917 Ad
529 2858 941 2931 rianipolitana
955 2854 1881 2926 sedeinConstantinopolitanam
1901 2858 2088 2910 trans-

441 2950 598 3006 latus
629 2954 684 3004 et
717 2946 1048 3021 patriarcha
1102 2943 1437 3001 declaratus
1468 2948 1557 2999 est
1586 2958 1775 2998 mense
1803 2941 1968 2999 Iunio
1999 2942 2088 2998 die

431 3043 572 3110 festo
602 3037 781 3093 sancti
811 3035 1076 3109 Spiritus,
1109 3039 1176 3089 ut
1210 3032 1472 3104 loquitur
1502 3032 1908 3104 Pacbymeres,
1941 3030 1979 3085 l.
2007 3049 2081 3099 IV,

431 3144 483 3184 c.
520 3128 585 3182 13
611 3145 624 3183 :
650 3125 829 3193 Μηνὸς
869 3125 1354 3197 μαιμακτηριῶνος
1387 3120 1439 3175 ὲν
1470 3123 1539 3193 τῇ
1569 3123 1666 3174 τοῦ
1711 3119 1868 3192 ἁγίου
1908 3117 2079 3175 ἶΙνςύ-
2111 3139 2152 3206 C

435 3235 606 3287 ματος
664 3213 849 3286 ἑορτῇ.
907 3213 1179 3268 Libenter
1235 3211 1347 3266 hoc
1406 3210 1697 3266 differrem
1754 3210 1810 3264 in
1857 3226 2076 3264 annum

431 3308 793 3373 sequentem.
829 3301 976 3355 Nam
1008 3300 1162 3355 inter
1192 3298 1725 3354 exauctorationem
1771 3298 1996 3352 Arsenii
2021 3303 2079 3352 et

433 3389 861 3464 promotionem
891 3388 1164 3444 Germani
1185 3387 1369 3441 multa
1391 3391 1811 3442 commemorat
1832 3386 2080 3459 Paschy-

436 3495 626 3534 meres
653 3476 1014 3548 eapitibusQ,
1059 3476 1124 3529 10
1155 3481 1212 3530 et
1237 3475 1322 3545 11,
1354 3473 1393 3529 l.
1430 3489 1507 3540 iv,
1533 3491 1658 3547 quae
1690 3474 1750 3529 in
1773 3476 2079 3546 angustias

429 3565 926 3639 paucissimorum
951 3563 1179 3619 dierum
1213 3562 1363 3618 inter
1393 3568 1713 3617 extremum
1761 3563 1974 3618 Maium
2023 3569 2081 3619 et

427 3652 668 3710 Junium
703 3652 1000 3706 ineuntem
1033 3650 1520 3706 intercedentium
1546 3650 1849 3722 regerrims
1881 3650 2074 3705 viden-

429 3752 526 3799 tur
559 3759 732 3815 posse
763 3740 1080 3812 compingi.
1142 3740 1295 3806 Fuit,
1358 3744 1416 3795 ut
1447 3740 1724 3804 diximus,
1759 3739 1868 3794 hoc
1899 3756 2073 3806 anno,

431 3850 547 3906 quo
577 3837 667 3889 est
699 3835 1111 3887 exauctoratus
1154 3829 1458 3896 Arsenius,
1493 3828 1714 3884 Pascha
1745 3829 1812 3884 48
1841 3828 2074 3900 Aprilis,

428 3928 485 3978 et
514 3925 940 3993 consequenter
970 3920 1324 3986 Pentecoste,
1358 3935 1536 3989 quam
1569 3917 1664 3974 hic
1695 3923 1862 3975 vocat
1880 3924 2079 3975 noster

431 4011 626 4086 ἑορτὴν
685 4013 784 4065 τοῦ
841 4008 994 4085 ἁγίου
1053 4006 1382 4080 Πνεύματος.
1444 4009 1478 4061 6
1533 4008 1716 4065 Junii.
1777 4009 2074 4064 Sententia

433 4099 819 4172 depositionis
875 4098 1094 4172 perlata
1151 4097 1209 4153 in
1271 4097 1580 4152 Arsenium
1639 4103 1693 4152 et
1751 4098 2073 4153 executioni

434 4190 712 4244 mandata
744 4193 833 4244 est
889 4186 1012 4260 περί
1070 4207 1175 4240 που
1227 4184 1293 4239 τὰ
1347 4185 1632 4239 τελευταῖα
1661 4188 1756 4238 τοῦ
1801 4189 2072 4239 πυαντιῶ-

429 4295 544 4346 νος,
571 4277 795 4332 circiter
824 4286 1070 4332 cxtrema
1091 4279 1296 4332 mensis
1316 4275 1484 4342 Maii,
1506 4281 1567 4330 ut
1598 4274 1750 4330 clare
1774 4276 1950 4330 tradit
1970 4293 2073 4330 no-

431 4371 551 4420 ster
581 4382 632 4419 c.
661 4366 715 4433 8,
761 4366 798 4422 l.
851 4383 925 4420 1v.
973 4365 1298 4421 Germanus
1347 4381 1518 4435 porro
1548 4364 1938 4435 inauguratus
1970 4384 2074 4438 pa-

2197 1918 2370 1974 chatu
2403 1921 2654 1978 cessisse
2686 1923 2780 1978 die
2831 1925 2895 1979 14
2933 1928 3301 1996 Septembris
3351 1930 3520 2000 hujus
3569 1931 3767 2000 ejusdem

2197 2007 2335 2062 anni
2366 2009 2524 2077 1267,
2558 2012 2711 2066 unde
2748 2019 2904 2069 esset
2951 2031 3324 2085 consequens
3363 2035 3473 2074 non
3522 2019 3638 2090 plus
3667 2034 3766 2074 eum

2196 2096 2386 2152 tribus
2419 2100 2726 2156 mensibus
2747 2117 2882 2157 cum
2915 2103 3163 2160 dimidio
3199 2105 3261 2161 in
3302 2107 3437 2162 sede
3483 2107 3766 2179 perstitisse,

2195 2183 2247 2240 si
2319 2201 2495 2257 quem
2571 2194 2732 2246 tanta
2793 2192 3236 2262 patriarchatus
3311 2197 3570 2253 Germani
3629 2195 3764 2252 oﬂ‘en-

2195 2277 2313 2350 det,
2346 2279 2561 2349 poterit
2585 2280 2638 2336 is
2669 2296 2770 2351 per
2794 2299 2888 2338 me
2905 2284 3142 2339 credere
3193 2286 3392 2342 Patres
3437 2286 3643 2360 synodi,
3683 2301 3767 2358 quo

2194 2376 2456 2445 tempore
2481 2371 2708 2428 Arsenii
2739 2388 2978 2430 causam
3002 2375 3768 2449 cognoverunt,disquisiviase

2193 2461 2370 2516 simul
2404 2462 2475 2517 de
2505 2476 2866 2531 successore,
2901 2461 2950 2518 si
2975 2463 3140 2531 forte,
3173 2465 3335 2536 quod
3383 2481 3612 2537 pronum
3651 2464 3771 2520 facta

2195 2550 2534 2622 apparebat,
2567 2549 2666 2604 ille
2690 2556 3081 2620 amoveretur;
3111 2570 3298 2624 quare
3339 2556 3532 2611 statim
3573 2571 3630 2609 ac
3669 2568 3770 2609 ssn-

2191 2639 2437 2695 tentiam
2468 2639 2528 2694 in
2560 2639 2876 2694 Arsenium
2919 2640 3203 2713 tulerunt,
3249 2643 3526 2716 suffragia
3572 2643 3624 2699 in
3663 2641 3768 2699 Ger-

2194 2729 2353 2784 mani
2383 2727 2725 2784 electionem
2755 2729 2896 2785 dare
2924 2731 3244 2801 potuerint.
3273 2737 3352 2789 De
3382 2733 3613 2790 conﬂato
3639 2735 3768 2786 Arae-

2193 2819 2505 2875 nianorum
2534 2818 2859 2875 schismate
2885 2821 3037 2891 quod
3071 2828 3372 2892 narratur,
3406 2823 3708 2880 inchoatum
3730 2819 3772 2874 id

2192 2911 2480 2981 pendente
2496 2909 2721 2980 judicio
2749 2911 2998 2979 Arsenii,
3032 2918 3312 2969 caeterum
3347 2915 3602 2970 factionis
3626 2927 3774 2969 corro-

2190 2999 2552 3054 borationem
2588 3015 2769 3070 usque
2809 3001 2879 3054 ad
2927 3001 3260 3071 periculum
3316 3003 3620 3074 publicum,
3669 3001 3770 3056 licet

2192 3093 2324 3159 post
2355 3089 2629 3143 Germani
2659 3089 3010 3144 eveclionem
3054 3092 3368 3162 exstiterit,
3414 3110 3482 3149 ex
3526 3091 3775 3148 occasione

2194 3193 2291 3247 per
2321 3177 2635 3249 prolepsim
2684 3183 2858 3233 antea
2901 3195 2935 3234 a
2981 3179 3345 3252 Pachymere
3401 3182 3645 3238 relatam.
3691 3179 3774 3234 Po-

2184 3270 2403 3320 stremo
2436 3266 2650 3320 missos
2680 3265 2919 3337 quidem
2952 3268 3154 3323 statim
3187 3271 3436 3326 nuntios
3475 3269 3775 3326 indicaturos

2183 3353 2603 3424 depositionem
2639 3354 2871 3408 Arsenii
2905 3355 2973 3410 ad
3015 3355 3482 3414 Alexandrinum
3527 3363 3581 3414 et
3619 3357 3772 3412 Antio-

2181 3444 2432 3497 cbenum
2465 3441 2850 3514 patriarchas,
2885 3444 2986 3498 sed
3017 3460 3221 3502 eorum
3275 3448 3532 3504 reditum
3575 3446 3772 3502 minime

2181 3536 2603 3603 exspectatum.
2638 3531 2760 3588 Non
2785 3534 2937 3588 enim
2969 3533 3051 3589 illi
3085 3537 3442 3606 patriarchae
3473 3539 3665 3592 habere
3693 3551 3771 3607 pu-

2179 3621 2457 3676 tabantur
2487 3622 2543 3676 in
2574 3621 2675 3676 tali
2709 3623 2940 3692 negotio
2972 3623 3076 3694 jus
3127 3626 3441 3700 suffragii:
3483 3625 3681 3698 alioqui
3721 3639 3774 3678 ne

2180 3709 2480 3765 damnatio
2511 3710 2749 3781 quidem
2779 3717 2914 3765 ante
2964 3718 3171 3767 nutum
3224 3729 3436 3771 eorum
3478 3711 3774 3787 praecipitari

2180 3798 2499 3866 debuisset,
2535 3799 2686 3869 quod
2721 3797 2938 3854 factum
2971 3803 3168 3857 tamen
3199 3809 3457 3860 constat.
3490 3800 3778 3860 Summasit

2179 3885 2238 3942 in
2267 3888 2460 3942 medio
2494 3887 2700 3958 reliqui
2733 3905 2882 3944 ams
2912 3891 3228 3962 cmperitne
3263 3894 3349 3966 [P.
3391 3895 3517 3966 517]
3561 3889 3779 3948 Germani

2183 3975 2616 4047 patriarchatus
2647 3993 2801 4032 anno
2836 3979 2976 4033 1266
3005 3996 3078 4035 an
3117 3983 3438 4053 sequenti;
3473 3981 3780 4056 propendere

2181 4071 2380 4120 tamen
2413 4065 2604 4137 magis
2633 4065 2692 4120 in
2721 4083 2901 4138 quam
2935 4069 3256 4126 maximam
3293 4073 3454 4128 sedis
3484 4073 3604 4144 ejus
3632 4068 3781 4125 brevi-

2181 4159 2379 4221 tatem,
2417 4154 2619 4226 utique
2650 4153 2710 4209 in
2743 4171 2858 4226 qua
2892 4156 3124 4213 facilius
3151 4159 3452 4216 rationem
3485 4160 3689 4216 invenio
3704 4171 3785 4211 cur

2182 4245 2253 4299 ab
2299 4260 2366 4298 eo
2421 4243 2648 4299 volente
2703 4249 2761 4300 et
2819 4252 3020 4316 parato
3070 4247 3404 4320 imperator
3469 4250 3788 4307 anathemate

2181 4332 2327 4389 solvi
2359 4349 2420 4388 se
2451 4349 2564 4387 non
2598 4334 2908 4389 curaverit.

431 4453 708 4520 triarcha,
741 4471 807 4509 ex
839 4455 1041 4510 eodem
1096 4461 1355 4523 auctore,
1408 4458 1496 4508 est
1546 4453 1639 4508 die
1681 4453 2072 4525 Pentecostes,
2105 4501 2152 4566 Β
2257 4457 2328 4511 ll.
2357 4456 2555 4510 Finem
2586 4456 3017 4528 patriarchatus
3047 4459 3335 4518 Germani
3363 4465 3622 4535 ejusdem
3664 4458 3789 4533 ponii

431 4543 534 4566 1...Δ
572 4548 650 4566 -.-ι
711 4549 865 4566 -.ι-ι...
938 4542 1085 4566 1--..22
1168 4542 1421 4566 ιι-.12--...
1488 4543 1741 4566 ----ΔΣ.--.
1795 4560 1905 4566 μ-..
1946 4545 2073 4566 ..1η-
2188 4543 2562 4566 Π--ι.---.-..--
2598 4546 2616 4566 τ
2646 4561 2700 4566 ---
2734 4562 2753 4566 _
2814 4550 2871 4566 na
2929 4547 3006 4566 ΔΞ-
3045 4547 3087 4566 r,
3136 4554 3151 4566 ι
3343 4552 3378 4566 ι.
3431 4555 3468 4566 .-
3555 4553 3564 4563 -
3715 4553 3786 4566 ,ιη

431 4543 537 4597 hoc
568 4548 676 4612 est,
710 4549 870 4598 sexto
928 4542 1108 4598 Junii.
1168 4542 1427 4600 Medium
1487 4543 1744 4614 spatium
1795 4560 1908 4599 non
1945 4545 2076 4616 plus

431 4636 560 4686 octo
611 4637 710 4686 aut
756 4633 954 4687 decem
991 4632 1217 4687 dierum
1261 4632 1445 4688 fuisse
1475 4632 1746 4704 oportuit.
1779 4632 1846 4687 Et
1877 4637 2071 4689 tamen

431 4721 598 4776 docet
629 4721 899 4777 indicatis
931 4721 1076 4778 locis
1122 4720 1505 4794 Pachymeres
1555 4721 1805 4793 primum
1838 4721 2070 4778 electio-

431 4826 562 4865 nem
595 4811 925 4866 successuri
977 4811 1220 4865 Arsenio
1269 4809 1472 4865 liberis
1519 4810 1814 4881 suffragiis
1866 4812 2071 4883 synodi

429 4898 692 4955 relictam
721 4900 793 4954 ab
822 4899 1194 4971 imperatore,
1227 4900 1384 4956 unde
1413 4901 1492 4954 sit
1525 4901 1669 4954 731
1708 4917 2073 4972 consequens

432 5003 660 5044 moram
721 4994 1104 5060 congregatos
1168 4988 1367 5045 Patres
1414 4993 1657 5044 maturae
1704 4987 2073 5061 inquisitioni

430 5077 696 5132 idoneam
725 5077 1075 5149 sumpsisse.
1110 5077 1326 5133 Deinde
1372 5078 1469 5132 ubi
1523 5077 1800 5148 suffragia
1843 5080 1898 5134 in
1934 5078 2072 5134 Ger-

425 5183 667 5222 manum
723 5167 1158 5231 convenissent,
1206 5183 1509 5222 rerusasse
1540 5167 1735 5238 ipsum
1769 5169 2074 5224 admittere

426 5257 732 5322 honorem,
783 5271 887 5310 nec
947 5255 1058 5310 nisi
1117 5255 1470 5326 urgentibus
1501 5261 1557 5310 et
1601 5258 1816 5328 saepius
1848 5258 2073 5313 iteratis

420 5345 793 5419 imperatoris
821 5362 956 5401 eum
990 5345 1060 5400 ad
1097 5345 1203 5400 hoc
1235 5345 1496 5416 quotidie
1539 5345 1810 5401 adeuntis
1843 5347 2072 5402 instan-

417 5436 517 5492 tiis
549 5437 804 5508 denique
838 5435 1186 5490 inclinatum
1236 5434 1582 5490 assensisse.
1628 5439 1911 5491 Praeterea
1952 5453 2070 5492 me-

418 5527 594 5580 minit
623 5525 704 5581 ibi
737 5531 943 5582 auctor
973 5523 1248 5579 factionis
1282 5522 1485 5578 valinaa
1524 5523 1786 5579 conflata:
1825 5526 2072 5582 Arsenio

418 5615 762 5685 faventium,
821 5631 950 5689 qua
1009 5617 1129 5670 tam
1160 5613 1538 5670 vehementer
1595 5611 1905 5670 invaluerit
1935 5630 2069 5672 cum

2188 4527 2778 4616 Pachymeres,l.iv,c.
2814 4550 2902 4614 21,
2924 4547 3013 4603 die
3043 4547 3190 4606 festo
3222 4527 3598 4608 exaltationis
3614 4527 3788 4607 sancta:

2182 4633 2384 4689 Crucis
2408 4649 2606 4688 mense
2618 4635 3088 4707 Septembri;quo
3105 4638 3200 4693 die
3214 4640 3305 4696 ait
3317 4640 3494 4697 illum
3507 4638 3789 4703 celebratis,

2183 4726 2248 4777 ut
2277 4721 2622 4778 solemnitas
2648 4723 2946 4792 poscebat,
2981 4724 3286 4783 divinisin
3337 4731 3557 4801 templo
3601 4725 3788 4784 ofﬁciis

2183 4811 2293 4866 sub
2325 4826 2629 4883 vesperam
2661 4811 3014 4882 patriarchio
3045 4815 3385 4884 cedentem,
3415 4819 3491 4874 ad
3524 4835 3654 4874 suas
3681 4828 3793 4886 quas

2186 4901 2336 4957 182
2368 4900 2624 4955 habebat
2654 4900 2714 4954 in
2746 4900 3056 4972 Manganis
3106 4902 3364 4961 cellulas
3415 4923 3480 4963 se
3531 4905 3791 4976 recepisse,

2184 5006 2288 5045 nec
2320 4994 2519 5061 postea
2550 4987 2688 5044 ullis
2712 5004 2774 5044 se
2797 4989 3009 5046 adduci
3037 4993 3319 5062 precibus
3333 4994 3542 5052 sivisse
3561 4996 3627 5052 ad
3649 4993 3792 5051 ullum

2184 5095 2356 5136 usum
2375 5078 2656 5135 abdicatus
2669 5078 2828 5150 digni
2841 5079 3166 5136 latis.Unde
3183 5083 3256 5137 ad
3273 5085 3636 5141 successoris
3649 5079 3794 5152 inqui-

2185 5169 2452 5226 sitionem
2471 5184 2762 5222 conversrs
2786 5185 2918 5223 cum
2946 5169 3328 5242 imperatoris
3354 5179 3483 5230 tum
3511 5173 3791 5230 antistitum

2183 5275 2334 5314 curae
2367 5261 2647 5326 sunt:quo
2679 5272 2832 5311 anno
2846 5257 2902 5311 id
2921 5258 3232 5331 contigerit
3251 5277 3329 5316 ex
3343 5262 3692 5318 successoris
3708 5257 3794 5313 ele-

2184 5348 2376 5404 ctione
2405 5346 2565 5401 brevi
2601 5351 2731 5416 post
2760 5351 2963 5403 secuta
3012 5347 3481 5420 intelligendum
3533 5359 3654 5419 est;
3695 5360 3793 5420 qua

2182 5453 2340 5501 cum,
2379 5441 2444 5489 ut
2492 5450 2626 5489 mox
2675 5434 3198 5503 demonstrabitur,
3227 5445 3478 5508 peracta
3527 5439 3690 5495 fuerit
3727 5435 3796 5488 die

2183 5530 2250 5582 28
2284 5522 2626 5582 Decembris
2656 5523 2796 5577 anni
2823 5524 3148 5581 desinentis
3185 5542 3217 5579 a
3248 5526 3493 5584 Christo
3525 5537 3656 5584 nato
3675 5523 3797 5586 1267,

2185 5630 2288 5691 pro
2319 5611 2613 5670 constanti
2636 5613 2727 5668 est
2748 5609 3086 5667 habendum
3119 5614 3462 5685 perstitisse
3487 5618 3800 5676 Germanum
