4002 6202
247 326 389 383 1189

1644 327 2263 385 CHRONOLOGICUS.

3517 341 3664 398 1190

249 452 311 507 in
344 448 745 523 patriarcham
782 447 864 503 vel
909 465 942 504 a
999 452 1162 504 sexto
1215 448 1376 504 Junii
1438 448 1577 504 anni
1627 449 1766 504 1266
1822 451 1895 504 ad
1928 456 1982 522 Α
2082 451 2173 506 IV-
2210 451 2287 507 De
2306 453 2556 510 Joannis
2586 456 2751 512 Vecci
2772 456 3032 529 Josepho
3056 460 3361 532 subrogati
3388 462 3669 521 electione

258 544 534 614 quartum
565 537 858 593 decimum
891 536 1251 609 Septembris
1285 538 1422 593 anni
1476 539 1611 593 1267
1662 555 1765 610 per
1802 555 1909 593 an-

257 647 399 687 num
434 645 618 683 unum
655 632 711 682 et
733 643 967 682 menses
1000 631 1275 699 praeterea
1299 632 1553 697 quatuor
1573 645 1706 682 cum
1732 626 1908 682 dimi-

254 720 372 787 dio,
403 718 493 772 vel
524 735 558 771 a
588 716 798 788 quinto
829 715 991 771 Junii
1024 717 1159 770 anni
1214 716 1349 771 1267
1400 717 1469 770 ad
1529 716 1594 770 14
1640 716 1906 787 Septem-

255 810 417 865 brem
454 808 722 877 ejusdem
758 808 896 860 anni
928 821 1030 875 per
1058 820 1293 860 menses
1326 811 1441 860 tres
1462 810 1518 859 et
1535 806 1657 860 dies
1679 821 1905 859 novem.

257 903 509 967 Postque
542 895 735 965 ipsius
782 901 1165 966 spontaneam
1219 893 1647 950 abdicationem
1708 894 1908 948 sedem

254 1002 491 1043 vacasse
522 984 712 1039 tribus
743 982 1050 1038 mensibus
1082 986 1137 1037 et
1167 982 1375 1037 diebus
1430 988 1711 1054 prmtcrea
1757 998 1908 1052 qua-

258 1075 607 1143 tuordecim,
643 1089 831 1144 usque
862 1072 932 1127 ad
980 1071 1450 1143 designationem
1501 1070 1860 1127 successoris
1894 1088 1910 1141 ;

262 1162 679 1237 septemdecim
707 1177 840 1217 vero
867 1177 1054 1231 usque
1086 1161 1155 1215 ad
1204 1161 1469 1231 ejusdem
1518 1159 1914 1230 inauguratio-

256 1271 420 1323 nem,
452 1268 580 1323 quae
603 1249 878 1306 Kalendis
910 1248 1207 1305 Ianuariis
1236 1251 1374 1304 anni
1424 1249 1564 1303 1258
1616 1249 1914 1304 celebrata

262 1342 377 1398 rite
397 1346 505 1407 est,
537 1344 709 1411 prout
738 1339 1033 1410 {deinceps
1088 1339 1488 1394 ostendemus.
1542 1337 1755 1393 Scribit
1805 1354 1912 1391 no-

259 1440 402 1499 ster,
432 1447 481 1485 c.
512 1430 601 1496 23,
635 1428 674 1482 l.
717 1428 1135 1499 1v,Josephum
1163 1428 1503 1483 monasterii
1528 1427 1744 1483 Galesii
1770 1444 1912 1499 pra-

260 1521 479 1575 fectum
508 1517 936 1573 confessarium
970 1517 1345 1588 imperatoris
1383 1516 1645 1588 legitimo
1705 1517 1917 1572 suifra-

256 1610 487 1681 giorum
550 1623 794 1662 numero
865 1605 1112 1660 electum
1183 1607 1465 1677 probante
1524 1623 1589 1661 ac
1645 1607 1918 1661 studente

259 1698 513 1753 maxime
528 1697 893 1766 imperatore,
906 1696 1316 1765 designantum
1330 1695 1511 1750 fuisse
1526 1695 1815 1767 patriarch
1825 1712 1914 1751 am

262 1786 436 1857 μηνὸς
492 1783 957 1860 πιρῥοφοριῶνος
1025 1782 1246 1855 εἰκοστῇ
1315 1781 1481 1858 ὀγδοῇ
1533 1790 1633 1851 τῆς
1689 1780 1918 1853 δεκάτης

255 1875 633 1946 ἰπινεμήσεως
658 1876 757 1927 τοῦ
813 1873 973 1945 ,ςψοέ
1003 1865 1178 1939 ἔτους,
1215 1876 1421 1928 mensis
1460 1874 1779 1928 Decembris
1835 1876 1912 1928 vi-

253 1967 459 2022 cesima
482 1969 702 2029 octava,
735 1962 961 2017 decimae
990 1961 1336 2028 indz'clzonis,
1372 1964 1513 2017 anni
1540 1964 1707 2031 6775;
1747 1979 1911 2017 mox-

256 2070 375 2125 que
404 2053 571 2108 addit
614 2052 798 2107 t'uisse
850 2052 1190 2105 ordinatum
1241 2049 1362 2105 Kal.
1418 2051 1718 2107 Januariis
1773 2051 1910 2106 anni

268 2142 596 2215 sequentis,
620 2133 1062 2212 ἑκατομϐαιῶνος
1119 2135 1176 2192 δὲ
1204 2138 1474 2211 νουμηνίᾳ
1504 2138 1912 2212 χειροτονηθεὶς

264 2230 349 2293 εἷς
377 2229 673 2303 ἀρχιερέας
701 2226 1031 2283 τετέλεσται.
1065 2231 1271 2283 Annus
1326 2246 1450 2283 aerea
1504 2230 1711 2284 mundi
1768 2231 1914 2285 Grae-

264 2337 469 2377 corum
502 2318 807 2375 reducitur
833 2318 903 2373 ad
936 2317 1236 2388 vulgarem
1269 2335 1397 2372 ieris
1441 2321 1654 2373 nostra
1703 2318 1912 2373 Christi

269 2410 632 2466 detractione
662 2409 823 2466 5508.
857 2407 988 2461 Fuit
1017 2422 1154 2478 ergo
1187 2408 1235 2462 is
1266 2423 1458 2462 annus
1497 2407 1711 2462 Christi
1750 2408 1909 2475 1267,

271 2500 497 2573 periodi
528 2515 665 2554 vero
699 2497 946 2554 Juliana:
968 2498 1111 2551 5980
1139 2514 1151 2551 :
1204 2497 1307 2567 qui
1354 2514 1638 2552 numerus
1686 2497 1913 2553 divisus

264 2590 325 2643 in
355 2588 691 2659 quindecim
722 2586 944 2642 indicat
968 2585 1349 2641 indictionem
1381 2586 1508 2655 ejus
1534 2586 1672 2641 anni
1709 2586 1912 2641 chara-

265 2678 649 2745 cteristicam,
682 2676 994 2745 decimam,
1029 2679 1202 2747 prout
1237 2674 1617 2747 Pachymeres
1670 2676 1911 2731 notavit.

268 2767 433 2823 Unde
464 2766 711 2820 dubium
745 2781 874 2821 esse
903 2781 1017 2820 non
1052 2767 1244 2835 potest
1288 2764 1431 2835 quin
1484 2763 1914 2834 patriarchatus

264 2855 510 2928 Josephi
544 2854 757 2911 Galesii
787 2871 819 2908 a
850 2853 969 2910 Cal.
1011 2853 1279 2909 Januarii
1319 2854 1458 2908 anni
1504 2854 1720 2909 Christi
1777 2856 1916 2910 1268

262 2947 566 3018 procedat.

338 3070 438 3125 IlI.
474 3068 581 3124 Ubi
606 3068 865 3134 desierit,
898 3068 1071 3123 modo
1110 3067 1407 3123 deﬁniam.
1462 3068 1655 3123 Refert
1700 3068 1915 3139 Pachy-

270 3176 488 3226 meres,
522 3158 560 3215 l.
595 3176 644 3213 c.
677 3175 730 3227 v,
762 3159 849 3226 17,
872 3156 1219 3227 Josepbum,
1253 3158 1355 3227 qui
1416 3174 1477 3212 se
1526 3158 1917 3228 promulgatis

266 3248 464 3321 palam
498 3248 707 3302 litteris
749 3247 1138 3318 jurejurando
1189 3246 1602 3303 obstrinxisset
1642 3247 1713 3301 ad
1766 3264 1916 3302 nun-

266 3354 447 3409 quam
483 3335 919 3392 assentiendum
954 3334 1350 3391 conciliationi
1383 3352 1517 3391 cum
1568 3335 1812 3401 Latinis,
1847 3336 1919 3391 ab

267 3427 623 3498 imperatore
653 3441 802 3496 aegre
832 3425 887 3479 id
911 3425 1129 3480 ferente
1158 3440 1505 3495 persuasum
1542 3424 1793 3495 migrare
1825 3442 1922 3497 pa-

264 3515 692 3571 triarchalibus
730 3515 975 3580 aedibus,
1020 3516 1331 3570 secessisse
1386 3516 1441 3569 in
1496 3515 1920 3570 monasterium

267 3604 608 3674 Periblepli,
660 3601 985 3674 pollicitum
1036 3620 1096 3658 se
1146 3604 1622 3658 renuntiaturum
1674 3604 1920 3674 patriar-

267 3695 499 3759 cbatui,
533 3694 582 3748 si
614 3693 685 3747 de
708 3693 1018 3748 concordia
1049 3692 1446 3748 Ecclesiarum
1491 3694 1678 3747 Boniaa
1715 3708 1920 3747 conve-

268 3784 499 3840 niretur
527 3799 561 3837 a
588 3781 796 3854 legatis
829 3798 894 3837 eo
930 3782 1002 3837 ad
1035 3782 1143 3837 hoc
1177 3781 1415 3848 missis;
1468 3780 1704 3835 interim
1754 3780 1922 3851 quasi

266 3874 568 3945 privatum
604 3872 917 3927 victurum.
953 3871 1158 3927 Postea
1190 3887 1321 3926 cum
1352 3870 1527 3941 legati
1578 3886 1718 3939 pace
1767 3886 1922 3924 com-

267 3961 468 4035 posita
529 3959 855 4028 redissent,
905 3959 1234 4030 judicatum
1295 3975 1424 4014 esse
1480 3958 1661 4014 videri
1722 3959 1920 4013 sedem

266 4068 503 4119 vacare,
534 4050 796 4105 cessione
830 4048 1231 4104 conditionata
1259 4047 1501 4118 Josephi
1528 4049 1651 4116 jam
1678 4047 1734 4101 in
1755 4049 1926 4103 abso-

264 4141 461 4195 lutam
494 4142 864 4206 transeunte,
896 4136 1186 4208 positione
1218 4137 1575 4192 conditionis
1609 4137 1761 4191 unde
1786 4153 1923 4207 pen-

265 4231 470 4285 debat.
503 4228 787 4291 Quocirca
820 4227 969 4281 itum
1003 4227 1062 4281 in
1094 4227 1377 4297 suffragia
1403 4243 1564 4280 novae
1597 4226 1921 4281 electionis.

266 4321 390 4376 Iste
422 4333 691 4372 secessus
725 4315 1069 4388 patriarchae
1101 4315 1342 4386 Josephi
1368 4316 1707 4385 contigit,ut
1729 4320 1926 4370 noster

263 4408 354 4464 ibi
390 4405 666 4461 distincte
697 4405 901 4472 tradit,
936 4403 1027 4459 die
1074 4405 1131 4457 11
1177 4402 1471 4473 Januarii,
1523 4404 1795 4458 secundas
1842 4404 1925 4458 in-

265 4497 573 4564 dictionis,
608 4494 748 4550 anui
775 4495 938 4564 6782,
972 4489 1226 4566 ἑνδεκάτῃ
1266 4492 1436 4564 μηνὸς
1480 4487 1921 4565 ἑκατομϐαιῶνος

2014 555 2196 609 quam
2229 547 2286 595 et
2313 542 2510 597 statim
2545 545 2878 601 inchoatam
2923 552 3052 619 post
3098 547 3420 620 legatorum
3481 554 3667 611 Roma

2016 628 2267 683 reditum
2301 635 2357 685 et
2388 632 2654 688 celeriter
2683 638 3040 691 transactam
3074 642 3336 709 apparet,
3390 640 3475 694 sic
3516 644 3662 697 scri-

2016 716 2101 771 bit
2160 719 2570 790 Pachymeres,
2622 739 2670 777 c.
2705 722 2866 789 211,].
2917 740 2997 779 v:
3057 725 3115 775 Ὀ
3173 725 3377 788 Βὲκκος
3440 726 3660 803 εἰκοστῇ

2021 805 2113 876 μὲν
2164 805 2253 859 καὶ
2318 803 2448 881 ἕκτῃ
2511 812 2892 883 Πυανεψιῶνος
2964 813 3135 884 μηνὸς
3192 816 3293 886 [Ρ.
3352 818 3480 890 518]
3530 820 3666 872 κατὰ

2013 894 2112 961 τὴν
2146 894 2338 969 ἑορτὴν
2370 897 2475 950 τῶν
2507 897 2676 971 ἁγίων
2730 900 2981 975 Πατὲρων
3036 906 3143 956 τῶν
3204 903 3258 957 ἐν
3316 906 3510 977 Νικαίᾳ
3562 929 3669 962 πα·-

2014 986 2286 1058 τριάρχης
2334 980 2732 1060 προϐέϐληται.
2786 990 3015 1063 Δευτὲρᾳ
3060 988 3116 1045 δὲ
3167 998 3666 1069 Μαιμακτηριῶνος

2015 1072 2085 1143 τῇ
2143 1070 2367 1147 ἐπιούσῃ
2419 1077 2674 1148 κυριακῇ,
2723 1074 2774 1129 ἐν
2818 1075 3081 1150 ἐπισήμῳ
3132 1080 3313 1155 ἡμέρᾳ
3369 1087 3465 1135 τοῦ
3498 1083 3662 1138 Ilvati-

2021 1181 2191 1233 ματος
2223 1206 2236 1232 ,
2294 1164 2360 1216 τὰ
2415 1167 2512 1217 τοῦ
2588 1164 2901 1237 Πνεύματος
2962 1165 3178 1242 δέχεται
3223 1171 3309 1224 καὶ
3357 1178 3667 1228 τελειοῦται

2019 1249 2326 1324 ἀρχιερεύς·
2364 1255 2553 1309 Veccus
2580 1260 2739 1310 sexta
2771 1260 2821 1310 et
2849 1257 3115 1313 vicesima
3146 1260 3277 1315 Maii
3325 1263 3552 1331 mensis,
3603 1266 3663 1319 in

2017 1344 2158 1412 festo
2182 1349 2503 1400 sanctorum
2534 1351 2775 1402 Patrnm
2806 1346 3172 1403 Nicazcnsium
3211 1353 3533 1421 patriarcha
3561 1356 3667 1410 ete-

2017 1436 2136 1486 ctus
2186 1441 2283 1487 est.
2333 1433 2589 1489 Secunda
2631 1451 2751 1490 vero
2790 1436 2951 1491 Junii
2981 1438 3266 1493 ﬂaminica
3288 1440 3660 1497 hebdomadis

2020 1523 2525 1590 vertentit,insigni
2553 1524 2644 1578 die
2672 1524 2853 1579 sancti
2879 1524 3126 1595 Spiritus
3152 1529 3395 1597 gratiam
3428 1528 3670 1599 Spiritus

2016 1612 2282 1680 percepit,
2314 1610 2609 1665 ordinatus
2649 1610 2756 1666 rite
2802 1615 3143 1683 patriarcha.
3182 1616 3251 1670 Hi
3302 1616 3670 1675 characteres

2023 1697 2193 1752 unice
2233 1697 2544 1769 designant
2604 1716 2825 1754 annum
2859 1700 3079 1757 Christi
3116 1705 3273 1771 1275,
3308 1706 3529 1776 periodi
3562 1707 3667 1761 Ju-

2024 1786 2192 1841 lianaa
2224 1787 2382 1852 4988,
2419 1804 2532 1859 quo
2564 1788 2763 1859 cyclus
2797 1789 2937 1844 solis
2971 1796 3318 1848 numeratus
3349 1797 3439 1848 est
3465 1795 3556 1861 24,
3584 1795 3670 1851 lit.

2022 1875 2402 1931 Dominicalis
2436 1875 2547 1931 fuit
2580 1878 2638 1945 F,
2674 1877 2871 1948 cyclus
2902 1878 3053 1934 lunae
3112 1882 3382 1937 currebat
3438 1884 3494 1950 3,
3545 1901 3672 1954 qua:

2021 1970 2171 2019 notaa
2200 1964 2413 2019 festum
2448 1965 2674 2021 Paschaa
2712 1968 3017 2023 conferunt
3048 1969 3105 2022 in
3148 1970 3214 2023 14
3264 1970 3497 2041 Aprilis,
3550 1971 3668 2027 Do-

2024 2052 2295 2108 minicam
2324 2070 2458 2109 vero
2491 2054 2861 2111 Pentecostes
2894 2056 2952 2110 in
2983 2058 3016 2110 2
3046 2057 3226 2112 Junii.
3262 2056 3422 2113 Unde
3454 2066 3613 2131 patet
3636 2078 3669 2115 a

2020 2143 2211 2213 prima
2241 2144 2609 2199 successione
2637 2144 2877 2216 Josephi
2911 2147 2979 2199 ad
3015 2146 3225 2201 initum
3250 2166 3281 2201 a
3324 2147 3509 2204 Vecco
3562 2165 3669 2219 pa-

2020 2231 2406 2287 triarchatum
2432 2232 2838 2289 intercessisse
2861 2249 3095 2290 menses
3121 2235 3342 2291 solidos
3374 2238 3669 2294 sexdecim

2021 2338 2154 2376 cum
2188 2321 2397 2377 diebus
2446 2322 2793 2378 octodecim.
2835 2326 3001 2378 Anno
3051 2325 3399 2395 praecedenti
3450 2325 3667 2381 Christi

2022 2411 2157 2464 1274
2203 2410 2252 2464 si
2303 2410 2437 2481 quis
2499 2411 2791 2483 suspicari
2849 2412 3019 2467 vellet
3078 2413 3243 2469 Vecci
3315 2414 3668 2471 creationem

2023 2498 2261 2565 factam,
2294 2500 2511 2555 frustra
2541 2505 2695 2555 esset
2718 2500 2789 2555 ob
2821 2500 3187 2557 characteres
3208 2503 3668 2560 diversissimos:

2023 2604 2157 2642 nam
2191 2588 2381 2657 cyclos
2404 2588 2453 2644 is
2485 2605 2674 2644 annus
2708 2590 2913 2644 habuit
2947 2588 3085 2646 solis
3113 2592 3203 2659 23,
3259 2592 3409 2646 lunas
3458 2594 3513 2662 2,
3570 2593 3671 2663 qui

2023 2676 2166 2731 dant
2199 2676 2478 2731 Paschal
2526 2676 2742 2748 Aprils
2784 2680 2841 2732 et
2884 2681 3264 2734 Pentecosten
3314 2681 3383 2733 20
3426 2680 3584 2747 Maii,
3616 2685 3672 2736 et

2023 2764 2217 2820 littera
2246 2765 2627 2821 Dominicalis
2658 2767 2919 2835 ejusdem
2939 2766 3078 2821 anni
3101 2767 3147 2823 G
3168 2768 3321 2823 diem
3338 2769 3666 2824 secundum

2023 2854 2183 2910 Junii
2218 2855 2354 2909 facit
2383 2855 2865 2917 Sabbatum,cum
2900 2856 3261 2911 Dominicam
3287 2857 3467 2912 fuisse
3498 2874 3674 2927 Opor-

2024 2944 2199 2997 tuerit
2223 2959 2339 3013 quo
2371 2959 2522 2998 anno
2553 2949 2642 2997 est
2670 2944 2890 2998 Veccus
2919 2944 2977 2997 in
3027 2944 3477 3013 patriarcbalem
3523 2947 3675 3001 Con-

2026 3030 2488 3102 stantinopoleos
2534 3036 2766 3086 evectus
2816 3034 3037 3086 sedem.
3086 3032 3274 3102 Hujus
3321 3034 3475 3100 finis,
3525 3050 3671 3104 quo-

2028 3120 2185 3174 niam
2213 3120 2508 3176 Michaelis
2558 3118 2864 3191 Palwologi
2919 3121 3121 3177 funere
3172 3122 3461 3193 posterior
3510 3127 3671 3179 extra

1949 3196 1990 3263 C
2021 3208 2200 3280 hujus
2232 3209 2487 3264 historiae
2519 3208 2767 3263 limitem
2801 3209 2938 3275 exit,
2991 3215 3201 3265 nostra:
3253 3210 3669 3267 consideratio-

2026 3299 2119 3353 nis
2142 3315 2297 3353 nunc
2330 3299 2567 3369 quidem
2602 3315 2718 3353 non
2753 3302 2862 3354 est.

2096 3424 2164 3479 V.
2198 3424 2401 3479 Restat
2433 3423 2706 3478 ultimum
2743 3425 2898 3495 quod
2949 3424 3368 3497 proposuimus
3416 3424 3513 3481 hic
3556 3429 3675 3481 tra-

2027 3516 2327 3571 ctandum.
2378 3516 2634 3587 Tempus
2698 3532 2811 3587 quo
2862 3515 3048 3571 missa
3094 3519 3336 3570 Romam
3371 3518 3461 3570 est
3498 3532 3532 3570 a
3579 3516 3680 3569 Mi-

2027 3605 2227 3659 chaete
2254 3607 2518 3676 Augusto
2559 3604 2811 3676 insignis
2862 3604 3071 3675 legatio
3123 3605 3194 3660 ad
3249 3603 3673 3660 absolvendum

2026 3695 2327 3764 negotium
2361 3693 2791 3749 conciliationis
2824 3694 3241 3761 Ecclesiarum,
3275 3710 3392 3763 qua
3434 3697 3675 3749 Germa-

2026 3798 2140 3836 nus
2171 3782 2576 3851 expatriarcha
2605 3788 2661 3835 et
2707 3781 2997 3852 Georgius
3044 3781 3381 3852 AcrOpolita
3430 3782 3681 3837 feliciter

2027 3869 2211 3925 functi
2244 3875 2403 3939 sunt,
2434 3868 2770 3924 charactere
2794 3886 2910 3924 non
2943 3869 3121 3924 dubio
3155 3869 3507 3940 insignitum
3532 3868 3676 3939 legi-

2028 3964 2123 4013 tur
2153 3975 2201 4015 c.
2234 3960 2326 4028 2i,
2358 3958 2397 4012 l.
2434 3975 2485 4013 v.
2520 3957 2613 4013 Ait
2640 3956 2757 4012 illic
2798 3956 3118 4013 historicus
3160 3956 3401 4013 solvisse
3447 3956 3678 4012 duabus

2026 4049 2364 4104 triremibus
2386 4049 2608 4120 legatos
2640 4049 2767 4119 paci
2801 4048 3175 4103 conﬁciendae
3208 4047 3675 4117 destinatos,pa-

2029 4138 2316 4209 ratisjam
2341 4140 2411 4193 ad
2447 4154 2574 4193 eam
2609 4155 2677 4193 ex
2708 4142 2872 4208 parte
2896 4138 3227 4193 Graecorum
3267 4135 3564 4190 omnibus.
3604 4134 3673 4190 Hi

2029 4227 2286 4293 fuerunt,
2321 4231 2385 4280 ut
2416 4242 2466 4281 ο.
2499 4228 2566 4281 17
2597 4226 2875 4297 superius
2926 4225 3173 4293 dixerat,
3225 4222 3438 4294 partim
3487 4221 3672 4278 eccle-

2028 4316 2273 4385 siastici,
2308 4315 2522 4388 partim
2551 4312 2852 4371 senatorii.
2886 4312 3115 4368 Priores
3139 4315 3468 4367 Germanus
3488 4328 3679 4383 nuper

2030 4404 2365 4477 patriarcha
2409 4409 2466 4459 et
2510 4403 2817 4476 episcopus
2868 4401 3067 4457 Nicaeae
3125 4400 3535 4472 Theophanes,
3579 4400 3679 4455 alii

2035 4510 2286 4566 magnus
2313 4493 2611 4566 logotheta
2634 4491 2987 4564 Acropolita,
3021 4507 3235 4562 praeses
3260 4490 3518 4544 vestiarii
3570 4495 3677 4545 Pa-

267 4584 528 4656 δευτὲρας
587 4583 961 4655 ἐπινεμήσεως
1021 4585 1117 4635 τοῦ
1175 4582 1357 4655 ,ςψπβ
1407 4579 1579 4642 ἔτους.
1642 4583 1773 4638 Fuit
1833 4582 1916 4638 hic

2038 4589 2279 4639 naretus
2328 4589 2384 4637 et
2434 4598 2682 4652 magnus
2740 4581 3030 4652 interpres
3076 4579 3432 4636 Berrhmota.
3491 4578 3682 4634 Trire-

266 4693 469 4731 annus
499 4674 714 4731 Christi
750 4674 907 4742 1264,
942 4689 1061 4744 per.
1094 4672 1214 4727 Jul.
1241 4670 1405 4742 5987,
1437 4674 1536 4744 qui
1586 4689 1782 4727 revera
1816 4691 1925 4729 nu-

267 4765 524 4820 meravit
554 4762 930 4818 indictionem
966 4763 1117 4818 733
1150 4763 1493 4830 secundam,
1526 4761 1760 4832 qualem
1794 4761 1927 4817 nul-

267 4855 372 4909 lus
430 4868 499 4907 ex
557 4851 1000 4924 quatuordecim
1058 4851 1521 4922 praecedentibus
1577 4856 1633 4904 et
1687 4850 1927 4906 totidem

266 4937 497 4994 secutis
519 4938 735 4993 habere
769 4937 976 5009 potuit,
1019 4944 1079 4993 ut
1104 4937 1432 5009 periculum
1467 4936 1696 4992 nullum
1748 4938 1824 4992 sit
1857 4955 1928 4994 ne

271 5044 475 5083 annus
508 5032 626 5081 tam
656 5026 769 5099 ipsi
805 5026 1039 5099 propria
1070 5027 1390 5099 insignitus
1440 5032 1578 5080 nota
1628 5043 1760 5080 cum
1814 5027 1927 5083 alio

268 5115 557 5188 quopiam
594 5116 989 5171 confundatur
1018 5121 1123 5171 aut
1149 5120 1427 5172 mutetur.
1480 5118 1543 5171 In
1588 5115 1707 5171 ista
1755 5133 1926 5187 porro

264 5204 665 5275 suspensione
687 5220 780 5258 res
813 5205 1050 5259 fuerunt
1082 5207 1261 5259 ferme
1293 5220 1396 5274 per
1436 5220 1680 5271 annum,
1733 5204 1925 5272 quoad

265 5292 490 5365 legatis
522 5309 725 5365 pacem
760 5311 793 5347 a
820 5292 1080 5348 Romano
1110 5293 1384 5364 pontifice
1424 5299 1769 5347 conventam
1821 5291 1927 5347 sti-

267 5382 656 5454 pulatamque
688 5383 1349 5451 reterentibus,comitia
1379 5388 1519 5438 sunt
1541 5383 1759 5438 indicta
1782 5399 1928 5437 novo

268 5472 529 5528 creando
566 5470 907 5544 patriarchae
977 5472 1137 5535 Quod
1190 5490 1303 5527 non
1355 5472 1600 5544 contigit
1646 5477 1780 5527 ante
1832 5487 1926 5526 se-

265 5567 558 5634 quentem
592 5565 906 5627 annum,ut
937 5562 1105 5616 docet
1127 5579 1233 5618 nos
1258 5562 1522 5618 historici
1550 5561 1735 5617 nostri
1764 5560 1928 5617 locus

266 5652 452 5709 modo
484 5650 971 5707 considerandus.

2038 4674 2224 4727 mium
2256 4674 2406 4728 734
2457 4670 2698 4725 alteram
2745 4670 3213 4725 conscenderunt
3262 4668 3582 4724 Panaretus
3632 4673 3689 4725 et

2039 4763 2374 4817 Berrhceota
2406 4776 2539 4815 cum
2573 4758 2747 4813 donis
2779 4757 3151 4829 imperatoris
3198 4758 3270 4813 ad
3325 4758 3687 4829 pontificem,

2038 4853 2096 4906 in
2130 4851 2311 4906 altera
2360 4850 2474 4903 duo
2527 4848 2787 4919 episcopi
2837 4863 2974 4903 cum
3038 4845 3371 4918 Acropolita
3427 4846 3685 4916 fuerunt,

2035 4940 2237 4995 Altum
2279 4937 2593 5009 petierunt.
2621 4935 2701 4991 ait
2733 4935 2857 4991 loco
2892 4934 3131 4990 laudato
3185 4938 3385 4990 noster
3433 4950 3480 4988 c.
3517 4934 3611 4998 2t,
3646 4932 3686 4990 l.

2036 5046 2089 5094 ν,
2120 5025 2353 5101 Κρονίου
2405 5023 2722 5099 ἀρχομένου
2776 5021 2967 5095 μηνός.
3018 5024 3117 5078 Est
3172 5024 3327 5078 haud
3387 5022 3559 5077 dubie
3588 5021 3689 5075 Pa-

2037 5116 2297 5188 chymeri
2349 5112 2575 5188 Κρόνιος
2638 5113 2905 5178 Martius,
2958 5116 3131 5183 prout
3161 5117 3250 5166 est
3279 5110 3458 5183 hujus
3489 5110 3529 5165 l.
3566 5125 3618 5164 c.
3656 5109 3681 5161 1

2038 5207 2528 5261 demonstratum.
2562 5203 2760 5274 Pergit
2789 5202 2979 5256 dicere
3027 5200 3385 5255 conﬂictatos
3434 5214 3532 5253 eos
3580 5213 3682 5267 pa-

2038 5312 2168 5349 rum
2205 5309 2485 5364 prOSpera
2514 5295 2863 5362 tempestate
2896 5290 3229 5361 pervenisse
3257 5288 3316 5341 in
3350 5287 3546 5342 sinum
3580 5287 3689 5338 La-

2038 5385 2329 5449 conicum,
2368 5382 2465 5438 ubi
2498 5386 2584 5437 est
2636 5377 3105 5452 promontorium
3151 5377 3365 5443 Maleae,
3417 5372 3686 5443 λήγοντος

2036 5470 2131 5527 τοῖ’)
2166 5471 2365 5545 μηνὸς,
2398 5471 2505 5526 hoc
2535 5474 2623 5526 est
2653 5470 2856 5525 eodem
2892 5482 3093 5521 mense
3124 5465 3443 5530 desinente,
3471 5460 3683 5515 ultima

2037 5565 2167 5635 ejus
2198 5563 2434 5618 decade:
2462 5565 2666 5616 notum
2700 5564 2786 5613 est
2815 5555 2969 5612 enim
3003 5554 3230 5609 Graecos
3272 5550 3477 5622 partiri
3513 5567 3670 5605 men-

2039 5669 2132 5709 ses
2164 5653 2223 5707 in
2275 5656 2396 5707 tres
2454 5650 2727 5706 decadas.
2784 5644 3040 5701 Primam
3095 5646 3304 5696 vocant
3361 5637 3689 5715 ἀρχομένου
