4002 6202
428 297 560 355 1191

1453 285 1517 339 Ρ.
1554 282 1833 339 POSSINI
1868 275 2474 336 OBSERVATIONUM
2510 283 2644 339 LIB.
2687 288 2786 343 III.

3634 295 3744 354 1192

427 427 550 485 sive
611 403 900 490 ἳσταμὲνοο
935 455 952 482 ,
1005 411 1336 469 secundum
1414 410 1706 481 μεσοῦντος
1743 448 1758 476 ,
1836 401 2062 460 tertiam

2184 401 2505 476 Palmologo
2565 406 2919 465 solutionem
2977 411 3365 470 anathematis
3411 431 3514 488 quo
3563 419 3740 477 dudum

429 513 713 590 φθίνοντος
746 504 890 572 sive,
925 505 988 556 ut
1019 500 1113 555 hic
1144 502 1364 568 noster,
1398 494 1670 590 λήγοντος
1707 490 1896 566 μηνός.
1949 491 2064 590 ,ιξά-

433 582 518 658 dit
547 597 627 653 ibi
657 591 982 650 vehementi
1005 591 1263 661 jactatas
1289 586 1541 658 procella
1571 586 1841 640 triremes
1863 582 2068 638 ambas

423 688 679 760 primum
712 680 1060 736 dissociatas
1090 677 1142 730 vi
1166 676 1320 731 venti
1348 675 1550 743 fuisse,
1582 671 1794 726 deinde
1824 669 2064 724 alteram

421 759 680 839 illarum,
715 788 833 843 qua
873 771 1196 823 Panaretus
1255 770 1311 819 et
1363 763 1698 818 Berrhceota
1754 759 2065 824 vehebant,

420 866 634 920 misere
664 863 904 916 fractam
940 862 998 912 et
1027 856 1419 922 submersam,
1439 850 1614 907 aliam
1644 847 1863 904 salvam
1888 863 2066 919 appu-

420 952 560 1009 lisse
594 951 664 1006 ad
695 947 986 1006 Methonae
1016 949 1273 1016 portum;
1302 943 1478 1012 idque
1509 939 1824 1010 contigisse
1845 936 2066 1008 πέμπτῃ

425 1037 654 1117 μεγάλῃ,
688 1040 799 1094 hoc
829 1040 918 1092 est
970 1035 1113 1089 feria
1146 1032 1354 1104 quinla
1386 1029 1769 1117 hebdomadas
1802 1025 2064 1117 majoris,

426 1113 541 1204 qua
573 1145 738 1184 coena
771 1123 998 1180 Domini
1032 1122 1358 1177 celebratur
1405 1120 1475 1174 ab
1521 1116 1794 1172 Ecclesia.
1843 1116 1923 1170 Ex
1972 1113 2065 1204 his

423 1203 681 1293 oportuit
711 1216 809 1271 illo
845 1230 997 1270 anno
1031 1211 1233 1266 feriam
1267 1210 1532 1282 quintam
1555 1207 1614 1261 in
1648 1222 1810 1260 cmna
1832 1203 2064 1259 Domini

425 1325 628 1366 mense
657 1305 861 1360 Martio
895 1303 1098 1370 fuisse,
1130 1305 1187 1356 et
1217 1299 1452 1370 quidem
1485 1297 1682 1366 aliquo
1712 1296 1804 1349 die
1831 1293 2064 1348 decadis

424 1398 646 1454 ultimas
678 1393 899 1449 mensis
941 1391 1136 1445 istius.
1171 1388 1295 1442 Non
1329 1387 1520 1458 potuit
1551 1383 1646 1439 ille
1698 1400 1888 1437 annus
1935 1397 2064 1436 esse

424 1487 574 1542 alius
609 1485 680 1540 ab
713 1499 865 1538 anno
899 1478 1110 1534 Christi
1139 1478 1308 1548 juxta
1337 1477 1638 1546 vulgarem
1675 1488 1848 1527 ieram
1904 1471 2060 1525 1273.

424 1575 799 1632 Manifestum
834 1570 941 1624 hoc
972 1573 1060 1622 est
1086 1583 1152 1621 ex
1184 1565 1330 1621 serie
1352 1568 1722 1619 narraturum
1749 1561 1855 1615 hac
1885 1559 2062 1614 histo-

422 1667 509 1721 ria
536 1678 752 1727 rerum;
785 1677 921 1714 nam
975 1655 1261 1728 superiori
1321 1653 1532 1710 Christi
1580 1653 1716 1706 1272
1758 1651 1930 1722 ccepit
1974 1667 2062 1705 se-

2176 491 2366 548 fuerat
2395 495 2466 549 ab
2497 497 2741 553 Arsenio
2795 500 3106 557 devinctus
3147 503 3216 558 ob
3269 513 3581 562 excaecatum
3610 508 3747 564 Joan-

2172 596 2303 635 nem
2338 581 2654 654 pupillum,
2685 586 2909 658 scribit,
2945 589 3214 661 inquam,
3247 591 3303 646 in
3349 593 3494 649 hunc
3520 597 3741 652 modem:

2172 667 2317 722 Κατᾶ
2375 674 2566 725 τοῦτον
2620 673 2710 727 τὸν
2770 675 2972 750 χρόνον
3025 677 3373 750 ἐπεσκότησεν
3419 681 3653 754 ἡσελήνη
3679 685 3748 740 τὸν

2170 754 2334 826 ἥλιον
2364 759 2484 834 ἄρτι
2512 760 2611 828 τὴν
2639 765 2745 816 τῶν
2796 760 3049 836 Διδύμων
3097 765 3351 838 τετάρτην
3401 767 3747 842 παραλλάττον

2169 866 2254 917 τα,
2315 847 2439 921 περὶ
2488 849 2633 924 ὥραν
2661 851 2767 924 πρὸ
2819 849 3168 930 μεσημϐρίας
3213 856 3396 929 τρίτην
3430 863 3518 925 τῆς
3545 858 3747 928 εἰκοστῆς

2169 935 2424 1009 πέμπτης
2484 940 2696 1014 ἡμέρας
2751 945 2848 995 τοῦ
2918 941 3104 1015 μαΐου,
3160 948 3256 998 τοῦ
3312 947 3464 1018 τςψοέ
3505 942 3747 1009 ἔτους.Ἦν

2214 1025 2241 1080 ὲ
2355 1025 2382 1046 ⁷
2443 1029 2475 1080 ὗ
2572 1034 2597 1044 ”
2721 1026 2742 1048 ”
2781 1027 2813 1083 λ
3019 1030 3043 1048 "
3162 1033 3174 1052 ’
3330 1031 3352 1051 ν
3563 1033 3584 1052 ¹⁸
3709 1039 3719 1058 ’

2175 1046 2213 1098 μ
2243 1047 2268 1079 ν
2325 1046 2414 1080 ουν
2467 1067 2478 1096 ,
2527 1049 2671 1083 πασα
2718 1050 2777 1084 εκ
2821 1033 2964 1104 ειψις
3016 1031 3294 1088 οακτυλων
3328 1054 3536 1108 εγγιστα
3561 1055 3745 1091 ουωκαι-

2171 1111 2319 1185 δεκα,
2380 1120 2639 1171 τοσοῦτον
2699 1116 2756 1173 δὲ
2811 1121 2951 1175 κατᾶ
2999 1123 3090 1176 τὸν
3152 1122 3309 1196 μέσον
3365 1130 3459 1193 τῆς
3510 1119 3743 1198 ἕκλείψεως

2170 1204 2368 1280 χρόνον
2404 1204 2636 1281 ἐγεγόνει
2667 1209 2729 1262 τὸ
2756 1210 2950 1271 σκότος
2981 1212 3104 1284 περὶ
3135 1213 3233 1281 τήν
3280 1219 3380 1286 γῆν
3412 1215 3480 1275 ὡς
3525 1215 3600 1268 καὶ
3635 1215 3743 1270 πολ-

2171 1296 2307 1358 Λοὺς
2332 1301 2440 1350 τῶν
2471 1297 2710 1370 ἀστέρων
2753 1306 3008 1370 φανῆναι.
3063 1303 3176 1360 Sub
3223 1308 3323 1358 hoc
3367 1307 3563 1376 tempus
3598 1307 3748 1360 obscu-

2167 1388 2320 1441 ranit
2353 1385 2490 1442 (una
2519 1390 2687 1444 solem
2718 1400 2978 1461 quartum
3027 1391 3378 1449 Geminorum
3423 1396 3748 1450 transmitten-

2167 1482 2281 1529 (em
2325 1477 2577 1546 gradum,
2629 1481 2777 1534 circa
2825 1480 3019 1535 horam
3072 1486 3208 1537 ante
3255 1483 3532 1539 meridiem
3571 1488 3749 1538 tertium

2169 1567 2379 1635 quinta?
2407 1575 2457 1621 et
2481 1566 2760 1624 vicesima:
2779 1567 2896 1623 diei
2926 1568 3081 1639 Maii,
3108 1571 3249 1625 anni
3293 1571 3451 1627 6785.
3483 1573 3593 1626 Fuit
3623 1585 3748 1641 porro

2170 1657 2278 1708 tota
2334 1655 2553 1726 eclipsis
2611 1656 2923 1728 digitorum
2978 1659 3232 1728 proxime
3278 1659 3567 1714 duodecim.
3609 1662 3750 1715 fama

422 1755 557 1808 dere
587 1749 901 1822 Gregorius
932 1746 999 1812 X,
1036 1745 1133 1818 qui
1169 1743 1396 1816 primus
1429 1741 1782 1796 mentionem
1819 1756 2058 1795 concor-
2090 1757 2138 1822 B
2169 1747 2353 1799 autem
2395 1745 2496 1800 sub
2546 1744 2788 1800 medium
2843 1747 3075 1819 deliquit
3127 1751 3341 1820 tempus
3387 1749 3601 1806 tedcbraz
3638 1751 3755 1803 circa

419 1843 526 1897 dia:
559 1839 858 1904 intulerat,
889 1841 1200 1907 postquam
1227 1833 1283 1886 in
1305 1831 1469 1903 Syria
1490 1830 1740 1885 electum
1764 1845 1826 1884 se
1848 1829 2058 1884 absen-

420 1935 538 1987 tem
571 1947 604 1984 a
635 1925 1036 1983 cardinalibus
1067 1922 1355 1994 cognovit.
1394 1921 1608 1975 Deinde
1647 1920 1772 1988 jam
1824 1934 2061 1974 corona-

420 2025 517 2075 tus
543 2018 763 2090 legatos
795 2010 1362 2082 Constantinopolim
1406 2010 1475 2063 ad
1511 2009 1564 2062 id
1618 2007 1914 2077 negotium
1964 2024 2061 2061 ur-

421 2109 678 2180 gendum
722 2107 981 2159 miserat.
1033 2101 1103 2156 Hi
1157 2105 1393 2156 strenue
1455 2113 1574 2153 rem
1635 2101 1897 2167 egerunt,
1960 2112 2062 2167 pro

416 2198 569 2254 virili
628 2197 891 2268 Augusto
949 2194 1330 2262 cooperante;
1388 2205 1514 2260 quas
1564 2189 1897 2242 referuntur
1953 2185 2062 2240 hoc

420 2287 571 2341 libro
604 2301 710 2339 ac.
748 2284 804 2338 1|
846 2283 916 2337 ad
954 2281 1039 2336 17.
1076 2285 1205 2334 Hec
1247 2294 1466 2332 annum
1503 2275 1672 2332 facile
1721 2274 1980 2346 Gregorii
2015 2273 2060 2341 Ι,

423 2374 640 2431 Christi
701 2374 840 2427 1272
875 2417 888 2436 ,
936 2368 1335 2440 expleverunt.
1397 2365 1711 2438 Dispositis
1764 2369 2064 2434 utcunque

420 2464 696 2519 omnibus
726 2477 794 2516 ex
827 2464 988 2532 parte
1019 2459 1352 2514 Graecorum
1387 2455 1552 2510 missi
1586 2459 1726 2510 sunt
1756 2453 1952 2523 legati,
1993 2454 2064 2506 de

420 2553 637 2624 quibus
669 2549 924 2622 agimus,
958 2548 1113 2602 circa
1135 2545 1369 2600 initium
1402 2544 1561 2611 anni,
1587 2543 1845 2612 Gregorii
1873 2542 2064 2612 ponti-

424 2642 633 2696 ﬁcatus
665 2638 930 2704 secundi,
966 2635 1176 2690 Christi
1213 2635 1392 2700 1273;
1423 2649 1529 2687 nec
1579 2632 1807 2687 tardius
1858 2636 2064 2702 potue-

427 2733 584 2784 runt:
618 2725 836 2797 alioqui
859 2723 1204 2796 Gregorium
1231 2739 1344 2777 non
1369 2718 2065 2792 reperissentRomae,qui

428 2819 534 2874 hoc
551 2833 705 2872 anno
723 2816 858 2870 inde
884 2813 1158 2868 discessit
1175 2828 1380 2866 versus
1403 2809 1743 2875 Galliam,ut
1763 2809 1842 2864 ibi
1867 2809 2066 2864 concio

424 2908 565 2963 lium
589 2903 1014 2961 aecumenicum
1047 2901 1318 2970 Lugduni
1351 2901 1686 2955 celebraret.
1723 2899 1935 2970 [P519]
1964 2899 2068 2952 lia-

427 2998 612 3053 bitum
647 2995 700 3049 id
735 2992 1051 3048 concilium
1083 2998 1171 3046 est
1196 3006 1348 3045 anno
1381 2988 1645 3059 sequenti
1671 2987 1883 3042 Christi
1909 2987 2064 3053 1274,

427 3091 712 3157 praesente
740 3081 856 3137 illic
881 3080 1175 3152 pontiﬁce,
1206 3086 1264 3134 et
1310 3078 1519 3150 legatis
1565 3076 1890 3132 Graecorum
1938 3077 2058 3147 jam

426 3190 558 3230 cum
591 3171 848 3228 Ecclesia
878 3172 1136 3225 Romana
1167 3167 1606 3223 conciliatorum
1658 3166 1874 3221 ibidem
1925 3183 2062 3220 con-

425 3261 785 3331 parentibus.
820 3259 954 3322 Qua:
977 3256 1310 3312 conciliatio
1342 3272 1475 3311 cum
1511 3271 1611 3326 per
1639 3254 1788 3309 hanc
1822 3253 2064 3324 legatio-

424 3365 559 3403 nem
595 3351 927 3418 perpetrata
958 3345 1153 3410 fuerit,
1177 3344 1414 3398 evidens
1445 3353 1531 3398 est
1559 3359 1684 3398 eam
1738 3343 1900 3414 prius
1940 3343 2063 3397 obi-

424 3439 540 3490 tam
577 3441 633 3490 et
665 3433 1061 3488 renuntiatam
1110 3431 1609 3501 Constantinopoli
1659 3431 1836 3485 fuisse
1885 3447 2062 3502 quam

424 3540 593 3579 sacra
621 3523 880 3593 synodus
925 3519 1187 3591 Lugduni
1226 3519 1619 3574 inchoaretur.
1652 3520 1908 3584 Quadrat
1961 3537 2064 3575 au-

423 3620 539 3670 tem
574 3617 744 3669 unice
774 3613 842 3668 ad
881 3612 986 3668 hoc
1016 3612 1213 3682 ipsum
1255 3611 1555 3666 character
1587 3613 1693 3668 hoc
1741 3611 1864 3668 loco
1911 3614 2064 3668 indi-

421 3708 587 3758 catus
623 3702 775 3756 ferize
807 3699 1031 3772 quintae
1066 3701 1308 3770 majoris
1340 3700 1722 3756 hebdomadze
1751 3701 2062 3758 incidentis

422 3796 479 3849 in
543 3797 868 3862 postremos
901 3789 1024 3844 dies
1077 3789 1315 3854 Martii,
1374 3789 1662 3860 siquidem
1721 3791 1811 3844 hic
1871 3809 2062 3848 annus

417 3881 636 3936 Christi
679 3880 818 3934 1273
878 3879 987 3932 fuit
1045 3878 1266 3949 periodi
1323 3876 1566 3932 Julianze
1622 3878 1783 3943 5986,
1833 3881 2058 3952 cyclum

418 3970 562 4025 solis
592 3970 816 4024 habens
840 3965 1164 4039 22,cyclum
1192 3981 1323 4021 vero
1354 3965 1505 4020 lunae
1534 3967 1651 4021 sive
1675 3984 1916 4022 aureum
1951 3986 2057 4023 nu-

419 4076 648 4114 merum
679 4059 735 4127 2,
769 4056 1028 4111 litteram
1065 4055 1415 4110 Domicalem
1448 4059 1521 4109 A:
1571 4072 1697 4126 qua:
1757 4063 1903 4111 notae
1950 4057 2057 4112 Pa-

417 4149 559 4203 scha
590 4147 749 4202 illius
784 4145 923 4200 anni
957 4144 1223 4216 deﬁgunt
1253 4143 1310 4198 in
1336 4144 1402 4197 26
1430 4143 1642 4199 Martii.
1666 4145 1794 4200 Fuit
1818 4162 1954 4216 ergo
1977 4147 2059 4201 fe-

418 4238 504 4290 ria
534 4236 738 4306 quinla
765 4235 822 4288 in
858 4236 1029 4289 Cmna
1064 4233 1290 4288 Domini
1323 4233 1415 4288 die
1445 4234 1515 4287 23
1546 4233 1740 4287 Martii
1771 4236 2057 4303 ejusdem.

415 4327 602 4387 Quare
623 4339 798 4376 verax
811 4328 866 4377 et
886 4326 1085 4376 exacta
1102 4320 1559 4392 deprehenditur
1575 4321 1836 4377 historici
1859 4339 2056 4379 narra-

417 4410 521 4480 tio,
556 4415 612 4466 et
636 4409 1006 4480 chronologia
1037 4416 1236 4464 nostra
1259 4409 1662 4466 conﬁrmatur.

957 4570 1102 4626 785
1138 4569 1368 4626 CAPUT
1400 4571 1522 4627 VII.

423 4680 499 4732 De
529 4673 728 4746 eclipsi
764 4675 904 4752 solis
935 4692 968 4729 a
992 4679 1237 4752 Gregora
1268 4683 1622 4752 _memorata,
1657 4697 1767 4752 qua
1813 4684 2060 4741 stabilita

758 4748 1016 4803 hactenus
1045 4748 1403 4820 chronologia
1435 4748 1717 4821 ﬁrmatur.

490 4889 532 4944 Ι.
587 4889 884 4945 Hactenus
931 4889 1372 4963 chronologiam
1419 4902 1678 4950 nostram
1724 4895 1996 4953 indicatis
2029 4916 2063 4955 a

417 4979 772 5052 Pachymere
803 4979 1572 5053 cbaracteribus,quantum
1607 4983 2060 5055 licuit,munivi-

422 5086 575 5124 mus.
607 5073 730 5124 Non
754 5073 841 5122 est
863 5072 1055 5123 autem
1078 5069 1428 5142 negligenda
1451 5075 1860 5144 opportunitas
1883 5093 2060 5148 quam

418 5158 590 5214 nobis
621 5157 937 5230 benignam
973 5158 1141 5213 oﬂ‘ert
1168 5159 1422 5232 insignis
1455 5160 1761 5234 Nicephori
1796 5165 2060 5239 Gregoras

419 5248 584 5304 locus
612 5248 876 5318 ejusdem
909 5248 1128 5303 caelesti
1163 5265 1392 5319 quoque
1422 5249 1630 5307 solaris
1675 5255 1910 5309 maximi
1962 5256 2060 5311 de-

415 5337 583 5409 liquii
617 5337 894 5409 sutIragio
927 5337 1286 5393 roboranda}.
1313 5338 1527 5394 Scribit
1557 5340 1607 5396 is
1635 5348 1838 5400 auctor
1867 5345 2060 5401 Histo-

415 5429 512 5483 rias
539 5446 658 5484 suae
685 5429 720 5483 Ι.
751 5445 828 5499 ιν,
861 5445 915 5500 ρ.
948 5428 1012 5483 51
1049 5427 1140 5482 ed.
1177 5427 1378 5496 Basil.,
1431 5435 1745 5502 postquam
1806 5435 2064 5490 narravit

415 5517 844 5574 abdicationem
880 5517 1176 5587 Germani,
1208 5517 1448 5591 Josephi
1493 5521 1968 5594 subragationem
2002 5524 2059 5579 in

414 5607 542 5678 ejus
574 5609 857 5678 locum,et
883 5609 954 5666 ab
986 5608 1097 5667 hoc
1119 5607 1405 5668 indultum
1429 5610 1770 5684 imperatori
1791 5613 2060 5673 Michaeli

2089 4467 2136 4529 ι)

2168 1837 2374 1888 terram
2421 1837 2782 1902 exstiterunt,
2833 1845 2892 1890 ut
2919 1845 2968 1892 et
2995 1838 3182 1892 multis
3229 1839 3514 1893 stellarum
3561 1853 3753 1908 appare-

2169 1927 2308 1978 rent.
2345 1922 2431 1977 Ita
2459 1927 2745 1995 Gregoras
2775 1925 3057 1980 describit
3106 1926 3400 1998 insignem
3458 1943 3667 1997 prorsus
3710 1932 3754 1981 et

2170 2011 2520 2066 horrendam
2572 2011 2712 2066 solis
2760 2012 3142 2069 defectionem
3193 2013 3665 2085 Constantinopoli
3690 2013 3750 2067 vi-

2170 2115 2296 2154 sam
2334 2099 2500 2170 paulo
2531 2114 2844 2172 antequam
2876 2108 3355 2158 exauctoraretur
3392 2104 3695 2167 Germanus,
3714 2109 3758 2158 et

2170 2187 2465 2260 Josephus
2495 2189 2552 2243 in
2585 2190 2715 2259 ejus
2743 2188 2935 2244 locum
2991 2191 3440 2248 substituendus
3485 2191 3756 2260 eligeretur.

2172 2279 2332 2341 Quod
2367 2282 2684 2348 utrumque
2717 2278 2815 2333 illo
2839 2296 2992 2335 anno
3024 2297 3056 2336 a
3100 2281 3359 2353 Gregora
3409 2282 3641 2337 indicato
3665 2297 3758 2334 ara:

2172 2371 2498 2421 Graecorum
2559 2368 2722 2434 6785,
2784 2367 2892 2424 hoc
2945 2373 3033 2424 est
3078 2375 3292 2424 nostra
3350 2371 3501 2434 1257,
3548 2370 3759 2424 evenisse

2174 2472 2280 2511 nos
2306 2473 2537 2528 quoque
2569 2456 2940 2512 ostendimus
2970 2459 3266 2530 superius,
3302 2476 3360 2513 n.
3388 2460 3444 2523 2,
3475 2475 3524 2514 c.
3544 2460 3590 2512 ϐ.
3613 2459 3760 2522 Quare

2176 2545 2224 2598 si
2257 2545 2657 2599 demonstrare
2691 2546 3057 2616 potuerimus
3091 2547 3205 2603 ﬁde
3251 2549 3574 2604 tabularum
3616 2551 3665 2602 et
3689 2563 3761 2600 ra-

2175 2633 2432 2689 tioniciis
2463 2633 2876 2690 astronomicis
2905 2632 3042 2690 tolis
3074 2634 3400 2706 deliquium
3423 2641 3533 2692 tam
3557 2633 3762 2690 notabile

2175 2720 2234 2774 in
2269 2722 2411 2776 urbe
2440 2725 2555 2776 tam
2591 2720 2881 2792 frequenti
2913 2721 3068 2777 circa
3109 2725 3416 2780 meridiem
3466 2730 3764 2796 spectatum,

2177 2827 2309 2864 cum
2344 2809 2618 2864 omnibus
2651 2812 2988 2866 memoratis
3038 2812 3523 2880 circumstantiis,
3575 2813 3658 2867 illo
3696 2828 3763 2866 re-

2176 2914 2310 2952 vera
2343 2898 2524 2952 fuisse
2546 2897 2931 2953 commissum
2964 2916 3138 2965 anno,
3172 2918 3350 2956 nemo
3373 2920 3482 2958 non
3512 2902 3650 2956 videt
3673 2917 3764 2954 ma-

2176 3003 2354 3058 gnum
2391 2987 2523 3040 inde
2555 2988 2990 3042 ﬁrmamentum
3017 3005 3395 3046 accessurum
3420 2999 3476 3046 et
3497 2989 3761 3045 ratiociniis

2177 3075 2395 3130 nostris
2428 3080 2484 3131 et
2514 3076 2649 3131 ﬁdei
2700 3075 3111 3132 historicorum
3165 3096 3421 3150 quorum
3472 3081 3761 3136 auctoritate

2175 3165 2442 3218 nitimur.
2478 3164 2606 3219 Haec
2638 3181 2730 3219 me
2761 3182 2891 3235 spes
2925 3167 3164 3238 impulit
3206 3169 3282 3223 ad
3337 3171 3640 3241 rogandum
3688 3183 3765 3237 per

2171 3251 2398 3308 litteras
2421 3253 2489 3307 Β.
2525 3254 2582 3308 Ρ.
2608 3253 2892 3308 Jacobum
2925 3255 3231 3312 Grantami
3258 3258 3548 3314 societatis
3565 3261 3750 3319 nostra,

2173 3341 2412 3397 Lutetia:
2439 3341 2793 3397 Parisiorum
2827 3343 3234 3415 degentem,ut
3266 3348 3598 3419 dignaretur
3621 3345 3758 3400 istius

2170 3431 2406 3502 eclipsis
2437 3429 2690 3485 calculos
2722 3447 2954 3502 ponere.
2990 3433 3146 3488 Fecit
3171 3433 3272 3490 ille
3297 3452 3400 3507 pro
3450 3453 3552 3492 sua
3572 3440 3622 3490 et
3659 3448 3762 3489 eru—

2171 3520 2391 3574 ditione
2421 3524 2478 3574 et
2499 3519 2857 3575 humanitate
2891 3523 3310 3592 praestantibus
3341 3524 3759 3597 diligentissime,

2171 3614 2345 3680 prout
2374 3625 2440 3663 ex
2469 3609 2597 3678 ejus
2627 3609 2698 3662 ad
2734 3625 2824 3663 me
2857 3609 3060 3678 missa,
3109 3629 3288 3682 quam
3349 3613 3443 3669 hic
3499 3611 3763 3677 ascribam,

2171 3696 2578 3754 exercitatione
2607 3697 3000 3753 astronomica
3031 3701 3274 3770 patebit.

2244 3787 2308 3842 ll.
2341 3786 2540 3841 Jacobi
2575 3787 2881 3842 Grantami
2913 3804 2944 3844 e
2974 3789 3256 3846 societate
3277 3793 3421 3848 Jesu
3443 3791 3768 3865 epilogismus

2169 3875 2452 3931 novilunii
2485 3875 2737 3947 ecliptici
2775 3894 2925 3932 anno
2955 3877 3169 3934 Christi
3204 3883 3367 3950 1267,
3400 3884 3469 3936 25
3497 3881 3766 3949 Maiijuxta

2169 3964 2401 4019 tabulas
2446 3964 2834 4020 subsidiarias
2885 3965 3252 4034 Rudolﬁnas,
3305 3971 3376 4025 ad
3431 3971 3762 4026 meridianum

2167 4052 2780 4122 Constinopolitanum
2831 4062 3148 4112 revocatas.
3183 4065 3393 4115 Annus
3440 4060 3489 4115 is
3533 4068 3609 4115 est
3649 4073 3766 4112 com-

2169 4143 2387 4212 munis,
2424 4159 2535 4197 non
2571 4141 2915 4198 bissextilis.

2451 4310 2602 4365 786
2635 4309 2721 4381 [P.
2751 4311 2881 4383 520]
2897 4311 3248 4370 Novilinium
3271 4317 3534 4374 medium.

2415 4503 2543 4554 Maii
3221 4511 3288 4560 24
3390 4517 3444 4563 10
3563 4513 3618 4561 50
3721 4508 3765 4558 13

3212 4573 3276 4622 D.
3379 4576 3446 4622 Η.

2167 4629 2849 4693 tempusapog.sol.71un.
3230 4640 3292 4686 1t
3393 4642 3445 4687 11
3569 4637 3624 4687 32
3745 4632 3768 4680 7

2168 4692 2506 4742 intervallum
2521 4692 2566 4740 Wa
2596 4692 2853 4742 novilum.
3227 4700 3284 4749 21
3418 4700 3448 4748 0
3567 4698 3619 4749 41
3723 4695 3770 4744 51

2169 4760 2349 4819 motus
2374 4753 2660 4804 intervallo
2689 4756 3026 4819 respondens
3053 4758 3158 4808 tol-
3224 4761 3280 4810 S.
3381 4762 3447 4812 ϐ.

2231 4817 2423 4866 lendus
2784 4817 2797 4819 ⁷
3261 4828 3290 4873 ο
3390 4825 3452 4874 20
3573 4827 3624 4874 15
3727 4820 3770 4867 33

2168 4880 2320 4929 locus
2348 4877 2553 4942 apogaei
2583 4879 2712 4928 solis
3260 4885 3294 4934 3
3421 4887 3454 4936 ο
3598 4887 3623 4935 1
3725 4879 3771 4942 3t

2169 4940 2558 5005 primusflocus
2571 4943 2713 5005 solis
3257 4950 3289 4996 2
3418 4949 3449 4998 9
3568 4949 3623 4998 45
3727 4940 3772 4993 58

2171 5003 2344 5069 prima
2364 5003 2620 5069 distantia
2649 5004 2990 5056 luminarium
3026 5006 3138 5057 sole

2231 5067 2447 5130 longius
2476 5079 2760 5130 progresso
3257 5070 3292 5120 0
3417 5074 3450 5122 5
3571 5074 3623 5122 21
3728 5065 3774 5115 t3

2171 5128 2385 5192 tempus
2417 5129 2625 5190 apogaai
2655 5128 2816 5192 tunsa
3223 5133 3286 5182 D.
3388 5137 3453 5185 H.

2233 5189 2541 5253 proximum
2575 5189 2857 5241 novilunio
3203 5200 3290 5246 165
3421 5198 3453 5247 7
3574 5199 3623 5247 51
3731 5193 3773 5240 27

2171 5253 2514 5304 intervallum
3254 5263 3284 5308 7
3416 5260 3449 5309 6
3569 5262 3621 5308 at
3729 5254 3773 5301 22

2170 5323 2348 5365 motus
2368 5314 2664 5379 intervallo
2702 5316 3034 5379 respondens
3218 5319 3271 5368 S.
3372 5321 3435 5371 G.

2171 5377 2453 5428 addendus
2792 5374 2807 5379 “
3253 5383 3286 5432 3
3417 5389 3444 5435 0
3567 5384 3622 5431 13
3729 5374 3770 5426 12

2169 5442 2320 5491 locus
2350 5439 2730 5503 apogaailuuas
3239 5448 3292 5494 11
3428 5450 3454 5495 3
3573 5445 3628 5493 34
3729 5437 3774 5503 33

2170 5505 2375 5567 primus
2407 5502 2723 5567 loéuaiunm
2851 5566 2854 5567 ν
3265 5509 3296 5556 2
3423 5513 3450 5558 ι
3575 5506 3627 5554 18
3729 5502 3769 5546 15

2170 5565 2383 5628 tempus
2415 5565 2986 5628 prosthaphasreticum
3396 5571 3456 5620 Η.

2172 5621 2484 5680 addendum
2638 5621 2653 5628 ’
3421 5633 3446 5683 1
3571 5633 3622 5680 11
3731 5621 3773 5674 10
