3984 6202
378 265 516 323 1195

893 444 1092 506 integra
1118 438 1307 487 duratio
1362 486 1411 547 D,
1549 434 1610 548 is“!
1734 424 1801 482 ιθΔ

416 569 428 615 I‘
456 568 611 614 nti-am
1368 546 1429 608 25
1552 546 1613 605 '9
1735 546 1796 604 ει
1917 546 1979 601 23

413 626 627 674 medium
654 624 853 685 eclipsis
884 619 989 670 Maii
1369 618 1433 685 git
1557 617 1614 685 19
1736 614 1793 685 _1

416 703 423 728 ε
451 688 523 733 nis
756 676 770 685 ’
1368 677 1429 725 25
1558 677 1613 725 l0
1736 676 1797 723 5‘3
1920 676 1981 721 10

415 743 827 813 (Lonstantinopoii
856 750 963 806 post
991 742 1199 791 mediam
1219 747 1430 788 noctem.

782 812 835 894 VA
849 848 886 895 ἰ)
1058 840 1340 908 εθριειιὶτὶο
1524 842 1791 891 incidentia
1811 840 1887 891 At}

564 850 776 897 cnaersio
804 852 835 894 Α
849 848 886 895 ἱ)

692 1124 734 1173 D

444 1207 927 1279 -ιτι-.
725 1205 742 1209 λ·
759 1131 1965 1291 “’“····¹ε.νῖ’τ”””έᾳ⁵ῗῗτῇ“

1063 1515 1293 1570 Meridies

1002 1640 1040 1688 1'
1047 1651 1169 1701 grus
1187 1635 1415 1700 eclipseos

725 1731 773 1776 in
799 1728 1048 1789 triangqu
1075 1726 1195 1779 ΑΒΕ
1216 1725 1508 1790 rectangulo
1532 1725 1579 1775 in
1608 1729 1662 1777 Α.

485 1804 701 1837 ιειιιηῖηει
734 1786 1206 1837 semidtamelrorum
1232 1786 1243 1796 “
1536 1788 1589 1835 51
1720 1786 1773 1837 Μ
1903 1782 1975 1837 BC
2034 1770 2079 1834 B

423 1789 493 1840 Ex
517 1804 701 1837 summa
734 1787 1206 1849 scmidtamelrorum
1232 1787 1243 1796 ’
1395 1787 1411 1790 ⁷
1536 1788 1589 1835 51
1720 1787 1775 1841 at
1903 1787 1975 1837 BC

422 1852 546 1899 toile
563 1859 725 1898 arcum
753 1846 880 1897 inter
900 1855 1065 1896 centra
1223 1910 1233 1921 .
1556 1850 1589 1893 93
1700 1847 1771 1894 ~22
1891 1844 1977 1955 Αὲ

422 1911 575 1955 halm:
593 1911 851 1955 scrupulos
877 1910 1052 1955 medim
1075 1910 1360 1955 durauonia
1533 1910 1600 1955 δι-
1718 1909 1780 1955 55
1902 1908 1942 1955 Δ

421 1911 575 1961 hanc:
593 1911 851 1985 scrupulos
877 1910 1052 1959 medias
1075 1910 1360 1962 doralionia.
1533 1910 1600 1958 δι-
1718 1909 1780 1957 δῦ
1902 1908 1942 1963 Δ

434 2104 532 2160 III.
566 2105 645 2160 Ex
674 2103 785 2160 hoc
816 2103 1163 2176 epilogismo
1196 2103 1688 2173 clarissimumlﬁt
1711 2103 1786 2174 kin
1808 2101 2010 2173 eclipsi

364 2193 653 2265 descripta
684 2193 925 2266 reperiri
956 2192 1320 2248 characteres
1347 2209 1380 2248 a
1403 2192 1725 2263 Nicephoro
1758 2190 2012 2261 Gregora

362 2282 718 2354 designatos,
751 2297 973 2337 annum
1016 2298 1048 2337 a
1098 2282 1317 2337 mundo
1371 2281 1603 2337 condito
1633 2281 1795 2347 6775,
1830 2280 1885 2334 id
1920 2284 2010 2333 est

351 2370 568 2426 Christi
604 2371 762 2439 1267,
798 2369 930 2426 Maii
976 2370 1129 2425 diem
1154 2370 1247 2437 25,
1281 2370 1486 2425 horam
1518 2374 1652 2425 ante
1700 2368 2006 2423 meridiem

352 2459 407 2522 3,
441 2463 497 2513 et
538 2458 753 2529 digitos
802 2474 982 2529 prope
1037 2460 1123 2527 12,
1158 2460 1311 2514 unde
1362 2463 1524 2513 tanta
1571 2458 1901 2513 obscuritas
1948 2457 2007 2512 in

357 2548 500 2601 741
540 2549 697 2601 terra
743 2550 808 2600 ut
857 2545 1037 2601 stella:
1070 2547 1128 2601 in
1162 2547 1303 2602 caalo
1351 2552 1718 2618 apparerent.
1752 2549 1823 2601 At
1861 2546 2007 2600 deﬁ-

350 2633 429 2688 cit
462 2651 581 2689 una
612 2633 889 2699 illustris,
924 2639 1062 2691 nota
1102 2634 1212 2690 loci
1255 2634 1397 2690 solis
1429 2636 1487 2690 in
1518 2634 1760 2690 Zodiaco
1795 2652 1807 2690 :
1842 2634 2007 2706 ponit

348 2724 505 2779 enim
551 2722 915 2795 Nicephorus
968 2724 1216 2795 gradum
1266 2725 1298 2778 4
1347 2724 1752 2793 Geminorum,
1807 2728 2006 2778 noster

314 2849 329 2859 κ
350 2818 545 2868 autem
578 2810 842 2867 calculus
876 2814 962 2867 10.
988 2813 1097 2869 Sed
1124 2814 1183 2867 in
1206 2829 1271 2868 eo
1294 2813 1658 2883 Nicephorus
1691 2811 2002 2867 .rr-anit'este

350 2900 773 2970 hallucinatur,
842 2905 1078 2956 secutus
1146 2918 1260 2955 non
1326 2900 1751 2957 astronomicos
1816 2900 1996 2971 leges,

348 2991 449 3045 sed
502 2988 844 3062 popularem
892 2991 1137 3062 putandi
1172 2990 1456 3046 rationem
1507 2996 1563 3045 et
1622 3006 1995 3045 communem

347 3095 602 3134 errorem
659 3078 1037 3150 jungentium
1097 3080 1514 3151 aequinoctium
1572 3096 1840 3146 vernum,
1890 3094 1990 3134 seu

1414 266 1474 318 P.
1517 263 1787 319 POSSINI
1824 263 2438 322 OBSERVATIONUM
2477 270 2611 324 LIB.
2655 273 2753 325 ΙΙΙ.

3659 272 3780 326 1196

2041 397 2097 463 Α
2128 387 2199 444 Et
2231 405 2365 446 vero
2416 396 2640 461 quanta
2686 407 2754 448 ea
2801 392 3000 460 fuerit,
3042 392 3115 448 ad
3161 392 3338 449 fidem
3388 393 3653 451 historia
3684 400 3778 451 aut

2125 478 2409 549 temporis
2441 480 2726 536 rationem
2770 480 2918 538 nihil
2960 482 3160 550 refert,
3208 483 3475 554 probatis
3506 482 3643 540 aliis
3672 502 3782 541 cer-

2123 566 2373 621 tissimis
2407 569 2579 624 notis.
2610 568 2824 625 Verum
2855 587 2926 626 ne
2958 586 3027 627 ea
3049 572 3121 626 ad
3155 571 3453 643 integrum
3480 578 3781 629 exactum-

2124 671 2237 725 que
2294 654 2710 728 epilogismum
2769 660 3155 727 desideretur,
3208 677 3421 733 magna
3481 662 3787 735 diligentia

2124 760 2250 799 eam
2285 746 2651 817 consignavi.
2688 753 2761 804 Et
2801 765 2873 804 ne
2904 750 3038 820 quis
3069 750 3413 806 brevitatem
3465 768 3585 807 non
3639 752 3789 808 inte-

2123 850 2238 904 gras
2280 834 2432 890 horta
2483 836 2541 889 in
2590 837 2794 909 eclipsi
2842 855 3023 909 prope
3071 839 3240 894 totali
3288 840 3540 895 nimiam
3595 857 3791 913 repre-

2127 923 2363 991 hendat,
2413 925 2852 982 velocissimum
2904 927 3056 982 lunae
3120 933 3345 983 motum
3406 938 3786 1000 apparentem

2126 1012 2280 1067 circa
2309 1013 2343 1067 3
2372 1013 2731 1084 parallaxem
2762 1015 3174 1087 longitudinis,
3208 1021 3328 1072 tam
3370 1017 3432 1073 in
3464 1017 3785 1075 incidentia

2126 1104 2439 1158 crescendo
2488 1104 2655 1159 valde
2699 1105 2759 1160 in
2792 1107 3120 1179 quadrante
3149 1106 3431 1163 Orientali
3481 1106 3789 1180 eclipticaz,

2125 1207 2302 1261 quam
2342 1193 2402 1247 in
2434 1194 2765 1251 emersione
2814 1196 3071 1251 multum
3122 1197 3518 1253 decrescendo
3552 1198 3613 1252 in
3646 1214 3787 1270 qna-

2126 1280 2333 1335 drante
2388 1282 2762 1351 Occidentali,
2797 1287 3021 1357 [quaeso
3081 1289 3145 1339 ut
3202 1300 3435 1340 mecum
3497 1287 3789 1341 attendat.

2122 1374 2208 1436 [Ρ.
2241 1370 2367 1439 525]
2396 1377 2454 1426 et
2506 1372 2735 1428 desinet
2784 1373 3009 1429 mirari.
3044 1373 3174 1429 Haec
3221 1374 3281 1428 in
3327 1374 3586 1445 gratiam
3623 1374 3696 1431 ἢ.
3730 1378 3790 1429 Ρ.

2123 1460 2382 1529 Possini;
2418 1461 2515 1530 qui
2550 1460 2655 1516 viri
2691 1462 2863 1518 amici
2907 1463 3163 1518 laborem
3198 1468 3457 1534 gratum,
3492 1464 3545 1519 si
3579 1463 3791 1535 placet,

2121 1548 2381 1619 habebit,
2414 1554 2472 1605 et
2502 1566 2635 1605 eum
2662 1551 2778 1607 Deo
2805 1552 2863 1607 in
2893 1552 3019 1608 suis
3050 1552 3418 1607 orationibus
3445 1554 3506 1609 et
3536 1552 3791 1609 sanctis-

2121 1640 2292 1696 simis
2323 1641 2630 1697 sacriﬁciis
2661 1643 3143 1698 commendatum
3172 1642 3434 1698 habebit.

2193 1729 2281 1785 1V.
2318 1730 2613 1785 Hactenus
2664 1731 2730 1786 Η.
2764 1734 2827 1786 P.
2860 1730 3120 1787 Jacobus
3163 1730 3490 1786 Grantami.
3524 1731 3635 1787 Cui
3692 1732 3791 1786 ad-

2120 1818 2371 1888 jungam
2396 1821 2546 1890 quod
2572 1820 2881 1875 consultus
2903 1836 2938 1875 a
2957 1836 3051 1875 me
3073 1821 3144 1874 de
3165 1820 3368 1891 eclipsi
3392 1820 3602 1876 eadem
3630 1819 3706 1874 Η.
3731 1824 3793 1874 Ρ.

2124 1907 2381 1963 Joannes
2430 1909 2695 1980 Baptista
2744 1908 3060 1977 Ricciolus,
3090 1908 3292 1964 statim
3342 1908 3793 1964 humanissime

2124 1998 2428 2070 respondit
2458 1998 2620 2053 hisce
2652 1998 2823 2070 plane
2852 1997 3069 2053 verbis.

2193 2093 2321 2144 Afra
2385 2087 3033 2158 ConstantinOpolitana
3109 2087 3394 2159 supponit
3454 2087 3795 2157 completos

2123 2178 2306 2232 fuisse
2355 2176 2559 2231 mundi
2608 2192 2796 2231 annos
2839 2176 2981 2231 5508
3032 2182 3167 2231 ante
3225 2176 3509 2231 usitatam
3572 2176 3797 2233 Christi

2119 2283 2316 2321 teram.
2349 2267 2537 2329 Quare
2569 2282 2761 2321 annus
2789 2266 2933 2319 6775
2961 2282 3086 2320 aera;
3110 2264 3793 2335 Constantinopolitana

2117 2363 2207 2411 est
2240 2372 2362 2410 sane
2395 2354 2932 2424 Christianmg1267.

2191 2445 2339 2501 742
2369 2446 2535 2499 Anno
2566 2443 2781 2500 Christi
2816 2444 2955 2497 1267
2998 2442 3198 2515 cyclus
3228 2442 3386 2498 luna:
3416 2460 3523 2499 seu
3559 2460 3787 2499 aureus

2114 2551 2396 2589 numerus
2428 2534 2540 2588 fuit
2570 2534 2656 2599 14,
2697 2537 2902 2603 epacta
2926 2534 2979 2599 3,
3013 2531 3382 2588 novilunium
3418 2532 3597 2588 civile
3635 2534 3791 2588 inter

2110 2625 2181 2678 25
2223 2628 2280 2678 et
2323 2624 2393 2676 26
2440 2622 2597 2679 Maii.
2648 2621 2858 2693 Cyclus
2908 2620 3052 2677 solis
3105 2621 3217 2677 fuit
3270 2622 3359 2689 16,
3420 2620 3631 2678 littera
3692 2624 3796 2678 do-

2110 2711 2399 2768 minicalis
2429 2712 2491 2781 B,
2526 2716 2583 2766 et
2608 2711 2833 2782 diesz25
2865 2711 3000 2767 Maii
3034 2711 3243 2767 incidit
3268 2711 3327 2766 in
3363 2711 3580 2768 feriam
3614 2730 3773 2785 quar

2109 2809 2252 2858 tam.

2176 2894 2342 2946 Anno
2381 2892 2583 2946 eodem
2619 2890 2777 2957 1267,
2811 2890 2904 2945 die
2951 2891 3021 2943 25
3063 2889 3223 2957 Maii,
3257 2889 3651 2947 novilunium
3690 2910 3785 2949 ve-

2106 2998 2238 3036 rum
2281 2978 2789 3051 Constantinopoli
2840 2978 2950 3034 fuit
2997 2978 3348 3049 sesquihora
3401 2985 3545 3036 ante
3595 2984 3798 3038 meri-

2116 3070 2269 3125 diem
2306 3086 2320 3137 ;
2355 3070 2454 3125 sed
2490 3070 2561 3124 ob
2595 3067 2937 3141 parallaxim
2972 3067 3365 3138 longitudinis
3406 3069 3526 3124 fuit
3560 3072 3717 3126 hora
3746 3072 3798 3133 3.

349 3169 608 3239 primum
657 3138 908 3239 ἐτεξυω
960 3138 1194 3239 Arietis:
1229 3177 1365 3225 cum
1413 3171 1478 3224 21
1520 3170 1710 3226 Martii
1748 3187 1761 3225 ε
1796 3138 2002 3239 (Ιύθω-
2035 3138 2077 3204 C
2120 3158 2367 3214 minutis
2396 3159 2452 3227 5,
2484 3138 2619 3214 ante
2646 3156 2952 3212 meridiem
2986 3156 3110 3212 sole
3135 3161 3193 3212 et
3225 3156 3372 3211 luna
3401 3160 3795 3215 versantibus

354 3257 674 3312 admodum
720 3258 843 3328 jam
878 3275 911 3313 a
940 3259 1189 3315 concilio
1236 3259 1468 3313 Niceeno
1516 3260 1575 3313 in
1624 3276 1734 3314 usu
1774 3258 1829 3313 id
1865 3263 2011 3324 erat,

352 3361 468 3399 non
501 3345 829 3416 observato,
864 3346 1071 3401 saltem
1118 3364 1231 3402 non
1262 3352 1540 3416 correcto,
1571 3347 1713 3402 vitio
1746 3353 2013 3403 anteces-

357 3432 542 3487 sionis
601 3433 936 3504 aaquinoctii
987 3451 1191 3490 versus
1240 3435 1476 3491 initium
1524 3436 1788 3491 Januarii
1837 3436 2012 3491 unius

356 3520 469 3576 diei
506 3537 604 3591 per
634 3527 867 3577 centum
914 3524 1155 3595 triginta
1203 3524 1433 3580 circiter
1464 3542 1674 3580 annos.
1712 3526 1817 3591 Qui
1851 3542 2015 3581 error

362 3613 563 3680 postea
615 3615 913 3667 correctus
965 3617 1054 3669 est
1103 3631 1256 3669 anno
1303 3614 1519 3670 Christi
1569 3615 1726 3683 1582,
1762 3613 2013 3669 sublatis

357 3698 423 3753 10
473 3699 705 3763 diebus,
746 3699 963 3771 quibus
1012 3701 1249 3757 initium
1298 3702 1510 3758 Arietis
1557 3702 1748 3759 Martii
1802 3701 2013 3756 vicesi-

348 3804 512 3843 mum
566 3788 825 3859 primum
877 3795 1274 3862 praecesserat.
1309 3792 1379 3846 Et
1434 3806 1633 3847 revera
1681 3808 1715 3846 a
1764 3790 2011 3847 concilio

348 3877 583 3933 Nicaano
615 3876 815 3932 habito
868 3894 1021 3934 anno
1070 3878 1286 3935 Christi
1314 3881 1422 3935 325
1453 3896 1639 3952 usque
1670 3882 1740 3935 ad
1777 3885 2013 3951 tempus

353 3966 534 4035 hujus
578 3965 819 4039 eclipsis
867 3984 1021 4023 anno
1071 3968 1288 4024 Christi
1339 3970 1476 4024 1267
1530 3970 1667 4025 anni
1716 3971 2013 4025 ﬂuxerunt

353 4055 481 4121 912,
518 4072 622 4126 pro
672 4056 893 4127 quibus
940 4056 1304 4129 Nicephorus
1336 4075 1437 4114 sex
1476 4060 1697 4131 gradus
1747 4068 2009 4114 anteces-

354 4143 542 4198 sionis
573 4144 956 4201 Geminorum
1000 4147 1328 4218 usurpavit,
1364 4165 1498 4203 cum
1543 4148 1751 4204 merito
1783 4152 2007 4219 septem

350 4232 614 4303 integros
664 4249 973 4289 numerare
1022 4236 1332 4306 potuisset.
1380 4237 1594 4292 Sethus
1621 4236 1909 4292 Calvisius
1951 4238 2007 4292 in

345 4319 697 4393 Chronolog.
750 4339 905 4377 anno
936 4323 1153 4379 Christi
1186 4326 1322 4379 1267
1354 4325 1505 4381 hanc
1549 4326 2010 4397 eclipsimgnota-

337 4406 443 4474 vit,
478 4407 682 4462 eodem
731 4425 886 4464 anno
918 4414 975 4466 et
1005 4410 1096 4466 die
1142 4428 1255 4482 quo
1306 4412 1701 4485 Nicephorus;
1752 4431 2009 4485 eumque

2120 3250 2177 3305 in
2208 3248 2395 3321 gradu
2440 3248 2507 3302 12
2555 3247 2959 3303 Geminorum.
2992 3246 3264 3302 Latitudo
3309 3245 3466 3301 luna:
3529 3248 3793 3304 borealis

2120 3343 2177 3394 et
2224 3354 2361 3393 vera
2414 3336 2525 3391 fuit
2576 3336 2944 3391 minutorum
2980 3334 3066 3403 19,
3099 3336 3163 3403 8;
3215 3335 3316 3390 sed
3372 3353 3689 3407 apparens
3732 3339 3803 3393 ob

2119 3423 2466 3496 parallaxim
2497 3421 2833 3477 latitudinis
2864 3420 2977 3477 fuit
3006 3420 3282 3477 australis
3307 3426 3367 3476 et
3406 3424 3793 3480 minutorum

2118 3515 2170 3581 3,
2204 3516 2267 3579 8;
2300 3528 2537 3568 summa
2568 3516 2761 3566 autem
2808 3509 3390 3566 semidiametrorum
3426 3511 3585 3569 solis
3622 3519 3684 3569 et
3720 3513 3805 3567 lu-

2119 3621 2205 3659 nae
2252 3602 2361 3657 fuit
2415 3600 2781 3655 minutorum
2825 3600 2917 3667 30,
2947 3600 3046 3665 40;
3078 3603 3136 3654 et
3179 3598 3323 3654 solis
3375 3599 3691 3658 diameter
3720 3603 3809 3656 in-

2117 3699 2281 3764 tegra
2330 3690 2692 3745 minutorum
2725 3690 2817 3760 31,
2847 3690 2947 3757 38;
2999 3688 3248 3759 ideoque
3303 3690 3482 3759 digiti
3537 3691 3807 3762 ecliptici

2118 3783 2205 3846 11,
2238 3782 2325 3834 25.
2362 3781 2470 3835 Sed
2504 3796 2570 3835 eo
2604 3780 2760 3850 quod
2810 3778 2958 3834 radii
3006 3777 3147 3834 solis
3191 3776 3439 3849 oblique
3470 3779 3540 3834 in
3578 3785 3805 3836 terram

2116 3870 2444 3925 incidentes
2474 3867 2757 3923 aliorsum
2808 3866 3009 3939 procul
3042 3883 3075 3921 a
3104 3867 3320 3922 vertice
3362 3867 3803 3924 Constantino-

2117 3959 2269 4031 polis
2300 3958 2760 4024 reﬂecterentur,
2793 3972 2900 4012 nec
2946 3955 3200 4011 multum
3233 3972 3431 4012 aerem
3466 3974 3670 4031 supra
3706 3977 3808 4031 po-

2118 4050 2297 4104 situm
2330 4048 2716 4115 illustrarent,
2744 4048 2870 4102 visa
2901 4049 2990 4101 est
3019 4045 3257 4117 eclipsis
3291 4061 3445 4117 pene
3477 4047 3724 4114 totalis,
3754 4056 3807 4102 et

2118 4137 2296 4195 stellae
2327 4136 2616 4193 horizonti
2657 4136 2959 4208 propiores
2991 4134 3241 4206 aliaeque
3271 4136 3545 4208 conspici
3581 4143 3805 4209 potue-

2117 4233 2272 4285 runL

2188 4320 2268 4373 Ex
2306 4333 2438 4373 mea
2467 4315 2835 4388 Geographia
2876 4315 3196 4372 reformata
3246 4331 3530 4387 suppono
3584 4316 3805 4371 altitn-

2116 4408 2313 4464 dinem
2345 4406 2463 4478 poli
2516 4403 3056 4477 Constantinopolis
3106 4420 3236 4459 esse
3277 4405 3450 4476 grad.
3490 4405 3587 4471 42,
3622 4407 3729 4469 56,
3764 4412 3817 4459 et

336 4496 492 4550 circa
543 4495 575 4549 4
623 4497 876 4567 gradum
934 4499 1313 4557 Geminorum
1365 4502 1503 4572 jure
1562 4503 1799 4573 corrigit
1843 4520 1855 4558 :
1898 4505 1997 4559 sed
2034 4501 2078 4565 D
2111 4496 2540 4569 longitudinem
2595 4512 2628 4550 a
2673 4494 2875 4549 Palma
2922 4492 3119 4550 insula
3170 4493 3660 4551 Fortunatarum
3720 4511 3812 4567 gr.

338 4583 654 4655 contigisse
691 4585 772 4640 ait
812 4587 955 4643 hora
985 4589 1075 4657 11,
1096 4590 1151 4644 9.
1174 4590 1264 4661 21,
1293 4596 1425 4661 post
1456 4592 1709 4647 mediam
1743 4598 1995 4662 noctem,

333 4673 566 4728 tardius
612 4674 799 4730 multo
848 4693 1027 4747 quam
1059 4678 1199 4735 velit
1228 4679 1592 4752 Nicephorus
1633 4682 1731 4753 qui
1780 4683 1814 4737 3
1863 4687 2001 4738 ante

334 4762 638 4819 meridiem
687 4766 919 4835 scribit;
954 4784 1089 4824 cum
1123 4787 1236 4841 quo
1286 4771 1437 4827 belle
1486 4772 1751 4829 calculus
1802 4778 2001 4829 noster

332 4853 624 4909 convenit.
658 4853 940 4911 Numeret
978 4863 1173 4915 autem
1206 4861 1496 4918 Calvisius
1530 4863 1747 4934 digitos
1784 4863 1998 4918 obscu-

334 4942 581 4998 rationis
616 4945 706 5015 11,
734 4944 825 5011 52,
860 4945 978 5001 fere
1008 4952 1074 5002 ut
1104 4966 1211 5005 nos
1243 4955 1299 5006 et
1344 4951 1706 5023 Nicephorus
1736 4951 1996 5025 proxime

333 5033 403 5088 ad
437 5032 715 5101 totalem;
751 5033 958 5092 feriam
992 5052 1227 5109 quoque
1258 5046 1531 5109 quartam
1568 5041 1674 5097 rite
1702 5042 1993 5113 designat,

331 5125 389 5177 et
438 5122 647 5193 probat
703 5122 904 5195 cyclus
953 5126 1096 5181 solis
1153 5128 1240 5197 16,
1273 5126 1469 5183 littera
1516 5129 1580 5183 Β.
1614 5130 1901 5200 Keplerus
1934 5131 1991 5185 in

332 5210 551 5268 tabulis
604 5212 936 5271 Rudolﬁnis
968 5217 1125 5287 p.98
1172 5218 1438 5287 ejusdem
1492 5218 1778 5288 eclipseos
1829 5235 1989 5273 men-

330 5301 554 5360 tionem
586 5301 746 5371 facit,
778 5309 835 5359 et
865 5305 1125 5360 ostendit
1174 5311 1331 5361 recte
1362 5322 1393 5360 a
1424 5305 1673 5359 Calvisio
1701 5306 1988 5377 Nicepho-

332 5408 462 5446 rum
522 5393 891 5464 reprehendi,
952 5400 1008 5448 et
1057 5410 1191 5448 cum
1243 5411 1310 5449 eo
1370 5395 1535 5466 ponit
1583 5396 1747 5465 grad.
1801 5396 1989 5465 10,59

327 5481 731 5547 Geminorum,
792 5482 969 5553 paulo
1023 5482 1322 5537 liberalior
1371 5483 1428 5537 in
1485 5483 1754 5539 minutis.
1812 5485 1989 5541 Porro

321 5569 394 5621 de
425 5570 733 5624 duratione
772 5570 955 5641 hujus
985 5570 1224 5643 eclipsis
1256 5587 1447 5643 neque
1488 5571 1855 5644 Nicephorus
1887 5590 1987 5630 ne-

324 5669 439 5726 que
481 5656 768 5715 Calvisius
817 5664 919 5716 aut
960 5660 1244 5734 Keplerus
1288 5662 1616 5736 quidquam
1667 5663 1985 5720 afﬁrmant.

2106 4589 2199 4654 54,
2230 4587 2318 4641 36.

2180 4676 2327 4741 Quid
2356 4675 2469 4731 sibi
2501 4674 2639 4729 velit
2666 4673 2977 4746 Gregoras,
3011 4676 3113 4729 aut
3141 4672 3363 4745 quibus
3397 4688 3473 4728 ex
3504 4674 3813 4747 epheme-

2108 4766 2339 4821 ridibus
2366 4764 2631 4820 hauserit
2664 4763 2845 4819 solem
2878 4763 3061 4819 fuisse
3086 4766 3227 4818 tunc
3256 4762 3315 4816 in
3342 4768 3572 4834 quarto
3610 4766 3809 4837 gradu

2108 4872 2207 4910 seu
2243 4858 2408 4927 parte
2438 4854 2847 4922 Geminorum,
2880 4852 3116 4924 penitus
3155 4852 3385 4923 ignoro.
3432 4853 3605 4908 Licet
3646 4856 3810 4909 enim

2105 4943 2317 4999 tabulae
2370 4942 2776 4998 astronomicw
2827 4941 3155 5013 insignium
3208 4940 3808 5001 mathematicorum

2104 5034 2309 5105 paucis
2340 5030 2565 5103 aliquot
2612 5029 2864 5087 minutis
2912 5029 3201 5085 dissidere
3233 5028 3479 5101 possint
3534 5047 3575 5086 ι
3633 5034 3808 5090 meis,

2103 5122 2311 5179 multis
2337 5127 2536 5177 tamen
2567 5119 2851 5192 gradibus
2878 5118 3073 5175 nullae.
3093 5118 3261 5174 Certe
3286 5119 3455 5174 enim
3490 5137 3677 5178 anno
3712 5124 3806 5176 illo

2105 5216 2240 5270 1267
2274 5213 2359 5269 sol
2392 5211 2837 5285 ingrediebatur
2882 5212 2941 5266 in
2991 5210 3162 5283 signa
3212 5209 3458 5265 Zodiaci
3511 5211 3805 5267 diebus?

2100 5310 2204 5360 aut
2237 5304 2302 5358 10
2333 5302 2507 5358 cilius
2548 5318 2725 5373 quam
2781 5317 2938 5356 nunc
2987 5304 3120 5371 post
3168 5298 3629 5355 correctionem
3666 5307 3799 5358 Gre-

2100 5394 2402 5467 gorianam
2438 5390 2791 5447 Kalendarii.
2825 5390 2989 5445 Nunc
3043 5392 3239 5443 autem
3294 5386 3668 5455 ingreditur
3699 5392 3798 5446 Ge-

2102 5483 2291 5538 minos
2334 5481 2429 5537 die
2457 5482 2527 5535 22
2554 5488 2650 5536 aut
2678 5480 2750 5534 23
2778 5478 2934 5536 Maii.
2972 5477 3090 5550 Ego
3138 5481 3281 5531 tunc
3333 5476 3434 5532 die
3472 5478 3544 5533 13
3585 5489 3709 5535 aut
3742 5482 3800 5535 1i

2099 5572 2350 5628 circiter.
2382 5573 2571 5642 Atque
2603 5571 2747 5625 adeo
2778 5569 2870 5625 die
2899 5569 2972 5623 25
3002 5566 3134 5624 Maii
3165 5571 3293 5623 erat
3320 5568 3451 5637 jam
3486 5566 3555 5621 in
3602 5572 3673 5624 11
3714 5570 3799 5625 vel

2100 5662 2167 5717 12
2195 5660 2383 5733 gradu
2413 5659 2821 5717 Geminorum.
