4002 6202
239 311 384 367 1197

1636 314 2252 371 CHRONOLOGICUB.

3504 321 3641 377 1198

312 435 442 492 Haec
463 434 581 509 ille,
601 436 1026 509 Habes,lcctor,
1041 438 1576 494 eruditissimorum
1598 438 1892 495 hominum
1922 442 1976 506 Α
2006 440 2259 510 quatuor
2287 441 2343 493 et
2371 440 2583 513 viginti
2617 441 2767 514 patri
2820 442 3089 498 morienti
3146 445 3522 503 successime.
3582 445 3646 502 Si

234 528 297 580 et
352 526 760 597 praestantium
819 532 1263 585 astonomorum
1314 528 1468 584 circa
1524 528 1791 599 eclipsim
1855 546 1886 583 a

234 613 568 687 Nicephoro
594 616 849 689 Gregora
881 622 1263 673 memoratam
1318 617 1541 687 judicia
1570 621 1627 671 et
1658 616 1891 672 ratioci-

234 702 360 769 nia,
394 720 522 775 quas
553 709 777 760 tantam
806 708 934 777 ejus
976 706 1242 762 notitiam
1267 706 1651 778 suppeditant
1673 711 1892 776 quanta

237 794 432 863 optari
466 793 587 849 fere
626 798 840 865 potest,
873 799 1029 851 certe
1087 813 1214 866 qua:
1248 796 1481 850 abunde
1534 796 1764 850 sufﬁcis
1821 796 1891 849 ad

239 899 418 940 usum
452 888 719 938 nostrum
752 884 1111 957 insigniendi
1134 886 1270 940 anni
1294 902 1411 956 quo
1429 885 1718 940 Germano
1736 884 1894 938 abdi-

241 977 416 1028 cante
446 972 745 1045 Josephus
776 974 1110 1045 patriarcha
1150 976 1264 1046 est;
1285 979 1541 1041 creatus,
1575 978 1695 1029 tam
1727 974 1894 1029 lucu-

238 1060 399 1116 lento
459 1061 815 1131 charactere,
852 1068 915 1118 ut
967 1063 1026 1118 in
1061 1078 1127 1118 eo
1174 1080 1207 1118 a
1260 1062 1487 1120 caeteris
1545 1063 1896 1118 dicernendo

238 1149 360 1206 labi
389 1150 665 1223 deinceps
697 1157 797 1207 aut
835 1153 924 1208 vel
958 1151 1218 1208 titubare
1255 1153 1568 1224 quisquam
1627 1157 1894 1224 nequeat.

859 1294 1095 1351 CAPUT
1128 1294 1274 1349 VIII.

244 1382 575 1457 Andronici,
616 1385 713 1457 qui
767 1384 1035 1439 Michaeli
1082 1385 1327 1457 Augusto
1361 1386 1785 1455 primogenitus,
1841 1386 1897 1438 in

319 1453 551 1524 imperio
580 1453 781 1525 collega
811 1460 862 1511 et
888 1460 1010 1527 post
1034 1453 1390 1523 eius'obiturii
1439 1472 1720 1512 successor
1763 1457 1898 1527 fuit,

315 1530 458 1583 atas
522 1528 768 1598 conjugii
824 1536 877 1583 et
924 1527 1218 1583 evectionis
1243 1530 1308 1600 Vin
1333 1528 1621 1598 imperium
1665 1537 1899 1600 tempus,

312 1606 751 1670 exter-oramque
779 1600 898 1670 ejus
926 1608 1169 1655 actorum
1202 1599 1574 1671 chronoloyza.

316 1725 358 1779 Ι.
394 1724 662 1779 Michaeli
703 1723 1030 1797 Palmologo
1089 1725 1191 1797 qui
1223 1726 1513 1781 successit
1544 1725 1602 1779 in
1655 1725 1903 1797 imperio

242 1814 638 1883 Andronicus,
663 1815 859 1871 senior
885 1816 958 1871 ab
990 1816 1285 1872 historicis
1318 1816 1746 1889 posterioribus
1778 1816 1897 1871 dic-
1932 1801 1980 1865 Β

240 1907 345 1959 tus
376 1920 446 1959 ex
471 1904 909 1975 comparatione
938 1922 1070 1960 cum
1108 1905 1297 1976 ipsius
1334 1910 1543 1977 nepote
1574 1904 1906 1960 Andronico

236 1992 503 2065 juniore,
526 1993 615 2049 avi
647 1994 706 2048 in
738 1994 988 2066 imperio
1020 1993 1261 2067 collega,
1298 1995 1539 2065 quicum
1586 1994 1740 2049 743
1776 2010 1906 2065 gra-

246 2099 347 2138 ves
405 2085 465 2138 et
492 2082 576 2137 rei
632 2083 906 2138 Romanis
983 2084 1515 2155 perniciosissimas
1565 2082 1909 2138 inimicitias

248 2172 532 2235 exercuit,
560 2171 619 2226 in
651 2172 967 2227 Cantazeni
992 2172 1317 2245 praesertim
1345 2172 1590 2228 historia
1622 2180 1907 2242 narratas,

250 2261 336 2334 [P.
368 2262 495 2329 526]
537 2261 922 2328 Andronicus,
955 2262 1222 2333 inquam,
1256 2262 1450 2316 senior
1480 2260 1785 2317 Michaelis
1818 2262 1911 2316 Pa-

244 2349 473 2422 laaologi
502 2350 714 2422 prioris
739 2350 1190 2422 primogenitus,
1209 2351 1440 2422 imperii
1461 2351 1684 2421 collega
1704 2356 1760 2405 et
1782 2355 1913 2421 post

251 2438 440 2508 patris
490 2444 735 2494 mortem
778 2454 1109 2505 successor,
1142 2440 1378 2510 quando
1432 2444 1605 2493 natus
1663 2440 1760 2505 sit,
1795 2455 1911 2509 qua

246 2533 417 2583 aetate
450 2544 688 2583 uxorem
741 2528 973 2582 duxerit
1031 2545 1146 2599 quo
1208 2545 1361 2582 anno
1396 2528 1688 2599 particeps
1723 2529 1910 2582 factus

244 2617 426 2671 fuerit
459 2620 734 2688 Auguste
777 2617 1109 2688 potestatis,
1143 2617 1437 2674 incertum
1486 2617 1707 2671 faciunt
1738 2618 1909 2672 varias

237 2722 309 2761 ac
351 2706 507 2759 male
557 2707 712 2760 inter
759 2722 886 2761 sese
936 2706 1296 2762 cohaerentes
1344 2724 1476 2761 cum
1538 2707 1910 2778 Pachymeris

238 2795 662 2867 tumGregoras
693 2795 1015 2850 etaliorum
1050 2796 1149 2866 qui
1186 2796 1255 2851 de
1286 2795 1424 2851 illus
1452 2797 1627 2851 rebus
1660 2796 1909 2867 scripse-

231 2889 383 2940 runt
431 2884 873 2939 afﬁrmationes.
928 2887 1117 2950 Quare
1148 2901 1332 2955 operm
1384 2886 1633 2957 pretium
1690 2902 1782 2939 me
1833 2887 1912 2940 fa-

251 2980 497 3029 cturum
530 2974 729 3031 statui.
752 2974 800 3027 si
836 2976 1164 3029 evolvendze
1195 2991 1263 3030 ex
1281 2976 1628 3046 ambagibus
1646 2980 1704 3029 et
1732 2980 1909 3045 certo,

236 3064 437 3136 quoad
472 3062 688 3129 licebit,
734 3062 1066 3135 digerendae
1099 3064 1302 3119 ordine
1345 3080 1541 3118 rerum
1584 3064 1772 3135 ipsius
1805 3065 1911 3120 hac

243 3152 504 3209 historia
535 3160 993 3208 memoratarum
1030 3152 1418 3225 chronologias
1468 3154 1677 3225 capitis
1728 3154 1905 3225 hujus
1935 3151 1978 3218 C

247 3258 497 3314 operam
529 3242 952 3314 impsnderem.
986 3243 1179 3298 Prima
1202 3244 1465 3298 omnium
1490 3244 1802 3298 statuenda
1822 3253 1906 3300 est

242 3332 475 3401 epocha
504 3330 716 3386 natalis
732 3331 1045 3386 Andronici
1072 3331 1271 3401 hujus,
1289 3331 1577 3403 perplexis
1602 3333 1907 3404 Pachyme-

245 3419 336 3475 ris
355 3426 415 3475 et
436 3420 722 3490 Grsegoraz
742 3419 1175 3474 assertionibus
1201 3426 1437 3475 nutans.
1453 3419 1667 3474 Scribit
1688 3420 1907 3492 Pachy-

246 3525 469 3576 meres,
501 3508 541 3563 l.
583 3523 671 3574 III,
699 3525 749 3563 c.
780 3508 837 3573 7,
859 3508 1223 3564 Theodoram
1274 3508 1577 3565 Michaelis
1609 3509 1910 3580 Palaeologi

252 3614 527 3666 uxorem,
561 3613 696 3652 cum
729 3598 1111 3667 comperisset
1139 3598 1325 3652 virum
1355 3615 1525 3652 suum
1557 3599 1811 3669 cogitare
1841 3600 1913 3654 de

244 3705 315 3744 se
341 3686 712 3758 repudianda
742 3686 1201 3758 asciscendaquo
1220 3687 1346 3741 loco
1368 3688 1496 3757 ejus
1517 3686 1574 3741 in
1600 3688 1910 3758 conjugem

246 3785 290 3831 A
304 3794 427 3831 nna
460 3776 744 3830 Alamana
763 3776 1009 3831 Joannis
1028 3780 1276 3831 Batatzze
1290 3776 1428 3830 olim
1446 3777 1693 3847 Augusti
1716 3777 1912 3841 vidua,

248 3866 534 3935 graviter,
560 3868 626 3918 ut
647 3882 750 3936 par
767 3870 911 3930 erat,
932 3865 989 3920 id
1017 3866 1293 3921 ferentem
1328 3864 1730 3936 expostulasse
1761 3868 1911 3937 quod

250 3970 319 4011 se
359 3957 702 4010 coronatam
734 3954 853 4024 jam
878 3956 1201 4027 Augustam
1237 3955 1361 4010 sine
1382 3953 1501 4009 ulla
1531 3971 1711 4009 causa
1740 3954 1918 4026 impe-

252 4049 423 4101 rator
453 4042 628 4099 vellet
653 4042 945 4112 dimitere,
970 4049 1279 4115 postquam
1305 4044 1500 4113 etiam
1534 4048 1799 4114 Augusto
1820 4060 1916 4114 pe-

257 4133 519 4207 perisset
550 4132 725 4202 ﬁlios,
757 4132 1013 4204 primum
1046 4133 1281 4206 quidem
1314 4132 1767 4204 Manuelemzqui
1800 4133 1919 4188 cito

260 4223 550 4296 perierat,
581 4222 793 4278 deinde
822 4238 956 4277 vero
985 4222 1384 4278 Andronicum
1417 4222 1607 4277 adhuc
1636 4223 1922 4294 supersti-

258 4319 406 4380 tem,
444 4327 619 4383 quem
659 4315 824 4383 pater
863 4310 1019 4382 regis
1047 4311 1365 4378 nutriebat,
1400 4313 1652 4382 denique
1684 4311 1919 4367 tertium

260 4406 586 4473 postquam
610 4400 671 4455 in
706 4401 913 4455 urbem
937 4400 1501 4473 Constantinopolim
1537 4417 1567 4456 e
1587 4400 1809 4456 Latinis
1841 4414 1922 4454 re-

1994 529 2149 583 enim
2182 528 2232 583 is
2266 538 2424 599 patre
2444 532 2569 601 jam
2601 531 2945 603 imperante,
2978 533 3295 603 etquidem
3346 536 3643 595 secundus

1998 622 2128 687 post
2158 617 2483 673 Manuelem
2508 620 2566 675 in
2620 621 2867 676 infantia
2922 625 3244 693 mortuum,
3307 626 3478 679 natus
3531 632 3641 695 est,

1998 722 2132 760 cum
2167 705 2433 773 Michael,
2465 712 2532 763 ut
2560 714 2650 765 est
2688 710 3177 780 demonstratum,
3209 712 3501 783 imperare
3532 731 3641 770 cce-

2000 795 2147 865 perit
2178 795 2296 849 Kal.
2346 796 2589 854 Januar.
2649 800 2783 854 anni
2843 798 3055 854 Christi
3113 801 3269 864 1260,
3330 802 3528 859 venire
3584 805 3643 859 in

1997 884 2187 939 lucem
2224 901 2335 939 non
2370 887 2724 958 potuitjante
2748 904 2966 943 annum
2992 888 3205 945 Christi
3226 890 3385 957 1261,
3417 891 3647 964 imperii

2001 973 2305 1045 Palaeologi
2350 978 2728 1045 secundum;
2788 982 2845 1032 et
2903 983 3345 1051 consequenter,
3416 983 3647 1051 quando

2002 1062 2156 1117 idem
2195 1063 2567 1135 Palaaologus
2601 1065 2848 1120 Michael
2874 1082 3050 1131 anno,
3082 1071 3147 1121 ut
3203 1084 3329 1140 cap.
3383 1071 3651 1142 sequenti

2002 1150 2527 1220 demonstrabitur,
2559 1152 2774 1207 Christi
2806 1153 2944 1207 1284
2976 1160 3241 1210 mortuus
3280 1160 3388 1224 est,
3431 1159 3651 1213 Andro-

2004 1241 2174 1297 nicus
2205 1259 2321 1297 non
2353 1242 2470 1297 nisi
2500 1259 2791 1298 annorum
2815 1243 2990 1298 unius
3017 1246 3075 1298 et
3103 1244 3309 1316 viginti
3364 1263 3493 1303 esse
3552 1264 3653 1319 po-

2005 1330 2231 1385 tuisset.
2264 1336 2492 1402 Pugnat
2522 1332 2579 1386 id
2627 1331 2804 1387 etiam
2865 1347 2995 1388 cum
3058 1348 3123 1387 eo
3180 1334 3331 1404 quod
3370 1338 3655 1407 Gregoras

2006 1420 2211 1475 scribit
2268 1419 2309 1474 l.
2370 1420 2463 1488 IV,
2523 1438 2582 1492 p.
2641 1421 2732 1489 ΙιΟ,
2784 1420 3149 1491 Michaelem,
3200 1438 3335 1477 cum
3410 1424 3658 1481 solemni

2008 1525 2222 1581 pompa
2252 1507 2819 1581 Constantinopolim
2849 1527 2883 1564 a
2912 1510 3038 1569 suis
3105 1516 3511 1582 recuperatam
3568 1514 3658 1570 in-

2007 1614 2247 1669 gressus
2276 1602 2383 1664 est,
2415 1600 2813 1653 Andronicum
2835 1598 3162 1670 ﬁliumjam
3203 1605 3329 1655 tum
3374 1602 3663 1659 bimulum

2008 1687 2283 1741 duxisse:
2316 1684 2617 1761 Ἰἐναιπρὸς
2639 1688 2739 1755 τήν
2790 1684 3046 1761 βασιλίδα
3118 1692 3227 1741 τῶν
3280 1686 3497 1743 πόλεων
3556 1692 3667 1762 ἅμα

2008 1778 2076 1848 τῇ
2110 1774 2326 1848 συζύγῳ
2376 1773 2631 1841 δεσποίνῃ
2681 1775 2771 1829 καὶ
2816 1780 2893 1847 τῷ
2933 1777 3036 1847 υἱῷ
3083 1774 3413 1853 Ἀνδρονίκώ
3455 1782 3535 1850 τῷ
3562 1778 3669 1853 νὲῳ

2016 1862 2231 1939 βασιλεῖ
2274 1862 2520 1939 δεύτερον
2577 1860 2697 1926 ἔτος
2756 1863 2937 1940 ἄγοντι
2994 1872 3096 1934 τῆς
3150 1866 3393 1935 ἡλικίας.
3451 1868 3667 1925 Certis-

2012 1954 2164 2008 simo
2196 1954 2350 2010 enim
2396 1955 2714 2011 statuimus
2745 1955 3021 2026 superius
3107 1956 3441 2027 ingressum
3516 1961 3671 2014 744

2014 2043 2355 2098 Michaelem
2394 2044 2783 2115 Palaeologum
2812 2046 3018 2099 urbem
3053 2044 3226 2116 paulo
3258 2047 3425 2116 prius
3456 2064 3490 2103 a
3542 2048 3669 2102 suis

2014 2140 2245 2206 captam
2278 2136 2368 2189 die
2406 2137 2471 2189 15
2502 2135 2752 2207 Augusti
2784 2136 2921 2191 anni
2946 2135 3159 2191 Christi
3188 2138 3346 2205 1264,
3367 2154 3482 2208 quo
3504 2142 3658 2193 tem-

2016 2241 2152 2296 pore
2182 2229 2243 2278 ut
2275 2226 2523 2279 duorum
2561 2241 2848 2279 annorum
2886 2242 3028 2295 puer
3059 2226 3431 2282 Andronicus
3464 2227 3658 2293 fuerit,

2012 2314 2269 2385 oportuit
2298 2331 2428 2366 cum
2466 2314 2887 2368 natumsaltem
2914 2314 3083 2369 initio
3108 2316 3476 2371 anniChristi
3504 2317 3659 2371 I260.

2012 2403 2170 2465 Quod
2206 2403 2319 2456 dici
2347 2402 2567 2473 nequit,
2601 2419 2737 2458 cum
2762 2408 2897 2459 ante
2928 2402 3095 2458 illum
3118 2405 3267 2475 patri
3293 2406 3417 2477 jam
3479 2405 3666 2477 impe-

2013 2492 2163 2546 ranti
2197 2498 2370 2545 natus
2406 2492 2577 2546 fuerit
2628 2492 3060 2563 primogenitus
3117 2494 3267 2563 ejus,
3330 2493 3557 2549 Manuel
3597 2495 3658 2549 in

2013 2580 2182 2635 cunis
2218 2586 2504 2635 mortuus.
2537 2581 2879 2636 Necessario
2911 2581 3093 2652 igitur
3124 2584 3496 2653 agnoscenda
3526 2580 3664 2657 πρό-

2014 2668 2180 2741 ληψις
2207 2669 2379 2723 estin
2416 2669 2532 2723 illis
2562 2670 2755 2724 verbis
2814 2668 2901 2721 ὑπ’
2961 2666 3114 2744 ἀνδρὶ
3168 2674 3246 2740 τῷ
3306 2669 3540 2744 βατιλεῖ,
3602 2677 3666 2728 ut

2013 2774 2387 2830 nequaquam
2412 2759 2716 2813 Theodore
2748 2758 3081 2829 significare
3121 2760 3370 2815 voluerit
3427 2778 3488 2815 se
3537 2761 3661 2815 viro

2015 2865 2121 2902 suo
2150 2850 2272 2917 jam
2310 2848 2622 2918 imperanti
2648 2847 2976 2902 Manuelem
3012 2856 3063 2902 et
3104 2849 3501 2903 Andronicum
3559 2866 3659 2920 pe-

2014 2938 2237 3008 perisse
2269 2956 2285 3001 ;
2317 2937 2415 2990 sed
2449 2936 2878 3006 appelationem
2909 2936 3301 3007 imperatoris,
3362 2954 3488 3008 quae
3553 2955 3659 2994 suo

2014 3027 2220 3081 marito
2252 3031 2392 3079 tunc
2422 3042 2551 3079 cum
2588 3024 2689 3079 illa
2720 3024 2840 3079 htec
2874 3024 3104 3079 dicebat
3134 3026 3492 3092 conveniret,
3551 3027 3657 3081 tri-

2014 3116 2234 3179 buisse,
2269 3114 2403 3169 licet
2433 3113 2535 3168 illa
2565 3130 2678 3168 non
2702 3114 3016 3185 pertineret
3046 3115 3115 3167 ad
3145 3115 3199 3169 id
3250 3119 3484 3186 tempus
3542 3132 3657 3187 quo

2017 3205 2116 3259 illa
2151 3202 2475 3259 Manuclem
2501 3206 2555 3258 et
2584 3202 2978 3257 Andronicum
3009 3203 3177 3257 enixo
3209 3204 3421 3259 fuerat.

2087 3331 2177 3384 lll.
2207 3330 2316 3385 Sed
2347 3328 2564 3398 aliquid
2596 3328 2817 3384 eertius
2849 3330 2919 3383 de
2956 3346 3110 3383 anno
3128 3329 3307 3385 natali
3338 3331 3660 3386 Andronici

2015 3418 2264 3475 seniorls
2296 3422 2555 3474 statuere
2585 3417 2781 3473 licebit
2811 3434 2879 3472 ex
2909 3422 3170 3489 tempore
3195 3419 3385 3492 ipsius
3433 3421 3661 3477 obitus.

2016 3508 2204 3565 sicubi
2232 3508 2568 3562 satis'certo
2623 3507 2679 3561 id
2742 3507 3048 3561 definitum
3110 3509 3363 3578 reperire
3408 3509 3665 3581 potueri-

2018 3615 2171 3653 mus.
2241 3597 2515 3667 chimus
2599 3596 2753 3665 apud
2827 3596 3112 3651 Joannem
3190 3597 3663 3654 Cantacuzenum

2018 3687 2080 3758 (l.
2114 3704 2176 3753 ιι,
2208 3702 2256 3740 c.
2289 3686 2380 3751 20,
2415 3702 2469 3756 p.
2503 3685 2608 3737 228
2638 3686 2706 3738 ed
2742 3685 2908 3754 Reg.)
2936 3685 3089 3740 hunc
3114 3688 3536 3751 Andronicum,
3561 3705 3663 3759 qui

2019 3775 2285 3831 abdicato
2316 3772 2561 3843 imperio
2590 3777 2779 3827 tactus
2802 3775 3124 3829 monachus
3154 3775 3389 3830 Antonii
3448 3792 3662 3831 nomen

2021 3866 2443 3933 nssumpserat,
2476 3863 2534 3915 in
2570 3863 2925 3919 monasterio
2958 3868 3252 3919 mortuum
3297 3880 3425 3920 esse
3481 3881 3664 3920 mense

2023 3952 2345 4012 Februario,
2378 3950 2682 4006 indictione
2736 3952 2823 4016 15,
2851 3968 3000 4007 αηηο
3038 3953 3456 4023 quadragesimo
3493 3970 3665 4024 supra

2020 4044 2195 4099 sexies
2221 4040 2584 4096 millesimum
2604 4043 2654 4094 et
2675 4040 3229 4112 octingentissimum,
3260 4046 3455 4096 natum
3495 4058 3667 4097 annos

2022 4131 2367 4203 septuaginta
2389 4128 2548 4184 duos.
2581 4128 2639 4184 Si
2668 4144 2733 4183 ex
2777 4145 3019 4184 numero
3071 4131 3213 4185 6840
3259 4148 3554 4187 annorum
3598 4132 3670 4185 72

2024 4223 2227 4276 demas
2260 4235 2465 4286 annos,
2499 4217 2789 4289 supererit
2810 4236 3003 4274 annus
3035 4236 3157 4274 aera:
3180 4220 3509 4276 Graecorum
3530 4220 3673 4275 6768

2027 4328 2143 4383 quo
2175 4310 2361 4365 fuisse
2392 4314 2593 4363 natum
2627 4308 2888 4380 oportuit
2920 4324 3054 4363 eum
3088 4309 3186 4380 qui
3222 4310 3393 4365 annis
3442 4311 3675 4365 duobus

2029 4400 2220 4469 major
2265 4398 2715 4470 septuagenario
2771 4415 2925 4453 anno
2981 4399 3124 4454 6848
3198 4400 3356 4455 diem
3440 4399 3677 4455 obierit.

258 4496 496 4565 captam
531 4490 851 4561 imperator
882 4490 1258 4563 migraverat,
1291 4490 1413 4547 illic
1443 4491 1500 4547 in
1537 4507 1795 4563 purpura
1822 4507 1918 4544 na-
1951 4518 1997 4583 Β
2030 4493 2113 4558 (Ρ.
2144 4489 2273 4558 527)
2302 4489 2405 4543 Est
2435 4487 2531 4541 hic
2562 4504 2753 4543 annus
2782 4489 2924 4542 6768
2970 4488 3173 4543 mundi
3230 4489 3400 4560 juxta
3454 4492 3682 4546 Graecos

262 4586 395 4638 tum
434 4579 891 4636 Constantinum
916 4580 1172 4648 nomine,
1195 4586 1577 4652 cognomento
1602 4580 1919 4651 Porphyro-

260 4671 535 4745 genitum
572 4686 587 4725 :
620 4668 685 4724 Ἦ
752 4667 969 4743 βασιλὶς
1017 4666 1278 4741 Θεοδώρα
1310 4667 1572 4742 χαλεπῶς
1610 4668 1754 4742 εἶχεν
1786 4667 1929 4741 ἐνὲγο

257 4779 385 4821 και,
421 4755 467 4810 εἶ
528 4752 790 4810 δέσποινα
843 4757 1146 4829 ἱστεμμένη
1196 4756 1325 4810 οὖσα
1377 4756 1467 4811 καὶ
1519 4757 1716 4830 γνησία
1770 4756 1929 4829 γυνὴ,

276 4847 370 4901 ὑπ’
405 4842 562 4919 ἀνδρί
591 4866 649 4899 τε
676 4850 756 4917 τῷ
791 4845 1007 4921 βασιλεῖ
1051 4849 1281 4901 τικοῦσα
1304 4843 1522 4915 παῖδας,
1573 4844 1663 4898 καὶ
1714 4848 1929 4916 πρῶτον

274 4936 377 5009 μὶν
437 4932 814 5010 ἀποιχόμενον
876 4933 1076 5003 ἄλλον,
1132 4935 1222 4989 τὸν
1284 4934 1573 5005 Maeonii),
1616 4934 1727 4988 εἶτα
1758 4931 1933 4986 δὲκαὶ

261 5024 360 5079 τὸν
393 5022 655 5096 περιόντα
687 5020 1049 5099 Ἀνδρόνικον,
1090 5023 1147 5077 ὃν
1202 5022 1506 5097 βασιλικῶς
1539 5023 1566 5076 ὁ
1598 5023 1779 5096 πατὴρ
1809 5021 1935 5091 τρὲο

268 5132 391 5189 φοι.
426 5112 510 5168 Ex
543 5112 637 5169 his
667 5114 897 5169 videtur
941 5128 1113 5185 posse
1143 5112 1336 5184 colligi
1394 5112 1653 5168 sensisse
1713 5111 1935 5181 Pachy-

272 5216 504 5257 meram
555 5202 980 5269 Andronicum,
1014 5202 1131 5256 imo
1182 5206 1241 5256 et
1292 5205 1569 5273 praeterea
1610 5199 1938 5257 Manuelem

274 5288 449 5364 prius
484 5295 811 5358 mortuum,
839 5296 975 5363 post
1008 5290 1224 5345 initum
1259 5308 1291 5345 a
1312 5290 1599 5345 Michaelo
1622 5289 1942 5360 Palaaologo

268 5380 603 5452 imperium
638 5385 809 5435 natos
840 5388 905 5434 ut
932 5381 1016 5436 sic
1048 5380 1178 5435 illos
1212 5386 1399 5435 mater
1427 5396 1628 5436 eorum
1675 5380 1945 5435 Theodo-

269 5487 338 5525 ra
379 5469 504 5525 viro
528 5470 656 5541 jam
689 5469 1024 5541 imperanti,
1058 5465 1212 5542 ἀνδρῖ
1242 5472 1324 5540 τῷ
1360 5466 1600 5543 βασιλεῖ,
1634 5468 1943 5539 pepererit.

346 5558 421 5613 II.
455 5558 632 5631 Atqui
690 5559 801 5615 hoc
860 5559 1101 5630 quidem
1156 5564 1446 5631 repugnat
1500 5558 1621 5629 ipsi
1683 5557 1943 5629 primum

272 5647 628 5718 Pachymeri
660 5648 985 5706 afflrmanti
1027 5648 1436 5705 Andronicum
1496 5664 1682 5705 annos
1738 5652 1946 5704 natum

2032 4580 2188 4633 idem
2214 4592 2384 4646 quem
2437 4592 2545 4631 nos
2593 4575 2651 4630 in
2712 4591 2821 4631 tera
2877 4577 3230 4632 Christiania
3305 4594 3687 4635 numeramus

2040 4668 2177 4722 1260
2195 4683 2216 4728 ;
2249 4664 2349 4738 qui
2382 4664 2511 4731 fuit,
2545 4668 2608 4719 ut
2636 4664 2911 4739 vidimus,
2930 4666 3155 4736 primus
3177 4667 3405 4738 imperii
3437 4669 3689 4726 Michae-

2039 4755 2159 4810 liis.
2191 4755 2331 4824 Ejus
2354 4752 2490 4808 anni
2527 4752 2810 4825 principio
2841 4753 2890 4809 si
2922 4754 3115 4811 editus
3147 4756 3205 4809 in
3237 4756 3426 4812 lucem
3460 4759 3693 4813 Andro-

2042 4844 2210 4899 nicus
2243 4849 2353 4911 est,
2386 4841 2599 4896 habere
2628 4840 2819 4897 locum
2857 4848 3151 4913 utcunque
3180 4850 3371 4916 potest
3411 4849 3564 4918 quod
3626 4864 3697 4904 ex

2043 4938 2297 5005 Gregora
2360 4931 2695 4999 retulimus,
2753 4948 2820 4987 eo
2874 4932 3119 4997 bimulo,
3176 4934 3297 4990 sive
3366 4937 3694 4993 secundum

2047 5022 2236 5077 aetatis
2268 5037 2488 5075 annum
2521 5025 2750 5091 agente,
2774 5016 3020 5096 δεύτερον
3053 5017 3175 5085 ἓτος
3203 5022 3389 5096 ἄγοντι
3416 5030 3516 5093 τῆς
3567 5023 3699 5092 ἡλι-

2045 5109 2189 5174 κίας,
2223 5109 2547 5179 contigisse
2578 5110 2912 5181 ingressum
2943 5111 3365 5183 triumphalem
3399 5113 3703 5170 Michaelis

2049 5206 2179 5269 ejue
2210 5198 2394 5270 patris
2430 5199 2482 5250 in
2520 5199 2727 5253 urbem
2762 5199 2985 5271 regiam
3020 5201 3195 5271 paulo
3218 5206 3351 5256 ante
3384 5202 3455 5255 de
3486 5202 3708 5256 Latinis

2055 5294 2374 5360 receptam.
2407 5288 2515 5342 Sed
2552 5304 2663 5342 non
2700 5292 2889 5359 potest
2920 5306 3052 5344 cum
3086 5289 3195 5345 hoc
3219 5291 3508 5360 quadrare
3554 5289 3706 5359 quod

2056 5379 2261 5435 scribit
2294 5377 2681 5449 Pachymeres
2733 5378 2788 5431 in
2852 5379 3094 5433 Historia
3138 5380 3365 5449 imperii
3409 5377 3713 5434 Andronici

2056 5470 2096 5525 l.
2131 5486 2167 5535 ι,
2204 5484 2253 5531 c,
2292 5472 2339 5537 1,
2376 5484 2506 5521 cum
2542 5468 2777 5538 quando
2801 5468 2950 5538 patri
2983 5468 3284 5534 successit,
3317 5482 3505 5521 annos
3523 5467 3709 5523 aetatis

2061 5573 2403 5611 numerasse
2434 5573 2687 5626 quatuor
2714 5573 2892 5626 supra
2921 5554 3144 5627 viginti.
3204 5554 3387 5609 Verba
3441 5561 3582 5610 sunt
3637 5558 3709 5614 de

2060 5646 2160 5702 illo
2196 5644 2567 5716 Pachymeris
2606 5644 2728 5699 haec
2758 5645 2931 5715 ipsa:
2991 5644 3170 5714 Τῷτοι
3228 5638 3318 5694 καὶ
3372 5639 3493 5705 νέος
3550 5640 3624 5699 ὢν
3676 5648 3705 5703 ὁ
