4002 6202
462 282 600 339 1199
1490 279 1552 331 Ρ.
1594 272 1870 334 POSSINI
1907 268 2518 326 OBSERVATIONUM
2555 269 2689 323 LIB.
2729 271 2828 326 Ill.
3665 277 3770 332 1200

463 401 813 479 ὑπολειφθεὶς
900 396 1199 474 βασιλεὺς,
1259 396 1351 469 ἔτη
1410 396 1648 474 γεγονὼς
1739 395 2043 467 τὲσσαραπρ

2217 407 2347 447 rum
2379 392 2509 448 vita
2541 391 2753 464 ipsius,
2785 396 2852 448 ut
2880 393 3122 466 scripsit
3175 393 3464 467 Gregoras,
3514 398 3660 454 tacite
3701 401 3773 457 hic

459 500 540 554 οἷς
597 489 766 545 εἴκοσι
817 484 1094 558 τηνικάδε.
1141 487 1287 544 Nam
1349 505 1482 544 cum
1543 489 1613 542 ab
1682 502 1834 542 anno
1892 481 2039 538 Chri:

2217 497 2496 536 revocans
2517 483 2670 553 quod
2707 482 2828 538 alas
2859 482 3108 552 dixerat,
3154 485 3546 554 Andronicum,
3590 491 3773 559 quando

460 581 600 636 1260
623 580 694 636 ad
745 579 906 647 4282,
971 594 1223 649 quorum
1278 577 1459 650 priori
1521 577 1767 649 coepisse
1821 576 2109 644 imperare
2213 587 2346 626 cum
2379 573 2546 628 Patre
2568 573 3774 649 primumingressusestConstantinopolim,

457 667 765 740 posteriori
825 668 1040 723 obiisse
1095 667 1437 722 Michaelem
1496 665 1885 734 Palaologum
1949 662 2104 715 certo
2211 663 2533 719 secundum
2567 665 2757 719 atatis
2775 679 2998 719 annum
3022 665 3213 736 egisse
3246 683 3261 733 ;
3293 682 3418 720 cum
3448 683 3509 721 ex
3531 667 3622 724 hoc
3655 673 3771 740 quod

455 756 991 814 demonstravimus
1023 757 1399 811 manifestum
1429 756 1504 810 sit
1535 754 1893 810 intercedere
1917 765 2103 804 annos
2208 767 2366 806 nunc
2389 767 2456 806 ex
2488 751 2718 807 certiori
2738 753 3073 809 testimonio
3090 753 3775 823 afﬁrmat,manifestumsit

458 850 742 904 duntaxat
783 848 931 902 duos
986 852 1042 902 et
1098 846 1329 916 viginti,
1403 850 1559 916 patet
1637 840 2098 915 promovendum
2208 840 2322 912 ipsi
2355 845 2494 897 tunc
2526 846 2802 913 quartum
2837 843 3024 898 atatis
3051 845 3124 899 ab
3155 843 3377 916 aliquot
3400 847 3510 916 jam
3533 849 3771 906 mensibus

453 936 700 992 ulterius
730 941 847 991 toto
879 935 1114 990 biennio
1141 933 1393 989 natalam
1421 933 1735 988 Andronici
1775 928 2100 986 necessario
2206 946 2438 986 currere
2462 931 2727 1001 coepisse,
2761 932 2978 1004 quippe
3009 932 3067 988 in
3116 931 3306 989 lucem
3355 934 3497 990 edito
3539 935 3666 992 circa
3689 938 3770 993 ini-

445 1042 592 1094 esse,
627 1026 674 1082 si
708 1042 841 1081 vera
873 1027 940 1080 de
971 1025 1182 1096 ipsius,
1218 1023 1452 1095 quando
1495 1021 1807 1094 capessivit
1866 1017 2098 1089 imperii
2205 1020 2350 1074 tium
2383 1021 2518 1075 anni
2552 1020 2769 1076 Christi
2812 1021 2972 1079 4258.
3007 1022 3070 1077 ld
3105 1023 3258 1094 quod
3289 1040 3399 1079 non
3445 1042 3621 1096 parum
3661 1044 3768 1098 pra-

443 1115 702 1170 habenas
735 1114 920 1181 solus,
955 1117 1121 1169 atate
1145 1112 1534 1184 Pachymercs
1565 1109 1887 1182 scripserit.
1949 1107 2095 1162 Nam
2203 1113 2362 1164 terea
2385 1109 2771 1166 confirmatur
2819 1127 2886 1167 ex
2950 1116 3212 1184 tempore
3269 1114 3579 1187 nuptiarum
3629 1116 3768 1172 Theo-

444 1205 598 1275 quod
631 1203 786 1259 idem
820 1219 867 1257 c.
905 1201 1007 1256 ult.
1043 1201 1083 1257 l.
1115 1218 1192 1268 vx,
1229 1201 1407 1271 hujus
1443 1216 1618 1271 quam
1656 1215 1810 1254 nunc
1863 1197 2095 1253 edimus
2203 1199 2355 1254 dora
2380 1200 2586 1256 matris
2617 1200 2935 1256 Andronici
2973 1218 3106 1256 cum
3139 1202 3268 1272 ejus
3327 1209 3482 1276 patre
3533 1205 3764 1274 Michaele,

436 1293 701 1349 Historia
732 1290 1075 1347 Michaelem
1108 1289 1498 1362 Palaologum
1527 1289 1718 1360 itradit
1748 1288 2097 1359 jimperasse
2202 1289 2274 1343 ah
2301 1289 2632 1361 Acropolita
2663 1293 2880 1345 notato.
2917 1290 3019 1346 [lic
3048 1291 3203 1347 enim
3238 1291 3480 1348 historia
3519 1310 3617 1349 sua
3657 1312 3696 1351 c.
3718 1295 3767 1350 51

437 1382 608 1437 annis
631 1379 833 1452 viginti
865 1383 1140 1450 quatuor,
1175 1378 1543 1433 accomodari
1605 1380 1752 1433 forte
1812 1376 1883 1431 ad
1942 1374 2093 1428 veri-
2201 1378 2377 1432 refert
2407 1379 2687 1434 Joannem
2722 1383 2937 1434 Ducam
2961 1380 3048 1451 (P.
3085 1380 3211 1450 528)
3257 1381 3633 1453 imperatorem
3673 1383 3768 1438 col-

435 1475 619 1525 tatcrn
652 1469 708 1523 id
742 1472 941 1540 posset
971 1467 1061 1522 vel
1094 1484 1162 1523 ea
1192 1467 1416 1522 ratione
1475 1483 1652 1538 quam
1713 1466 2092 1528 disseremus,
2199 1468 2424 1522 locasse
2472 1466 2742 1522 Michaeli
2802 1467 3146 1541 Palaologo,
3209 1470 3269 1525 in
3322 1470 3552 1541 gratiam
3594 1476 3768 1544 recepto

434 1575 484 1614 c.
519 1575 607 1629 sq.
634 1575 692 1612 n.
727 1559 780 1625 3,
815 1556 901 1612 vel
937 1555 1315 1626 intelligendo
1348 1560 1720 1610 numeratum
1780 1554 1903 1608 illic
1957 1553 2088 1623 ejus
2201 1558 2530 1613 interventu
2564 1557 2852 1613 Manuelis
2875 1559 3244 1630 patriarcha,
3268 1559 3768 1617 Theodoramtratris

431 1646 744 1718 imperium
779 1648 850 1702 ab
874 1647 1002 1716 ejus
1035 1645 1250 1700 celebri
1285 1645 1660 1716 praedictione
1694 1661 1873 1716 quam
1908 1642 2094 1698 Thes-
2199 1647 2291 1701 sui
2344 1645 2482 1701 olim
2534 1647 2796 1702 defuncti
2839 1647 3043 1703 Isaacii
3111 1649 3283 1704 Duca
3369 1650 3768 1706 sebastocratoris

432 1735 702 1792 salonica
736 1735 950 1790 bienno
995 1740 1130 1790 ante
1177 1739 1499 1805 acceperat,
1534 1750 1672 1789 voce
1729 1735 1963 1804 Marpou
2021 1733 2089 1790 de
2122 1753 2167 1818 Β
2201 1736 2400 1791 filiam.
2464 1736 2711 1792 Necesse
2753 1742 2842 1792 est
2890 1738 3082 1792 dicere
3113 1737 3333 1794 factum
3382 1738 3434 1794 id
3494 1740 3648 1796 fuisse
3689 1741 3768 1796 sub

429 1825 572 1881 coelo
607 1825 806 1894 missa,
844 1828 907 1879 ut
941 1829 1208 1879 narratar
1239 1823 1276 1877 1.
1307 1842 1345 1890 r,
1380 1841 1429 1878 c.
1462 1825 1521 1877 11
1558 1843 1571 1891 ;
1600 1823 1700 1878 sed
1726 1823 1834 1877 hoc
1857 1824 1926 1877 ad
1952 1828 2088 1878 ata-
2198 1826 2374 1880 ﬁnem
2435 1826 2572 1880 anni
2623 1824 2838 1880 Christi
2900 1826 3037 1881 1254
3090 1826 3180 1881 vel
3241 1827 3526 1898 sequentis
3569 1827 3765 1883 initium.

421 1920 540 1971 tem
577 1912 891 1970 Andronici
924 1911 1080 1969 trahi
1117 1929 1232 1967 non
1269 1917 1477 1983 potest,
1511 1929 1616 1968 nec
1649 1913 1916 1966 excusari
1977 1911 2086 1966 ali-
2191 1929 2306 1985 quo
2341 1920 2471 1987 post
2502 1913 2823 1970 multorum
2855 1915 3153 1970 mensium
3188 1916 3517 1988 languorem
3566 1917 3768 1974 Joannes

423 2010 513 2060 ter
544 2005 615 2059 ab
648 2020 844 2059 errore
899 2002 1304 2074 Pachymeres,
1372 2002 1518 2056 745
1582 2001 1629 2056 si
1691 2016 1822 2055 vere
1880 2004 2086 2056 natum
2191 2006 2488 2075 Angustus
2533 2002 2767 2060 Octobri
2827 2020 3028 2059 mense
3084 2005 3243 2060 diem
3309 2007 3452 2061 746
3507 2006 3646 2062 obiit.
3692 2005 3766 2058 Est

419 2109 558 2149 cum
591 2093 822 2165 putavit
854 2108 968 2164 quo
1002 2108 1156 2146 anno
1191 2091 1362 2162 capit
1411 2090 1703 2161 imperare
1747 2094 1915 2160 pater
1943 2090 2084 2160 ejus
2188 2099 2383 2149 autem
2416 2092 2762 2149 incredibile
2794 2092 3108 2149 fecundam
3143 2093 3362 2166 alioqui
3395 2095 3765 2152 mulieremviro

487 2217 578 2275 IV.
613 2218 892 2275 Existimo
924 2223 1120 2273 tamen
1144 2233 1278 2272 vera
1310 2216 1427 2271 illic
1459 2216 1874 2288 Pachymerem
1907 2219 1963 2270 et
1993 2232 2058 2270 ex

2185 2183 2286 2238 avi
2346 2183 2523 2256 pleni,
2586 2183 2803 2256 quippe
2843 2201 3134 2240 annorum
3197 2185 3610 2258 duodetriginta
3664 2201 3758 2239 cum

415 2314 574 2364 certa
598 2308 953 2379 publicaque
1004 2307 1214 2362 notitia
1273 2307 1602 2378 scripsisse,
1663 2322 1890 2360 errasse
1949 2323 2082 2361 vero
2183 2273 2350 2372 duxit
2411 2289 2646 2379 ωξξπίῗω
2694 2288 2920 2379 δίξνθ⁰¹²
3128 2278 3284 2379 to“:
3319 2291 3513 2376 prima
3564 2289 3763 2379 00.9%"

420 2362 890 2452 Canta‘cuzenuri)
935 2362 1000 2449 in
1062 2362 1465 2450 subducendis
1520 2362 1691 2449 an’nis
1765 2394 2082 2450 Andronici
2182 2363 2353 2417 annis
2385 2362 2607 2452 pullam
2640 2362 2860 2434 prdem
2914 2362 3194 2420 edidisse'
3245 2366 3514 2430 Quocirca
3552 2365 3761 2420 emam"

418 2486 696 2554 senioris,
725 2484 826 2556 qui
857 2484 1045 2539 atatis
1078 2501 1194 2539 non
1225 2485 1315 2550 72,
1353 2488 1416 2538 ut
1448 2482 1545 2538 ille
1576 2483 1854 2549 afﬁrmat,
1881 2485 1980 2538 sed
2010 2485 2079 2538 74
2179 2451 2501 2556 θ’ίδΡυθῙθῘυ
2537 2452 3166 2556 ΡΓῘΠῚΟΕΞἾῘΨῬΚῈῩΞ
3195 2454 3407 2556 ὀθὲωέθ
3432 2454 3603 2553 infans
3639 2452 3761 2518 ΟΜ

415 2574 549 2628 vita
581 2573 756 2628 finem
789 2573 1095 2627 invenerit.
1149 2572 1336 2642 Hujus
1401 2571 1746 2627 ascertionis
1793 2572 1995 2626 habem

2180 2539 2325 2613 ipsis
2361 2545 2561 2596 natum
2598 2558 2749 2596 anno
2781 2540 3000 2597 Christi
3034 2543 3193 2609 1256,
3255 2544 3621 2600 Andronicum
3667 2559 3760 2597 vero

415 2669 714 2718 auctorem
738 2661 928 2717 eidem
956 2660 1283 2715 Andronico
1318 2659 1851 2714 familiarissimum
1887 2667 1995 2716 exti

2179 2632 2413 2686 biennio
2447 2636 2601 2702 post,
2637 2632 2842 2702 primis
2876 2632 3206 2701 mensibus,
3242 2639 3307 2688 ut
3331 2633 3464 2699 dixi,
3494 2633 3612 2688 anni
3635 2632 3756 2688 Chri-

415 2752 533 2807 mis
561 2752 690 2807 vita
721 2748 1087 2822 temporibus
1118 2748 1510 2820 Nicephorum
1545 2749 1885 2816 Gregoram,
1918 2767 1988 2821 ap

2179 2721 2250 2775 sti
2287 2720 2444 2774 1258.
2470 2722 2591 2785 Quo
2627 2721 2816 2790 posito
2878 2737 3064 2791 prona
3103 2721 3316 2778 deinde
3373 2722 3619 2778 facilitate
3661 2728 3758 2792 apta

416 2858 591 2914 quem
625 2857 758 2896 cum
787 2811 1054 2912 legamus
1086 2855 1137 2894 c.
1172 2811 1280 2893 ult:
1316 2839 1357 2893 Ι.
1394 2856 1470 2904 1x,
1514 2855 1569 2909 p.
1631 2811 1735 2892 2'09
1793 2811 1884 2893 ed;
1939 2811 2070 2894 fias.
2177 2815 2519 2914 ξδίνξθῖοξυω
2553 2811 3171 2914 θιθάτοηίθίεξθξίῖωω
3206 2812 3265 2866 in
3297 2814 3440 2914 ῗθτίθ
3484 2812 3636 2884 hujus
3660 2812 3755 2910 ΗῘΞ·

411 2899 778 2986 confabulari
809 2899 877 2985 se
897 2929 1161 3001 quotidie
1191 2945 1324 2984 cum
1357 2927 1694 2984 Andronico
1753 2932 1892 2982 tunc
1954 2945 2070 2983 rno-
2176 2905 2335 2954 tom”
2368 2900 2654 3001 thRQS‘tO
2682 2899 2962 3001 su°°e§'t-
2988 2900 3326 3001 ΝδξξῚ-ξῖυοξί
3379 2900 3755 3001 ,δηίθηωῗθίίίν

410 3021 596 3076 nacho
635 3019 993 3076 otiosissime
1024 3019 1263 3075 solitum
1311 3024 1485 3090 atque
1523 3018 1664 3072 adeo
1711 3015 1837 3088 ipsa
1898 3035 1990 3073 nor

2176 3005 2306 3044 nem
2333 2987 2498 3043 electi
2526 2989 2585 3043 in
2611 3005 2821 3060 papam
2845 2988 3108 3061 Gregorii
3137 2994 3183 3044 X
3222 2993 3396 3047 refert
3423 3009 3468 3046 c.
3499 2992 3581 3056 28,
3621 2989 3653 3044 l.
3696 3005 3751 3057 xv,

410 3126 525 3180 qua
556 3115 644 3164 est
669 3113 937 3164 mortuus
964 3108 1180 3164 multas
1213 3109 1386 3162 horas
1418 3105 1755 3162 suavissimi
1790 3106 1990 3177 COllOQI

2175 3078 2579 3150 Pachymeres,
2616 3078 2948 3134 Andronico
2971 3079 3098 3149 jam
3126 3081 3183 3134 in
3218 3081 3405 3136 virum
3454 3079 3645 3146 adulto,
3677 3078 3750 3132 boc

411 3215 546 3253 cum
579 3216 646 3253 ea
676 3198 933 3268 duxisse,
970 3198 1135 3253 facile
1166 3199 1399 3252 credere
1432 3213 1745 3268 possumus
1768 3197 2072 3253 rescivisse
2182 3172 2270 3268 θεῖ
2299 3186 2357 3222 ¹⁰
2392 3167 2668 3268 Habere”)
2713 3173 2768 3224 et
2789 3185 3058 3241 coming")
3095 3179 3386 3228 maturam
3431 3172 3613 3268 “luem
3647 3175 3751 3268 ξω·

413 3303 484 3341 ex
514 3302 580 3340 eo
617 3286 813 3356 ipsum
847 3302 973 3355 qua
1008 3287 1078 3340 de
1109 3284 1271 3339 illius
1297 3258 1584 3338 annorum
1621 3301 1862 3340 numero
1905 3291 2070 3340 nota-
2180 3263 2568 3359 temv_pa_u:em
2602 3258 2730 3328 ejus
2768 3274 3019 3359 υξᾜνεῗαῇ
3053 3263 3620 3359 Ἧιένοτθηθαερίεδθξ
3647 3261 3750 3359 δεοῖ

415 3375 500 3430 νη
534 3373 591 3426 in
639 3348 939 3426 'monod'ia
999 3373 1069 3426 de
1118 3373 1435 3426 Andronici
1493 3372 1678 3439 obitu,
1728 3373 1892 3427 initio
1941 3373 1982 3439 ι,
2013 3392 2067 3440 Χ,
2178 3349 2427 3418 quadrat
2456 3348 2513 3440 in
2552 3364 2774 3440 annum
2805 3348 3021 3440 Christi
3057 3350 3750 3420 1271,sedisvacantispost

419 3478 476 3532 p.
528 3463 656 3530 214,
716 3461 808 3516 his
862 3459 1032 3532 plane
1088 3461 1280 3515 verbis
1335 3459 1600 3533 Τέταρτον
1663 3436 1755 3532 μὲν
1813 3457 1920 3530 ἤδη
1969 3436 1999 3515 ⁷κ

2175 3443 2420 3492 mortem
2452 3436 2771 3492 Clementis
2803 3438 2996 3508 quarti
3055 3441 3326 3512 tertium,
3382 3459 3491 3515 quo
3536 3440 3745 3497 nimirum

407 3543 819 3620 ἑϐδομηκοστὸν
875 3544 996 3609 ἔτος
1056 3547 1163 3602 ἀπὸ
1220 3549 1478 3621 γενέσεως
1530 3547 1677 3620 αὐτῷ
1732 3546 1987 3604 τελευτιοε

2175 3526 2537 3581 Andronicus
2560 3526 2832 3598 quintum
2855 3528 3150 3584 decimum
3202 3531 3410 3602 agebat
3463 3530 3627 3586 atatis
3671 3545 3744 3581 au-

403 3637 622 3706 ἠνύετο·
659 3639 900 3708 Quartus
939 3643 988 3693 et
1045 3615 1488 3709 septuagesimus
1534 3615 1715 3694 annus
1771 3657 1803 3695 α
1861 3642 2065 3698 nativi-
2172 3615 2609 3709 Eum°NPpti§3
2657 3615 2816 3709 ipsa?
2868 3618 3192 3709 Androm“
3253 3637 3384 3676 cum
3439 3623 3588 3677 An“
3634 3617 3746 3688 regis

397 3703 517 3783 tate
563 3703 693 3799 ipsiv
726 3727 992 3784 morienti
1043 3703 1448 3783 absolvebatur.
1527 3728 1659 3793 Qua
1709 3731 1886 3784 verba
1945 3749 2058 3787 non
2171 3703 2486 3760 Pamonim
2510 3705 2656 3772 ﬁliai
2686 3706 2873 3799 capit?
2906 3707 3124 3799 €°d_emf
3156 3718 3523 3777 memoratas!
3567 3709 3742 3799 adn“?

412 3824 646 3873 tantum
681 3817 895 3872 vixisse
921 3817 1088 3871 illum
1123 3817 1293 3872 annis
1321 3817 1414 3886 74,
1447 3819 1546 3872 sed
1575 3817 1747 3872 etiam
1783 3819 1914 3875 illos
1966 3837 1992 3876 e

2169 3809 2308 3848 num
2380 3799 2725 3864 sequentem
2803 3795 3016 3852 Christi
3074 3798 3216 3853 1272
3275 3800 3579 3856 reterimus.
3627 3795 3742 3852 Unde

400 3907 654 3979 plevisse
684 3907 1038 3978 significant.
1073 3909 1212 3962 Cum
1238 3912 1431 3962 autem
1467 3907 1546 3961 sit
1574 3914 1842 3964 mortuus
1871 3910 1965 3964 die

2166 3883 2493 3953 assumptio
2523 3884 2839 3939 Andronici
2879 3885 3140 3955 ejusdem
3193 3889 3255 3943 in
3304 3890 3627 3945 consortium
3668 3886 3740 3938 im-

391 3971 713 4062 l-i'ebruarii,
738 3971 808 4050 ut
846 3995 1001 4050 idem
1061 3995 1346 4066 Gregoras
1406 3996 1662 4051 afilrmat
1703 3999 1816 4052 sub
1877 3999 2050 4055 tinem
2163 3971 2303 4066 Perii
2337 3989 2370 4026 ³
2403 3977 2564 4066 Pe”?
2595 3974 2860 4045 Augusm
2883 3975 3054 4041 fama,
3088 3982 3145 4032 et
3175 3977 3457 4034 εοῙθωοίδ
3508 3972 3735 4034 coronam

392 4085 430 4139 l.
466 4103 544 4155 1x,
567 4084 660 4140 vel
691 4101 802 4140 xw.
840 4089 905 4138 ut
930 4100 1256 4157 anonymus
1290 4085 1589 4140 adnotavit
1619 4086 1686 4140 ad
1723 4086 2047 4158 marginem
2157 4060 2475 4158 §nqr°ni°i
2500 4065 2556 4116 et
2585 4065 2764 4158 Afma’
2822 4080 3105 4158 Πονοτξξω
3158 4070 3566 4140 Αυευειετυωι
3604 4077 3732 4158 “fr?

391 4174 502 4228 loci
534 4173 941 4240 Cantacuzeui,
970 4149 1141 4244 quem
1168 4175 1342 4245 paulo
1375 4179 1507 4229 ante
1567 4149 1898 4239 retulimus,
1958 4194 2047 4232 co-
2158 4150 2544 4245 {)abemeKeS
2578 4149 2758 4245 alia")
2790 4170 2822 4207 ⁸
2853 4154 3074 4224 nuptiis
3095 4172 3250 4213 anno
3312 4158 3623 4214 εθῘθδτθιίδω
3660 4152 3734 4245 im:

388 4262 585 4333 gimur
608 4263 798 4319 dicere
829 4240 1033 4318 natum
1059 4240 1650 4318 fuis—seAndronicum
1677 4265 2042 4321 subinitium
2155 4240 2303 4337 9W
2341 4240 2539 4337 tradit}
2598 4241 2668 4295 ad
2719 4258 2941 4337 “animi
2995 4245 3217 4302 Chrisu
3276 4249 3410 4303 1273
3483 4241 3731 4304 “dmum

385 4351 528 4407 anni
559 4352 775 4408 Christi
812 4353 966 4406 1258.
992 4359 1070 4407 Ac
1100 4370 1171 4408 ne
1203 4354 1335 4424 quis
1369 4353 1707 4421 suspicetur
1738 4354 2042 4424 irrepsisse
2151 4328 2690 4384 d‘wdev'cemmum
2721 4331 2994 4402 pertinet-

3861 3931 3867 4107 ί

383 4456 641 4497 errorem
696 4442 750 4495 in
805 4445 974 4496 notas
1031 4441 1362 4497 numerales
1395 4443 1549 4513 apud
1579 4445 1915 4514 Gregoram,
1950 4462 2048 4518 qui
2081 4473 2127 4536 ο
2809 4455 3042 4512 CAPUT
3079 4457 3151 4513 IX

379 4533 578 4586 tamen
628 4536 865 4586 extense
897 4548 962 4586 ac
987 4532 1113 4587 sine
1132 4538 1404 4588 notarum
1435 4534 1802 4603 compendiis
1826 4552 1959 4588 anni

2163 4550 2438 4606 Statuitur
2491 4554 2706 4623 tempus
2769 4555 2963 4630 obitus
3000 4557 3308 4615 Michaelis
3376 4561 3644 4628 Palaologi
3692 4564 3726 4610 ct

379 4621 886 4691 septuagesimum
921 4625 1198 4691 quartum
1235 4621 1423 4676 atatis
1468 4623 1777 4677 Andronici
1841 4627 2026 4694 expri.
2244 4639 2520 4704 numerus
2556 4621 2835 4704 annorum
2886 4628 3003 4704 ejus
3059 4631 3298 4704 imperii
3352 4621 3620 4704 Appendii
3680 4630 3727 4681 de

378 4708 504 4776 mit,
541 4709 721 4764 etiam
755 4709 997 4764 aliunde
1032 4709 1406 4765 manifestum
1442 4716 1530 4766 est
1573 4728 1644 4766 ex
1701 4713 1882 4767 animi
1944 4713 2034 4767 sui
2216 4712 2363 4750 αηηο
2392 4700 2575 4767 capta?
2603 4714 2638 4751 α
2665 4698 2848 4753 Per-":5
2881 4698 3155 4758 Ησνασισὲέ
3181 4704 3372 4758 P07!“-

378 4805 537 4891 certa
567 4798 858 4891 sententia
890 4799 946 4891 id
980 4799 1308 4891 afﬁrmasse
1342 4800 1506 4891 illum
1564 4807 1880 4856 auctorem.
1941 4803 2033 4857 Ait
2218 4812 2259 4865 1.
2295 4811 2620 4884 Utrumque
2651 4819 2826 4885 caput
2857 4816 2927 4870 ad
2962 4817 3397 4876 discussionem
3439 4820 3524 4876 hic
3568 4833 3724 4891 propo-

374 4887 425 4944 is
459 4888 738 4944 nimirum
775 4888 941 4942 initio
973 4905 1022 4943 c.
1050 4888 1156 4943 ult.
1194 4888 1230 4945 l.
1267 4906 1344 4954 1x,
1382 4889 1534 4944 inter
1564 4891 1681 4945 alia
1713 4891 1882 4963 signa
1903 4909 2028 4962 qua
2140 4901 2320 4955 situm
2357 4901 2599 4957 molesta
2621 4903 2964 4972 opinionum
2992 4909 3272 4966 varietate
3304 4887 3611 4984 perplexum
3644 4887 3718 4961 est.

375 4978 802 5072 portenderunt
831 4978 1060 5033 obitum
1120 4979 1443 5033 Andronici
1510 4980 1782 5045 senioris,
1841 4982 2022 5037 visain
2142 4989 2210 5045 Ut
2241 4990 2393 5045 enim
2426 4992 2694 5048 omittam
2727 4995 2992 5064 vulgaria
3049 4978 3347 5068 chronica,
3387 4978 3610 5072 quorum
3656 4995 3716 5049 in.

366 5067 512 5159 solis
543 5066 818 5159 eclipsin,
852 5085 980 5138 qua
1040 5067 1285 5122 totidem
1319 5068 1528 5159 diebus
1560 5075 1705 5140 quot
1739 5070 1862 5140 ipse
1886 5072 2023 5126 anni
2135 5079 2490 5150 quibusdam
2520 5080 2636 5135 vidi
2681 5083 3038 5154 principium
3063 5086 3295 5159 imperii
3326 5066 3613 5144 Andronici
3653 5097 3715 5136 se-

362 5156 583 5211 Vixel‘at
639 5157 770 5227 ejus
857 5161 1106 5249 mortem
1150 5157 1558 5249 __pP£?CGSSBP_i§
1621 5159 2020 5249 Commissum
2134 5167 2335 5237 nioris,
2371 5169 2524 5238 quod
2555 5171 2760 5226 statim
2793 5189 2826 5227 a
2854 5178 3040 5230 morte
3070 5156 3371 5234 Michaelis
3413 5179 3531 5249 eius
3579 5169 3715 5247 patris

360 5251 814 5338 spectatumque
845 5245 1401 5338 estidgnoviluniuni
1441 5246 1774 5338 eclipticum
1808 5248 2018 5306 ultimo
2131 5255 2368 5327 incepit,
2397 5260 2808 5330 consignatum
2853 5280 3005 5320 anno
3057 5266 3276 5324 Christi
3327 5245 3478 5338 1294',
3539 5245 3593 5322 et
3634 5260 3710 5333 ipsi

358 5336 704 5392 Novembris
729 5334 864 5427 anni
889 5334 1106 5427 Christi
1138 5335 1405 5427 1331.Ex
1466 5351 1580 5427 quo
1641 5335 1690 5390 si
1745 5353 2016 5394 numeres
2130 5346 2524 5404 Michaelisex
2555 5354 2614 5404 et
2646 5351 3145 5427 trigintaimperii
3195 5374 3381 5415 annos
3436 5334 3705 5414 attributes.

358 5443 542 5482 unum
596 5431 654 5482 et
706 5424 950 5496 triginta
1001 5424 1361 5490 Decembris,
1414 5425 1658 5480 totidem
1733 5428 2010 5498 Januarii,
2127 5436 2481 5507 Spondanus
2513 5439 2731 5497 abiisse
2772 5424 3112 5501 Michaefgm
3169 5464 3324 5504 anno
3374 5447 3567 5505 Christi
3611 5439 3705 5497 1283

357 5516 672 5571 duodecim
701 5514 999 5570 Februarii
1031 5513 1176 5585 dies,
1203 5519 1395 5568 exacte
1417 5514 1692 5570 conficies
1716 5532 2011 5574 summurn
2125 5527 2309 5597 ponit,
2341 5533 2397 5584 et
2431 5529 2826 5603 principatum
2880 5535 3135 5593 tenuisse
3190 5540 3329 5594 anni
3386 5535 3571 5610 viginti
3602 5545 3702 5604 qua-

359 5606 586 5664 dicrum
619 5605 990 5679 septuaginta
1023 5608 1296 5677 quatuor,
1328 5621 1526 5677 parem
1561 5621 1804 5664 numero
1837 5625 2012 5665 anno-
2124 5618 2262 5672 tuor
2295 5619 2475 5675 refert
2493 5635 2561 5676 ex
2593 5621 2871 5694 Gregora,
2906 5628 2971 5681 ut
3001 5626 3116 5698 ait;
3147 5630 3304 5699 apud
3347 5605 3509 5701 que-m
3556 5629 3700 5679 tamen
