4002 6202
319 264 457 320 1201

1712 269 2329 330 CHRONOLOGICUS.

3595 293 3743 346 1202

306 388 441 445 loco
474 388 547 444 ab
578 401 645 444 eo
688 385 923 444 laudato
979 388 1038 444 id
1098 404 1214 444 non
1274 389 1519 461 reperio,
1571 391 1671 446 sed
1731 394 1959 446 tantum
1992 392 2044 458 Α
2078 394 2237 465 dum,
2269 416 2423 455 anno
2449 402 2668 459 Christi
2706 405 2881 475 1282,
2905 406 2996 461 die
3034 409 3091 462 11
3129 408 3466 467 Decembris
3499 415 3741 474 Michae

310 483 620 535 mortuum
657 476 996 533 Michaelem
1032 495 1185 533 anno
1212 478 1415 533 mundi
1435 479 1607 548 juxta
1630 484 1974 551 computum

306 568 654 624 Graecorum
685 567 853 637 6791,
887 569 1074 623 aetatis
1105 585 1228 623 suae
1275 568 1363 621 58.
1424 567 1484 622 Ὁ
1548 568 1640 639 μὲν
1697 565 1763 635 δὴ
1829 568 1977 641 βασι-

308 652 437 718 λεὺς
470 657 680 729 (verba
712 662 848 712 sunt
903 657 1163 727 Gregorte
1199 658 1269 713 de
1319 655 1600 713 Michaele
1658 657 1975 729 Palaiologo

322 746 661 817 scribentis)
687 744 807 819 περὶ
843 743 931 805 οὓς
964 743 1276 819 εἰρήκειμεν
1336 743 1535 807 τόπους
1591 747 1716 820 παρ’
1774 743 1971 799 ἐλπίδα

304 838 407 899 τῆς
442 833 652 896 οἰκείας
686 828 847 908 ἔτυχε
876 832 1135 903 τελευτῆς
1184 834 1320 888 κατὰ
1375 834 1437 888 τὸ
1496 833 1963 909 ἐξακισχιλιοστὸν

302 922 740 977 ἑπτακοσιοστὸν
793 922 1142 993 ἐνενηκοστὸν
1200 923 1415 998 πρῶτον
1477 921 1618 993 ἔτος,
1673 924 1815 977 ὀκτὼ
1874 924 1963 978 καὶ

301 1014 650 1084 πεντήκοντα
708 1011 843 1066 ἐτῶν
906 1011 1216 1087 τυγχάνων.
1281 1014 1398 1069 Iloc
1456 1020 1588 1070 est:
1652 1019 1965 1086 Imperator

295 1108 456 1161 circa
489 1104 598 1161 illa
630 1120 746 1176 quae
776 1104 1027 1160 diximus
1056 1106 1171 1161 loca
1213 1107 1424 1177 prwter
1459 1121 1609 1177 spem
1664 1105 1798 1162 vitae
1850 1123 1960 1161 suae

300 1192 475 1261 ﬁnem
505 1195 738 1260 invenit,
771 1210 921 1250 anno
948 1193 1131 1250 sexies
1162 1193 1457 1249 millesimo
1486 1196 1957 1266 septingentesimo

298 1283 660 1354 nonagesimo
681 1283 890 1355 primo,
924 1299 1089 1354 agens
1121 1286 1304 1340 atatis
1347 1301 1561 1340 annum
1611 1284 1954 1357 quinquage-

291 1372 503 1429 simum
534 1382 801 1429 octavum.
838 1375 924 1429 Ita
955 1375 1261 1447 Gregoras.

367 1481 444 1536 Il.
479 1482 551 1536 At
581 1485 777 1538 noster
822 1482 1233 1554 Pachymeres,
1292 1481 1331 1536 l.
1396 1499 1471 1548 v1,
1532 1499 1582 1538 c.
1644 1482 1713 1537 36
1771 1482 1948 1552 hujus

293 1570 514 1641 operis,
545 1571 630 1626 sic
663 1571 869 1627 scribit
891 1572 961 1626 de
989 1571 1083 1628 die
1115 1572 1312 1629 obitus
1359 1572 1658 1627 Michaelis
1692 1590 1705 1629 :
1738 1570 1946 1645 Ἡμέραι

288 1662 357 1728 ἦν
417 1661 730 1733 παρασκευή
797 1657 1055 1731 ἑνδεκάτη
1116 1659 1580 1738 σκιρῤοφοριῶνος
1649 1664 1793 1717 747
1846 1665 1942 1715 τοῦ

2086 482 2198 539 lem
2236 487 3285 567 Palaeologumvivendietimperandi
3312 501 3482 556 linem
3510 504 3732 563 fecisse'

2083 574 2351 638 Quandiu
2388 578 2761 652 imperaverit
2791 584 3238 655 disquirendum
3275 594 3475 644 restat.
3508 592 3728 650 Diserte

2079 663 2467 737 Pachymeres
2493 672 2637 727 (list.
2673 690 2721 728 c.
2760 673 2964 729 ultimo
3003 675 3326 746 imperasse
3382 680 3723 739 Michaelem

2077 755 2290 809 asserit
2322 759 2494 814 annis
2525 762 2727 831 viginti
2764 769 3035 833 quatuor;
3068 766 3242 835 idque
3274 770 3492 839 ipsum,
3528 776 3590 826 ut
3622 790 3724 844 pa-

2077 841 2194 899 lam
2233 850 2457 913 notum,
2496 854 2667 904 antea
2701 858 2977 921 posuerat
3011 871 3058 907 c.
3092 858 3181 923 2i,
3218 856 3253 909 Ι.
3290 875 3364 912 1v.
3399 860 3577 930 Atqui
3611 841 3719 916 hoc

2074 933 2311 1004 quidem
2349 954 2497 1008 aegre
2519 940 2867 996 conciliatur
2888 959 3019 997 cum
3042 944 3113 998 iis
3142 946 3407 1016 quaejam
3435 952 3595 1004 omni
3620 953 3725 1005 lir-

2070 1023 2273 1079 mitate
2306 1027 3029 1097 constituimus,nimirum
3066 1042 3407 1091 coronatum
3440 1055 3571 1094 eum
3605 1042 3717 1095 ritu

2065 1112 2314 1168 solemni
2341 1122 2673 1187 Augustum
2712 1119 2965 1190 primum
2992 1122 3175 1178 fuisse
3204 1124 3472 1181 Kalendis
3493 1127 3712 1184 Janua-

2064 1202 2131 1255 rii
2156 1204 2293 1257 anni
2316 1205 2531 1260 Christi
2559 1208 2917 1275 l‘260,vivere
2934 1214 3127 1265 autem
3155 1213 3401 1270 desiisse
3424 1218 3481 1270 11
3505 1217 3713 1273 Decem

2059 1290 2181 1347 bris
2214 1295 2598 1361 anni,Christi
2634 1298 2790 1365 1282;
2818 1315 2952 1353 nam
2986 1316 3053 1353 ex
3080 1300 3173 1355 his
3206 1307 3710 1372 apparetmanife-

2057 1387 2211 1437 stum
2228 1383 2549 1455 imperasse
2567 1386 2728 1441 illum
2743 1404 2775 1442 a
2790 1388 3375 1461 dieinaugurationis
3391 1411 3509 1448 suae
3525 1412 3712 1452 annos

2054 1472 2292 1529 omnino
2309 1474 2513 1545 viginti
2540 1478 2886 1540 tres,minus
2905 1478 3482 1549 vigintidiebus.Dici
3503 1489 3699 1541 tamen

2054 1566 2244 1631 potest
2278 1580 2387 1617 non
2412 1580 2837 1638 usquequaque
2860 1567 3165 1624 aberrasse
3190 1586 3367 1626 avero
3390 1572 3707 1645 Pachyme-

2052 1666 2171 1705 rem
2188 1667 2361 1721 quem
2383 1653 2529 1707 748
2551 1654 2863 1711 verisimile
2885 1657 3040 1711 estid
3062 1658 3330 1714 retulisse
3351 1662 3502 1730 quod
3532 1662 3705 1734 vulgo

288 1748 464 1822 ’ςψγα’
496 1744 668 1811 ἔτους·
704 1752 863 1806 Feria
908 1756 1029 1806 erat
1071 1760 1237 1807 sexta
1294 1751 1582 1806 undecima
1629 1751 1921 1806 Decembri;

2050 1739 2524 1796 ferebatur.Solet
2545 1748 2741 1799 autem
2774 1745 3024 1815 populus
3040 1746 3095 1800 in
3113 1750 3495 1805 numerandis
3511 1768 3621 1805 ann
3636 1768 3680 1806 IS

286 1840 433 1895 anni
459 1841 621 1895 6791.
656 1842 831 1898 Acin
892 1857 1043 1897 anno
1088 1842 1326 1912 quidem
1386 1858 1598 1912 magno
1652 1859 1936 1898 consensu

288 1930 600 2004 Gregoras,
634 1936 697 1988 ut
722 1932 999 2003 vidimus,
1033 1937 1427 2004 prmtereaque
1460 1933 1769 1990 Phrantzes
1801 1950 1933 1988 cum

283 2019 645 2093 Pachymere
672 2023 1049 2090 conveniunt,
1084 2027 1147 2077 ut
1204 2023 1463 2078 dubitari
1523 2024 1593 2077 de
1652 2024 1758 2078 hoc
1817 2040 1933 2079 non

281 2110 517 2181 debeat,
550 2128 685 2167 cum
717 2113 795 2167 sit
824 2117 1020 2167 tamen
1054 2112 1365 2168 vehemens
1398 2128 1577 2168 causa
1622 2113 1931 2167 dubitandi

278 2216 350 2255 ex
373 2200 819 2257 circumstantia
850 2202 963 2257 diei
996 2202 1343 2258 Parasceves
1392 2203 1512 2257 sive
1557 2202 1712 2257 feriae
1762 2211 1930 2257 sextae

279 2287 387 2344 illo
433 2306 588 2344 anno
643 2290 1003 2345 incurrentia
1054 2292 1109 2345 in
1172 2291 1542 2347 undecimam
1591 2291 1928 2347 Decembris

277 2377 568 2432 diem.Est
593 2395 782 2434 annus
806 2396 930 2434 (BHE
964 2380 1169 2435 mundi
1192 2384 1520 2435 Grzecorum
1550 2381 1685 2434 6791
1714 2380 1927 2435 Christi

276 2465 439 2533 1283,
472 2466 581 2522 hoc
605 2470 693 2521 est
732 2484 853 2539 per.
888 2467 1006 2523 Jul.
1032 2469 1332 2539 5096,quo
1358 2469 1470 2524 fuit
1490 2468 1686 2540 cyclus
1718 2469 1923 2536 solis4,

276 2571 563 2612 numerus
594 2571 811 2612 aureus
854 2559 939 2626 tl,
1001 2557 1242 2613 indictio
1294 2557 1510 2628 pariter
1570 2559 1656 2625 1Ι,
1717 2558 1926 2630 Cyclts

274 2660 452 2714 porro
485 2645 626 2700 solis
660 2646 691 2699 4
716 2644 1219 2702 litteramindicat
1258 2646 1626 2702 Dominicam
1689 2650 1747 2715 C,
1800 2664 1923 2718 quas

273 2748 414 2788 cum
448 2733 735 2806 insigniat
765 2735 921 2791 diem
955 2736 1369 2791 duodecimum
1402 2737 1760 2807 Decembris,
1816 2752 1924 2791 un-

272 2821 547 2877 decimus
589 2824 914 2879 necessaris
949 2824 1118 2879 fuerit
1149 2824 1491 2892 Sabbatum,
1551 2842 1666 2880 non
1726 2836 1920 2881 autem

262 2914 594 2967 Parasoeve
623 2913 743 2969 sive
766 2917 929 2969 sexta
960 2914 1122 2981 feria,
1183 2916 1265 2983 (P.
1329 2916 1454 2985 529)
1510 2916 1744 2984 qualem
1785 2932 1918 2971 eum

261 3003 471 3055 tamen
506 2999 609 3056 illo
653 3018 806 3057 anno
860 3002 1041 3057 fuisse
1098 3001 1275 3057 tradit
1336 3021 1438 3074 pro
1487 3004 1815 3059 certissimo
1864 3009 1921 3059 et

258 3090 438 3163 vulgo
474 3092 787 3148 notissimo
816 3092 1219 3165 Pachymeres.
1256 3092 1444 3164 Igitur
1496 3111 1649 3149 anno
1699 3094 1911 3149 Christi
1946 3119 1989 3181 ρ

256 3179 407 3235 1283
441 3181 590 3237 mori
637 3182 980 3238 Michaelem
1013 3181 1403 3255 Palzeologum
1459 3184 1733 3255 Oportuit,
1796 3202 1912 3254 quo

254 3268 465 3340 cyclus
500 3269 642 3326 solis
672 3272 705 3325 3
738 3270 997 3327 litteram
1035 3272 1343 3327 Dominicas
1377 3272 1634 3328 indicem
1658 3274 1820 3328 dedit
1846 3275 1913 3329 D:

260 3360 387 3414 haec
419 3359 574 3415 enim
609 3362 803 3416 littera
824 3362 979 3416 diem
1015 3362 1597 3417 Decembristertium
1623 3362 1913 3418 decimum

260 3447 553 3516 afﬁciens,
588 3450 827 3505 tertium
863 3455 1016 3507 retro
1050 3450 1427 3505 undecimum
1465 3451 1645 3507 fuisse
1692 3457 1914 3507 sextam

260 3537 472 3593 feriam
505 3538 888 3596 demonstrat.
940 3538 1089 3604 Quid
1148 3540 1333 3611 ergo?
1377 3541 1639 3596 dicemus
1688 3558 1913 3596 errasse

263 3628 499 3683 Grecos
554 3626 863 3684 historicos
903 3629 961 3683 in
1024 3646 1178 3684 anno
1221 3628 1427 3684 mortis
1486 3628 1805 3696 Michaelis,
1858 3634 1916 3685 et

262 3734 372 3789 pro
405 3719 546 3772 6790
571 3723 913 3790 sequentem
944 3718 1082 3773 6791
1140 3718 1431 3773 indicasse
1461 3720 1489 3773 ?
1522 3718 1601 3775 Ne
1632 3735 1914 3790 cogamur

260 3806 372 3862 hoc
407 3807 618 3877 dicere,
655 3808 869 3880 duplex
900 3808 1077 3878 hujus
1105 3808 1459 3879 explicanda
1514 3808 1913 3880 perplexitatis

258 3895 528 3967 suppetit
558 3896 725 3953 ratio.
749 3899 819 3952 At
848 3896 1005 3953 enim
1032 3896 1284 3952 labentis
1330 3899 1457 3966 jam
1490 3896 1627 3952 anni
1686 3898 1824 3951 6790
1857 3902 1913 3952 et

260 4000 483 4055 paucos
510 3986 800 4041 duntaxat
828 3986 1071 4043 extremi
1102 3986 1441 4041 Decembris
1483 3986 1605 4041 dies
1655 3986 1912 4057 reliquos

258 4074 555 4130 trahentis
584 4077 870 4132 rationem
904 4094 1021 4132 non
1054 4076 1385 4132 habendam
1420 4076 1674 4148 pepulus
1732 4081 1788 4132 et
1819 4076 1911 4130 hi-

257 4163 461 4219 storici
481 4166 1045 4235 censentes,obitum
1065 4166 1192 4235 ejus
1211 4182 1279 4221 ex
1295 4182 1450 4221 anno
1474 4182 1605 4220 mox
1621 4165 1909 4236 sequenti,

250 4253 424 4320 6791,
452 4269 564 4324 quo
614 4254 665 4309 is
705 4253 974 4310 videlicet
1008 4253 1290 4323 innotuit,
1324 4253 1763 4326 insignieudum
1804 4271 1911 4325 pu-

252 4344 547 4408 taverunt,
578 4341 841 4414 neglecto
875 4342 1220 4398 discrimine
1252 4342 1474 4398 nullius
1508 4347 1787 4399 momenti
1838 4346 1910 4399 ad

253 4430 494 4486 civilem
542 4430 1010 4499 aestimationem,
1047 4448 1175 4503 quae
1236 4433 1354 4487 fere
1398 4433 1691 4488 minutam
1754 4430 1909 4505 ἀκρί-

253 4512 411 4571 ϐειαν
443 4520 686 4591 respuit.
720 4522 855 4587 Aut,
890 4522 1045 4593 quod
1079 4521 1459 4577 verisimilius
1519 4539 1666 4591 reor,
1721 4539 1908 4578 anno-

253 4625 393 4664 rum
430 4610 635 4665 mundi
668 4615 723 4666 et
754 4628 876 4665 aera:
908 4627 1030 4666 suae
1063 4610 1604 4682 principium,item,
1630 4616 1694 4666 ut
1723 4613 1909 4667 indic-

252 4697 461 4767 tionis,
504 4699 896 4771 aSeptembri
956 4698 1139 4755 Graeci
1196 4700 1513 4771 repetebat.
1578 4700 1741 4756 Unde
1783 4702 1908 4772 jam

252 4791 382 4842 tum
419 4803 612 4842 annus
665 4789 873 4843 mundi
921 4788 1093 4858 juxta
1150 4788 1312 4859 ipsos
1368 4780 1506 4843 5791
1570 4795 1822 4860 cceperat
1877 4807 1910 4846 a

251 4892 463 4932 mense
495 4877 611 4932 fere
642 4879 835 4944 tertio,
872 4894 1003 4932 cum
1041 4877 1178 4933 anni
1221 4877 1437 4933 Christi
1496 4879 1630 4934 1282
1687 4879 1908 4935 mensis

252 4966 509 5025 ultimus
565 4968 886 5025 December
932 4968 1270 5024 volvebatur
1346 4968 1418 5024 Ut
1469 4984 1601 5025 vere
1659 4970 1909 5025 dixerint

248 5057 961 5130 Pachymeres,Gregoras
991 5061 1048 5113 et
1077 5057 1395 5113 Phrantzes
1422 5057 1638 5114 obiisse
1661 5058 1905 5115 Michae-

244 5146 367 5202 lem
402 5156 555 5202 anno
580 5149 741 5214 6791,
768 5164 873 5203 nec
902 5163 1034 5203 vere
1067 5152 1263 5203 tamen
1306 5148 1654 5218 scripserint
1714 5148 1904 5220 Spon-

246 5236 446 5291 danus
474 5241 531 5292 et
562 5236 884 5293 Rainaldus
916 5237 1188 5292 eumdem
1205 5254 1359 5291 anno
1390 5237 1605 5293 Christi
1628 5238 1766 5293 l283
1787 5240 1903 5294 fato

243 5324 687 5393 functum,cum
718 5314 817 5379 illo
839 5340 991 5379 anno
1023 5324 1147 5379 dies
1182 5324 1513 5380 Decembris
1569 5326 1901 5392 undecima,

241 5429 368 5485 qua
396 5412 617 5469 efﬂavit
649 5414 931 5483 animam,
992 5413 1342 5484 Sabbatum,
1390 5431 1505 5470 non
1540 5419 1702 5470 sexta
1758 5413 1905 5470 feria

240 5501 447 5556 fuerit.

320 5606 546 5665 IlI.tloc
574 5608 760 5681 igitur
788 5608 1193 5667 existimamus
1216 5625 1322 5681 pro
1352 5608 1681 5665 indubitato
1706 5613 1904 5666 tenen-

1943 4486 1985 4550 D

2043 1834 2371 1885 accuratam
2406 1836 2461 1885 et
2494 1833 2783 1888 minutam
2818 1836 3119 1905 aspernari
3151 1836 3542 1909 diligentiam;
3595 1858 3702 1896 nec

2043 1919 2159 1972 fere
2192 1919 2421 1974 dubitat
2453 1921 2675 1991 decem,
2701 1922 2946 1994 exempli
2981 1925 3187 1995 gratia,
3221 1925 3270 1980 ei
3304 1926 3552 1998 principi
3583 1946 3689 1983 an-

2042 2024 2145 2061 nos
2181 2008 2458 2079 tribuere,
2490 2027 2665 2081 quem
2692 2016 2923 2067 constet
2948 2030 3160 2068 nonum
3194 2016 3533 2071 excessisse.
3573 2018 3682 2072 Mi-

2040 2095 2199 2151 nime
2258 2097 2397 2152 item
2460 2104 2625 2168 putat
2698 2101 3093 2156 necessarium
3127 2103 3689 2175 abinaugurationis

2038 2183 2129 2238 die
2162 2184 2419 2255 primum
2465 2185 2697 2242 initium
2734 2189 2853 2259 regi
2917 2191 3149 2255 ducere,
3198 2191 3297 2245 ubi
3347 2209 3682 2264 supremam

2038 2279 2385 2342 potestatem
2417 2284 2588 2330 antea
2614 2276 2781 2331 illum
2804 2280 3135 2334 exercuisse
3160 2279 3349 2351 palam
3368 2284 3685 2354 est.Itaque

2035 2362 2347 2434 imperium
2380 2363 2682 2421 Michaelis
2712 2366 3019 2439 Palzeologi
3061 2368 3187 2438 jam
3221 2385 3288 2424 ex
3334 2386 3399 2425 eo
3430 2376 3689 2442 tempore

2035 2452 2331 2507 numerari
2364 2455 2557 2525 potuit
2590 2472 2703 2526 quo
2738 2456 2787 2510 is
2823 2461 2982 2511 tutor
3014 2458 3260 2513 Joannis
3286 2464 3375 2514 est
3419 2461 3652 2515 declara

2032 2544 2147 2610 tus;
2183 2543 2335 2614 quod
2371 2544 2619 2615 contigit
2651 2544 2825 2615 paulo
2858 2550 2990 2617 post
3018 2545 3389 2603 Muzalonum
3440 2550 3686 2619 caedem,

2032 2632 2131 2703 qui
2166 2650 2317 2689 nono
2350 2634 2443 2689 die
2476 2635 2546 2690 ab
2587 2635 2749 2691 obitu
2782 2636 3067 2692 Theodori
3116 2639 3363 2710 Augusti
3415 2644 3555 2704 sunt
3602 2641 3684 2695 in-

2030 2722 2279 2777 terfecti.
2316 2723 2471 2778 Mors
2499 2723 2782 2780 Theodori
2817 2742 2884 2780 ex
2914 2726 3242 2798 Acropolita
3273 2727 3329 2782 in
3352 2730 3681 2800 Augustum

2030 2826 2295 2866 mensem
2352 2811 2580 2880 incidit,
2632 2815 2840 2883 opinor
2893 2814 3257 2870 desinentem
3298 2860 3311 2884 ,
3344 2835 3503 2881 lcum
3563 2821 3669 2874 Pa-

2028 2899 2331 2971 cbymcres
2391 2917 2520 2955 eam
2584 2902 2844 2956 conferat
2902 2902 2959 2956 in
3012 2904 3263 2959 confinia
3331 2908 3551 2961 aestatis
3620 2912 3677 2963 et

2027 2989 2318 3043 autumni.
2387 2992 2431 3043 A
2497 2990 2827 3060 Septembri
2884 3006 3022 3061 ergo
3070 2993 3207 3046 anni
3260 2992 3479 3049 Christi
3538 2997 3683 3051 1259

2028 3077 2254 3147 imperii
2281 3076 2541 3131 habenas
2560 3077 2801 3132 Michael
2832 3080 3329 3150 sumpserit,quas
3357 3083 3546 3138 tenuit
3571 3086 3677 3140 du-

2029 3165 2110 3220 cis
2142 3166 2362 3237 magni,
2393 3167 2603 3221 deinde
2637 3168 2892 3238 despotae
2926 3168 3312 3235 titulo,donec
3356 3173 3464 3227 sub
3500 3174 3674 3228 tinem

2025 3254 2362 3309 Decembris
2386 3256 2456 3309 ad
2492 3255 2722 3326 imperii
2755 3271 2887 3309 cum
2926 3256 3147 3327 pupillo
3180 3258 3492 3331 collegium
3543 3278 3676 3317 eve-

2024 3342 2285 3398 heretur.
2320 3344 2537 3398 Revera
2570 3344 2752 3415 igitur
2779 3343 3087 3415 imperavit
3133 3362 3311 3418 super
3359 3366 3542 3405 annos
3594 3351 3677 3405 vi-

2024 3431 2171 3501 ginti
2197 3434 2315 3487 tres
2348 3432 2605 3503 expletos
2638 3432 2870 3487 duobus
2899 3432 3016 3487 fere
3061 3435 3388 3506 mensibus,
3424 3442 3487 3492 ut
3519 3438 3567 3493 si
3602 3439 3671 3493 de

2026 3520 2197 3576 annis
2227 3520 2512 3576 inchoatis
2545 3538 2735 3575 sermo
2768 3521 2865 3590 sit,
2901 3522 3103 3592 negari
3135 3529 3382 3594 nequeat
3422 3524 3490 3579 24
3542 3529 3671 3597 ejus

2024 3609 2254 3679 imperii
2290 3627 2475 3665 annos
2508 3610 2806 3665 numerari
2840 3611 3121 3680 potuisse.
3156 3612 3218 3666 In
3253 3613 3405 3668 hunc
3426 3617 3668 3670 modum

2026 3699 2434 3769 Pachymerem
2496 3699 2734 3768 quidem
2803 3699 2873 3752 ab
2950 3716 3145 3755 errore
3237 3702 3666 3759 vindicamus:

2022 3786 2501 3857 Phrantzem,qui
2518 3791 2762 3840 mortem
2783 3786 3085 3842 Michaelis
3105 3790 3409 3860 conjungit
3427 3808 3558 3846 cum
3579 3795 3663 3847 in-

2024 3875 2278 3929 dictione
2306 3872 2711 3950 Ι4,ἀλογιστίας
2737 3875 3037 3930 absolvere
3054 3893 3164 3931 non
3190 3886 3668 3949 possumus.Cer-

2023 3965 2324 4019 tissimum
2348 3966 2504 4019 enim
2538 3970 2627 4020 est
2658 3980 2810 4019 anno
2844 3964 3058 4019 Christi
3102 3966 3391 4039 1282,quo
3421 3969 3669 4025 Michae-

2022 4053 2136 4109 lem
2163 4058 2394 4109 constat
2422 4059 2744 4121 mortuum,
2778 4052 3159 4109 indictionem
3215 4056 3281 4109 10
3339 4056 3522 4112 fuisse
3552 4076 3670 4113 nu-

2024 4148 2332 4199 meratam.

2094 4270 2188 4323 IV.
2225 4269 2517 4326 Hactenus
2547 4273 2764 4328 versati
2799 4271 3210 4343 chronologica
3241 4271 3517 4327 methodo
3570 4290 3670 4328 sus

2022 4374 2154 4413 mus
2186 4359 2242 4413 in
2274 4360 2513 4431 epochis
2536 4360 2717 4432 hujus
2748 4363 3007 4419 historiae
3040 4361 3311 4433 ﬁgendis,
3337 4377 3465 4432 quas
3513 4372 3668 4419 certo

2020 4447 2214 4518 aliquo
2275 4448 2549 4521 insigniri
2607 4452 2942 4507 charactere
3004 4454 3366 4522 potuerunt:
3430 4456 3669 4508 czeteras

2025 4553 2279 4607 quarum
2312 4540 2761 4594 statuendarum
2794 4541 2853 4595 in
2887 4537 3160 4612 prudenti
3184 4539 3523 4609 conjectura
3551 4545 3672 4597 tota

2025 4642 2161 4696 spes
2194 4625 2307 4680 sita
2337 4630 2447 4690 est,
2484 4626 2575 4682 hic
2609 4627 2913 4699 sigillatim
2945 4626 3183 4699 exsequi
3215 4643 3319 4682 nec
3355 4627 3540 4683 otium
3584 4634 3675 4685 est

2025 4730 2131 4769 nec
2165 4732 2351 4785 opera:
2383 4715 2556 4769 fuerit
2589 4717 2863 4787 pretium.
2897 4717 3053 4772 Satis
3085 4716 3161 4771 sit
3192 4732 3308 4786 eas,
3346 4718 3427 4771 uti
3460 4722 3518 4772 et
3545 4724 3674 4774 acta

2024 4803 2133 4857 hoc
2172 4819 2344 4874 opere
2377 4811 2701 4859 memorata
2734 4806 3045 4877 praecipua,
3090 4805 3395 4860 verisimili
3447 4808 3673 4863 ratione

2022 4893 2083 4947 in
2116 4893 2378 4948 ordinem
2408 4893 2690 4965 digestas,
2722 4896 2898 4950 certis
2932 4896 2988 4949 in
3022 4896 3201 4950 abaco
3258 4894 3670 4968 chronologico

2020 4980 2195 5036 annis
2226 4981 2547 5053 assignare.
2582 4985 2744 5047 Quod
2777 4988 3092 5055 antequam
3125 4984 3522 5055 aggredimur,
3566 4987 3670 5039 de~

2022 5072 2391 5127 scribendam
2409 5072 2501 5129 hic
2522 5074 2739 5144 [R530]
2766 5074 2903 5128 duxi
2931 5076 2997 5129 ad
3010 5074 3471 5129 notatiunculam
3496 5074 3665 5130 lecto-

2022 5161 2125 5227 ris,
2162 5166 2225 5215 ut
2254 5167 2516 5232 apparet,
2550 5164 2805 5217 accurati
2866 5163 3183 5235 ascriptam
3236 5164 3292 5216 in
3355 5163 3667 5217 Barberino

2020 5250 2239 5319 optimo
2272 5252 2470 5307 codice
2501 5254 2571 5308 ad
2607 5269 2769 5308 oram
2803 5252 3169 5315 exteriorem,
3203 5267 3231 5305 e
3266 5251 3501 5320 regione
3544 5268 3665 5303 ver-

2024 5339 2230 5394 borum
2266 5339 2500 5396 illorum
2536 5358 2587 5410 c,
2620 5342 2760 5408 27,|.
2793 5358 2865 5396 1v:
2893 5342 3017 5395 Τῶν
3047 5340 3250 5411 χωρῶν
3281 5336 3664 5408 κατεχομένων

2016 5432 2136 5489 τοῖς
2168 5428 2619 5503 Πὲρσαις,πανςαι
2653 5428 2710 5482 ἂν
2768 5434 2884 5489 ταῖς
2947 5426 3159 5501 χώραις
3217 5426 3305 5478 καὶ
3359 5423 3492 5477 αὐτά
3548 5446 3666 5479 συν-

2018 5517 2332 5575 ἀπώλοντο.
2364 5522 2449 5577 Ad
2476 5523 2618 5592 haec,
2661 5521 2831 5592 signo
2865 5520 3055 5574 indice
3105 5516 3396 5588 apposito,
3454 5518 3539 5573 sic
3596 5535 3665 5573 ex

2016 5610 2263 5667 adverso
2297 5610 2585 5682 scriptum
2618 5625 2797 5663 manu
2829 5604 3247 5677 antiquissima
3285 5609 3340 5660 et
3360 5605 3662 5677 scripturae
