  <div class='ocr_page' id='page_1' title='image "/cluster/home/n/w/nwhite01/storage/ocr_20150623/143/hvd.32044073502585/617.png"; bbox 0 0 3984 6202; ppageno 0'>
   <div class='ocr_carea' id='block_1_1' title="bbox 288 301 429 359">
    <p class='ocr_par' dir='ltr' id='par_1_1' title="bbox 288 301 429 359">
     <span class='ocr_line' id='line_1_1' title="bbox 288 301 429 359; baseline -0.028 0"><span class='ocrx_word' id='word_1_1' title='bbox 288 301 429 359; x_wconf 81' lang='grc'>1219</span> 
     </span>
    </p>
   </div>
   <div class='ocr_carea' id='block_1_2' title="bbox 291 407 3272 449">
    <p class='ocr_par' dir='ltr' id='par_1_2' title="bbox 291 407 3272 449">
     <span class='ocr_line' id='line_1_2' title="bbox 291 407 3272 449; baseline -0.007 -4"><span class='ocrx_word' id='word_1_2' title='bbox 291 407 3272 449; x_wconf 80' lang='lat'><em>____________________.__._.___.—————-————————————-—-——-——</em></span> 
     </span>
    </p>
   </div>
   <div class='ocr_carea' id='block_1_3' title="bbox 1793 278 2184 335">
    <p class='ocr_par' dir='ltr' id='par_1_3' title="bbox 1793 278 2184 335">
     <span class='ocr_line' id='line_1_3' title="bbox 1793 278 2184 335; baseline -0.01 0"><span class='ocrx_word' id='word_1_3' title='bbox 1793 280 2029 335; x_wconf 80' lang='grc' dir='ltr'><em>ΔΡΡΕΝ</em></span> <span class='ocrx_word' id='word_1_4' title='bbox 2039 278 2184 333; x_wconf 79' lang='grc' dir='ltr'><em>ΟΙΧ.</em></span> 
     </span>
    </p>
   </div>
   <div class='ocr_carea' id='block_1_4' title="bbox 3572 272 3712 330">
    <p class='ocr_par' dir='ltr' id='par_1_4' title="bbox 3572 272 3712 330">
     <span class='ocr_line' id='line_1_4' title="bbox 3572 272 3712 330; baseline -0.014 0"><span class='ocrx_word' id='word_1_5' title='bbox 3572 272 3712 330; x_wconf 69' lang='grc'>4220</span> 
     </span>
    </p>
   </div>
   <div class='ocr_carea' id='block_1_5' title="bbox 3308 404 3710 419">
    <p class='ocr_par' dir='ltr' id='par_1_5' title="bbox 3308 404 3710 419">
     <span class='ocr_line' id='line_1_5' title="bbox 3308 404 3710 419; baseline -0.005 -5"><span class='ocrx_word' id='word_1_6' title='bbox 3308 404 3710 419; x_wconf 56' lang='lat' dir='ltr'><em>m</em></span> 
     </span>
    </p>
   </div>
   <div class='ocr_carea' id='block_1_6' title="bbox 819 716 3184 875">
    <p class='ocr_par' dir='ltr' id='par_1_6' title="bbox 819 716 3184 875">
     <span class='ocr_line' id='line_1_6' title="bbox 819 716 3184 875; baseline -0.005 0"><span class='ocrx_word' id='word_1_7' title='bbox 819 721 1335 875; x_wconf 76' lang='lat' dir='ltr'><em>SPECIMEN</em></span> <span class='ocrx_word' id='word_1_8' title='bbox 1430 716 2021 866; x_wconf 71' lang='lat' dir='ltr'><em>SAPIENTW</em></span> <span class='ocrx_word' id='word_1_9' title='bbox 2120 716 2598 864; x_wconf 77' lang='lat' dir='ltr'><em>lNllOllUll</em></span> <span class='ocrx_word' id='word_1_10' title='bbox 2694 717 3184 864; x_wconf 80' lang='lat' dir='ltr'><em>VETERUlI</em></span> 
     </span>
    </p>
   </div>
   <div class='ocr_carea' id='block_1_7' title="bbox 1535 980 2480 1077">
    <p class='ocr_par' dir='ltr' id='par_1_7' title="bbox 1535 980 2480 1077">
     <span class='ocr_line' id='line_1_7' title="bbox 1535 980 2480 1077; baseline -0.002 -1"><span class='ocrx_word' id='word_1_11' title='bbox 1535 980 2480 1077; x_wconf 83' lang='lat' dir='ltr'><em>PROLEGOMENA</em></span> 
     </span>
    </p>
   </div>
   <div class='ocr_carea' id='block_1_8' title="bbox 1020 1180 2986 1254">
    <p class='ocr_par' dir='ltr' id='par_1_8' title="bbox 1020 1180 2986 1254">
     <span class='ocr_line' id='line_1_8' title="bbox 1020 1180 2986 1254; baseline -0.003 -4"><span class='ocrx_word' id='word_1_12' title='bbox 1020 1188 1526 1251; x_wconf 83' lang='lat' dir='ltr'><em>INTERPRETE</em></span> <span class='ocrx_word' id='word_1_13' title='bbox 1568 1183 1828 1247; x_wconf 79' lang='lat' dir='ltr'>PETRO</span> <span class='ocrx_word' id='word_1_14' title='bbox 1875 1181 2228 1254; x_wconf 88' lang='lat' dir='ltr'><em>POSSINO,</em></span> <span class='ocrx_word' id='word_1_15' title='bbox 2276 1180 2730 1243; x_wconf 85' lang='lat' dir='ltr'><em>SOGIETATIS</em></span> <span class='ocrx_word' id='word_1_16' title='bbox 2770 1182 2986 1245; x_wconf 78' lang='lat' dir='ltr'><em>JESU.</em></span> 
     </span>
    </p>
   </div>
   <div class='ocr_carea' id='block_1_9' title="bbox 1647 1531 2365 1596">
    <p class='ocr_par' dir='ltr' id='par_1_9' title="bbox 1647 1531 2365 1596">
     <span class='ocr_line' id='line_1_9' title="bbox 1647 1531 2365 1596; baseline -0.007 0"><span class='ocrx_word' id='word_1_17' title='bbox 1647 1532 2275 1596; x_wconf 81' lang='lat' dir='ltr'><em>PROLEGOMENON</em></span> <span class='ocrx_word' id='word_1_18' title='bbox 2318 1531 2365 1591; x_wconf 86' lang='grc' dir='ltr'><strong>Ι.</strong></span> 
     </span>
    </p>
   </div>
   <div class='ocr_carea' id='block_1_10' title="bbox 530 1662 3501 1761">
    <p class='ocr_par' dir='ltr' id='par_1_10' title="bbox 530 1662 3501 1761">
     <span class='ocr_line' id='line_1_10' title="bbox 530 1662 3501 1761; baseline -0.007 -17"><span class='ocrx_word' id='word_1_19' title='bbox 530 1683 805 1745; x_wconf 73' lang='lat' dir='ltr'><em>Historia</em></span> <span class='ocrx_word' id='word_1_20' title='bbox 835 1675 1268 1761; x_wconf 82' lang='lat' dir='ltr'><em>deportationis</em></span> <span class='ocrx_word' id='word_1_21' title='bbox 1298 1695 1374 1735; x_wconf 77' lang='lat' dir='ltr'><em>ex</em></span> <span class='ocrx_word' id='word_1_22' title='bbox 1404 1671 1582 1735; x_wconf 85' lang='lat' dir='ltr'><em>India</em></span> <span class='ocrx_word' id='word_1_23' title='bbox 1615 1673 1674 1732; x_wconf 85' lang='lat' dir='ltr'><em>in</em></span> <span class='ocrx_word' id='word_1_24' title='bbox 1703 1666 2013 1731; x_wconf 81' lang='lat' dir='ltr'><em>Persidem</em></span> <span class='ocrx_word' id='word_1_25' title='bbox 2048 1666 2198 1727; x_wconf 80' lang='lat' dir='ltr'><em>libri</em></span> <span class='ocrx_word' id='word_1_26' title='bbox 2219 1670 2314 1726; x_wconf 80' lang='lat' dir='ltr'><em>cui</em></span> <span class='ocrx_word' id='word_1_27' title='bbox 2352 1663 2563 1725; x_wconf 79' lang='lat' dir='ltr'><em>titulus</em></span> <span class='ocrx_word' id='word_1_28' title='bbox 2593 1673 2675 1727; x_wconf 78' lang='lat' dir='ltr'><em>est</em></span> <span class='ocrx_word' id='word_1_29' title='bbox 2706 1689 2726 1725; x_wconf 86' lang='lat'><strong><em>:</em></strong></span> <span class='ocrx_word' id='word_1_30' title='bbox 2766 1687 2797 1725; x_wconf 76' lang='grc' dir='ltr'><strong><em>ι</em></strong></span> <span class='ocrx_word' id='word_1_31' title='bbox 2838 1663 3148 1746; x_wconf 81' lang='lat' dir='ltr'><em>Specimen</em></span> <span class='ocrx_word' id='word_1_32' title='bbox 3183 1662 3501 1745; x_wconf 71' lang='lat' dir='ltr'><em>sapientia:</em></span> 
     </span>
    </p>
   </div>
   <div class='ocr_carea' id='block_1_11' title="bbox 1706 1766 2317 1828">
    <p class='ocr_par' dir='ltr' id='par_1_11' title="bbox 1706 1766 2317 1828">
     <span class='ocr_line' id='line_1_11' title="bbox 1706 1766 2317 1828; baseline -0.008 0"><span class='ocrx_word' id='word_1_33' title='bbox 1706 1766 1990 1828; x_wconf 85' lang='lat' dir='ltr'><em>Indorum</em></span> <span class='ocrx_word' id='word_1_34' title='bbox 2026 1773 2317 1825; x_wconf 70' lang='lat' dir='ltr'><em>veterum.</em></span> 
     </span>
    </p>
   </div>
   <div class='ocr_carea' id='block_1_12' title="bbox 378 2109 3737 2196">
    <p class='ocr_par' dir='ltr' id='par_1_12' title="bbox 378 2109 3737 2196">
     <span class='ocr_line' id='line_1_12' title="bbox 378 2109 3737 2196; baseline -0.007 -5"><span class='ocrx_word' id='word_1_35' title='bbox 378 2139 421 2191; x_wconf 91' lang='grc' dir='ltr'><em>Ι.</em></span> <span class='ocrx_word' id='word_1_36' title='bbox 455 2134 760 2196; x_wconf 90' lang='lat' dir='ltr'><em>Chosroes,</em></span> <span class='ocrx_word' id='word_1_37' title='bbox 802 2133 1112 2183; x_wconf 80' lang='lat' dir='ltr'><em>Persarum</em></span> <span class='ocrx_word' id='word_1_38' title='bbox 1166 2138 1287 2191; x_wconf 88' lang='lat' dir='ltr'><em>rex,</em></span> <span class='ocrx_word' id='word_1_39' title='bbox 1321 2119 1421 2192; x_wconf 88' lang='lat' dir='ltr'><em>qui</em></span> <span class='ocrx_word' id='word_1_40' title='bbox 1469 2120 1526 2173; x_wconf 90' lang='lat' dir='ltr'><em>et</em></span> <span class='ocrx_word' id='word_1_41' title='bbox 1575 2112 2034 2177; x_wconf 74' lang='lat' dir='ltr'><em>AnasuranusA</em></span> <span class='ocrx_word' id='word_1_42' title='bbox 2066 2109 2317 2180; x_wconf 90' lang='lat' dir='ltr'><em>toribus,</em></span> <span class='ocrx_word' id='word_1_43' title='bbox 2375 2109 2516 2165; x_wconf 86' lang='lat' dir='ltr'><em>viris</em></span> <span class='ocrx_word' id='word_1_44' title='bbox 2577 2109 2825 2182; x_wconf 86' lang='lat' dir='ltr'><em>magnis,</em></span> <span class='ocrx_word' id='word_1_45' title='bbox 2882 2109 3211 2181; x_wconf 61' lang='lat' dir='ltr'><em>prudentie</em></span> <span class='ocrx_word' id='word_1_46' title='bbox 3261 2127 3328 2167; x_wconf 88' lang='lat' dir='ltr'><em>ac</em></span> <span class='ocrx_word' id='word_1_47' title='bbox 3401 2111 3737 2184; x_wconf 70' lang='lat' dir='ltr'><em>sapientiae,</em></span> 
     </span>
    </p>
   </div>
   <div class='ocr_carea' id='block_1_13' title="bbox 309 2202 1960 2285">
    <p class='ocr_par' dir='ltr' id='par_1_13' title="bbox 309 2202 1960 2285">
     <span class='ocr_line' id='line_1_13' title="bbox 309 2202 1960 2285; baseline -0.017 -3"><span class='ocrx_word' id='word_1_48' title='bbox 309 2224 650 2282; x_wconf 88' lang='lat' dir='ltr'><em>nominatus</em></span> <span class='ocrx_word' id='word_1_49' title='bbox 707 2223 817 2285; x_wconf 89' lang='lat' dir='ltr'><em>est,</em></span> <span class='ocrx_word' id='word_1_50' title='bbox 873 2214 1105 2270; x_wconf 90' lang='lat' dir='ltr'><em>Davidis</em></span> <span class='ocrx_word' id='word_1_51' title='bbox 1167 2211 1345 2279; x_wconf 80' lang='lat' dir='ltr'><em>ﬁlius,</em></span> <span class='ocrx_word' id='word_1_52' title='bbox 1395 2223 1529 2264; x_wconf 92' lang='lat' dir='ltr'><em>cum</em></span> <span class='ocrx_word' id='word_1_53' title='bbox 1583 2203 1845 2259; x_wconf 78' lang='lat' dir='ltr'><em>audisset</em></span> <span class='ocrx_word' id='word_1_54' title='bbox 1891 2202 1960 2255; x_wconf 89' lang='lat' dir='ltr'><em>de</em></span> 
     </span>
    </p>
   </div>
   <div class='ocr_carea' id='block_1_14' title="bbox 312 2293 1960 2387">
    <p class='ocr_par' dir='ltr' id='par_1_14' title="bbox 312 2293 1960 2387">
     <span class='ocr_line' id='line_1_14' title="bbox 312 2293 1960 2387; baseline -0.015 -19"><span class='ocrx_word' id='word_1_55' title='bbox 312 2315 567 2387; x_wconf 80' lang='lat' dir='ltr'><em>quodam</em></span> <span class='ocrx_word' id='word_1_56' title='bbox 602 2309 751 2364; x_wconf 78' lang='lat' dir='ltr'><em>libro</em></span> <span class='ocrx_word' id='word_1_57' title='bbox 785 2302 1115 2375; x_wconf 89' lang='lat' dir='ltr'><em>conscripto</em></span> <span class='ocrx_word' id='word_1_58' title='bbox 1147 2302 1204 2356; x_wconf 91' lang='lat' dir='ltr'><em>in</em></span> <span class='ocrx_word' id='word_1_59' title='bbox 1240 2298 1478 2370; x_wconf 81' lang='lat' dir='ltr'><em>regione</em></span> <span class='ocrx_word' id='word_1_60' title='bbox 1515 2295 1690 2351; x_wconf 63' lang='lat' dir='ltr'><em>India!</em></span> <span class='ocrx_word' id='word_1_61' title='bbox 1723 2293 1793 2347; x_wconf 92' lang='lat' dir='ltr'><em>ab</em></span> <span class='ocrx_word' id='word_1_62' title='bbox 1826 2306 1960 2345; x_wconf 93' lang='lat' dir='ltr'><em>eru-</em></span> 
     </span>
    </p>
   </div>
   <div class='ocr_carea' id='block_1_15' title="bbox 314 2380 1963 2469">
    <p class='ocr_par' dir='ltr' id='par_1_15' title="bbox 314 2380 1963 2469">
     <span class='ocr_line' id='line_1_15' title="bbox 314 2380 1963 2469; baseline -0.016 -11"><span class='ocrx_word' id='word_1_63' title='bbox 314 2380 454 2459; x_wconf 86' lang='lat' dir='ltr'><em>ditis</em></span> <span class='ocrx_word' id='word_1_64' title='bbox 478 2405 534 2456; x_wconf 91' lang='lat' dir='ltr'><em>et</em></span> <span class='ocrx_word' id='word_1_65' title='bbox 558 2397 925 2469; x_wconf 75' lang='lat' dir='ltr'><em>sapientibus</em></span> <span class='ocrx_word' id='word_1_66' title='bbox 952 2392 1186 2447; x_wconf 87' lang='lat' dir='ltr'><em>illarum</em></span> <span class='ocrx_word' id='word_1_67' title='bbox 1217 2386 1506 2461; x_wconf 89' lang='lat' dir='ltr'><em>gentium,</em></span> <span class='ocrx_word' id='word_1_68' title='bbox 1530 2382 1862 2439; x_wconf 78' lang='lat' dir='ltr'><em>continente</em></span> <span class='ocrx_word' id='word_1_69' title='bbox 1885 2380 1963 2434; x_wconf 86' lang='lat' dir='ltr'><em>fa-</em></span> 
     </span>
    </p>
   </div>
   <div class='ocr_carea' id='block_1_16' title="bbox 320 2469 1967 2547">
    <p class='ocr_par' dir='ltr' id='par_1_16' title="bbox 320 2469 1967 2547">
     <span class='ocr_line' id='line_1_16' title="bbox 320 2469 1967 2547; baseline -0.015 -1"><span class='ocrx_word' id='word_1_70' title='bbox 320 2491 487 2547; x_wconf 90' lang='lat' dir='ltr'><em>bulas</em></span> <span class='ocrx_word' id='word_1_71' title='bbox 519 2488 685 2543; x_wconf 83' lang='lat' dir='ltr'><em>valde</em></span> <span class='ocrx_word' id='word_1_72' title='bbox 728 2484 903 2541; x_wconf 83' lang='lat' dir='ltr'><em>utiles</em></span> <span class='ocrx_word' id='word_1_73' title='bbox 954 2480 1115 2537; x_wconf 90' lang='lat' dir='ltr'><em>omni</em></span> <span class='ocrx_word' id='word_1_74' title='bbox 1158 2477 1466 2533; x_wconf 87' lang='lat' dir='ltr'><em>hominum</em></span> <span class='ocrx_word' id='word_1_75' title='bbox 1519 2471 1738 2545; x_wconf 83' lang='lat' dir='ltr'><em>generi,</em></span> <span class='ocrx_word' id='word_1_76' title='bbox 1772 2469 1967 2542; x_wconf 83' lang='lat' dir='ltr'><em>parvis</em></span> 
     </span>
    </p>
   </div>
   <div class='ocr_carea' id='block_1_17' title="bbox 319 2560 1968 2649">
    <p class='ocr_par' dir='ltr' id='par_1_17' title="bbox 319 2560 1968 2649">
     <span class='ocr_line' id='line_1_17' title="bbox 319 2560 1968 2649; baseline -0.013 -13"><span class='ocrx_word' id='word_1_77' title='bbox 319 2587 375 2637; x_wconf 92' lang='lat' dir='ltr'><em>et</em></span> <span class='ocrx_word' id='word_1_78' title='bbox 412 2576 659 2649; x_wconf 79' lang='lat' dir='ltr'><em>magnis,</em></span> <span class='ocrx_word' id='word_1_79' title='bbox 684 2572 1054 2645; x_wconf 85' lang='lat' dir='ltr'><em>principibus</em></span> <span class='ocrx_word' id='word_1_80' title='bbox 1086 2573 1143 2624; x_wconf 92' lang='lat' dir='ltr'><em>et</em></span> <span class='ocrx_word' id='word_1_81' title='bbox 1173 2562 1564 2649; x_wconf 88' lang='lat' dir='ltr'><em>subditis,qui</em></span> <span class='ocrx_word' id='word_1_82' title='bbox 1589 2560 1968 2615; x_wconf 86' lang='lat' dir='ltr'><em>absconditus</em></span> 
     </span>
    </p>
   </div>
   <div class='ocr_carea' id='block_1_18' title="bbox 323 2647 1970 2731">
    <p class='ocr_par' dir='ltr' id='par_1_18' title="bbox 323 2647 1970 2731">
     <span class='ocr_line' id='line_1_18' title="bbox 323 2647 1970 2731; baseline -0.015 -9"><span class='ocrx_word' id='word_1_83' title='bbox 323 2647 655 2723; x_wconf 72' lang='lat' dir='ltr'><em>servaretur</em></span> <span class='ocrx_word' id='word_1_84' title='bbox 684 2663 744 2715; x_wconf 93' lang='lat' dir='ltr'><em>in</em></span> <span class='ocrx_word' id='word_1_85' title='bbox 772 2660 932 2731; x_wconf 87' lang='lat' dir='ltr'><em>regio</em></span> <span class='ocrx_word' id='word_1_86' title='bbox 953 2657 1074 2711; x_wconf 92' lang='lat' dir='ltr'><em>illic</em></span> <span class='ocrx_word' id='word_1_87' title='bbox 1098 2652 1388 2709; x_wconf 85' lang='lat' dir='ltr'><em>tabulario</em></span> <span class='ocrx_word' id='word_1_88' title='bbox 1414 2666 1429 2704; x_wconf 90' lang='lat'><strong>:</strong></span> <span class='ocrx_word' id='word_1_89' title='bbox 1453 2650 1525 2704; x_wconf 90' lang='lat' dir='ltr'><em>de</em></span> <span class='ocrx_word' id='word_1_90' title='bbox 1545 2648 1677 2716; x_wconf 86' lang='lat' dir='ltr'><em>hoc,</em></span> <span class='ocrx_word' id='word_1_91' title='bbox 1702 2647 1970 2717; x_wconf 89' lang='lat' dir='ltr'><em>inquam,</em></span> 
     </span>
    </p>
   </div>
   <div class='ocr_carea' id='block_1_19' title="bbox 319 2734 1969 2820">
    <p class='ocr_par' dir='ltr' id='par_1_19' title="bbox 319 2734 1969 2820">
     <span class='ocr_line' id='line_1_19' title="bbox 319 2734 1969 2820; baseline -0.013 -11"><span class='ocrx_word' id='word_1_92' title='bbox 319 2755 533 2810; x_wconf 78' lang='lat' dir='ltr'><em>certior</em></span> <span class='ocrx_word' id='word_1_93' title='bbox 555 2753 768 2816; x_wconf 83' lang='lat' dir='ltr'><em>factus,</em></span> <span class='ocrx_word' id='word_1_94' title='bbox 791 2756 846 2804; x_wconf 92' lang='lat' dir='ltr'><em>et</em></span> <span class='ocrx_word' id='word_1_95' title='bbox 876 2746 1049 2820; x_wconf 84' lang='lat' dir='ltr'><em>plane</em></span> <span class='ocrx_word' id='word_1_96' title='bbox 1080 2758 1401 2817; x_wconf 84' lang='lat' dir='ltr'><em>persuasus</em></span> <span class='ocrx_word' id='word_1_97' title='bbox 1433 2738 1727 2794; x_wconf 84' lang='lat' dir='ltr'><em>salubrem</em></span> <span class='ocrx_word' id='word_1_98' title='bbox 1759 2734 1874 2790; x_wconf 89' lang='lat' dir='ltr'><em>sibi</em></span> <span class='ocrx_word' id='word_1_99' title='bbox 1905 2750 1969 2788; x_wconf 91' lang='lat' dir='ltr'><em>ac</em></span> 
     </span>
    </p>
   </div>
   <div class='ocr_carea' id='block_1_20' title="bbox 325 2824 1970 2908">
    <p class='ocr_par' dir='ltr' id='par_1_20' title="bbox 325 2824 1970 2908">
     <span class='ocr_line' id='line_1_20' title="bbox 325 2824 1970 2908; baseline -0.013 -10"><span class='ocrx_word' id='word_1_100' title='bbox 325 2844 451 2899; x_wconf 82' lang='lat' dir='ltr'><em>suis</em></span> <span class='ocrx_word' id='word_1_101' title='bbox 517 2844 761 2897; x_wconf 86' lang='lat' dir='ltr'><em>istorum</em></span> <span class='ocrx_word' id='word_1_102' title='bbox 822 2835 1203 2908; x_wconf 87' lang='lat' dir='ltr'><em>apologorum</em></span> <span class='ocrx_word' id='word_1_103' title='bbox 1262 2846 1455 2885; x_wconf 89' lang='lat' dir='ltr'><em>mores</em></span> <span class='ocrx_word' id='word_1_104' title='bbox 1520 2824 1970 2882; x_wconf 78' lang='lat' dir='ltr'><em>informantiurn</em></span> 
     </span>
    </p>
   </div>
   <div class='ocr_carea' id='block_1_21' title="bbox 323 2912 1974 3003">
    <p class='ocr_par' dir='ltr' id='par_1_21' title="bbox 323 2912 1974 3003">
     <span class='ocr_line' id='line_1_21' title="bbox 323 2912 1974 3003; baseline -0.013 -18"><span class='ocrx_word' id='word_1_105' title='bbox 323 2930 717 3003; x_wconf 81' lang='lat' dir='ltr'><em>cognitionem</em></span> <span class='ocrx_word' id='word_1_106' title='bbox 770 2928 909 2994; x_wconf 89' lang='lat' dir='ltr'><em>fore,</em></span> <span class='ocrx_word' id='word_1_107' title='bbox 956 2922 1139 2994; x_wconf 81' lang='lat' dir='ltr'><em>jussit</em></span> <span class='ocrx_word' id='word_1_108' title='bbox 1195 2917 1415 2990; x_wconf 82' lang='lat' dir='ltr'><em>inquiri</em></span> <span class='ocrx_word' id='word_1_109' title='bbox 1467 2917 1658 2971; x_wconf 85' lang='lat' dir='ltr'><em>virum</em></span> <span class='ocrx_word' id='word_1_110' title='bbox 1718 2912 1974 2983; x_wconf 86' lang='lat' dir='ltr'><em>aliquem</em></span> 
     </span>
    </p>
   </div>
   <div class='ocr_carea' id='block_1_22' title="bbox 325 3000 1976 3087">
    <p class='ocr_par' dir='ltr' id='par_1_22' title="bbox 325 3000 1976 3087">
     <span class='ocr_line' id='line_1_22' title="bbox 325 3000 1976 3087; baseline -0.013 -12"><span class='ocrx_word' id='word_1_111' title='bbox 325 3000 586 3087; x_wconf 74' lang='lat' dir='ltr'><em>doctum,</em></span> <span class='ocrx_word' id='word_1_112' title='bbox 632 3017 913 3072; x_wconf 78' lang='lat' dir='ltr'><em>scientem</em></span> <span class='ocrx_word' id='word_1_113' title='bbox 978 3012 1189 3085; x_wconf 76' lang='lat' dir='ltr'><em>linguas</em></span> <span class='ocrx_word' id='word_1_114' title='bbox 1248 3008 1477 3071; x_wconf 76' lang='lat' dir='ltr'><em>Indicae,</em></span> <span class='ocrx_word' id='word_1_115' title='bbox 1530 3005 1623 3059; x_wconf 89' lang='lat' dir='ltr'><em>cui</em></span> <span class='ocrx_word' id='word_1_116' title='bbox 1673 3008 1827 3058; x_wconf 90' lang='lat' dir='ltr'><em>recte</em></span> <span class='ocrx_word' id='word_1_117' title='bbox 1878 3000 1976 3055; x_wconf 85' lang='lat' dir='ltr'><em>de-</em></span> 
     </span>
    </p>
   </div>
   <div class='ocr_carea' id='block_1_23' title="bbox 334 3093 1977 3177">
    <p class='ocr_par' dir='ltr' id='par_1_23' title="bbox 334 3093 1977 3177">
     <span class='ocr_line' id='line_1_23' title="bbox 334 3093 1977 3177; baseline -0.014 -11"><span class='ocrx_word' id='word_1_118' title='bbox 334 3108 600 3166; x_wconf 88' lang='lat' dir='ltr'><em>mandari</em></span> <span class='ocrx_word' id='word_1_119' title='bbox 637 3104 935 3177; x_wconf 87' lang='lat' dir='ltr'><em>negotium</em></span> <span class='ocrx_word' id='word_1_120' title='bbox 985 3103 1185 3174; x_wconf 87' lang='lat' dir='ltr'><em>posset</em></span> <span class='ocrx_word' id='word_1_121' title='bbox 1214 3098 1343 3169; x_wconf 89' lang='lat' dir='ltr'><em>ejus</em></span> <span class='ocrx_word' id='word_1_122' title='bbox 1376 3095 1568 3167; x_wconf 87' lang='lat' dir='ltr'><em>operis</em></span> <span class='ocrx_word' id='word_1_123' title='bbox 1618 3093 1677 3147; x_wconf 90' lang='lat' dir='ltr'><em>in</em></span> <span class='ocrx_word' id='word_1_124' title='bbox 1728 3105 1977 3163; x_wconf 87' lang='lat' dir='ltr'><em>regnum</em></span> 
     </span>
    </p>
   </div>
   <div class='ocr_carea' id='block_1_24' title="bbox 330 3179 1982 3253">
    <p class='ocr_par' dir='ltr' id='par_1_24' title="bbox 330 3179 1982 3253">
     <span class='ocr_line' id='line_1_24' title="bbox 330 3179 1982 3253; baseline -0.013 1"><span class='ocrx_word' id='word_1_125' title='bbox 330 3206 387 3253; x_wconf 68' lang='lat' dir='ltr'><em>et</em></span> <span class='ocrx_word' id='word_1_126' title='bbox 445 3212 777 3253; x_wconf 89' lang='lat' dir='ltr'><em>sermonem</em></span> <span class='ocrx_word' id='word_1_127' title='bbox 837 3191 1137 3247; x_wconf 87' lang='lat' dir='ltr'><em>Persicum</em></span> <span class='ocrx_word' id='word_1_128' title='bbox 1196 3182 1610 3242; x_wconf 83' lang='lat' dir='ltr'><em>transferendi.</em></span> <span class='ocrx_word' id='word_1_129' title='bbox 1671 3181 1835 3236; x_wconf 82' lang='lat' dir='ltr'><em>Haud</em></span> <span class='ocrx_word' id='word_1_130' title='bbox 1901 3179 1982 3233; x_wconf 86' lang='lat' dir='ltr'><em>ita</em></span> 
     </span>
    </p>
   </div>
   <div class='ocr_carea' id='block_1_25' title="bbox 333 3270 1982 3354">
    <p class='ocr_par' dir='ltr' id='par_1_25' title="bbox 333 3270 1982 3354">
     <span class='ocr_line' id='line_1_25' title="bbox 333 3270 1982 3354; baseline -0.013 -12"><span class='ocrx_word' id='word_1_131' title='bbox 333 3286 518 3342; x_wconf 90' lang='lat' dir='ltr'><em>multo</em></span> <span class='ocrx_word' id='word_1_132' title='bbox 552 3289 682 3354; x_wconf 90' lang='lat' dir='ltr'><em>post</em></span> <span class='ocrx_word' id='word_1_133' title='bbox 710 3283 747 3337; x_wconf 91' lang='lat' dir='ltr'><em>ii</em></span> <span class='ocrx_word' id='word_1_134' title='bbox 782 3281 999 3353; x_wconf 88' lang='lat' dir='ltr'><em>quibus</em></span> <span class='ocrx_word' id='word_1_135' title='bbox 1025 3280 1171 3333; x_wconf 89' lang='lat' dir='ltr'><em>hanc</em></span> <span class='ocrx_word' id='word_1_136' title='bbox 1204 3292 1403 3331; x_wconf 88' lang='lat' dir='ltr'><em>curam</em></span> <span class='ocrx_word' id='word_1_137' title='bbox 1438 3273 1702 3335; x_wconf 87' lang='lat' dir='ltr'><em>dederat,</em></span> <span class='ocrx_word' id='word_1_138' title='bbox 1729 3270 1982 3324; x_wconf 85' lang='lat' dir='ltr'><em>adduxe-</em></span> 
     </span>
    </p>
   </div>
   <div class='ocr_carea' id='block_1_26' title="bbox 332 3358 1984 3443">
    <p class='ocr_par' dir='ltr' id='par_1_26' title="bbox 332 3358 1984 3443">
     <span class='ocr_line' id='line_1_26' title="bbox 332 3358 1984 3443; baseline -0.011 -14"><span class='ocrx_word' id='word_1_139' title='bbox 332 3379 473 3429; x_wconf 89' lang='lat' dir='ltr'><em>runt</em></span> <span class='ocrx_word' id='word_1_140' title='bbox 526 3373 639 3443; x_wconf 89' lang='lat' dir='ltr'><em>ipsi</em></span> <span class='ocrx_word' id='word_1_141' title='bbox 687 3371 876 3425; x_wconf 87' lang='lat' dir='ltr'><em>virum</em></span> <span class='ocrx_word' id='word_1_142' title='bbox 929 3366 1296 3438; x_wconf 86' lang='lat' dir='ltr'><em>prudentem,</em></span> <span class='ocrx_word' id='word_1_143' title='bbox 1344 3367 1519 3431; x_wconf 88' lang='lat' dir='ltr'><em>atque</em></span> <span class='ocrx_word' id='word_1_144' title='bbox 1568 3358 1728 3415; x_wconf 91' lang='lat' dir='ltr'><em>omni</em></span> <span class='ocrx_word' id='word_1_145' title='bbox 1772 3371 1984 3429; x_wconf 86' lang='lat' dir='ltr'><em>genere</em></span> 
     </span>
    </p>
   </div>
   <div class='ocr_carea' id='block_1_27' title="bbox 323 3445 1984 3523">
    <p class='ocr_par' dir='ltr' id='par_1_27' title="bbox 323 3445 1984 3523">
     <span class='ocr_line' id='line_1_27' title="bbox 323 3445 1984 3523; baseline -0.013 -3"><span class='ocrx_word' id='word_1_146' title='bbox 323 3462 733 3519; x_wconf 81' lang='lat' dir='ltr'><em>doctrinarum</em></span> <span class='ocrx_word' id='word_1_147' title='bbox 781 3455 1101 3523; x_wconf 89' lang='lat' dir='ltr'><em>eruditum,</em></span> <span class='ocrx_word' id='word_1_148' title='bbox 1135 3457 1258 3507; x_wconf 86' lang='lat' dir='ltr'><em>arte</em></span> <span class='ocrx_word' id='word_1_149' title='bbox 1288 3468 1354 3505; x_wconf 91' lang='lat' dir='ltr'><em>ac</em></span> <span class='ocrx_word' id='word_1_150' title='bbox 1386 3448 1750 3521; x_wconf 78' lang='lat' dir='ltr'><em>professione</em></span> <span class='ocrx_word' id='word_1_151' title='bbox 1798 3445 1984 3500; x_wconf 90' lang='lat' dir='ltr'><em>medi-</em></span> 
     </span>
    </p>
   </div>
   <div class='ocr_carea' id='block_1_28' title="bbox 328 3539 1978 3610">
    <p class='ocr_par' dir='ltr' id='par_1_28' title="bbox 328 3539 1978 3610">
     <span class='ocr_line' id='line_1_28' title="bbox 328 3539 1978 3610; baseline -0.01 -7"><span class='ocrx_word' id='word_1_152' title='bbox 328 3567 484 3610; x_wconf 83' lang='lat' dir='ltr'><em>cum.</em></span> <span class='ocrx_word' id='word_1_153' title='bbox 532 3547 769 3603; x_wconf 87' lang='lat' dir='ltr'><em>nomine</em></span> <span class='ocrx_word' id='word_1_154' title='bbox 820 3546 1110 3599; x_wconf 83' lang='lat' dir='ltr'><em>Perzoem.</em></span> <span class='ocrx_word' id='word_1_155' title='bbox 1146 3541 1249 3595; x_wconf 85' lang='lat' dir='ltr'><em>Hic</em></span> <span class='ocrx_word' id='word_1_156' title='bbox 1300 3555 1433 3594; x_wconf 90' lang='lat' dir='ltr'><em>cum</em></span> <span class='ocrx_word' id='word_1_157' title='bbox 1485 3539 1540 3591; x_wconf 90' lang='lat' dir='ltr'><em>in</em></span> <span class='ocrx_word' id='word_1_158' title='bbox 1602 3539 1978 3605; x_wconf 89' lang='lat' dir='ltr'><em>conspectum</em></span> 
     </span>
    </p>
   </div>
   <div class='ocr_carea' id='block_1_29' title="bbox 330 3623 1982 3707">
    <p class='ocr_par' dir='ltr' id='par_1_29' title="bbox 330 3623 1982 3707">
     <span class='ocr_line' id='line_1_29' title="bbox 330 3623 1982 3707; baseline -0.009 -16"><span class='ocrx_word' id='word_1_159' title='bbox 330 3639 584 3695; x_wconf 83' lang='lat' dir='ltr'><em>venisset</em></span> <span class='ocrx_word' id='word_1_160' title='bbox 616 3635 791 3707; x_wconf 89' lang='lat' dir='ltr'><em>regis,</em></span> <span class='ocrx_word' id='word_1_161' title='bbox 817 3630 1250 3689; x_wconf 81' lang='lat' dir='ltr'><em>demississime</em></span> <span class='ocrx_word' id='word_1_162' title='bbox 1290 3628 1684 3699; x_wconf 83' lang='lat' dir='ltr'><em>prostratione</em></span> <span class='ocrx_word' id='word_1_163' title='bbox 1722 3623 1982 3696; x_wconf 82' lang='lat' dir='ltr'><em>corporis</em></span> 
     </span>
    </p>
   </div>
   <div class='ocr_carea' id='block_1_30' title="bbox 336 3717 1983 3793">
    <p class='ocr_par' dir='ltr' id='par_1_30' title="bbox 336 3717 1983 3793">
     <span class='ocr_line' id='line_1_30' title="bbox 336 3717 1983 3793; baseline -0.011 -10"><span class='ocrx_word' id='word_1_164' title='bbox 336 3744 470 3783; x_wconf 91' lang='lat' dir='ltr'><em>cum</em></span> <span class='ocrx_word' id='word_1_165' title='bbox 529 3728 857 3793; x_wconf 85' lang='lat' dir='ltr'><em>veneratus,</em></span> <span class='ocrx_word' id='word_1_166' title='bbox 905 3720 1005 3775; x_wconf 87' lang='lat' dir='ltr'><em>ubi</em></span> <span class='ocrx_word' id='word_1_167' title='bbox 1068 3718 1511 3780; x_wconf 82' lang='lat' dir='ltr'><em>assurrexisset,</em></span> <span class='ocrx_word' id='word_1_168' title='bbox 1562 3717 1647 3770; x_wconf 89' lang='lat' dir='ltr'><em>sic</em></span> <span class='ocrx_word' id='word_1_169' title='bbox 1704 3717 1794 3768; x_wconf 90' lang='lat' dir='ltr'><em>est</em></span> <span class='ocrx_word' id='word_1_170' title='bbox 1848 3727 1983 3765; x_wconf 91' lang='lat' dir='ltr'><em>eum</em></span> 
     </span>
    </p>
   </div>
   <div class='ocr_carea' id='block_1_31' title="bbox 342 3807 1985 3876">
    <p class='ocr_par' dir='ltr' id='par_1_31' title="bbox 342 3807 1985 3876">
     <span class='ocr_line' id='line_1_31' title="bbox 342 3807 1985 3876; baseline -0.01 -3"><span class='ocrx_word' id='word_1_171' title='bbox 342 3821 553 3875; x_wconf 70' lang='lat' dir='ltr'><em>affatus</em></span> <span class='ocrx_word' id='word_1_172' title='bbox 582 3816 867 3873; x_wconf 88' lang='lat' dir='ltr'><em>Chosroes</em></span> <span class='ocrx_word' id='word_1_173' title='bbox 902 3830 915 3869; x_wconf 91' lang='lat'>:</span> <span class='ocrx_word' id='word_1_174' title='bbox 948 3812 1215 3867; x_wconf 87' lang='lat' dir='ltr'><em>Delatum</em></span> <span class='ocrx_word' id='word_1_175' title='bbox 1264 3809 1333 3863; x_wconf 85' lang='lat' dir='ltr'><em>ad</em></span> <span class='ocrx_word' id='word_1_176' title='bbox 1377 3825 1469 3863; x_wconf 91' lang='lat' dir='ltr'><em>me</em></span> <span class='ocrx_word' id='word_1_177' title='bbox 1499 3811 1589 3863; x_wconf 92' lang='lat' dir='ltr'><em>est</em></span> <span class='ocrx_word' id='word_1_178' title='bbox 1619 3807 1689 3861; x_wconf 93' lang='lat' dir='ltr'><em>de</em></span> <span class='ocrx_word' id='word_1_179' title='bbox 1721 3814 1817 3861; x_wconf 85' lang='lat' dir='ltr'><em>tua</em></span> <span class='ocrx_word' id='word_1_180' title='bbox 1848 3820 1985 3876; x_wconf 86' lang='lat' dir='ltr'><em>pru-</em></span> 
     </span>
    </p>
   </div>
   <div class='ocr_carea' id='block_1_32' title="bbox 343 3895 1985 3971">
    <p class='ocr_par' dir='ltr' id='par_1_32' title="bbox 343 3895 1985 3971">
     <span class='ocr_line' id='line_1_32' title="bbox 343 3895 1985 3971; baseline -0.01 -8"><span class='ocrx_word' id='word_1_181' title='bbox 343 3908 563 3971; x_wconf 79' lang='lat' dir='ltr'><em>dentis,</em></span> <span class='ocrx_word' id='word_1_182' title='bbox 597 3904 921 3960; x_wconf 88' lang='lat' dir='ltr'><em>eruditione</em></span> <span class='ocrx_word' id='word_1_183' title='bbox 954 3918 1019 3956; x_wconf 89' lang='lat' dir='ltr'><em>ac</em></span> <span class='ocrx_word' id='word_1_184' title='bbox 1044 3897 1474 3954; x_wconf 85' lang='lat' dir='ltr'><em>virtute.Venit</em></span> <span class='ocrx_word' id='word_1_185' title='bbox 1507 3913 1677 3969; x_wconf 89' lang='lat' dir='ltr'><em>porro</em></span> <span class='ocrx_word' id='word_1_186' title='bbox 1707 3895 1764 3949; x_wconf 93' lang='lat' dir='ltr'><em>in</em></span> <span class='ocrx_word' id='word_1_187' title='bbox 1798 3908 1985 3949; x_wconf 86' lang='lat' dir='ltr'><em>meam</em></span> 
     </span>
    </p>
   </div>
   <div class='ocr_carea' id='block_1_33' title="bbox 346 3982 1987 4060">
    <p class='ocr_par' dir='ltr' id='par_1_33' title="bbox 346 3982 1987 4060">
     <span class='ocr_line' id='line_1_33' title="bbox 346 3982 1987 4060; baseline -0.012 -7"><span class='ocrx_word' id='word_1_188' title='bbox 346 3998 609 4055; x_wconf 82' lang='lat' dir='ltr'><em>notitiam</em></span> <span class='ocrx_word' id='word_1_189' title='bbox 660 3995 817 4049; x_wconf 78' lang='lat' dir='ltr'><em>fama</em></span> <span class='ocrx_word' id='word_1_190' title='bbox 864 3991 999 4047; x_wconf 92' lang='lat' dir='ltr'><em>libri</em></span> <span class='ocrx_word' id='word_1_191' title='bbox 1058 3989 1367 4060; x_wconf 89' lang='lat' dir='ltr'><em>cujusdam</em></span> <span class='ocrx_word' id='word_1_192' title='bbox 1420 3986 1477 4040; x_wconf 89' lang='lat' dir='ltr'><em>in</em></span> <span class='ocrx_word' id='word_1_193' title='bbox 1540 3984 1724 4041; x_wconf 60' lang='lat' dir='ltr'><em>India&#39;</em></span> <span class='ocrx_word' id='word_1_194' title='bbox 1752 3982 1987 4047; x_wconf 86' lang='lat' dir='ltr'><em>servati,</em></span> 
     </span>
    </p>
   </div>
   <div class='ocr_carea' id='block_1_34' title="bbox 346 4075 1990 4160">
    <p class='ocr_par' dir='ltr' id='par_1_34' title="bbox 346 4075 1990 4160">
     <span class='ocr_line' id='line_1_34' title="bbox 346 4075 1990 4160; baseline -0.012 -16"><span class='ocrx_word' id='word_1_195' title='bbox 346 4091 634 4160; x_wconf 70' lang='lat' dir='ltr'><em>praecepta</em></span> <span class='ocrx_word' id='word_1_196' title='bbox 674 4099 903 4139; x_wconf 89' lang='lat' dir='ltr'><em>morum</em></span> <span class='ocrx_word' id='word_1_197' title='bbox 957 4078 1248 4152; x_wconf 54' lang='lat' dir='ltr'><em>praeclara,</em></span> <span class='ocrx_word' id='word_1_198' title='bbox 1281 4075 1463 4149; x_wconf 88' lang='lat' dir='ltr'><em>gratis</em></span> <span class='ocrx_word' id='word_1_199' title='bbox 1508 4075 1729 4129; x_wconf 91' lang='lat' dir='ltr'><em>intexta</em></span> <span class='ocrx_word' id='word_1_200' title='bbox 1778 4088 1990 4127; x_wconf 89' lang='lat' dir='ltr'><em>narra-</em></span> 
     </span>
    </p>
   </div>
   <div class='ocr_carea' id='block_1_35' title="bbox 346 4159 1993 4244">
    <p class='ocr_par' dir='ltr' id='par_1_35' title="bbox 346 4159 1993 4244">
     <span class='ocr_line' id='line_1_35' title="bbox 346 4159 1993 4244; baseline -0.012 -12"><span class='ocrx_word' id='word_1_201' title='bbox 346 4175 648 4244; x_wconf 89' lang='lat' dir='ltr'><em>tiunculis,</em></span> <span class='ocrx_word' id='word_1_202' title='bbox 683 4171 999 4227; x_wconf 81' lang='lat' dir='ltr'><em>utilissime</em></span> <span class='ocrx_word' id='word_1_203' title='bbox 1048 4166 1354 4221; x_wconf 85' lang='lat' dir='ltr'><em>tradentis.</em></span> <span class='ocrx_word' id='word_1_204' title='bbox 1390 4165 1577 4234; x_wconf 85' lang='lat' dir='ltr'><em>Hujus</em></span> <span class='ocrx_word' id='word_1_205' title='bbox 1622 4179 1728 4235; x_wconf 87' lang='lat' dir='ltr'><em>ego</em></span> <span class='ocrx_word' id='word_1_206' title='bbox 1757 4159 1993 4214; x_wconf 91' lang='lat' dir='ltr'><em>videndi</em></span> 
     </span>
    </p>
   </div>
   <div class='ocr_carea' id='block_1_36' title="bbox 347 4250 1996 4331">
    <p class='ocr_par' dir='ltr' id='par_1_36' title="bbox 347 4250 1996 4331">
     <span class='ocr_line' id='line_1_36' title="bbox 347 4250 1996 4331; baseline -0.011 -10"><span class='ocrx_word' id='word_1_207' title='bbox 347 4261 943 4331; x_wconf 88' lang='lat' dir='ltr'><em>communicandique</em></span> <span class='ocrx_word' id='word_1_208' title='bbox 996 4256 1188 4314; x_wconf 87' lang='lat' dir='ltr'><em>Persis</em></span> <span class='ocrx_word' id='word_1_209' title='bbox 1233 4254 1379 4310; x_wconf 87' lang='lat' dir='ltr'><em>meis</em></span> <span class='ocrx_word' id='word_1_210' title='bbox 1412 4252 1631 4325; x_wconf 81' lang='lat' dir='ltr'><em>ingenti</em></span> <span class='ocrx_word' id='word_1_211' title='bbox 1664 4256 1865 4306; x_wconf 90' lang='lat' dir='ltr'><em>teneor</em></span> <span class='ocrx_word' id='word_1_212' title='bbox 1893 4250 1996 4303; x_wconf 87' lang='lat' dir='ltr'><em>de-</em></span> 
     </span>
    </p>
   </div>
   <div class='ocr_carea' id='block_1_37' title="bbox 350 4343 1999 4412">
    <p class='ocr_par' dir='ltr' id='par_1_37' title="bbox 350 4343 1999 4412">
     <span class='ocr_line' id='line_1_37' title="bbox 350 4343 1999 4412; baseline -0.011 -3"><span class='ocrx_word' id='word_1_213' title='bbox 350 4353 585 4409; x_wconf 89' lang='lat' dir='ltr'><em>siderio.</em></span> <span class='ocrx_word' id='word_1_214' title='bbox 611 4351 716 4405; x_wconf 85' lang='lat' dir='ltr'><em>Hic</em></span> <span class='ocrx_word' id='word_1_215' title='bbox 745 4366 876 4403; x_wconf 91' lang='lat' dir='ltr'><em>cum</em></span> <span class='ocrx_word' id='word_1_216' title='bbox 908 4354 1151 4404; x_wconf 86' lang='lat' dir='ltr'><em>Perzoes</em></span> <span class='ocrx_word' id='word_1_217' title='bbox 1182 4345 1252 4401; x_wconf 89' lang='lat' dir='ltr'><em>ad</em></span> <span class='ocrx_word' id='word_1_218' title='bbox 1288 4358 1517 4399; x_wconf 88' lang='lat' dir='ltr'><em>omnem</em></span> <span class='ocrx_word' id='word_1_219' title='bbox 1555 4356 1789 4412; x_wconf 85' lang='lat' dir='ltr'><em>operam</em></span> <span class='ocrx_word' id='word_1_220' title='bbox 1822 4343 1999 4409; x_wconf 89' lang='lat' dir='ltr'><em>atque</em></span> 
     </span>
    </p>
   </div>
   <div class='ocr_carea' id='block_1_38' title="bbox 350 4428 1999 4511">
    <p class='ocr_par' dir='ltr' id='par_1_38' title="bbox 350 4428 1999 4511">
     <span class='ocr_line' id='line_1_38' title="bbox 350 4428 1999 4511; baseline -0.01 -14"><span class='ocrx_word' id='word_1_221' title='bbox 350 4440 697 4511; x_wconf 83' lang='lat' dir='ltr'><em>obsequium</em></span> <span class='ocrx_word' id='word_1_222' title='bbox 756 4454 884 4493; x_wconf 89' lang='lat' dir='ltr'><em>sese</em></span> <span class='ocrx_word' id='word_1_223' title='bbox 943 4438 1282 4508; x_wconf 90' lang='lat' dir='ltr'><em>promptum</em></span> <span class='ocrx_word' id='word_1_224' title='bbox 1344 4430 1677 4499; x_wconf 87' lang='lat' dir='ltr'><em>obtulisset,</em></span> <span class='ocrx_word' id='word_1_225' title='bbox 1724 4428 1999 4500; x_wconf 69' lang='lat' dir='ltr'><em>praecepit</em></span> 
     </span>
    </p>
   </div>
   <div class='ocr_carea' id='block_1_39' title="bbox 351 4517 2000 4594">
    <p class='ocr_par' dir='ltr' id='par_1_39' title="bbox 351 4517 2000 4594">
     <span class='ocr_line' id='line_1_39' title="bbox 351 4517 2000 4594; baseline -0.009 -8"><span class='ocrx_word' id='word_1_226' title='bbox 351 4547 451 4586; x_wconf 85' lang='lat' dir='ltr'><em>rex</em></span> <span class='ocrx_word' id='word_1_227' title='bbox 506 4529 556 4584; x_wconf 91' lang='lat' dir='ltr'><em>ei</em></span> <span class='ocrx_word' id='word_1_228' title='bbox 618 4528 913 4584; x_wconf 87' lang='lat' dir='ltr'><em>numerari</em></span> <span class='ocrx_word' id='word_1_229' title='bbox 966 4528 1196 4581; x_wconf 87' lang='lat' dir='ltr'><em>tantum</em></span> <span class='ocrx_word' id='word_1_230' title='bbox 1276 4521 1535 4594; x_wconf 71' lang='lat' dir='ltr'><em>pecunias</em></span> <span class='ocrx_word' id='word_1_231' title='bbox 1593 4522 1879 4591; x_wconf 89' lang='lat' dir='ltr'><em>quantum</em></span> <span class='ocrx_word' id='word_1_232' title='bbox 1938 4517 2000 4572; x_wconf 89' lang='lat' dir='ltr'><em>in</em></span> 
     </span>
    </p>
   </div>
   <div class='ocr_carea' id='block_1_40' title="bbox 348 4607 2001 4677">
    <p class='ocr_par' dir='ltr' id='par_1_40' title="bbox 348 4607 2001 4677">
     <span class='ocr_line' id='line_1_40' title="bbox 348 4607 2001 4677; baseline -0.008 -2"><span class='ocrx_word' id='word_1_233' title='bbox 348 4620 629 4677; x_wconf 81' lang='lat' dir='ltr'><em>viaticum</em></span> <span class='ocrx_word' id='word_1_234' title='bbox 663 4623 720 4672; x_wconf 86' lang='lat' dir='ltr'><em>et</em></span> <span class='ocrx_word' id='word_1_235' title='bbox 749 4614 1267 4672; x_wconf 89' lang='lat' dir='ltr'><em>commorationem</em></span> <span class='ocrx_word' id='word_1_236' title='bbox 1309 4612 1367 4666; x_wconf 92' lang='lat' dir='ltr'><em>in</em></span> <span class='ocrx_word' id='word_1_237' title='bbox 1414 4611 1577 4666; x_wconf 86' lang='lat' dir='ltr'><em>India</em></span> <span class='ocrx_word' id='word_1_238' title='bbox 1610 4607 2001 4665; x_wconf 90' lang='lat' dir='ltr'><em>necessariam</em></span> 
     </span>
    </p>
   </div>
   <div class='ocr_carea' id='block_1_41' title="bbox 352 4695 2004 4779">
    <p class='ocr_par' dir='ltr' id='par_1_41' title="bbox 352 4695 2004 4779">
     <span class='ocr_line' id='line_1_41' title="bbox 352 4695 2004 4779; baseline -0.009 -15"><span class='ocrx_word' id='word_1_239' title='bbox 352 4710 421 4764; x_wconf 89' lang='lat' dir='ltr'><em>ad</em></span> <span class='ocrx_word' id='word_1_240' title='bbox 455 4722 577 4763; x_wconf 91' lang='lat' dir='ltr'><em>rem</em></span> <span class='ocrx_word' id='word_1_241' title='bbox 611 4723 737 4779; x_wconf 69' lang='lat' dir='ltr'><em>quae</em></span> <span class='ocrx_word' id='word_1_242' title='bbox 778 4704 1198 4775; x_wconf 87' lang='lat' dir='ltr'><em>injungebatur</em></span> <span class='ocrx_word' id='word_1_243' title='bbox 1237 4700 1469 4755; x_wconf 86' lang='lat' dir='ltr'><em>abunde</em></span> <span class='ocrx_word' id='word_1_244' title='bbox 1502 4698 1885 4755; x_wconf 74' lang='lat' dir='ltr'><em>suffecturum</em></span> <span class='ocrx_word' id='word_1_245' title='bbox 1916 4695 2004 4750; x_wconf 89' lang='lat' dir='ltr'><em>vi-</em></span> 
     </span>
    </p>
   </div>
   <div class='ocr_carea' id='block_1_42' title="bbox 2074 2199 3745 2272">
    <p class='ocr_par' dir='ltr' id='par_1_42' title="bbox 2074 2199 3745 2272">
     <span class='ocr_line' id='line_1_42' title="bbox 2074 2199 3745 2272; baseline 0.003 -18"><span class='ocrx_word' id='word_1_246' title='bbox 2074 2199 2359 2254; x_wconf 70' lang='lat' dir='ltr'><em>facundiaa</em></span> <span class='ocrx_word' id='word_1_247' title='bbox 2392 2215 2626 2272; x_wconf 91' lang='lat' dir='ltr'><em>quoque</em></span> <span class='ocrx_word' id='word_1_248' title='bbox 2680 2204 2738 2254; x_wconf 89' lang='lat' dir='ltr'><em>et</em></span> <span class='ocrx_word' id='word_1_249' title='bbox 2786 2199 3137 2256; x_wconf 87' lang='lat' dir='ltr'><em>eruditionis</em></span> <span class='ocrx_word' id='word_1_250' title='bbox 3184 2201 3517 2272; x_wconf 61' lang='lat' dir='ltr'><em>omnigenis</em></span> <span class='ocrx_word' id='word_1_251' title='bbox 3572 2202 3745 2259; x_wconf 77' lang='lat' dir='ltr'><em>laude</em></span> 
     </span>
    </p>
   </div>
   <div class='ocr_carea' id='block_1_43' title="bbox 2072 2288 3741 2363">
    <p class='ocr_par' dir='ltr' id='par_1_43' title="bbox 2072 2288 3741 2363">
     <span class='ocr_line' id='line_1_43' title="bbox 2072 2288 3741 2363; baseline 0.001 -18"><span class='ocrx_word' id='word_1_252' title='bbox 2072 2288 2425 2361; x_wconf 88' lang='lat' dir='ltr'><em>conspicuis.</em></span> <span class='ocrx_word' id='word_1_253' title='bbox 2456 2288 2605 2353; x_wconf 88' lang='lat' dir='ltr'><em>Quin</em></span> <span class='ocrx_word' id='word_1_254' title='bbox 2630 2288 2805 2344; x_wconf 88' lang='lat' dir='ltr'><em>etiam</em></span> <span class='ocrx_word' id='word_1_255' title='bbox 2834 2290 3259 2361; x_wconf 66' lang='lat' dir='ltr'><em>prmeipuorum</em></span> <span class='ocrx_word' id='word_1_256' title='bbox 3283 2307 3353 2346; x_wconf 89' lang='lat' dir='ltr'><em>ex</em></span> <span class='ocrx_word' id='word_1_257' title='bbox 3372 2291 3531 2363; x_wconf 90' lang='lat' dir='ltr'><em>ipsis</em></span> <span class='ocrx_word' id='word_1_258' title='bbox 3556 2292 3741 2348; x_wconf 83' lang='lat' dir='ltr'><em>maxi-</em></span> 
     </span>
    </p>
   </div>
   <div class='ocr_carea' id='block_1_44' title="bbox 2073 2377 3741 2453">
    <p class='ocr_par' dir='ltr' id='par_1_44' title="bbox 2073 2377 3741 2453">
     <span class='ocr_line' id='line_1_44' title="bbox 2073 2377 3741 2453; baseline 0.002 -20"><span class='ocrx_word' id='word_1_259' title='bbox 2073 2394 2278 2449; x_wconf 88' lang='lat' dir='ltr'><em>meque</em></span> <span class='ocrx_word' id='word_1_260' title='bbox 2318 2377 2640 2433; x_wconf 81' lang='lat' dir='ltr'><em>illustrium</em></span> <span class='ocrx_word' id='word_1_261' title='bbox 2693 2377 2899 2433; x_wconf 89' lang='lat' dir='ltr'><em>limina</em></span> <span class='ocrx_word' id='word_1_262' title='bbox 2944 2379 3189 2445; x_wconf 85' lang='lat' dir='ltr'><em>terebat,</em></span> <span class='ocrx_word' id='word_1_263' title='bbox 3222 2379 3383 2435; x_wconf 91' lang='lat' dir='ltr'><em>domi</em></span> <span class='ocrx_word' id='word_1_264' title='bbox 3436 2396 3741 2453; x_wconf 85' lang='lat' dir='ltr'><em>quemque</em></span> 
     </span>
    </p>
   </div>
   <div class='ocr_carea' id='block_1_45' title="bbox 2076 2466 3745 2541">
    <p class='ocr_par' dir='ltr' id='par_1_45' title="bbox 2076 2466 3745 2541">
     <span class='ocr_line' id='line_1_45' title="bbox 2076 2466 3745 2541; baseline 0.001 -18"><span class='ocrx_word' id='word_1_265' title='bbox 2076 2467 2429 2524; x_wconf 90' lang='lat' dir='ltr'><em>conveniens</em></span> <span class='ocrx_word' id='word_1_266' title='bbox 2462 2483 2528 2522; x_wconf 89' lang='lat' dir='ltr'><em>ac</em></span> <span class='ocrx_word' id='word_1_267' title='bbox 2561 2466 2827 2522; x_wconf 85' lang='lat' dir='ltr'><em>salutans</em></span> <span class='ocrx_word' id='word_1_268' title='bbox 2849 2483 2991 2537; x_wconf 67' lang='lat' dir='ltr'><em>suae,</em></span> <span class='ocrx_word' id='word_1_269' title='bbox 3015 2471 3071 2522; x_wconf 91' lang='lat' dir='ltr'><em>et</em></span> <span class='ocrx_word' id='word_1_270' title='bbox 3093 2472 3160 2523; x_wconf 91' lang='lat' dir='ltr'><em>ut</em></span> <span class='ocrx_word' id='word_1_271' title='bbox 3182 2468 3451 2540; x_wconf 84' lang='lat' dir='ltr'><em>ipsorum</em></span> <span class='ocrx_word' id='word_1_272' title='bbox 3484 2471 3745 2541; x_wconf 80' lang='lat' dir='ltr'><em>promis-</em></span> 
     </span>
    </p>
   </div>
   <div class='ocr_carea' id='block_1_46' title="bbox 2077 2554 3747 2626">
    <p class='ocr_par' dir='ltr' id='par_1_46' title="bbox 2077 2554 3747 2626">
     <span class='ocr_line' id='line_1_46' title="bbox 2077 2554 3747 2626; baseline -0.001 -14"><span class='ocrx_word' id='word_1_273' title='bbox 2077 2573 2185 2612; x_wconf 92' lang='lat' dir='ltr'><em>cuo</em></span> <span class='ocrx_word' id='word_1_274' title='bbox 2219 2571 2490 2611; x_wconf 90' lang='lat' dir='ltr'><em>sermone</em></span> <span class='ocrx_word' id='word_1_275' title='bbox 2534 2554 2894 2626; x_wconf 81' lang='lat' dir='ltr'><em>proficiebat,</em></span> <span class='ocrx_word' id='word_1_276' title='bbox 2927 2555 3013 2611; x_wconf 90' lang='lat' dir='ltr'><em>sic</em></span> <span class='ocrx_word' id='word_1_277' title='bbox 3043 2560 3103 2612; x_wconf 89' lang='lat' dir='ltr'><em>et</em></span> <span class='ocrx_word' id='word_1_278' title='bbox 3134 2555 3251 2612; x_wconf 89' lang='lat' dir='ltr'><em>illis</em></span> <span class='ocrx_word' id='word_1_279' title='bbox 3281 2557 3555 2613; x_wconf 87' lang='lat' dir='ltr'><em>vicissim</em></span> <span class='ocrx_word' id='word_1_280' title='bbox 3588 2558 3747 2613; x_wconf 87' lang='lat' dir='ltr'><em>haud</em></span> 
     </span>
    </p>
   </div>
   <div class='ocr_carea' id='block_1_47' title="bbox 2080 2643 3752 2718">
    <p class='ocr_par' dir='ltr' id='par_1_47' title="bbox 2080 2643 3752 2718">
     <span class='ocr_line' id='line_1_47' title="bbox 2080 2643 3752 2718; baseline 0 -17"><span class='ocrx_word' id='word_1_281' title='bbox 2080 2646 2376 2716; x_wconf 83' lang='lat' dir='ltr'><em>ingratum</em></span> <span class='ocrx_word' id='word_1_282' title='bbox 2410 2643 2705 2700; x_wconf 83' lang='lat' dir='ltr'><em>comitatis</em></span> <span class='ocrx_word' id='word_1_283' title='bbox 2748 2648 2809 2699; x_wconf 91' lang='lat' dir='ltr'><em>et</em></span> <span class='ocrx_word' id='word_1_284' title='bbox 2855 2643 3036 2699; x_wconf 90' lang='lat' dir='ltr'><em>studii</em></span> <span class='ocrx_word' id='word_1_285' title='bbox 3086 2646 3389 2718; x_wconf 87' lang='lat' dir='ltr'><em>specimen</em></span> <span class='ocrx_word' id='word_1_286' title='bbox 3438 2646 3752 2713; x_wconf 81' lang='lat' dir='ltr'><em>exhibens,</em></span> 
     </span>
    </p>
   </div>
   <div class='ocr_carea' id='block_1_48' title="bbox 2083 2733 3754 2808">
    <p class='ocr_par' dir='ltr' id='par_1_48' title="bbox 2083 2733 3754 2808">
     <span class='ocr_line' id='line_1_48' title="bbox 2083 2733 3754 2808; baseline 0 -17"><span class='ocrx_word' id='word_1_287' title='bbox 2083 2754 2197 2791; x_wconf 93' lang='lat' dir='ltr'><em>non</em></span> <span class='ocrx_word' id='word_1_288' title='bbox 2241 2752 2415 2806; x_wconf 91' lang='lat' dir='ltr'><em>parva</em></span> <span class='ocrx_word' id='word_1_289' title='bbox 2460 2752 2570 2790; x_wconf 88' lang='lat' dir='ltr'><em>sua</em></span> <span class='ocrx_word' id='word_1_290' title='bbox 2616 2733 2813 2790; x_wconf 89' lang='lat' dir='ltr'><em>laude.</em></span> <span class='ocrx_word' id='word_1_291' title='bbox 2845 2734 3023 2791; x_wconf 87' lang='lat' dir='ltr'><em>Porro</em></span> <span class='ocrx_word' id='word_1_292' title='bbox 3070 2735 3131 2791; x_wconf 89' lang='lat' dir='ltr'><em>in</em></span> <span class='ocrx_word' id='word_1_293' title='bbox 3180 2735 3275 2792; x_wconf 89' lang='lat' dir='ltr'><em>his</em></span> <span class='ocrx_word' id='word_1_294' title='bbox 3325 2736 3754 2808; x_wconf 79' lang='lat' dir='ltr'><em>congressibus</em></span> 
     </span>
    </p>
   </div>
   <div class='ocr_carea' id='block_1_49' title="bbox 2084 2823 3751 2897">
    <p class='ocr_par' dir='ltr' id='par_1_49' title="bbox 2084 2823 3751 2897">
     <span class='ocr_line' id='line_1_49' title="bbox 2084 2823 3751 2897; baseline 0.001 -18"><span class='ocrx_word' id='word_1_295' title='bbox 2084 2823 2541 2896; x_wconf 89' lang='lat' dir='ltr'><em>diligentissime</em></span> <span class='ocrx_word' id='word_1_296' title='bbox 2572 2828 2834 2891; x_wconf 86' lang='lat' dir='ltr'><em>cavebat,</em></span> <span class='ocrx_word' id='word_1_297' title='bbox 2857 2839 2931 2878; x_wconf 93' lang='lat' dir='ltr'><em>ne</em></span> <span class='ocrx_word' id='word_1_298' title='bbox 2961 2824 3101 2897; x_wconf 90' lang='lat' dir='ltr'><em>quid</em></span> <span class='ocrx_word' id='word_1_299' title='bbox 3136 2830 3336 2897; x_wconf 85' lang='lat' dir='ltr'><em>ageret</em></span> <span class='ocrx_word' id='word_1_300' title='bbox 3370 2832 3473 2881; x_wconf 87' lang='lat' dir='ltr'><em>aut</em></span> <span class='ocrx_word' id='word_1_301' title='bbox 3507 2825 3751 2892; x_wconf 83' lang='lat' dir='ltr'><em>diceret,</em></span> 
     </span>
    </p>
   </div>
   <div class='ocr_carea' id='block_1_50' title="bbox 2086 2911 3754 2986">
    <p class='ocr_par' dir='ltr' id='par_1_50' title="bbox 2086 2911 3754 2986">
     <span class='ocr_line' id='line_1_50' title="bbox 2086 2911 3754 2986; baseline 0.002 -18"><span class='ocrx_word' id='word_1_302' title='bbox 2086 2914 2241 2968; x_wconf 87' lang='lat' dir='ltr'><em>unde</em></span> <span class='ocrx_word' id='word_1_303' title='bbox 2272 2911 2544 2968; x_wconf 89' lang='lat' dir='ltr'><em>subolere</em></span> <span class='ocrx_word' id='word_1_304' title='bbox 2591 2912 2867 2984; x_wconf 90' lang='lat' dir='ltr'><em>cuiquam</em></span> <span class='ocrx_word' id='word_1_305' title='bbox 2901 2917 3101 2986; x_wconf 85' lang='lat' dir='ltr'><em>posset</em></span> <span class='ocrx_word' id='word_1_306' title='bbox 3130 2913 3361 2971; x_wconf 84' lang='lat' dir='ltr'><em>venisse</em></span> <span class='ocrx_word' id='word_1_307' title='bbox 3415 2914 3623 2985; x_wconf 83' lang='lat' dir='ltr'><em>ipsum</em></span> <span class='ocrx_word' id='word_1_308' title='bbox 3657 2933 3754 2971; x_wconf 82' lang='lat' dir='ltr'><em>ex-</em></span> 
     </span>
    </p>
   </div>
   <div class='ocr_carea' id='block_1_51' title="bbox 2084 3000 3752 3074">
    <p class='ocr_par' dir='ltr' id='par_1_51' title="bbox 2084 3000 3752 3074">
     <span class='ocr_line' id='line_1_51' title="bbox 2084 3000 3752 3074; baseline 0.001 -17"><span class='ocrx_word' id='word_1_309' title='bbox 2084 3001 2380 3057; x_wconf 84' lang='lat' dir='ltr'><em>scribendi</em></span> <span class='ocrx_word' id='word_1_310' title='bbox 2429 3018 2607 3057; x_wconf 85' lang='lat' dir='ltr'><em>causa</em></span> <span class='ocrx_word' id='word_1_311' title='bbox 2654 3000 2811 3068; x_wconf 87' lang='lat' dir='ltr'><em>libri,</em></span> <span class='ocrx_word' id='word_1_312' title='bbox 2854 3018 3027 3074; x_wconf 90' lang='lat' dir='ltr'><em>quem</em></span> <span class='ocrx_word' id='word_1_313' title='bbox 3082 3003 3257 3059; x_wconf 88' lang='lat' dir='ltr'><em>Indos</em></span> <span class='ocrx_word' id='word_1_314' title='bbox 3308 3003 3541 3059; x_wconf 84' lang='lat' dir='ltr'><em>sciebat</em></span> <span class='ocrx_word' id='word_1_315' title='bbox 3591 3002 3752 3060; x_wconf 83' lang='lat' dir='ltr'><em>nolle</em></span> 
     </span>
    </p>
   </div>
   <div class='ocr_carea' id='block_1_52' title="bbox 2085 3090 3756 3164">
    <p class='ocr_par' dir='ltr' id='par_1_52' title="bbox 2085 3090 3756 3164">
     <span class='ocr_line' id='line_1_52' title="bbox 2085 3090 3756 3164; baseline 0.001 -17"><span class='ocrx_word' id='word_1_316' title='bbox 2085 3090 2504 3147; x_wconf 90' lang='lat' dir='ltr'><em>communicari</em></span> <span class='ocrx_word' id='word_1_317' title='bbox 2550 3090 2821 3160; x_wconf 85' lang='lat' dir='ltr'><em>gentibus</em></span> <span class='ocrx_word' id='word_1_318' title='bbox 2861 3092 3071 3147; x_wconf 81' lang='lat' dir='ltr'><em>exteris</em></span> <span class='ocrx_word' id='word_1_319' title='bbox 3102 3108 3116 3147; x_wconf 88' lang='lat'><strong>:</strong></span> <span class='ocrx_word' id='word_1_320' title='bbox 3146 3096 3377 3148; x_wconf 89' lang='lat' dir='ltr'><em>tantum</em></span> <span class='ocrx_word' id='word_1_321' title='bbox 3415 3110 3539 3164; x_wconf 73' lang='lat' dir='ltr'><em>pra:</em></span> <span class='ocrx_word' id='word_1_322' title='bbox 3566 3110 3633 3149; x_wconf 86' lang='lat' dir='ltr'><em>se</em></span> <span class='ocrx_word' id='word_1_323' title='bbox 3670 3094 3756 3149; x_wconf 76' lang='lat' dir='ltr'><em>.‘e-</em></span> 
     </span>
    </p>
   </div>
   <div class='ocr_carea' id='block_1_53' title="bbox 2086 3181 3757 3253">
    <p class='ocr_par' dir='ltr' id='par_1_53' title="bbox 2086 3181 3757 3253">
     <span class='ocr_line' id='line_1_53' title="bbox 2086 3181 3757 3253; baseline -0.001 -14"><span class='ocrx_word' id='word_1_324' title='bbox 2086 3184 2253 3239; x_wconf 87' lang='lat' dir='ltr'><em>rebat</em></span> <span class='ocrx_word' id='word_1_325' title='bbox 2287 3182 2495 3253; x_wconf 89' lang='lat' dir='ltr'><em>ingens</em></span> <span class='ocrx_word' id='word_1_326' title='bbox 2525 3181 2880 3237; x_wconf 88' lang='lat' dir='ltr'><em>desiderium</em></span> <span class='ocrx_word' id='word_1_327' title='bbox 2916 3182 3204 3249; x_wconf 85' lang='lat' dir='ltr'><em>discendi,</em></span> <span class='ocrx_word' id='word_1_328' title='bbox 3238 3182 3542 3239; x_wconf 86' lang='lat' dir='ltr'><em>simulans</em></span> <span class='ocrx_word' id='word_1_329' title='bbox 3574 3184 3757 3239; x_wconf 86' lang='lat' dir='ltr'><em>etiam</em></span> 
     </span>
    </p>
   </div>
   <div class='ocr_carea' id='block_1_54' title="bbox 2088 3270 3757 3344">
    <p class='ocr_par' dir='ltr' id='par_1_54' title="bbox 2088 3270 3757 3344">
     <span class='ocr_line' id='line_1_54' title="bbox 2088 3270 3757 3344; baseline 0 -15"><span class='ocrx_word' id='word_1_330' title='bbox 2088 3290 2151 3329; x_wconf 92' lang='lat' dir='ltr'><em>se</em></span> <span class='ocrx_word' id='word_1_331' title='bbox 2181 3274 2488 3344; x_wconf 85' lang='lat' dir='ltr'><em>ignarum;</em></span> <span class='ocrx_word' id='word_1_332' title='bbox 2518 3276 2576 3326; x_wconf 89' lang='lat' dir='ltr'><em>et</em></span> <span class='ocrx_word' id='word_1_333' title='bbox 2606 3274 2768 3326; x_wconf 87' lang='lat' dir='ltr'><em>tanta</em></span> <span class='ocrx_word' id='word_1_334' title='bbox 2814 3270 3115 3328; x_wconf 84' lang='lat' dir='ltr'><em>docilitate</em></span> <span class='ocrx_word' id='word_1_335' title='bbox 3163 3273 3415 3330; x_wconf 87' lang='lat' dir='ltr'><em>audiens</em></span> <span class='ocrx_word' id='word_1_336' title='bbox 3448 3273 3757 3330; x_wconf 82' lang='lat' dir='ltr'><em>interdum</em></span> 
     </span>
    </p>
   </div>
   <div class='ocr_carea' id='block_1_55' title="bbox 2091 3359 3763 3434">
    <p class='ocr_par' dir='ltr' id='par_1_55' title="bbox 2091 3359 3763 3434">
     <span class='ocr_line' id='line_1_55' title="bbox 2091 3359 3763 3434; baseline 0.001 -17"><span class='ocrx_word' id='word_1_337' title='bbox 2091 3362 2203 3417; x_wconf 88' lang='lat' dir='ltr'><em>sibi</em></span> <span class='ocrx_word' id='word_1_338' title='bbox 2237 3365 2397 3427; x_wconf 89' lang='lat' dir='ltr'><em>nota,</em></span> <span class='ocrx_word' id='word_1_339' title='bbox 2431 3361 2572 3415; x_wconf 90' lang='lat' dir='ltr'><em>dum</em></span> <span class='ocrx_word' id='word_1_340' title='bbox 2607 3360 2679 3415; x_wconf 91' lang='lat' dir='ltr'><em>ab</em></span> <span class='ocrx_word' id='word_1_341' title='bbox 2711 3359 2986 3429; x_wconf 90' lang='lat' dir='ltr'><em>exoratis,</em></span> <span class='ocrx_word' id='word_1_342' title='bbox 3018 3365 3086 3416; x_wconf 91' lang='lat' dir='ltr'><em>ut</em></span> <span class='ocrx_word' id='word_1_343' title='bbox 3114 3377 3176 3416; x_wconf 91' lang='lat' dir='ltr'><em>se</em></span> <span class='ocrx_word' id='word_1_344' title='bbox 3210 3379 3326 3418; x_wconf 81' lang='lat' dir='ltr'><em>non</em></span> <span class='ocrx_word' id='word_1_345' title='bbox 3360 3370 3763 3434; x_wconf 82' lang='lat' dir='ltr'><em>gravarentur</em></span> 
     </span>
    </p>
   </div>
   <div class='ocr_carea' id='block_1_56' title="bbox 2096 3448 3765 3524">
    <p class='ocr_par' dir='ltr' id='par_1_56' title="bbox 2096 3448 3765 3524">
     <span class='ocr_line' id='line_1_56' title="bbox 2096 3448 3765 3524; baseline 0.001 -19"><span class='ocrx_word' id='word_1_346' title='bbox 2096 3450 2451 3523; x_wconf 90' lang='lat' dir='ltr'><em>discipulum</em></span> <span class='ocrx_word' id='word_1_347' title='bbox 2514 3448 2887 3521; x_wconf 89' lang='lat' dir='ltr'><em>peregrinum</em></span> <span class='ocrx_word' id='word_1_348' title='bbox 2932 3450 3187 3519; x_wconf 86' lang='lat' dir='ltr'><em>erudire,</em></span> <span class='ocrx_word' id='word_1_349' title='bbox 3245 3452 3765 3524; x_wconf 73' lang='lat' dir='ltr'><em>gymnosophistis</em></span> 
     </span>
    </p>
   </div>
   <div class='ocr_carea' id='block_1_57' title="bbox 2098 3538 3763 3611">
    <p class='ocr_par' dir='ltr' id='par_1_57' title="bbox 2098 3538 3763 3611">
     <span class='ocr_line' id='line_1_57' title="bbox 2098 3538 3763 3611; baseline 0.001 -17"><span class='ocrx_word' id='word_1_350' title='bbox 2098 3540 2490 3605; x_wconf 88' lang='lat' dir='ltr'><em>traderentur,</em></span> <span class='ocrx_word' id='word_1_351' title='bbox 2514 3543 2579 3593; x_wconf 90' lang='lat' dir='ltr'><em>ut</em></span> <span class='ocrx_word' id='word_1_352' title='bbox 2609 3538 2769 3609; x_wconf 91' lang='lat' dir='ltr'><em>ipsos</em></span> <span class='ocrx_word' id='word_1_353' title='bbox 2801 3538 3207 3611; x_wconf 87' lang='lat' dir='ltr'><em>magisterium</em></span> <span class='ocrx_word' id='word_1_354' title='bbox 3238 3538 3566 3596; x_wconf 87' lang='lat' dir='ltr'><em>delectaret</em></span> <span class='ocrx_word' id='word_1_355' title='bbox 3587 3558 3763 3598; x_wconf 88' lang='lat' dir='ltr'><em>suum</em></span> 
     </span>
    </p>
   </div>
   <div class='ocr_carea' id='block_1_58' title="bbox 2103 3628 3767 3686">
    <p class='ocr_par' dir='ltr' id='par_1_58' title="bbox 2103 3628 3767 3686">
     <span class='ocr_line' id='line_1_58' title="bbox 2103 3628 3767 3686; baseline 0.001 -3"><span class='ocrx_word' id='word_1_356' title='bbox 2103 3636 2223 3684; x_wconf 86' lang='lat' dir='ltr'><em>tam</em></span> <span class='ocrx_word' id='word_1_357' title='bbox 2258 3629 2373 3684; x_wconf 88' lang='lat' dir='ltr'><em>acri</em></span> <span class='ocrx_word' id='word_1_358' title='bbox 2428 3628 2712 3683; x_wconf 88' lang='lat' dir='ltr'><em>discentis</em></span> <span class='ocrx_word' id='word_1_359' title='bbox 2760 3628 3081 3684; x_wconf 88' lang='lat' dir='ltr'><em>attentione</em></span> <span class='ocrx_word' id='word_1_360' title='bbox 3110 3630 3629 3686; x_wconf 88' lang='lat' dir='ltr'><em>commendatum.</em></span> <span class='ocrx_word' id='word_1_361' title='bbox 3666 3636 3767 3685; x_wconf 85' lang='lat' dir='ltr'><em>Per</em></span> 
     </span>
    </p>
   </div>
   <div class='ocr_carea' id='block_1_59' title="bbox 2101 3716 3763 3775">
    <p class='ocr_par' dir='ltr' id='par_1_59' title="bbox 2101 3716 3763 3775">
     <span class='ocr_line' id='line_1_59' title="bbox 2101 3716 3763 3775; baseline -0.001 -1"><span class='ocrx_word' id='word_1_362' title='bbox 2101 3720 2224 3774; x_wconf 64' lang='lat' dir='ltr'><em>hare</em></span> <span class='ocrx_word' id='word_1_363' title='bbox 2286 3718 2398 3772; x_wconf 89' lang='lat' dir='ltr'><em>sibi</em></span> <span class='ocrx_word' id='word_1_364' title='bbox 2455 3716 2772 3773; x_wconf 90' lang='lat' dir='ltr'><em>consilians</em></span> <span class='ocrx_word' id='word_1_365' title='bbox 2822 3732 3082 3772; x_wconf 89' lang='lat' dir='ltr'><em>amorem</em></span> <span class='ocrx_word' id='word_1_366' title='bbox 3143 3720 3201 3773; x_wconf 90' lang='lat' dir='ltr'><em>et</em></span> <span class='ocrx_word' id='word_1_367' title='bbox 3256 3718 3763 3775; x_wconf 80' lang='lat' dir='ltr'><em>existimationem</em></span> 
     </span>
    </p>
   </div>
   <div class='ocr_carea' id='block_1_60' title="bbox 2096 3805 3766 3877">
    <p class='ocr_par' dir='ltr' id='par_1_60' title="bbox 2096 3805 3766 3877">
     <span class='ocr_line' id='line_1_60' title="bbox 2096 3805 3766 3877; baseline -0.001 -15"><span class='ocrx_word' id='word_1_368' title='bbox 2096 3807 2441 3873; x_wconf 89' lang='lat' dir='ltr'><em>multorum,</em></span> <span class='ocrx_word' id='word_1_369' title='bbox 2466 3806 2622 3861; x_wconf 90' lang='lat' dir='ltr'><em>curis</em></span> <span class='ocrx_word' id='word_1_370' title='bbox 2645 3805 2943 3876; x_wconf 91' lang='lat' dir='ltr'><em>omnibus,</em></span> <span class='ocrx_word' id='word_1_371' title='bbox 2969 3806 3286 3877; x_wconf 84' lang='lat' dir='ltr'><em>irrequieta</em></span> <span class='ocrx_word' id='word_1_372' title='bbox 3316 3807 3643 3875; x_wconf 83' lang='lat' dir='ltr'><em>instantia,</em></span> <span class='ocrx_word' id='word_1_373' title='bbox 3669 3809 3766 3864; x_wconf 74' lang='lat' dir='ltr'><em>sed</em></span> 
     </span>
    </p>
   </div>
   <div class='ocr_carea' id='block_1_61' title="bbox 2098 3895 3765 3970">
    <p class='ocr_par' dir='ltr' id='par_1_61' title="bbox 2098 3895 3765 3970">
     <span class='ocr_line' id='line_1_61' title="bbox 2098 3895 3765 3970; baseline 0.001 -18"><span class='ocrx_word' id='word_1_374' title='bbox 2098 3898 2274 3964; x_wconf 89' lang='lat' dir='ltr'><em>clam,</em></span> <span class='ocrx_word' id='word_1_375' title='bbox 2309 3904 2364 3951; x_wconf 88' lang='lat' dir='ltr'><em>ut</em></span> <span class='ocrx_word' id='word_1_376' title='bbox 2400 3912 2547 3967; x_wconf 87' lang='lat' dir='ltr'><em>opus</em></span> <span class='ocrx_word' id='word_1_377' title='bbox 2588 3899 2733 3961; x_wconf 88' lang='lat' dir='ltr'><em>erat,</em></span> <span class='ocrx_word' id='word_1_378' title='bbox 2765 3899 2822 3951; x_wconf 89' lang='lat' dir='ltr'><em>et</em></span> <span class='ocrx_word' id='word_1_379' title='bbox 2851 3896 2999 3951; x_wconf 88' lang='lat' dir='ltr'><em>citra</em></span> <span class='ocrx_word' id='word_1_380' title='bbox 3029 3895 3431 3968; x_wconf 88' lang='lat' dir='ltr'><em>suspicionem</em></span> <span class='ocrx_word' id='word_1_381' title='bbox 3465 3898 3599 3953; x_wconf 87' lang='lat' dir='ltr'><em>voti</em></span> <span class='ocrx_word' id='word_1_382' title='bbox 3633 3914 3765 3970; x_wconf 51' lang='lat' dir='ltr'><em>pro-</em></span> 
     </span>
    </p>
   </div>
   <div class='ocr_carea' id='block_1_62' title="bbox 2100 3985 3767 4060">
    <p class='ocr_par' dir='ltr' id='par_1_62' title="bbox 2100 3985 3767 4060">
     <span class='ocr_line' id='line_1_62' title="bbox 2100 3985 3767 4060; baseline 0.001 -18"><span class='ocrx_word' id='word_1_383' title='bbox 2100 3988 2233 4060; x_wconf 90' lang='lat' dir='ltr'><em>prii,</em></span> <span class='ocrx_word' id='word_1_384' title='bbox 2294 3987 2637 4042; x_wconf 88' lang='lat' dir='ltr'><em>mandatum</em></span> <span class='ocrx_word' id='word_1_385' title='bbox 2699 3985 2812 4041; x_wconf 88' lang='lat' dir='ltr'><em>sibi</em></span> <span class='ocrx_word' id='word_1_386' title='bbox 2873 3986 3173 4057; x_wconf 86' lang='lat' dir='ltr'><em>negotium</em></span> <span class='ocrx_word' id='word_1_387' title='bbox 3238 3987 3513 4059; x_wconf 85' lang='lat' dir='ltr'><em>urgebat,</em></span> <span class='ocrx_word' id='word_1_388' title='bbox 3559 3991 3767 4044; x_wconf 85' lang='lat' dir='ltr'><em>modos</em></span> 
     </span>
    </p>
   </div>
   <div class='ocr_carea' id='block_1_63' title="bbox 2101 4074 3765 4148">
    <p class='ocr_par' dir='ltr' id='par_1_63' title="bbox 2101 4074 3765 4148">
     <span class='ocr_line' id='line_1_63' title="bbox 2101 4074 3765 4148; baseline 0 -16"><span class='ocrx_word' id='word_1_389' title='bbox 2101 4076 2415 4148; x_wconf 86' lang='lat' dir='ltr'><em>exquirens</em></span> <span class='ocrx_word' id='word_1_390' title='bbox 2446 4076 2505 4130; x_wconf 91' lang='lat' dir='ltr'><em>in</em></span> <span class='ocrx_word' id='word_1_391' title='bbox 2538 4074 2794 4130; x_wconf 89' lang='lat' dir='ltr'><em>latebras</em></span> <span class='ocrx_word' id='word_1_392' title='bbox 2842 4076 3189 4147; x_wconf 89' lang='lat' dir='ltr'><em>penetrandi</em></span> <span class='ocrx_word' id='word_1_393' title='bbox 3230 4078 3502 4133; x_wconf 89' lang='lat' dir='ltr'><em>conscias</em></span> <span class='ocrx_word' id='word_1_394' title='bbox 3535 4079 3765 4134; x_wconf 82' lang='lat' dir='ltr'><em>deside-</em></span> 
     </span>
    </p>
   </div>
   <div class='ocr_carea' id='block_1_64' title="bbox 2103 4162 3766 4227">
    <p class='ocr_par' dir='ltr' id='par_1_64' title="bbox 2103 4162 3766 4227">
     <span class='ocr_line' id='line_1_64' title="bbox 2103 4162 3766 4227; baseline 0.002 -7"><span class='ocrx_word' id='word_1_395' title='bbox 2103 4164 2385 4220; x_wconf 90' lang='lat' dir='ltr'><em>ratissimi</em></span> <span class='ocrx_word' id='word_1_396' title='bbox 2432 4162 2716 4219; x_wconf 88' lang='lat' dir='ltr'><em>thesauri.</em></span> <span class='ocrx_word' id='word_1_397' title='bbox 2751 4163 2898 4227; x_wconf 90' lang='lat' dir='ltr'><em>Quia</em></span> <span class='ocrx_word' id='word_1_398' title='bbox 2928 4180 3061 4220; x_wconf 90' lang='lat' dir='ltr'><em>vero</em></span> <span class='ocrx_word' id='word_1_399' title='bbox 3108 4164 3165 4220; x_wconf 91' lang='lat' dir='ltr'><em>id</em></span> <span class='ocrx_word' id='word_1_400' title='bbox 3212 4167 3497 4223; x_wconf 84' lang='lat' dir='ltr'><em>cernebat</em></span> <span class='ocrx_word' id='word_1_401' title='bbox 3529 4174 3766 4223; x_wconf 83' lang='lat' dir='ltr'><em>externo</em></span> 
     </span>
    </p>
   </div>
   <div class='ocr_carea' id='block_1_65' title="bbox 2112 4253 3768 4327">
    <p class='ocr_par' dir='ltr' id='par_1_65' title="bbox 2112 4253 3768 4327">
     <span class='ocr_line' id='line_1_65' title="bbox 2112 4253 3768 4327; baseline 0.001 -16"><span class='ocrx_word' id='word_1_402' title='bbox 2112 4255 2222 4311; x_wconf 90' lang='lat' dir='ltr'><em>sibi</em></span> <span class='ocrx_word' id='word_1_403' title='bbox 2255 4253 2591 4325; x_wconf 90' lang='lat' dir='ltr'><em>contingere</em></span> <span class='ocrx_word' id='word_1_404' title='bbox 2640 4253 2808 4309; x_wconf 87' lang='lat' dir='ltr'><em>aliter</em></span> <span class='ocrx_word' id='word_1_405' title='bbox 2838 4253 2992 4309; x_wconf 85' lang='lat' dir='ltr'><em>haud</em></span> <span class='ocrx_word' id='word_1_406' title='bbox 3027 4270 3198 4326; x_wconf 87' lang='lat' dir='ltr'><em>posse</em></span> <span class='ocrx_word' id='word_1_407' title='bbox 3245 4271 3427 4327; x_wconf 87' lang='lat' dir='ltr'><em>quam</em></span> <span class='ocrx_word' id='word_1_408' title='bbox 3481 4257 3768 4313; x_wconf 85' lang='lat' dir='ltr'><em>beneﬁcio</em></span> 
     </span>
    </p>
   </div>
   <div class='ocr_carea' id='block_1_66' title="bbox 2111 4342 3773 4415">
    <p class='ocr_par' dir='ltr' id='par_1_66' title="bbox 2111 4342 3773 4415">
     <span class='ocr_line' id='line_1_66' title="bbox 2111 4342 3773 4415; baseline 0.001 -15"><span class='ocrx_word' id='word_1_409' title='bbox 2111 4343 2440 4415; x_wconf 87' lang='lat' dir='ltr'><em>cujuspiam</em></span> <span class='ocrx_word' id='word_1_410' title='bbox 2477 4359 2545 4398; x_wconf 85' lang='lat' dir='ltr'><em>ex</em></span> <span class='ocrx_word' id='word_1_411' title='bbox 2582 4342 2702 4397; x_wconf 89' lang='lat' dir='ltr'><em>illic</em></span> <span class='ocrx_word' id='word_1_412' title='bbox 2750 4343 3112 4414; x_wconf 89' lang='lat' dir='ltr'><em>potentibus,</em></span> <span class='ocrx_word' id='word_1_413' title='bbox 3160 4344 3489 4401; x_wconf 89' lang='lat' dir='ltr'><em>multorum</em></span> <span class='ocrx_word' id='word_1_414' title='bbox 3541 4346 3657 4402; x_wconf 84' lang='lat' dir='ltr'><em>sibi</em></span> <span class='ocrx_word' id='word_1_415' title='bbox 3706 4362 3773 4401; x_wconf 85' lang='lat' dir='ltr'><em>ex</em></span> 
     </span>
    </p>
   </div>
   <div class='ocr_carea' id='block_1_67' title="bbox 2112 4431 3775 4506">
    <p class='ocr_par' dir='ltr' id='par_1_67' title="bbox 2112 4431 3775 4506">
     <span class='ocr_line' id='line_1_67' title="bbox 2112 4431 3775 4506; baseline 0.001 -17"><span class='ocrx_word' id='word_1_416' title='bbox 2112 4432 2259 4506; x_wconf 90' lang='lat' dir='ltr'><em>ipsis</em></span> <span class='ocrx_word' id='word_1_417' title='bbox 2289 4447 2494 4504; x_wconf 90' lang='lat' dir='ltr'><em>parare</em></span> <span class='ocrx_word' id='word_1_418' title='bbox 2528 4431 2847 4487; x_wconf 89' lang='lat' dir='ltr'><em>amicitiam</em></span> <span class='ocrx_word' id='word_1_419' title='bbox 2872 4432 3069 4488; x_wconf 89' lang='lat' dir='ltr'><em>omnis</em></span> <span class='ocrx_word' id='word_1_420' title='bbox 3098 4434 3331 4506; x_wconf 88' lang='lat' dir='ltr'><em>generis</em></span> <span class='ocrx_word' id='word_1_421' title='bbox 3353 4434 3575 4491; x_wconf 83' lang='lat' dir='ltr'><em>ofﬁciis</em></span> <span class='ocrx_word' id='word_1_422' title='bbox 3604 4453 3775 4491; x_wconf 81' lang='lat' dir='ltr'><em>cura-</em></span> 
     </span>
    </p>
   </div>
   <div class='ocr_carea' id='block_1_68' title="bbox 2112 4520 3774 4592">
    <p class='ocr_par' dir='ltr' id='par_1_68' title="bbox 2112 4520 3774 4592">
     <span class='ocr_line' id='line_1_68' title="bbox 2112 4520 3774 4592; baseline 0.001 -14"><span class='ocrx_word' id='word_1_423' title='bbox 2112 4524 2215 4579; x_wconf 88' lang='lat' dir='ltr'><em>bat</em></span> <span class='ocrx_word' id='word_1_424' title='bbox 2246 4538 2261 4577; x_wconf 85' lang='lat'><strong>:</strong></span> <span class='ocrx_word' id='word_1_425' title='bbox 2295 4537 2400 4576; x_wconf 91' lang='lat' dir='ltr'><em>nec</em></span> <span class='ocrx_word' id='word_1_426' title='bbox 2434 4520 2783 4592; x_wconf 88' lang='lat' dir='ltr'><em>plerumque</em></span> <span class='ocrx_word' id='word_1_427' title='bbox 2832 4521 3101 4577; x_wconf 83' lang='lat' dir='ltr'><em>frustra:</em></span> <span class='ocrx_word' id='word_1_428' title='bbox 3156 4538 3291 4577; x_wconf 88' lang='lat' dir='ltr'><em>nam</em></span> <span class='ocrx_word' id='word_1_429' title='bbox 3343 4527 3410 4578; x_wconf 89' lang='lat' dir='ltr'><em>ut</em></span> <span class='ocrx_word' id='word_1_430' title='bbox 3460 4530 3607 4579; x_wconf 88' lang='lat' dir='ltr'><em>sunt</em></span> <span class='ocrx_word' id='word_1_431' title='bbox 3658 4525 3774 4579; x_wconf 75' lang='lat' dir='ltr'><em>fere</em></span> 
     </span>
    </p>
   </div>
   <div class='ocr_carea' id='block_1_69' title="bbox 2115 4608 3777 4684">
    <p class='ocr_par' dir='ltr' id='par_1_69' title="bbox 2115 4608 3777 4684">
     <span class='ocr_line' id='line_1_69' title="bbox 2115 4608 3777 4684; baseline 0 -17"><span class='ocrx_word' id='word_1_432' title='bbox 2115 4609 2299 4667; x_wconf 91' lang='lat' dir='ltr'><em>animi</em></span> <span class='ocrx_word' id='word_1_433' title='bbox 2330 4610 2639 4664; x_wconf 90' lang='lat' dir='ltr'><em>hominum</em></span> <span class='ocrx_word' id='word_1_434' title='bbox 2663 4609 2732 4663; x_wconf 86' lang='lat' dir='ltr'><em>ad</em></span> <span class='ocrx_word' id='word_1_435' title='bbox 2760 4608 3006 4681; x_wconf 84' lang='lat' dir='ltr'><em>gratiam</em></span> <span class='ocrx_word' id='word_1_436' title='bbox 3032 4610 3241 4681; x_wconf 89' lang='lat' dir='ltr'><em>teneri,</em></span> <span class='ocrx_word' id='word_1_437' title='bbox 3265 4628 3299 4666; x_wconf 89' lang='lat' dir='ltr'><em>a</em></span> <span class='ocrx_word' id='word_1_438' title='bbox 3320 4611 3607 4683; x_wconf 86' lang='lat' dir='ltr'><em>plurimis</em></span> <span class='ocrx_word' id='word_1_439' title='bbox 3628 4630 3777 4684; x_wconf 87' lang='lat' dir='ltr'><em>quos</em></span> 
     </span>
    </p>
   </div>
   <div class='ocr_carea' id='block_1_70' title="bbox 2118 4697 3782 4774">
    <p class='ocr_par' dir='ltr' id='par_1_70' title="bbox 2118 4697 3782 4774">
     <span class='ocr_line' id='line_1_70' title="bbox 2118 4697 3782 4774; baseline 0.002 -19"><span class='ocrx_word' id='word_1_440' title='bbox 2118 4698 2402 4755; x_wconf 91' lang='lat' dir='ltr'><em>demereri</em></span> <span class='ocrx_word' id='word_1_441' title='bbox 2461 4697 2744 4769; x_wconf 90' lang='lat' dir='ltr'><em>obsequio</em></span> <span class='ocrx_word' id='word_1_442' title='bbox 2793 4699 3124 4765; x_wconf 88' lang='lat' dir='ltr'><em>studuerat,</em></span> <span class='ocrx_word' id='word_1_443' title='bbox 3173 4716 3291 4771; x_wconf 88' lang='lat' dir='ltr'><em>qua</em></span> <span class='ocrx_word' id='word_1_444' title='bbox 3339 4701 3617 4771; x_wconf 85' lang='lat' dir='ltr'><em>privatis,</em></span> <span class='ocrx_word' id='word_1_445' title='bbox 3666 4719 3782 4774; x_wconf 78' lang='lat' dir='ltr'><em>qua</em></span> 
     </span>
    </p>
   </div>
   <div class='ocr_carea' id='block_1_71' title="bbox 352 4786 3783 4865">
    <p class='ocr_par' dir='ltr' id='par_1_71' title="bbox 352 4786 3783 4865">
     <span class='ocr_line' id='line_1_71' title="bbox 352 4786 3783 4865; baseline -0.003 -11"><span class='ocrx_word' id='word_1_446' title='bbox 352 4800 606 4854; x_wconf 79' lang='lat' dir='ltr'><em>daretur.</em></span> <span class='ocrx_word' id='word_1_447' title='bbox 638 4796 788 4850; x_wconf 91' lang='lat' dir='ltr'><em>Tum</em></span> <span class='ocrx_word' id='word_1_448' title='bbox 821 4793 935 4865; x_wconf 91' lang='lat' dir='ltr'><em>ipsi</em></span> <span class='ocrx_word' id='word_1_449' title='bbox 969 4792 1115 4847; x_wconf 90' lang='lat' dir='ltr'><em>dixit</em></span> <span class='ocrx_word' id='word_1_450' title='bbox 1152 4808 1164 4845; x_wconf 91' lang='lat'><strong>:</strong></span> <span class='ocrx_word' id='word_1_451' title='bbox 1204 4790 1310 4845; x_wconf 92' lang='lat' dir='ltr'><em>Ubi</em></span> <span class='ocrx_word' id='word_1_452' title='bbox 1343 4788 1463 4843; x_wconf 68' lang='lat' dir='ltr'><em>haec</em></span> <span class='ocrx_word' id='word_1_453' title='bbox 1504 4786 1871 4859; x_wconf 80' lang='lat' dir='ltr'><em>expenderis,</em></span> <span class='ocrx_word' id='word_1_454' title='bbox 1906 4787 2009 4840; x_wconf 73' lang='lat' dir='ltr'><em>aut</em></span> <span class='ocrx_word' id='word_1_455' title='bbox 2040 4856 2071 4865; x_wconf 30' lang='grc' dir='ltr'><strong><em>ἡ</em></strong></span> <span class='ocrx_word' id='word_1_456' title='bbox 2118 4788 2295 4845; x_wconf 90' lang='lat' dir='ltr'><em>etiam</em></span> <span class='ocrx_word' id='word_1_457' title='bbox 2327 4786 2797 4859; x_wconf 83' lang='lat' dir='ltr'><em>magistratibus,</em></span> <span class='ocrx_word' id='word_1_458' title='bbox 2819 4786 2973 4842; x_wconf 85' lang='lat' dir='ltr'><em>haud</em></span> <span class='ocrx_word' id='word_1_459' title='bbox 2994 4787 3222 4859; x_wconf 86' lang='lat' dir='ltr'><em>vulgari</em></span> <span class='ocrx_word' id='word_1_460' title='bbox 3242 4788 3711 4847; x_wconf 86' lang='lat' dir='ltr'><em>existimationis</em></span> <span class='ocrx_word' id='word_1_461' title='bbox 3727 4797 3783 4846; x_wconf 87' lang='lat' dir='ltr'><em>et</em></span> 
     </span>
    </p>
   </div>
   <div class='ocr_carea' id='block_1_72' title="bbox 353 4856 3783 4962">
    <p class='ocr_par' dir='ltr' id='par_1_72' title="bbox 353 4856 3783 4962">
     <span class='ocr_line' id='line_1_72' title="bbox 353 4856 3783 4962; baseline -0.003 -17"><span class='ocrx_word' id='word_1_462' title='bbox 353 4856 887 4962; x_wconf 74' lang='lat' dir='ltr'><em>quomodocunque</em></span> <span class='ocrx_word' id='word_1_463' title='bbox 948 4886 1187 4955; x_wconf 89' lang='lat' dir='ltr'><em>sumptu</em></span> <span class='ocrx_word' id='word_1_464' title='bbox 1249 4879 1361 4936; x_wconf 89' lang='lat' dir='ltr'><em>alio</em></span> <span class='ocrx_word' id='word_1_465' title='bbox 1418 4856 1691 4952; x_wconf 77' lang='lat' dir='ltr'><em>egueris,</em></span> <span class='ocrx_word' id='word_1_466' title='bbox 1752 4878 1841 4933; x_wconf 87' lang='lat' dir='ltr'><em>fac</em></span> <span class='ocrx_word' id='word_1_467' title='bbox 1899 4856 2073 4933; x_wconf 78' lang='lat' dir='ltr'><em>nosC</em></span> <span class='ocrx_word' id='word_1_468' title='bbox 2119 4856 2532 4935; x_wconf 66' lang='lat' dir='ltr'><em>benevolentiae</em></span> <span class='ocrx_word' id='word_1_469' title='bbox 2573 4874 3001 4948; x_wconf 75' lang='lat' dir='ltr'><em>significatione</em></span> <span class='ocrx_word' id='word_1_470' title='bbox 3048 4856 3373 4933; x_wconf 70' lang='lat' dir='ltr'><em>colebatur.</em></span> <span class='ocrx_word' id='word_1_471' title='bbox 3400 4882 3537 4952; x_wconf 86' lang='lat' dir='ltr'><em>Ipse</em></span> <span class='ocrx_word' id='word_1_472' title='bbox 3585 4886 3783 4936; x_wconf 84' lang='lat' dir='ltr'><em>autem</em></span> 
     </span>
    </p>
   </div>
   <div class='ocr_carea' id='block_1_73' title="bbox 354 4967 2007 5049">
    <p class='ocr_par' dir='ltr' id='par_1_73' title="bbox 354 4967 2007 5049">
     <span class='ocr_line' id='line_1_73' title="bbox 354 4967 2007 5049; baseline -0.008 -14"><span class='ocrx_word' id='word_1_473' title='bbox 354 4980 633 5036; x_wconf 90' lang='lat' dir='ltr'><em>continuo</em></span> <span class='ocrx_word' id='word_1_474' title='bbox 663 4993 766 5049; x_wconf 89' lang='lat' dir='ltr'><em>per</em></span> <span class='ocrx_word' id='word_1_475' title='bbox 799 4975 981 5031; x_wconf 82' lang='lat' dir='ltr'><em>ﬁdum</em></span> <span class='ocrx_word' id='word_1_476' title='bbox 1034 4972 1309 5028; x_wconf 89' lang='lat' dir='ltr'><em>nuntium</em></span> <span class='ocrx_word' id='word_1_477' title='bbox 1357 4969 1654 5025; x_wconf 87' lang='lat' dir='ltr'><em>certiores.</em></span> <span class='ocrx_word' id='word_1_478' title='bbox 1688 4967 2007 5025; x_wconf 88' lang='lat' dir='ltr'><em>Submitte-</em></span> 
     </span>
    </p>
   </div>
   <div class='ocr_carea' id='block_1_74' title="bbox 355 5058 2007 5137">
    <p class='ocr_par' dir='ltr' id='par_1_74' title="bbox 355 5058 2007 5137">
     <span class='ocr_line' id='line_1_74' title="bbox 355 5058 2007 5137; baseline -0.007 -13"><span class='ocrx_word' id='word_1_479' title='bbox 355 5085 489 5124; x_wconf 89' lang='lat' dir='ltr'><em>mus</em></span> <span class='ocrx_word' id='word_1_480' title='bbox 522 5066 721 5123; x_wconf 87' lang='lat' dir='ltr'><em>statim</em></span> <span class='ocrx_word' id='word_1_481' title='bbox 762 5063 1050 5137; x_wconf 87' lang='lat' dir='ltr'><em>quidquid</em></span> <span class='ocrx_word' id='word_1_482' title='bbox 1106 5077 1310 5135; x_wconf 89' lang='lat' dir='ltr'><em>posces</em></span> <span class='ocrx_word' id='word_1_483' title='bbox 1346 5076 1359 5115; x_wconf 90' lang='lat'><strong>:</strong></span> <span class='ocrx_word' id='word_1_484' title='bbox 1399 5058 1546 5114; x_wconf 89' lang='lat' dir='ltr'><em>nulli</em></span> <span class='ocrx_word' id='word_1_485' title='bbox 1579 5059 1736 5114; x_wconf 91' lang='lat' dir='ltr'><em>enim</em></span> <span class='ocrx_word' id='word_1_486' title='bbox 1780 5058 2007 5129; x_wconf 89' lang='lat' dir='ltr'><em>impen-</em></span> 
     </span>
    </p>
   </div>
   <div class='ocr_carea' id='block_1_75' title="bbox 353 5146 2009 5223">
    <p class='ocr_par' dir='ltr' id='par_1_75' title="bbox 353 5146 2009 5223">
     <span class='ocr_line' id='line_1_75' title="bbox 353 5146 2009 5223; baseline -0.008 -10"><span class='ocrx_word' id='word_1_487' title='bbox 353 5158 448 5213; x_wconf 93' lang='lat' dir='ltr'><em>dio</em></span> <span class='ocrx_word' id='word_1_488' title='bbox 474 5164 691 5213; x_wconf 91' lang='lat' dir='ltr'><em>certum</em></span> <span class='ocrx_word' id='word_1_489' title='bbox 737 5154 907 5210; x_wconf 91' lang='lat' dir='ltr'><em>nobis</em></span> <span class='ocrx_word' id='word_1_490' title='bbox 936 5157 1049 5219; x_wconf 90' lang='lat' dir='ltr'><em>est,</em></span> <span class='ocrx_word' id='word_1_491' title='bbox 1072 5168 1189 5223; x_wconf 94' lang='lat' dir='ltr'><em>quo</em></span> <span class='ocrx_word' id='word_1_492' title='bbox 1236 5155 1355 5205; x_wconf 89' lang='lat' dir='ltr'><em>tam</em></span> <span class='ocrx_word' id='word_1_493' title='bbox 1391 5147 1552 5203; x_wconf 89' lang='lat' dir='ltr'><em>utilis</em></span> <span class='ocrx_word' id='word_1_494' title='bbox 1606 5146 2009 5204; x_wconf 87' lang='lat' dir='ltr'><em>commentarii</em></span> 
     </span>
    </p>
   </div>
   <div class='ocr_carea' id='block_1_76' title="bbox 354 5244 1239 5321">
    <p class='ocr_par' dir='ltr' id='par_1_76' title="bbox 354 5244 1239 5321">
     <span class='ocr_line' id='line_1_76' title="bbox 354 5244 1239 5321; baseline -0.01 -17"><span class='ocrx_word' id='word_1_495' title='bbox 354 5246 672 5321; x_wconf 89' lang='lat' dir='ltr'><em>participes</em></span> <span class='ocrx_word' id='word_1_496' title='bbox 707 5244 883 5299; x_wconf 83' lang='lat' dir='ltr'><em>ﬁamu</em></span> <span class='ocrx_word' id='word_1_497' title='bbox 896 5260 945 5309; x_wconf 86' lang='lat' dir='ltr'><em>s,</em></span> <span class='ocrx_word' id='word_1_498' title='bbox 979 5256 1239 5313; x_wconf 89' lang='lat' dir='ltr'><em>parcere.</em></span> 
     </span>
    </p>
   </div>
   <div class='ocr_carea' id='block_1_77' title="bbox 427 5325 2013 5393">
    <p class='ocr_par' dir='ltr' id='par_1_77' title="bbox 427 5325 2013 5393">
     <span class='ocr_line' id='line_1_77' title="bbox 427 5325 2013 5393; baseline -0.007 -1"><span class='ocrx_word' id='word_1_499' title='bbox 427 5338 495 5393; x_wconf 88' lang='lat' dir='ltr'><em>Il.</em></span> <span class='ocrx_word' id='word_1_500' title='bbox 530 5337 641 5392; x_wconf 88' lang='lat' dir='ltr'><em>Dat</em></span> <span class='ocrx_word' id='word_1_501' title='bbox 671 5352 732 5391; x_wconf 89' lang='lat' dir='ltr'><em>se</em></span> <span class='ocrx_word' id='word_1_502' title='bbox 766 5334 824 5388; x_wconf 90' lang='lat' dir='ltr'><em>in</em></span> <span class='ocrx_word' id='word_1_503' title='bbox 847 5332 998 5387; x_wconf 89' lang='lat' dir='ltr'><em>viam</em></span> <span class='ocrx_word' id='word_1_504' title='bbox 1026 5332 1135 5385; x_wconf 89' lang='lat' dir='ltr'><em>sub</em></span> <span class='ocrx_word' id='word_1_505' title='bbox 1166 5329 1289 5383; x_wconf 69' lang='lat' dir='ltr'><em>hmc</em></span> <span class='ocrx_word' id='word_1_506' title='bbox 1323 5327 1584 5393; x_wconf 86' lang='lat' dir='ltr'><em>Perzoes,</em></span> <span class='ocrx_word' id='word_1_507' title='bbox 1610 5328 1668 5380; x_wconf 90' lang='lat' dir='ltr'><em>et</em></span> <span class='ocrx_word' id='word_1_508' title='bbox 1697 5325 1756 5379; x_wconf 89' lang='lat' dir='ltr'><em>in</em></span> <span class='ocrx_word' id='word_1_509' title='bbox 1788 5325 2013 5381; x_wconf 86' lang='lat' dir='ltr'><em>Indiam</em></span> 
     </span>
    </p>
   </div>
   <div class='ocr_carea' id='block_1_78' title="bbox 356 5410 2011 5497">
    <p class='ocr_par' dir='ltr' id='par_1_78' title="bbox 356 5410 2011 5497">
     <span class='ocr_line' id='line_1_78' title="bbox 356 5410 2011 5497; baseline -0.01 -17"><span class='ocrx_word' id='word_1_510' title='bbox 356 5424 663 5497; x_wconf 81' lang='lat' dir='ltr'><em>appulsus,</em></span> <span class='ocrx_word' id='word_1_511' title='bbox 701 5421 777 5475; x_wconf 83' lang='lat' dir='ltr'><em>ibi</em></span> <span class='ocrx_word' id='word_1_512' title='bbox 823 5421 1200 5490; x_wconf 72' lang='lat' dir='ltr'><em>frequentare</em></span> <span class='ocrx_word' id='word_1_513' title='bbox 1252 5413 1445 5468; x_wconf 89' lang='lat' dir='ltr'><em>aulam</em></span> <span class='ocrx_word' id='word_1_514' title='bbox 1496 5411 1716 5482; x_wconf 89' lang='lat' dir='ltr'><em>regiam</em></span> <span class='ocrx_word' id='word_1_515' title='bbox 1772 5410 2011 5477; x_wconf 88' lang='lat' dir='ltr'><em>institit,</em></span> 
     </span>
    </p>
   </div>
   <div class='ocr_carea' id='block_1_79' title="bbox 359 5500 2013 5584">
    <p class='ocr_par' dir='ltr' id='par_1_79' title="bbox 359 5500 2013 5584">
     <span class='ocr_line' id='line_1_79' title="bbox 359 5500 2013 5584; baseline -0.01 -15"><span class='ocrx_word' id='word_1_516' title='bbox 359 5513 735 5584; x_wconf 84' lang='lat' dir='ltr'><em>quotidieque</em></span> <span class='ocrx_word' id='word_1_517' title='bbox 780 5523 1060 5581; x_wconf 87' lang='lat' dir='ltr'><em>apparere</em></span> <span class='ocrx_word' id='word_1_518' title='bbox 1093 5506 1151 5559; x_wconf 91' lang='lat' dir='ltr'><em>in</em></span> <span class='ocrx_word' id='word_1_519' title='bbox 1184 5502 1459 5575; x_wconf 86' lang='lat' dir='ltr'><em>palatinis</em></span> <span class='ocrx_word' id='word_1_520' title='bbox 1489 5500 1784 5569; x_wconf 87' lang='lat' dir='ltr'><em>exhedris,</em></span> <span class='ocrx_word' id='word_1_521' title='bbox 1816 5500 2013 5555; x_wconf 87' lang='lat' dir='ltr'><em>confa-</em></span> 
     </span>
    </p>
   </div>
   <div class='ocr_carea' id='block_1_80' title="bbox 362 5588 2015 5663">
    <p class='ocr_par' dir='ltr' id='par_1_80' title="bbox 362 5588 2015 5663">
     <span class='ocr_line' id='line_1_80' title="bbox 362 5588 2015 5663; baseline -0.007 -7"><span class='ocrx_word' id='word_1_522' title='bbox 362 5600 621 5656; x_wconf 87' lang='lat' dir='ltr'><em>bulando</em></span> <span class='ocrx_word' id='word_1_523' title='bbox 653 5615 787 5654; x_wconf 88' lang='lat' dir='ltr'><em>eum</em></span> <span class='ocrx_word' id='word_1_524' title='bbox 828 5593 1144 5659; x_wconf 84' lang='lat' dir='ltr'><em>ministris,</em></span> <span class='ocrx_word' id='word_1_525' title='bbox 1180 5590 1339 5663; x_wconf 80' lang='lat' dir='ltr'><em>regni</em></span> <span class='ocrx_word' id='word_1_526' title='bbox 1380 5588 1723 5663; x_wconf 90' lang='lat' dir='ltr'><em>proceribus</em></span> <span class='ocrx_word' id='word_1_527' title='bbox 1754 5606 1820 5645; x_wconf 90' lang='lat' dir='ltr'><em>ac</em></span> <span class='ocrx_word' id='word_1_528' title='bbox 1851 5604 2015 5645; x_wconf 88' lang='lat' dir='ltr'><em>sena-</em></span> 
     </span>
    </p>
   </div>
   <div class='ocr_carea' id='block_1_81' title="bbox 2118 4964 3783 5040">
    <p class='ocr_par' dir='ltr' id='par_1_81' title="bbox 2118 4964 3783 5040">
     <span class='ocr_line' id='line_1_81' title="bbox 2118 4964 3783 5040; baseline 0.001 -17"><span class='ocrx_word' id='word_1_529' title='bbox 2118 4972 2185 5023; x_wconf 91' lang='lat' dir='ltr'><em>ut</em></span> <span class='ocrx_word' id='word_1_530' title='bbox 2224 4964 2448 5021; x_wconf 85' lang='lat' dir='ltr'><em>nullius</em></span> <span class='ocrx_word' id='word_1_531' title='bbox 2479 4964 2910 5036; x_wconf 88' lang='lat' dir='ltr'><em>aspernabatur</em></span> <span class='ocrx_word' id='word_1_532' title='bbox 2941 4965 3233 5032; x_wconf 87' lang='lat' dir='ltr'><em>studium,</em></span> <span class='ocrx_word' id='word_1_533' title='bbox 3268 4967 3347 5022; x_wconf 85' lang='lat' dir='ltr'><em>ita</em></span> <span class='ocrx_word' id='word_1_534' title='bbox 3387 4967 3503 5024; x_wconf 85' lang='lat' dir='ltr'><em>hoc</em></span> <span class='ocrx_word' id='word_1_535' title='bbox 3536 4970 3783 5040; x_wconf 83' lang='lat' dir='ltr'><em>potissi-</em></span> 
     </span>
    </p>
   </div>
   <div class='ocr_carea' id='block_1_82' title="bbox 2118 5053 3784 5130">
    <p class='ocr_par' dir='ltr' id='par_1_82' title="bbox 2118 5053 3784 5130">
     <span class='ocr_line' id='line_1_82' title="bbox 2118 5053 3784 5130; baseline 0.001 -18"><span class='ocrx_word' id='word_1_536' title='bbox 2118 5072 2282 5112; x_wconf 90' lang='lat' dir='ltr'><em>mum</em></span> <span class='ocrx_word' id='word_1_537' title='bbox 2315 5054 2548 5126; x_wconf 88' lang='lat' dir='ltr'><em>agebat,</em></span> <span class='ocrx_word' id='word_1_538' title='bbox 2577 5058 2641 5109; x_wconf 91' lang='lat' dir='ltr'><em>ut</em></span> <span class='ocrx_word' id='word_1_539' title='bbox 2673 5053 2934 5122; x_wconf 87' lang='lat' dir='ltr'><em>litterati,</em></span> <span class='ocrx_word' id='word_1_540' title='bbox 2958 5059 3012 5110; x_wconf 86' lang='lat' dir='ltr'><em>et</em></span> <span class='ocrx_word' id='word_1_541' title='bbox 3040 5054 3393 5127; x_wconf 88' lang='lat' dir='ltr'><em>supellectili</em></span> <span class='ocrx_word' id='word_1_542' title='bbox 3420 5058 3663 5130; x_wconf 84' lang='lat' dir='ltr'><em>egregie</em></span> <span class='ocrx_word' id='word_1_543' title='bbox 3695 5059 3784 5113; x_wconf 85' lang='lat' dir='ltr'><em>in-</em></span> 
     </span>
    </p>
   </div>
   <div class='ocr_carea' id='block_1_83' title="bbox 2118 5142 3786 5215">
    <p class='ocr_par' dir='ltr' id='par_1_83' title="bbox 2118 5142 3786 5215">
     <span class='ocr_line' id='line_1_83' title="bbox 2118 5142 3786 5215; baseline -0.001 -13"><span class='ocrx_word' id='word_1_544' title='bbox 2118 5144 2323 5203; x_wconf 88' lang='lat' dir='ltr'><em>structi</em></span> <span class='ocrx_word' id='word_1_545' title='bbox 2357 5142 2599 5198; x_wconf 90' lang='lat' dir='ltr'><em>libraria</em></span> <span class='ocrx_word' id='word_1_546' title='bbox 2644 5142 3003 5215; x_wconf 86' lang='lat' dir='ltr'><em>cujuspiam,</em></span> <span class='ocrx_word' id='word_1_547' title='bbox 3040 5142 3427 5201; x_wconf 85' lang='lat' dir='ltr'><em>familiaritati</em></span> <span class='ocrx_word' id='word_1_548' title='bbox 3459 5162 3524 5201; x_wconf 79' lang='lat' dir='ltr'><em>se</em></span> <span class='ocrx_word' id='word_1_549' title='bbox 3559 5147 3786 5203; x_wconf 69' lang='lat' dir='ltr'><em>intima</em></span> 
     </span>
    </p>
   </div>
   <div class='ocr_carea' id='block_1_84' title="bbox 2119 5231 3787 5307">
    <p class='ocr_par' dir='ltr' id='par_1_84' title="bbox 2119 5231 3787 5307">
     <span class='ocr_line' id='line_1_84' title="bbox 2119 5231 3787 5307; baseline -0.007 -16"><span class='ocrx_word' id='word_1_550' title='bbox 2119 5237 2422 5300; x_wconf 89' lang='lat' dir='ltr'><em>insereret,</em></span> <span class='ocrx_word' id='word_1_551' title='bbox 2449 5232 2602 5303; x_wconf 87' lang='lat' dir='ltr'><em>quod</em></span> <span class='ocrx_word' id='word_1_552' title='bbox 2638 5232 2793 5303; x_wconf 89' lang='lat' dir='ltr'><em>apud</em></span> <span class='ocrx_word' id='word_1_553' title='bbox 2827 5231 3006 5288; x_wconf 87' lang='lat' dir='ltr'><em>talem</em></span> <span class='ocrx_word' id='word_1_554' title='bbox 3038 5234 3277 5288; x_wconf 91' lang='lat' dir='ltr'><em>demum</em></span> <span class='ocrx_word' id='word_1_555' title='bbox 3311 5250 3376 5291; x_wconf 83' lang='lat' dir='ltr'><em>se</em></span> <span class='ocrx_word' id='word_1_556' title='bbox 3407 5237 3603 5307; x_wconf 85' lang='lat' dir='ltr'><em>optati</em></span> <span class='ocrx_word' id='word_1_557' title='bbox 3638 5238 3787 5293; x_wconf 82' lang='lat' dir='ltr'><em>seri.</em></span> 
     </span>
    </p>
   </div>
   <div class='ocr_carea' id='block_1_85' title="bbox 2121 5320 3337 5398">
    <p class='ocr_par' dir='ltr' id='par_1_85' title="bbox 2121 5320 3337 5398">
     <span class='ocr_line' id='line_1_85' title="bbox 2121 5320 3337 5398; baseline -0.001 -20"><span class='ocrx_word' id='word_1_558' title='bbox 2121 5324 2203 5398; x_wconf 88' lang='lat' dir='ltr'><em>pti</em></span> <span class='ocrx_word' id='word_1_559' title='bbox 2237 5322 2463 5394; x_wconf 89' lang='lat' dir='ltr'><em>copiam</em></span> <span class='ocrx_word' id='word_1_560' title='bbox 2500 5320 2760 5376; x_wconf 87' lang='lat' dir='ltr'><em>nancisci</em></span> <span class='ocrx_word' id='word_1_561' title='bbox 2792 5338 2967 5393; x_wconf 87' lang='lat' dir='ltr'><em>posse</em></span> <span class='ocrx_word' id='word_1_562' title='bbox 2997 5321 3337 5378; x_wconf 83' lang='lat' dir='ltr'><em>conﬁderet.</em></span> 
     </span>
    </p>
   </div>
   <div class='ocr_carea' id='block_1_86' title="bbox 2196 5409 3792 5483">
    <p class='ocr_par' dir='ltr' id='par_1_86' title="bbox 2196 5409 3792 5483">
     <span class='ocr_line' id='line_1_86' title="bbox 2196 5409 3792 5483; baseline 0.001 -15"><span class='ocrx_word' id='word_1_563' title='bbox 2196 5412 2295 5468; x_wconf 86' lang='lat' dir='ltr'><em>Ill.</em></span> <span class='ocrx_word' id='word_1_564' title='bbox 2335 5411 2439 5466; x_wconf 90' lang='lat' dir='ltr'><em>Diu</em></span> <span class='ocrx_word' id='word_1_565' title='bbox 2472 5416 2597 5466; x_wconf 90' lang='lat' dir='ltr'><em>erat</em></span> <span class='ocrx_word' id='word_1_566' title='bbox 2627 5410 2686 5464; x_wconf 91' lang='lat' dir='ltr'><em>in</em></span> <span class='ocrx_word' id='word_1_567' title='bbox 2720 5409 2858 5467; x_wconf 88' lang='lat' dir='ltr'><em>talis</em></span> <span class='ocrx_word' id='word_1_568' title='bbox 2889 5411 2999 5467; x_wconf 90' lang='lat' dir='ltr'><em>viri</em></span> <span class='ocrx_word' id='word_1_569' title='bbox 3018 5410 3457 5482; x_wconf 83' lang='lat' dir='ltr'><em>conquisitione</em></span> <span class='ocrx_word' id='word_1_570' title='bbox 3490 5420 3792 5483; x_wconf 82' lang='lat' dir='ltr'><em>versatus,</em></span> 
     </span>
    </p>
   </div>
   <div class='ocr_carea' id='block_1_87' title="bbox 2124 5499 3789 5575">
    <p class='ocr_par' dir='ltr' id='par_1_87' title="bbox 2124 5499 3789 5575">
     <span class='ocr_line' id='line_1_87' title="bbox 2124 5499 3789 5575; baseline 0 -18"><span class='ocrx_word' id='word_1_571' title='bbox 2124 5519 2258 5558; x_wconf 92' lang='lat' dir='ltr'><em>cum</em></span> <span class='ocrx_word' id='word_1_572' title='bbox 2297 5500 2499 5555; x_wconf 89' lang='lat' dir='ltr'><em>multis</em></span> <span class='ocrx_word' id='word_1_573' title='bbox 2530 5500 2768 5555; x_wconf 88' lang='lat' dir='ltr'><em>tandem</em></span> <span class='ocrx_word' id='word_1_574' title='bbox 2802 5499 3214 5573; x_wconf 70' lang='lat' dir='ltr'><em>experimentis</em></span> <span class='ocrx_word' id='word_1_575' title='bbox 3248 5502 3520 5573; x_wconf 86' lang='lat' dir='ltr'><em>edoctus,</em></span> <span class='ocrx_word' id='word_1_576' title='bbox 3545 5520 3789 5575; x_wconf 85' lang='lat' dir='ltr'><em>persua-</em></span> 
     </span>
    </p>
   </div>
   <div class='ocr_carea' id='block_1_88' title="bbox 2125 5589 3793 5666">
    <p class='ocr_par' dir='ltr' id='par_1_88' title="bbox 2125 5589 3793 5666">
     <span class='ocr_line' id='line_1_88' title="bbox 2125 5589 3793 5666; baseline 0.002 -19"><span class='ocrx_word' id='word_1_577' title='bbox 2125 5592 2261 5648; x_wconf 88' lang='lat' dir='ltr'><em>dere</em></span> <span class='ocrx_word' id='word_1_578' title='bbox 2312 5589 2426 5647; x_wconf 87' lang='lat' dir='ltr'><em>sibi</em></span> <span class='ocrx_word' id='word_1_579' title='bbox 2478 5589 2673 5662; x_wconf 74' lang='lat' dir='ltr'><em>coepit,</em></span> <span class='ocrx_word' id='word_1_580' title='bbox 2701 5606 2885 5647; x_wconf 90' lang='lat' dir='ltr'><em>unum</em></span> <span class='ocrx_word' id='word_1_581' title='bbox 2925 5590 3264 5662; x_wconf 89' lang='lat' dir='ltr'><em>quempiam</em></span> <span class='ocrx_word' id='word_1_582' title='bbox 3312 5589 3471 5649; x_wconf 85' lang='lat' dir='ltr'><em>inter</em></span> <span class='ocrx_word' id='word_1_583' title='bbox 3520 5609 3793 5666; x_wconf 74' lang='lat' dir='ltr'><em>proceres</em></span> 
     </span>
    </p>
   </div>
  </div>
