4002 6202
324 300 455 356 1221

1335 303 1696 359 ΒΡΕΟῘΜΕΝ
1732 297 2135 356 ΒΔΡΙΕΝΤΙΕ
2171 302 2508 365 INDORUM
2542 314 2706 368 VET.

3590 334 3729 391 1222

318 426 597 483 Indorum
649 425 1039 495 humanitate,
1070 425 1405 497 prudentia,
1439 425 1764 481 eruditione
1810 426 1971 517 tanta
2000 422 2055 489 Α
2086 425 2258 482 etiam
2306 428 2617 503 alleganda
2648 443 3004 517 quandoque
3036 447 3244 503 idonea
3288 450 3459 509 istius
3507 456 3728 517 silentii

322 516 751 588 propemodum
807 532 937 571 esse
978 516 1319 587 praditum,
1344 520 1563 586 quanta
1609 530 1758 585 opus
1783 515 1996 610 esset,
2034 528 2239 585 causa,
2269 518 2544 578 dilueres.
2575 525 2744 585 Nunc
2784 515 3009 603 quonia
3040 552 3095 590 m
3144 537 3449 610 ingressus
3483 545 3639 604 ultio

321 610 389 660 ut
421 622 491 660 ex
521 622 588 660 eo
620 605 844 676 sperari
878 604 1060 677 optati
1091 604 1268 660 officii
1300 605 1525 659 fructus
1556 601 1970 675 possetiHune

319 710 456 767 ergo
496 694 718 749 institit
764 693 1023 765 quotidie
1071 694 1277 761 visere,
1329 693 1557 749 cunctis
1605 692 1829 746 ambire
1862 692 1969 745 ob—

320 785 569 857 sequiis,
613 784 899 856 singulari
948 785 1199 856 quadam
1250 784 1492 839 honoris
1541 783 1971 855 significatione

322 876 679 944 demulcere,
730 881 1025 948 postremo
1083 876 1270 947 epulis
1330 876 1621 947 excipere;
1675 874 1967 930 munerari

323 965 467 1037 quin
501 965 703 1034 etiam,
725 969 782 1021 et
813 981 938 1036 qua
986 965 1101 1036 ipsi
1148 968 1311 1035 grata
1358 968 1591 1036 putaret
1620 965 1761 1030 fore,
1791 980 1972 1035 quan-

320 1056 474 1113 tovis
525 1060 723 1129 empta
771 1056 959 1127 pretio
990 1057 1233 1124 donare;
1271 1072 1417 1126 quas
1447 1056 1507 1111 in
1539 1071 1633 1111 res
1681 1071 1796 1109 non
1847 1070 1971 1108 mo-

321 1148 514 1202 dicam
548 1146 805 1218 pecunia
853 1146 1102 1218 allata_e
1134 1146 1370 1201 Perside
1402 1150 1625 1217 partem
1659 1144 1968 1215 impendit.

323 1236 429 1291 His
455 1235 850 1308 respondebat
887 1234 982 1291 ille
1013 1236 1252 1307 quidem
1284 1236 1557 1290 comitate
1589 1238 1752 1291 tanta
1781 1250 1972 1305 quan-

326 1330 455 1381 tam
487 1343 520 1380 a
547 1324 953 1381 liberalissimo
992 1324 1542 1397 gratiosissimoque
1573 1324 1811 1380 homine
1840 1339 1971 1395 spe-

326 1431 460 1471 rare
507 1415 745 1469 Perzoes
795 1414 1128 1485 potuisset:
1172 1418 1443 1470 caterum
1489 1414 1645 1470 idem
1696 1416 1973 1485 praterea

325 1504 651 1560 demiratus
682 1503 1025 1575 aliquandiu
1068 1502 1885 1575 tamginusitatamiingeniosi
1916 1507 1974 1559 et

324 1594 714 1650 curiosissimi
736 1594 968 1648 advena
993 1593 1396 1649 assiduitatem
1429 1598 1486 1649 et
1515 1592 1876 1665 diligentiam
1911 1593 1971 1647 in

326 1698 389 1739 se
439 1682 707 1753 colendo,
740 1683 994 1753 denique
1052 1682 1335 1738 divinavit
1378 1683 1533 1754 quod
1590 1698 1682 1737 res
1728 1686 1882 1743 erat;
1916 1686 1974 1737 et

323 1775 530 1829 deesse
581 1790 698 1828 non
747 1790 915 1845 posse
958 1774 1262 1844 judicavit,
1294 1773 1459 1844 quin,
1494 1790 1555 1829 se
1605 1774 1869 1844 adjutore
1909 1790 1973 1828 ac

323 1869 646 1934 sequestro,
679 1863 972 1934 particeps
1013 1868 1386 1931 arcanorum;
1410 1862 1620 1918 Indica
1673 1864 1970 1934 sapientia
2004 1857 2052 1921 B

326 1956 850 2008 monumentorum
902 1953 1047 2008 fieri
1079 1953 1317 2008 Perzoes
1372 1953 1634 2025 cupiens,
1685 1952 1745 2007 in
1794 1952 1971 2007 istam

326 2042 693 2097 demerenda
744 2058 863 2096 sua
905 2042 1107 2113 gratia
1157 2042 1529 2097 sedulitatem
1588 2043 1970 2098 incumberet.

322 2136 430 2186 Per
462 2131 619 2185 hunc
652 2130 891 2184 modum
925 2130 1262 2201 proﬁciente
1285 2130 1441 2186 inter
1468 2130 1632 2203 ipsos
1661 2131 1969 2187 familiari-

316 2226 459 2287 tate,
495 2222 847 2293 fiduciaque,
880 2226 945 2276 ut
979 2222 1063 2291 fit,
1089 2224 1278 2277 mutui
1312 2224 1551 2288 amoris,
1589 2223 1971 2294 frequentatis

318 2310 599 2381 utrinque
649 2309 1066 2365 benevolentia
1118 2311 1371 2377 indiciis,
1422 2318 1738 2377 crescente,
1792 2329 1970 2367 ausus

314 2400 636 2470 aliquando
703 2404 947 2456 Perzoes
1014 2400 1201 2455 amico
1260 2401 1317 2455 in
1378 2418 1657 2456 arcanum
1729 2404 1966 2457 seducto

311 2488 589 2543 conclave
621 2488 840 2559 aliquid
890 2491 960 2543 de
1013 2506 1119 2544 suo
1164 2490 1451 2544 desiderio
1484 2491 1672 2555 fateri,
1706 2506 1840 2545 cum
1873 2491 1967 2545 his

310 2580 498 2633 ferme
543 2577 738 2633 verbis
787 2578 997 2632 affatus
1042 2583 1175 2633 est:
1212 2583 1350 2633 Eam
1396 2580 1563 2635 video
1619 2579 1963 2634 eharitatem

310 2668 374 2723 in
430 2684 542 2733 me,
587 2668 784 2735 frater,
819 2673 981 2723 tuam
1029 2669 1122 2723 cui
1177 2668 1326 2723 male
1376 2674 1552 2741 atque
1601 2670 1828 2741 ingrate
1874 2686 1965 2725 me

312 2757 672 2829 respondere
729 2757 1068 2824 arbitrarer,
1122 2758 1171 2812 si
1230 2763 1287 2813 te
1335 2756 1582 2814 celarem
1636 2760 1963 2830 quidquam

311 2846 661 2902 intimorum
696 2847 877 2902 animi
910 2848 1021 2903 mei
1046 2865 1349 2903 sensuum.
1383 2852 1571 2914 Quare
1605 2851 1825 2905 fatebor
1857 2850 1961 2905 tibi

314 2938 610 3007 equidem,
641 2937 696 2991 id
738 2938 892 3008 quod
939 2954 1007 2992 ex
1055 2954 1170 3008 quo
1223 2939 1335 2992 huc
1385 2939 1514 2993 veni
1562 2956 1775 3009 magna
1823 2956 1964 2994 cura

312 3026 596 3081 omnibus
628 3026 928 3094 abscondi,
962 3028 1113 3098 quod
1145 3027 1201 3081 in
1233 3032 1290 3081 te
1311 3027 1602 3099 aquitatis
1631 3045 1696 3082 ac
1726 3030 1961 3099 sapien-

311 3116 418 3171 tia:
448 3121 673 3171 tantum
720 3117 995 3171 exsistere
1040 3118 1407 3172 documentis
1453 3120 1738 3189 perspexi,
1774 3136 1962 3190 quan-

310 3208 443 3257 tum
479 3203 535 3257 in
584 3218 649 3257 eo
690 3203 1005 3257 desiderari
1041 3208 1250 3274 potest,
1284 3219 1457 3274 quem
1494 3221 1837 3259 arcanorum
1870 3206 1957 3261 vel
1991 3214 2033 3279 ς
2072 3203 2243 3303 timﬁ‘

312 3291 559 3347 maximi
604 3293 884 3347 momenti
932 3294 1191 3359 prudens
1242 3297 1395 3348 recte
1445 3293 1635 3364 quivis
1684 3295 1963 3353 adhibeat

307 3383 630 3438 arbitrum.

390 3510 482 3566 IV.
514 3513 597 3565 Ita
628 3509 1019 3565 exordientem
1054 3515 1323 3564 Perzoem
1367 3510 1747 3582 interpellans
1780 3513 1959 3567 Indus

311 3602 555 3673 sapiens
589 3618 602 3658 :
638 3602 867 3655 Dudum
921 3600 1196 3667 mirabar,
1240 3600 1453 3670 inquit,
1497 3603 1697 3655 tandiu
1731 3603 1962 3658 differre

310 3697 395 3757 te,
430 3692 582 3761 quod
634 3707 762 3745 sero
812 3705 967 3745 nunc
998 3690 1232 3744 tandem
1262 3690 1535 3758 inchoas;
1572 3698 1746 3750 atque
1795 3694 1959 3763 adeo,

314 3782 365 3836 si
404 3796 496 3834 me
542 3779 687 3834 sinis
738 3778 896 3850 loqui
932 3779 1130 3846 libere,
1167 3779 1269 3832 tibi
1323 3795 1467 3850 pene
1516 3782 1962 3849 succensebam,

312 3871 473 3940 quod
508 3869 565 3922 in
600 3868 728 3923 aliis
758 3868 987 3923 cunctis
1017 3867 1291 3923 amicitia
1322 3867 1530 3922 ofﬁciis
1564 3868 1958 3940 diligentissi-

313 3974 477 4023 mus,
510 3957 567 4011 in
598 3958 705 4013 hoc
753 3959 1015 4011 omnium
1051 3956 1341 4028 pracipuo
1391 3957 1836 4027 aperiendorum
1872 3975 1962 4013 se-

312 4050 634 4112 cretorum,
667 4043 938 4099 illiberali
974 4061 1119 4115 pene
1153 4045 1398 4115 quadam
1432 4046 1800 4100 cunctatione
1832 4064 1957 4101 ces-

308 4152 501 4191 sares.
526 4136 868 4205 Quanquam
905 4150 975 4188 ne
1006 4134 1265 4188 vicissim
1297 4149 1402 4204 ego
1434 4132 1538 4187 tibi
1572 4139 1775 4190 contra
1805 4135 1961 4207 leges

305 4224 433 4279 veri
486 4222 704 4277 amoris
761 4220 1128 4276 dissimulem
1187 4222 1516 4293 quidpiam,
1564 4224 1782 4278 frustra
1828 4240 1958 4278 eras

306 4314 369 4367 in
410 4311 519 4366 hoc
550 4310 742 4366 studio
773 4309 921 4365 clam
963 4326 1057 4364 me
1095 4310 1343 4365 habendi
1374 4315 1576 4365 votum
1612 4311 1778 4380 illud,
1804 4314 1958 4383 quod

305 4418 422 4474 ego
461 4401 687 4454 dudum
736 4399 1034 4472 pellucens
1084 4398 1141 4453 in
1197 4404 1298 4453 tua
1345 4398 1556 4453 intima
1600 4403 1959 4455 conscientia

307 4490 556 4563 perlegi.
592 4489 720 4555 Diu,
754 4490 1016 4559 inquam,
1048 4492 1137 4542 est
1180 4489 1334 4558 quod
1370 4505 1461 4543 me
1493 4506 1607 4543 nou
1657 4490 1823 4557 fallit,
1857 4507 1957 4545 ve-

2076 603 2201 676 ipse
2233 607 2289 661 in
2323 625 2453 667 eum
2488 630 2819 675 sermonem
2854 639 2937 695 es,
2971 624 3072 695 qui
3102 625 3253 682 viam
3287 633 3567 700 panderet
3599 638 3728 693 ani-

2078 710 2173 749 mo
2229 713 2355 753 meo
2387 704 2658 797 gestienti
2694 708 2992 768 effundere
3042 730 3105 769 se
3157 732 3349 773 coram
3404 724 3459 776 te
3511 725 3725 797 totum,

2077 799 2192 840 non
2217 790 2413 856 putavi
2440 793 2851 866 negligendam
2872 804 3237 861 occasionem
3258 812 3595 867 ostentandi
3618 790 3729 869 tibi

2078 875 2454 944 sagacitatem
2507 899 2719 952 meam,
2752 904 2929 959 quam
2979 891 3161 948 tantis
3212 895 3475 954 artificiis
3529 918 3726 959 arcere

2078 964 2415 1035 nequivisti,
2448 972 2763 1040 quominus
2799 977 2856 1031 in
2899 978 3109 1036 ultimo
3153 998 3385 1041 recessu
3420 987 3724 1047 abditissi-

2078 1068 2306 1109 morum
2350 1059 2563 1113 mentis
2608 1066 2720 1118 tua
2771 1069 3163 1136 penetralium
3212 1072 3720 1145 deprehenderet:

2076 1156 2322 1214 scepum
2353 1148 2847 1220 peregrinationis
2876 1157 2948 1211 ad
2974 1174 3081 1214 nos
3112 1162 3228 1215 tua
3260 1177 3375 1218 non
3401 1164 3583 1221 alium
3618 1168 3721 1224 tibi

2080 1232 2255 1290 fuisse
2308 1240 2701 1328 propositum,
2734 1260 2912 1315 quam
2966 1252 3031 1304 ut
3076 1250 3374 1322 specimen
3424 1256 3722 1328 sapientia

2078 1326 2427 1383 nostratium
2461 1329 2766 1388 doctorum
2812 1338 3043 1394 areanis
3074 1340 3227 1409 apud
3265 1358 3370 1398 nos
3419 1326 3720 1402 conditum

2077 1412 2307 1508 litteris,
2342 1418 2701 1477 exscriberes
2753 1423 2907 1490 inde,
2940 1431 3251 1500 vestraque
3296 1428 3500 1502 lingua
3546 1450 3724 1508 expo-

2078 1502 2257 1558 situm
2294 1506 2415 1577 regi
2444 1511 2545 1563 tuo
2578 1510 2808 1568 rediens
2841 1514 3068 1571 offeres.

2147 1631 2211 1685 V.
2248 1635 2323 1688 Ac
2357 1652 2428 1691 ne
2470 1641 2527 1693 te
2572 1639 2785 1697 habeat
2833 1643 3177 1714 sollicitum,
3210 1650 3367 1719 quod
3400 1666 3494 1707 me
3525 1652 3729 1709 subof-

2079 1718 2310 1777 fensum
2346 1726 2750 1786 taciturnitate
2769 1738 2875 1812 tua
2894 1734 3039 1801 dixi,
3060 1718 3243 1791 velim
3264 1754 3337 1793 ne
3360 1740 3443 1795 sis
3471 1742 3727 1812 nescius,

2083 1825 2197 1864 non
2230 1812 2417 1868 solum
2474 1806 2775 1888 ignovisse.
2802 1838 2893 1877 me
2924 1822 3029 1877 tibi
3064 1823 3264 1893 facile;
3296 1830 3397 1882 sed
3451 1806 3729 1901 praterea

2083 1899 2259 1954 etiam
2292 1908 2629 1974 suspexisse
2674 1910 3132 1968 moderationem
3190 1913 3245 1968 in
3292 1915 3402 1971 hoc
3448 1899 3634 1989 tuam,
3666 1921 3727 1974 in

2082 2004 2198 2058 qua
2222 2007 2393 2062 magn
2406 2011 2501 2049 um
2530 1996 2828 2067 sapientia
2852 1999 3041 2056 instar
3061 2005 3447 2075 agnoscebam
3469 2023 3482 2073 ;
3506 2022 3727 2077 gnarus

2082 2093 2258 2148 quam
2294 2082 2461 2151 pauci
2489 2084 2765 2141 resistant
2794 2089 3079 2161 prurigini
3104 2093 3389 2163 prodendi
3422 2095 3727 2151 familiari-

2080 2166 2190 2221 bus
2223 2170 2509 2241 quidquid
2561 2179 2753 2231 mente
2783 2184 3036 2245 versant,
3072 2185 3408 2253 quantaque
3455 2185 3725 2240 cautione

2079 2271 2227 2345 opus
2260 2259 2359 2323 sit,
2392 2263 2715 2330 prasertim
2768 2266 3118 2337 degentibus
3169 2285 3407 2342 peregre
3446 2274 3556 2328 sub
3588 2290 3725 2345 rege

2078 2343 2424 2417 legibusque
2456 2351 2898 2419 diversissimis,
2931 2355 2988 2410 in
3025 2360 3179 2413 recte
3210 2343 3721 2433 deligendo,quem

2075 2433 2305 2487 consilii
2339 2437 2614 2509 ancipitis
2640 2445 2695 2496 et
2717 2442 3140 2501 offensionibus
3172 2446 3293 2502 illic
3323 2449 3579 2516 obnoxii,
3604 2468 3719 2506 non

2074 2523 2358 2579 damnose
2389 2526 2521 2597 quis
2572 2529 2855 2586 arbitrum
2891 2533 3081 2589 faciat.
3121 2536 3289 2607 Ergo,
3326 2542 3392 2593 ut
3420 2542 3575 2610 quod
3629 2557 3723 2595 res

2073 2619 2160 2667 est
2192 2613 2394 2682 fatear,
2428 2633 2493 2671 eo
2544 2622 2599 2673 te
2650 2621 2887 2677 nomine
2935 2624 3125 2696 magis
3173 2627 3385 2694 amavi,
3417 2645 3483 2683 ac
3534 2628 3721 2685 multo

2072 2702 2257 2772 pluris
2292 2703 2417 2759 feci.
2454 2706 2548 2761 Sic
2592 2709 2750 2764 enim
2800 2712 3025 2767 dudum
3077 2712 3222 2769 mibi
3267 2718 3557 2788 persuasi,
3589 2724 3719 2774 octo

2071 2808 2195 2846 esse
2229 2793 2283 2845 in
2317 2795 2535 2863 quibus
2575 2799 3036 2868 experimentum
3086 2803 3300 2860 indolis
3348 2822 3593 2877 magna,
3630 2809 3721 2862 in-

2071 2881 2345 2952 geniique
2376 2882 2570 2939 laudis
2601 2888 2824 2942 eximia
2854 2892 3107 2961 capacis,
3137 2892 3292 2947 sumi
3325 2901 3549 2949 certum
3580 2912 3719 2967 pos-

2073 2970 2149 3024 sit
2178 2988 2191 3024 :
2226 2973 2481 3043 primum
2514 2981 2603 3030 est
2630 2977 2830 3033 mitem
2863 2996 2991 3035 esse
3022 2986 3078 3036 et
3107 2999 3334 3039 comem
3369 2986 3437 3039 ad
3473 3002 3715 3049 omnes;

2071 3059 2313 3115 alterum
2377 3070 2533 3118 recta
2590 3065 2803 3120 intueri
2863 3069 3223 3127 destinatum
3282 3089 3480 3143 suum,
3514 3074 3720 3146 illique

2070 3150 2385 3217 indefesse,
2429 3154 2893 3227 sed‘patienter,
2936 3160 3194 3229 urgendo
3244 3161 3548 3231 insistere;
3600 3168 3720 3219 ter-

2428 3260 2520 3297 sse
2569 3243 2928 3318 obsequique
2977 3248 3245 3321 regibus;
3287 3256 3592 3323 quartum,
3625 3270 3721 3307 sr-

2071 3346 2217 3384 cana
2249 3330 2509 3400 probatis
2553 3332 2837 3389 duntaxat
2884 3336 3091 3393 amicis
3123 3339 3388 3409 credere;
3421 3341 3720 3412 quintum,

2070 3418 2147 3479 in,
2180 3419 2495 3475 comitibus
2547 3422 2881 3494 principum
2915 3425 2998 3480 sic
3043 3442 3322 3498 apparere
3371 3430 3720 3501 sapientem,

2073 3513 2137 3562 ut
2180 3509 2383 3563 odiosa
2414 3508 2673 3565 'tristitia
2723 3511 3112 3584 philosophia
3158 3532 3273 3572 non
3322 3517 3625 3589 popularis
3672 3527 3727 3574 et

2072 3598 2468 3669 superciliosae
2516 3599 2871 3667 declinatur;
2907 3607 3162 3671 sextum,
3194 3604 3277 3660 ita
3317 3612 3628 3663 mansuete
3659 3624 3725 3662 ac

2073 3687 2299 3758 placide
2345 3704 2475 3741 cum
2511 3687 2736 3742 vitiosis
2785 3689 2960 3744 etiam
3011 3696 3068 3745 et
3112 3691 3400 3763 improbis
3432 3712 3626 3767 agere,
3662 3700 3726 3750 ut

2071 3778 2141 3829 ad
2176 3792 2273 3831 eos
2301 3792 2371 3830 ne
2394 3776 2653 3846 suspicio
2676 3777 2912 3846 quidem
2937 3779 3108 3833 celari
3135 3782 3559 3850 requirentium
3584 3801 3723 3838 con-

2071 3866 2337 3920 siliorum
2367 3864 2487 3919 ulla
2510 3864 2739 3918 sinatur
2757 3881 3062 3933 emanare;
3089 3874 3433 3937 septimum,
3456 3887 3722 3927 exercere

2071 3953 2397 4011 dominium
2432 3953 2486 4006 in
2515 3952 2803 4023 linguam,
2832 3954 3174 4026 frenareque
3196 3955 3354 4010 illam
3384 3958 3441 4012 in
3466 3959 3721 4013 occasio-

2072 4045 2246 4099 nibus
2294 4041 2515 4114 ingenii
2566 4041 2873 4097 dicacitats
2924 4044 3402 4113 commendandi,
3437 4047 3508 4100 ab
3559 4046 3719 4100 omni

2071 4133 2333 4201 dicterio,
2368 4132 2519 4202 quod
2556 4130 2639 4185 vel
2692 4130 2929 4201 oblique
2970 4132 3327 4204 perstringat
3358 4135 3723 4206 quempiam.

2070 4224 2345 4278 Octavum
2398 4220 2675 4291 denique,
2710 4220 2769 4274 in
2819 4226 3105 4275 conventu
3148 4222 3405 4278 virorum
3450 4225 3719 4295 gravium

2074 4328 2186 4366 non
2221 4317 2437 4365 temere
2489 4311 2738 4380 prodire.
2776 4325 2842 4364 ac
2875 4314 3018 4364 astu
3070 4310 3422 4368 eruditionis
3471 4313 3724 4369 conscia

2072 4400 2309 4473 provehi
2360 4399 2733 4455 sermonibus
2765 4398 2921 4454 ultra
2952 4415 3131 4470 quam
3184 4406 3386 4470 poscat
3435 4403 3719 4474 propositi

2071 4490 2141 4543 ad
2192 4489 2504 4543 dicendum
2565 4490 2666 4541 aut
2712 4486 3158 4543 deliberandum
3214 4493 3541 4560 argumenti
3602 4493 3723 4547 for-

313 4580 479 4635 nisse
513 4584 565 4633 te
595 4578 654 4633 in
688 4578 912 4632 Indiam
938 4593 1004 4632 eo
1035 4577 1300 4643 consilio,
1328 4582 1391 4631 ut
1421 4583 1631 4632 nostra
1656 4578 1960 4649 sapientia
1992 4577 2040 4643 D
2073 4576 2251 4631 mula.
2286 4576 2386 4629 His
2418 4581 2546 4630 octo
2579 4575 2681 4646 qui
2736 4576 3012 4644 praditus
3045 4577 3283 4633 dotibus
3335 4580 3431 4649 sit,
3467 4596 3552 4635 na
3587 4580 3637 4634 is
3669 4586 3725 4635 et

308 4670 629 4724 thesauros
661 4665 966 4738 expilares,
1002 4682 1465 4736 arcanorumque
1495 4667 1631 4721 inde
1673 4668 1959 4724 librorum

310 4758 545 4829 copiam
590 4761 813 4825 nactus,
847 4771 915 4810 ex
964 4754 1036 4809 iis
1082 4772 1315 4811 crueres
1366 4756 1517 4809 unde
1569 4757 1819 4827 patriam
1870 4775 1958 4814 re-

310 4851 435 4903 dux
482 4846 698 4901 ditares
742 4851 925 4900 tuam.
958 4846 1020 4899 In
1053 4860 1167 4914 quo
1198 4845 1327 4913 etsi,
1366 4850 1427 4899 ut
1471 4845 1612 4914 dixi,
1663 4847 1956 4902 suboffen-

308 4938 491 4992 debat
524 4952 612 4990 me
642 4939 743 4991 tua
780 4934 881 4989 illa
913 4950 1024 4989 non
1075 4934 1220 4988 satis
1273 4933 1579 4988 familiaris
1633 4935 1702 4989 de
1753 4952 1811 4989 re
1860 4936 1963 4992 tali

308 5026 710 5093 taciturnitas,
757 5022 1177 5078 necessitudini
1238 5022 1390 5077 inter
1448 5039 1554 5077 nos
1616 5024 1961 5080 coalescenti

304 5113 637 5171 convicium
688 5112 814 5168 visa
860 5113 1065 5181 facere,
1119 5111 1438 5183 temperavi
1490 5116 1683 5167 tamen
1736 5114 1807 5168 ab
1863 5131 1963 5169 ex-

306 5203 661 5277 postulando
703 5204 775 5258 de
823 5218 892 5257 ea
941 5206 1157 5267 tecum,
1189 5205 1497 5256 contentus
1548 5203 1857 5259 observare
1907 5209 1963 5261 te

302 5294 569 5361 interim,
619 5299 676 5351 et
726 5294 893 5367 quasi
950 5293 1418 5349 dissimulatione
1467 5300 1671 5349 mutua
1724 5294 1960 5363 ulcisci;

306 5388 452 5441 dum
492 5390 549 5439 tu
604 5384 830 5439 cateris
864 5384 1201 5451 virtutibus,
1234 5387 1308 5452 et,
1345 5400 1470 5454 qua
1505 5401 1612 5438 usu
1666 5401 1728 5439 se
1776 5386 1962 5457 magis

308 5475 626 5547 magisque
689 5474 1025 5546 quotidiano
1094 5474 1474 5541 exercebant,
1548 5475 1785 5529 dotibus
1849 5477 1963 5531 tuis

311 5565 615 5638 praeclaris
662 5563 1010 5620 eruditionis
1048 5569 1104 5618 et
1151 5563 1393 5634 ingenii,
1444 5562 1635 5618 labem
1687 5563 1845 5619 illam
1904 5567 1961 5621 in

309 5654 704 5713 aestimatione
734 5670 864 5710 mea
894 5653 1362 5725 qualemcunque
1396 5668 1833 5727 compensares,
1862 5662 1964 5714 aut

2073 4671 2236 4719 tutus
2266 4664 2377 4717 erit
2407 4680 2439 4717 a
2471 4663 2728 4733 periculo
2761 4664 3113 4719 damnorum
3149 4667 3207 4719 in
3238 4683 3368 4737 qua
3398 4667 3555 4723 haud
3592 4686 3722 4725 raro

2074 4756 2382 4809 incurrunt
2431 4751 2861 4805 inconsiderate
2892 4759 3338 4823 conversantes;
3374 4762 3432 4811 et
3482 4774 3725 4829 compos

2074 4845 2191 4899 fere
2222 4844 2321 4896 fiet
2364 4846 2628 4895 votorum
2679 4855 3195 4913 quorumcunque,
3226 4845 3454 4901 cunctis
3503 4847 3573 4901 ad
3620 4846 3721 4901 tali

2075 4931 2385 4987 favendum
2435 4927 2687 4983 naturali
2729 4929 2984 4999 quadam
3036 4931 3419 4989 inclinatione
3469 4952 3723 5007 propen-

2073 5021 2371 5076 dentibus.
2392 5019 2594 5088 Itaque
2617 5017 2774 5088 quod
2796 5017 2904 5073 has
2928 5018 2985 5073 in
3008 5022 3064 5075 te
3085 5036 3290 5078 omnes
3310 5023 3560 5079 virtutes
3581 5023 3721 5086 vidi,

2074 5113 2383 5181 promptus
2422 5121 2552 5161 ecce
2604 5122 2947 5178 pronusque
2978 5125 3111 5164 sum
3145 5111 3215 5166 ad
3266 5113 3722 5183 gratiﬁcandum

2074 5199 2201 5265 tibi,
2236 5201 2523 5269 quantum
2556 5196 2666 5251 erit
2702 5196 2757 5250 in
2785 5212 2877 5251 me
2904 5196 3109 5264 situm,
3134 5201 3525 5272 quodcunque
3553 5204 3720 5271 opta-

2074 5288 2246 5345 veris.
2272 5293 2475 5343 Moneo
2508 5291 2704 5341 tamen
2756 5285 2994 5342 difficile
3026 5292 3081 5343 te
3110 5290 3408 5360 negotium
3441 5292 3718 5354 tractare;

2076 5397 2141 5435 ac
2167 5394 2282 5450 quo
2314 5374 2502 5447 magis
2537 5375 2725 5430 sentio
2776 5373 2931 5429 haud
2986 5393 3156 5446 posse
3200 5392 3289 5431 me
3318 5376 3376 5433 in
3418 5393 3483 5431 eo
3532 5391 3718 5445 quan-

2074 5476 2199 5526 tum
2231 5466 2459 5533 vellem,
2486 5480 2552 5519 eo
2581 5481 2784 5535 precor
2814 5464 2999 5518 Deum
3042 5464 3349 5529 intentius,
3369 5469 3435 5519 ut
3466 5464 3716 5519 fortunet

2074 5565 2364 5631 coeptum,
2425 5554 2774 5611 amoliendis
2838 5568 2964 5607 sese
3026 5558 3230 5607 contra
3285 5553 3717 5625 objectantibus

2076 5649 2393 5708 obstaculis
2422 5662 2539 5701 non
2579 5643 2798 5715 parvis;
2832 5657 2965 5713 qua
3008 5641 3281 5711 equidem
3313 5643 3455 5698 dum
3485 5648 3715 5716 reputo,
