3984 6202
201 328 340 383 1225

1217 330 1575 381 SPECIMEN
1614 328 2013 380 SAPIENTUE
2051 328 2385 383 INDORUM
2424 332 2584 383 VE'I‘.

3471 336 3610 388 1226

210 461 358 517 tero,
410 452 566 523 quod
626 468 732 506 nos
790 452 977 519 decet,
1036 466 1295 521 operam,
1361 468 1429 505 ne
1488 452 1699 505 minori
1755 455 1851 506 tuo
1883 470 2293 536 Apannorum
2329 455 2459 525 Pagi
2496 455 2795 521 Phuistan,
2845 456 3109 527 amplum
3150 474 3281 511 eum
3332 461 3610 517 vestitum

201 546 421 609 fructu,
456 558 636 613 quam
670 545 875 596 nostra
922 538 1241 611 voluptate,
1292 544 1523 593 tantum
1583 538 1850 593 laborum

205 639 262 687 et
292 630 691 703 periculorum
744 628 1109 685 exhauseris.
1161 628 1283 682 Sub
1333 627 1456 682 hac
1512 627 1667 682 diem
1716 645 1857 683 con-

205 720 349 775 dicit
395 724 735 789 posterum;
787 716 962 787 cujus
1009 716 1122 771 diei
1175 720 1375 770 notata
1424 715 1570 770 hora
1617 716 1857 782 eruditi,

207 827 357 882 quos
388 809 446 863 in
476 807 758 863 comitatu
792 806 1047 860 habebat
1079 804 1384 876 plurimos,
1412 804 1859 875 omnigenaque

210 901 515 974 sapientia
565 897 993 954 consultissimi
1058 896 1167 951 viri
1238 895 1616 951 convenirent
1671 897 1743 949 ad
1804 912 1865 949 se

210 1008 438 1053 omnes,
472 987 730 1043 audituri
765 1002 1004 1057 peregre
1036 986 1310 1040 advectos
1345 986 1550 1049 libros,
1578 985 1718 1038 dum
1751 983 1862 1037 lin-

210 1098 328 1152 gua
358 1079 616 1151 primum
650 1076 884 1132 Persica
915 1092 981 1129 ex
1015 1074 1239 1129 Perzois
1270 1073 1751 1145 interpretatione
1782 1089 1866 1126 re-

211 1171 556 1223 citarentur.
588 1166 953 1235 Congregato
997 1168 1144 1217 coetu
1192 1161 1582 1232 amplissimo,
1634 1159 1863 1215 medius

208 1257 271 1312 in
306 1257 520 1311 throno
549 1271 669 1318 rex,
702 1251 959 1322 sumptis
989 1250 1049 1304 in
1084 1266 1294 1304 manus
1321 1255 1378 1305 et
1408 1250 1713 1321 explicatis
1738 1250 1864 1303 Per-

214 1347 340 1402 zois
369 1342 713 1411 codicibus,j
724 1341 877 1396 ussit
896 1357 966 1395 ex
978 1340 1063 1395 eis
1081 1357 1115 1394 a
1133 1338 1507 1395 vocalissimo
1538 1342 1865 1409 anagnoste

210 1431 582 1506 pronuntiari
615 1447 718 1501 per
749 1430 924 1484 horas
964 1428 1254 1499 plurimas
1285 1427 1731 1483 dissertationes
1766 1444 1865 1499 po-

211 1523 513 1579 tissimum
541 1518 876 1591 quindecim
910 1516 1411 1590 gymnosophista
1449 1533 1580 1570 cum
1614 1517 1865 1571 Abessa-

212 1613 371 1668 lomo
402 1627 567 1683 rege;
602 1608 971 1664 inhiantibus
1002 1608 1167 1663 avide
1198 1607 1450 1670 cunctis,
1472 1611 1529 1662 et
1557 1607 1865 1662 veritatem

218 1708 337 1757 tam
379 1700 533 1772 aptis
591 1714 929 1770 expressam
991 1696 1224 1765 fabulis,
1285 1695 1570 1765 effataque
1618 1711 1869 1751 summa

216 1793 494 1847 humana
523 1786 824 1859 sapientia
858 1786 1178 1841 bestiarum
1200 1784 1599 1841 ammnissime
1629 1786 1868 1856 profusa

1971 558 2084 597 non
2120 544 2262 597 mihi
2295 544 2485 598 solum
2519 545 2878 600 indicatione
2931 547 3142 602 favoris
3192 548 3299 613 tui,
3344 550 3445 603 sed
3483 552 3613 604 uni-

1968 647 2143 686 versa
2190 648 2419 703 quoque
2476 634 2808 705 cognationi
2870 651 3013 689 mea
3074 642 3234 691 ratus
3285 637 3426 691 fore.
3473 639 3615 693 Inde

1968 735 2101 773 cum
2139 737 2317 791 quam
2339 721 2455 776 dixi
2487 724 2810 793 accepisset
2840 728 3082 780 Perzoes
3113 731 3335 780 vestem
3371 726 3619 797 regiam,

1968 810 2305 879 gratiasque
2334 810 2549 865 iterum
2602 812 3085 881 exquisitissimis
3135 814 3349 885 egisset
3398 816 3615 885 verbis,

1969 903 2178 952 cuncta
2206 897 2255 952 ei
2290 915 2564 969 prospera
2598 902 2912 972 faustaque
2965 921 2998 957 a
3046 903 3160 958 Deo
3206 921 3609 974 comprecans,

1970 986 2396 1041 demississime
2427 988 2798 1058 significavit,
2833 991 2991 1045 aliud
3044 992 3347 1061 quidpiam
3391 992 3615 1048 deside-

1975 1092 2103 1129 rare
2134 1092 2195 1129 se
2226 1092 2259 1129 a
2307 1078 2616 1145 majestate
2664 1079 2813 1148 ejus,
2865 1096 2978 1133 non
3032 1081 3285 1145 difﬁcile,
3348 1098 3450 1135 nec
3502 1100 3618 1136 ma-

1973 1180 2153 1234 gnum
2191 1182 2203 1219 :
2234 1166 2412 1235 quod,
2449 1165 2497 1219 si
2529 1182 2630 1235 per
2659 1183 2792 1220 eum
2832 1167 3048 1235 liceret,
3083 1170 3360 1224 continuo
3406 1188 3617 1241 propo-

1971 1258 2150 1306 neret.
2190 1253 2385 1307 Dicere
2410 1255 2638 1322 jussus,
2671 1255 2924 1324 subjecit
2956 1274 2968 1310 :
3004 1260 3303 1327 Cuperem,
3354 1260 3614 1323 domine,

1972 1345 2032 1395 ut
2066 1342 2353 1411 imperare
2402 1342 2729 1412 dignareris
2778 1345 3048 1414 scriptori
3098 1351 3197 1399 tuo
3251 1347 3406 1416 regio
3462 1354 3619 1401 Pert-

1968 1430 2371 1495 zetzemchari,
2404 1430 2525 1485 filio
2557 1431 2948 1498 Paschetices,
2983 1438 3201 1488 utcum
3235 1434 3450 1489 librum
3476 1454 3619 1491 ame

1971 1519 2229 1573 delatum
2262 1536 2330 1573 ex
2358 1520 2526 1575 ludia
2557 1520 2901 1592 Persiceque
2952 1538 3208 1591 versum,
3260 1540 3414 1592 mox,
3450 1530 3622 1595 prout

1962 1608 2087 1678 jam
2112 1608 2373 1678 jussisti,
2406 1609 2539 1664 edet
2572 1610 2627 1663 in
2662 1609 2853 1665 lucem
2907 1611 3224 1680 publicam,
3270 1629 3621 1667 commemo-

1974 1702 2059 1751 ret
2110 1698 2167 1749 in
2216 1700 2407 1752 fronte
2450 1699 2647 1768 operis
2709 1698 3054 1753 nominatim
3120 1702 3221 1770 qui
3276 1702 3411 1767 sim,
3468 1703 3623 1757 unde

1975 1794 2158 1854 ortus,
2194 1787 2361 1856 cujus
2388 1793 2558 1842 secta
2609 1804 2675 1842 ac
2728 1788 2929 1854 studii,
2986 1794 3277 1856 postremo
3330 1797 3620 1860 quantum

218 1880 462 1951 linguis,
516 1847 910 1948 pulcherrimo
969 1876 1193 1930 iutextu
1260 1874 1549 1946 peregrini
1608 1847 1863 1939 artificii,
1898 1847 1943 1909 Β
1977 1847 2371 1930 contentio-nis
2404 1875 2461 1928 in
2494 1876 2603 1929 hoc
2642 1881 2742 1929 tuo
2790 1847 3066 1931 mandato
3119 1847 3490 1949 defungendo
3522 1896 3617 1933 cx-

216 1966 492 2025 concordi
524 1965 959 2021 celebrantibus
989 1964 1297 2035 applausu.
1342 1964 1402 2017 In
1436 1964 1706 2034 digressu
1733 1978 1865 2034 gra-

218 2057 448 2113 vissimi
481 2056 699 2127 quique
732 2059 1070 2109 senatorum
1125 2070 1339 2108 manus
1396 2052 1456 2106 in
1505 2051 1718 2107 ccslum
1751 2050 1864 2104 tol-

219 2147 441 2212 lebant,
472 2142 834 2214 gratulantes
863 2142 1126 2209 Numini,
1159 2142 1315 2212 quod
1346 2140 1461 2195 ista
1494 2139 1613 2208 regi
1643 2143 1865 2204 mente,

220 2238 333 2293 isto
369 2234 565 2290 Perzoi
594 2233 788 2289 studio
821 2247 1220 2301 successuque
1251 2230 1422 2300 ccepti
1472 2227 1731 2283 difficilis
1762 2228 1867 2281 do-

219 2325 439 2390 nando,
467 2322 619 2377 diem
653 2322 890 2376 demum
927 2319 1266 2374 illucet-cere
1299 2317 1698 2373 felicissimam
1732 2332 1867 2371 con-

219 2414 497 2469 cessisset
529 2410 776 2477 Persidi,
810 2409 990 2463 tantis
1020 2412 1223 2463 extera
1248 2406 1547 2477 sapientia
1573 2405 1868 2460 thesauris

214 2506 355 2575 jure
384 2502 658 2571 deinceps
690 2497 1043 2569 gloriatura.
1093 2498 1246 2551 Hinc
1294 2494 1559 2550 conversi
1609 2494 1680 2548 ad
1736 2499 1868 2548 Per-

222 2608 411 2656 zoem,
442 2588 668 2645 nullum
703 2587 993 2642 faciebant
1023 2585 1197 2640 finem
1252 2583 1474 2655 ingenii
1506 2581 1633 2653 eius
1668 2582 1869 2636 facun-

224 2680 477 2751 diaque,
508 2696 574 2733 ae
602 2677 661 2731 in
694 2676 874 2731 tantis
910 2674 1184 2746 periculis
1215 2672 1871 2738 contemnendis,feren-

226 2771 322 2825 dis
352 2769 675 2835 laboribus,
733 2763 1098 2821 fortitudinis
1156 2764 1615 2831 constantiaeque
1672 2759 1873 2830 pradi-

224 2860 427 2914 canda
456 2876 471 2925 ;
503 2873 618 2928 quo
649 2855 883 2911 aiebant
914 2852 1147 2908 nomine
1177 2851 1428 2923 patriam
1456 2850 1569 2922 ipsi
1602 2865 1771 2905 suam
1792 2847 1870 2901 im

227 2945 499 3002 mortalis
552 2942 814 3000 beneficii
863 2957 1098 3013 semper
1158 2939 1497 2996 debitricem
1570 2939 1710 2993 fore.
1758 2938 1873 2991 Rex

224 3039 380 3107 ipse,
414 3034 568 3089 haud
600 3049 728 3089 sese
753 3032 880 3102 jam
911 3030 1168 3102 capiens,
1203 3029 1383 3101 pandi
1432 3028 1748 3100 apothecas
1779 3042 1872 3078 re-

222 3126 463 3199 giarum
494 3138 670 3194 opum
693 3121 897 3193 jussit,
930 3120 1227 3191 ductoque
1258 3134 1458 3174 secum
1493 3117 1646 3171 intro
1679 3113 1874 3169 Perzoi

1973 1963 2289 2019 hauserim.
2318 1965 2393 2018 Eo
2427 1964 2658 2032 cognito
2692 1964 2919 2019 Perzois
2951 1971 3081 2021 voto
3111 1983 3209 2021 rex
3239 1973 3294 2021 et
3350 1984 3617 2038 proceres

1972 2068 2314 2124 generosam
2347 2053 2476 2122 ejus
2511 2053 2859 2124 sapientiam
2894 2070 3227 2126 suspexere,
3272 2056 3371 2126 qui
3402 2057 3617 2127 opibus

1974 2158 2040 2196 ac
2070 2140 2313 2211 pecunia
2344 2141 2717 2212 conlemptis,
2761 2147 3042 2197 aternum
3093 2145 3271 2198 decus
3316 2145 3617 2201 immorta-

1971 2229 2046 2283 lis
2077 2229 2274 2299 gloria
2309 2247 2491 2285 unum
2525 2231 2866 2286 intueretur.
2908 2232 3097 2295 Quare
3150 2234 3349 2287 statim
3383 2235 3431 2287 ei
3468 2251 3565 2289 rex
3596 2252 3609 2289 :

1973 2319 2242 2382 Dabitur,
2271 2336 2341 2373 ne
2374 2319 2597 2387 dubita,
2632 2321 2785 2389 quod
2840 2321 2986 2390 petis
3039 2339 3051 2375 :
3096 2322 3385 2393 jussoque
3427 2325 3617 2377 confe-

1975 2408 2113 2462 stim
2148 2408 2317 2461 acciri
2349 2408 2888 2474 Pertzetzemchari,
2923 2409 3120 2479 Vides,
3154 2411 3254 2479 ait,
3292 2411 3447 2465 hunc
3481 2412 3615 2466 Per-

1976 2512 2157 2564 zoem,
2192 2495 2349 2550 nosti
2393 2496 2805 2566 eruditionem,
2862 2498 3212 2553 modestiam
3265 2504 3619 2570 eaterasque

1976 2584 2179 2638 laudes
2210 2584 2360 2653 ejus,
2396 2600 2499 2638 nec
2530 2591 2586 2639 te
2618 2585 2768 2656 fugit
2798 2591 3085 2655 quantum
3128 2586 3187 2641 in
3240 2588 3408 2643 nobis
3439 2588 3620 2658 grati-

1978 2673 2205 2727 ticando
2239 2673 2628 2743 periculorum
2655 2689 3165 2745 arumnarumque
3189 2677 3385 2731 animo
3411 2676 3624 2730 invicto

1976 2762 2261 2823 subierit;
2297 2767 2574 2831 praterea
2597 2767 2660 2816 ut
2692 2764 2978 2818 recusarit
3000 2763 3369 2835 amplissima
3388 2765 3627 2835 pramia

1979 2868 2106 2921 qua
2138 2850 2248 2921 ipsi
2281 2851 2716 2906 merentissimo
2749 2852 3212 2908 decreveramus.
3263 2855 3315 2908 ls
3347 2854 3625 2923 quoniam

1978 2940 2100 2994 vice
2128 2938 2611 3006 omninmfunum
2643 2945 2824 3010 optat,
2860 2945 2924 2994 ut
2954 2940 3105 2995 libro
3127 2958 3299 3012 quem
3333 2947 3421 2997 est
3446 2942 3626 2997 inter-

1981 3032 2243 3099 pretatus
2289 3028 2587 3099 specimen
2642 3028 2921 3084 Indorum
2973 3028 3273 3101 sapientia
3324 3031 3626 3102 prabenti,

1982 3133 2194 3171 nomen
2230 3116 2416 3187 ipsius
2447 3132 2581 3170 cum
2620 3117 2914 3172 mentione
2946 3134 3132 3189 opera
3174 3118 3331 3173 circa
3354 3135 3485 3174 eum
3520 3136 3627 3174 na-

218 3211 616 3285 jurejurando
647 3208 1013 3264 confirmavit
1041 3207 1374 3262 condonare
1412 3222 1474 3260 se
1504 3203 1616 3275 ipsi
1648 3220 1715 3259 ac
1739 3203 1875 3272 jure
1906 3207 1948 3273 (ζ
1986 3210 2154 3270 vata,
2190 3210 2314 3259 tum
2347 3209 2564 3259 catera
2590 3204 2719 3275 ejus
2751 3204 3074 3276 disciplina
3114 3223 3180 3261 ac
3210 3207 3338 3261 vita
3371 3206 3631 3263 instituti

222 3306 353 3376 jam
390 3317 544 3357 nunc
576 3315 753 3371 quam
784 3297 1002 3369 optimo
1064 3296 1367 3367 proprium
1417 3294 1647 3349 tradere
1703 3292 1874 3364 quid-

229 3391 381 3464 quid
412 3406 479 3445 ac
516 3392 807 3461 quantum
858 3386 995 3441 inde
1042 3384 1259 3452 vellet;
1308 3382 1568 3454 eligeret,
1626 3385 1878 3453 caperet,

232 3480 405 3537 nulla
434 3475 804 3543 verecundia,
851 3472 1014 3529 nulla
1062 3472 1422 3546 parcimonia
1479 3472 1717 3527 domum
1777 3487 1882 3524 au-

237 3572 441 3635 ferret,
475 3583 505 3622 e
556 3564 903 3621 clarissimis
955 3562 1071 3618 illis
1122 3561 1392 3632 gemmis,
1442 3576 1471 3615 e
1523 3559 1885 3631 pretiosissi-

235 3660 361 3715 mis
394 3657 603 3728 pannis
635 3671 775 3709 auro
799 3653 975 3709 textis
1005 3656 1062 3707 et
1091 3652 1291 3716 blatta,
1327 3649 1689 3719 reliquisque
1713 3648 1887 3718 regia

234 3764 398 3822 gaza
428 3746 719 3801 immensa
748 3741 867 3797 illic
899 3741 1065 3812 copia
1096 3743 1381 3811 congesta
1412 3738 1653 3793 divitiis.

320 3871 411 3928 IX.
457 3874 614 3925 Tune
664 3867 975 3940 procidens
1025 3882 1219 3921 coram
1265 3879 1398 3934 rege
1460 3859 1889 3917 demississime

238 3968 490 4016 Perzoes
543 3976 556 4013 :
606 3956 860 4027 Accipio,
913 3956 1011 4021 ait,
1057 3954 1313 4019 domine,
1362 3952 1540 4006 istum
1599 3948 1885 4017 animum,

237 4049 408 4105 istud
441 4049 512 4103 de
543 4063 637 4102 me
660 4044 976 4116 judicium,
1008 4059 1075 4099 eo
1106 4041 1347 4113 gratiori
1379 4040 1554 4094 animi
1589 4054 1788 4105 sensu,
1823 4054 1889 4091 eo

237 4137 547 4206 dejectiori
595 4134 983 4194 veneratione.
1036 4149 1148 4201 quo
1195 4129 1384 4200 magis
1435 4145 1565 4184 sum
1618 4126 1890 4183 conscius

240 4227 395 4284 nihil
428 4225 640 4296 egisse,
675 4229 777 4279 aut
825 4220 1087 4293 potuisse
1138 4237 1229 4274 me
1260 4236 1373 4290 quo
1413 4217 1593 4272 tantis
1643 4234 1677 4272 a
1726 4233 1893 4271 saera

237 4323 350 4373 tua
380 4315 690 4384 majestate
730 4310 1020 4366 cumulari
1069 4308 1363 4363 favoribus
1413 4323 1686 4361 mererer.
1741 4306 1892 4359 Laus

238 4423 315 4463 ea
348 4420 512 4459 mera
536 4407 627 4457 est
659 4399 1104 4456 humanissima
1136 4397 1497 4469 dignationis
1546 4401 1678 4463 tua,
1713 4412 1892 4465 quam

243 4494 395 4567 quia
443 4489 802 4547 remunerari
852 4488 1023 4543 aliter
1072 4503 1248 4557 quam
1298 4486 1447 4541 votis
1498 4500 1747 4555 nequeo,
1792 4502 1892 4537 su-

240 4598 522 4655 premum
573 4578 701 4635 cali
746 4584 1035 4648 terraque
1082 4574 1397 4630 Dominum
1451 4574 1715 4645 impense
1764 4589 1895 4641 pre-
1930 4572 1977 4631 Ι)

239 4689 347 4728 eor
379 4677 446 4726 ut
474 4674 531 4725 te
562 4668 886 4724 maximum
933 4681 1128 4737 regem
1160 4668 1217 4719 et
1262 4663 1321 4718 in
1356 4664 1464 4719 hac
1519 4664 1637 4717 vita
1694 4665 1899 4734 pergat

241 4759 415 4818 omni
448 4756 831 4831 prosperitate
864 4756 1181 4818 fortunare,
1228 4758 1287 4808 et
1331 4752 1388 4807 in
1443 4753 1641 4806 futuro
1688 4750 1897 4805 saculo

241 4850 614 4921 sempiterna
642 4848 878 4902 coronet
916 4842 1123 4915 gloria.
1158 4843 1320 4907 Quod
1385 4842 1456 4895 ad
1492 4842 1605 4895 ista
1651 4840 1903 4911 pertinet

241 4956 381 5011 qua
414 4935 747 5008 largissime
779 4934 952 4989 offers
981 4931 1224 5003 indigno
1255 4935 1313 4985 et
1344 4928 1537 4983 inutili
1572 4933 1673 4983 tuo
1710 4944 1899 4994 servo,

246 5030 448 5097 liceat,
482 5040 702 5097 quaso,
736 5040 838 5095 per
870 5028 924 5077 te
955 5020 1122 5086 mihi,
1156 5037 1253 5075 rex
1286 5016 1901 5083 iilustrissime,libere

242 5116 423 5173 fateri
455 5129 548 5170 me
580 5113 651 5168 iis
685 5129 801 5167 non
834 5111 1119 5182 indigere.
1169 5108 1415 5163 Abunde
1463 5107 1681 5177 quippe
1728 5110 1904 5176 atque

244 5208 447 5262 instar
476 5202 745 5259 omnium
777 5204 940 5255 tuam
973 5216 1101 5254 esse
1136 5197 1279 5252 mihi
1310 5196 1558 5269 gratiam
1613 5198 1669 5249 et
1708 5194 1902 5266 splen-

238 5297 457 5351 dorem
492 5290 919 5347 redundantem
955 5288 1011 5342 in
1042 5303 1134 5343 me
1156 5301 1458 5341 summum
1486 5300 1553 5339 ex
1580 5288 1698 5339 tam
1722 5283 1903 5339 hono-

240 5384 419 5438 rifico
452 5379 779 5449 majestatis
809 5379 881 5433 de
912 5394 1005 5431 me
1036 5380 1148 5431 tua
1189 5373 1530 5430 testimonio
1590 5389 1657 5427 ac
1705 5389 1904 5428 sensu.

238 5472 336 5528 Ne
370 5474 572 5525 tamen
602 5467 803 5523 videar
833 5466 1056 5537 regiam
1090 5464 1269 5519 istam
1292 5466 1457 5517 tuam
1488 5460 1906 5516 liberalitatem

234 5574 551 5632 spernere,
586 5561 687 5611 aut
720 5571 990 5611 recusare
1024 5553 1080 5607 in
1115 5568 1225 5607 are
1256 5555 1357 5605 tuo
1415 5565 1563 5617 esse,
1624 5565 1809 5603 unum
1843 5565 1911 5603 ex

241 5649 383 5706 suis
444 5643 1047 5718 magniﬁcentissimis
1098 5640 1347 5695 admitto
1397 5639 1590 5709 donis,
1636 5638 1910 5694 volumen

538 5767 810 5826 PATBOL.
859 5762 971 5823 Gn.
1018 5758 1261 5821 CXLIII

1992 3295 2407 3365 prafigeretur,
2438 3291 2713 3347 volumus
2744 3293 2911 3348 illum
2953 3294 3279 3365 aquissimi
3312 3294 3494 3366 hujus
3516 3296 3633 3351 voti

1992 3398 2095 3454 per
2126 3387 2179 3436 te
2211 3380 2430 3453 prolixe
2453 3386 2782 3453 compotem
2802 3382 2946 3437 fieri.
2982 3385 3179 3453 Itaque
3202 3388 3489 3455 quantum
3514 3390 3634 3440 arte

1994 3470 2387 3541 facundiaque
2430 3469 2611 3539 vales,
2662 3472 2750 3526 fac
2797 3470 2853 3525 in
2906 3488 2972 3527 eo
3016 3478 3386 3544 argumento,
3416 3472 3636 3545 talique

1996 3558 2117 3613 viro
2150 3565 2321 3629 prout
2350 3564 2440 3614 est
2466 3559 2682 3630 dignus
2713 3561 3066 3628 exornando,
3091 3566 3279 3617 totum
3311 3578 3638 3633 expromas;

1996 3648 2053 3701 id
2081 3652 2531 3703 consecuturus.
2566 3653 2629 3701 ut
2660 3649 2890 3704 laudem
2937 3650 3115 3703 etiam
3164 3650 3291 3720 ipse
3343 3652 3639 3721 propriam

1997 3754 2065 3790 ex
2096 3736 2283 3790 alieno
2316 3740 2578 3806 reportes
2609 3738 2965 3801 encomio,et
2997 3742 3172 3792 tanta
3206 3738 3444 3793 virtutis
3467 3740 3643 3810 digne

1997 3824 2418 3879 commendata
2453 3824 2732 3893 splendor
2772 3825 2829 3877 in
2877 3829 3041 3879 tuam
3088 3842 3321 3896 quoque
3356 3828 3643 3881 redundet

1997 3912 2344 3966 claritatem.
2380 3911 2531 3965 Vade
2564 3927 2689 3981 age,
2723 3911 2997 3967 incumbe
3029 3914 3085 3967 in
3110 3929 3260 3983 Opus
3292 3914 3419 3968 sine
3452 3931 3637 3968 mora:

1998 4005 2056 4056 et
2087 4000 2264 4055 simul
2298 4000 2479 4055 istum
2514 4001 2933 4071 panegyricum
2995 4002 3452 4070 elucubraveris,
3505 4019 3638 4056 cer-

2001 4090 2177 4142 tiores
2228 4104 2334 4142 nos
2381 4090 2505 4154 fac;
2559 4087 2747 4158 placet
2800 4088 2951 4142 enim
3009 4087 3176 4143 nobis
3246 4089 3352 4144 hoc
3404 4089 3531 4159 ipso
3580 4090 3640 4142 in

2003 4185 2177 4242 metu,
2206 4177 2356 4247 quod
2390 4177 2694 4247 scripseris
2722 4182 2859 4231 ante
2916 4177 3232 4232 editionem
3282 4178 3541 4248 recitari,
3576 4184 3642 4231 ut

2002 4268 2236 4321 eosdem
2271 4266 2366 4334 qui
2398 4265 2626 4320 Perzois
2646 4265 2993 4321 industriam
3019 4266 3434 4336 ingeniumque
3458 4267 3645 4321 dilau-

2004 4359 2239 4423 darunt,
2273 4361 2449 4426 grata
2496 4363 2707 4410 nostra
2761 4356 2818 4410 in
2867 4372 3001 4409 eum
3050 4354 3390 4425 voluntatis,
3424 4363 3651 4427 tuaque

2003 4447 2192 4515 ipsius
2225 4445 2281 4498 in
2319 4445 2485 4499 nobis
2516 4446 2891 4515 obsequendo
2925 4444 3239 4515 diligentia
3270 4445 3647 4516 eloquentia-

2007 4552 2117 4605 que
2140 4539 2319 4589 testes
2352 4534 2694 4589 habeamus.

2077 4660 2139 4713 Χ.
2172 4659 2424 4713 Adorato
2476 4658 2970 4713 Pertzetzemchar
3020 4658 3359 4715 humillima
3409 4676 3653 4716 venera-

2008 4747 2164 4802 tione
2194 4761 2349 4817 rege,
2386 4746 2679 4800 facturum
2711 4762 2773 4800 se
2804 4747 2960 4815 quod
2994 4752 3368 4819 praceperat,
3402 4748 3654 4820 recepit;

2009 4853 2074 4890 ae
2109 4840 2314 4889 Perzoe
2345 4835 2535 4889 denuo
2569 4833 2841 4905 prolapso
2863 4834 2934 4889 ad
2970 4836 3146 4905 pedes
3177 4836 3471 4907 Chosrois,
3513 4854 3653 4909 gra-

2008 4924 2108 4979 tiis
2158 4922 2461 4988 iterandis,
2510 4923 2839 4993 exindeque
2907 4930 3177 4980 venerato
3236 4932 3540 4982 senatores
3591 4944 3658 4981 ac

2010 5013 2164 5067 viros
2196 5011 2490 5083 principes
2520 5016 2756 5067 caeteros
2777 5028 2984 5068 omnes
3015 5014 3114 5083 qui
3148 5014 3657 5082 aderant,solutus

2014 5105 2333 5157 conventus
2382 5104 2487 5155 est.
2563 5104 2628 5154 At
2703 5103 3200 5157 Pertzetzemchar
3266 5104 3489 5159 eximio‘
3551 5119 3658 5157 suo

2015 5189 2251 5261 ingenio
2284 5207 2350 5245 ac
2385 5189 2660 5245 facultate
2690 5191 2981 5247 scribendi
3006 5192 3282 5263 praclara
3320 5192 3659 5263 complexus

2018 5280 2420 5351 prascriptum
2454 5285 2893 5351 argumentum,
2928 5281 3252 5337 orationem
3293 5278 3657 5335 elucubravit

2019 5368 2490 5434 disertissimam,
2544 5387 2661 5440 qua
2733 5371 2987 5439 Perzois,
3060 5372 3130 5425 ab
3202 5369 3346 5441 ipsis
3420 5384 3661 5423 exorsus

2021 5458 2229 5531 primis
2280 5458 2608 5530 originibus
2653 5476 2717 5513 ac
2768 5459 3130 5529 crepundiis,
3183 5473 3391 5527 genus,
3445 5460 3665 5524 ortum,

2022 5550 2213 5621 prima
2244 5548 2460 5618 studia,
2506 5566 2719 5613 mores,
2772 5553 2948 5614 artes,
2998 5564 3191 5612 sensa,
3244 5547 3666 5616 professionem

2024 5656 2116 5693 res
2147 5643 2365 5709 gestas,
2402 5653 2589 5706 usque
2618 5638 2690 5690 ad
2723 5635 3251 5706 peregrinationem
3278 5635 3388 5705 ipsi
3426 5637 3664 5690 mamia-

3311 5756 3386 5814 39
