4002 6202
422 284 565 347 1227

1940 282 2327 340 APPENDIX.

3637 284 3734 338 1228

425 416 567 475 tam,
603 413 658 463 et
693 406 919 466 felicem
955 404 1207 461 reditum
1241 422 1305 460 ex
1339 405 1523 473 India,
1573 403 1914 476 plenissime
1971 421 2067 460 or-
2099 407 2155 476 Α
2184 403 2382 468 tulens
2415 405 2527 464 sibi
2562 421 2662 461 rex
2694 421 2972 464 successu
3005 420 3239 478 qualem
3270 409 3536 476 optaverat
3559 409 3740 472 inauda-

431 495 861 564 natissimeque
910 493 1240 556 celebravit.
1295 495 1420 561 Non
1472 498 1560 560 est
1609 494 1760 565 apud
1815 510 1922 554 nos
1949 494 2075 563 ejus

2183 499 2372 557 tarum
2407 513 2440 554 a
2471 513 2532 552 se
2570 513 2787 567 rerum,
2826 495 3008 569 pandi
3050 494 3357 551 thesauros
3384 494 3546 566 regios
3579 495 3739 552 iterum

428 584 623 656 operis
653 583 841 654 copia.
885 583 1084 654 Neque
1131 584 1286 640 enim
1341 583 1511 651 illum
1547 583 1733 650 Arabs
1790 583 2077 653 interpres
2176 583 2383 653 jussit,
2415 585 2764 658 eductisque
2794 585 2928 642 inde
2960 601 3179 657 magna
3207 584 3260 640 vi
3301 583 3418 640 auri
3445 601 3501 640 ac
3540 600 3741 655 gemma-

426 690 600 746 quem
636 673 830 733 Graece
861 673 1260 743 expressimus
1292 673 1349 741 in
1401 673 1667 742 versione
1712 690 1819 738 sua
1849 680 2066 744 Posuit,

433 768 761 826 Possumus
811 769 1008 824 tamen
1057 765 1184 834 ejus
1243 764 1596 833 desiderium
1644 763 1882 835 aequiori
1930 763 2074 824 ferre

429 853 808 926 animo,quod
847 853 1151 916 materiam
1177 870 1240 919 ac
1267 853 1745 922 feresententiam
1767 855 1896 924 ejus
1916 869 2075 912 coma

424 943 696 1008 mentarii
729 943 938 1018 partim
973 943 1030 997 in
1065 943 1173 1012 hac
1205 960 1381 1014 quam
1416 959 1483 1008 ex
1507 943 1906 1004 monumentis
1930 942 2073 1000 bau-

430 1032 620 1088 simus
651 1031 900 1094 Persicis
931 1031 1174 1100 historia
1206 1032 1632 1104 deportationis
1657 1049 1724 1094 ex
1759 1033 1923 1094 India
1955 1032 2074 1088 dis-

432 1119 821 1190 sertationum
882 1120 1092 1189 harum
1153 1121 1644 1194 parabolicarum,
1722 1123 1936 1194 partim
2015 1123 2072 1182 in

424 1210 766 1283 praefatione
817 1210 1044 1267 Perzois
1085 1210 1296 1283 ipsius,
1329 1227 1506 1282 quam
1557 1212 1866 1273 Arabicam
1915 1211 2073 1270 nacti

431 1299 623 1355 Graece
649 1317 782 1356 mox
830 1300 1161 1367 reddemus,
1210 1300 1456 1371 reperiet
1498 1301 1804 1362 studiosus
1854 1305 2072 1372 Lector,

434 1388 629 1464 iisque
657 1387 927 1458 videlicet
977 1393 1309 1456 contentus,
1355 1390 1511 1449 haud
1547 1406 1919 1462 magnopere,
1948 1390 2072 1463 api,

435 1494 563 1545 nor,
597 1477 922 1548 quidquam
969 1477 1123 1545 ultra
1171 1478 1450 1548 requiret.
1495 1479 1835 1541 Convocatis
1863 1479 2074 1538 deinde

434 1583 641 1626 rursus
673 1584 706 1622 a
736 1583 868 1640 rege
894 1568 1251 1638 proceribus,
1287 1569 1415 1640 ipso
1438 1585 1672 1641 quoque
1721 1569 1904 1628 accito
1936 1575 2071 1626 Per~

433 1672 553 1724 zoe,
601 1655 788 1714 lectus
833 1673 1026 1726 coram
1072 1657 1350 1722 omnibus
1389 1662 1478 1720 est
1522 1658 2071 1718 Pertzetcemcharis

430 1745 708 1816 prologue
739 1745 1214 1817 encomiasticus,
1249 1747 1308 1806 in
1341 1764 1454 1818 quo
1487 1765 1619 1808 cum
1653 1752 1810 1806 esset
1839 1749 2070 1808 cunctis
2099 1781 2148 1860 Β

430 1833 611 1860 ..ει-..Μ
663 1833 983 1860 Ιηιιριιιιιιιεε.
1041 1834 1422 1860 ..ιιι----ηιξημ
1481 1837 1698 1860 l--__1_12
1751 1839 2067 1860 --:._L-_A1L-__

424 1833 615 1894 visum
662 1833 985 1903 laudatoiis
1037 1834 1424 1906 eloquentiam
1479 1837 1702 1896 laudati
1751 1839 2070 1894 virtutibus

423 1940 489 1979 ac
523 1924 745 1982 meritis
776 1941 942 1996 aqua
975 1925 1348 1997 proportione
1382 1927 2072 1999 respondere,plausibus

427 2017 673 2086 uterque
705 2014 1036 2081 celebratus
1072 2013 1260 2084 miris,
1304 2032 1586 2088 magnum
1613 2016 1878 2074 tulerunt
1896 2018 2071 2074 indue

425 2103 581 2159 strias
613 2121 732 2160 suis
768 2105 1045 2167 fructum.
1082 2104 1200 2166 Prae
1229 2106 1505 2168 omnibus
1535 2107 1776 2179 gavisus
1831 2113 1889 2164 et
1935 2125 2070 2180 grue

2183 689 2311 740 rum
2341 673 2617 732 immensi
2655 675 2847 746 pretii,
2875 679 3004 730 tum
3035 674 3219 730 vestis
3250 673 3477 729 atlalicze
3500 675 3740 744 speciosis-

2182 761 2346 822 sima:
2390 780 2635 830 numero
2669 763 2914 836 ingenti,
2948 762 3514 833 Pretzetaemcharem
3550 781 3632 834 pro
3670 782 3743 819 na-

2182 856 2318 910 vata
2347 851 2602 910 ﬁdeliter
2631 869 2810 925 opere
2849 857 3197 910 muneratus
3245 856 3336 908 est
3380 851 3589 907 Perzoes
3628 854 3742 924 regis

2183 938 2244 998 in
2275 956 2403 999 sese
2435 943 2717 1000 beneﬁcia
2748 942 2910 1000 omni
2941 959 3050 999 sua
3080 942 3256 1008 etiam
3301 941 3633 1012 praedicandi,
3674 959 3744 997 ne-

2183 1031 2326 1090 dum
2377 1034 2737 1105 rependendi
2770 1032 3043 1090 facultate
3077 1031 3249 1103 longe
3279 1032 3557 1102 superiora
3581 1033 3743 1103 gratis-

2187 1122 2338 1179 sime
2371 1125 2694 1193 professus,
2723 1124 2877 1188 votis
2911 1124 2983 1178 ab
3014 1123 3416 1194 omnipotente
3455 1136 3621 1175 rerum
3661 1125 3744 1175 Do-

2181 1210 2341 1267 mino
2371 1211 2589 1282 institit
2618 1211 3079 1285 religiosissimis
3102 1226 3359 1283 posuere,
3396 1214 3456 1265 ut
3481 1209 3609 1264 vices
3629 1208 3675 1264 in
3696 1222 3746 1264 eo

2182 1317 2325 1358 suas
2357 1301 2660 1374 suppleas,
2693 1319 2808 1357 non
2850 1300 3146 1357 universis
3186 1300 3375 1366 solum
3407 1298 3523 1354 vitae
3548 1297 3751 1354 mortalis

2180 1391 2544 1447 ornamentis
2573 1408 2642 1447 ac
2671 1391 3018 1458 commodis,
3051 1390 3152 1456 sed
3186 1390 3367 1461 gloria
3406 1389 3563 1444 etiam
3592 1393 3752 1444 eterna

2183 1483 2409 1536 tantam
2425 1497 2554 1553 ejus
2565 1481 3030 1553 begnignitatem
3046 1479 3484 1550 largitalcmque
3495 1480 3750 1532 coronaret.

2180 1569 2703 1628 Pertsetzemchari
2739 1570 2950 1626 deinde
2983 1567 3352 1640 amplissima
3398 1572 3512 1622 tam
3552 1563 3756 1622 benevoli

2178 1659 2356 1716 ofﬁcii
2387 1664 2662 1733 precatus
2691 1659 2832 1718 item
2863 1677 2898 1715 a
2925 1659 3044 1715 Deo
3076 1657 3340 1730 praemia,
3370 1670 3674 1714 concessum
3691 1653 3756 1708 de-

2181 1749 2360 1822 nique
2411 1754 2594 1806 totum
2630 1749 2796 1806 illum
2828 1747 3271 1820 amplissimum
3307 1741 3754 1815 obsequiosissime

2182 1843 2514 1908 veneratus,
2577 1840 2807 1898 cunctis
2856 1838 2909 1893 ei
2961 1836 3244 1906 vicissim,
3279 1837 3418 1891 dum
3470 1831 3757 1903 assurgitur,

2181 1928 2642 2000 gratulantibus,
2672 1929 2914 1984 domum
2938 1942 3067 1990 sese
3088 1941 3258 1981 suam
3285 1921 3634 1995 triumphans
3650 1935 3762 1990 gaue

2181 2018 2300 2091 dio,
2332 2022 2386 2074 et
2417 2018 2756 2075 cumulatus
2785 2017 2970 2091 gloria
2991 2015 3230 2088 recepit.

1739 2502 2377 2565 PROLEGOMENON
2426 2501 2503 2569 ΙΙ.

693 2630 998 2710 Prae/otio
1027 2636 1340 2712 Symeom's
1367 2634 1517 2697 Seth
1552 2637 1750 2698 Graeci
1784 2638 2062 2778 inter/97a

2009 2737 2062 2778 ec

2173 2655 2306 2777 igua
2337 2634 2528 2696 tradit
2574 2635 2873 2698 rationem
2915 2632 3091 2712 hujus
3123 2630 3275 2700 libri
3323 2629 3547 2692 utalitcr

2199 2737 2246 2778 ι.
3439 2768 3451 2777 .

2009 2737 2246 2797 egenas.

417 2928 550 2984 CAP.
587 2932 628 2985 Ι.
661 2961 728 2969 -
757 2931 1186 3056 Argumentum};
1205 2932 1388 3073 [prmo
1430 2939 1487 2986 es
1533 2947 1723 3004 scapus
1751 2931 2069 3002 scriptionis

1191 3018 1226 3057 ιι
1255 3020 1338 3058 us.

1191 3018 1338 3058 usus.

489 3110 859 3181 Compositus
891 3109 986 3165 hic
1013 3110 1161 3166 liber
1182 3115 1270 3165 est
1293 3129 1326 3166 a
1349 3109 1715 3182 apicutibus
1745 3111 2061 3167 artificioso
2099 3092 2141 3159 (ἶ

422 3203 694 3254 contextu
729 3199 1063 3254 fabularum
1094 3217 1160 3254 ac
1190 3198 1628 3270 parabolarum,
1672 3205 1728 3256 et
1775 3202 2069 3273 excogita-

418 3291 613 3342 tarum
646 3292 703 3342 et
732 3288 1135 3343 ordinaturum
1193 3289 1513 3359 prudenter
1562 3291 1632 3344 ad
1684 3290 2066 3345 directionem

415 3376 563 3430 vitae.
598 3379 801 3430 Leonti
832 3381 1029 3430 autem
1064 3376 1156 3430 hic
1190 3381 1329 3430 sunt
1360 3380 1630 3431 auctores
1663 3378 1843 3448 hujus
1872 3379 2064 3450 aperis

417 3480 518 3532 per
545 3480 646 3517 ora
677 3463 998 3518 bestiarum
1041 3468 1098 3518 et
1126 3463 1454 3533 volucrum,
1487 3473 1548 3519 ul
1580 3465 1824 3522 lectores
1856 3469 2065 3523 corda-

414 3556 508 3606 toe
538 3551 598 3606 in
631 3551 983 3608 sententiam
1015 3570 1287 3609 arcanam
1336 3558 1734 3624 penetrantes,
1767 3557 2068 3612 erudirent

414 3641 911 3714 instituerentque
944 3643 1013 3698 ad
1048 3648 1200 3698 recte
1233 3643 1344 3698 sibi
1373 3645 1826 3714 consulendum,
1867 3647 2064 3702 stultis

419 3735 613 3787 autem
645 3731 962 3804 puerisque
995 3732 1179 3788 risum
1213 3738 1532 3804 moverent,
1564 3733 1806 3806 ludique
1829 3736 1974 3808 ipsis
1997 3753 2063 3792 ac

417 3820 790 3877 remissionis
829 3821 1018 3893 gratia
1071 3820 1386 3893 placerent.
1432 3825 1671 3894 Oportet
1714 3830 1909 3880 autem
1961 3842 2058 3880 cu-

413 3909 583 3980 pidos
615 3911 892 3966 doctrina:
923 3927 1152 3981 omnes,
1206 3911 1529 3980 praesertim
1559 3913 1822 3984 juvenes,
1852 3915 1973 3969 bene
2005 3919 2062 3970 et

411 4001 748 4056 memoriter
777 4000 1056 4070 ediscere,
1091 4004 1148 4055 et
1179 4001 1382 4056 crebro
1411 4002 1614 4057 efferre
1642 4004 1962 4072 recitando,
1997 4009 2061 4060 ut

410 4096 611 4161 postea
642 4109 814 4164 quam
849 4090 906 4144 in
940 4095 1165 4146 aetatem
1200 4091 1427 4146 consilii
1477 4109 1749 4164 capacem
1800 4095 2056 4150 adoleve-

408 4181 544 4250 rint,
582 4181 810 4252 possint
842 4181 1146 4236 latentlum
1168 4183 1277 4236 sub
1304 4181 1394 4236 his
1421 4189 1840 4254 praeceptorum
1875 4185 2053 4240 ductu

405 4271 736 4338 gubernare
766 4271 949 4325 vitam
982 4271 1299 4342 propriam.
1352 4271 1422 4325 Et
1471 4271 1581 4326 erit
1633 4273 1753 4327 haec
1785 4275 2050 4344 quaedam

401 4356 548 4427 ipsis
575 4359 810 4428 provisa
843 4359 1082 4416 moralis
1115 4359 1372 4415 scientia:
1403 4360 1592 4432 cepia,
1625 4361 1782 4417 velut
1815 4363 1938 4417 auri
1963 4383 2052 4418 ar-

2179 2931 2312 2986 CAP.
2346 2932 2415 2987 ll.
2451 2963 2520 2972 ——
2545 2931 2631 2986 Ad
2653 2929 2936 2986 lectionem
2965 2928 3099 3002 libri
3118 2917 3772 3002 adhibendum-consilium

2248 3004 2506 3073 doctoris,
2557 3002 2860 3059 ostenditur
2908 3000 3173 3073 parabole
3220 2998 3562 3056 invenientis
3588 3004 3772 3063 peregre

2251 3071 2590 3145 thesaurum,
2621 3091 2720 3132 nec
2744 3073 3068 3145 per/arentis
3096 3071 3344 3130 domum.

2250 3199 2486 3271 Oportet
2512 3203 2705 3255 autem
2737 3198 3022 3270 legentem
3055 3195 3214 3250 hunc
3244 3193 3468 3248 librum
3503 3187 3772 3257 intelligere

2182 3307 2293 3344 non
2330 3294 2561 3345 tantum
2613 3289 2732 3354 vim
2793 3281 3056 3341 intimam
3111 3284 3450 3350 verborum,
3505 3279 3598 3335 sed
3636 3275 3774 3331 etiam

2185 3396 2399 3434 causas
2428 3396 2532 3433 cur
2561 3376 2819 3449 quidque
2849 3376 3106 3448 positum
3141 3373 3220 3427 ibi
3258 3374 3341 3428 sit
3371 3389 3383 3427 :
3421 3367 3774 3443 percipereque

2178 3471 2672 3544 signiﬁcationem
2695 3465 3180 3550 symbolorumdn
3206 3465 3465 3538 singulis
3488 3455 3781 3518 meditandis

2178 3561 2323 3619 satis
2373 3560 2668 3634 hzurendo,
2718 3551 3190 3627 adhibendoque,
3237 3554 3342 3609 ubi
3387 3569 3531 3637 cpus
3568 3550 3655 3613 sit,
3681 3561 3774 3642 me:

2175 3649 2344 3720 gistri
2379 3665 2645 3721 operam;
2707 3646 2921 3716 alioqui
2981 3646 3137 3706 enim
3201 3661 3324 3706 non
3375 3642 3545 3698 modo
3573 3653 3670 3694 non
3697 3637 3779 3689 erit

2171 3738 2334 3795 utilis
2366 3738 2559 3806 lectio,
2583 3739 2683 3793 sed
2709 3737 2885 3793 etiam
2909 3735 3194 3790 damnosa
3216 3733 3478 3789 laborem
3504 3729 3774 3784 infructuo-

2171 3845 2305 3885 sum
2339 3826 2618 3884 subeunti
2653 3825 2796 3898 :qui
2845 3841 2988 3881 sane
3034 3822 3228 3880 simile
3283 3820 3511 3894 aliquid
3565 3815 3772 3890 patietur

2168 3917 2395 3974 homini
2428 3917 2628 3984 stulto,
2681 3916 2948 3987 quicum
2999 3928 3239 3985 peregre
3295 3907 3706 3967 conscendisset
3730 3903 3772 3955 in

2170 4008 2483 4080 quemdam
2519 4010 2804 4072 montem,
2838 4008 2894 4059 et
2921 4003 3241 4062 invenisset
3275 4001 3362 4056 ibi
3391 4014 3578 4056 arcam
3624 3990 3770 4080 maxif

2168 4078 2324 4152 mem
2356 4097 2587 4166 plenam
2615 4110 2758 4150 auro
2789 4097 2845 4148 et
2866 4091 3116 4165 gemmis
3151 4090 3455 4162 pretiosis,
3488 4086 3623 4142 dixit
3650 4078 3771 4153 apud

2163 4203 2226 4242 se
2258 4203 2271 4242 κ
2305 4185 2522 4241 Abiens
2565 4183 2937 4254 interrogabo
2987 4181 3301 4253 quemdam
3351 4179 3679 4252 prudentem
3704 4167 3770 4221 vi-

2163 4293 2292 4331 rum
2327 4281 2383 4330 et
2415 4273 2746 4346 perquiram
2780 4289 2846 4328 ex
2875 4273 3002 4344 ipso
3063 4271 3356 4325 rationem
3421 4271 3548 4324 tuto
3601 4265 3771 4332 depor~

2160 4366 2321 4421 tendi
2356 4365 2535 4435 hujus
2566 4363 2828 4420 thesauri
2861 4362 2917 4416 in
2954 4363 3195 4416 domum
3218 4375 3419 4415 meam
3456 4375 3470 4412 :
3501 4353 3769 4428 quodcum

401 4448 680 4518 gentique
720 4454 988 4519 repertus
1018 4450 1174 4505 domi
1207 4449 1502 4520 cumulus,
1552 4467 1726 4521 quem
1780 4458 2050 4526 parentes
2081 4480 2128 4541 Β
2163 4471 2336 4527 agere
2366 4454 2654 4526 coepisset,
2689 4469 2823 4508 mox
2854 4450 3026 4522 ccepti
3058 4450 3378 4520 pmnitens,
3400 4452 3446 4504 Ο
3469 4463 3576 4515 me,
3601 4439 3772 4541 ipquil.

397 4534 544 4605 ipsis
575 4538 1453 4604 recondiderint,inveniendum
1475 4556 1590 4613 quo
1611 4545 1873 4613 tempore
1897 4560 2045 4615 Opus

399 4641 464 4680 eo
497 4627 721 4688 fuerit;
774 4645 952 4699 quem
1003 4629 1389 4686 abscondisse
1433 4631 1655 4702 profuit
1703 4649 1776 4688 ne
1829 4633 2043 4706 diripe-

398 4719 562 4770 retur
592 4716 666 4775 ab
699 4718 993 4776 extraneis
1020 4738 1034 4787 ;
1068 4735 1173 4774 nec
1207 4723 1404 4778 tamen
1437 4723 1553 4775 tam
1589 4719 1704 4776 alte
1725 4722 2043 4789 defodisse,

400 4807 464 4860 ut
494 4821 612 4861 non
642 4805 811 4863 facile
837 4807 1210 4878 detegeretur
1241 4809 1300 4863 in
1350 4809 1656 4865 occasione
1692 4811 2046 4878 utendi,uti-

399 4910 510 4965 que
539 4893 819 4952 latentem
849 4897 954 4952 sub
1005 4895 1306 4953 involucro
1347 4915 1460 4953 non
1493 4898 1672 4954 nimis
1702 4900 1903 4968 denso,
1941 4901 2042 4956 sed

387 4983 703 5054 pellucido,
739 5001 844 5040 nec
877 5001 1028 5056 aegre
1078 4987 1397 5056 amovibili,
1451 4987 1775 5058 signorum,
1811 5004 1876 5045 ex
1907 5006 2043 5062 cpe-

391 5073 556 5150 ribus
587 5077 644 5129 et
683 5073 874 5130 verbis
924 5073 1325 5130 indicantibus
1377 5075 1675 5147 quidpiam
1729 5078 1873 5134 satis
1914 5096 2041 5151 per-

388 5164 550 5222 vium
603 5161 1004 5234 intelligentia
1057 5163 1311 5218 naturali
1362 5166 1576 5220 mentis
1627 5165 1915 5222 humana).
1965 5170 2042 5225 Ea

389 5252 545 5310 enim
575 5258 699 5310 arte
727 5251 1110 5309 multiformis
1146 5252 1263 5307 haec
1296 5251 1537 5322 scriptio
1570 5253 1854 5322 symbolis
1894 5256 2042 5327 figu-

387 5343 586 5414 risque
615 5343 808 5400 omnis
834 5341 1065 5415 generis
1085 5340 1383 5411 variegata
1404 5349 1490 5396 est
1512 5358 1544 5394 a
1565 5340 1705 5395 viris
1726 5344 2045 5414 sapientis-

383 5433 555 5491 simis
594 5434 723 5504 ejus
755 5431 1118 5498 auctoribus,
1155 5435 1219 5485 ut
1247 5430 1340 5485 via
1384 5429 1664 5501 radixque
1695 5431 1868 5487 ofﬁcii
1901 5450 2040 5489 con-

387 5524 622 5596 siliique
654 5525 794 5580 recti
827 5525 884 5578 in
919 5522 1078 5578 omni
1109 5522 1243 5576 vita:
1287 5519 1533 5577 articulo
1583 5522 1819 5578 tenendi
1861 5542 2037 5581 amm-

397 5611 488 5668 nis
524 5615 874 5686 ambagibus
906 5612 1385 5670 adumbraretur.

2158 4544 2436 4601 stultuml
2465 4543 2562 4615 qui
2597 4543 2850 4613 aliquem
2883 4540 3186 4602 consulam
3221 4555 3234 4594 :
3266 4555 3410 4593 nam
3445 4550 3611 4607 quem
3627 4529 3773 4598 hujus

2157 4634 2355 4690 arcani
2390 4632 2732 4704 participem
2766 4632 2972 4696 fecero,
3004 4629 3058 4685 is
3083 4627 3235 4684 volet
3275 4624 3547 4683 thesauri
3581 4629 3774 4694 quoque

2155 4725 2279 4780 fieri
2330 4723 2644 4795 particeps,
2678 4727 2733 4778 et
2762 4739 2898 4794 pars
2928 4721 3058 4792 ejus
3087 4720 3200 4775 erit
3261 4718 3352 4773 illi
3395 4710 3773 4774 concedenda:

2155 4831 2350 4870 nonne
2381 4813 2594 4870 melius
2624 4816 2712 4868 est
2735 4817 2799 4867 ut
2818 4827 2923 4883 ego
2943 4810 3087 4865 mihi
3109 4813 3303 4868 totum
3323 4803 3577 4864 servem?
3599 4801 3676 4856 Ab
3688 4796 3775 4852 hoc

2156 4903 2404 4960 oonsilio
2423 4902 2645 4958 stultus
2668 4901 2764 4957 ille
2781 4899 3114 4971 inexplebili
3139 4896 3474 4970 cupiditate
3491 4893 3686 4949 illusus
3704 4900 3774 4939 vo-

2154 4993 2306 5049 cavit
2335 4992 2565 5064 bajules
2599 4991 2989 5047 mercenaries
3048 5005 3079 5044 θ
3135 4989 3279 5056 foro,
3345 4987 3612 5056 dixitque
3640 4977 3770 5034 illis:

2153 5083 2332 5139 Adest
2361 5082 2500 5153 huc,
2531 5086 2588 5137 et
2619 5081 2804 5138 locate
2842 5079 2989 5134 mihi
3039 5079 3205 5149 justo
3260 5076 3542 5131 mercede
3570 5078 3770 5140 operam

2154 5172 2225 5226 ad
2260 5172 2612 5242 portandum
2659 5170 2780 5225 hac
2827 5185 2939 5239 quo
2978 5167 3127 5222 volo.
3183 5164 3640 5237 Responderunt
3665 5153 3771 5209 illi:

2156 5261 2460 5317 Faciemus
2489 5265 2546 5316 et
2573 5260 2794 5315 ibimus
2826 5263 2892 5314 ut
2916 5257 3108 5329 juhes.
3141 5256 3266 5328 lpse
3321 5255 3570 5311 delectis
3608 5251 3774 5304 decem

2155 5367 2222 5406 ex
2253 5349 2398 5422 ipsis
2431 5351 2596 5404 duxit
2635 5365 2734 5404 eos
2792 5347 2864 5403 ad
2913 5345 3106 5401 locum
3161 5344 3260 5400 ubi
3314 5348 3448 5399 erat
3494 5341 3771 5397 thesaurus

2152 5457 2328 5512 quem
2362 5440 2691 5495 invenerat:
2727 5444 2784 5493 et
2815 5436 3085 5508 aperiens
3117 5450 3312 5491 arcana
3372 5433 3524 5488 dixit
3555 5447 3568 5485 :
3601 5426 3776 5483 Adeste

2150 5531 2346 5598 amici,
2380 5533 2437 5584 et
2469 5528 2779 5600 implentes
2811 5543 3013 5582 saccos
3064 5530 3288 5580 vestros
3342 5523 3428 5577 ite
3478 5521 3540 5575 in
3569 5519 3773 5572 domum

2149 5635 2364 5690 meam,
2400 5623 2456 5674 et
2486 5618 2764 5690 deponite
2802 5616 2965 5691 ipsos
2994 5615 3053 5671 in
3084 5611 3404 5681 vestibulo,
3439 5615 3507 5666 ut
3560 5606 3636 5663 ibi
3679 5616 3776 5657 scr~
