4002 6202
261 309 398 363 1229

1283 312 1640 365 SPECIMEN
1676 310 2077 364 SAPIBNTUB
2118 308 2449 363 lNDORUM
2491 311 2651 362 VET.

3439 270 3443 279 ‘
3535 312 3668 364 1230

255 438 468 488 ventur
496 434 681 489 donec
714 434 963 490 veniam.
996 435 1076 490 Ea
1108 450 1241 489 eum
1277 434 1347 488 ab
1380 434 1586 489 insano
1638 433 1751 487 isto
1804 430 1904 485 ba-
1935 449 1982 514 Α
2020 429 2134 501 ipsi
2168 448 2180 486 :
2217 433 2409 499 Erras,
2442 432 2650 500 amice,
2682 431 2740 486 in
2790 433 3246 503 pronuntiando.
3296 435 3520 498 Quibus
3570 435 3669 491 ille

252 523 363 593 juli
399 525 728 591 audissent,
765 524 1037 578 dixerunt
1066 523 1175 594 ipsi
1213 540 1225 577 :
1262 524 1415 577 Bene
1446 522 1639 590 habet,
1664 522 1914 575 libenter

259 630 651 687 exsequemur
680 615 836 686 quod
880 614 1138 684 imperas
1175 628 1188 668 :
1222 618 1279 667 et
1325 629 1455 667 cum
1511 610 1913 683 implevissent

260 720 483 774 saccos,
518 720 729 759 rursus
759 702 871 774 ipsi
904 702 1177 757 dixerunt
1211 718 1223 755 :
1261 701 1412 755 Audi
1445 701 1493 755 si
1524 699 1688 755 lubet
1718 697 1910 753 censi-

260 792 407 849 lium
440 798 732 860 nostrum,
766 810 838 847 ne
870 792 1211 847 thesaurum
1245 807 1417 862 quem
1450 789 1725 845 invenisti
1783 804 1911 858 per-

260 884 388 938 das.
422 882 572 949 Quin
606 884 755 952 ejus,
792 882 987 953 inquit
1016 881 1134 947 ille,
1184 880 1377 950 gratia
1423 879 1617 934 vocavi
1668 895 1789 943 vos,
1842 893 1913 932 ne

260 971 399 1043 quid
433 970 574 1027 mihi
611 971 824 1042 periret
855 988 921 1026 ex
950 969 1206 1041 ipso.llli
1241 969 1515 1023 dixerunt
1560 984 1571 1023 :
1617 968 1740 1021 Non
1773 983 1910 1021 con-

260 1061 416 1116 venit
447 1078 553 1115 nos
586 1060 759 1115 simul
791 1060 874 1115 ire
905 1076 1021 1115 una
1053 1075 1277 1127 omnes,
1312 1076 1383 1113 ne
1414 1058 1546 1129 quis
1579 1056 1910 1127 magistra-

256 1158 428 1208 tuum
461 1156 684 1208 tantam
722 1157 1067 1208 onustorum
1107 1151 1333 1206 turbam
1368 1150 1591 1216 videns,
1645 1148 1915 1220 exquirat

260 1243 403 1314 quid
438 1243 518 1297 rei
551 1242 645 1305 sit,
672 1246 729 1296 et
757 1241 989 1313 cognito
1029 1244 1221 1296 tantas
1253 1255 1391 1311 opes
1422 1239 1482 1293 in
1515 1239 1756 1293 domum
1791 1235 1911 1307 pri-

260 1337 462 1388 vatam
510 1330 665 1396 ferri,
716 1334 937 1385 avertat
984 1329 1138 1396 illas,
1189 1333 1246 1385 et
1294 1328 1351 1383 in
1403 1328 1611 1383 ﬁscum
1666 1325 1910 1395 redigat,

261 1421 533 1477 auferens
565 1438 598 1476 a
628 1420 798 1475 nobis
823 1436 836 1472 :
863 1418 1073 1474 melius
1104 1434 1242 1490 ergo
1272 1421 1361 1472 est
1391 1422 1455 1471 ut
1486 1415 1705 1487 singuli
1738 1431 1912 1485 sepa-

259 1510 434 1566 ratim
467 1510 935 1583 proficiscamur,
969 1525 1074 1563 nec
1104 1513 1168 1564 tu
1202 1507 1509 1563 nobiscum
1542 1505 1647 1573 sis,
1682 1504 1783 1560 sed
1818 1504 1912 1559 hic

254 1605 559 1673 exspectes
590 1600 774 1655 donec
806 1602 1201 1666 revertamur;
1254 1596 1471 1651 ibimus
1522 1596 1678 1650 enim
1728 1591 1909 1648 celer-

254 1689 442 1756 rime;
492 1693 549 1744 et
598 1689 796 1745 statim
845 1688 961 1743 huc
1012 1686 1353 1742 redibimus.
1389 1684 1660 1740 Prohavit
1692 1682 1910 1739 stultus

254 1778 570 1835 consilium
595 1776 949 1847 bajulorum;
978 1780 1038 1832 at
1058 1776 1143 1830 illi
1174 1774 1449 1830 tollentes
1480 1789 1682 1829 saccos
1704 1771 1909 1872 plenos
1940 1809 1985 1873 Β

253 1869 530 1924 abierunt
560 1866 1120 1939 unusquisque-quo
1152 1864 1344 1931 libuit,
1366 1868 1422 1919 et
1448 1863 1509 1918 in
1542 1864 1784 1917 domum
1818 1861 1905 1915 in-

256 1957 389 2013 sani
422 1972 595 2013 nemo
626 1957 925 2028 profectus
950 1954 1197 2011 est.Sub
1229 1968 1529 2024 vesperem
1561 1951 1660 2005 ille
1692 1950 1907 2022 (quan-

253 2063 438 2118 quam
470 2045 847 2102 subotfensus
877 2044 1034 2117 quod
1068 2060 1182 2098 non
1215 2042 1733 2109 redissent,tamen
1766 2055 1907 2093 cau-

249 2153 382 2193 sam
402 2152 577 2191 morze
598 2134 877 2189 incidisse
895 2132 1093 2202 aliam,
1110 2149 1214 2188 nec
1233 2131 1345 2187 sibi
1361 2131 1707 2186 damnosam
1723 2128 1908 2195 ratus)

242 2225 463 2301 plenus
514 2224 729 2298 gaudio
776 2224 1019 2279 domum
1051 2240 1114 2279 se
1147 2222 1401 2277 referens
1430 2218 1592 2275 uxori
1626 2218 1859 2287 dicebat
1891 2233 1904 2271 :

248 2315 511 2371 Ostende
564 2313 708 2373 mihi
755 2312 854 2371 ubi
917 2312 1228 2374 thesaurus
1286 2314 1378 2365 est
1418 2325 1590 2380 quem
1646 2306 1908 2369 tulerunt

243 2404 460 2474 bajuli,
511 2408 579 2458 ut
625 2402 854 2458 videam
911 2417 981 2456 ne
1038 2401 1179 2473 quid
1240 2401 1388 2455 forte
1437 2395 1838 2453 subtraxerint
1890 2410 1903 2449 :

249 2493 361 2549 illa
391 2492 879 2561 admirans,0uid
913 2489 1020 2557 ais,
1072 2491 1149 2544 mi
1202 2489 1309 2558 vir,
1362 2487 1575 2559 inquit,
1628 2485 1768 2557 quid
1822 2484 1904 2537 lo-

248 2581 500 2654 queris?
526 2586 581 2636 et
610 2581 729 2647 ille,
764 2580 893 2634 Hzec
926 2578 1132 2649 loquor
1163 2595 1284 2647 quas
1327 2576 1544 2631 audisti
1576 2591 1589 2629 :
1628 2572 1726 2627 illa
1778 2588 1904 2626 vero

248 2672 583 2743 respondit,
636 2670 919 2741 Equidem
969 2668 1189 2737 audivi,
1218 2668 1317 2722 sed
1354 2666 1501 2720 nihil
1532 2665 1742 2720 horum
1777 2678 1905 2732 quae

243 2762 402 2817 dicis
433 2760 552 2817 vidi
582 2759 789 2820 oculis,
812 2762 914 2814 aut
943 2758 1214 2813 manibus
1245 2755 1547 2827 attigi.Hic
1575 2753 1673 2809 ille
1704 2758 1908 2821 stupe—

244 2852 466 2918 factus,
498 2850 721 2915 Nonne,
754 2847 967 2919 inquit,
1002 2846 1139 2901 misi
1172 2844 1276 2900 tibi
1309 2844 1481 2899 hodie
1529 2860 1629 2914 per
1676 2840 1905 2911 bajulos

239 2941 751 2996 circumferaneos
810 2937 1126 3010 plusquam
1186 2934 1345 2990 mille
1395 2933 1614 2989 talenta
1676 2930 1800 2985 auri
1850 2933 1906 2984 et

242 3031 485 3102 lapides
536 3028 871 3102 pretiosos?
920 3026 1242 3097 Respondit
1291 3040 1455 3078 uxor.
1498 3022 1902 3093 Nequaquam,

239 3119 495 3175 domine
545 3119 623 3174 mi
668 3116 911 3174 :nullus
959 3115 1275 3187 quidquam
1325 3112 1544 3168 attulit.
1600 3108 1906 3166 Perculsus

241 3225 422 3275 casu,
470 3212 528 3262 et
572 3223 701 3262 sero
749 3206 987 3277 sapiens
1036 3204 1186 3259 male
1239 3218 1421 3258 sanus
1470 3199 1591 3266 ille,
1637 3196 1906 3270 cognovit

241 3299 494 3355 tandem
546 3312 609 3353 se
636 3297 979 3367 deceptum;
1013 3294 1337 3363 habuitque
1371 3296 1435 3347 ut
1467 3290 1629 3363 prius
1662 3303 1904 3342 vacuam

238 3386 665 3455 domum,hoc
695 3387 888 3441 solum
939 3401 1005 3439 ex
1056 3382 1321 3438 thesauri
1373 3381 1519 3435 tanti
1569 3378 1907 3433 inventione

242 3478 551 3543 lucratus,
584 3480 648 3530 ut
674 3473 963 3530 inutiliter
988 3489 1053 3528 eo
1085 3473 1178 3528 die
1201 3488 1266 3527 se
1312 3474 1598 3526 vexasset.
1648 3468 1739 3521 Sic
1789 3465 1906 3521 evi-

240 3568 378 3623 niet
406 3566 623 3638 legenti
654 3564 813 3619 hunc
844 3563 1082 3629 librum,
1115 3560 1229 3616 nisi
1262 3565 1318 3614 et
1347 3558 1727 3614 attentionem
1769 3571 1906 3625 proe-

240 3658 472 3729 priam,
505 3660 564 3711 et
594 3654 852 3709 alienum
887 3650 1200 3708 consilium
1233 3649 1507 3705 adhibeat
1552 3647 1625 3701 ad
1671 3644 1907 3716 penitus

235 3746 687 3818 pervidendum
720 3742 861 3815 quid
894 3758 959 3797 eo
990 3743 1289 3797 doceatur.

241 3885 393 3941 CAP.
432 3883 529 3943 IlI.
556 3911 621 3920 -—
654 3879 956 3934 Necessitas
985 3874 1331 3949 percipiendi
1360 3889 1581 3929 sensum
1606 3869 1909 3949 parabola-

322 3970 461 4010 rum
491 3952 805 4007 declaratur
834 3946 1209 4005 similitudine
1238 3963 1462 4013 nurum,
1512 3952 1562 3999 et
1607 3946 1907 3998 sententia-

318 4043 459 4081 rum
492 4027 681 4093 ignota
712 4024 911 4092 lingua
936 4024 1286 4091 scriptarum.

322 4141 646 4198 Enimvero
679 4138 815 4210 quid
847 4137 1107 4209 proderit
1136 4136 1329 4191 videre
1383 4131 1692 4209 superficie
1742 4135 1912 4185 tenus

241 4233 435 4306 signa
484 4230 980 4302 scriptoremque,
1014 4244 1127 4282 non
1163 4224 1519 4296 penetrando
1552 4222 1611 4275 in
1641 4220 1911 4275 intimum

237 4338 467 4381 eorum
501 4317 780 4375 sensum?
812 4317 937 4375 Non
972 4317 1103 4389 plus
1135 4332 1274 4370 sane
1306 4329 1480 4385 quam
1512 4310 1778 4366 famelico
1812 4326 1916 4363 nu-

241 4430 351 4469 ces
385 4407 655 4477 habenti,
690 4425 793 4462 nec
820 4406 1109 4477 frangenti
1142 4404 1416 4460 corticem
1450 4418 1465 4457 :
1502 4401 1594 4456 hic
1643 4401 1797 4456 enim
1849 4417 1917 4454 ex

241 4501 418 4575 ipsis
470 4515 586 4555 non
635 4496 967 4553 satiabitur.
1004 4496 1161 4549 Idem
1197 4510 1368 4565 porro
1402 4491 1616 4546 similis
1646 4491 1756 4545 erit
1787 4493 1915 4544 stu-

244 4591 440 4646 dioso
492 4587 733 4643 homine
792 4586 1023 4641 curiose
1070 4583 1327 4656 cupienti
1376 4596 1551 4637 nosse
1597 4580 1917 4635 sententias

242 4695 417 4751 quas
474 4674 708 4731 laudari
767 4673 1037 4741 audierit,
1092 4677 1149 4727 et
1195 4689 1260 4728 eo
1310 4670 1600 4727 desiderio
1661 4667 1925 4741 pergenti

242 4784 405 4827 cum
444 4766 648 4827 charta
677 4764 736 4820 in
771 4781 952 4820 manu
975 4764 1046 4818 ad
1080 4762 1380 4817 eruditum
1416 4760 1696 4841 aliquem,
1724 4775 1927 4830 rogan-

242 4861 435 4933 tique
464 4855 661 4931 ipsum
696 4858 761 4909 ut
791 4855 851 4908 in
880 4870 948 4908 ea
979 4852 1183 4908 charta
1212 4850 1325 4907 sibi
1357 4850 1575 4907 scribat
1606 4848 1829 4920 aliquid
1861 4863 1929 4902 ex

243 4948 444 5005 hisce
472 4944 663 5000 etfatis
695 4942 1014 5015 peregrinis
1048 4940 1351 5013 sapientiae
1404 4956 1417 4995 :
1466 4939 1561 4994 cui
1611 4935 1707 4991 ille
1762 4937 1929 4991 obse-

244 5051 468 5113 quens
521 5033 741 5088 scribat
785 5032 842 5085 in
893 5031 1097 5086 charta
1123 5031 1381 5102 prudens
1415 5025 1650 5099 aliquod
1686 5024 1929 5113 dictum,

242 5112 533 5182 Arabica
563 5120 803 5197 quidem
836 5118 1041 5191 lingua
1068 5119 1268 5191 ignota
1299 5114 1549 5188 roganti,
1584 5112 1794 5168 litteris
1842 5116 1932 5165 ta-

244 5231 409 5279 men
448 5227 599 5287 quas
631 5211 755 5283 ipse
786 5208 899 5265 scit
924 5208 1135 5280 legere.
1170 5207 1315 5262 Cum
1353 5205 1461 5261 hac
1505 5204 1710 5259 charta
1760 5200 1935 5256 homo

248 5304 486 5362 abiens
523 5300 623 5355 ubi
654 5300 899 5363 domum
932 5298 1110 5369 venit,
1144 5296 1356 5377 cupide
1397 5293 1538 5365 legit
1582 5290 1936 5363 descriptam

246 5391 733 5461 sententiam,et
763 5389 919 5460 apud
953 5387 1174 5445 amicos
1205 5383 1571 5458 pronuntiat,
1604 5398 1719 5436 non
1762 5379 1938 5435 intel-

247 5486 478 5557 ligens
511 5479 654 5552 quid
688 5476 864 5552 dicat,
887 5476 1155 5547 ideoque,
1181 5474 1338 5548 quod
1372 5473 1526 5533 factu
1549 5484 1800 5543 pronum
1830 5472 1939 5539 est,

240 5576 323 5632 in
368 5567 828 5643 pronuntiando
861 5569 1272 5629 errans.Erant
1295 5564 1445 5618 inter
1476 5557 1942 5629 amicos,quibus

238 5681 321 5723 se
358 5657 750 5727 venditabat,
785 5655 1028 5728 quidam
1063 5654 1303 5711 Arabiee
1333 5650 1508 5721 docti,
1535 5648 1637 5722 qui
1666 5647 1945 5704 dixerunt

2021 521 2477 591 respondit.Non
2509 538 2637 577 erro
2668 538 2794 593 ego,
2829 523 2927 577 sed
2954 528 3107 577 errat
3132 522 3331 577 charta
3355 526 3463 578 ista
3488 541 3667 594 quam

2021 609 2227 665 habeo.
2278 611 2529 665 Tantum
2581 612 2822 667 interest
2871 612 3158 682 legentem
3212 630 3327 667 non
3376 614 3666 684 ignorare,

2021 701 2123 755 sed
2158 699 2326 771 plane
2358 718 2424 756 ac
2458 702 2693 773 penitus
2726 702 3024 775 percipere
3056 704 3209 774 quod
3244 703 3405 774 legit,
3440 708 3503 759 ut
3534 720 3666 758 eru-

2022 788 2180 845 ditus
2238 788 2488 845 lectione
2549 792 2814 861 proficiat
2864 794 2923 847 in
2982 793 3369 864 sapientiam;
3429 794 3664 848 duobus

2020 877 2175 935 enim
2208 878 2368 935 hisce
2398 879 2756 935 instructum
2789 897 2915 936 esse
2947 887 3173 952 oportet
3220 882 3496 938 lectorem
3549 899 3663 939 non

2022 967 2313 1023 inutiliter
2350 968 2663 1035 lecturum,
2714 971 3157 1042 perspicacitate
3205 972 3259 1025 in
3315 971 3664 1043 pervidendo

2023 1056 2164 1127 quid
2199 1057 2255 1112 in
2288 1073 2465 1113 sensu
2498 1050 2930 1129 scriptilateat,
2966 1064 3022 1115 et
3051 1061 3413 1130 providentia
3447 1062 3503 1115 in
3553 1068 3666 1116 sta-

2022 1148 2238 1202 tuendo
2287 1163 2402 1218 quo
2435 1152 2600 1219 pacto
2634 1149 2894 1204 conferre
2924 1149 2982 1203 in
3014 1167 3188 1204 usum
3223 1150 3534 1217 intellecta,
3568 1168 3665 1205 oc-

2023 1237 2287 1301 cursuris
2315 1253 2419 1308 per
2447 1243 2788 1309 sequentem
2822 1237 2997 1295 vitam
3029 1238 3673 1309 occasionibus,debeat

2024 1343 2087 1381 ac
2118 1327 2325 1397 possit.

2022 1443 2154 1498 CAP.
2187 1445 2282 1499 IV.
2317 1474 2383 1485 —-
2413 1443 2715 1498 Scientiam
2744 1445 2866 1498 sine
2900 1445 3214 1514 aperalione
3264 1460 3375 1499 non
3422 1445 3672 1514 prodesse

2324 1515 2495 1571 variis
2523 1515 2997 1571 similitudinibus
3026 1516 3355 1571 ostenditur.

2092 1630 2307 1686 Verum
2342 1631 2579 1687 effatum
2623 1631 2973 1703 sapientium
3026 1640 3132 1697 est,
3185 1649 3352 1704 egere
3400 1632 3669 1688 homines

2022 1721 2081 1776 in
2132 1720 2239 1775 hac
2288 1721 2408 1776 vita
2457 1721 2688 1775 duabus
2739 1723 2935 1789 rebus,
2968 1721 3359 1793 intelligentia
3390 1739 3455 1777 ac
3489 1723 3666 1779 disci-

2018 1809 2314 1881 plina,hoc
2337 1814 2426 1865 est
2452 1826 2683 1865 morum
2706 1811 3059 1866 rectitudine
3080 1813 3137 1866 in
3161 1812 3313 1867 bona
3332 1812 3669 1883 operatione

2017 1899 2169 1953 sita:
2204 1899 2295 1953 his
2327 1898 2480 1953 enim
2509 1898 2687 1953 simul
2734 1900 2967 1955 duabus
3021 1906 3307 1972 purgatur
3355 1917 3556 1966 mens;
3610 1906 3666 1956 et

2019 1988 2171 2042 sicut
2219 1989 2278 2043 in
2328 1987 2599 2059 lampade
2649 1988 2841 2044 oleum
2878 1994 2934 2044 et
2958 1988 3320 2062 ellychnium
3348 1991 3667 2060 conjuncta

2017 2094 2189 2148 opera
2226 2078 2521 2132 ﬂammam
2573 2078 2838 2133 efﬁciunt
2880 2078 2994 2134 alte
3044 2082 3380 2151 surgentem
3432 2080 3667 2150 lateque

2016 2166 2477 2233 illuminantem,
2538 2166 2621 2220 sic
2677 2167 2938 2237 operatio
2994 2172 3051 2223 et
3119 2168 3366 2223 scientia
3426 2168 3485 2223 in
3552 2168 3669 2223 vita

2018 2254 2274 2309 hominis
2306 2254 2537 2309 laudem
2572 2255 2700 2325 ejus
2734 2256 3031 2327 decusque
3058 2257 3368 2328 perﬁciunt
3409 2275 3423 2313 :
3477 2259 3668 2329 iisque

2017 2343 2123 2398 niti
2152 2344 2341 2409 debet,
2376 2348 2441 2398 ut
2489 2348 2545 2398 et
2590 2344 2789 2399 salvus
2842 2346 2920 2400 sit
2969 2350 3026 2400 et
3074 2346 3312 2417 fulgeat,
3360 2348 3407 2403 si
3459 2346 3669 2402 alteru-

2016 2437 2104 2487 tro
2156 2437 2348 2487 careat
2407 2433 2688 2487 damnum
2741 2438 2843 2488 aut
2884 2435 3136 2490 dedecus
3183 2453 3486 2507 passurus.
3544 2441 3659 2491 Hoc

2017 2521 2347 2576 declaratur
2377 2524 2643 2593 exemplo
2673 2522 2934 2578 hominis
2957 2525 3126 2594 cujus
3152 2524 3208 2579 in
3235 2526 3473 2578 domum
3500 2530 3668 2578 nocte

2016 2610 2373 2681 intempesta
2405 2612 2703 2683 subrepsit
2733 2614 2829 2666 fur
2854 2612 2983 2683 ipso
3015 2613 3326 2678 sentiente;
3358 2612 3664 2679 evigilave-

2018 2704 2106 2755 rat
2136 2701 2290 2755 enim
2316 2702 2386 2756 ad
2413 2702 2725 2772 strepitum
2750 2710 2803 2756 et
2828 2702 3160 2773 ingressum
3193 2719 3321 2757 esse
3354 2703 3537 2767 furem
3574 2702 3663 2755 in-

2017 2789 2318 2845 tellexerat
2353 2807 2365 2844 :
2402 2796 2595 2846 tamen
2628 2809 2689 2847 se
2722 2791 2927 2846 callide
2957 2795 3226 2845 acturum
3260 2796 3445 2857 ratus,
3481 2791 3663 2845 dissi-

2018 2879 2263 2934 mulavit
2294 2897 2351 2934 se
2383 2881 2661 2947 sensisse,
2694 2881 2776 2935 ita
2817 2897 3017 2935 secum
3066 2890 3343 2951 reputans
3396 2898 3407 2934 :
3464 2880 3663 2934 Sinam

2017 2968 2193 3023 istum
2248 2970 2552 3023 corradere
2606 2975 2660 3023 et
2707 2986 3025 3024 eonvasare
3079 2986 3207 3039 quae
3255 2969 3484 3023 auferre
3517 2968 3662 3037 vult,

2017 3063 2233 3113 etcum
2269 3058 2529 3113 collectis
2562 3060 2835 3113 omnibus
2890 3059 2948 3112 in
2982 3059 3282 3130 procinctu
3327 3058 3397 3112 ad
3444 3075 3663 3113 exeun-

1936 3169 1978 3237 ρ
2018 3147 2157 3200 dum
2209 3147 2337 3213 erit,
2385 3148 2603 3201 irruam
2655 3147 2709 3200 in
2760 3164 2892 3201 eum
2945 3152 3000 3202 et
3050 3147 3199 3201 male
3238 3146 3554 3201 muletabo.
3591 3149 3665 3202 Eo

2018 3236 2261 3290 consilio
2298 3242 2564 3306 perstans
2593 3236 2650 3290 in
2684 3237 2886 3301 cubili,
2923 3236 3095 3307 paulo
3131 3243 3262 3307 post
3294 3238 3505 3291 iterum
3559 3238 3664 3291 ob-

2015 3326 2252 3393 dormit,
2305 3325 2658 3397 interimque
2708 3326 2800 3380 fur
2853 3326 3148 3396 congestis
3210 3343 3328 3381 una
3388 3327 3665 3381 omnibus

2014 3414 2262 3485 aufugit.
2300 3414 2684 3486 Experreetus
2715 3414 2926 3469 deinde
2962 3413 3159 3479 homo,
3194 3431 3371 3486 reque
3404 3415 3661 3486 cognita,

2006 3505 2169 3575 juste
2205 3504 2465 3577 seipsum
2499 3505 2799 3559 damnavit
2831 3504 2981 3575 quod
3017 3521 3123 3558 sua
3154 3504 3361 3558 notitia
3412 3522 3524 3559 non
3576 3521 3662 3559 es-

2014 3600 2103 3649 set
2135 3611 2299 3659 usus,
2338 3598 2399 3648 ut
2430 3593 3036 3648 debuerat.Nimirum
3071 3593 3325 3663 cognitio
3358 3599 3446 3648 est
3478 3594 3663 3648 instar

2016 3683 2240 3739 arboris
2274 3684 2442 3752 cujus
2471 3682 2726 3751 operatio
2760 3682 2986 3735 fructus
3018 3687 3125 3736 est.
3164 3683 3364 3759 Itaque
3395 3686 3454 3735 ut
3486 3685 3661 3736 arbor

2017 3778 2249 3843 propter
2298 3773 2551 3825 fructum
2604 3770 2819 3825 seritur
2868 3775 2925 3824 et
2971 3769 3182 3824 colitur
3233 3786 3245 3823 :
3298 3770 3379 3825 ita
3430 3776 3664 3841 propter

2017 3862 2413 3931 operationem
2451 3859 2758 3913 scientiam
2793 3859 3001 3929 quznrit
3031 3858 3128 3928 qui
3182 3874 3310 3913 vere
3360 3857 3665 3912 studiosus

2018 3952 2128 4015 est,
2154 3949 2366 4003 frustra
2400 3946 2658 4002 videlicet
2693 3948 2966 4001 studendi
3000 3946 3256 4002 laborem
3286 3946 3662 4012 toleraturus,

2019 4038 2066 4093 si
2101 4040 2227 4108 ejus
2258 4037 2382 4108 ipse
2418 4038 2603 4092 fructu
2639 4053 2765 4090 esse
2800 4038 3132 4090 frustretur.
3168 4042 3315 4089 Sane
3364 4036 3412 4089 si
3463 4035 3666 4089 viatori

2020 4129 2089 4182 ad
2144 4128 2253 4182 iter
2294 4128 2559 4198 expedito
2592 4127 2849 4179 indicent
2882 4126 3053 4180 amici
3090 4125 3362 4195 periculis
3390 4124 3664 4179 infestam

2020 4218 2171 4272 viam
2207 4234 2333 4271 esse
2365 4233 2539 4287 quam
2574 4215 3117 4291 eogitet,obsessam
3155 4214 3479 4269 latronibus
3510 4220 3567 4267 et
3590 4213 3672 4266 in-

2022 4308 2188 4363 sidiis
2221 4306 2502 4372 hostium,
2565 4321 2757 4359 nonne
2802 4302 2853 4358 is
2888 4303 3228 4357 irridebitur
3272 4305 3343 4357 ab
3399 4304 3676 4358 omnibus

2023 4415 2073 4452 81
2105 4396 2490 4451 nihilominus
2521 4395 2605 4449 ire
2636 4411 2905 4467 pergens,
2941 4392 3225 4465 spolietur
3261 4397 3317 4446 et
3370 4392 3521 4447 male
3575 4410 3671 4447 va-

2027 4486 2231 4558 pulet?
2261 4485 2466 4540 Dicent
2495 4484 2649 4540 enim
2703 4499 2931 4538 omnes.
2979 4485 3115 4546 Qua:
3170 4482 3381 4537 meruit
3432 4482 3677 4556 patitur,

2032 4576 2139 4631 hoc
2186 4573 2388 4641 voluit,
2437 4573 2626 4628 sciens
2659 4573 3033 4643 prudensque
3067 4570 3123 4625 in
3158 4572 3444 4627 damnum
3478 4572 3679 4626 incur-

2038 4665 2132 4727 rit,
2164 4662 2422 4719 stultitiae
2455 4679 2572 4717 sua:
2606 4661 2878 4733 imputet.
2913 4660 3195 4715 Similiter
3226 4661 3401 4716 homo
3445 4676 3685 4732 corpore

2038 4754 2292 4821 inﬁrmo,
2322 4751 2415 4806 cui
2446 4769 2579 4806 cum
2611 4750 2761 4806 clare
2792 4753 2996 4804 notum
3031 4749 3103 4804 sit
3134 4752 3378 4821 quinam
3415 4750 3527 4822 ipsi
3573 4750 3686 4806 cibi

2042 4842 2285 4917 prosint,
2322 4841 2541 4912 quique
2593 4844 2857 4907 noceant,
2912 4844 3107 4894 tamen
3158 4839 3297 4911 gula
3349 4840 3692 4912 praavalente

2043 4931 2230 4987 noxiis
2279 4946 2341 4984 se
2392 4929 2735 5002 ingurgitat,
2780 4945 2973 4983 nonne
3006 4928 3053 4982 si
3090 4928 3299 4984 deinde
3331 4931 3575 4985 morbus
3605 4930 3692 4982 in-

2043 5022 2364 5094 graveseat,
2398 5017 2718 5091 culpabunt
2754 5034 2888 5072 eum
2942 5034 3168 5085 omnes,
3221 5022 3278 5073 et
3324 5021 3563 5074 meritas
3604 5018 3692 5071 in-

2045 5109 2447 5181 temperantiae.
2479 5107 2639 5163 luere
2670 5124 2872 5179 pmnas
2905 5107 3302 5163 dicent?Talis
3334 5109 3572 5167 omnino
3605 5108 3694 5160 est

2045 5199 2135 5254 vir
2166 5199 2432 5254 eruditus
2463 5197 2683 5252 bonum
2716 5214 2745 5251 a
2781 5196 2933 5251 malo
2964 5198 3323 5265 discernens,
3374 5200 3431 5252 et
3480 5203 3691 5261 tamen,

2048 5288 2374 5363 postposito
2420 5287 2593 5355 bono,
2626 5285 2847 5342 malum
2880 5286 3258 5358 praeligens;
3291 5289 3347 5340 et
3377 5285 3510 5339 huic
3539 5281 3693 5337 enim

2050 5377 2400 5451 imputanda
2431 5378 2671 5433 omnino
2721 5379 2893 5431 erunt
2940 5392 3067 5446 quae
3115 5375 3326 5429 deinde
3376 5373 3699 5443 sequentur

2053 5470 2290 5536 damna;
2320 5482 2422 5522 nec
2456 5466 2855 5532 miseratione,
2881 5465 2983 5518 sed
3010 5459 3461 5535 reprehensione
3485 5458 3700 5529 dignus

2053 5557 2241 5614 erit.Si
2266 5556 2421 5611 enim
2457 5556 2571 5611 duo
2604 5555 2842 5629 quidam
2877 5552 3053 5607 simul
3086 5548 3425 5606 ineidantin
3453 5550 3699 5619 foveam,

2055 5663 2307 5719 quorum
2341 5646 2490 5702 alter
2519 5661 2704 5701 caecus
2734 5648 2905 5698 antea
2938 5640 3131 5710 fuerit,
3164 5638 3311 5695 alter
3341 5638 3509 5696 oculo
3540 5642 3702 5693 utro-
