3984 6202
346 285 474 339 1231

1856 282 2244 335 APPENDIX.

3624 282 3759 336 123?.

333 426 463 481 que
499 407 652 462 clare
682 405 908 470 videns,
960 406 1182 467 utrum,
1228 418 1446 472 quaeso,
1491 417 1692 457 eorum
1743 401 1984 458 misera—
2021 411 2075 475 Α
2104 418 2403 459 sesamum
2437 402 2673 459 sindoni
2707 403 3085 477 suppositum
3119 405 3412 477 pertinere
3457 406 3532 460 ad
3583 423 3760 462 suum

336 501 586 564 buntur,
614 500 812 548 utrum
865 490 1192 564 culpabunt
1237 490 1552 545 homines?
1599 490 1850 546 Omnino
1900 491 1989 546 in-

333 584 600 640 felicitati
657 582 790 637 czeci
858 580 1312 652 compatientur,
1375 579 1630 634 videntis
1674 579 1987 635 stultitiam

333 672 697 728 irridebunt.

332 868 548 925 ΟΑΡΝ.
569 899 634 909 -
667 868 961 938 Pr0priam
991 866 1292 938 utilitatem
1322 871 1371 920 et
1400 881 1506 920 non
1524 864 1785 938 alienam
1813 865 1988 919 solum

409 957 479 995 ea:
525 936 1165 1009 scientia—captandam,
1213 937 1460 992 docetur.
1516 936 1750 991 Maxime
1794 941 1988 1009 autem

407 1011 696 1066 vitandum
742 1026 812 1066 ne
858 1008 1092 1064 acienlia
1136 1012 1414 1064 nostram
1447 1010 1718 1063 damnum
1748 1008 1988 1063 aliorum

319 1103 327 1116 '
404 1086 726 1139 abutamur.

400 1243 506 1306 Qui
533 1242 837 1297 scientiam
872 1240 1269 1312 acquisivitin
1322 1239 1641 1295 utilitatem
1695 1240 1989 1294 duntaxat

331 1329 761 1393 aliorum,nihil
783 1347 852 1384 ex
873 1346 940 1384 ea
967 1329 1186 1400 proprii
1214 1331 1441 1383 fructus
1475 1328 1601 1398 ipse
1634 1328 1985 1398 percipiens,

329 1419 542 1473 similis
573 1423 663 1474 est
691 1422 858 1472 terrae
889 1433 1020 1487 quae
1053 1418 1270 1471 damno
1301 1415 1538 1488 proprio
1570 1416 1752 1470 servit
1797 1415 1985 1470 homi-

331 1509 506 1562 nibus
557 1512 617 1562 et
648 1506 876 1574 bestiis,
913 1522 1016 1560 nec
1050 1505 1375 1575 quidquam
1409 1520 1477 1559 ex
1503 1505 1575 1560 iis
1607 1522 1734 1576 quae
1766 1505 1988 1560 confert

331 1595 391 1649 in
419 1595 569 1650 alios
592 1595 977 1666 juvatur.Par
1006 1600 1093 1648 est
1123 1593 1302 1664 igitur
1334 1593 1673 1648 studiosum
1705 1593 1985 1648 doctrina:

333 1685 586 1756 primum
623 1685 858 1754 quidem
891 1683 1154 1754 seipsum
1187 1683 1502 1737 admonere
1525 1682 1892 1753 dirigereque
1913 1683 1985 1737 ad

335 1790 569 1829 omnem
593 1773 991 1842 operationem
1019 1772 1346 1838 honestam,
1373 1771 1584 1826 deinde
1616 1777 1810 1826 autem
1844 1787 1981 1826 con-
2016 1781 2063 1844 B

334 1863 485 1916 ferre
514 1877 754 1932 operam
787 1862 857 1916 ad
893 1861 1039 1916 alios
1071 1861 1388 1916 docendos.
1423 1863 1501 1915 Ac
1532 1860 1591 1914 in
1638 1861 1982 1916 universum

334 1949 734 2005 consideranti
766 1951 892 2005 vita:
924 1949 1194 2004 humanae
1243 1954 1488 2018 statum,
1543 1949 1656 2004 tria
1706 1949 1850 2004 mihi
1897 1949 1983 2003 vi-

332 2040 545 2093 dentur
580 2038 775 2094 inesse
814 2044 1077 2108 oportere
1098 2037 1323 2092 homini
1346 2037 1598 2109 eleganti
1631 2042 1688 2092 et
1716 2037 1983 2107 honesto,

335 2127 610 2183 videlicet
638 2127 968 2194 scientiam,
998 2127 1236 2182 divitias
1261 2132 1320 2182 et
1346 2143 1576 2182 morum
1608 2131 1868 2182 exactam
1903 2127 1987 2182 di-

333 2215 670 2288 sciplinam.
729 2216 838 2280 Qui
897 2216 1052 2271 enim
1113 2216 1323 2288 quaerit
1381 2216 1658 2287 pecunias
1719 2216 1987 2273 nesciens

333 2309 558 2360 rectum
591 2321 794 2359 earum
829 2321 1027 2375 usum,
1059 2305 1280 2360 frustra
1325 2303 1553 2359 laborat
1593 2308 1651 2359 et
1703 2309 1987 2377 pracepta

336 2410 463 2464 qua:
515 2392 574 2447 in
632 2408 699 2448 eo
747 2393 1066 2447 traduntur
1132 2410 1245 2448 non
1316 2393 1637 2464 perceperit
1693 2397 1868 2464 atque
1925 2394 1983 2448 in

334 2498 510 2538 usum
561 2482 925 2537 observando
977 2482 1271 2553 redegerit
1319 2499 1421 2552 per
1469 2482 1798 2536 socordiam
1831 2481 1983 2537 desi-

339 2572 642 2643 diamque,
674 2588 862 2626 caecus
894 2571 990 2626 hic
1030 2571 1166 2641 jure
1204 2571 1529 2627 vocabitur.
1579 2571 1683 2625 Est
1733 2575 1790 2625 et
1838 2570 1984 2625 illud

339 2676 694 2732 magnopere
724 2659 1025 2714 vitandum
1051 2676 1124 2715 ne
1154 2660 1238 2714 sic
1271 2665 1469 2715 utatur
1493 2660 1701 2714 doctus
1728 2659 1784 2714 in
1815 2676 1983 2715 suam

341 2747 659 2803 utilitatem
718 2746 980 2817 scientia,
1031 2753 1096 2802 ut
1151 2747 1320 2803 alteri
1371 2748 1656 2802 damnum
1711 2752 1867 2803 creet
1925 2747 1984 2802 in

339 2837 644 2909 prOprium
672 2841 998 2908 quaestum;
1028 2835 1250 2908 alioqui
1274 2836 1695 2892 circumvenire
1728 2837 1986 2892 amicum

339 2926 451 2981 isto
478 2926 651 2981 modo
701 2926 966 2994 studens,
1018 2925 1274 2997 patietur
1321 2927 1474 2998 quod
1522 2925 1739 2980 sesami
1785 2925 1990 2980 vendi-

337 3015 448 3068 tori
481 3014 747 3086 contigit.
780 3014 957 3070 Aiunt
986 3015 1144 3070 enim
1177 3014 1392 3070 sesami
1425 3014 1752 3070 venditores
1803 3015 1986 3069 fuisse

335 3104 634 3197 duosuna
666 3103 752 3158 uti
801 3104 1011 3159 solitos
1059 3103 1363 3176 apotheca,
1407 3104 1580 3174 cujus
1629 3103 1690 3158 in
1737 3103 1986 3158 diversis
2018 3132 2062 3197 Ο

336 3189 572 3262 angulis
621 3191 712 3246 sui
772 3193 1089 3262 separatim
1141 3191 1431 3262 cujusque
1482 3193 1746 3263 ipsorum
1795 3192 1986 3248 acervi

336 3279 576 3335 stabant
604 3280 735 3348 eius
769 3281 1037 3352 pretiosa:
1070 3281 1275 3352 frugis.
1311 3282 1446 3335 Erat
1493 3284 1688 3336 autem
1736 3281 1989 3338 duorum

339 3368 487 3423 alter
515 3367 689 3422 homo
722 3369 881 3422 vafer
910 3372 968 3422 et
1016 3367 1322 3436 subdolus,
1379 3368 1500 3438 qui,
1551 3370 1774 3438 adjecto
1823 3370 1994 3440 cupi-

341 3456 544 3511 ditatis
575 3455 742 3510 oculo
777 3456 833 3510 in
881 3462 1100 3526 partem
1154 3457 1317 3525 socii,
1367 3457 1620 3512 decrevit
1667 3473 1736 3512 ex
1782 3474 1850 3513 ea
1897 3460 1992 3513 fu-

345 3545 486 3614 rari,
537 3544 964 3616 adornavitque
994 3546 1260 3600 fraudem
1295 3546 1352 3600 in
1385 3545 1541 3601 hunc
1573 3547 1813 3602 modum
1848 3563 1862 3602 :
1895 3564 1992 3602 ve-

346 3633 436 3688 nit
466 3649 568 3704 per
598 3633 777 3701 diem,
813 3634 1050 3705 quando
1083 3634 1209 3690 sine
1256 3634 1592 3706 suspicione
1635 3639 1879 3707 poterat,
1931 3637 1990 3690 in

347 3739 660 3778 commune
706 3722 1003 3789 horreum,
1053 3729 1109 3778 et
1159 3740 1337 3795 super
1388 3741 1658 3779 acervum
1710 3723 1801 3779 sui
1849 3725 1991 3780 socii

344 3813 594 3869 linteum
625 3813 918 3884 expandit.
955 3815 1016 3868 Id
1047 3830 1114 3868 ea
1144 3831 1322 3869 causa
1357 3814 1622 3880 faciebat,
1657 3818 1721 3868 ut
1750 3814 1862 3870 isto
1910 3816 1990 3869 si-

342 3919 460 3973 gno
508 3902 849 3974 superjectze
903 3902 1054 3968 telae,
1106 3917 1208 3974 per
1265 3903 1538 3957 tenebras
1597 3902 1988 3958 internoscere

339 4001 536 4062 posset
569 3990 826 4045 alienum
854 3992 1158 4045 cumulum
1196 4008 1228 4045 a
1276 3993 1530 4062 proprio.
1587 3993 1705 4046 Sub
1759 3991 1877 4047 hac
1929 4009 1990 4047 re

335 4085 458 4134 tota
487 4080 722 4135 cuidam
756 4079 944 4133 amico
979 4079 1433 4145 communicata,
1485 4079 1655 4149 cujus
1698 4080 1988 4150 adjutrice

333 4184 509 4238 opera
539 4170 600 4223 in
633 4169 785 4222 furto
817 4169 1080 4222 faciendo
1115 4167 1198 4222 uti
1230 4167 1476 4238 volebat,
1525 4168 1862 4238 procinctus
1910 4171 1981 4224 ad

335 4255 527 4311 scelus
560 4273 690 4310 cum
737 4274 800 4311 eo
854 4257 1066 4324 stabat,
1117 4256 1322 4311 horam
1371 4262 1566 4326 aptam
1616 4262 1978 4327 exspectans.

334 4343 573 4398 Interim
626 4350 819 4398 autem
867 4345 1060 4400 socius
1108 4345 1317 4416 ipsius,
1366 4345 1539 4398 homo
1591 4345 1871 4400 innocens
1925 4352 1982 4401 et

323 4433 548 4502 justus,
581 4434 724 4487 forte
757 4434 1058 4503 ingressus
1091 4433 1457 4503 apothecam,
1503 4432 1601 4487 ubi
1650 4434 1979 4490 observavit

2099 490 2345 558 socium,
2377 508 2446 546 ex
2495 508 2562 548 eo
2608 493 2763 548 haud
2814 509 2989 566 parce
3037 495 3334 564 sumpsit;
3387 502 3762 566 onustusque

2097 581 2340 636 domum
2373 597 2436 636 se
2468 581 2670 654 recipit
2701 599 2837 638 cum
2865 600 2974 639 suo
3005 584 3358 653 subadiuva,
3389 585 3488 640 cui
3536 600 3763 639 merce-

2099 668 2230 724 dem
2255 669 2480 726 collataa
2501 687 2690 742 Operae
2711 671 3027 727 dimidium
3052 671 3232 727 ablati
3258 673 3476 728 sesami
3501 673 3763 738 donavit,

2096 759 2365 814 nesciens
2398 761 2469 816 de
2497 776 2606 815 suo
2637 777 2701 816 se
2731 762 3009 816 furatum.
3046 761 3327 817 Postridie
3367 761 3763 817 dissimulans

2095 847 2325 919 egregie
2355 857 2705 904 nocturnam
2749 851 3015 905 fraudem
3065 867 3197 906 cum
3247 850 3397 906 nihil
3449 849 3605 906 male
3656 869 3762 906 su-

2097 937 2362 1007 spicante
2418 937 2576 993 socio
2636 938 2967 1010 ingreditur
3018 939 3314 1010 horreum,
3374 940 3626 1011 visoque
3678 939 3762 994 ibi

2097 1023 2275 1081 linteo
2333 1043 2590 1098 expanso
2651 1044 2831 1100 supra
2890 1029 3194 1100 proprium
3239 1045 3541 1096 acervum,
3584 1029 3762 1084 intel-

2097 1113 2360 1186 lectaque
2393 1133 2461 1170 ex
2494 1115 2753 1172 officiose
2793 1117 3081 1172 referente
3127 1115 3350 1189 collega
3407 1118 3764 1173 mutationis

2095 1218 2296 1269 causa,
2327 1203 2549 1276 ingenti
2585 1205 2892 1276 perculsus
2921 1206 3122 1262 dolore
3151 1211 3266 1276 est,
3307 1223 3438 1262 sero
3493 1205 3764 1262 videlicet

2095 1291 2376 1360 sentiens,
2407 1309 2468 1346 se
2500 1293 2640 1347 dum
2675 1292 2942 1364 improbe
2973 1299 3268 1364 quaestum
3300 1295 3504 1350 studet
3549 1295 3762 1365 facere,

2097 1381 2381 1436 damnum
2417 1381 2675 1438 subiisse
2706 1399 2719 1437 :
2754 1383 2909 1453 quod
2943 1382 3103 1438 enim
3150 1383 3408 1455 adjutori
3461 1385 3606 1438 furti
3661 1385 3764 1439 de-

2095 1469 2279 1536 derat,
2341 1469 2454 1525 sibi
2485 1469 2731 1541 periisse
2759 1471 2999 1526 videbat
3027 1471 3524 1543 irreparabiliter;
3569 1471 3760 1544 siqni-

2096 1559 2226 1613 dem
2262 1573 2335 1613 ne
2369 1558 2441 1613 ab
2472 1575 2538 1614 eo
2572 1564 2862 1630 repeteret
2890 1559 3166 1616 obstabat
3199 1565 3392 1616 metus
3423 1561 3613 1617 totius
3647 1579 3769 1617 rna-

2093 1647 2269 1702 leﬁcii
2298 1648 2576 1720 vulgandi
2609 1647 2866 1718 indeque
2891 1649 2949 1704 in
2983 1666 3186 1721 poenas
3215 1650 3563 1705 incurrendi
3615 1669 3766 1723 prae-

2094 1736 2342 1808 scriptas
2377 1735 2630 1810 legibus.
2673 1736 2911 1808 Oportet
2957 1737 3139 1810 igitur
3185 1755 3320 1794 eum
3371 1740 3474 1810 qui
3527 1739 3761 1811 aliquid

2093 1824 2456 1896 aggreditur,
2489 1825 2789 1897 providere
2821 1826 2998 1882 ﬁnem
3033 1825 3194 1882 illius
3225 1827 3428 1898 ccepti;
3466 1829 3572 1899 qui
3619 1845 3760 1884 vero

2095 1913 2396 1985 negotium
2426 1913 2634 1984 incipit
2665 1915 2835 1985 cujus
2861 1914 3039 1970 ﬁnem
3073 1934 3188 1970 non
3216 1918 3547 1988 prospexit,
3601 1918 3762 1972 mul-

2093 2007 2220 2057 tum
2275 2002 2566 2058 laborabit
2623 2007 2681 2057 et
2734 2003 2882 2058 nihil
2942 2003 3267 2060 lucrabitur
3319 2023 3333 2062 :
3382 2022 3559 2062 nemo
3591 2007 3762 2063 enim

2093 2091 2378 2148 ditescere
2409 2096 2600 2163 potest
2625 2092 2753 2147 sine
2784 2109 2998 2166 magno
3024 2091 3242 2149 labore.

2093 2234 2224 2289 CAP.
2257 2233 2351 2289 VI.
2381 2265 2462 2308 _—
2517 2239 2592 2290 De
2631 2234 2870 2308 reliquis
2907 2235 3124 2308 duobus
3165 2251 3293 2307 quae
3338 2239 3567 2308 requiri
3613 2239 3766 2294 diua

2162 2310 2293 2380 sunt
2319 2305 2391 2380 ad
2419 2306 2742 2362 ornandum
2767 2306 3064 2374 hominem,
3097 2305 3314 2363 diuitiis
3343 2314 3394 2364 et
3413 2305 3762 2380 disciplina.

2167 2376 2482 2453 Ostenditur
2511 2381 2645 2453 item
2670 2394 2782 2453 non
2821 2394 2930 2434 esse
2986 2380 3400 2453 desperandum
3455 2380 3520 2435 iu
3569 2376 3766 2453 ungu-

2163 2450 2303 2524 aliis,
2335 2451 2584 2524 exemplo
2625 2451 2806 2524 {napis
2861 2450 3078 2521 quando
3133 2453 3367 2506 minime
3417 2450 3764 2524 opinabitur

2165 2519 2223 2574 id
2251 2535 2356 2591 quo
2381 2523 2577 2588 agebat
2608 2519 2777 2576 nacti.

2167 2647 2393 2700 Rursus
2426 2660 2615 2716 neque
2645 2649 2873 2717 Oportet
2917 2647 3227 2718 desperare
3271 2648 3345 2704 de
3389 2649 3655 2721 negotiis
3706 2656 3767 2706 et

2093 2748 2371 2788 successu
2405 2749 2624 2802 rerum,
2657 2750 2793 2789 cum
2828 2750 3042 2806 magna
3072 2735 3129 2790 in
3155 2735 3228 2792 iis
3253 2753 3460 2792 casum
3494 2738 3763 2796 varietas

2093 2827 2378 2894 versetur,
2410 2827 2468 2878 et
2497 2825 2655 2894 quod
2688 2841 2803 2880 non
2833 2830 2925 2881 est
2946 2824 3251 2897 inopinato
3304 2828 3495 2898 possit
3542 2845 3763 2901 repre-

2094 2911 2338 2968 sentari.
2387 2913 2544 2969 Ante
2592 2915 2790 2969 omnia
2836 2931 2969 2970 vero
3018 2932 3222 2971 curare
3254 2923 3487 2989 oportet
3511 2923 3766 2990 eterna,

2095 3020 2212 3058 non
2226 3006 2424 3058 autem
2438 3003 2496 3058 in
2511 3004 2868 3060 transitoriis
2890 3004 3348 3062 sollicitudinem
3373 3024 3761 3065 consumere.

2097 3091 2286 3146 Redeo
2305 3091 2430 3162 jam
2465 3091 2535 3146 ad
2589 3092 2706 3147 duo
2754 3091 2857 3147 illa
2901 3108 2970 3147 ex
3014 3093 3206 3150 tribus
3253 3112 3382 3166 qua:
3432 3099 3762 3153 memoravi

2099 3179 2326 3235 homini
2367 3179 2725 3236 absolvendo
2773 3182 3128 3250 necessaria,
3183 3200 3325 3256 opes
3373 3184 3660 3242 videlicet
3711 3193 3772 3243 et

2100 3287 2332 3326 morum
2381 3269 2777 3342 disciplinam.
2827 3272 2895 3328 Et
2939 3272 3082 3329 talia
3129 3280 3292 3345 sunt,
3344 3280 3412 3330 ut
3453 3281 3668 3332 utrum
3699 3294 3769 3332 ex

2097 3361 2246 3434 ipsis
2285 3360 2458 3430 desit,
2525 3362 2774 3418 existere
2827 3363 2955 3419 vita:
3023 3363 3214 3422 felicis
3281 3365 3586 3423 absolutio
3644 3385 3764 3425 non

2100 3451 2322 3522 possit;
2355 3451 2439 3506 sic
2462 3449 2618 3506 enim
2671 3467 2736 3506 se
2779 3451 3000 3507 habent
3052 3453 3325 3524 invicem,
3375 3461 3444 3511 ut
3496 3456 3662 3528 ignis
3707 3462 3765 3512 et

2098 3541 2280 3613 ligna,
2313 3557 2428 3597 non
2459 3539 2688 3597 valente
2715 3541 2927 3596 durare
2981 3549 3039 3598 et
3087 3543 3282 3601 lucere
3329 3551 3578 3602 ﬂamma
3628 3547 3758 3603 sine

2099 3631 2365 3687 materia.
2399 3631 2531 3686 Haec
2559 3631 2662 3702 qui
2695 3632 3110 3703 observaverit,
3142 3640 3201 3690 et
3232 3638 3302 3691 ad
3333 3635 3490 3691 hanc
3530 3637 3757 3691 doctri-

2098 3738 2234 3776 nam
2264 3721 2445 3776 vitam
2487 3721 2762 3792 exegerit,
2813 3723 3067 3778 multum
3117 3724 3402 3796 percipiet
3449 3724 3753 3781 utilitatis.

2098 3810 2231 3866 Ideo
2261 3813 2455 3866 autem
2487 3809 2602 3864 dixi
2634 3826 2748 3865 non
2789 3827 2918 3866 esse
2967 3812 3404 3883 desperandum
3454 3814 3516 3869 in
3569 3831 3756 3887 angu-

2094 3899 2225 3954 stiis
2268 3898 2502 3970 inopiae,
2535 3897 2676 3968 quia
2706 3897 2942 3954 divitias
2971 3901 3140 3956 multi
3173 3901 3609 3958 nanciscuntur
3637 3903 3752 3957 im-

2094 3988 2346 4061 proviso.
2374 3985 2650 4058 Exemplo
2682 3987 2760 4041 sit
2790 4004 2965 4042 casus
2990 3989 3094 4060 qui
3125 3996 3398 4046 narratur
3429 3993 3747 4062 cujusdam

2091 4076 2367 4150 pauperis
2388 4093 2454 4132 eo
2474 4076 2751 4148 egestatis
2777 4076 3018 4144 redacti,
3051 4084 3115 4134 ut
3147 4095 3220 4135 ne
3251 4087 3468 4136 vestem
3501 4081 3742 4151 quidem

2088 4164 2330 4220 haberet
2352 4181 2470 4236 qua
2504 4165 2831 4220 nuditatem
2873 4169 3112 4238 tegeret.
3144 4168 3251 4223 lvit
3280 4169 3380 4225 ille
3411 4170 3483 4224 ad
3521 4169 3743 4225 amicos

2087 4259 2144 4308 et
2166 4253 2500 4309 subsidium
2526 4252 2795 4324 quaesivit
2819 4258 3090 4309 extremae
3116 4256 3197 4312 ibi
3220 4275 3342 4313 suae
3372 4259 3738 4318 necessitati;

2086 4343 2186 4398 sed
2221 4343 2442 4397 frustra
2471 4341 2530 4396 id
2563 4342 2718 4409 fecit,
2741 4359 2912 4398 nemo
2944 4343 3023 4399 illi
3056 4350 3160 4400 aut
3187 4346 3367 4403 voluit
3394 4353 3497 4403 aut
3552 4349 3740 4420 potuit

2085 4447 2446 4486 succurrere.
2498 4430 2830 4486 Revertitur
2885 4447 3019 4504 ergo
3075 4435 3292 4504 nudus,
3355 4441 3424 4492 ut
3474 4443 3737 4501 venerat,

329 4537 504 4575 suum
539 4537 809 4575 acervum
841 4523 1087 4576 sindone
1120 4527 1481 4592 coepertum,
1513 4537 1689 4592 quam
1739 4521 1972 4594 collegae
2009 4505 2051 4568 D
2083 4522 2345 4590 domum,
2395 4524 2453 4574 et
2501 4535 2651 4590 aegro
2695 4520 2894 4574 animo
2938 4520 2994 4576 in
3042 4539 3151 4577 suo
3180 4524 3397 4580 lectulo
3427 4526 3735 4582 decubuit.

327 4608 420 4662 sui
455 4608 677 4663 sciebat
706 4625 854 4678 esse,
879 4615 987 4679 En,
1009 4609 1221 4681 inquit,
1250 4626 1425 4681 quam
1460 4609 1678 4664 bonum
1713 4615 1767 4666 et
1797 4611 1968 4667 bene-

327 4696 501 4750 ﬁcum
535 4697 759 4752 socium
793 4697 1006 4752 habeo!
1033 4701 1288 4755 contexit
1319 4715 1476 4754 meas
1507 4698 1703 4769 fruges
1735 4699 1970 4771 preprio

320 4783 526 4850 linteo,
587 4803 658 4840 ne
718 4787 858 4857 quid
913 4787 1246 4843 detrimenti
1300 4788 1652 4859 acciperent,
1700 4790 1967 4860 proprias

319 4876 615 4947 expositas
678 4876 936 4931 fortuitis
985 4878 1222 4935 casibus
1270 4878 1528 4950 reliquit.
1585 4879 1759 4950 Atqui
1807 4880 1962 4935 haud

319 4963 594 5034 equidem
630 4966 1020 5034 committam,
1062 4971 1127 5022 ut
1158 4983 1251 5022 me
1278 4967 1376 5022 ille
1407 4967 1766 5040 benignitate
1798 4986 1966 5041 supe-

315 5054 568 5121 raverit;
603 5053 909 5110 consulam
941 5060 997 5110 et
1026 5073 1130 5128 ego
1162 5056 1532 5112 indemnitati
1564 5073 1760 5112 rerum
1811 5059 1961 5129 ejus,

315 5141 468 5197 ultro
500 5144 659 5198 adito
692 5143 954 5216 periculo
1008 5162 1295 5200 mearum.
1347 5150 1477 5200 Haec
1527 5147 1728 5201 dicens
1778 5163 1806 5201 e
1856 5165 1962 5203 suo

311 5249 539 5289 sesamo
571 5234 931 5289 abstractam
964 5251 1196 5289 sesamo
1228 5233 1319 5288 sui
1347 5235 1484 5288 socii
1515 5234 1795 5305 imposuit
1839 5235 1961 5291 sin-

309 5322 546 5391 donem,
579 5328 758 5394 atque
791 5323 872 5378 ita
904 5324 1165 5378 receseit.
1203 5322 1444 5392 Irrepsit
1474 5322 1688 5376 deinde
1721 5324 1812 5377 l‘ur
1860 5341 1962 5394 per

307 5415 536 5467 noctem
571 5413 628 5466 in
662 5412 940 5467 horreum
976 5428 1092 5465 una
1123 5427 1258 5464 cum
1287 5426 1375 5476 eo,
1409 5426 1584 5481 quem
1628 5411 1738 5464 sibi
1789 5430 1958 5484 para-

302 5503 485 5566 verat,
515 5501 819 5570 adjutore;
855 5516 919 5553 ac
945 5515 1124 5552 manu
1160 5497 1406 5569 palpans
1459 5497 1515 5552 in
1549 5499 1808 5555 tenebris
1856 5501 1956 5555 ubi

300 5589 684 5644 contrectavit
715 5589 1048 5659 sindonem,
1079 5587 1292 5643 indicio
1329 5587 1458 5658 ejus
1507 5587 1658 5660 signi
1713 5590 1956 5648 credens

2081 4610 2345 4664 Habebat
2373 4612 2568 4663 autem
2603 4607 2714 4662 sub
2749 4607 2959 4665 lectulo
2992 4610 3335 4681 dolium,cui
3366 4615 3733 4670 frumentum

2079 4699 2289 4764 inerat,
2322 4713 2436 4770 quo
2464 4698 2534 4751 ad
2568 4696 2786 4752 victum
2829 4699 3123 4755 utebatur.
3173 4705 3356 4758 Nocte
3407 4721 3582 4775 porro
3632 4704 3735 4759 illa

2078 4787 2384 4860 ingressus
2406 4785 2573 4842 furin
2606 4787 2735 4856 ejus
2766 4787 3034 4856 domum,
3057 4807 3193 4846 cum
3226 4791 3374 4848 nihil
3407 4793 3733 4850 invenisset

2076 4879 2233 4949 quod
2259 4881 2488 4946 raperet
2534 4874 2712 4944 aliud,
2764 4880 2823 4931 et
2863 4893 3084 4934 vacuus
3132 4881 3323 4937 redire
3371 4883 3582 4952 nollet,
3632 4885 3735 4938 do-

2076 4968 2221 5023 lium
2254 4966 2502 5022 extraxit
2532 4965 2686 5037 quod
2718 4970 2840 5021 erat
2873 4968 2984 5023 sub
3015 4967 3165 5025 lecto
3188 4972 3544 5030 dormientis
3589 4991 3732 5047 pau-

2075 5057 2254 5131 peris,
2301 5073 2366 5111 ac
2421 5071 2655 5110 saccum
2708 5071 2822 5109 non
2880 5054 3124 5128 habens,
3179 5066 3397 5115 vestem
3446 5062 3633 5129 exuit,
3673 5063 3730 5116 in

2070 5161 2319 5217 eamque
2352 5143 2628 5199 frumenti
2663 5148 2951 5215 quantum
2983 5161 3190 5217 capere
3241 5149 3436 5220 potuit
3493 5150 3724 5216 evolvit;

2069 5240 2211 5290 tunc
2242 5233 2401 5289 dedit
2433 5232 2584 5288 sein
2635 5232 2832 5304 fugam
2883 5232 3247 5292 frumentum
3298 5241 3606 5296 auferens.
3655 5243 3725 5296 At

2070 5340 2290 5397 pauper
2339 5320 2624 5394 evigilans
2651 5321 2710 5376 in
2746 5328 3027 5394 tempore,
3059 5325 3252 5380 exsilit
3279 5343 3311 5381 e
3338 5327 3492 5384 lecto
3524 5331 3722 5385 nudus

2067 5412 2555 5485 persequiturque
2605 5410 2827 5477 furem;
2877 5411 3157 5484 brevique
3205 5422 3523 5474 assecutus
3574 5419 3724 5474 male

2066 5501 2415 5556 mulctatum
2437 5500 2666 5571 abjecta
2683 5503 2843 5555 veste
2863 5515 2998 5555 cum
3023 5503 3317 5560 frumento
3342 5505 3553 5577 fugere
3577 5525 3724 5563 com~

2064 5589 2231 5662 pulit.
2269 5589 2353 5644 Ita
2379 5604 2605 5662 pauper
2632 5591 2857 5644 vestem
2891 5593 3101 5647 nactus
3129 5597 3220 5649 est
3248 5609 3368 5665 qua
3397 5595 3628 5666 egebat,
3670 5601 3722 5650 et
