4002 6202
260 340 398 393 i233

1284 341 1639 391 SPECIME‘l
1678 340 2082 393 SAPIENTIE
2126 343 2451 395 l‘in'TRUM
2493 345 2659 396 VET.

3531 346 3677 401 1234

257 468 618 520 frumentum
670 463 727 517 in
780 464 936 517 dolio
984 466 1247 533 reposuit
1297 466 1354 521 in
1406 484 1519 536 quo
1552 477 1669 521 erat
1706 464 1900 535 prius;
1938 466 1985 527 Α
2020 463 2229 517 deinde
2262 472 2324 518 ut
2361 466 2467 521 sibi
2505 468 2807 538 perquirat
2845 472 3242 525 neccssarium
3290 474 3659 542 alimentum,

263 554 591 624 didicitque
622 551 864 606 minime
910 553 1342 624 desperandum
1379 555 1435 609 in
1470 553 1783 625 angustiis,
1816 569 1912 607 ex-

260 649 470 716 pertus
501 658 630 712 quae
664 657 777 697 non
831 647 1134 711 acceperat
1165 643 1238 697 ab
1269 642 1497 708 amicis,
1549 660 1611 698 se
1641 660 1673 696 a
1706 642 1830 695 fure
1861 644 1917 695 et

259 732 434 788 hoste
479 734 819 786 assecutum
863 745 875 785 :
918 731 1089 799 cujus
1121 730 1293 786 etiam
1324 748 1393 786 ex
1419 748 1558 787 casu
1592 728 1915 794 intellexit,

261 839 381 877 non
430 837 560 877 esse
611 819 1072 891 aggrediendum
1103 821 1405 892 negotium
1438 820 1607 891 cuius
1648 821 1913 891 explora-

262 916 363 966 tus
398 926 513 965 non
544 909 621 965 sit
651 909 862 963 exitus.

262 1029 395 1084 ΟΑΡ.
444 1026 572 1082 VII.
637 1056 707 1066 —
765 1025 1085 1079 Ostenditur
1140 1041 1250 1080 non
1306 1040 1417 1079 esse
1463 1024 1836 1079 desistendum
1882 1041 1916 1079 (ι

337 1100 522 1226 iubare
541 1115 561 1159 ;
589 1106 640 1153 et
664 1096 980 1168 prudentiae
1010 1097 1182 1167 magis
1217 1096 1571 1151 innitendum
1601 1113 1768 1168 quam
1799 1100 1913 1167 for-

363 1187 508 1225 unae.

337 1272 471 1322 Haec
525 1270 720 1321 tamen
758 1281 873 1319 non
906 1280 973 1320 eo
1003 1264 1299 1337 pertinent
1328 1269 1393 1319 ut
1422 1264 1638 1319 ﬁducia
1668 1280 1912 1318 casuum

268 1355 613 1426 bujusmodi
644 1353 1019 1409 fortuitorum
1044 1353 1343 1409 remittere
1369 1352 1721 1407 industriam
1747 1350 1916 1405 omit-

264 1450 514 1516 tereque
542 1447 818 1499 conatum
867 1442 1217 1510 debeamus;
1268 1442 1608 1497 haerendum
1639 1446 1729 1496 est
1757 1440 1912 1495 enim

262 1534 327 1590 in
358 1551 425 1590 eo
456 1533 612 1606 quod
659 1532 1008 1604 plerumque
1056 1532 1154 1596 fit;
1204 1530 1353 1587 solet
1401 1534 1593 1586 autem
1655 1529 1915 1584 invenire

263 1624 369 1695 qui
403 1621 633 1695 quaerit.
668 1621 993 1687 Quodcirca
1036 1621 1145 1675 etsi
1194 1620 1508 1691 aliquando
1551 1618 1767 1673 videris
1811 1618 1915 1673 ali-

268 1729 448 1785 quem
465 1710 911 1767 invenisselicet
932 1726 1047 1765 non
1076 1717 1379 1780 quaereret,
1406 1726 1476 1764 ne
1493 1708 1590 1764 tali
1613 1708 1772 1763 casui
1794 1712 1916 1762 tan-

2025 551 2278 622 deniquc
2312 560 2375 607 ut
2408 561 2559 609 recte
2589 572 2723 611 cum
2760 557 3102 613 hominibus
3132 568 3527 616 conversetur.
3561 565 3667 617 Di-

2024 646 2237 695 xerunt
2267 642 2442 696 etiam
2470 643 2681 713 eidem,
2716 645 3016 701 hominem
3050 647 3311 702 desidem
3354 654 3410 703 et
3457 652 3669 720 supine

2024 745 2321 795 securum,
2356 735 2570 787 temere
2610 735 2941 789 credentem
2990 736 3320 791 rationibus
3371 738 3521 792 male
3570 756 3662 795 co-

2026 817 2405 887 haerentibus,
2438 837 2689 891 quarum
2721 824 3141 880 connexionem
3178 842 3345 880 mens
3375 828 3502 896 ejus
3534 828 3663 898 ipsa

2027 924 2139 961 non
2172 908 2384 978 capiat,
2418 910 2672 964 similem
2732 929 2859 966 esse
2918 912 3139 967 homini
3199 914 3497 969 voluntate
3543 934 3667 986 pro-

2027 996 2155 1067 pria
2187 997 2333 1051 duce
2366 998 2421 1052 in
2459 1001 2635 1054 rebus
2666 1017 2793 1070 quae
2826 1004 2945 1070 agit
2976 1005 3095 1056 vice
3132 1004 3463 1058 intellectus
3497 1011 3664 1059 uten-

2026 1085 2092 1155 ti,
2154 1087 2646 1159 persuadentique
2703 1089 2815 1143 sibi
2850 1107 2979 1160 quae
3040 1091 3151 1160 ipsi
3210 1092 3460 1162 placent,
3496 1094 3669 1148 ctsia

2024 1190 2158 1230 vero
2190 1174 2379 1231 aliena
2427 1192 2493 1231 ea
2538 1176 2676 1231 sint.
2728 1178 2969 1231 Minime
3002 1185 3196 1234 autem
3230 1181 3392 1235 decet
3424 1182 3669 1251 pruden-

2026 1270 2144 1319 tem
2175 1266 2364 1320 virum
2394 1266 2642 1337 obsequi
2672 1284 2795 1322 suae
2829 1267 3140 1335 voluntati,
3176 1270 3493 1339 praesertim
3535 1286 3667 1324 cum

2026 1353 2345 1409 offensione
2376 1353 2658 1423 aliorum;
2692 1371 2883 1426 neque
2918 1357 3116 1411 leviter
3137 1359 3371 1412 credere
3392 1359 3670 1412 sermoni-

2026 1443 2137 1497 bus
2160 1442 2465 1498 hominum
2492 1448 2789 1516 utcunque
2812 1461 3045 1500 veraces
3076 1445 3187 1517 ipsi
3210 1445 3536 1511 videantur,
3558 1446 3672 1501 nisi

2027 1531 2172 1586 ratio
2222 1532 2281 1586 in
2322 1532 2495 1588 dictis
2552 1533 2797 1590 eluceat.
2859 1537 3047 1599 Quare
3101 1535 3151 1590 si
3211 1534 3312 1606 qui
3353 1534 3670 1606 loquuntur

2025 1620 2219 1691 ignavi
2244 1636 2308 1675 ac
2339 1621 2701 1693 negligentes
2747 1627 3087 1694 appareant,
3123 1623 3436 1693 diligenter
3465 1640 3669 1678 caven-

2028 1712 2187 1776 dum,
2209 1726 2281 1765 ne
2311 1710 2367 1765 in
2401 1711 2783 1766 aestimatione
2808 1712 3172 1781 negotiorum
3206 1714 3666 1779 occurrentium,

270 1817 452 1874 quam
484 1802 589 1855 tibi
615 1816 845 1871 quoque
866 1804 1145 1854 eventuro
1176 1799 1457 1867 confidas,
1488 1813 1630 1853 neve
1680 1797 1917 1853 recedas
1952 1820 1997 1883 Β
2029 1802 2204 1869 atque
2230 1797 2290 1852 in
2331 1815 2525 1853 rerum
2576 1800 2965 1871 gerendarum
3019 1800 3227 1855 notitia
3275 1799 3669 1866 informanda,

270 1909 307 1947 a
339 1890 640 1946 communi
676 1906 785 1945 usu
827 1887 1164 1960 regulaque,
1218 1888 1651 1943 demonstrante
1681 1888 1765 1941 sic
1808 1887 1921 1940 fere

269 1979 399 2035 fieri
430 1980 617 2035 solere
670 1982 735 2032 ut
791 1977 829 2031 ii
890 1977 1124 2032 demum
1169 1976 1467 2032 inveniant
1498 1976 1600 2046 qui
1631 1979 1917 2046 quaerunt.

267 2070 553 2125 Naturam
615 2083 751 2138 ergo
812 2082 1005 2121 rerum
1057 2070 1114 2121 et
1166 2065 1531 2137 negotiorum
1568 2064 1920 2136 perscrutari

272 2161 529 2230 oportet,
558 2155 975 2228 explorareque
1007 2153 1337 2225 diligenter,
1380 2153 1731 2225 comparatis
1755 2152 1917 2207 ditl'e-

268 2245 481 2303 rentiis
511 2250 860 2309 eventuum;
892 2260 962 2298 ex
1001 2258 1185 2313 eaque
1216 2241 1655 2313 comparatione
1686 2241 1918 2296 ratioci-

266 2335 471 2391 nando
515 2334 726 2389 inferre
778 2349 895 2403 qua
936 2332 1030 2385 via
1061 2330 1317 2401 grassari
1348 2331 1421 2385 ad
1454 2331 1723 2402 quodque
1756 2346 1918 2385 asse-

273 2424 577 2496 quendum
608 2425 900 2494 oporteat;
935 2424 1000 2475 ut
1028 2426 1086 2475 et
1114 2436 1181 2475 ex
1216 2419 1385 2474 bonis
1419 2436 1548 2489 quae
1568 2418 1922 2490 contingunt

271 2512 579 2569 industriae
611 2512 930 2583 prudenter
949 2508 1235 2581 aperanti,
1264 2506 1666 2577 intelligamus
1697 2508 1834 2577 quid
1866 2512 1922 2563 et

270 2618 392 2675 qua
420 2600 514 2656 via
546 2598 1015 2671 persequendum
1044 2597 1140 2667 sit,
1173 2601 1229 2652 et
1259 2614 1326 2652 ex
1360 2596 1532 2652 malis
1562 2597 1620 2650 in
1658 2613 1785 2667 quae
1826 2597 1923 2651 de-

270 2691 560 2747 labuntur
584 2686 880 2743 temerarii
920 2701 1318 2758 aggressores,
1358 2700 1749 2756 agnoscamus
1780 2685 1921 2755 quid

222 2830 231 2841 ,
271 2778 449 2835 vitari
481 2775 807 2845 conveniat,
840 2791 911 2830 ne
942 2775 1001 2829 in
1034 2773 1252 2829 similia
1281 2774 1499 2829 damna
1529 2774 1921 2829 incurramus.

274 2868 403 2925 Nisi
427 2866 586 2923 enim
624 2865 705 2921 ita
744 2862 1059 2919 fecerimus
1102 2862 1324 2917 similes
1361 2862 1585 2918 erimus
1617 2861 1923 2928 columbae,

279 2973 437 3029 quae,
467 2954 604 3011 licet
622 2953 832 3010 viderit
853 2951 1046 3025 pullos
1071 2968 1210 3007 suos
1249 2950 1435 3007 occidi
1467 2967 1661 3007 coram
1692 2966 1775 3018 se,
1809 2967 1925 3005 non

279 3042 504 3100 deserit
541 3042 737 3098 locum
781 3040 881 3096 ubi
927 3039 1348 3106 nidificaverat,
1382 3040 1482 3094 sed
1505 3054 1714 3095 rursus
1741 3038 1800 3094 in
1832 3054 1928 3093 eo-

277 3133 415 3188 dem
448 3148 559 3187 ova
586 3128 770 3203 ponit,
796 3128 987 3201 iisque
1018 3127 1281 3194 incubat,
1305 3127 1488 3182 donec
1518 3131 1575 3181 et
1604 3127 1733 3198 ipsa
1760 3130 1930 3197 capta

277 3223 594 3276 mactetur.
643 3219 820 3274 Decet
870 3217 1054 3289 igitur
1100 3216 1401 3272 hominem
1436 3216 1760 3271 intuentem
1792 3232 1923 3271 sco-

274 3325 422 3383 pum
451 3309 606 3364 viam
638 3307 711 3363 ad
743 3323 877 3363 eum
910 3309 1129 3363 rectam
1162 3304 1398 3377 eligere,
1448 3304 1679 3377 sibique
1722 3304 1923 3359 termi-

276 3415 392 3454 nos
420 3397 743 3470 praatigere,
774 3397 927 3451 ultra
977 3411 1128 3465 quos
1174 3410 1289 3449 non
1338 3397 1635 3465 evagetur,
1667 3409 1923 3464 curaque

273 3487 438 3560 vigili
474 3487 531 3542 in
565 3503 672 3541 usu
690 3502 757 3541 ac
778 3488 1029 3540 tractatu
1055 3483 1424 3555 negotiorum
1443 3483 1752 3550 excubare,
1778 3499 1921 3553 prae-

273 3584 549 3648 tereaque
592 3575 751 3643 scire
777 3590 1009 3631 omnem
1043 3572 1342 3628 hominem
1377 3572 1477 3643 qui
1510 3572 1704 3627 labore
1748 3576 1924 3642 atque

270 3665 577 3722 industria
625 3664 985 3719 contendens
1029 3662 1087 3717 in
1140 3662 1399 3717 futurum
1448 3660 1723 3726 consulit,
1766 3676 1923 3715 com-

276 3755 452 3811 mode
496 3752 819 3820 victurum;
879 3751 979 3823 qui
1027 3767 1160 3806 vero
1218 3752 1567 3821 prasentem
1608 3753 1837 3803 tantum
1871 3753 1928 3803 ct

273 3840 521 3898 labilem
554 3840 865 3896 utilitatem
910 3839 1212 3895 laboribus
1260 3838 1385 3893 suis
1415 3841 1628 3908 captat,
1659 3837 1717 3891 in
1752 3837 1927 3892 mise-

275 3932 430 3987 riam
462 3931 804 4002 lapsurum;
838 3945 1010 4000 porro
1044 3927 1145 4000 qui
1176 3927 1235 3983 in
1266 3930 1511 3998 utroque
1544 3926 1925 3996 contenderit,

277 4021 366 4075 sic
417 4022 762 4091 praesentem
798 4017 1053 4072 fructum
1105 4019 1348 4087 captans
1380 4019 1445 4069 ut
1492 4015 1749 4070 futuram
1782 4030 1928 4085 quo-

277 4124 400 4181 que
433 4098 753 4163 utilitatem
787 4122 1100 4178 procurare
1131 4121 1247 4160 non
1278 4103 1532 4169 desinat,
1562 4119 1695 4158 eum
1720 4108 1777 4158 et
1795 4103 1927 4157 vitae

278 4196 614 4273 commpdis
645 4212 761 4251 non
797 4194 1143 4261 cariturum,
1193 4196 1250 4249 et
1298 4192 1530 4249 laudem
1566 4192 1931 4264 gloriamque

280 4288 665 4358 adepturum.

272 4394 420 4450 CAP.
453 4392 604 4449 VIII.
635 4423 704 4433 —-
722 4389 983 4460 Quaedam
1008 4392 1123 4445 alia
1140 4391 1353 4445 monita
1373 4391 1541 4445 utilia
1560 4405 1572 4443 :
1589 4393 1640 4444 et
1652 4389 1933 4447 conclusio

818 4462 1134 4536 Prae/altor:
1144 4462 1191 4516 is
1212 4463 1399 4533 hujus.

2032 1886 2386 1941 testimoniis
2434 1886 2641 1942 talium
2673 1887 3020 1942 innitamur.
3050 1888 3265 1942 Prwter
3292 1888 3407 1942 ista
3437 1888 3674 1958 sapiens

2031 1976 2323 2031 monitum
2354 1980 2445 2031 est
2476 1993 2489 2030 :
2534 1976 2682 2041 Quid
2716 1976 2980 2032 studiose
3005 1977 3223 2048 satagit
3251 1976 3311 2031 in
3344 1982 3557 2031 conatu
3591 1977 3674 2031 rei

2030 2082 2158 2138 quas
2192 2065 2316 2120 fieri
2348 2083 2464 2121 non
2497 2071 2709 2138 potest,
2742 2075 2798 2121 et
2827 2066 3161 2122 inconsulto
3208 2066 3328 2121 ruit
3358 2067 3583 2137 impetu
3616 2065 3674 2119 in

2029 2160 2244 2210 metam
2279 2172 2394 2210 non
2443 2155 2776 2227 contiguam
2831 2157 3101 2211 humana:
3149 2154 3432 2222 facultati,
3466 2154 3679 2210 similis

2030 2248 2119 2298 est
2147 2244 2407 2299 currenti
2443 2249 2605 2299 extra
2642 2244 2821 2313 viam,
2856 2247 3019 2299 tanto
3050 2242 3274 2315 largius
3306 2244 3676 2309 aberraturo,

2030 2337 2250 2403 quanto
2280 2332 2539 2388 velocius
2574 2332 2946 2388 contenderit
2975 2351 2987 2387 :
3023 2332 3354 2402 comparari
3387 2333 3561 2387 etiam
3584 2349 3680 2404 po-

2029 2425 2145 2476 test
2174 2420 2398 2476 homini
2429 2422 2524 2477 cui
2556 2438 2689 2477 cum
2722 2422 2870 2477 forte
2900 2422 3125 2477 festuca
3153 2422 3309 2477 intra
3339 2420 3680 2475 oculumin-

2030 2509 2254 2577 ciderit,
2288 2510 2480 2581 pergit
2529 2527 2665 2565 eum
2725 2510 3051 2565 confricare
3083 2510 3273 2581 quoad
3333 2514 3672 2565 excaecetur.

2032 2598 2184 2655 Illud
2218 2614 2452 2670 quoque
2484 2598 2698 2654 habere
2729 2598 2846 2654 alte
2878 2599 3119 2653 infixum
3178 2598 3357 2653 menti
3407 2598 3679 2653 convenit

2035 2690 2330 2745 hominem
2363 2689 2690 2753 curdatum,
2721 2687 2871 2745 volvi
2931 2691 3089 2743 certa
3118 2687 3245 2757 lege
3275 2686 3426 2743 vices
3458 2691 3680 2752 mutas,

2034 2781 2091 2833 et
2118 2777 2424 2833 verissime
2455 2794 2771 2848 passurum
2804 2778 3010 2832 eadem
3036 2792 3522 2847 unumquemque
3553 2792 3680 2845 quae

2037 2866 2280 2934 fecerit;
2354 2867 2555 2938 itaque
2611 2866 2912 2921 attendere
2969 2865 3083 2919 sibi
3138 2865 3253 2935 ipsi
3311 2863 3521 2919 debere
3580 2862 3683 2933 qui

2036 2956 2244 3011 laedere
2273 2952 2455 3010 alium
2488 2962 2676 3026 parat,
2707 2960 3084 3025 statuereque
3129 2953 3370 3008 omnino
3417 2953 3683 3007 futurum

2040 3049 2107 3100 ut
2134 3061 2238 3116 par
2265 3044 2377 3115 ipsi
2425 3043 2728 3099 referatur.
2785 3043 2945 3099 Unde
2993 3042 3370 3097 manifestum
3397 3046 3508 3105 est,
3549 3056 3685 3094 eum

2040 3132 2141 3203 qui
2173 3132 2430 3187 amicum
2450 3132 2796 3188 contristare
2828 3148 2942 3186 non
2977 3130 3211 3185 dubitat
3241 3130 3474 3200 ingrato
3506 3128 3685 3191 facto,

2041 3222 2153 3277 sibi
2199 3236 2406 3277 nocere
2462 3220 2599 3291 ipsi,
2658 3225 2715 3276 et
2766 3220 2826 3275 in
2875 3223 3053 3291 caput
3106 3217 3412 3290 proprium
3462 3221 3685 3287 pestem

2041 3326 2354 3366 accersere.
2380 3310 2721 3364 Extremum
2746 3309 2925 3378 hujus
2946 3305 3301 3379 prmfationis
3333 3307 3685 3376 praeceptum

2040 3406 2160 3455 esto
2195 3415 2208 3452 :
2243 3397 2346 3470 qui
2375 3398 2598 3452 accedit
2648 3398 2721 3452 ad
2779 3397 2962 3467 hujus
3005 3396 3138 3450 libri
3182 3394 3517 3458 lectionem,
3568 3408 3684 3447 non

2040 3488 2259 3543 cursim
2293 3486 2747 3558 praetervehitor,
2795 3487 2897 3541 sed
2941 3485 3097 3540 lente
3147 3500 3213 3539 ac
3267 3481 3686 3537 meditabunde

2039 3577 2383 3649 perpendito
2406 3576 2664 3647 singula:
2692 3592 2828 3631 nam
2861 3574 3287 3632 considerando
3319 3576 3375 3627 et
3399 3570 3685 3643 profunde

2040 3665 2416 3737 penetrando,
2451 3665 2640 3719 latens
2698 3666 2808 3719 sub
2867 3662 3150 3733 symbolis
3207 3664 3467 3728 eruetur,
3516 3664 3574 3714 et
3623 3658 3683 3711 in

2042 3756 2295 3809 fructum
2320 3752 2602 3824 prodibit,
2633 3751 2876 3807 utilitas.
2905 3752 3035 3806 Haec
3066 3749 3382 3805 habuimus
3408 3748 3467 3801 in
3518 3751 3685 3801 ante-

2041 3857 2271 3897 cessum
2297 3840 2685 3912 suggerenda,
2718 3840 2936 3911 quibus
2966 3838 3125 3892 velut
3165 3836 3535 3891 initiaremus
3557 3835 3683 3903 jam

2043 3948 2075 3986 ει
2102 3928 2393 3986 vestibulo
2422 3931 2794 4000 ingressurus
2827 3928 2885 3982 in
2918 3925 3313 3998 cognitionem
3341 3924 3513 3992 hujus
3542 3939 3683 3993 ope—

2042 4020 2144 4085 ris,
2177 4019 2334 4089 quod
2374 4034 2508 4074 cum
2556 4016 2880 4073 viderimus
2912 4014 3059 4069 tanti
3110 4013 3378 4067 habitum
3413 4028 3446 4065 a
3492 4009 3684 4064 Persis

2041 4109 2112 4163 ad
2171 4107 2320 4162 illud
2379 4124 2447 4162 ex
2504 4105 2702 4161 Indico
2759 4104 3039 4161 idiomate
3071 4102 3131 4156 in
3162 4116 3339 4156 suum
3389 4096 3683 4153 Persicum

2042 4197 2454 4267 transferrent,
2512 4212 2619 4251 nos
2675 4209 2909 4265 quoque
2978 4189 3400 4248 elaborandum
3459 4186 3685 4257 putavi-

2044 4304 2177 4343 mus
2234 4290 2299 4341 ut
2348 4290 2552 4341 nostra
2607 4300 2785 4355 opera
2838 4281 3017 4339 Graeci
3074 4281 3366 4335 nostrates
3414 4275 3557 4330 illud
3590 4291 3684 4330 co-

2046 4379 2412 4445 gnoscerent,
2471 4374 2711 4443 haecque
2769 4370 2853 4425 illi
2908 4368 3063 4424 velut
3138 4366 3405 4439 quaedam
3476 4363 3686 4436 praelu-

2046 4465 2144 4519 dia
2198 4462 2593 4536 prmteximus,
2627 4460 2844 4533 quibus
2874 4460 2946 4515 ad
2987 4457 3216 4513 facilius
3249 4454 3683 4526 percipiendam

346 4553 604 4608 Effatum
673 4556 730 4607 et
776 4551 887 4607 hoc
956 4552 1290 4623 sapientum
1346 4554 1456 4617 est,
1508 4550 1623 4604 tria
1680 4551 1931 4605 tenenda
1967 4546 2007 4609 D
2042 4571 2109 4607 ex
2142 4570 2207 4607 eo
2240 4552 2551 4607 utilitatem
2582 4553 2980 4622 prieparcntur
3008 4548 3273 4602 lectores.

266 4642 507 4699 homini
537 4657 712 4697 esse:
756 4640 1013 4711 primum
1061 4644 1126 4694 ut
1174 4640 1350 4694 fidem
1394 4656 1563 4695 suam
1608 4640 1923 4708 custodiat,

1600 4892 2236 4952 PROLEGOMENON
2296 4894 2407 4951 III.

602 4992 901 5075 Prae/alio
925 4995 1172 5056 Perzois
1205 4994 1434 5071 medici,
1468 4995 1576 5077 qui
1603 4996 1764 5058 hunc
1794 4997 2013 5057 librum
2044 5018 2122 5058 ex
2153 4997 2367 5077 lingua
2397 4995 2607 5056 Indica
2639 4996 2700 5053 in
2734 4993 3035 5054 Persicam
3065 4988 3375 5052 convertit.

265 5119 411 5174 CAP.
450 5117 491 5171 l.
527 5148 595 5156 —
626 5119 700 5173 Pe
735 5119 853 5174 τοῖς
884 5136 1077 5190 genus,
1104 5127 1276 5185 ortus,
1306 5119 1574 5189 educatio,
1607 5120 1789 5174 studia
1819 5138 1831 5176 :
1866 5124 1925 5173 ut

348 5190 453 5243 ille
508 5191 801 5245 medicinae
845 5193 1233 5263 professionem
1287 5208 1399 5261 pra:
1453 5194 1665 5246 caneris
1697 5193 1932 5263 elegerit

346 5276 566 5332 quoque
596 5273 754 5333 pacto
784 5264 857 5317 sit
885 5262 951 5318 in
979 5262 1079 5317 illa
1103 5271 1370 5318 versatus.

355 5385 518 5441 Dixit
557 5387 793 5443 Perzoes
828 5387 1103 5457 princeps
1136 5387 1496 5443 medicorum
1521 5390 1674 5460 apud
1700 5393 1928 5460 Persas,

272 5476 385 5547 qui
418 5483 471 5530 et
500 5475 656 5529 hunc
680 5474 899 5530 librum
929 5493 997 5531 ex
1022 5476 1221 5531 indico
1242 5477 1595 5533 idiomatein
1617 5479 1927 5533 Persarum

273 5565 551 5633 linguam
587 5566 890 5619 transtulit
916 5582 927 5620 :
956 5565 1101 5619 dixit
1122 5570 1320 5620 autem
1346 5567 1415 5620 de
1442 5584 1503 5621 se
1523 5568 1648 5639 ipso
1668 5585 1795 5639 qum
1817 5568 1929 5621 sibi

272 5669 312 5707 ει
347 5666 532 5723 puero
553 5654 926 5726 contigerint,
966 5655 1184 5726 quibus
1226 5654 1556 5726 disciplinis
1582 5658 1933 5715 informatus

2041 5121 2235 5189 fuerit,
2260 5122 2468 5193 quidve
2490 5120 2624 5176 boni
2644 5118 2910 5175 feceritin
2944 5116 3082 5181 vita,
3112 5127 3387 5169 exercens
3402 5107 3684 5164 medicam

2041 5216 2224 5265 artem
2258 5214 2390 5281 post
2418 5226 2594 5265 suum
2643 5226 2709 5264 cx
2749 5205 2908 5263 Indis
2941 5206 3012 5260 ad
3045 5210 3253 5259 Persas
3299 5199 3553 5255 reditum
3581 5213 3594 5259 ;
3630 5195 3684 5243 et

2041 5304 2107 5354 ut
2166 5304 2365 5354 oratus
2426 5297 2601 5353 fuerit
2653 5314 2686 5352 a
2745 5312 2878 5367 rege
2930 5294 3205 5348 Cbosroe.
3262 5287 3417 5343 Dixit
3486 5286 3682 5337 autem

2043 5388 2173 5443 sic:
2208 5388 2338 5441 Fuit
2395 5392 2559 5459 pater
2617 5402 2781 5440 meus
2837 5400 2906 5439 ex
2966 5380 3296 5436 illustribus
3343 5370 3677 5428 militibus;

2047 5482 2232 5531 mater
2260 5493 2392 5531 vero
2428 5492 2556 5531 mea
2587 5493 2653 5529 ex
2688 5474 2920 5529 filiabus
2954 5481 3300 5540 magnorum
3333 5466 3389 5515 et
3416 5460 3684 5530 praistan-

2046 5567 2194 5620 tium
2219 5570 2582 5636 satraparum
2616 5570 2711 5619 :et
2749 5561 2936 5633 gratia
2966 5559 3064 5613 Dei
3099 5552 3275 5609 nostri
3310 5550 3387 5602 fui
3432 5548 3502 5601 ab
3541 5542 3686 5613 ipsis

2047 5659 2282 5711 amatus
2330 5659 2385 5710 et
2436 5655 2756 5708 honoratus
2800 5664 2975 5718 supra
3006 5659 3210 5699 omnes
3244 5640 3452 5693 fratres
3502 5648 3683 5690 meos.
