3984 6202
281 281 420 336 1235

1791 267 2179 322 ΑΡΡΕΝΟῙΧ.

3569 258 3706 315 1236

279 405 553 464 Traditus
585 403 779 456 autem
814 396 1112 468 magistris
1141 411 1274 451 sum
1307 398 1373 449 ut
1401 393 1687 448 discerem
1743 396 1925 447 artem
1957 393 2009 459 Α
2042 390 2186 446 nihil
2217 389 2379 458 ;haac
2435 389 2592 444 enim
2653 387 2792 442 vilia
2838 389 2897 442 et
2943 383 3116 442 nihili
3157 384 3324 442 stulti
3357 384 3574 457 (qualis
3605 401 3710 457 ego

283 490 756 569 grammaticam,
790 487 960 556 cujus
1011 491 1208 557 partes
1244 499 1451 540 omnes
1482 481 1748 556 peccurri
1781 497 1942 538 com-

292 579 696 656 prehendique
772 579 995 646 septem
1056 574 1268 641 annis;
1323 577 1381 628 et
1420 574 1544 643 jam
1595 571 1944 626 existimans

290 667 620 743 percepisse
655 680 747 720 me
778 663 922 719 satis
963 663 1251 719 elementa
1292 660 1392 716 illa
1436 661 1646 731 prima,
1700 659 1818 714 dixi
1870 660 1942 714 ad

291 775 386 816 me
409 758 604 828 ipsum
631 773 642 810 :
669 758 954 822 Quatuor,
975 757 1040 807 ut
1075 752 1261 820 video,
1289 767 1382 806 res
1404 755 1543 806 sunt
1565 752 1714 821 quas
1737 765 1944 805 omnes

289 847 562 904 homines
596 847 930 915 sequuntur
962 843 1266 897 studentes
1325 839 1609 911 adipisci,-
1666 853 1766 895 eas
1823 839 1944 895 sin-

290 937 543 1009 gillatim
603 933 976 990 considerare
1029 949 1124 986 me
1189 935 1418 1002 oportet
1475 931 1946 1001 perpendereque

293 1045 358 1084 ac
391 1027 722 1081 discernere
781 1025 1277 1092 unamquamqhe,
1335 1020 1537 1091 sicque
1592 1020 1948 1074 constituere

294 1132 423 1188 quas
455 1114 534 1169 sit
562 1112 807 1185 Optima,
832 1117 898 1165 ut
927 1110 1088 1165 illum
1125 1114 1459 1180 persequar.
1496 1113 1644 1162 Sunt
1672 1124 1809 1178 ergo
1837 1107 1950 1162 illa;

297 1211 549 1278 quatuor
580 1219 728 1258 res:
782 1201 975 1273 prima
1035 1199 1356 1270 0pulentia,
1415 1197 1597 1252 altera
1655 1197 1946 1269 voluptas,

299 1293 470 1351 tertia
527 1294 810 1364 potestas,
863 1297 1156 1360 postrema
1202 1302 1422 1342 merces
1473 1286 1592 1342 sive
1643 1287 1948 1357 praemium

308 1398 515 1453 operas.
549 1379 619 1434 Et
651 1377 889 1448 quidem
921 1376 1072 1447 quod
1105 1376 1176 1430 ad
1207 1375 1528 1430 mercedem
1580 1374 1814 1440 attinet,
1848 1374 1950 1428 hu-

306 1474 406 1542 jus
439 1466 646 1539 amplas
681 1471 738 1522 et
769 1465 1017 1538 copiosa:
1071 1481 1344 1535 magnam
1405 1480 1568 1535 spem
1619 1465 1952 1520 ostentabat

305 1558 594 1634 professio
639 1555 783 1612 artis
826 1555 1092 1622 medicis;
1149 1571 1285 1609 nam
1320 1553 1481 1609 illam
1507 1555 1630 1624 jam
1663 1553 1952 1626 elegeram

306 1649 530 1709 caateris
580 1649 918 1720 praeferens,
954 1662 1020 1702 eo
1066 1646 1220 1717 quod
1265 1644 1492 1700 laudari
1545 1643 1702 1700 illam
1736 1660 1768 1699 a
1814 1661 1955 1717 pru-

308 1739 586 1796 dentibus
617 1735 897 1792 omnibus
931 1733 1210 1798 viderem,
1242 1737 1299 1789 et
1327 1734 1482 1805 apud
1515 1738 1757 1789 cunctos
1797 1747 1954 1804 aeque

304 1828 502 1886 omnis
534 1830 698 1883 sectas
728 1841 794 1881 ac
827 1823 1127 1896 religionis
1159 1823 1428 1878 homines
1460 1823 1517 1877 in
1563 1823 1776 1878 honore
1801 1837 1949 1879 esse.

306 1917 690 1992 Reperiebam
743 1917 939 1970 autem
978 1913 1036 1968 in
1085 1911 1254 1968 libris
1304 1912 1607 1968 medicinae
1648 1912 1952 1968 scientiam

306 2003 1076 2074 tradentibus,laudabilem
1100 2003 1158 2058 in
1183 2001 1388 2074 primis
1411 2018 1538 2057 esse
1561 2003 1660 2073 qui
1685 2002 1952 2058 medendi

319 2097 652 2154 facultatem
678 2108 1018 2164 comparare
1039 2092 1150 2147 sibi
1175 2093 1429 2156 studeat,
1463 2097 1769 2163 propterea
1800 2093 1952 2162 quod

310 2204 438 2242 eam
460 2186 689 2241 atfectet
707 2185 889 2238 artem
913 2181 1006 2236 cui
1026 2181 1370 2252 quotidiana
1395 2181 1950 2253 proveniatmerces.

328 2279 404 2332 Eo
437 2289 778 2348 persuasus,
803 2281 858 2327 et
887 2271 994 2326 hac
1027 2285 1130 2342 spe
1162 2271 1416 2337 illectus,
1439 2272 1610 2326 istam
1645 2271 1951 2342 professio-

302 2383 442 2422 nem
500 2363 730 2420 cunctis
787 2361 918 2417 aliis
974 2360 1224 2433 praetuli,
1289 2377 1401 2416 non
1463 2361 1665 2431 utique
1723 2365 1956 2432 propter

307 2455 725 2527 temporariam
788 2452 1135 2517 mercedem,
1178 2451 1277 2505 sed
1334 2454 1572 2522 propter
1628 2454 1952 2520 aeternam;

306 2563 379 2602 ne
410 2545 558 2600 forte
588 2541 804 2598 similis
827 2541 939 2596 sim
969 2539 1708 2610 mercatoridamnoso,qui
1732 2539 1956 2595 habens

306 2632 691 2704 byacinthum
726 2629 983 2702 ingentis
1017 2629 1211 2701 pretii,
1264 2643 1380 2698 quo
1411 2643 1527 2684 uno
1561 2632 1830 2700 potuerat
1867 2629 1955 2684 di-

304 2736 408 2782 ves
442 2723 588 2788 fieri,-
621 2719 977 2794 permutavit
1031 2718 1201 2774 illum
1259 2733 1440 2791 grano
1476 2717 1612 2774 mali
1644 2718 1840 2791 punici
1884 2719 1955 2774 ad

312 2813 460 2871 nihil
518 2808 669 2868 utili.
730 2809 996 2882 Camperi
1050 2815 1258 2864 rursus
1316 2806 1596 2878 quaerenti
1628 2824 1731 2880 per
1780 2808 1954 2864 istam

315 2901 739 2977 professionem
774 2899 1103 2955 mercedem
1137 2901 1433 2964 aeternam,
1457 2914 1571 2953 non
1614 2898 1955 2954 defuturum

307 2994 632 3066 quidquam
666 3001 856 3062 neque
889 2989 947 3043 in
980 2989 1089 3044 hoc
1135 2987 1346 3044 saeculo
1380 2991 1569 3060 neque
1613 2987 1671 3042 in
1720 2988 1955 3058 futuro;

2052 480 2209 550 sum)
2243 486 2681 550 persequuntur
2709 483 2768 532 et
2797 480 3018 532 amant.
3044 479 3358 546 Quousque
3388 489 3502 529 non
3521 473 3712 544 fugies

2052 568 2509 624 momentanea‘?
2536 583 2649 622 non
2675 579 2903 638 quaeres
2947 563 3352 637 sempiterna?
3385 577 3501 618 non
3535 577 3714 635 parvo

2053 659 2170 712 eris
2203 661 2475 712 contenta
2507 657 2566 712 in
2599 655 2929 712 necessario
2981 654 3260 709 alimento
3281 653 3309 708 7
3359 667 3476 708 non
3521 651 3716 723 impe-

2055 748 2214 801 rabis
2244 746 2348 802 tibi
2381 745 2439 801 in
2473 751 2716 801 strenua
2745 743 3102 800 exhibitione
3125 743 3414 798 bonorum
3441 753 3716 814 operum,

2055 845 2459 901 contendendo
2492 845 2547 899 in
2591 843 2685 899 bis
2743 848 3032 914 quantum
3094 840 3359 914 poteris?
3416 843 3716 894 Memento

2057 949 2230 1006 porro
2259 933 2708 1006 compositionis
2738 932 2825 987 tui
2857 931 3142 1003 corporis,
3183 935 3240 986 et
3289 929 3513 1001 quibus
3566 927 3714 982 iilud

2057 1025 2293 1078 casibus
2315 1023 2390 1078 sit
2413 1023 2754 1077 obnoxium.
2797 1021 3120 1077 Recerdare
3153 1017 3379 1074 luteum
3415 1017 3578 1073 istud
3613 1031 3715 1072 vas

2058 1113 2374 1168 conflatum
2426 1129 2555 1168 esse
2586 1129 2652 1167 ex
2680 1117 2934 1182 quatuor
2985 1109 3334 1166 humoribus
3380 1108 3536 1163 inter
3590 1123 3718 1164 sese

2059 1201 2482 1274 pugnantibus,
2517 1215 2769 1274 quorum
2801 1199 2947 1255 illud
3000 1199 3197 1271 ipsum
3249 1197 3550 1253 certamen
3599 1198 3724 1252 vita

2061 1293 2317 1347 humana
2373 1296 2509 1361 est;
2569 1307 2697 1362 quae
2753 1289 2988 1359 quidem
3061 1289 3179 1343 vita
3254 1288 3368 1342 cito
3431 1286 3721 1358 praeterit,

2061 1381 2277 1453 quippe
2307 1380 2520 1437 similis
2571 1383 2780 1436 statuae
2825 1377 3156 1450 compactili
3187 1393 3256 1433 ex
3289 1374 3496 1432 multis
3538 1376 3725 1448 parti-

2059 1472 2171 1527 bus
2204 1469 2359 1530 inter
2383 1485 2512 1526 sese
2536 1468 2870 1526 commissis
2890 1485 2993 1541 per
3013 1467 3203 1523 clavos
3226 1466 3463 1534 inﬁxos,
3499 1465 3726 1539 quibus

2061 1560 2280 1616 avulsis
2312 1559 2561 1616 solvitur
2600 1559 2830 1625 statua;
2895 1558 2976 1613 sic
3025 1574 3087 1612 se
3144 1555 3320 1612 habet
3381 1555 3723 1611 humanum

2062 1665 2276 1722 corpus
2301 1648 2580 1721 temperie
2598 1651 3073 1720 coagmentatum
3097 1645 3522 1718 qiiadam,quas
3543 1644 3731 1699 simul

2062 1739 2321 1806 deﬂuxit,
2346 1739 2541 1812 ipsum
2575 1740 2836 1794 remanet
2867 1737 3188 1793 mortuum.
3222 1735 3351 1792 Noli
3382 1741 3584 1791 errare
3620 1749 3730 1790 nec

2061 1830 2284 1902 imponi
2339 1826 2445 1884 tibi
2499 1828 2681 1898 sinas,
2714 1835 2747 1883 o'
2780 1825 2978 1883 anima
3037 1827 3163 1882 mea
3223 1824 3394 1898 quasi
3429 1840 3730 1897 magnum

2061 1921 2188 1977 vitae
2247 1920 2492 1986 bonum,
2525 1918 2581 1974 et
2612 1934 2711 1990 pro
2743 1934 2860 1989 quo
2888 1911 3108 1972 certare
3165 1916 3234 1971 ad
3269 1918 3610 1970 extremum
3640 1913 3735 1968 di-

2063 2025 2245 2082 gnum
2277 2008 2375 2075 sit,
2410 2001 2732 2079 repositum
2766 2006 2946 2061 videri
2979 2004 3263 2060 debeatin
3285 2002 3735 2059 consuetudine

2063 2100 2367 2169 tutelaque
2410 2096 2676 2168 gravium
2738 2100 2795 2151 et
2855 2093 3184 2167 potentium
3246 2093 3606 2158 amicorum,
3674 2093 3733 2148 in

2059 2187 2323 2260 jucundo
2350 2185 2753 2254 contubernio,
2777 2189 2832 2240 et
2855 2181 3322 2240 contabulatione
3352 2179 3732 2255 elegantium

2066 2278 2538 2342 adolescentUm;
2600 2291 2733 2330 nam
2795 2274 3002 2329 horum
3064 2273 3329 2326 omnium
3393 2271 3737 2342 frequentia

2067 2365 2364 2421 modicum
2399 2363 2619 2435 gaudii,
2656 2363 2909 2418 multum
2943 2357 3164 2416 doloris
3199 2363 3394 2427 creat;
3445 2361 3570 2415 imo
3610 2357 3736 2430 ple-

2066 2469 2316 2525 rumque
2346 2452 2404 2508 in
2439 2453 2637 2509 odium
2681 2458 2736 2507 et
2765 2449 2981 2507 bellum
3017 2447 3429 2516 desinit.0uod
3459 2449 3543 2504 ita
3574 2462 3738 2516 esse,

2067 2545 2164 2601 ubi
2199 2549 2254 2599 te
2286 2559 2490 2598 ausam
2541 2540 2787 2618 experiri
2840 2543 3082 2596 eventus
3125 2539 3416 2606 docuerit,
3465 2539 3739 2610 profecto

2065 2633 2179 2690 icta
2211 2633 2426 2688 damno
2459 2617 2805 2703 improsperi
2842 2646 3178 2699 successus,
3208 2617 3594 2684 succensebis
3635 2628 3740 2683 isti

2065 2720 2454 2795 experientiae;
2477 2719 2858 2790 similiterque
2880 2718 3058 2775 facies
3082 2723 3146 2774 ut
3171 2717 3270 2790 qui
3304 2718 3395 2773 usi
3427 2716 3738 2775 cochleari

2068 2813 2138 2868 ad
2173 2827 2411 2884 sapores
2443 2809 2777 2884 probandos
2799 2808 3175 2880 jusculorum
3203 2807 3736 2865 auts’orbitionum

2068 2901 2420 2966 oblatarum,
2446 2899 2493 2956 si
2519 2899 2846 2972 cujus‘piam
2873 2911 3074 2955 earum
3119 2885 3422 2954 amarities
3453 2893 3736 2970 linguam

2068 2990 2472 3060 momorderit,
2497 2977 2882 3044 eversabundi
2905 2991 2962 3044 et
2984 2987 3189 3044 offensi
3210 2996 3526 3060 corrugato
3558 3005 3742 3059 naso,

313 3084 416 3177 sed
447 3083 792 3137 eventurum
826 3078 941 3149 ipsi
973 3077 1129 3133 idem
1172 3077 1329 3148 quod
1375 3075 1956 3177 agricolarpurganti
1993 3107 2036 3177 ε
2074 3080 2246 3137 etiam
2297 3077 2760 3135 instrumentum
2788 3091 2904 3150 quo
2937 3079 3132 3151 liquor
3161 3091 3375 3134 exosus
3403 3069 3617 3134 illatus
3651 3080 3743 3134 ori

315 3171 628 3241 diligenter
685 3179 893 3238 agrum
948 3172 1122 3221 suum
1181 3170 1239 3220 et
1295 3170 1532 3221 strenue
1587 3165 1821 3235 colenti,
1869 3167 1962 3222 cui

315 3275 450 3316 cum
508 3257 713 3312 fenum
803 3257 859 3309 e't
933 3254 1193 3308 triticum
1265 3254 1402 3309 inde
1460 3255 1780 3326 proveniat,
1849 3273 1964 3310 non

313 3357 510 3405 tamen
560 3345 657 3400 ille
719 3351 954 3415 propter
1009 3344 1206 3398 fenum
1254 3343 1561 3410 laboravit,
1603 3344 1703 3399 sed
1736 3353 1968 3416 propter

314 3436 601 3492 triticum.
633 3431 788 3502 ϐωρὶ
821 3445 955 3500 ergo
1007 3431 1205 3485 statim
1253 3447 1457 3486 curare
1503 3431 1768 3487 infirmos
1831 3451 1968 3505 pro~

327 3532 458 3598 pter
488 3522 814 3578 mercedem
849 3524 1148 3587 (sternam,
1203 3525 1262 3575 et
1308 3520 1642 3576 medicabar
1678 3523 1966 3592 quosdam

321 3613 562 3686 quidem
591 3609 919 3682 chirurgica
965 3623 1139 3681 opera
1181 3609 1434 3682 propriis
1488 3610 1802 3681 manibus;
1834 3612 1966 3669 aliis

315 3703 494 3760 verbo
527 3699 996 3773 prmscribebam,
1030 3699 1274 3770 praeberi
1299 3699 1518 3770 jubens
1542 3699 1969 3759 medicamenta

323 3789 747 3859 convenientia,
779 3805 884 3844 nec
934 3789 1248 3861 querebam'
1311 3789 1635 3846 mercedem
1697 3790 1873 3848 aliam
1933 3811 1966 3849 a

320 3897 620 3955 quoquam
649 3878 760 3934 nisi
794 3879 1027 3933 laudem
1060 3895 1094 3933 a
1125 3876 1422 3934 similibus
1471 3879 1608 3945 mei,
1641 3884 1743 3936 aut
1787 3881 1964 3938 etiam

316 3970 692 4034 clarioribus,
725 3973 781 4022 et
803 3968 993 4039 magis
1018 3967 1340 4037 honoratis,
1375 3968 1680 4041 magisque
1729 3970 1967 4043 opulen-

316 4061 409 4130 tis,
446 4053 593 4115 nihil
642 4060 989 4129 exspectans
1035 4059 1136 4112 aut
1165 4062 1409 4128 captans
1439 4057 1622 4127 aliud,
1657 4059 1769 4114 nisi
1803 4064 1863 4115 ut
1895 4061 1964 4116 ab

315 4150 464 4220 ipsis
493 4149 582 4202 vir
613 4148 798 4202 bonus
829 4150 1007 4201 verbo
1039 4150 1096 4201 et
1125 4157 1295 4217 opere
1326 4147 1590 4203 haberer.

320 4251 455 4303 CAP.
488 4245 558 4300 Ῑῐ.
591 4276 661 4286 -
690 4247 915 4301 Perseis
943 4244 1248 4300 admonitio
1277 4246 1346 4300 ad
1371 4246 1619 4302 animam
1635 4263 1791 4303 suam
1810 4249 1964 4306 l'ran-

781 4320 975 4373 siloria
1011 4320 1500 4389 concupiscentem.

392 4433 857 4505 Concupisccbat
887 4437 1083 4489 autem
1136 4433 1332 4488 anima
1378 4452 1508 4490 mea
1541 4452 1632 4491 res
1664 4436 1868 4492 labiles
1899 4456 1966 4495 ac

319 4525 545 4589 fluxas;
579 4539 684 4594 ego
717 4527 911 4576 autem
945 4522 1005 4577 in
1055 4523 1413 4578 contrarium
1457 4524 1650 4580 nitens
1682 4525 1962 4582 admone-

317 4616 449 4669 bam
513 4611 901 4684 ipsamzNon
963 4611 1266 4684 intelligis,
1299 4612 1597 4685 inquiens,
1657 4633 1689 4671 ο
1743 4616 1958 4686 anima,

316 4706 514 4758 futura
544 4719 611 4758 ea
659 4717 789 4755 esse
833 4718 960 4771 quae
1020 4717 1149 4756 vere
1203 4708 1470 4773 prosunt,
1517 4721 1627 4759 non
1677 4704 1785 4760 ista
1817 4724 1961 4778 pras-

321 4792 530 4846 sentia.
559 4791 875 4859 Quousque
907 4805 1021 4843 non
1055 4789 1209 4860 fugis
1239 4790 1495 4848 humiles
1531 4793 1705 4850 hasce
1737 4794 1964 4852 reculas

320 4896 447 4951 quis
479 4878 763 4950 gaudium
795 4894 998 4933 verum
1032 4879 1154 4934 suis
1188 4881 1631 4951 possessoribus
1664 4900 1777 4938 non
1823 4885 1965 4939 affe-

321 4973 482 5034 runt,
544 4968 645 5022 sed
704 4966 776 5022 iis
839 4959 1033 5040 petitis
1096 4984 1303 5039 graves
1362 4969 1656 5027 incutiunt
1714 4969 1963 5042 dolores,

324 5056 744 5128 molestiasque
794 5074 858 5113 ac
907 5059 1317 5114 tribulationes
1365 5066 1583 5125 creant,
1637 5079 1750 5117 non
1796 5064 1966 5119 evita.

321 5147 424 5202 bili
459 5146 848 5202 subductione
877 5148 992 5216 sui,
1029 5148 1098 5201 ad
1129 5153 1452 5203 extremum
1500 5154 1694 5205 autem
1743 5152 1966 5224 suppli-

321 5236 428 5291 ciis
453 5253 550 5291 eos
582 5235 904 5307 subjiciunt
951 5235 1234 5290 (sternis?
1287 5236 1420 5304 Cur,
1480 5255 1512 5292 ο
1573 5238 1768 5293 anima
1819 5258 1966 5311 mea,

323 5343 440 5381 non
466 5326 790 5381 recordaris
821 5323 1216 5380 aeternorum?
1247 5324 1372 5378 Non
1405 5331 1459 5379 te
1494 5327 1670 5396 pudet
1704 5341 1968 5384 commu-

326 5419 521 5470 nicare
553 5432 686 5470 cum
721 5413 943 5480 stultis,
980 5414 1037 5465 in
1073 5427 1269 5466 amore
1298 5413 1424 5466 vitae
1462 5413 1639 5484 hujus
1687 5420 1968 5490 corrupti-

326 5503 501 5557 bilis?
529 5504 674 5559 Nam
711 5504 806 5575 qui
839 5519 907 5557 ex
947 5501 1057 5555 hoc
1086 5517 1230 5555 vano
1264 5503 1481 5558 mundo
1523 5505 1744 5576 aliquid
1800 5508 1972 5565 habet

331 5594 484 5662 apud
537 5610 620 5662 se,
653 5593 1017 5649 tantumdem
1072 5595 1160 5646 est
1217 5607 1282 5647 ac
1341 5593 1391 5648 si
1450 5593 1700 5652 habebat
1729 5597 1969 5657 omnino

2077 3171 2184 3241 est,
2220 3169 2492 3224 iracunde
2513 3168 2876 3223 confractum
2905 3167 2963 3222 in
2996 3167 3190 3238 ignem
3239 3165 3556 3237 abjiciuut.
3590 3171 3743 3224 Cave

2068 3259 2292 3316 crucies
2326 3276 2391 3314 ac
2424 3259 2634 3331 perdas
2665 3247 2722 3313 te
2754 3257 2943 3329 ipsam
2979 3256 3232 3312 sollicita
3277 3249 3335 3312 et
3389 3256 3738 3329 periculosa

2067 3347 2400 3405 corrasione
2431 3345 2809 3419 pecuniarum
2841 3348 2898 3401 in
2932 3346 3181 3418 gratiam
3231 3351 3634 3418 cognatorum
3669 3365 3736 3403 ac

2069 3441 2310 3494 fratrum
2364 3441 2599 3492 tuorum
2632 3451 2778 3508 quos
2809 3435 2996 3490 ditare
3039 3433 3265 3490 damnis
3325 3442 3382 3489 et
3442 3438 3736 3493 aerumnis

2068 3528 2184 3584 tuis
2215 3527 2484 3596 studeas;
2507 3525 2662 3581 idem
2691 3542 2860 3598 passa
2883 3524 3040 3597 quod
3073 3523 3210 3579 thus
3232 3527 3334 3578 aut
3367 3524 3732 3594 thymiama,

2068 3635 2199 3691 quae
2229 3621 2291 3672 ut
2317 3615 2461 3671 alios
2488 3615 2663 3670 odore
2685 3614 2894 3685 juvent
2924 3614 2982 3669 in
3018 3614 3148 3686 igne
3181 3630 3309 3669 sese
3331 3619 3731 3684 consumunt,

2070 3715 2125 3771 in
2163 3715 2352 3771 fumos
2385 3713 2812 3770 evanescentia.
2837 3712 3051 3768 Anima
3081 3729 3231 3782 mea,
3275 3729 3347 3768 ne
3379 3717 3438 3768 te
3471 3713 3736 3786 decipiat

2069 3801 2254 3858 falsus
2311 3799 2589 3874 splendor
2647 3799 2986 3856 divitiarum
3063 3805 3122 3856 et
3173 3800 3373 3872 gloriae
3441 3817 3454 3857 :
3518 3796 3734 3859 harum

2068 3891 2222 3947 enim
2255 3875 2576 3946 vanitatem
2637 3907 2806 3946 nemo
2857 3888 3134 3962 intelligit
3191 3887 3311 3945 nisi
3369 3905 3512 3946 eum
3560 3892 3736 3949 fuerit

2070 3983 2140 4037 ab
2176 3981 2246 4036 iis
2270 3981 2597 4053 separatus.
2629 3978 2862 4035 Similes
2888 3977 3107 4052 quippe
3159 3983 3300 4035 sunt
3332 3980 3598 4052 capillis,
3631 3984 3732 4054 qui

2072 4071 2335 4142 quandiu
2387 4069 2608 4124 haerent
2661 4067 2837 4140 capiti
2895 4085 3028 4124 cum
3086 4085 3150 4124 eo
3210 4068 3630 4140 honorantur;
3682 4072 3731 4128 si

2072 4157 2259 4216 avulsi
2293 4162 2393 4214 aut
2451 4159 2657 4214 resecti
2706 4158 2942 4226 fuerint,
2992 4162 3058 4212 ut
3104 4157 3308 4213 sordes
3358 4160 3730 4229 abjiciuntur

2073 4268 2138 4305 ac
2170 4247 2608 4304 conculcantur.
2642 4248 2891 4302 Attende
2922 4247 3122 4302 anima
3178 4264 3310 4303 mea
3368 4266 3510 4304 cum
3554 4253 3727 4306 sedu-

2076 4337 2236 4393 litate
2267 4336 2629 4392 medicandis
2660 4331 2911 4390 infirmis
2944 4350 2959 4391 :
2993 4352 3098 4391 nec
3140 4336 3320 4405 dicas,
3356 4338 3728 4396 functionem

2076 4445 2199 4484 eam
2234 4443 2361 4482 esse
2405 4426 2604 4496 magni
2652 4423 2869 4480 laboris
2899 4426 3212 4497 gravisque
3243 4426 3571 4498 dispendii,
3605 4431 3729 4485 cui-

2076 4533 2187 4590 que
2260 4533 2374 4569 non
2435 4514 2783 4585 respondeat
2839 4531 2871 4569 a
2928 4512 3285 4585 gratitudine
3357 4523 3732 4574 servatorum

2075 4623 2292 4662 merces
2355 4604 2582 4674 idonea,
2615 4621 2680 4658 eo
2715 4603 2865 4674 quod
2922 4603 3187 4674 plerique
3245 4602 3563 4661 hominum
3616 4611 3732 4664 vim

2075 4702 2139 4753 ut
2171 4711 2341 4750 usum
2400 4694 2542 4748 artis
2589 4692 2826 4748 medicae
2879 4709 2994 4748 non
3041 4691 3395 4765 intelligant,
3450 4699 3735 4770 casuique

2075 4790 2427 4843 autnatura:
2473 4782 2769 4854 imputant
2810 4781 2940 4852 ejus
2989 4781 3246 4836 effectus.
3301 4783 3390 4837 Tu
3432 4800 3573 4841 vero
3601 4787 3734 4842 imi-

2073 4882 2198 4933 tata
2255 4875 2466 4930 heroas
2525 4872 2622 4944 qui
2676 4871 2931 4944 pretium
2983 4872 3197 4928 servati
3253 4873 3522 4930 nominis
3574 4877 3733 4932 aliud

2077 4984 2191 5022 non
2224 4968 2432 5020 curant
2481 4979 2658 5033 quam
2712 4959 2957 5032 gloriam
3011 4977 3137 5032 quae
3195 4959 3294 5017 isti
3346 4962 3500 5020 facto
3557 4968 3733 5036 inest,

2078 5064 2162 5120 sic
2195 5063 2370 5118 debes
2436 5065 2716 5128 statuere,
2779 5057 3011 5114 abunde
3065 5062 3122 5114 te
3181 5067 3629 5120 remuneratam
3670 5081 3733 5119 eo

2081 5154 2206 5226 ipso
2265 5150 2420 5224 quod
2481 5143 2813 5206 Calamitate
2863 5148 3109 5204 miseros
3180 5149 3491 5222 levaveris,
3580 5155 3736 5225 quod

2079 5261 2262 5315 aegros
2325 5241 2532 5297 mortis
2593 5239 2860 5294 faucibus
2919 5244 3154 5310 ereptos
3213 5240 3621 5299 incolumitati
3675 5260 3737 5299 ac

2079 5332 2340 5392 felicitati
2400 5328 2747 5387 reddideris.
2782 5328 2926 5383 Nam
2961 5329 3170 5385 horum
3221 5337 3372 5401 quos
3423 5331 3549 5388 dixi
3585 5333 3739 5388 forti-

2080 5423 2304 5479 tudinis
2337 5420 2582 5476 hercicze
2607 5419 2760 5473 fama
2786 5417 3104 5473 celebrium
3136 5419 3398 5474 virorum
3431 5436 3503 5475 ea
3541 5421 3736 5492 opinio

2081 5516 2169 5568 est
2227 5530 2240 5567 :
2297 5511 2440 5566 bene
2509 5507 2818 5581 quantavis
2893 5508 3258 5563 contentione
3319 5525 3386 5563 ac
3447 5527 3732 5578 rerumne,

2080 5619 2282 5658 cruore
2315 5600 2456 5670 quin
2491 5599 2666 5654 etiam
2698 5597 2856 5668 large
2914 5613 3017 5668 per
3054 5596 3294 5653 vulnera
3352 5589 3569 5669 effuso,
3625 5597 3732 5655 emi
