4002 6202
220 332 374 395 1237

1243 346 1602 398 SPECIMEN
1644 334 2047 399 sarishrm
2087 334 2420 402 limosum
2460 352 2623 403 var.

3505 351 3641 406 1238

212 468 364 525 civis
385 468 473 525 vel
499 467 678 525 unius
698 469 874 524 vitam
894 469 966 525 ab
997 470 1254 525 extremo
1288 468 1629 525 discrimine
1656 470 1869 542 recepti
1904 472 1955 538 Α
1986 471 2168 535 Quam
2202 488 2468 530 exercere
2500 470 2844 547 diligentius
2876 492 3215 548 aggressum
3267 476 3638 535 conturbavit

218 558 606 631 restitutique
663 559 863 631 patriae
926 568 939 613 ὲ
999 558 1219 627 Quanto
1274 559 1470 630 majus
1529 557 1640 614 erit
1700 559 1879 616 decus

212 650 607 721 profe’ssidnis
634 653 690 704 et
716 648 1034 704 functionis
1067 648 1247 719 hujus
1278 651 1386 703 tum
1420 648 1724 720 proprium
1759 665 1877 720 qua

214 756 334 794 non
360 754 549 794 unum
576 742 677 794 aut
701 738 971 804 alterum,
996 732 1094 793 sed
1122 737 1581 793 innumerabiles
1605 737 1872 794 homines

213 828 395 884 exitio
428 829 831 900 grassantium
862 824 1199 884 morborum
1235 828 1580 901 quotidiano
1611 828 1872 883 ministe-

213 919 305 973 rio
368 916 728 983 subtractus,
780 918 911 972 vitm
966 934 1031 973 ac
1086 917 1442 990 reipublicae,
1505 917 1666 972 uxori
1726 916 1868 971 lihe—

212 1010 421 1080 risque
482 1012 866 1080 repraesentas
927 1006 1273 1063 incolumes.
1317 1007 1422 1062 Cui
1470 1008 1675 1061 merito
1737 1023 1866 1061 cum

209 1102 416 1155 deesse
468 1115 581 1153 non
636 1099 823 1169 possit
874 1101 1039 1152 famae
1072 1115 1136 1152 ac
1170 1094 1357 1153 laudis
1390 1102 1614 1151 {eterna}
1649 1112 1867 1168 praeco-

206 1190 404 1257 nium,
440 1188 688 1243 nimiam
723 1205 895 1243 avara
927 1188 1030 1256 sis,
1066 1188 1113 1243 si
1169 1188 1494 1242 mercedem
1528 1187 1656 1255 ejus
1689 1184 1863 1241 aliam

202 1278 590 1350 quaerendam
668 1284 858 1349 putes.
928 1276 1138 1332 Anima
1206 1294 1353 1345 mea,
1425 1291 1496 1331 ne
1562 1274 1862 1331 adhrereas

202 1366 536 1441 fugacibus,
597 1386 667 1423 ne
728 1367 969 1422 insistas
1031 1366 1400 1435 nutantibus,
1459 1383 1529 1420 ne
1591 1366 1861 1436 praeferas

200 1476 392 1529 parva
433 1458 681 1530 magnis,
720 1475 789 1512 ne
823 1456 1052 1512 modico
1102 1450 1357 1511 mstimes
1407 1456 1855 1528 pretiosissima,

195 1547 418 1603 similis
476 1546 783 1603 mercatori
818 1547 916 1618 qui
952 1546 1185 1617 plenam
1234 1534 1458 1600 habens
1512 1544 1855 1616 apothecam

190 1638 370 1693 serici
404 1637 775 1707 Damasceni,
811 1641 1217 1707 suggerentem
1271 1632 1385 1689 sibi
1431 1634 1713 1689 desidiam
1747 1652 1854 1689 au-

193 1727 343 1782 divit
378 1745 392 1782 :
430 1725 553 1782 lleu
588 1730 848 1799 quantus
878 1725 1046 1780 labor
1070 1725 1179 1780 erit
1209 1728 1433 1780 tantam
1467 1725 1639 1779 istam
1674 1724 1853 1797 panni

1988 570 2301 617 occurrens
2360 564 2664 633 inquisitio
2691 581 2836 619 verae
2884 566 3201 636 religionis,
3237 565 3305 619 de
3339 583 3454 635 qua
3487 569 3633 622 nihil

1984 651 2042 706 in
2114 650 2469 731 medicorum
2524 653 2691 709 libris
2750 653 3027 727 legeram.
3088 654 3369 708 Videbam
3430 660 3628 711 autem

1983 757 2109 795 esse
2143 741 2311 795 istam
2356 758 2555 797 curam
2611 744 2837 798 cunctis
2887 746 3340 815 prmvertendain
3378 762 3389 799 :
3428 744 3628 815 utique

1981 846 2113 885 cum
2162 831 2231 884 ad
2281 827 2621 886 felicitatem
2652 832 2709 886 in
2743 832 2854 887 alia
2885 834 3137 903 quadam
3189 832 3258 886 ab
3311 833 3417 887 hac
3467 833 3625 887 labili

1979 922 2408 990 assequendam
2435 922 2575 987 vita,
2614 922 2828 977 frustra
2854 925 3187 991 contendat,
3222 922 3333 977 nisi
3368 924 3457 977 cui
3492 940 3625 979 vera

1979 1027 2094 1064 una
2119 1009 2319 1080 religio
2344 1007 2480 1064 talis
2505 1026 2631 1064 sese
2653 1013 2757 1065 vias
2790 1013 2995 1066 ducem
3033 1012 3360 1082 prarliuerit.
3400 1012 3620 1068 intento

1975 1116 2146 1170 porro
2182 1099 2239 1153 in
2269 1098 2419 1153 hanc
2470 1098 2878 1170 cogitationem
2927 1100 3068 1155 mihi
3116 1101 3309 1155 multa)
3360 1118 3420 1155 se
3472 1103 3617 1172 obji-

1972 1189 2205 1243 ciebant
2235 1206 2360 1259 qum
2392 1186 2715 1243 humanum
2744 1206 2928 1261 genus
2960 1191 3014 1244 in
3052 1196 3244 1261 partes
3277 1190 3617 1247 innumeras

1972 1275 2303 1333 distrahunl
2342 1283 2512 1333 sectae
2542 1278 2884 1349 opinionum
2919 1281 2987 1333 de
3015 1279 3286 1334 Numinis
3333 1280 3491 1335 cultu
3527 1284 3611 1336 di-

1968 1385 2314 1437 versarum;
2368 1384 2514 1438 quas
2565 1369 2805 1423 adortus
2848 1368 3214 1423 considerare
3248 1368 3612 1438 singillatim,

1969 1456 2052 1512 sic
2084 1457 2443 1528 reperiebam
2470 1474 2481 1512 ε
2507 1458 2655 1512 trahi
2682 1476 2745 1512 ac
2770 1459 2952 1513 teneri
2973 1456 3279 1529 plerosque
3311 1457 3613 1513 hominum

1964 1547 2022 1601 in
2082 1546 2359 1618 religione
2418 1565 2592 1617 quam
2654 1553 2974 1615 sectantur,
3009 1547 3219 1619 partim
3276 1548 3618 1602 auctoritate

1964 1636 2321 1691 tradentium
2401 1640 2732 1707 parentum,
2793 1640 2849 1691 et
2918 1630 3123 1691 inolita
3195 1637 3617 1692 consuetudine

1965 1727 2137 1796 longo
2170 1723 2537 1780 educationis
2570 1742 2713 1793 usu;
2750 1725 2962 1795 partim
2999 1716 3254 1778 utilitate
3274 1742 3340 1778 ac
3364 1729 3615 1795 quaestu,

195 1816 417 1873 molem
452 1806 789 1871 minutatim
825 1833 925 1888 per
952 1813 1133 1870 libras
1163 1813 1445 1887 uiuasque
1479 1814 1801 1869 distrahere
1834 1812 1847 1867 l
1884 1837 1930 1900 Β
1962 1812 2439 1886 provenientibus
2482 1830 2547 1867 ex
2600 1812 2710 1868 ritu
2763 1811 3107 1884 praevalente
3166 1812 3391 1867 illectos
3452 1831 3613 1868 com-

191 1921 452 1977 moxque
485 1907 634 1960 citra
668 1905 894 1978 pondus
926 1922 992 1960 ac
1024 1910 1361 1959 mensuram
1395 1902 1666 1958 licitatori
1700 1919 1853 1958 mas-

190 2011 324 2050 sam
360 1996 547 2050 totam
580 1988 865 2050 vilissimo
915 1993 1138 2049 addixit
1183 1993 1402 2064 pretio;
1453 1992 1670 2048 stultus
1717 1991 1852 2048 inde

179 2085 519 2155 judicatus.
538 2078 669 2139 Haec
687 2082 827 2138 mihi.
843 2080 1152 2139 disserenti
1175 2078 1326 2154 apud
1355 2081 1611 2137 animam
1638 2098 1849 2168 meam,

187 2191 304 2229 non
345 2172 570 2229 habens
603 2171 704 2228 illa
736 2171 891 2244 quod
923 2171 1323 2228 verisimiliter
1344 2176 1685 2244 opponeret,
1721 2190 1846 2228 ces-

184 2264 264 2317 sit
292 2264 554 2331 tandem,
582 2270 981 2334 persuasaque
1011 2258 1251 2317 transiit
1274 2261 1331 2316 in
1356 2262 1706 2317 sententiam
1733 2280 1851 2317 mo-

184 2353 410 2417 nentis,
445 2352 742 2407 absistens
776 2369 807 2406 a
837 2348 1261 2422 cupiditatibus
1289 2353 1344 2406 et
1375 2351 1540 2407 vanis
1578 2352 1795 2423 Spebus
1831 2369 1843 2406 :

187 2440 460 2513 ccepique
493 2439 849 2512 tranquillus
880 2440 1086 2496 exinde
1118 2456 1285 2512 agere
1320 2457 1511 2495 meum
1546 2441 1843 2513 negotium

171 2531 434 2602 juvandi
468 2532 835 2603 languentes,
868 2529 991 2587 solo
1023 2530 1239 2585 intuitu
1271 2528 1464 2601 gloria:
1496 2533 1743 2587 mternze.

177 2666 319 2721 CAP.
377 2665 473 2719 iii.
526 2695 594 2705 ——-
644 2668 880 2737 V/Eterna
940 2668 1208 2736 quzerenti
1272 2665 1442 2720 etiam
1504 2669 1843 2737 temporaria

253 2740 572 2807 occurrunt.
634 2736 855 2794 Medica?
900 2740 1042 2791 artis
1091 2738 1330 2805 defectus
1404 2738 1767 2808 deprehensus
1809 2757 1843 2794 α

254 2814 488 2876 Persae,
523 2808 765 2876 ejusdem
793 2814 956 2864 (estus
989 2810 1044 2863 in
1076 2809 1285 2865 delectu
1316 2810 1626 2879 religionis.

258 2925 552 2980 Caeterum
613 2926 698 2981 sic
759 2942 957 2997 agens,
988 2931 1045 2981 et
1091 2930 1311 2981 arterna
1370 2942 1635 2998 quaerens
1693 2928 1838 2997 sola,

183 3032 305 3070 non
340 3018 541 3069 tamen
574 3016 945 3086 temporariis
976 3016 1172 3084 carui;
1206 3015 1345 3086 quin
1375 3014 1584 3070 horum
1609 3031 1841 3087 quoque

182 3104 450 3175 benigna
496 3103 639 3159 mihi
686 3120 813 3161 sese
861 3109 1068 3176 sponte
1117 3106 1286 3176 copia
1327 3104 1592 3173 ingessit.
1625 3105 1838 3177 Opum,

180 3194 455 3265 inquam,
490 3193 964 3260 existimationis,
994 3194 1299 3266 dignitatis
1331 3210 1360 3250 e
1391 3195 1580 3266 gratia
1629 3211 1832 3267 regum
1865 3202 1908 3270 ρ

175 3287 415 3339 tantum
462 3287 669 3339 nactus
718 3300 873 3349 sum,
903 3288 1189 3355 quantum
1227 3301 1298 3339 ne
1338 3289 1538 3355 optare
1595 3285 1833 3355 quidem

177 3390 475 3444 unquam,
499 3372 684 3427 multo
718 3374 913 3428 minus
939 3390 1195 3444 sperare,
1214 3372 1271 3427 in
1300 3377 1551 3429 mentem
1576 3380 1832 3431 venerat:

175 3466 459 3536 ultroque
493 3466 697 3531 fateor,
731 3478 857 3532 qua:
900 3463 1029 3532 ejus
1072 3462 1304 3533 generis
1336 3462 1529 3534 ampla
1562 3464 1835 3535 magniﬁ-

175 3572 395 3620 caaue,
426 3554 514 3608 vel
548 3557 683 3607 ante
712 3568 898 3607 meam
930 3551 991 3607 in
1025 3552 1247 3607 Indiam
1279 3553 1832 3624 peregrinationem,

170 3646 263 3701 vel
300 3652 431 3716 post
465 3642 718 3697 reditum
752 3642 888 3696 inde
921 3658 1055 3696 sum
1087 3642 1357 3713 adeptus,
1397 3659 1510 3696 non
1564 3648 1831 3698 votorum

172 3724 373 3791 solum
430 3744 719 3799 meorum,
755 3722 851 3787 sed
883 3729 1059 3786 etiam
1092 3732 1433 3786 meritorum
1466 3731 1705 3786 modum
1737 3746 1831 3785 ex-

170 3824 405 3879 cedere.
438 3816 582 3878 Cum
615 3825 810 3876 autem
841 3820 1031 3876 totum
1062 3806 1411 3891 adjecissem
1462 3820 1727 3875 animum
1760 3821 1832 3875 ad

173 3910 794 3984 comprehendendam
837 3910 1413 3982 pernoscendamque
1446 3909 1679 3979 penitus
1712 3925 1834 3964 me-

176 4004 377 4058 dicam
405 4005 616 4067 artem,
651 3998 799 4054 illud
847 4016 940 4055 me
988 4000 1046 4054 in
1091 4014 1159 4054 ea
1202 3999 1552 4065 offendebat,
1586 3999 1741 4069 quod
1771 3998 1832 4053 in

174 4092 459 4147 universa
486 4089 613 4160 ejus
646 4088 699 4143 vi
728 4085 954 4143 nullum
988 4088 1349 4159 reperiebam
1383 4090 1618 4143 modum
1652 4088 1832 4158 plenas

182 4199 249 4237 ac
300 4179 572 4253 perfectae
603 4178 877 4234 sanitatis
905 4178 1129 4233 homini
1161 4164 1504 4233 tribuendis.
1540 4177 1681 4231 Cum
1714 4182 1835 4232 tota

179 4273 310 4341 ejus
336 4270 395 4324 in
422 4285 489 4324 eo
512 4270 749 4323 demum
770 4266 1015 4323 facultas
1046 4271 1440 4337 expromatur,
1467 4270 1530 4321 ut
1560 4266 1833 4337 ingruen-

175 4368 294 4415 tem
344 4356 598 4430 depellat
651 4358 961 4425 morbum;
1012 4356 1272 4428 polliceri
1332 4361 1529 4412 autem
1575 4374 1641 4411 ac
1687 4375 1833 4429 prae-

178 4456 340 4505 stare
374 4464 491 4502 non
524 4451 720 4518 queat,
748 4451 810 4501 ut
832 4448 1068 4518 propria
1097 4454 1494 4517 perpetuaque
1525 4451 1725 4501 curato
1757 4448 1834 4501 sit

177 4541 418 4609 recepta
442 4535 735 4617 valetudo,
766 4553 836 4591 ne
878 4552 1006 4590 eam
1060 4552 1319 4605 unquam
1375 4536 1701 4607 languoris,
1734 4540 1834 4590 aut
1866 4573 1906 4635 Ι)

176 4616 490 4684 redeuntis
542 4630 856 4697 postquam
912 4625 1156 4693 abierat,
1212 4629 1312 4680 aut
1363 4626 1432 4680 de
1492 4642 1637 4680 novo
1692 4625 1830 4680 sub-

176 4718 431 4775 orientis
473 4716 744 4771 incursus
774 4714 1101 4771 labefactet.
1138 4715 1200 4770 In
1234 4732 1348 4787 quo
1380 4714 1523 4769 mihi
1555 4714 1831 4773 difﬁdens

175 4798 403 4864 frustra
432 4805 749 4877 exploravi,
774 4804 943 4877 ecqui
977 4804 1074 4860 alii
1109 4806 1467 4876 professores
1511 4805 1639 4874 ejus
1690 4806 1831 4862 artis

174 4914 272 4953 me
302 4895 593 4951 feliciores
624 4899 860 4951 essent:
886 4896 986 4950 sed
1024 4894 1318 4949 neminem
1351 4910 1605 4965 usquam
1637 4895 1831 4951 inveni

172 4987 280 5059 qui
314 4985 455 5058 plus
486 5000 664 5056 quam
693 4984 833 5052 dixi,
863 4988 1077 5056 posset.
1111 4984 1173 5038 Id
1217 4983 1395 5054 quod,
1424 4998 1495 5038 ne
1548 4983 1830 5039 dissimu-

168 5075 293 5131 lem
346 5090 549 5130 verum
610 5073 789 5128 animi
844 5090 1109 5139 sensum,
1159 5072 1413 5128 multum
1472 5072 1833 5143 refrigeravit

166 5167 489 5221 incensum
520 5180 717 5218 meum
744 5164 1008 5218 studium
1042 5163 1100 5217 in
1134 5162 1311 5218 istam
1338 5160 1665 5229 scientiam,
1687 5162 1830 5218 adeo

168 5252 636 5310 insufﬁcientem
716 5252 1163 5323 deprehensam.
1244 5250 1581 5321 Intelligens
1658 5267 1829 5322 porro

168 5346 335 5411 inde,
387 5359 585 5397 veram
646 5341 904 5397 hominis
951 5340 1203 5397 salutem
1258 5358 1322 5395 ac
1376 5340 1711 5395 felicitatem
1768 5341 1827 5395 in

168 5443 531 5491 eeternarum
593 5432 788 5505 potius
831 5437 889 5487 et
938 5449 1171 5503 semper
1229 5431 1612 5495 manentium,
1653 5447 1827 5502 quam

166 5512 391 5582 harum
450 5525 808 5579 caducarum
868 5539 993 5593 quae
1052 5522 1221 5577 nobis
1277 5523 1427 5576 inter
1487 5537 1695 5575 manus
1744 5522 1827 5575 ef-

172 5622 396 5681 ﬂuunt,
420 5615 732 5687 adeptione
766 5630 958 5668 rerum
991 5614 1165 5668 sitam
1198 5630 1346 5683 esse,
1382 5617 1546 5667 tanto
1598 5611 1827 5682 impen-

174 5709 307 5765 sius
335 5705 578 5760 incubui
613 5711 670 5763 in
703 5702 1126 5762 abdicationem
1162 5703 1454 5758 {luxorum
1518 5702 1826 5758 bonorum.

1960 1904 2191 1971 modis;
2247 1904 2459 1974 partim
2503 1918 2649 1957 Vano
2704 1900 3013 1973 splendore
3072 1902 3313 1956 terrenae
3373 1901 3607 1956 clarita-

1956 1994 2053 2064 tis,
2113 1996 2387 2063 metuque
2445 1991 2811 2047 incurrendae
2870 1991 3147 2059 infamiae,
3209 1990 3256 2044 si
3318 1990 3601 2061 preejudi—

1955 2086 2116 2138 catas
2162 2098 2404 2138 assensu
2437 2082 2593 2153 vulgi
2629 2070 2865 2151 rejicere
2895 2082 2996 2135 aut
3026 2079 3084 2134 in
3119 2078 3364 2134 dubium
3399 2097 3605 2135 vocare

1954 2173 2278 2227 sententias
2309 2169 2584 2226 audeant.
2613 2170 2753 2225 Inde
2785 2185 2991 2224 omnes
3041 2186 3141 2239 pro
3193 2184 3253 2223 se
3308 2185 3602 2239 quemque

1953 2262 2160 2330 obniti,
2244 2276 2717 2331 magnopereque
2800 2258 3072 2313 insistere
3148 2257 3207 2311 in
3288 2259 3607 2312 astruenda

1952 2368 2130 2423 quam
2182 2351 2309 2422 ipse
2339 2362 2535 2403 veram
2587 2347 2777 2414 habet,
2816 2347 3206 2419 improbanda
3266 2363 3442 2418 quam
3500 2346 3599 2401 alii

1952 2442 2283 2514 praeferunt,
2346 2437 2647 2509 religionis
2707 2443 2882 2505 secta,
2929 2439 2988 2492 in
3038 2453 3222 2508 eoque
3279 2435 3598 2491 certamine

1949 2531 2171 2603 passim
2234 2528 2571 2595 ardescunt,
2606 2528 2897 2583 mendacii
2937 2531 3113 2598 atque
3160 2526 3500 2597 imposturze
3540 2544 3601 2581 se

1950 2621 2195 2676 invicem
2254 2623 2619 2683 accusantes,
2664 2616 3045 2686 infinitasque
3104 2614 3337 2670 acribus
3388 2615 3604 2686 jurgiis

1949 2710 2266 2765 miscentes
2326 2707 2681 2780 quaestiones
2740 2706 2811 2760 de
2862 2710 3128 2759 Creatore
3184 2720 3248 2758 ac
3308 2710 3597 2769 creatura,

1948 2802 2019 2855 de
2050 2799 2337 2870 principio
2400 2812 2594 2851 rerum
2644 2812 2706 2850 ac
2759 2796 2873 2849 iine
2924 2794 3153 2858 ultimo,
3188 2791 3596 2863 similibusque

1946 2888 2314 2959 argumentis
2368 2886 2712 2957 dogmatum
2762 2883 3261 2952 gravissimorum.
3296 2882 3424 2935 Haec
3458 2900 3592 2952 ergo

1945 2978 2149 3032 videns
2183 2975 2383 3031 studui
2421 2972 2721 3028 consulere
2754 2971 3024 3042 privatim
3060 2970 3371 3040 magistros
3403 2976 3591 3025 secta-

1946 3082 2100 3133 rum,
2132 3081 2197 3119 ac
2229 3062 2575 3135 placitorum
2623 3062 3000 3115 firmamenta
3037 3075 3407 3130 cognoscere,
3460 3076 3591 3131 pro-

1947 3152 2216 3229 ponendo
2278 3152 2420 3223 ipsis
2479 3149 2900 3219 dubitationes,
2963 3165 3029 3203 ac
3097 3162 3231 3203 cum
3291 3150 3592 3219 responsis

1946 3248 2173 3311 eorum,
2198 3238 2553 3313 praejudiciis
2585 3238 2878 3309 sepositis,
2905 3238 3297 3308 comparando
3324 3256 3338 3305 ;
3370 3253 3435 3292 eo
3470 3238 3595 3293 ani-

1947 3350 2042 3389 mo
2077 3334 2139 3387 ut
2169 3330 2506 3401 ubicunque
2534 3327 2838 3383 veritatem
2890 3325 3433 3397 deprehendissem,
3466 3342 3594 3381 eam

1946 3428 2002 3481 et
2031 3419 2410 3492 amplecterer
2467 3420 2523 3473 et
2571 3416 2799 3472 sincera
2831 3416 3238 3487 intrepidaque
3270 3416 3597 3471 constantia

1944 3519 2227 3578 tenerem,
2262 3509 2473 3579 rejecta
2531 3506 2927 3579 qualicunque
2971 3505 3246 3560 falsitate.
3294 3506 3387 3561 Sic
3438 3506 3592 3560 enim

1945 3602 2090 3658 mihi
2150 3597 2481 3655 faciendum
2544 3596 2701 3664 duxi,
2764 3610 2857 3662 ne,
2918 3599 2983 3649 ut
3035 3592 3225 3660 multi,
3295 3595 3593 3649 crederem

1946 3690 2099 3762 quod
2152 3687 2489 3760 ignorabam
2527 3703 2539 3741 :
2573 3686 2673 3739 sed
2725 3683 2920 3754 potine
2976 3682 3200 3736 lumine
3259 3683 3475 3738 notitiae
3524 3700 3589 3738 ac

1942 3778 2189 3835 rationis
2248 3776 2541 3847 praeeunte
2607 3773 2667 3827 in
2734 3772 2828 3826 via
2892 3770 3043 3827 tanti
3104 3771 3383 3825 momenti
3442 3773 3587 3827 duce

1944 3870 2156 3924 uterer.
2185 3865 2326 3920 Ecce
2358 3865 2555 3919 autem
2576 3860 2635 3915 in
2662 3864 2769 3915 hoc
2801 3859 2945 3914 mihi
2979 3875 3041 3913 se
3072 3859 3271 3914 sedulo
3305 3862 3585 3926 versanti,

1942 3954 2350 4026 interroganti,
2384 3952 2649 4022 inquam,
2682 3948 3060 4018 audientique
3104 3947 3397 4003 antistites
3426 3948 3588 4019 ipsos

1942 4050 2008 4103 ac
2066 4045 2257 4116 capita
2321 4040 2639 4096 factionum
2694 4038 2848 4094 circa
2906 4036 3104 4091 divina
3150 4037 3590 4106 dissidentium,

1942 4153 2056 4192 non
2090 4133 2246 4189 aliud
2276 4129 2626 4201 investigare
2657 4127 2871 4183 certius
2916 4125 3102 4196 licuit,
3137 4140 3313 4198 quam
3364 4125 3589 4181 inﬂexi-

1942 4226 2118 4282 bilem
2152 4220 2535 4296 pertinaciam
2564 4219 2794 4290 propria
2814 4230 3185 4290 quorumque
3214 4216 3588 4272 lauiantium

1939 4332 2073 4373 cum
2122 4314 2444 4370 alienorum
2501 4308 2927 4381 superbissimo
2977 4308 3313 4377 contemptu
3347 4310 3403 4362 et
3440 4306 3585 4361 irre-

1938 4404 2183 4463 vocabili
2245 4403 2376 4458 odio
2442 4400 2835 4469 conjunctam.
2896 4395 3153 4453 Offendit
3205 4411 3273 4451 ea
3320 4412 3411 4451 me
3470 4412 3582 4461 res.

1942 4509 2299 4565 causamque
2322 4489 2569 4563 praebuit
2591 4488 2891 4543 universos
2924 4490 2993 4542 ex
3024 4502 3188 4557 aequo
3214 4486 3583 4556 reprobandi.

1947 4585 2169 4643 insedit
2199 4596 2336 4653 ergo
2367 4579 2545 4634 menti
2580 4592 2740 4643 meae,
2776 4586 2981 4631 omnes
3013 4578 3296 4646 quotquot
3326 4574 3584 4632 adissem

1941 4676 2353 4741 audissemque
2428 4667 2658 4722 libidini
2729 4668 2971 4739 propriae
3023 4664 3289 4735 obsequi,
3362 4682 3393 4720 a
3450 4682 3583 4721 vero

1942 4766 2231 4826 aberrare,
2266 4764 2470 4830 sapere
2501 4761 2671 4829 prout
2701 4754 2925 4823 volunt,
2958 4770 3063 4810 nec
3096 4753 3354 4827 regulam
3418 4756 3586 4811 adhi-

1940 4852 2076 4911 bere
2107 4848 2388 4907 rationem
2440 4845 2778 4911 voluntatis,
2823 4846 2921 4900 sed
2954 4843 3318 4899 intellectum
3351 4844 3584 4901 effectui

1944 4940 2323 5014 s‘u‘bj'ungere,
2359 4936 2504 4993 falso
2532 4934 2820 5008 judicare,
2854 4934 3211 4991 mendaciter
3239 4933 3423 5005 loqui.

1940 5050 2069 5118 Car.
2102 5062 2193 5115 IV.
2228 5088 2302 5118 -λ
2340 5048 2661 5112 Periculum
2728 5058 2925 5108 temere
2985 5050 3254 5108 credendi
3312 5052 3372 5108 in
3431 5054 3590 5108 rebus

2226 5116 2514 5197 religionis
2544 5124 2811 5198 parabole
2844 5123 3221 5179 declaratum.

2013 5248 2207 5317 Itaque
2236 5245 2319 5301 sic
2351 5243 2503 5315 apud
2535 5258 2728 5297 meum
2761 5241 3026 5295 animum
3060 5238 3399 5294 firmissime
3450 5252 3585 5289 con-

1940 5338 2125 5405 stitui,
2150 5336 2493 5409 quaerendos
2526 5332 2668 5388 mihi
2702 5331 2848 5387 alios
2875 5332 3063 5402 magis
3086 5344 3278 5398 aaquos
3310 5327 3582 5379 idoneos-

1941 5444 2054 5499 que
2084 5428 2426 5497 dogmatum
2459 5428 2724 5479 auctores
2755 5440 2769 5490 ;
2822 5437 2885 5474 ac
2938 5418 3123 5488 quoad
3162 5415 3303 5469 tales
3334 5411 3580 5482 reperis-

1939 5498 2086 5582 sem,
2112 5515 2258 5570 nulli
2293 5515 2500 5570 horum
2534 5530 2681 5585 quos
2722 5511 2975 5563 videram
3019 5502 3408 5574 acquiescere,
3442 5498 3571 5552 nul-

1937 5606 2058 5662 lum
2092 5604 2369 5677 sequi,ne
2400 5604 2543 5659 mihi
2577 5602 2938 5669 contingeret
2970 5592 3121 5664 quod
3155 5589 3384 5644 cuidam
3414 5589 3579 5645 aiunt

1938 5698 2095 5769 gravi
2128 5713 2235 5750 sua
2267 5694 2520 5765 pernicie
2552 5692 2811 5759 decepto.
2846 5684 2969 5737 Non
3019 5680 3188 5749 longa
3237 5684 3328 5733 est
3378 5680 3576 5736 fabula
