3984 6202
305 217 440 271 1239
1791 210 2001 264 APPE!

2173 248 2176 258 ι
3592 215 3734 269 1240

305 362 482 415 quam
517 343 627 404 hic,
663 346 727 396 ut
759 342 929 411 vulgo
985 343 1188 404 fertur,
1224 341 1422 396 recito.
1453 345 1564 393 Fur
1604 343 1776 392 noctu
1831 350 1941 387 non
1977 335 2027 400 Α
2060 332 2504 386 constitueram.
2558 331 2638 386 Ibi
2701 333 3162 402 pronuntiabam
3205 336 3737 394 incantamentum

307 435 684 489 incomitatus
734 431 972 503 irrepsit
1013 432 1072 484 in
1110 432 1351 484 domum
1403 429 1542 484 civis
1591 423 1872 496 opulenti.
1901 421 1955 474 ls
2064 437 2281 485 meum,
2314 421 2370 474 in
2423 420 2613 490 ipsam
2649 421 2968 476 fenestram
3003 422 3394 480 insusurrans
3430 429 3740 499 magicum

311 525 457 577 lecto
515 520 874 574 decumbens
929 519 1348 588 dormiensque
1395 523 1517 571 tum
1553 517 1718 577 forte,
1751 527 1954 582 exper-
2064 508 2174 562 hoc
2195 508 2540 563 vocabulum
2571 508 2812 574 :Semel,
2836 511 3041 572 semel;
3072 515 3412 583 repetebam
3449 521 3747 586 praeterea

314 612 507 662 rectus
531 607 601 659 ad
634 606 968 676 strepitum,
996 606 1166 661 facile
1198 605 1484 660 intellexit
1515 605 1670 658 fures
1701 601 1906 654 adesse
1940 614 1954 650 :
2066 597 2400 668 quinquies.
2435 597 2644 650 Statim
2677 614 2710 650 a
2740 597 3023 667 replicato
3071 602 3290 671 septies
3341 605 3553 672 verbo,
3589 607 3748 660 mira

315 695 632 766 cubitoque
691 712 930 749 uxorem
990 695 1300 765 impellens
1332 699 1388 749 et
1422 695 1607 764 ipsam
1666 688 1954 752 excitavit,
2065 687 2153 739 vis
2182 684 2460 740 carminis
2488 685 2499 738 l
2534 686 2874 756 praebebant
2902 703 3037 741 ecce
3067 705 3196 744 sese
3229 691 3405 746 nobis
3433 693 3742 762 equitabi-

317 785 826 854 insusurravitque
856 785 1112 838 excitata:
1158 785 1216 837 in
1269 783 1632 838 auriculam:
1664 778 1957 840 Quantum
2068 774 2331 846 lesgradii
2364 790 2618 844 superne
2680 774 2959 844 fulgis-alis
3007 777 3146 832 orbe
3196 779 3373 848 pleno
3425 780 3749 838 lauanﬂis

316 873 602 945 intelligo,
637 873 813 926 chara
843 873 1074 940 conjux,
1108 870 1488 926 circumventi
1525 867 1829 923 latrocinio
1860 882 1959 916 su-
2071 863 2280 917 invecti
2349 863 2682 917 ferebamur
2748 863 2905 917 intra
2969 865 3144 929 aedes,
3199 867 3430 922 nemini
3495 886 3750 940 prorsus

319 980 474 1028 mus,
505 978 609 1016 nec
640 960 837 1028 procul
873 980 903 1013 ει
931 959 1282 1024 calamitate,
1318 959 1430 1012 nisi
1463 957 1686 1011 malum
1721 969 1960 1025 praever-
2071 952 2233 1006 intus
2260 951 2600 1022 degentium
2634 951 2940 1022 conspicui
2971 959 3074 1008 aut
3103 954 3517 1012 observabiles
3571 959 3748 1029 signo

317 1055 501 1106 timus
524 1050 760 1105 astutia.
793 1049 878 1103 Tu
911 1065 1046 1103 vero
1077 1049 1162 1103 fac
1196 1049 1349 1119 quod
1375 1047 1574 1117 jubeo.
1610 1043 1866 1100 Inclama
1897 1059 1964 1096 ea
2074 1056 2321 1096 sensuve
2349 1039 2515 1110 (ullo.
2549 1041 2698 1096 Tum
2755 1040 2970 1096 iterum
3026 1059 3133 1114 ego
3189 1043 3744 1102 immurmurabam

320 1140 477 1195 vocis
504 1137 876 1194 contentione
928 1155 1102 1208 quam
1145 1135 1395 1190 videaris
1445 1138 1649 1206 putare
1697 1147 1960 1185 necessa-
2075 1145 2310 1184 carmen
2340 1145 2570 1197 meum;
2619 1146 2735 1200 quo
2785 1131 2941 1185 dicto
2988 1132 3272 1203 quidquid
3309 1135 3651 1205 pretiosum
3683 1138 3748 1193 in

324 1231 470 1285 riam
505 1229 574 1283 ad
609 1227 1022 1283 excutiendum
1074 1225 1219 1279 mihi
1269 1240 1539 1294 soporem
1587 1221 1877 1286 altiorem,
1911 1222 1966 1273 et
2075 1217 2179 1272 illa
2208 1221 2333 1272 erat
2363 1218 2536 1272 domo
2558 1233 2588 1271 e
2619 1217 2862 1273 latebris
2894 1233 3210 1292 erumpens
3242 1223 3374 1278 suis
3403 1224 3759 1281 conﬂuebat

327 1320 418 1374 dic
453 1323 650 1387 :Rogo
683 1323 760 1385 te,
794 1314 874 1369 mi
906 1315 1014 1380 vir,
1048 1316 1198 1368 unde
1250 1319 1351 1367 aut
1397 1311 1690 1375 quomodo
1751 1309 1967 1379 parasti
2077 1311 2285 1378 sponte
2311 1306 2382 1362 ad
2411 1323 2522 1361 me.
2557 1306 2860 1377 Eligebam
2895 1323 3023 1378 qua:
3053 1308 3384 1380 placebant,
3421 1316 3760 1384 portanda-

328 1408 558 1463 divitias
587 1405 764 1459 hasce
805 1407 924 1458 tam
958 1401 1174 1456 multas
1205 1401 1422 1472 quibus
1454 1397 1920 1453 circumfluimus
1942 1395 1970 1450 ‘I

329 1498 408 1550 Ac
441 1493 583 1548 mihi
616 1493 784 1564 quasi
818 1492 1078 1546 nondum
1114 1486 1727 1558 sentienti,ingemina
1757 1486 1969 1540 iterum

333 1585 558 1651 eadem,
591 1599 656 1636 ac
692 1581 878 1646 tertio,
911 1596 1046 1634 voce
1078 1594 1311 1649 semper
1340 1577 1671 1632 contentius
1720 1574 1971 1630 sublata.

2080 1413 2193 1467 que
2213 1396 2426 1450 dabam
2451 1396 2646 1451 sociis.
2663 1395 2794 1450 Mox
2816 1413 3026 1452 rursus
3058 1400 3466 1457 incantatione
3501 1405 3763 1475 repetita

2081 1485 2571 1540 inscendebamus
2603 1485 2800 1540 radios
2838 1485 3014 1554 lunai,
3043 1487 3616 1560 famulantibusque
3647 1493 3769 1548 illis

2084 1590 2186 1646 per
2215 1573 2448 1628 easdem
2483 1573 2769 1628 fenestras
2801 1574 3334 1644 evolabamus,nos
3367 1582 3767 1652 praedamque

333 1673 493 1730 Fecit,
567 1668 854 1740 extemplo
913 1667 1126 1722 mulier
1181 1667 1335 1738 quod
1391 1666 1484 1720 vir
1537 1664 1924 1736 imperaverat
1957 1679 1969 1716 :
2008 1684 2052 1748 Β
2082 1663 2140 1717 in
2175 1667 2367 1716 tutum
2403 1661 2770 1732 recipientes.
2806 1662 2936 1717 Haec
2983 1664 3140 1720 fures
3171 1666 3491 1722 audientes
3522 1670 3590 1723 in
3627 1670 3767 1724 sinu

333 1770 796 1837 mussaruntque
852 1765 1050 1820 statim
1111 1765 1289 1828 fures,
1321 1767 1378 1818 et
1426 1779 1497 1818 ne
1546 1761 1830 1817 indicium
1883 1761 1974 1815 sui

327 1860 450 1930 jam
505 1854 887 1926 vigilantibus
918 1853 1260 1924 praeberent,
1295 1851 1626 1906 immobiles
1661 1850 1977 1918 haeserunt,

333 1945 672 2002 curiositate
702 1947 978 2014 praeterea
1010 1941 1400 2013 cognoscendi
1442 1939 1580 2011 quid
1614 1939 1704 1996 vir
1733 1956 1978 2010 respon-

335 2051 512 2090 surus
538 2038 712 2098 esset,
746 2032 818 2086 ad
872 2030 1163 2086 silendum
1223 2028 1801 2098 auscultandumque
1831 2027 1978 2080 invi-

335 2128 514 2179 tante.
539 2123 690 2176 Tum
735 2119 893 2175 velut
923 2136 1073 2191 aegre
1103 2119 1340 2173 tandem
1374 2117 1604 2172 solutus
1636 2132 1843 2171 somno
1873 2116 1982 2180 vir,

339 2213 577 2267 auditus
625 2213 715 2266 est
761 2209 951 2263 dicere
987 2225 999 2262 :
1035 2207 1201 2264 Nacti
1252 2224 1484 2276 sumus,
1516 2223 1548 2264 ο
1591 2221 1755 2271 uxor,
1788 2205 1984 2259 divino

343 2298 622 2356 beneficio
654 2297 852 2368 copias
879 2313 1135 2367 opesque
1167 2295 1360 2350 omnis
1387 2294 1618 2366 generis
1652 2293 1935 2366 plurimas
1971 2309 1982 2346 :

345 2401 534 2452 fruere
580 2395 674 2450 his
703 2394 988 2449 vescendo
1032 2393 1420 2463 bibendoque,
1455 2408 1521 2446 ac
1566 2390 1756 2446 laetam
1807 2391 1986 2445 vitam

348 2486 593 2556 agendo,
626 2499 730 2538 nec
775 2482 1005 2537 curiose
1053 2486 1395 2552 percontare
1449 2481 1604 2535 unde
1653 2479 1768 2534 ista
1814 2495 1990 2549 para-

350 2575 458 2628 rim
487 2594 500 2641 ;
557 2573 712 2642 quod
746 2570 1003 2624 indicare
1033 2570 1134 2624 tibi
1169 2585 1412 2638 nequeo,
1447 2573 1603 2624 metu
1656 2584 1727 2622 ne
1777 2566 1991 2638 aliquis

349 2661 622 2718 exaudiat
688 2659 877 2730 (aiunt
931 2658 1086 2712 enim
1145 2661 1198 2712 et
1253 2674 1457 2712 muros
1513 2661 1734 2712 auritos
1791 2656 1989 2725 esse):

348 2777 626 2817 arcanum
659 2763 854 2812 autem
890 2759 998 2812 hoc
1028 2757 1174 2812 tanti
1208 2756 1489 2811 momenti
1529 2760 1638 2821 est,
1674 2760 1737 2809 ut
1766 2772 1834 2810 ex
1864 2756 1992 2824 ejus

347 2851 713 2922 evulgatione
747 2847 950 2902 ultima
980 2845 1156 2918 capiti
1193 2844 1559 2916 fortunisque
1593 2844 1812 2900 nostris
1864 2860 1994 2915 per-

349 2939 530 2995 nicies
567 2937 924 3008 impendeat.
951 2940 1168 3006 Apage,
1196 2934 1275 2989 mi
1304 2935 1396 2988 vir
1425 2933 1658 3006 (mulier
1688 2933 1992 3005 reposuit),

353 3028 821 3098 intempestivam
881 3026 1032 3080 hanc
1087 3023 1509 3078 formidinem:
1547 3039 1657 3078 nox
1715 3021 1996 3078 concubia
2029 3039 2072 3104 ρ

354 3123 464 3186 est,
511 3116 711 3172 clausa
767 3115 1000 3183 domus,
1052 3130 1158 3168 nos
1211 3112 1305 3167 hic
1363 3112 1472 3167 soli
1510 3128 1732 3187 :ﬂquem
1793 3112 2000 3166 adesse

357 3222 531 3278 posse
552 3204 656 3258 tibi
680 3204 853 3272 ﬁngis
875 3203 975 3273 qui
999 3202 1151 3272 quod
1174 3201 1434 3272 loqueris
1464 3201 1711 3256 audiat?
1745 3202 2004 3271 Respon-

360 3291 1124 3363 ditvieruandoquidem
1177 3308 1270 3346 me
1329 3293 1511 3362 cogis,
1565 3291 1823 3362 aperiam
1883 3307 2005 3345 rem

365 3389 588 3448 totam;
634 3380 733 3434 sed
765 3379 894 3434 vide
928 3395 1030 3448 pro
1079 3395 1143 3432 eo
1192 3383 1475 3448 quantum
1532 3379 1696 3434 salus
1746 3378 1854 3432 tibi
1911 3382 2008 3433 tua

363 3485 607 3540 meaque
662 3467 822 3522 cordi
861 3471 970 3534 est,
1000 3481 1070 3521 ne
1123 3483 1382 3536 unquam
1439 3466 1717 3538 cuiquam
1771 3466 2008 3538 prodas,

359 3577 475 3616 non
529 3555 808 3628 cognatis,
842 3572 956 3611 non
1004 3555 1304 3610 fratribus.
1338 3559 1484 3610 Nam
1518 3555 1646 3610 dico
1680 3555 1786 3610 tibi
1818 3555 2008 3611 edico-

360 3665 473 3720 que
503 3648 738 3712 iterum,
767 3644 816 3700 si
850 3662 884 3699 a
915 3660 1214 3716 quoquam
1249 3643 1554 3714 resciatur,
1579 3661 1784 3700 omnes
1815 3643 2014 3698 omnia

360 3738 696 3810 perdemus,
765 3749 1058 3805 superque
1132 3732 1244 3804 ipsi
1319 3733 1597 3788 continuo
1668 3733 2009 3804 peribimus.

359 3837 493 3892 Haec
542 3831 817 3888 videlicet
865 3831 1115 3900 (fatebor
1143 3830 1300 3886 enim
1335 3831 1430 3886 hic
1460 3831 1592 3901 tibi)
1623 3831 1776 3886 furto
1824 3830 2014 3885 lucra-

361 3932 456 3981 tus
491 3923 764 3978 universa
811 3937 970 3989 sum,
1003 3920 1150 3975 nihil
1205 3938 1316 3976 non
1371 3921 1517 3976 mihi
1577 3924 1914 3988 congestum
1949 3937 2016 3976 ex

362 4014 590 4085 rapina.
636 4009 911 4065 Perculsa
959 4007 1114 4063 dicto
1168 4007 1425 4064 mulier:
1461 4009 1625 4077 Mira,
1675 4009 1887 4080 inquit,
1936 4008 2015 4063 mi

365 4105 472 4166 vir,
505 4117 712 4156 narras
752 4125 766 4166 ;
818 4114 955 4152 nam
1007 4103 1066 4152 et
1109 4102 1230 4153 tam
1291 4098 1478 4153 multa
1527 4098 1584 4152 in
1648 4098 2018 4169 possessione

368 4196 572 4245 nostra
601 4193 761 4258 sunt,
793 4204 924 4259 quae
954 4187 1371 4241 difficillimum
1405 4187 1483 4241 sit
1514 4187 1739 4241 creditu
1791 4187 2018 4241 corradi

371 4281 827 4349 eongregarique
891 4277 1140 4330 furendo
1200 4277 1510 4346 potuisse;
1559 4280 1615 4330 et
1669 4280 1773 4330 tua
1831 4276 2018 4346 ipsius

372 4370 522 4422 hanc
580 4366 912 4436 opinionem
974 4365 1188 4419 refutat
1241 4366 1396 4419 fama
1430 4381 1444 4420 :
1478 4365 1565 4418 vir
1613 4364 1767 4418 enim
1830 4365 2017 4419 bonus

372 4546 666 4617 magicum
706 4544 945 4597 adhibui
998 4543 1270 4597 efficacim
1325 4543 1607 4610 mirifica},
1641 4544 1814 4612 cujus
1845 4545 1893 4596 vi
1925 4562 2018 4598 ar-

372 4652 517 4690 cana
546 4634 626 4688 ita
655 4633 898 4701 juvabar
937 4633 994 4686 in
1046 4633 1316 4699 furandi),
1346 4637 1409 4686 ut
1465 4647 1834 4704 quaecunque
1890 4649 2024 4687 con-

373 4725 669 4794 cupieram
718 4722 1029 4791 quantovis
1080 4737 1348 4786 numero,
1391 4721 1688 4792 quantivis
1737 4720 1906 4792 pretii
1959 4739 2025 4776 ac

379 4813 544 4868 molis
602 4814 818 4875 essent,
889 4809 1244 4863 attraherem
1303 4826 1797 4881 congereremque
1871 4810 2026 4864 unde

378 4921 444 4959 ac
475 4919 590 4972 quo
621 4899 887 4960 volebam
923 4914 937 4954 :
969 4898 1244 4968 idemque
1277 4903 1497 4965 tamen,
1533 4899 1870 4970 suspicione
1902 4915 2028 4969 pro-

379 4991 471 5049 cul
495 4989 678 5058 omni,
702 4987 1158 5043 existimationis
1189 4989 1342 5058 apud
1366 5005 1572 5043 omnes
1596 5005 1771 5060 quam
1797 4988 2030 5059 optimae.

377 5079 811 5154 possessionem
838 5075 1252 5131 inconcussam
1273 5082 1488 5132 tuerer.
1511 5075 1701 5148 Papae!
1722 5076 2032 5146 (exclamat

377 5172 473 5228 hic
530 5167 760 5239 mulier)
819 5165 1112 5238 stupenda
1167 5181 1484 5232 memoras,
1518 5169 1583 5220 ut
1640 5165 1790 5220 scire
1846 5166 2031 5237 gestio

380 5279 492 5332 quo
543 5260 600 5314 id
654 5262 846 5312 actum
911 5255 1085 5310 modo
1117 5253 1194 5308 sit
1223 5254 1235 5307 Ι
1270 5254 1338 5308 Et
1364 5253 1462 5308 ille
1494 5270 1506 5309 :
1545 5253 1678 5321 Pax,
1713 5253 1926 5322 inquit,
1957 5255 2034 5308 sit

381 5356 558 5409 rebus
592 5367 605 5405 :
640 5349 687 5405 si
723 5347 998 5419 quiescis,
1033 5349 1222 5400 totum
1285 5342 1509 5398 audies.
1566 5343 1870 5398 Prodibam
1912 5343 2032 5416 ple-

385 5444 466 5498 nil
500 5442 638 5496 unio
672 5457 774 5509 per
813 5441 1041 5491 noctem
1078 5452 1091 5500 ;
1145 5439 1311 5488 erant
1343 5450 1459 5487 una
1493 5451 1717 5489 mecum
1767 5435 2032 5503 comites,

385 5529 846 5586 escendebamus
881 5526 941 5578 in
974 5524 1258 5578 fenestras
1291 5522 1503 5576 mdium
1538 5539 1686 5595 quas
1715 5522 2034 5594 depraedari

2083 1751 2437 1824 gaudebant,
2470 1750 2818 1822 aiebantque
2873 1753 3237 1824 gratulantes
3292 1760 3534 1825 mutuo,
3581 1758 3771 1814 Bonis

2085 1843 2290 1899 avibus
2321 1842 2436 1896 huc
2462 1841 2772 1910 venimus;
2821 1843 3002 1900 nullis
3053 1862 3317 1917 unquam
3353 1847 3604 1904 furibus
3641 1855 3766 1906 tam

2087 1931 2392 2006 propitiam
2440 1931 2697 1986 Laverna
2755 1948 2819 1987 se
2872 1934 3142 2003 praebuit.
3190 1935 3275 1990 En
3335 1939 3442 1993 ubi
3506 1939 3770 1995 minime

2087 2022 2440 2094 putabamus
2459 2023 2641 2075 artem
2667 2020 2988 2076 didicimus
3005 2028 3234 2080 montes
3254 2041 3471 2082 aureos
3488 2030 3773 2098 parandi,

2087 2110 2401 2166 securitate
2440 2110 2514 2164 ab
2564 2109 2725 2164 omni
2778 2115 2933 2164 metu
2985 2129 3240 2169 summa.
3274 2115 3427 2180 Quin
3455 2117 3592 2186 jam
3629 2117 3773 2173 hinc

2088 2199 2344 2254 indicato
2401 2197 2748 2268 compendio
2807 2198 3054 2268 utimur,
3084 2205 3141 2254 et
3170 2203 3356 2257 armis
3413 2203 3586 2260 hunc
3642 2207 3772 2261 suis

2092 2287 2348 2360 petimus
2367 2286 2394 2340 ?
2422 2285 2638 2340 Omnes
2664 2294 3082 2344 assenserunt:
3114 2297 3586 2365 exspectatoque
3621 2296 3768 2350 dum

2090 2377 2178 2432 vir
2210 2375 2536 2446 mulierque
2568 2374 2776 2430 iterum
2804 2376 3330 2447 obdormiscerent,
3364 2381 3466 2436 ubi
3529 2384 3774 2454 sopitos

2093 2468 2396 2538 putarunt,
2420 2479 2768 2534 progressus
2790 2465 2987 2520 furum
3019 2467 3295 2539 princeps
3326 2471 3397 2524 ad
3432 2470 3770 2528 fenestram

2096 2571 2199 2627 per
2246 2569 2421 2625 quam
2479 2552 2632 2607 luna
2692 2553 2896 2608 radius
2944 2555 3206 2622 subibat,
3233 2559 3460 2629 septies
3520 2561 3783 2631 protulit

2096 2643 2366 2698 auditum
2397 2641 2906 2698 incantamentum
2942 2659 2956 2698 :
2991 2643 3191 2713 Semel,
3241 2649 3430 2716 semel,
3467 2653 3616 2716 etc.,
3647 2657 3776 2706 tum

2095 2732 2320 2802 impetu
2383 2728 2650 2785 insiliens
2708 2731 2879 2801 quasi
2928 2733 3000 2786 ad
3054 2733 3512 2804 inequitandum
3569 2737 3776 2794 lunari

2099 2820 2283 2889 radio,
2312 2819 2369 2873 in
2401 2823 2577 2890 caput
2607 2820 2886 2890 concidit,
2914 2822 3110 2876 sonitu
3159 2839 3369 2894 magno
3396 2843 3409 2892 ;
3459 2827 3534 2880 ad
3590 2845 3776 2900 quem

2099 2925 2416 2980 erumpens
2463 2908 2615 2962 fuste
2657 2913 2924 2980 correpto
2985 2912 3431 2980 paterfamilias,
3480 2916 3783 2973 afﬂictum

2106 2997 2297 3053 valide
2329 2995 2600 3067 pulsavit,
2634 2986 3008 3068 ingeminans
3039 2999 3111 3052 ad
3143 2999 3302 3055 ictus
3329 3000 3611 3073 singulos
3650 3021 3666 3058 1
3697 3006 3780 3060 Tu

2111 3087 2246 3159 quis
2275 3086 2384 3141 es?
2428 3087 2494 3140 At
2525 3083 2621 3140 ille
2656 3103 2669 3140 :
2703 3087 2897 3155 Cessa,
2931 3086 3146 3157 inquit,
3179 3093 3238 3144 et
3266 3089 3463 3146 dicam
3513 3108 3530 3146 :
3586 3093 3784 3149 Stulte

2113 3174 2386 3231 credulus
2411 3173 2557 3228 mibi
2589 3189 2803 3229 nomen
2837 3179 2947 3230 est.
2981 3176 3140 3232 Idem
3168 3193 3275 3249 ego
3317 3193 3392 3233 ne
3436 3180 3587 3235 mihi
3643 3199 3784 3237 con-

2114 3265 2365 3336 tingeret
2387 3264 2644 3333 verebar,
2669 3263 2718 3317 si
2749 3265 2983 3320 somnia
3013 3267 3398 3324 narrantibus
3429 3286 3545 3325 sua
3577 3272 3786 3327 multi-

2116 3353 2392 3408 formium
2445 3351 2934 3423 superstitionum
2970 3355 3341 3425 praeconibus
3374 3357 3528 3412 citra
3558 3360 3782 3432 pignus

2114 3443 2389 3497 idoneum
2422 3441 2596 3496 ﬁdem
2627 3440 2982 3499 addicerem.

2117 3586 2246 3640 CAP.
2279 3583 2447 3657 V._—-
2482 3584 2706 3657 Persae:
2736 3582 3067 3655 religionem
3088 3602 3123 3639 a
3148 3588 3482 3657 parentibus
3514 3592 3785 3647 traditam

2190 3655 2463 3727 reprobat.
2496 3653 2880 3727 Bene/iocatus
2927 3653 3235 3713 vacandum
3281 3661 3506 3716 statuit.
3554 3668 3784 3718 Pertur-

2191 3725 2432 3800 bdliones
2459 3725 2861 3800 vehementiam
2889 3728 3180 3798 aﬁeduum
3220 3747 3391 3800 quam
3431 3733 3556 3787 sint
3598 3739 3789 3791 ncith

2182 3799 2460 3866 parabole
2487 3797 2843 3853 demonstrat.

2195 3923 2437 3978 Interim
2469 3921 2529 3977 in
2562 3921 2669 3976 hac
2707 3939 2836 3978 mea
2859 3924 3018 3979 varia
3037 3929 3097 3980 et
3113 3926 3787 3998 anxiainquisitionedc

2123 4012 2324 4080 sectis,
2357 4011 2501 4066 illud
2559 4013 2855 4082 tenebam,
2918 4030 2990 4068 ne
3033 4014 3088 4068 in
3141 4014 3371 4072 scelera
3419 4017 3785 4074 incurrerem

2124 4116 2330 4171 meque
2369 4117 2582 4170 purum
2612 4101 2686 4155 ab
2717 4101 2878 4156 omni
2928 4103 3252 4158 offensione
3303 4121 3630 4173 servarem,
3665 4125 3786 4176 quae

2125 4188 2442 4261 perniciem
2489 4194 2686 4260 posset
2717 4190 2939 4246 afferre.
2974 4190 3226 4263 Pergens
3279 4199 3482 4250 autem
3540 4197 3788 4251 interm-

2126 4295 2264 4349 gare
2314 4277 2468 4343 illos,
2499 4279 2600 4346 qui
2650 4279 2905 4334 consulti
2952 4281 3245 4352 peritique
3299 4284 3678 4354 putabantur
3723 4288 3787 4341 de

2050 4408 2094 4470 D
2127 4367 2500 4436 dngmatibus
2533 4384 2661 4436 qua}
2695 4383 2796 4437 pro
2827 4368 3178 4424 indubitatis
3208 4373 3785 4438 venditabant,sata-

369 4457 543 4528 vulgo
598 4454 974 4509 existimaris.
1027 4453 1269 4525 Nempe,
1314 4454 1396 4508 ait
1454 4453 1727 4518 maritus,
1785 4471 2016 4509 carmen
2055 4453 2078 4470 "

2131 4456 2336 4526 gebam
2359 4457 2754 4526 proponendis
2769 4458 3133 4526 argumentis
3151 4459 3207 4512 in
3231 4462 3606 4517 contrarium
3625 4466 3786 4530 meis,

2133 4543 2547 4614 rcsponsisque
2579 4543 2837 4614 ipsorum
2871 4542 3195 4613 eliciendis,
3229 4547 3581 4604 satisfacere
3599 4551 3788 4604 animo

2134 4649 2285 4699 meo,
2318 4631 2871 4702 deprehendereque
2919 4631 2968 4687 si
3015 4649 3131 4703 qua
3182 4651 3418 4704 possem
3464 4639 3790 4705 veritatem,

2135 4726 2332 4776 certus
2353 4722 2402 4774 ei
2423 4719 2599 4774 semel
2633 4720 2880 4775 inventae
2916 4722 3212 4778 mordicus
3242 4723 3487 4781 haerere.
3510 4728 3626 4782 Sed
3661 4745 3788 4784 cum

2135 4828 2204 4866 ea
2235 4827 2361 4880 qua:
2391 4809 2866 4880 superciliosifilli
2903 4810 3170 4883 magistri
3206 4816 3578 4884 reponebam.
3623 4834 3792 4888 argu-

2139 4898 2620 4965 mentationibus,
2679 4899 2798 4952 veri
2867 4899 3201 4955 charactem
3253 4918 3372 4956 non
3432 4907 3794 4975 praeferrent,

2139 5006 2244 5044 nec
2276 4987 2516 5042 omnino
2547 4987 2874 5058 quidquam
2924 4991 3303 5045 ostenderent
3333 4994 3485 5048 satis
3518 4994 3793 5061 solidum,

2141 5082 2205 5132 ut
2236 5077 2284 5131 ei
2319 5092 2522 5130 secure
2570 5092 2804 5147 possem
2851 5075 3046 5145 inniti,
3077 5080 3405 5136 aestuabam
3444 5086 3512 5137 ut
3546 5083 3714 5156 prius
3751 5090 3797 5138 et

2141 5167 2401 5221 incertus
2447 5164 2751 5219 sententiae
2803 5165 3148 5234 pendebam.
3205 5169 3400 5233 Quare
3442 5171 3612 5227 velut
3657 5174 3796 5227 fessa

2142 5254 2685 5327 peregrinationum
2734 5254 2935 5308 anima
2966 5271 3099 5309 mea
3126 5272 3194 5311 eo
3226 5237 3588 5324 inclinabat,
3622 5269 3688 5316 ut
3713 5278 3795 5315 ac-

2144 5342 2562 5414 quiescendum
2584 5341 2694 5396 sibi
2711 5343 3112 5412 putaretdomi
3131 5359 3144 5399 :
3160 5348 3507 5403 tenendum.
3535 5349 3792 5422 inquam.

2143 5433 2202 5486 in
2236 5431 2467 5503 negotio
2499 5429 2799 5502 religionis
2831 5431 3089 5499 duceret,
3115 5434 3404 5504 quidquid
3441 5438 3687 5493 demum
3713 5456 3796 5510 pa-

2147 5527 2360 5588 rentes,
2383 5525 2440 5574 et
2468 5519 2736 5591 exemplo
2769 5521 3155 5592 praeivissent,
3187 5528 3244 5576 et
3267 5527 3450 5580 verbo
3503 5529 3793 5583 docerent.
