4002 6202
319 263 450 318 1241

1309 264 1679 335 ξΘΡΕΟῙΜΕΝ
1716 264 2114 317 SA‘PIENTIE
2151 265 2484 318 INDORUM
2522 266 2681 316 VET.

3584 260 3721 314 1242

316 388 423 439 Sed
464 388 666 440 retorsi
702 406 806 457 ego
840 405 961 442 eam
1002 388 1073 442 ab
1104 387 1216 441 isto
1271 389 1601 457 proposito;
1650 386 1967 455 monuique
2000 392 2045 451 Α
2082 394 2413 457 correptum
2451 388 2727 441 miserum
2764 384 3022 440 convicio
3054 384 3235 438 trahit
3264 383 3722 454 adjudicem,ex

318 476 492 545 longe
524 491 652 530 esse
686 476 897 530 melius
931 477 986 531 in
1023 476 1202 547 priori
1230 475 1523 547 quaerendi
1548 474 1793 529 consilio
1842 491 1966 545 per-

314 570 493 619 stare.
533 566 828 620 Infirmam
865 567 1021 620 enim
1072 566 1504 620 excusationem
1557 563 1773 618 erranti
1827 564 1968 629 fore,

310 654 699 708 domesticam
735 654 1060 709 doctrinam
1098 655 1195 709 ubi
1231 655 1375 709 forte
1410 653 1599 725 ipsius
1620 655 1858 708 ductum
1879 669 1966 707 se-

312 747 491 798 cutus
525 744 582 796 in
616 742 859 797 exitium
908 744 1211 800 corruerit.
1263 743 1403 797 Nam
1456 742 1584 810 quis
1634 746 1967 811 compertus

318 832 685 897 magicarum
722 833 961 897 artium,
1000 831 1559 903 impunejudicium
1606 830 1788 884 evasit
1829 829 1966 883 alle-

314 921 509 992 gando
546 919 728 975 fuisse
761 922 870 975 sibi
905 938 1001 975 eas
1036 938 1068 975 a
1096 927 1255 991 patre
1292 937 1462 991 mago
1500 919 1794 974 traditas?
1842 918 1962 972 Non

314 1026 459 1063 sane
482 1008 669 1078 magis
701 1026 878 1081 quam
912 1010 1192 1065 ebrietate
1245 1026 1311 1064 ac
1341 1010 1581 1080 crapula
1624 1008 1967 1079 quotidiana

307 1106 713 1161 valetudinem
746 1124 1130 1179 corrumpens
1150 1113 1251 1161 aut
1280 1106 1503 1162 censori
1536 1106 1742 1160 vitium
1775 1106 1967 1175 objur-

314 1195 481 1267 ganti
508 1195 959 1264 satisfaciet,aut
983 1196 1287 1250 curabitur
1329 1213 1363 1251 a
1410 1195 1631 1250 morbis
1680 1194 1968 1264 intempe-

320 1283 516 1338 rantia
544 1289 877 1350 contractis,
904 1285 1079 1339 simul
1108 1302 1196 1348 ac,
1229 1285 1335 1339 etsi
1371 1300 1523 1352 vere,
1550 1284 1778 1347 dixerit,
1808 1298 1874 1336 ea
1904 1299 1965 1336 se

314 1374 598 1444 diciplina
628 1376 941 1430 educatum
990 1376 1044 1431 in
1082 1382 1323 1447 paterna
1352 1376 1548 1441 domo,
1580 1373 1719 1429 talia
1748 1373 1962 1441 genito-

314 1480 449 1518 rum
478 1466 742 1534 exempla
774 1465 1226 1521 recordariJstze
1261 1482 1350 1520 me
1377 1481 1562 1519 causa:
1586 1465 1967 1534 perpulerunt

310 1553 382 1607 ad
420 1554 845 1623 reprobandam
896 1559 1207 1623 parentum
1259 1570 1520 1609 meorum
1563 1553 1633 1606 de
1684 1551 1964 1621 religione

316 1643 859 1707 sententiam;unde
891 1642 1027 1697 hinc
1058 1645 1334 1715 repulsus
1365 1642 1530 1713 quasi
1562 1658 1708 1696 novo
1741 1640 1961 1713 princi-

2082 476 2203 545 lege
2237 476 2439 545 utique
2481 482 2771 531 acturum.
2832 475 2982 544 Ergo
3037 473 3305 545 equidem
3356 473 3416 526 in
3455 475 3719 528 animum

2077 565 2277 619 induxi
2312 581 2425 619 non
2460 566 2843 631 committere,
2889 570 2953 618 ut
3008 564 3446 635 perturbatione
3502 564 3718 617 mentis

2076 654 2310 725 ineptus
2340 654 2553 709 actioni
2578 655 2843 719 fiam,sed
2880 670 3080 710 sereno
3114 669 3342 724 semper
3372 652 3719 720 tranquillo-

2075 760 2190 813 que
2217 742 2325 797 sim
2360 742 2575 809 animo,
2608 742 2913 814 expedilus
2965 742 3257 796 alacritate
3318 740 3587 812 prresenti
3646 742 3714 794 ad

2074 834 2383 886 naxandan
2407 832 2576 902 aegris
2608 847 2867 902 Operam;
2894 832 3308 901 juvandosque
3340 829 3576 899 quosvis
3612 846 3718 900 ope

2076 921 2606 991 quomodocunque
2639 921 2971 990 indigentes
3004 936 3152 983 mea;
3189 936 3319 972 nam
3347 919 3401 971 in
3427 934 3718 973 commen-

2075 1010 2270 1063 danda
2300 1008 3003 1073 beneficentia,omnes,in
3038 1008 3168 1061 aliis
3202 1006 3335 1061 licet
3363 1006 3716 1061 dissentien-

2073 1103 2182 1163 tes,
2217 1115 2451 1153 summa
2483 1096 2789 1151 concordia
2823 1102 2993 1150 sectae
3018 1096 3387 1150 conveniunt.

2073 1246 2206 1299 CAP.
2241 1241 2334 1295 Vl.
2369 1270 2436 1279 —
2467 1242 2715 1303 Perzoes,
2741 1238 3008 1309 pendente
3037 1238 3217 1292 adhuc
3237 1235 3717 1309 deli/irrationale

2142 1312 2424 1379 religione
2454 1308 2780 1365 innocentia
2804 1326 2871 1364 ac
2902 1309 3238 1376 benignitati
3262 1310 3476 1362 studere
3530 1308 3710 1361 decer-

2142 1388 2249 1446 nit;
2283 1387 2398 1509 titius
2428 1383 2524 1452 qui
2552 1398 2703 1436 secus
2730 1381 2931 1451 fecerit
2964 1382 3204 1435 stultitia
3238 1395 3340 1448 per
3390 1380 3715 1449 parabolam

2144 1460 2289 1513 osten
2332 1458 2462 1509 itur.

2143 1581 2431 1638 Constitui
2450 1584 2722 1651 praeterea
2744 1595 2858 1633 non
2875 1578 3065 1633 solum
3084 1575 3467 1631 homicidium
3492 1589 3715 1636 cavere,

2074 1675 2174 1729 sed
2204 1690 2235 1725 a
2266 1669 2551 1742 pulsando
2585 1668 2948 1739 quodquam,
2981 1684 3047 1720 ac
3077 1667 3130 1720 vi
3178 1666 3383 1735 quavis
3412 1663 3717 1718 inferenda

314 1732 414 1802 pio
446 1731 502 1784 in
553 1748 834 1829 _examen_
857 1733 1433 1829 θξΡῘΟΓθίίοηέωίίυξ
1471 1730 1729 1786 sedulam
1761 1736 1964 1829 ,καθ’
1998 1747 2043 1810 Β
2076 1762 2178 1817 ulli
2211 1730 2450 1816 omnino
2484 1730 2846 1829 temperare;
2880 1756 3101 1810 decrevi
3149 1770 3379 1825 quoque
3422 1753 3717 1807 abstinere

315 1837 447 1874 rum
474 1820 733 1875 animum
766 1821 980 1876 admisi
1018 1840 1030 1878 :
1066 1838 1181 1892 quo
1205 1825 1343 1875 dum
1378 1821 1473 1875 diu
1507 1837 1705 1875 versor
1757 1820 1815 1874 in
1860 1837 1959 1874 ne-

314 1910 888 1981 gotio,animadverti
937 1928 1209 1983 magnam
1249 1929 1339 1966 me
1386 1913 1503 1981 jam
1548 1911 1675 1964 vita:
1736 1916 1959 1981 partem

309 2000 817 2067 emensum,senio
850 2006 907 2055 et
938 2001 1110 2056 morti
1146 2000 1557 2072 propinquare.
1591 1999 1708 2054 Hac
1732 2001 1965 2072 pulsata

315 2087 672 2157 cogitatione
704 2105 871 2143 mens
899 2089 958 2144 in
991 2089 1126 2143 finis
1156 2090 1250 2159 qui
1281 2104 1485 2144 omnes
1518 2094 1718 2143 manet
1767 2095 1824 2143 et
1855 2090 1962 2143 mi-

309 2177 603 2248 grationis
625 2194 693 2232 ex
724 2177 831 2232 hoc
865 2179 1083 2233 mundo
1131 2177 1661 2233 considerationem
1695 2177 1965 2233 incubuit

311 2282 421 2337 per
448 2269 730 2321 attentam
765 2272 941 2338 atque
972 2284 1165 2322 acrem
1198 2282 1265 2321 eo
1306 2266 1511 2321 effectu
1564 2272 1628 2320 ut
1676 2266 1964 2338 quidquid

311 2359 557 2425 apparet
606 2371 784 2427 seque
834 2360 1094 2411 ostentat
1147 2355 1408 2427 speciose
1458 2356 1514 2409 in
1552 2355 1661 2409 hac
1711 2359 1963 2426 quadam

320 2444 527 2498 mundi
562 2460 737 2499 scena
769 2444 916 2500 nihil
949 2446 1060 2500 nisi
1097 2446 1364 2500 umbram
1412 2444 1727 2499 videretur.
1775 2447 1964 2501 Statui

303 2536 518 2587 “autem
553 2533 945 2589 insistendum
973 2534 1117 2589 mihi
1141 2533 1538 2589 exercitationi
1571 2533 1964 2589 beneficentia:

318 2637 566 2693 sperans
606 2638 674 2677 ea
719 2628 1172 2678 consecuturum
1233 2640 1346 2691 me,
1382 2627 1445 2676 ut
1491 2621 1661 2677 benis
1717 2623 1857 2678 viris
1911 2630 1968 2680 et

312 2710 595 2782 praeclara
619 2728 721 2782 per
748 2711 924 2766 vitam
962 2711 1216 2783 operatis
1250 2727 1693 2766 annumerarer.
1734 2713 1966 2767 Decrevi

311 2799 494 2853 etiam
518 2801 941 2869 cavendum,ne
973 2801 1190 2855 nimius
1224 2801 1280 2855 in
1316 2800 1458 2855 illud
1492 2799 1685 2870 ipsum
1726 2818 1842 2871 quo
1885 2803 1964 2856 fe-

310 2887 487 2940 rebar
516 2886 831 2957 indagandi
867 2888 985 2943 veri
1008 2888 1271 2943 studium
1306 2889 1845 2954 aﬂ‘ectus,avocaret
1880 2906 1968 2944 me

312 2992 349 3028 a
384 2974 681 3030 iunctione
713 2978 1107 3032 curandorum
1138 2977 1656 3048 aegrorum;sicque
1688 2977 1966 3033 incrsne-

2069 1850 2260 1907 verbis
2290 1847 2592 1904 maledicis
2624 1862 2690 1901 ac
2722 1846 3144 1915 turpibus,non
3177 1840 3711 1906 f'urari,nonirasci,

2071 1940 2217 1997 nulli
2259 1938 2521 1993 fraudem
2590 1933 2806 1990 moliri.
2877 1932 3151 1987 Abdicavi
3228 1928 3713 1985 consuetudinem

2070 2029 2383 2084 mulierum
2446 2038 2841 2094 venereasque
2896 2021 3263 2091 voluptates;
3339 2016 3605 2072 adamavi
3658 2021 3715 2070 et

2070 2118 2222 2173 colui
2278 2113 2748 2187 temperantiam,
2805 2112 3090 2167 custodivi
3134 2110 3394 2181 linguam
3455 2123 3645 2161 meam
3679 2123 3712 2160 a

2073 2203 2476 2271 mendacio,ab
2509 2201 2669 2256 omni
2701 2202 2876 2257 verbo
2909 2200 3096 2254 otioso
3127 2204 3184 2253 et
3240 2198 3447 2263 noxio;
3509 2195 3709 2250 studui

2070 2298 2273 2351 mitem
2298 2311 2364 2348 ac
2394 2293 2721 2347 humanum
2754 2291 3007 2361 praebere
3038 2306 3130 2344 me
3161 2287 3439 2343 omnibus
3469 2286 3708 2357 ubique.

2075 2390 2256 2456 Atque
2287 2382 2407 2437 haac
2431 2382 2610 2435 statui
2642 2379 2782 2434 licet
2841 2380 3103 2433 nondum
3161 2376 3333 2449 plane
3394 2391 3710 2446 persuasus

2071 2490 2259 2529 essem
2294 2472 2366 2525 de
2408 2472 2608 2524 futura
2629 2468 3077 2531 resurrectione,
3102 2467 3289 2537 deque
3321 2464 3576 2536 praemiis
3608 2464 3714 2519 bo-

2073 2577 2280 2619 norum
2309 2560 2614 2631 pcnnisque
2653 2557 2942 2611 malorum
2990 2560 3123 2627 post
3172 2553 3332 2608 illam
3394 2567 3717 2624 repraesen-

2074 2652 2292 2707 tandis.
2336 2650 2527 2719 Longe
2558 2664 2650 2702 me
2682 2647 2918 2717 abjunxi
2953 2663 2984 2698 a
3018 2645 3287 2700 convictu
3324 2646 3381 2697 et
3414 2640 3723 2696 familiari-

2072 2742 2187 2796 late
2210 2738 2518 2795 hominum
2554 2736 2978 2808 improborum,
3046 2732 3305 2787 affectavi
3339 2730 3719 2786 consuetudi-

2076 2846 2210 2886 nem
2234 2844 2364 2882 cum
2392 2826 2656 2880 honestis
2686 2828 2742 2878 et
2766 2824 2968 2893 justis.
3031 2822 3151 2875 Prae
3210 2820 3488 2875 omnibus
3537 2820 3716 2871 fixum

2076 2918 2273 2974 animo
2294 2914 2631 2979 tenui,nihil
2648 2928 2776 2967 esse
2801 2911 3194 2983 praastantius,
3212 2908 3538 2975 honestius,
3556 2923 3717 2960 ama-

2078 3004 2255 3059 bilius
2313 2999 2733 3065 beneficentia;
2782 3013 2910 3051 eam
2968 3002 3026 3049 et
3074 2994 3280 3050 amicis
3328 2993 3632 3064 potiorem,
3666 2996 3723 3045 et

310 3061 605 3135 gligendis
636 3066 1046 3163 occasionibus
1079 3067 1225 3121 bene
1257 3066 1543 3163 merendi,
1580 3070 1811 3137 tempus
1842 3067 1959 3122 otio
1991 3087 2034 3153 ρ
2072 3094 2319 3163 conjuge
2341 3089 2667 3143 ὠνίουθῶ
2702 3061 2846 3141 mihi
2877 3102 3006 3141 esse
3037 3086 3277 3143 debere;
3300 3061 3451 3136 h’anc
3484 3082 3596 3134 Deo
3621 3097 3722 3135 νο,

314 3157 680 3207 contererem
700 3172 712 3221 ;
734 3155 924 3225 quoad
958 3171 1048 3210 me
1079 3170 1357 3226 suprema
1388 3154 1512 3209 dies
1536 3160 1848 3226 occuparet
1868 3157 1962 3211 de-

316 3241 600 3296 stitutum
632 3242 1026 3313 suppellectili
1060 3245 1429 3310 meritorum,
1464 3259 1641 3314 quam
1675 3261 1881 3315 parare
1908 3245 1967 3299 in

316 3331 865 3402 opportunitatibus
896 3332 1323 3402 neglexissem:
1359 3350 1496 3389 nam
1557 3350 1767 3406 magna
1816 3336 1972 3390 inest

316 3420 409 3475 vis
442 3421 979 3491 perturbationibus
1022 3422 1667 3490 animumtenentibus,
1704 3424 1771 3478 ad
1806 3441 1968 3479 aver-

316 3510 560 3564 tendam
593 3510 971 3565 attentionem
1005 3511 1393 3565 necessariam
1428 3512 1697 3583 gerendis
1727 3529 1795 3566 ex
1825 3530 1970 3583 prte-

318 3598 476 3654 senti
508 3599 702 3669 rebus,
736 3604 910 3670 prout
941 3599 1275 3655 declaratur
1330 3600 1487 3653 brevi
1550 3599 1741 3653 fabula
1792 3618 1967 3671 quam

316 3688 471 3741 tanti
502 3690 592 3741 est
634 3703 889 3742 narrare.
925 3688 1173 3753 Quidam
1225 3691 1592 3743 contraxerat
1646 3690 1969 3743 necessitu-

318 3776 523 3831 dinem
546 3775 736 3831 illiciti
769 3776 987 3831 amoris
1018 3794 1154 3831 cum
1189 3776 1432 3831 muliere
1463 3781 1803 3847 nupta;quaa
1840 3795 1971 3831 moe-

316 3867 433 3923 cho
464 3867 794 3939 gratificata
835 3867 1126 3938 posticum
1163 3871 1465 3938 paraverat
1496 3883 1597 3937 per
1635 3868 1790 3937 quod
1823 3867 1969 3939 ipse,

316 3967 636 4037 ingruente
666 3965 863 4020 subito
891 3965 1803 4037 periculo,fugeret.Quadamdie
1834 3982 1968 4021 cum

317 4071 440 4109 una
463 4057 680 4119 essent,
714 4054 970 4124 pulsavit
992 4053 1306 4124 improviso
1327 4052 1415 4107 vir
1437 4054 1506 4107 ad
1523 4054 1794 4124 januam,
1824 4071 1932 4125 pan
1952 4086 1969 4097 ο

316 4143 504 4214 dique
534 4143 686 4198 fores
717 4143 1053 4212 ingressuro
1086 4142 1366 4214 poscebat
1396 4142 1532 4197 sibi.
1567 4143 1825 4198 Turbata
1848 4161 1969 4198 mu-

317 4231 436 4285 lier
464 4232 634 4299 jubet
664 4231 996 4287 adulterum
1030 4233 1325 4303 proripere
1349 4248 1409 4287 se
1440 4232 1508 4285 ad
1532 4232 1804 4288 ostiolum
1840 4250 1969 4305 pro-

326 4336 402 4391 pe
431 4324 694 4389 puteum,
728 4323 897 4391 cujus
929 4321 1148 4375 clavem
1182 4336 1213 4375 e
1252 4320 1441 4375 vicino
1497 4319 1656 4375 clavo
1711 4324 1969 4393 penden-

323 4413 449 4461 tem
474 4408 584 4479 ipsi
608 4415 780 4464 antea
803 4415 1163 4463 monstrasse
1185 4427 1246 4464 se
1265 4410 1478 4464 aiebat.
1495 4410 1686 4465 Currit
1703 4428 1818 4482 quo
1839 4412 1971 4465 mit-

321 4498 564 4552 tebatur
592 4498 728 4553 hinc
757 4505 935 4565 metu,
971 4500 1131 4553 illinc
1165 4516 1362 4554 amore
1402 4517 1469 4555 ac
1513 4501 1802 4555 desiderio
1851 4507 1972 4555 tur-

321 4589 504 4641 batus
540 4587 885 4654 mmchus,et
916 4593 979 4642 ut
1010 4588 1299 4659 contingit
1330 4589 1447 4642 acri
1476 4606 1615 4643 cura
1647 4590 1971 4660 suspensis,

324 4692 436 4730 nec
481 4675 694 4741 locum,
740 4693 1074 4748 quanquam
1110 4682 1531 4747 praaostensum
1567 4694 1975 4749 recognoscere

321 4782 397 4820 ac
430 4782 533 4821 nec
564 4765 781 4819 clavem
801 4766 1121 4835 januamve
1153 4766 1342 4836 ipsam
1375 4767 1629 4838 reperire
1658 4766 1857 4821 valuit.
1914 4768 1971 4821 ln

316 4852 419 4907 his
451 4852 791 4924 aliquandiu
830 4853 1250 4920 tumultuatus,
1290 4854 1437 4910 redit
1495 4856 1566 4909 ad
1625 4855 1974 4920 adulteram,

309 4952 447 5019 jam
470 4950 699 5021 magnis
724 4952 988 5021 proximo
1013 4950 1118 5005 viri
1136 4952 1385 5022 appulsu
1405 4951 1976 5022 sollicitam,procul-

318 5054 441 5109 que
473 5039 757 5093 acclamat
788 5039 1044 5094 :Ostium
1080 5040 1150 5094 de
1183 5057 1299 5111 quo
1331 5040 1530 5095 dixisti
1560 5042 1828 5107 avanuit;
1855 5040 1976 5095 cla-

319 5128 413 5182 vis
445 5144 560 5181 non
594 5129 1342 5199 comparetzanimusmeus
1373 5130 1524 5200 apud
1562 5134 1615 5183 te
1648 5133 1977 5199 est,vacare

322 5215 423 5270 his
455 5216 782 5285 quaerendis
810 5217 1143 5287 nequit.Cui
1175 5217 1423 5271 mulier:
1448 5216 1738 5287 Eulogium
1776 5233 1980 5287 parare

327 5305 496 5375 potui
530 5322 647 5371 reo,
684 5309 937 5359 mentem
964 5307 1102 5361 dare
1124 5305 1303 5360 stulto
1328 5324 1442 5360 non
1468 5311 1796 5376 possum;tu
1821 5324 1977 5374 vero,

328 5397 402 5447 ut
433 5393 615 5459 lubet,
639 5393 901 5461 addidit;
928 5395 1113 5449 aderit
1144 5395 1301 5450 brevi
1335 5394 1433 5467 qui
1483 5394 1584 5447 tibi
1618 5410 1734 5463 quo
1766 5394 1980 5464 dignus

330 5482 699 5552 es,pr:ebeat.
737 5482 825 5536 Illi
859 5488 1133 5538 metuenti
1158 5484 1534 5552 cursantique
1552 5483 1980 5537 maritusarlul-

335 5575 474 5625 tera:
506 5573 927 5643 superveniens
960 5572 1164 5643 plagas
1196 5574 1446 5643 imponit
1477 5570 1977 5627 luculentas:tum

2074 3182 2226 3237 lente
2260 3178 2426 3234 facile
2453 3177 2643 3248 parari
2682 3193 2697 3242 ;
2740 3174 2876 3229 huic
2907 3191 3076 3244 porro
3109 3171 3255 3228 nihil
3303 3168 3719 3241 comparabile,

2074 3270 2208 3342 plus
2236 3267 2389 3323 enim
2426 3265 2587 3318 illam
2620 3263 2816 3334 gloria;
2850 3262 3054 3317 all‘erre
3096 3259 3418 3333 possidenti
3452 3275 3513 3313 se
3544 3274 3720 3329 quam

2075 3364 2382 3431 parentum
2419 3354 2745 3409 claritatem
2779 3356 2877 3405 aut
2900 3366 3038 3421 opes
3058 3345 3725 3405 amicorum.Doccthacc

2074 3450 2221 3504 bene
2255 3444 2464 3500 mereri
2505 3444 2575 3497 de
2627 3442 2929 3506 omnibus,
2963 3440 3271 3494 benefacta
3300 3437 3522 3507 ubique
3559 3451 3722 3505 spar-

2075 3554 2228 3609 gere.
2256 3535 2491 3598 Eadem,
2531 3534 2686 3601 large
2720 3532 2852 3584 licet
2894 3530 3180 3594 tribuens,
3240 3525 3551 3595 dispendia
3607 3540 3721 3579 non

2074 3623 2380 3691 sentit;sed
2414 3638 2529 3691 quo
2562 3620 2694 3691 plus
2725 3620 2924 3686 donat,
2952 3618 3087 3688 plus
3129 3616 3409 3669 abundat.
3445 3614 3568 3668 Non
3603 3629 3724 3667 cor-

2075 3713 2391 3782 rumpitur,
2424 3725 2537 3763 non
2583 3706 2911 3771 veterascit,
2946 3722 3060 3759 non
3084 3703 3541 3757 circumvenitur
3569 3718 3602 3755 a
3624 3718 3725 3771 po-

2076 3800 2283 3865 tentia,
2318 3815 2437 3853 non
2472 3796 2671 3850 horret
2726 3795 2943 3865 ignem,
2999 3809 3113 3847 non
3146 3792 3314 3844 timet
3368 3790 3546 3854 fures,
3608 3806 3724 3842 non

2074 3888 2351 3945 formidat
2376 3885 2618 3947 bestias,
2643 3899 2757 3937 non
2788 3882 2905 3936 ullo
2941 3881 3097 3935 tristi
3144 3884 3349 3933 eventu
3411 3878 3722 3932 conturba-

2073 3983 2172 4033 tur
2205 3994 2217 4031 :
2255 3976 2440 4046 magis
2467 3974 2609 4043 quin
2640 3971 2815 4025 etiam
2850 3971 2907 4024 in
2941 3967 3267 4024 calamitate
3291 3967 3459 4030 nitet,
3503 3968 3560 4017 et
3593 3964 3721 4016 ubi-

2073 4082 2188 4137 que
2220 4065 2443 4137 perstat
2489 4058 2801 4131 intrepida.
2860 4056 3237 4128 Reperiebam
3290 4059 3508 4120 autem,
3565 4052 3718 4122 apud

2072 4172 2165 4210 me
2196 4158 2611 4226 reputans,eos
2652 4147 2747 4217 qui
2782 4153 3000 4201 sectam
3029 4146 3155 4198 vitae
3179 4143 3315 4197 huic
3366 4140 3718 4196 contrariam

2073 4244 2345 4316 amplexi,
2377 4240 2598 4296 omissa
2629 4235 3027 4293 benefaciendi
3061 4232 3192 4288 aliis
3223 4247 3383 4296 cura,
3435 4228 3547 4285 sibi
3589 4228 3723 4283 unis

2075 4333 2231 4387 orrni
2263 4331 2565 4401 voluptate
2607 4324 2951 4398 saginandis
3010 4322 3180 4376 unice
3238 4320 3447 4375 intenti
3506 4322 3725 4383 essent,

2085 4422 2197 4477 sibi
2232 4420 2481 4492 pessime
2504 4418 2831 4479 consulere,
2866 4418 2919 4467 et
2951 4409 3239 4467 amaritici
3296 4406 3725 4480 plurimumin-

2083 4510 2361 4565 terluxus
2394 4526 2459 4561 ac
2494 4506 2835 4560 deliciarum
2874 4501 3050 4555 falsas
3083 4496 3421 4553 dulcedines
3455 4502 3722 4566 gustare;

2082 4596 2423 4665 similesque
2458 4594 2602 4649 istos
2633 4608 2761 4646 csse
2792 4588 3015 4644 homini
3050 4604 3252 4659 parum
3286 4604 3451 4656 sano,
3500 4585 3601 4657 qui
3645 4584 3728 4639 le-

2080 4702 2211 4740 vem
2243 4683 2483 4738 diecula:
2507 4678 3145 4749 uniusjucunditatem
3200 4692 3408 4748 magna
3465 4674 3728 4748 pecuniae

2075 4778 2310 4847 jactura
2344 4774 2621 4845 gravique
2654 4787 2846 4826 rerum
2881 4785 3125 4823 suaru'n
3174 4768 3525 4823 detrimento
3572 4783 3726 4821 eme-

2085 4866 2181 4921 rit.
2201 4864 2333 4919 Fuit
2356 4864 2639 4918 nimirum
2662 4862 2894 4916 institor
2914 4858 3162 4932 gemmis
3196 4858 3517 4930 peregrinis
3543 4858 3725 4919 dives,

2085 4955 2183 5027 qui
2217 4955 2499 5009 artificem
2536 4953 2857 5007 unionibus
2910 4951 3171 5005 forandis
3223 4950 3434 5003 diurna
3489 4952 3723 5003 centum

2087 5061 2463 5099 nummorum
2509 5042 2778 5096 mercede
2811 5040 3107 5095 conduxit.
3144 5043 3359 5094 Praasto
3403 5055 3473 5091 ex
3523 5036 3728 5091 condi-

2087 5138 2179 5188 cto
2208 5131 2391 5187 adfuit
2419 5130 2721 5202 operarius
2772 5130 2829 5183 in
2880 5128 3127 5184 locantis
3161 5129 3356 5192 domo,
3391 5141 3457 5180 ex
3520 5126 3732 5179 instru-

2090 5221 2301 5275 mentis
2338 5219 2480 5273 artis
2514 5219 2617 5274 Hic
2649 5219 2787 5272 dum
2824 5218 3053 5288 expedit
3076 5233 3137 5273 se
3166 5215 3348 5287 Operi,
3374 5215 3528 5267 videt
3588 5212 3729 5265 forle

2088 5324 2437 5380 suspensam
2472 5325 2501 5361 e
2534 5307 2693 5361 clavo
2726 5306 3033 5360 citharam.
3068 5311 3126 5360 et
3157 5321 3282 5358 eam
3315 5302 3461 5357 scire
3494 5317 3555 5355 se
3597 5299 3724 5369 pul-

2090 5415 2218 5453 sare
2262 5396 2572 5469 significat.
2622 5401 2877 5450 Praascns
2926 5394 3374 5463 margaritarum
3430 5388 3729 5452 dominus,

2090 5504 2156 5542 eo
2181 5486 2702 5541 animadverso.’l‘u
2736 5482 3298 5552 vero,inquit,sume
3331 5480 3413 5535 sis
3446 5477 3729 5548 lyram,“-

2092 5577 2291 5630 benter
2315 5591 2549 5646 operam
2584 5574 2814 5629 canenti
2876 5572 3107 5626 dedero.
3156 5569 3258 5626 Ille
3306 5572 3606 5640 arreptum
3639 5584 3729 5622 or-
