3984 6202
375 309 512 366 1243

1884 291 2270 358 APPENDIX.

3581 315 3681 371 {ﬂii

377 439 594 510 genum
628 451 741 489 non
769 431 981 487 inscite
1003 433 1238 500 tangere
1261 445 1595 501 aggressus,
1624 428 1768 483 mire
1799 426 2020 500 placuit
2047 425 2100 495 Α
2130 429 2257 485 vitae
2283 431 2636 498 ascetarum,
2668 430 2847 499 gustu
2880 425 3110 482 illectus
3140 429 3253 482 tam
3284 433 3452 486 sancti
3481 451 3534 489 ac
3559 438 3684 494 salu-

377 523 747 596 voluptuario
775 525 1042 593 patrono,
1076 520 1220 574 adeo
1256 524 1317 573 ut
1339 518 1389 573 is
1422 537 1528 574 sua
1559 519 1713 574 seria
1739 516 1874 573 ludo
1899 520 2030 589 post

375 614 814 679 habens,totum
848 609 1003 664 diem
1039 608 1339 663 inhianter
1386 607 1638 662 audierit
1694 605 2025 661 vibrantem

374 702 520 755 ﬁdes
552 700 981 754 tenebratorem
1017 697 1420 753 unionem.Ad
1455 701 1755 768 Vesperam
1788 701 2025 750 centum

381 805 658 844 nummos
692 788 1011 843 citharoedo
1045 786 1262 859 petenti
1295 793 1624 842 commotus
1655 785 2023 853 institor,At-

374 879 500 948 qui,
534 878 612 932 mi
640 876 1050 947 homo,inquit,
1097 893 1212 931 non
1247 875 1449 946 plectri
1486 874 1772 938 movendi,
1798 875 1897 930 sed
1943 879 2024 928 te-

373 967 522 1023 rebri
545 967 831 1021 tractandi
860 966 1187 1020 mercedem
1207 965 1381 1020 istam
1405 965 2024 1036 pronuntiaram.8ane

370 1059 451 1113 ita
478 1056 800 1126 est,artii’ex
831 1057 1213 1124 ait,caeterum
1246 1054 1384 1109 mihi
1421 1058 1620 1126 parato
1653 1055 1721 1109 ad
1775 1053 2022 1109 locatam

361 1145 757 1219 operam,quis
777 1146 928 1201 alius
948 1162 1125 1216 quam
1147 1149 1208 1199 tu
1228 1145 1350 1216 ipse
1378 1161 1447 1199 ne
1472 1142 1821 1215 defungerer
1837 1145 2021 1200 obsti-

360 1236 474 1292 tit?
506 1234 618 1290 Mei
641 1233 854 1305 judicii
886 1251 998 1290 non
1036 1239 1163 1289 erat
1202 1234 1406 1305 quanti
1462 1234 1786 1288 mstimares
1818 1251 2021 1290 avoca-

369 1329 564 1380 menta
594 1324 876 1390 tua,mibi
902 1324 1090 1378 fraudi
1111 1340 1240 1378 esse
1265 1339 1377 1378 non
1403 1324 1572 1378 debet
1591 1323 1697 1377 tibi
1731 1324 2023 1396 obtempe-

371 1429 566 1467 rasse:
597 1429 778 1485 quare
804 1429 872 1467 ne
904 1416 958 1467 te
991 1412 1375 1467 oblectaveris
1400 1413 1760 1467 mercenariii
1784 1413 2019 1481 damno,

370 1503 732 1572 promissum
768 1502 994 1556 diurnae
1025 1518 1209 1572 operm
1243 1501 1493 1571 pretium
1528 1502 1720 1555 redde.
1766 1501 2018 1573 ZEquum

367 1592 621 1658 dicebat,
654 1595 710 1645 et
741 1590 828 1645 vel
859 1590 1082 1645 invitus
1115 1593 1403 1645 mercator
1454 1593 1688 1644 centum
1746 1607 2018 1646 nummos

365 1680 666 1752 persolvit,
693 1679 1072 1736 inelaboratis
1103 1679 1217 1751 ipsi
1251 1679 1627 1734 manentibus
1676 1680 2014 1736 unionibus.

2133 520 2254 576 bris
2286 520 2562 589 instituti,
2592 531 2946 589 magnopere
2979 511 3131 573 attici
3166 535 3253 574 me
3294 523 3434 578 sensi
3466 527 3526 579 ad
3550 528 3683 586 istam

2132 610 2550 682 professionem
2585 607 3030 680 capessendam,
3056 624 3258 679 meque
3281 625 3402 664 cum
3430 611 3506 667 his
3526 632 3685 686 aggre-

2131 701 2410 771 gandum.
2439 697 2796 753 Retrahebar
2827 701 3019 752 autem
3080 698 3150 752 ab
3201 697 3303 753 hac
3348 699 3600 760 voluntate
3637 725 3685 763 eo

2132 794 2291 844 metu
2328 805 2397 843 ne
2430 805 2542 841 non
2579 804 2682 858 par
2710 801 2900 841 essem
2936 785 3187 840 ferendis
3238 787 3387 842 illius
3431 789 3684 862 disciplina

2131 878 2697 948 laboribus,propter
2730 875 3054 930 centrarios
3098 875 3262 944 longo
3311 895 3410 932 usu
3455 880 3688 939 educatio-

2129 967 2220 1023 nis
2251 965 2661 1021 diversissimae
2693 967 3024 1020 contractos
3056 964 3307 1030 habitus,
3335 984 3686 1039 moresque.as-

2128 1056 2439 1112 suetudine
2472 1053 2710 1110 coalitos
2743 1055 2800 1108 in
2831 1059 3103 1109 naturam
3131 1069 3143 1120 ;
3186 1054 3373 1124 itaque
3393 1059 3596 1114 verebar
3635 1080 3682 1117 ne

2127 1164 2305 1218 supra
2337 1147 2485 1200 vires
2519 1145 2818 1212 connisus,
2869 1159 2982 1197 non
3047 1141 3214 1197 modo
3269 1161 3374 1198 non
3418 1163 3683 1218 assequerer

2126 1237 2448 1308 Optata,sed
2483 1240 2533 1288 et
2566 1235 2848 1289 damnum
2884 1233 3204 1303 acciperem
3234 1235 3590 1307 jacturamque
3614 1258 3685 1311 pa-

2125 1330 2278 1380 terer
2309 1326 2433 1396 jam
2485 1322 3005 1394 adeptorum.lllud
3041 1322 3215 1377 etiam
3247 1322 3380 1376 talia
3407 1325 3685 1395 cogitantem

2125 1413 2516 1469 conturbabat
2548 1429 2659 1478 me,
2695 1411 2850 1483 quod
2880 1410 3169 1477 videbam,
3203 1412 3248 1465 si
3290 1413 3489 1466 mundo
3524 1414 3687 1472 valedi-

2123 1521 2261 1559 cens
2293 1503 2609 1574 migrarem
2645 1501 2700 1555 in
2730 1499 3137 1567 solitudinem,
3171 1499 3361 1572 ibique
3389 1501 3692 1574 amplecterer

2122 1593 2463 1648 institutum
2491 1594 2847 1653 ascetarum,
2870 1589 3232 1660 eripiendam
3266 1588 3399 1643 mihi
3425 1589 3688 1650 facultatem

2118 1683 2265 1738 bene
2299 1677 2559 1736 merendi
2593 1680 2662 1735 de
2697 1677 3430 1750 hominibus,ju'vandique
3458 1681 3691 1738 beneﬁciis

365 1771 452 1824 Ad
487 1770 597 1826 hoc
632 1769 963 1840 exemplum
1009 1784 1114 1839 ego
1161 1769 1382 1823 veritus
1440 1785 1512 1823 ne
1570 1768 1813 1825 ludicris
1861 1770 2014 1826 seria
2042 1785 2089 1850 Β
2121 1773 2347 1843 inopes,
2378 1771 2548 1840 cujus
2573 1772 2766 1824 tamen
2802 1767 2860 1822 in
2888 1766 3354 1822 exercitationem
3380 1770 3578 1826 virtutis
3604 1788 3692 1827 ma-

366 1862 690 1931 perderem,
725 1858 1176 1914 remissionibus
1236 1857 1408 1928 posui
1441 1859 1702 1925 modum,
1733 1864 2016 1916 attentus-

360 1965 473 2020 que
495 1949 670 2004 officii
697 1947 929 2017 negotio
948 1960 1042 2002 me
1065 1947 1324 2018 impendi
1351 1951 1535 2002 totum
1554 1947 1728 2020 nugis
1743 1948 2008 2018 abjectis.

369 2086 502 2138 CAP:
537 2082 660 2139 VII.
695 2113 764 2122 —
795 2084 1060 2138 Personas
1091 2080 1393 2136 meditione
1448 2097 1514 2136 ac
1558 2097 1769 2136 secessu
1809 2082 1869 2136 in
1922 2099 2010 2139 re-

438 2155 799 2209 surrectionis
826 2155 1078 2209 notitiam
1110 2153 1410 2222 venit.Ejus
1458 2151 1722 2207 doctrinae
1765 2155 2008 2211 utilitas.

436 2226 777 2282 Detiberatio
803 2227 951 2281 circa
978 2227 1367 2296 professionem
1397 2228 1524 2279 vitm
1556 2225 1826 2282 asceticee.

433 2347 723 2398 Pertmsus
769 2343 922 2397 inter
939 2343 1060 2397 haec
1077 2342 1164 2396 vol
1178 2344 1444 2414 uptatnm
1461 2342 1795 2414 vitae,quod,
1815 2343 2012 2399 harum

364 2432 811 2488 instabilitatem
844 2431 900 2486 et
931 2431 1274 2487 inanitatem
1304 2448 1530 2501 noram,
1564 2431 1767 2505 collegi
1816 2450 1909 2488 me
1950 2433 2010 2488 in

361 2519 890 2578 considerationem
929 2520 1478 2587 attentiorem,etut
1509 2519 1646 2576 huic
1697 2525 1895 2594 aptum
1946 2540 2009 2577 o-

360 2611 509 2666 tium
544 2610 937 2677 nanciscerer,
971 2609 1027 2664 in
1063 2608 1445 2665 solitudinem
1471 2627 1561 2664 me
1583 2610 1894 2666 abdidi.Ibi
1925 2612 2009 2667 al-

364 2702 485 2756 tius
517 2699 822 2772 ingressus
846 2699 905 2754 in
948 2697 1500 2771 contemplationem
1533 2717 1750 2769 rerum,
1780 2718 2008 2772 perma-

367 2805 548 2861 gnum
581 2789 706 2859 ejus
737 2805 921 2859 operae
955 2787 1208 2843 fructum
1243 2783 1704 2845 retuliJutellexi
1731 2791 2011 2859 enim,na-

364 2886 505 2932 turm
537 2876 809 2932 humanm
842 2879 1066 2932 statum
1119 2876 1469 2948 etlunivcrsi
1522 2878 2007 2951 gubernationem

365 2983 593 3022 mecum
628 2967 1140 3039 reputans,deesse
1173 2983 1287 3022 non
1339 2983 1510 3038 posse
1570 2969 1710 3040 quin
1772 2970 1849 3025 sit
1902 2969 2007 3026 ali-

368 3055 602 3128 quando
635 3057 828 3110 futura
862 3059 1233 3111 mortuorum
1291 3058 1664 3126 resurrectio,
1697 3059 1768 3113 ad
1830 3077 2007 3132 quam

369 3162 572 3201 omnes
605 3145 850 3200 tendant
879 3144 1004 3200 suis
1034 3146 1252 3218 quique
1285 3145 1415 3216 viis,
1452 3147 1715 3203 moribus
1745 3147 2012 3205 videlicet
2037 3149 2080 3219 C
2118 3151 2301 3206 vitam
2361 3166 2428 3206 ac
2475 3153 2718 3219 statum,

368 3235 654 3305 actisque,
690 3250 904 3305 magno
937 3233 1275 3290 discrimine
1307 3235 1416 3290 sub
1460 3236 1636 3292 finem
1688 3237 2009 3310 deprehen-

363 3323 553 3378 dendo
585 3323 873 3379 bonorum
911 3322 1340 3394 malorumque,
1373 3341 1528 3379 nunc
1567 3327 1894 3398 permistim
1947 3347 2010 3384 a-

360 3409 782 3482 gentium.Haec
812 3411 1075 3465 asceticae
1107 3411 1436 3479 disciplina:
1467 3413 1525 3468 in
1558 3430 1792 3471 secessu
1844 3434 2007 3472 exer-

362 3503 488 3556 citae
521 3500 787 3554 doctrina
817 3502 926 3568 est,
955 3516 1134 3571 quam
1168 3499 1267 3555 illa
1299 3500 1453 3557 velut
1486 3503 1638 3560 bona
1669 3510 1857 3561 mater
1883 3508 2010 3564 suis

362 3588 708 3657 cultoribus,
736 3587 820 3643 uti
847 3588 1152 3660 morigeris
1175 3589 1332 3660 ﬁliis,
1358 3589 1556 3649 tradit.
1591 3595 1895 3660 Quantivis
1927 3597 2012 3653 is—

359 3679 462 3734 tud
489 3677 661 3750 pretii
693 3677 1092 3749 momentique
1121 3677 1389 3734 omnium
1416 3682 1884 3757 maximidogma
1899 3691 2009 3754 est,

363 3768 520 3823 unde
550 3767 680 3822 vitae
730 3770 883 3820 recte
931 3766 1251 3838 dirigendae
1299 3785 1433 3841 spes
1483 3775 1540 3826 et
1599 3774 1746 3829 ratio
1797 3777 2013 3846 pendet

364 3859 652 3914 universa.
685 3856 890 3913 Turris
920 3857 1043 3912 haec
1073 3857 1336 3928 quaedam
1383 3861 1783 3920 munitissima
1811 3871 1921 3937 est,
1948 3867 2008 3922 in

363 3965 540 4018 quam
573 3947 752 4018 quise
784 3946 1212 4018 receperit,non
1246 3950 1414 4005 modo
1453 3955 1614 4007 tutus
1647 3957 2013 4023 permanebit

364 4040 438 4095 ab
470 4039 712 4094 incursu
739 4038 1028 4094 malorum
1062 4041 1246 4111 omni,
1281 4043 1380 4097 sed
1412 4046 1468 4098 et
1523 4060 1623 4115 per
1661 4062 1786 4102 eam
1832 4048 2012 4119 pandi

364 4127 478 4184 sibi
510 4129 738 4184 aditum
780 4129 839 4182 in
867 4127 1204 4200 paradisum
1237 4135 1466 4188 aeternae
1499 4133 1837 4206 voluptatis,
1871 4154 2008 4208 quo,

370 4218 418 4272 si
443 4217 600 4282 velit,
619 4234 862 4273 securus
877 4222 1141 4289 penetret
1163 4220 1470 4291 gratulans
1492 4224 1784 4294 experietu
1797 4226 2012 4282 r.Com—

367 4305 489 4376 peri
521 4304 693 4376 plane
725 4306 871 4361 nihil
906 4306 1114 4363 melius
1145 4313 1369 4366 attenta
1411 4311 1524 4366 ista
1569 4313 2010 4387 tranquillaque

365 4393 746 4448 meditatione
777 4410 970 4450 rerum
1003 4397 1074 4451 ad
1095 4396 1345 4453 salutem
1367 4399 1576 4455 animae
1592 4404 2007 4473 spectantium:

364 4483 621 4553 comperi
655 4488 850 4539 autem
881 4484 940 4539 id
969 4502 1082 4540 non
1109 4503 1220 4541 usu
1253 4487 1444 4543 solum
1462 4493 1720 4560 meo,sed
1736 4497 1794 4548 et
1814 4510 2008 4550 exem-

374 4571 488 4643 plis
507 4572 982 4644 experientiaque
1012 4573 1263 4631 aliorum
1287 4577 1334 4632 ei
1372 4593 1433 4634 se
1479 4580 1843 4638 dedentium.
1890 4588 2009 4641 Hos

365 4661 524 4717 enim
551 4661 962 4732 animadverti,
993 4680 1273 4737 apparere
1299 4673 1539 4739 pacatos
1569 4675 1628 4727 et
1658 4670 1818 4729 laetos
1850 4690 2010 4729 sem-

369 4768 494 4824 per,
528 4755 727 4822 gratos
749 4768 883 4820 erga
937 4769 1164 4823 omnes,
1213 4773 1320 4812 suo
1375 4763 1701 4829 contentos,
1750 4779 2011 4835 securos,

365 4841 650 4897 subnixos
662 4856 944 4914 generoso
967 4848 1304 4918 contemptu
1329 4853 1671 4906 cunctarum
1692 4853 1897 4908 mundi
1919 4871 2014 4909 va-

366 4931 639 4999 nitatum,
664 4946 842 5000 supra
863 4946 1094 4988 omnem
1127 4951 1287 4991 noxae
1305 4936 1489 4993 aleam
1516 4939 1575 4994 in
1609 4939 1728 4996 alta
1759 4943 2012 5013 quadarn

363 5035 494 5074 arce
521 5019 733 5075 mentis
780 5025 1098 5079 exstantes.
1155 5023 1376 5082 Horum
1435 5027 1615 5100 igitur
1681 5031 2010 5088 felicitatem

368 5108 698 5177 mmulatus,
724 5108 902 5165 livore
929 5115 1104 5182 atque
1135 5112 1451 5171 invidentia
1486 5119 1826 5190 repudiatis,
1871 5122 2012 5177 cha-

364 5199 520 5254 ritati
556 5215 646 5253 me
679 5199 894 5268 dedidi;
929 5202 1258 5275 spretisque
1290 5205 1462 5261 ﬂuxis
1493 5224 1559 5262 ac
1597 5209 1852 5276 caducis,
1889 5227 2014 5282 per-

367 5289 680 5344 factionem
723 5289 983 5345 aifectavi
1015 5293 1336 5364 sapientiae,
1361 5311 1478 5365 qua
1497 5302 1862 5354 monstrante
1882 5317 2017 5370 pro-

371 5379 576 5433 videns
610 5378 826 5450 futura,
851 5379 1279 5451 imperterritus
1307 5383 1488 5448 ibam,
1522 5389 1714 5440 certus
1749 5386 1895 5442 nihil
1954 5407 2016 5446 se

373 5467 738 5535 objecturum
773 5470 926 5540 quod
970 5471 1121 5526 viam
1177 5471 1568 5528 intercludere
1626 5475 1697 5529 ad
1749 5492 2010 5548 scopum,

373 5573 543 5623 quem
569 5557 859 5624 intuebar,
883 5577 1030 5615 verae
1062 5561 1470 5628 beatitudinis,
1494 5578 1702 5636 meque
1735 5575 2016 5624 averteret

373 5650 472 5696 aut
503 5645 783 5701 turbaret.
814 5650 916 5703 Per
945 5649 1103 5706 hunc
1129 5650 1368 5707 modum
1418 5655 1815 5725 experimento
1847 5663 2013 5731 capto

2119 1878 2294 1934 gnam
2323 1859 2464 1914 mihi
2490 1874 2653 1930 spem
2681 1857 3064 1912 constitutam
3089 1855 3397 1912 arbitrarer
3419 1862 3690 1930 perennium

2119 1952 2408 2006 bonorum
2443 1947 2957 2019 acquirendorum.
2992 1945 3181 2009 Quare
3221 1943 3525 2003 metuebam
3554 1965 3609 2004 ne
3632 1951 3689 2003 si-

2119 2039 2280 2097 milis
2312 2041 2506 2094 ﬁerem
2540 2036 2703 2092 canis
2736 2036 2990 2090 frustum
3025 2036 3225 2090 carnis
3263 2051 3356 2091 ore
3377 2039 3689 2110 portanti,qui

2119 2133 2246 2202 ejus
2269 2130 2539 2184 umbram
2571 2127 2626 2181 in
2653 2125 2894 2180 flumine
2950 2125 3139 2181 vicino
3201 2127 3464 2196 majorem
3515 2129 3690 2199 videns,

2120 2221 2338 2277 omisso
2373 2217 2527 2290 quod
2551 2214 2920 2284 tenet,insilit
2943 2216 3014 2271 ad
3039 2217 3386 2287 captandum
3411 2211 3543 2288 quod
3560 2236 3690 2289 appa-

2120 2315 2229 2380 ret,
2263 2326 2330 2364 ac
2361 2307 2443 2364 sic
2474 2310 2793 2377 utrumque
2825 2305 3332 2375 perdens,vacuus
3363 2306 3692 2378 impastusque

2119 2399 2432 2456 stultitiam
2468 2413 2596 2452 sero
2611 2412 2780 2451 suam
2809 2395 3074 2450 damnat.
3095 2395 3192 2450 Sic
3220 2394 3503 2452 subductis
3519 2414 3690 2453 mecum

2120 2487 2447 2545 rationibus
2479 2485 2601 2558 spei
2626 2490 2957 2555 metusque,
2992 2484 3171 2538 statui
3214 2486 3486 2541 sustinere
3529 2502 3600 2540 me
3641 2487 3690 2540 ab

2118 2579 2350 2650 incepto
2374 2593 2490 2631 non
2523 2574 2666 2630 satis
2697 2571 3004 2645 exploratae
3053 2573 3348 2643 utilitatis,
3393 2591 3690 2646 permanere-

2119 2685 2230 2739 que
2263 2665 2496 2721 interim
2523 2663 2581 2717 in
2608 2662 2810 2718 ordine
2840 2678 2906 2716 ac
2939 2657 3094 2717 statu
3114 2662 3248 2718 Vita:
3280 2664 3466 2735 priori.

2119 2786 2250 2841 Car.
2283 2782 2433 2837 VIII.
2465 2810 2536 2820 —-
2564 2781 2746 2834 zEst-us
2776 2779 3041 2833 Pcrzonis
3071 2780 3129 2834 in
3147 2779 3520 2836 deliberatione
3535 2780 3588 2836 de
3611 2780 3694 2835 vita

2209 2851 2560 2924 asceticaﬁet
2587 2851 2898 2906 distinctior
2925 2849 3132 2906 notitia
3156 2854 3410 2907 vanitatis
3438 2850 3619 2909 mundi.

2191 2971 2255 3027 In
2300 2970 2411 3026 hoc
2438 2971 2633 3025 tamen
2668 2966 2752 3022 sic
2782 2966 3094 3023 constituto
3143 2985 3219 3024 ne
3265 2967 3691 3040 conquiescerem,

2121 3061 2447 3133 abripiebat
2477 3073 2569 3114 me
2601 3073 2786 3114 novus
2827 3063 3005 3113 aestus
3055 3063 3480 3130 comparantem
3505 3058 3629 3113 inter
3649 3072 3693 3110 re

2795 3147 2932 3202 hinc
2990 3152 3223 3214 ascetaa,
3287 3148 3436 3204 illinc
3479 3146 3693 3203 amatoris

2119 3239 2350 3309 mundi,
2396 3242 2453 3294 et
2512 3254 2580 3294 ea
2635 3235 2943 3292 collatione
3001 3237 3405 3308 reperientem,
3450 3237 3582 3291 haud
3610 3236 3694 3290 tere

2117 3330 2252 3403 plus
2281 3327 2602 3400 voluptatis
2632 3342 2699 3382 ac
2733 3325 3044 3382 suavitatis
3076 3327 3412 3400 contingere
3445 3325 3695 3381 mundanis

2117 3435 2296 3490 quam
2327 3415 2950 3486 solitariis,utcunque
2979 3414 3042 3469 hi
3075 3415 3385 3471 videantur
3427 3415 3564 3472 omni
3603 3414 3695 3466 vita

2117 3506 2386 3564 mortalis
2415 3507 2610 3561 fructu
2634 3505 2904 3572 destitui,
2937 3508 3144 3560 contra
3165 3504 3251 3560 illi
3301 3504 3508 3561 deliciis
3549 3503 3691 3558 abun-

2119 3599 2274 3653 dare.
2301 3597 2437 3660 Qute
2478 3595 2634 3650 enim
2692 3593 2934 3649 tandem
2979 3594 3104 3648 ista)
3145 3593 3367 3650 delicia:
3411 3598 3555 3665 sant,-
3585 3607 3694 3663 quas

2119 3686 2356 3760 penitus
2398 3684 2813 3756 introspiciens
2863 3682 3229 3753 reperiebam
3275 3682 3402 3755 plus
3449 3684 3511 3737 ad
3550 3685 3694 3736 extre-

2123 3792 2286 3831 mum
2324 3772 2632 3830 conciliare
2679 3772 2880 3827 damni
2913 3771 3323 3845 mmstitimque
3375 3787 3532 3844 quam
3569 3770 3692 3825 initio

2121 3861 2430 3918 attulerint
2457 3859 2909 3932 voluptatisYEst
2935 3859 3092 3916 enim
3121 3862 3381 3917 mundus
3398 3861 3694 3929 iustamque

2119 3952 2310 4024 salsae,
2335 3951 2490 4007 unde
2521 3954 2740 4021 quanto
2773 3948 2906 4021 plus
2936 3949 3177 4017 biberis,
3202 3956 3364 4007 tanto
3381 3950 3502 4024 plus
3531 3949 3692 4012 sitias;

2118 4043 2307 4098 instar
2328 4041 2480 4097 ossis
2502 4038 2674 4105 aridi,
2706 4038 2899 4094 carnis
2931 4039 3108 4094 odore
3152 4040 3406 4110 quodam
3449 4033 3693 4095 allicientis

2119 4129 2453 4202 canem,qui
2485 4128 2665 4184 miser
2697 4145 2762 4184 eo
2796 4129 3044 4184 redendo
3077 4128 3230 4184 nihil
3283 4128 3391 4184 nisi
3439 4128 3608 4184 dentes
3631 4129 3692 4178 at-

2117 4221 2256 4277 terit
2285 4225 2343 4276 et
2375 4221 2567 4276 fauces
2600 4217 3020 4286 convulnerat;
3051 4218 3242 4274 instar
3288 4217 3509 4274 frustuli
3549 4212 3695 4270 carnis

2119 4314 2296 4384 raptae
2318 4327 2353 4365 a
2379 4308 2698 4376 vulture,in
2731 4324 2906 4379 quem
2940 4306 3321 4364 convolantes
3350 4307 3579 4376 undique
3604 4301 3694 4357 alia

2119 4416 2356 4473 rapaces
2390 4415 2546 4469 aves,
2570 4397 2823 4468 abjicere
2855 4398 3110 4470 praedam
3153 4403 3392 4470 cogunt,
3430 4390 3694 4450 necessaria

2118 4491 2210 4547 sui
2238 4488 2439 4545 tuendi
2463 4488 2938 4560 cura,plagisque
2976 4492 3224 4543 contuso
3256 4504 3322 4542 ac
3368 4501 3545 4558 pugna
3582 4481 3695 4535 fesso

2119 4597 2233 4636 non
2253 4579 2436 4634 alium
2460 4579 2675 4649 rapinae
2701 4594 2819 4632 suae
2837 4578 3092 4632 fructum
3119 4577 3459 4648 relinquunt
3478 4568 3694 4644 quamle-

2122 4686 2278 4726 mem
2309 4672 2366 4723 et
2399 4670 2665 4722 moestam
2699 4666 3037 4721 memoriam
3062 4665 3332 4720 inanium
3361 4656 3692 4724 laborum;in-

2123 4765 2246 4816 star
2276 4756 2432 4813 vasis
2466 4754 2674 4811 mellea
2703 4753 3016 4826 superﬁcie
3049 4769 3336 4810 venenum
3388 4747 3694 4822 suppositum

2121 4847 2394 4920 tegentis,
2420 4863 2488 4902 ex
2518 4861 2632 4917 quo
2665 4843 2762 4917 qui
2797 4843 3110 4898 dulcedine
3149 4842 3377 4898 illectus
3409 4838 3595 4903 mellis,
3621 4849 3697 4904 gu-

2124 4938 2384 5005 staverit,
2435 4953 2568 4991 mox
2617 4950 2752 4990 cum
2802 4933 3067 4989 cruciatu
3115 4933 3506 4998 exanimetur;
3556 4927 3700 4980 instar

2124 5029 2323 5084 laetum
2358 5024 2656 5082 somnium
2687 5022 2963 5090 videntis,
2989 5022 3260 5094 qui,mox
3289 5019 3551 5092 evigilans
3571 5016 3617 5070 in
3637 5012 3697 5066 la.

2126 5119 2388 5174 miliares
2422 5115 2690 5184 miserias
2735 5111 3072 5180 revolvitur;
3113 5112 3299 5166 instar
3355 5107 3578 5179 fulguris
3611 5117 3702 5156 mo-

2126 5212 2323 5264 mento
2355 5203 2753 5261 illuminantis
2781 5207 3141 5258 nocturnum
3175 5197 3586 5262 viatorem,suis
3609 5195 3699 5246 sta-

2126 5298 2233 5353 tim
2265 5295 2522 5350 tenebris
2550 5291 2937 5360 reddendum;
2979 5291 3165 5345 instar
3193 5287 3500 5356 bombycis.
3517 5281 3703 5338 assidue

2126 5388 2316 5444 nendo
2350 5382 2495 5439 nihil
2525 5381 2949 5452 lucrantis,nisi
2980 5381 3232 5436 sterilem
3265 5372 3700 5434 continuationem

2126 5475 2341 5533 inﬁniti
2372 5473 2611 5529 laboris.
2648 5469 2810 5527 Talia
2859 5474 3136 5542 reputans
3181 5483 3378 5523 rursus
3420 5458 3702 5519 resorbebar

2126 5568 2183 5623 in
2217 5563 2574 5620 desiderium
2597 5562 2723 5617 vitae
2755 5560 3029 5616 solitariae
3080 5559 3379 5622 sectandas,
3432 5558 3697 5614 rursus‘lue

2126 5654 2475 5712 netrahebar
2494 5654 2550 5708 in
2577 5652 2939 5725 prapositum
2967 5666 3080 5705 non
3111 5644 3413 5704 abdicandi
3444 5642 3555 5697 vita:
3581 5649 3698 5691 com-
