3984 6202
269 311 413 368 1215

1279 315 1640 368 SPECIMEN
1680 307 2080 368 ΒΑΡΙΒΠἯΒ
2117 317 2452 376 INDORUM
2489 325 2650 376 VET.

3544 321 3680 384 1⁸246

267 437 610 504 moda,dum
645 450 709 492 ea
739 449 1099 510 comparans
1131 451 1267 492 cum
1299 436 1919 509 mrumnis,angustiis,
1949 436 2004 502 Α
2035 441 2214 496 renda
2244 448 2302 498 et
2331 448 2590 503 curanda
2621 450 2891 521 conjuge,
2925 449 3128 506 liberis
3158 452 3500 519 educandis,
3541 469 3679 525 pro-

267 527 577 582 laboribus
609 524 740 580 vitae
770 525 965 596 inepis
997 526 1055 580 in
1089 525 1407 581 s'olitudine
1439 525 1928 597 degendm,haud-

265 623 573 688 quaquam
609 613 753 668 mihi
789 612 1121 669 faciendum
1155 614 1460 686 putabam,
1493 618 1557 669 ut
1605 613 1726 668 haec
1775 613 1927 670 ultro

265 704 605 776 abjicerem,
656 713 782 774 quae
827 704 969 758 forte
995 705 1373 775 postmodum
1416 704 1634 758 frustra
1667 703 1926 774 require-

268 803 416 850 rem.
446 795 602 849 Inter
627 792 736 848 hos
764 793 931 864 quasi
963 793 1176 848 fluctus
1207 793 1493 865 ancipites
1525 801 1810 849 sensuum
1859 805 1926 848 ac

265 883 532 939 votbrum
570 882 814 938 alternis
850 881 1286 954 przevalentium
1330 883 1604 954 ambigue
1647 884 1924 952 jactatus,

267 972 484 1028 similis
535 989 693 1028 eram
749 971 1019 1044 imperito
1046 972 1259 1042 judici,
1294 972 1492 1027 leviter
1524 973 1776 1027 mutanti
1808 970 1922 1026 cal-

264 1061 451 1132 culos,
496 1065 551 1119 et
603 1063 777 1118 modo
811 1063 1112 1117 damnanti
1164 1065 1338 1134 quem
1390 1061 1739 1129 Absolverat,
1791 1075 1923 1117 mox

267 1163 444 1224 quem
476 1153 858 1208 damnaverat
891 1167 1099 1206 rursus
1129 1151 1476 1207 absolventi.

267 1269 408 1326 CAP.
445 1271 544 1327 1X.
575 1301 642 1310 —-
675 1275 905 1324 Permes
929 1277 1144 1325 wierna
1169 1267 1724 1340 spectarerconslituit
1756 1285 1767 1322 :
1795 1267 1922 1324 vitio

643 1341 910 1397 humana:
939 1339 1223 1396 miseriam
1255 1339 1531 1394 describit.

335 1457 578 1529 Aliquid
626 1462 822 1513 tamen
858 1456 997 1512 certi
1050 1457 1274 1511 fructus
1323 1471 1391 1511 ex
1443 1455 1534 1510 his
1582 1455 1921 1512 altercantis

258 1563 464 1604 secum
496 1547 609 1603 mei
641 1547 822 1602 animi
856 1545 1166 1601 contrariis
1189 1545 1512 1602 assultibus
1537 1544 1918 1617 collegi.Con-

263 1637 536 1693 siderans
568 1637 726 1692 enim
759 1640 985 1691 tantam
1019 1634 1178 1690 illam
1205 1635 1262 1690 in
1286 1635 1441 1690 victu
1464 1634 1746 1706 cultuque
1770 1637 1920 1690 duri-

262 1727 406 1781 tiem
439 1729 794 1795 ascetarum,
817 1723 1183 1780 tolerabilem
1212 1723 1380 1796 ipsis,
1413 1723 1534 1779 imo
1567 1741 1801 1780 suavem
1831 1725 1912 1780 vi-

2035 533 2372 601 movendls;
2409 537 2740 593 ambiendis
2772 538 3115 606 honoribus,
3150 543 3520 597 commerciis
3571 545 3676 598 mi-

2035 621 2571 704 scendis,amicitiis
2598 628 3274 699 contrahendis,invidize
3300 631 3679 700 petitionibus

2031 709 2706 786 declinandis,perlculis
2731 718 3115 788 judiciorum,
3143 720 3415 774 fraudum
3445 719 3678 776 insidiis

2031 800 2202 855 anxia
2259 804 2622 871 providentia
2680 808 2971 863 eui/endis.
3031 809 3293 864 Senescit
3346 809 3498 864 inter
3556 811 3677 865 haec

2029 889 2478 947 circumferrens
2500 894 2559 947 in
2585 895 2707 949 Suis
2731 896 2856 966 ipse
2877 896 3196 953 visceribus
3221 915 3284 953 ac
3298 899 3459 953 venis
3484 899 3677 954 hostes

2029 993 2334 1049 nunquam
2361 982 2695 1052 quiscentes
2718 988 3670 1059 quatuor,sanguinem,phlegma,

2028 1067 2302 1138 chymum
2335 1070 2625 1140 etibilem;
2663 1073 2937 1130 obsessus
2969 1077 3222 1131 exterius
3255 1077 3486 1132 infestis
3518 1095 3674 1133 sem-

2028 1173 2130 1226 per
2184 1158 2462 1227 periculis
2519 1162 2864 1233 toxicorum,
2914 1165 3268 1236 viperarum,
3329 1173 3668 1238 serpentum

2027 1260 2237 1315 genere
2268 1248 2449 1319 Omni,
2473 1253 2598 1304 tum
2633 1250 2867 1307 leonum
2901 1253 3274 1324 ferarumque
3306 1256 3666 1312 rabidarum.

2029 1335 2304 1391 Praetereo
2335 1354 2605 1409 vaporem
2640 1341 2876 1395 noxium
2931 1341 3072 1397 solis
3122 1345 3400 1411 ardentis,
3455 1346 3669 1416 frigora

2025 1423 2285 1480 hiemum
2321 1444 2384 1482 ac
2415 1428 2655 1499 nivium,
2691 1431 2970 1501 pestilens
3004 1431 3485 1503 cmlum,luesque
3517 1453 3670 1489 aura:

2022 1511 2208 1568 tractu
2247 1520 2420 1587 atque
2463 1517 2646 1573 halitu
2699 1519 3045 1591 vulgabiles,
3097 1522 3506 1576 inundantiam
3559 1523 3668 1578 im-

2023 1601 2242 1668 brium,
2285 1603 2402 1660 tela
2449 1607 2696 1661 nubium
2746 1614 2804 1663 et
2847 1609 3162 1664 fulminum
3215 1610 3509 1666 horrores.
3561 1613 3670 1667 Per

2024 1689 2129 1746 has
2161 1691 2352 1749 minas
2393 1711 2686 1767 nusquam
2733 1714 2848 1751 non
2901 1696 3180 1765 intentas,
3230 1699 3277 1753 si
3329 1699 3462 1771 quis
3511 1700 3670 1758 varie

266 1780 1036 1892 deri,idcircoquodbrevis
1057 1814 1153 1884 sit,
1184 1780 1287 1868 nec
1310 1780 1466 1892 ultra
1486 1812 1612 1867 vitaa
1647 1813 1914 1871 mortalis
1943 1787 1992 1862 Β
2022 1780 2742 1892 fifﬁtjﬂnﬂflipefiingﬁ,
2772 1787 2842 1841 ad
2876 1786 3532 1892 decrél’ilémfm‘em,
3585 1791 3667 1890 ίξδί

261 1904 519 1976 spatium
554 1908 756 1972 exeat;
787 1887 1051 1960 vicissim
1083 1906 1280 1958 autem
1313 1887 1636 1974 excipiatur
1679 1904 1913 1974 gaudiis

252 1993 493 2048 aternia
547 2009 561 2048 :
615 1991 844 2048 decrevi
893 2008 999 2063 ego
1031 2007 1289 2063 quoque,
1319 1991 1483 2064 parvi
1514 1993 1727 2049 ducere
1756 1995 1912 2050 bona

252 2083 592 2154 prasentia,
625 2099 729 2155 spe
759 2100 825 2139 ac
872 2083 1308 2154 comparatione
1355 2083 1709 2140 futurorum.
1762 2086 1910 2141 Hine

249 2172 421 2243 quasi
476 2171 791 2227 consolans
841 2170 1096 2226 animam
1147 2186 1364 2236 meam,
1413 2174 1470 2226 et
1517 2172 1908 2242 comprobans

242 2261 627 2332 inexplebilia
657 2260 760 2316 illa
790 2260 1084 2316 desideria
1129 2259 1348 2332 quibus
1396 2261 1722 2317 inhiaverat
1761 2280 1904 2335 pro-

247 2354 493 2410 fessioni
541 2356 668 2408 vitae
715 2369 848 2409 cum
881 2353 1097 2408 virtute
1127 2353 1478 2424 conjunctze,
1513 2354 1776 2408 dicebam
1811 2371 1824 2410 :
1860 2354 1902 2410 Ο

249 2447 544 2514 quantum
575 2443 633 2497 in
658 2442 767 2498 hoc
811 2442 939 2497 vita;
993 2457 1205 2514 genere
1253 2458 1460 2513 aspero
1503 2443 1904 2516 destitutoque

251 2531 526 2588 laborum
593 2547 1103 2602 arumnarumque
1168 2531 1468 2587 sentiturl
1521 2533 1622 2587 sed
1693 2550 1902 2590 rursus

251 2637 436 2693 quam
468 2621 663 2677 brevis
713 2626 770 2676 et
817 2625 972 2676 ﬂuxa
1020 2624 1108 2676 est
1150 2619 1418 2692 voluptas
1467 2619 1898 2692 indulgentium

252 2710 467 2783 genio!
501 2726 681 2782 quam
734 2709 908 2766 fallax
956 2709 1216 2765 suavitas
1266 2713 1680 2767 momentaneo
1721 2717 1897 2784 gustu

250 2797 643 2856 evanescens!
697 2798 837 2864 Quis
887 2815 1058 2870 porro
1106 2803 1229 2855 tam
1286 2798 1442 2854 ltevaa
1494 2801 1730 2869 mentis,
1781 2818 1897 2858 non

249 2889 489 2945 abunde
519 2888 910 2961 compensari,
961 2905 1076 2944 non
1126 2889 1270 2943 bene
1322 2888 1542 2944 condiri
1594 2891 1759 2962 putet
1801 2907 1898 2947 ex-

247 2979 600 3050 perientiam
630 2979 862 3034 brevem
897 2995 1083 3050 parva:
1134 2977 1548 3034 amaritudinis
1595 2984 1892 3050 exspecta-

251 3066 413 3123 tione
442 3073 600 3123 certa
628 3066 958 3122 dulcedinis
989 3066 1386 3138 sempiternae?
1405 3068 1547 3133 Quis
1576 3067 1751 3125 homo
1783 3076 1892 3142 est,

243 3157 344 3211 cui
379 3157 426 3211 si
459 3155 714 3212 conditio
747 3157 969 3212 feratur
998 3156 1318 3212 subeundis
1351 3172 1454 3228 per
1497 3160 1733 3229 tempus
1775 3176 1888 3215 non
1923 3152 1967 3221 C

241 3245 493 3317 longum
527 3246 670 3301 arcti
702 3245 953 3302 carceris
983 3244 1289 3318 angustiae,
1323 3249 1386 3300 ut
1417 3261 1551 3301 mox
1581 3247 1637 3302 in
1669 3251 1896 3304 alternas

240 3335 601 3391 amaenitatis
631 3335 802 3390 beata
825 3334 1018 3406 spatia
1047 3333 1398 3405 laxetur,qui
1421 3341 1653 3393 recuset
1673 3342 1776 3392 aut
1795 3339 1899 3394 du-

236 3425 393 3480 bitet
415 3423 765 3480 admittere?
790 3425 877 3479 An
911 3438 1026 3479 non
1058 3431 1145 3479 est
1175 3423 1294 3480 haec
1324 3424 1442 3480 vita
1471 3425 1644 3496 plena
1675 3425 1894 3484 dolori-

235 3515 380 3583 bus,
413 3513 620 3568 acerba
656 3508 946 3578 cladibus,
997 3512 1170 3567 anxia
1221 3511 1534 3584 periculis;
1582 3513 1702 3571 im'o
1753 3516 1893 3588 quid

233 3602 502 3659 hominis
533 3602 592 3656 in
624 3607 778 3657 terra
808 3600 1170 3658 conversatio
1202 3600 1360 3656 aliud
1390 3607 1480 3657 est
1510 3619 1685 3674 quam
1731 3605 1892 3676 jugis

234 3692 506 3761 afﬂictio,
557 3695 782 3747 textum
833 3690 1173 3747 necessaria;
1221 3691 1495 3761 miseriae,
1545 3693 1888 3750 continuum

233 3786 600 3839 tormentum
632 3798 748 3836 uno
780 3780 1012 3836 saevitiae
1033 3785 1236 3836 tenore
1257 3798 1290 3836 a
1311 3780 1601 3853 principio
1620 3784 1688 3838 ad
1712 3784 1888 3840 finem

233 3871 586 3944 pertinens?
633 3871 936 3927 Enimvero
986 3870 1116 3942 ipsa
1161 3871 1422 3928 hominis
1483 3871 1672 3942 prima
1727 3873 1890 3945 origo

231 3977 418 4034 quam
448 3960 822 4016 vilis?Mucus
852 3977 1061 4031 nempe
1092 3959 1330 4036 quidam
1356 3960 1445 4032 (ut
1465 3960 1631 4017 aiunt
1654 3962 1890 4036 medici)

229 4049 516 4123 delapsus
547 4051 606 4106 in
648 4054 882 4107 uterum
931 4049 1214 4116 mulieris,
1265 4050 1466 4122 ibique
1512 4068 1646 4106 cum
1696 4052 1886 4123 ipsius

227 4141 525 4213 sanguine
554 4141 921 4210 commistus,
955 4140 1092 4195 inde
1121 4156 1502 4197 concrescens
1541 4141 1888 4214 dispertitur

225 4231 292 4286 in
328 4230 615 4300 membra,
647 4245 989 4300 moramque
1020 4229 1185 4285 ducit
1212 4228 1449 4302 longam
1480 4228 1540 4286 in
1571 4230 1690 4287 illis
1723 4236 1884 4289 tene-

224 4319 359 4376 bris
389 4324 447 4375 et
476 4319 770 4391 angustiis
801 4319 929 4374 sine
981 4318 1109 4373 cibo
1158 4323 1216 4374 et
1263 4327 1426 4390 potu,
1477 4323 1603 4375 tum
1655 4329 1882 4378 maturo

220 4413 439 4483 partus
470 4413 753 4480 tempore,
784 4423 919 4463 cum
952 4407 1184 4463 nixibus
1216 4411 1272 4463 et
1302 4409 1553 4466 summis
1581 4409 1882 4468 doloribus

2021 1868 2234 1942 reperit
2262 1873 2599 1942 eurLtandiu
2631 1875 2844 1931 vixisse
2893 1877 3186 1948 pceuiteat.
3237 1882 3422 1948 Super
3471 1879 3668 1935 omnia

2018 1960 2177 2015 mers
2234 1959 2456 2032 ingruit
2508 1963 2730 2020 incerta
2786 1965 2877 2020 sui
2933 1967 3365 2039 exepectatione
3422 1967 3662 2039 longum

2015 2049 2254 2117 vexatis,
2290 2051 2808 2136 tristissimamque
2841 2073 2872 2111 a
2906 2057 3146 2124 mundo,
3183 2074 3215 2112 a
3247 2057 3430 2128 patria
3461 2059 3663 2115 domo-

2015 2148 2147 2210 que,
2181 2159 2213 2196 a
2246 2144 2552 2214 complexu
2585 2146 2918 2215 charorum,
2953 2164 2985 2202 a
3031 2147 3251 2219 liberis,
3307 2150 3660 2222 consangui-

2013 2230 2162 2299 neis,
2214 2232 2442 2302 amicis,
2492 2234 2788 2304 fratribus,
2820 2253 2851 2290 a
2883 2235 3099 2308 spebus
3129 2239 3258 2293 vitae
3290 2239 3518 2295 cunctis
3551 2239 3663 2294 mi-

2011 2319 2337 2389 grationem
2372 2321 2810 2379 inexorabilitcr
2838 2326 3072 2381 edicens
3124 2344 3136 2383 :
3191 2326 3374 2381 multo
3424 2328 3654 2384 interim

2012 2409 2202 2480 magis
2235 2410 2526 2482 crucians,
2562 2413 2794 2470 conscia
2825 2415 3158 2488 suspicione
3191 2432 3514 2487 poenarum,
3540 2416 3658 2470 aui-

2011 2512 2121 2553 maa
2144 2515 2276 2554 mox
2297 2517 2540 2572 corpore
2563 2503 3168 2573 solutaz,luendarum,
3189 2506 3262 2559 ob
3284 2522 3398 2560 non
3432 2506 3659 2577 expiata

2007 2586 2134 2641 vitae
2167 2583 2406 2644 scelera.
2456 2590 2656 2646 Eritne
2707 2592 3024 2664 quisquam
3076 2610 3229 2649 sana)
3279 2595 3514 2660 mentis,
3566 2594 3658 2649 his

2006 2679 2334 2748 perpensis,
2365 2695 2538 2750 quem
2570 2680 2753 2751 hujus
2784 2699 3124 2737 aerumnosa
3157 2700 3222 2738 ac
3254 2683 3655 2754 corruptibilis

2005 2765 2134 2820 vitae
2167 2781 2281 2822 non
2310 2765 2559 2824 tradeat?
2585 2770 2685 2840 qui
2718 2769 2966 2826 libenter
2997 2769 3090 2826 hic
3122 2773 3218 2843 sit,
3255 2773 3356 2844 qui
3386 2773 3653 2845 volupta—

2003 2858 2131 2909 tum
2163 2859 2221 2911 et
2252 2856 2516 2928 turpium
2550 2862 2607 2913 et
2639 2859 2936 2930 fugacium
2969 2865 3142 2932 gustu
3195 2863 3497 2932 capiatur?
3548 2862 3650 2932 qui

2004 2943 2174 2999 ﬂuxis
2222 2949 2278 3000 et
2329 2946 2567 3000 caducis
2619 2946 2974 3002 inaedificare
3023 2965 3156 3019 spes
3206 2950 3547 3006 ambitiosas
3595 2955 3652 3005 et

2003 3048 2206 3087 secure
2255 3030 2528 3088 insistere
2558 3051 2673 3088 non
2704 3032 2974 3090 dubitet?
3003 3036 3086 3091 Sit
3116 3035 3215 3092 ille
3245 3037 3376 3093 licet
3399 3055 3514 3107 rex,
3550 3039 3647 3108 sit,

2005 3122 2109 3178 Dei
2157 3121 2448 3194 singulari
2495 3124 2797 3192 beneficio,
2849 3127 3078 3182 cunctis
3126 3131 3346 3182 natura;
3388 3129 3647 3195 dotibus,

2006 3209 2253 3267 fortunae
2285 3204 2579 3267 favoribus
2611 3217 2890 3281 ornatus;
2923 3215 3113 3286 vigeat
3141 3216 3646 3288 valetudine,gau-

2004 3301 2137 3356 deat
2168 3300 2400 3372 opibus,
2431 3303 2636 3358 ﬂoreat
2664 3303 3094 3360 existimatione
3126 3322 3191 3359 ac
3222 3307 3410 3373 fama;
3463 3312 3650 3363 exstet

2002 3389 2118 3444 alte
2147 3391 2503 3462 conspicuus
2530 3391 2588 3445 in
2621 3409 2750 3447 arce
2772 3394 3025 3462 quadam
3051 3393 3318 3448 humanas
3354 3395 3647 3452 felicitatis

2002 3495 2034 3534 a
2073 3480 2302 3535 cunctis
2332 3479 2664 3552 vulgarium
2692 3480 3201 3537 incommodorum
3234 3489 3532 3553 protectus
3564 3485 3648 3540 in-

2001 3564 2259 3622 sultibus
2290 3582 2305 3622 :
2340 3567 2484 3622 feret
2514 3565 2712 3623 tamen
2746 3585 2945 3625 secum
2977 3583 3330 3644 quocunque
3375 3575 3648 3630 ascendet

2000 3657 2300 3711 rudentem
2336 3657 2496 3711 intus
2527 3658 2743 3712 tineam
2787 3659 2944 3713 lente
2990 3663 3539 3729 grassantispexitii,
3591 3669 3646 3719 et

1997 3743 2409 3799 insidiantium
2443 3745 2705 3816 undique
2736 3746 3140 3802 calamitatum
3177 3767 3357 3804 unum
3400 3752 3645 3822 reperiet

1997 3834 2213 3888 exitum
2246 3834 2305 3888 in
2337 3833 2500 3890 clade
2535 3835 2758 3906 ultima,
2792 3836 3047 3892 animam
3099 3839 3210 3909 ipsi
3254 3857 3318 3893 ac
3367 3841 3640 3911 spiritum

1995 3925 2270 3981 extremis
2303 3925 2621 3997 angoribus
2653 3931 2968 3983 extortura.

1995 4041 2127 4098 CAP.
2155 4037 2227 4097 X.
2263 4073 2331 4083 --
2363 4043 2680 4118 Ιηρεοιίεἱίαδ⁸
2697 4037 3015 4118 mortalium
3073 4047 3348 4102 luculento
3397 4047 3637 4118 symbolo

2647 4115 2979 4172 declaratur.

2065 4236 2200 4287 Post
2227 4230 2346 4286 haec
2375 4229 2681 4302 ingressus
2713 4249 2818 4305 ego
2850 4250 3053 4289 rursus
3099 4233 3160 4288 in
3211 4235 3475 4290 altiorem
3498 4252 3638 4291 con—
3729 4256 3750 4270 ·ι

1991 4320 2407 4377 siderationem
2470 4337 2665 4376 rerum
2723 4339 2851 4394 quae
2907 4323 3182 4378 visuntur
3230 4325 3288 4378 in
3337 4325 3447 4381 hoc
3474 4326 3634 4394 orbe,

1991 4411 2379 4468 animadverti
2411 4417 2815 4468 creaturarum
2849 4415 3114 4470 omnium
3149 4417 3314 4470 facile
3357 4422 3635 4488 prmstan-

221 4497 672 4570 ejicitur.Natus
695 4511 840 4570 puer
861 4496 1172 4569 multiplici
1196 4496 1522 4554 ministerio
1543 4499 1881 4570 gerulorum
1911 4531 1958 4596 D
1988 4501 2289 4557 tissimum
2323 4515 2452 4557 esse
2479 4501 3006 4573 hominem,verum
3038 4506 3308 4560 eumdem
3343 4507 3636 4579 negligen-

221 4593 289 4644 et
322 4586 645 4651 nutricum,
679 4603 779 4658 per
809 4586 982 4641 fletus
1011 4586 1126 4641 fere
1157 4587 1428 4642 assiduos
1474 4587 1544 4642 ad
1599 4589 1880 4644 creberri-

222 4693 396 4734 mum
429 4691 671 4752 sensum
705 4674 1286 4747 famiss,itis,algoris
1317 4675 1724 4749 similiumque
1754 4695 1879 4734 ma-

221 4751 449 4834 lorum,
484 4763 701 4836 quibus
733 4763 997 4835 subjacet
1023 4763 1317 4820 imbecilla
1347 4764 1613 4835 infantia,
1666 4768 1880 4840 perdu-

223 4857 388 4912 citur
416 4856 487 4912 ad
524 4853 1008 4910 molestissimum
1055 4853 1167 4926 ipsi
1215 4854 1686 4913 ablactationem.
1740 4859 1880 4916 Inde

219 4944 531 5017 magistris
561 4943 917 5011 edocendus,
952 4943 1061 5000 hoc
1091 4945 1180 5000 est
1208 4945 1654 5017 excruciandus,
1695 4947 1878 5002 tradi-

219 5046 345 5103 tur,
377 5034 864 5106 subigendusque
897 5038 1115 5089 terrore
1150 5050 1217 5089 ac
1266 5033 1457 5107 plagis
1507 5035 1576 5089 ad
1625 5035 1874 5105 litteras,

215 5134 327 5182 aut
359 5129 512 5180 artes
541 5127 929 5194 crateramque
959 5121 1335 5195 disciplinam
1367 5123 1633 5195 improbo
1679 5124 1876 5182 labore

211 5213 614 5285 arripiendas.
644 5212 802 5266 Mitto
837 5213 1026 5268 febres
1075 5213 1387 5285 variosque
1436 5211 1768 5285 languores,
1818 5219 1875 5272 et

204 5305 420 5378 pejora
453 5299 623 5356 malis
673 5299 932 5357 remedia
981 5300 1492 5357 amarissimarum
1544 5303 1868 5375 potionum.

213 5393 322 5450 Sic
351 5391 412 5446 in
443 5390 838 5446 robustiorum
866 5390 1073 5445 educto
1103 5394 1358 5457 :etatem,
1390 5389 1542 5446 alius
1576 5407 1691 5446 non
1735 5393 1870 5447 faci-

205 5483 436 5538 liorum
468 5477 854 5535 certaminum
888 5495 1134 5550 campus
1167 5477 1746 5550 aperitur,latissime
1769 5497 1868 5551 pa-

205 5565 353 5628 tens
386 5571 442 5624 iu
478 5580 651 5625 caras
682 5570 1201 5638 contentionesque
1233 5565 1515 5624 sollicitas
1540 5568 1750 5624 diversi
1777 5588 1870 5644 ge-

204 5652 378 5718 neris
414 5675 426 5715 :
460 5659 518 5714 in
553 5655 774 5713 divitiis
805 5658 1085 5729 parandis
1118 5657 1420 5730 partisque
1446 5658 1866 5732 tu'endis,quas-

1993 4598 2110 4648 tem
2145 4591 2256 4661 sui,
2279 4609 2342 4646 ac
2370 4593 2601 4663 proprie
2626 4594 2832 4649 salutis
2864 4594 3250 4668 incuriosum,
3285 4595 3446 4652 illam
3480 4605 3634 4670 post-

1992 4683 2202 4738 habcre
2227 4680 2628 4753 voluptatibus
2654 4699 2960 4741 sensuum.
2994 4687 3141 4740 Tum
3195 4687 3280 4742 sic
3327 4690 3483 4760 apud
3537 4705 3630 4744 me

1989 4772 2105 4827 dixi
2141 4791 2153 4828 :
2183 4771 2406 4827 Similis
2428 4776 2517 4827 est
2539 4771 2714 4828 homo
2737 4774 2856 4830 viro
2879 4776 3135 4847 cuipiam
3162 4779 3405 4850 fugienti
3431 4798 3462 4835 a
3486 4781 3631 4838 facie

1988 4862 2092 4917 feri
2127 4860 2602 4929 monoccrotis,et
2633 4879 2883 4919 cursusu
2916 4863 3015 4920 illo
3048 4866 3238 4923 delato
3272 4869 3328 4924 in
3363 4871 3625 4941 praecipi-

1986 4951 2134 5006 tium
2166 4948 2480 5005 imminens
2512 4949 2819 5021 lacuiﬁubi
2852 4961 3082 5025 reperta
3130 4956 3350 5029 ingenti
3401 4960 3624 5026 arbore,

1987 5039 2325 5094 conscendit
2356 5040 2413 5094 in
2439 5056 2633 5096 ramos
2662 5041 2792 5112 ejus
2825 5042 3348 5120 inferiores,iisque
3379 5067 3625 5120 suspen-

1985 5147 2088 5185 sus
2119 5129 2303 5184 haesit.
2336 5127 2767 5186 Nidulabantur
2797 5134 2907 5188 sub
2939 5151 3074 5191 cavo
3105 5138 3318 5192 cortice
3347 5139 3476 5210 ejus
3530 5157 3625 5194 ar-

1983 5218 2139 5275 boris
2189 5235 2410 5290 angues
2459 5223 2730 5290 quatuor,
2780 5225 3139 5282 tercbrantes
3189 5228 3402 5298 ipsam,
3434 5233 3490 5282 et
3521 5243 3623 5298 per

1981 5308 2288 5375 foramina,
2323 5326 2449 5380 qua:
2484 5311 2734 5366 rodendo
2770 5312 3041 5385 fecerant,
3083 5317 3274 5387 capita
3322 5320 3620 5370 ostentan-

1979 5402 2087 5453 tes.
2121 5396 2461 5468 Despiciens
2490 5397 2624 5454 inde
2649 5401 2716 5455 ad
2750 5402 2975 5458 radices
3006 5405 3252 5471 arboris,
3285 5403 3429 5458 vidit
3458 5421 3622 5458 accu-

1979 5485 2212 5541 bantem
2263 5487 2575 5542 draconem
2637 5488 2976 5559 immanem,
3032 5497 3195 5546 vasto
3247 5492 3617 5547 diductamm

1978 5575 2234 5630 faucium
2269 5576 2527 5632 hiantem
2563 5579 2773 5649 spatio,
2804 5580 2871 5632 ad
2907 5597 2988 5648 se,
3025 5581 3119 5632 ubi
3157 5579 3488 5651 decidisset,
3515 5584 3615 5638 ab-

1975 5665 2356 5722 sorbendum.
2389 5667 2545 5719 Vidit
2589 5669 2645 5719 et
2692 5683 2888 5720 mures
2931 5667 3099 5736 duos,
3159 5668 3356 5725 album
3409 5689 3612 5743 unum,
