4002 6202
368 308 507 362 1247

1869 312 2258 366 APPENDIX.

3643 310 3784 364 125%

363 436 597 506 nigrum
633 433 902 497 alterum,
934 433 1135 486 rodere
1165 433 1402 488 assidue
1434 435 1564 490 illos
1597 434 1756 506 ipsos
1790 434 2004 505 quibus
2038 440 2089 502 Α
2120 435 2339 505 quibus
2371 450 2526 502 aegra
2560 434 2889 489 mortalitas
2915 434 3207 490 innititur.
3241 437 3506 500 Quatuor
3555 452 3783 505 angues

368 523 678 578 insistebat
710 537 924 587 ramos,
959 521 1376 578 admordentes
1409 540 1508 578 eos
1545 524 1673 578 sine
1719 524 2022 600 intermis-

367 611 531 664 sione
585 626 700 680 qua
735 612 895 680 parte
930 610 1449 666 committebantur
1479 617 1725 680 trunco;
1762 613 2021 684 profece-

368 702 615 768 rantque
646 698 945 754 arrosione
977 699 1252 754 continua
1283 706 1536 764 tantum,
1571 706 1631 756 ut
1665 701 1795 772 plus
1828 702 2022 756 media

364 786 630 840 crassitie
662 786 1044 855 accisa,tenui
1075 794 1300 843 tantum
1336 789 1597 862 segmine
1620 806 1686 844 ac
1733 789 1891 844 velut
1923 789 2019 844 filo

365 875 870 942 nutanti,ramalia
893 875 993 930 illa
1016 877 1350 948 quasipsum
1373 877 2018 950 sustentabantplantm

363 963 553 1035 stipiti
588 964 892 1019 haererent.
930 966 988 1018 In
1027 965 1116 1019 his
1150 966 1328 1020 miser
1359 967 1673 1037 angustiis,
1709 972 1882 1037 prout
1915 983 2019 1036 par

363 1057 506 1119 erat,
542 1053 827 1108 aestuabat
855 1054 1073 1122 animo,
1107 1053 1397 1109 sollicitus
1423 1072 1673 1125 quonam
1729 1060 1896 1125 pacto
1945 1071 2012 1108 ex

364 1147 448 1197 tot
472 1143 734 1212 undique
758 1143 1170 1214 ingruentibus
1194 1144 1471 1213 periculis
1495 1143 1694 1198 salvus
1724 1145 2013 1200 evaderet.

363 1231 490 1286 Tali
522 1248 665 1286 cura
697 1231 1028 1302 suspiciens
1061 1233 1207 1286 forte
1238 1233 1587 1301 observavit,
1612 1250 1678 1287 ex
1710 1234 2016 1288 cacumine

365 1321 612 1383 arboris,
647 1320 744 1374 ubi
779 1337 917 1390 apes
948 1321 1106 1375 favos
1140 1322 1413 1385 fecerant,
1448 1321 1558 1376 mel
1593 1321 1859 1376 deﬂuens
1891 1320 2014 1375 stil-

363 1408 507 1477 lare,
535 1407 712 1478 quod,
747 1425 890 1463 usus
919 1409 1377 1478 opportunitate,
1405 1416 1643 1480 gustare
1676 1411 2014 1480 coapit,tan-

363 1500 610 1566 tumque
641 1495 742 1549 illa
790 1495 1100 1551 dulcedine
1153 1496 1478 1552 oblcctatus
1525 1503 1632 1562 est,
1685 1504 1751 1551 ut
1798 1497 2013 1552 oblitus

364 1584 875 1638 circumstantium
946 1591 1368 1651 monstrorum,
1423 1586 1524 1640 feri
1596 1587 2010 1655 monocerotis,

366 1672 664 1728 horribilis
718 1673 1010 1738 draconis,
1063 1671 1380 1743 bydrorum
1431 1680 1700 1744 quatuor,
1756 1676 2010 1729 duorum

2125 523 2257 577 sinu
2285 524 2415 595 ipso
2437 523 2620 579 clausi
2647 523 2896 590 arboris,
2930 523 3210 580 humores
3231 531 3489 596 quatuor
3509 526 3785 594 ﬁgurant,

2123 628 2372 684 quorum
2407 613 2710 682 temperie,
2743 613 2968 668 mutuis
3014 613 3263 668 invicem
3309 619 3667 670 cunctorum
3721 616 3787 670 Ii-

2123 702 2292 756 brata
2313 700 2756 767 certaminibus,
2787 719 3004 774 corpus
3027 701 3185 769 vivit;
3220 705 3526 773 perforant
3547 705 3582 759 ii
3616 710 3784 759 trun—

2121 807 2255 845 cum
2287 795 2580 862 caputque
2609 796 2910 857 exserunt,
2935 792 3166 862 quoties
3191 809 3346 848 unus
3368 809 3554 864 supra
3574 811 3785 850 omnes

2120 878 2463 950 praevalens,
2494 880 2731 934 morbos
2762 885 2942 945 creat,
2989 879 3293 934 interitum
3351 881 3612 949 minans,
3670 882 3784 937 nisi

2119 967 2206 1022 vis
2235 969 2363 1037 ejus
2397 967 2887 1022 medicaminibus
2919 976 3119 1023 retusa
3141 969 3210 1023 ad
3245 974 3780 1040 temperamentum

2120 1062 2592 1127 concentumque
2622 1056 2935 1126 redigatur.
2986 1057 3170 1112 Draco
3209 1057 3438 1113 inferne
3485 1061 3780 1116 accubans

2120 1146 2305 1201 Orcus
2337 1151 2573 1216 est,quo
2605 1144 3020 1199 inevitabilitcr
3047 1146 3244 1200 cuncti
3279 1146 3591 1201 trudimur.
3613 1148 3780 1202 Duo-

2119 1251 2248 1288 rum
2277 1234 2530 1289 murium
2555 1233 2846 1288 candidus
2868 1235 3181 1303 diem,ater
3203 1240 3434 1290 noctem
3461 1236 3776 1305 signiﬁcat:

2120 1324 2206 1378 ha:
2237 1323 2422 1378 fulcra
2465 1323 2595 1378 vitae
2645 1323 2960 1388 subruunt,
3009 1323 3368 1378 indesinenti
3421 1325 3788 1381 detractione

2119 1413 2379 1483 spatium
2411 1411 2641 1467 vivendi
2672 1411 3029 1468 minuentes.
3050 1412 3308 1468 Fallaces
3339 1413 3648 1485 ῃοιὶεθςιιθ
3676 1432 3783 1470 vo-

2119 1502 2374 1573 luptates
2408 1501 2602 1556 mellis
2631 1517 2884 1572 superne
2917 1501 3218 1557 efﬂuentis
3251 1501 3545 1558 insidiosa
3593 1503 3789 1558 stilla-

2117 1591 2274 1645 tione
2307 1589 2915 1645 adumbranturzhaac
2949 1590 3106 1646 enim
3144 1591 3473 1661 perniciose
3508 1592 3791 1648 mortales

2118 1679 2391 1748 oblectat,
2431 1695 2688 1734 avocans
2737 1683 2965 1734 mentes
3011 1694 3217 1734 eorum
3267 1697 3301 1735 a
3354 1679 3572 1735 salutis
3626 1697 3789 1751 cura,

370 1762 652 1826 murium,
689 1778 902 1826 ramos,
935 1761 1148 1830 quibus
1188 1763 1594 1818 sustinebatur
1623 1781 1694 1819 ne
1721 1765 1778 1817 in
1806 1763 2002 1835 gulam
2036 1790 2084 1854 Β
2119 1769 2441 1839 afﬁxosque
2490 1768 2648 1840 ipsos
2677 1768 2847 1823 fluxis
2880 1769 3136 1840 gaudiis,
3171 1785 3242 1825 ne
3272 1769 3641 1842 sempiterna
3675 1771 3788 1826 sibi

365 1849 636 1905 draconis
668 1850 920 1914 caderet,
948 1850 1219 1922 stirpitus
1249 1852 1698 1920 succidentium,
1750 1856 2009 1910 suaviter

367 1939 783 2010 acquiesceret,
819 1939 985 1993 avide
1016 1956 1083 1993 ac
1113 1956 1314 1994 secure
1345 1946 1590 2011 captans
1619 1959 1871 2013 superne
1910 1944 2013 1998 de-

365 2028 687 2082 stillantem
709 2027 999 2097 liquorem
1024 2027 1390 2085 melleum.ld
1419 2030 1556 2084 dum
1581 2031 1721 2102 agit,
1746 2031 2015 2102 abruptis

365 2117 602 2172 tandem
638 2117 840 2180 ramis,
873 2116 1149 2171 decidens
1180 2117 1403 2182 infelix,
1447 2134 1580 2174 esca
1627 2120 1818 2175 factus
1870 2121 2014 2177 dra-

366 2205 529 2260 conis
559 2204 868 2274 inhiantis,
902 2205 1147 2260 inleriit.
1183 2206 1244 2261 In
1279 2207 1387 2262 hac
1416 2205 1675 2280 imagine
1705 2210 1865 2264 ferus
1897 2209 2016 2264 rhi-

370 2311 609 2350 noceros
639 2294 910 2365 designat
941 2298 1185 2350 mortem
1210 2296 1677 2366 pertinacissime
1697 2297 2016 2356 instantem

371 2382 616 2448 homini,
667 2387 724 2437 et
771 2399 1122 2456 quocunque
1168 2400 1231 2439 se
1280 2385 1591 2440 contulerit
1628 2402 1762 2442 eum
1815 2404 2016 2459 perse-

371 2475 671 2542 quentem,
707 2469 886 2525 nullis
921 2487 1171 2541 usquam
1221 2471 1273 2526 ei
1322 2473 1469 2528 tutis
1516 2474 1588 2530 ab
1639 2491 1706 2530 ea
1755 2475 2017 2532 latebris.

369 2557 555 2613 Lacus
607 2563 697 2612 est
744 2559 864 2613 vita
917 2559 1034 2613 hzec
1069 2559 1304 2630 misera,
1338 2563 1616 2616 monstris
1646 2567 1896 2630 scatens,
1929 2565 2016 2620 in-

371 2646 521 2700 festa
549 2646 894 2716 naufragiis,
929 2648 1167 2702 infamis
1214 2647 1502 2719 cladibus,
1554 2652 1713 2721 regio
1761 2652 2020 2708 infausta

373 2733 790 2805 lacrymarum.
817 2734 990 2790 Rami
1021 2736 1137 2789 duo
1180 2737 1466 2808 suppositi
1517 2739 1786 2809 pedibus,
1835 2741 2020 2797 arrosi

372 2840 406 2878 a
428 2823 1098 2896 muribus,temporarize
1120 2841 1256 2897 spes
1278 2831 1335 2881 et
1356 2827 1521 2882 ﬂuxae
1548 2829 2018 2899 commoditates,

2123 1857 2480 1929 provideant,
2539 1855 2830 1912 detinens.
2881 1856 2986 1912 His
3039 1873 3144 1928 ego
3195 1857 3507 1929 perpensis
3562 1863 3790 1913 attente

2125 1945 2423 2013 omnibus,
2471 1945 2700 2001 decrevi
2745 1951 3008 2016 perstare
3055 1950 3368 2001 contentus
3422 1947 3790 2018 professione

2127 2049 2769 2106 mea,magn0pereque
2801 2034 3045 2090 incubui
3077 2037 3144 2089 ad
3180 2035 3686 2091 benemerendum
3721 2037 3791 2091 de

2125 2122 2547 2194 indigentibus,
2583 2127 2640 2178 et
2670 2140 2902 2194 quoquo
2935 2124 3129 2189 modo,
3171 2140 3358 2195 quave
3414 2140 3597 2196 opera
3651 2141 3790 2194 pos-

2127 2227 2274 2282 sem,
2306 2211 2509 2282 inepes
2531 2211 2862 2281 juvandos:
2898 2212 2982 2267 sic
3012 2217 3318 2284 reputans,
3351 2211 3508 2267 banc
3539 2227 3672 2267 esse
3703 2213 3796 2266 de-

2125 2301 2284 2370 bere,
2317 2300 2365 2356 si
2400 2299 2520 2355 ulla
2551 2300 2652 2369 sit,
2685 2299 2900 2356 salutis
2929 2299 3106 2368 viam,
3142 2317 3510 2373 speransque
3541 2300 3790 2356 felicita-

2127 2393 2265 2455 tem,
2298 2390 2470 2460 cujus
2512 2388 2782 2445 innatum
2831 2389 3060 2445 homini
3107 2389 3470 2445 desiderium
3523 2394 3638 2459 est,
3688 2389 3789 2444 tali

2128 2478 2501 2551 potissimum
2535 2479 2943 2534 assectandam
2975 2484 3211 2534 conatu.
3252 2479 3336 2534 lla
3378 2480 3719 2550 composita
3763 2496 3792 2534 e

2129 2567 2294 2639 prius
2315 2568 2654 2623 memoratis
2677 2567 3164 2623 ﬂuctuaticnibus
3187 2571 3383 2624 mente
3407 2567 3635 2623 missus
3659 2584 3792 2623 sum

2129 2674 2163 2710 a
2193 2673 2327 2728 rege
2356 2657 2610 2713 Cbosroe
2657 2657 2718 2713 in
2771 2657 2997 2712 Indiam
3051 2673 3064 2710 :
3116 2656 3372 2727 indeque
3418 2656 3479 2711 in
3533 2657 3790 2728 patriam

2129 2747 2313 2801 redux
2353 2747 2510 2801 edidi
2561 2746 2781 2802 multos
2828 2745 3030 2813 libros,
3063 2763 3096 2801 e
3126 2745 3345 2818 quibus
3375 2745 3474 2800 hic
3504 2763 3668 2802 unus
3699 2751 3789 2801 est

2129 2839 2526 2908 nuncupatus,
2559 2835 2848 2908 Specimcn
2885 2834 3191 2907 Sapientia?
3218 2835 3500 2890 Indorum.

1593 3207 2554 3332 SPECIMEN

453 3441 1575 3606 SAPIENTI/E
1687 3446 2625 3614 INDORUM
2709 3454 3673 3619 VETERUM

1912 3735 1981 3779 EX
1993 3735 2240 3782 HIBITUM

933 3887 1704 3950 DISSERTATIONIBUS
1745 3890 2271 3952 PARABOLICIS
2314 3894 2750 3960 QUINDECIM
2795 3897 3208 3960 CUIUSDAM

1175 3994 1866 4056 GYMNOSOPHIS'I‘IE
1908 3997 2014 4056 AD
2057 3997 2635 4062 ABESSALUMUM
2683 4005 2971 4065 REGEM.

1503 4285 2021 4346 DlSSER'l‘ATIO
2063 4289 2555 4350 PAltABOLlCA
2599 4293 2646 4352 Ι.

380 4400 783 4501 Ιῖθρτατερηιᾳι
814 4407 874 4465 in
923 4412 1288 4498 I"estigatore
1317 4418 1482 4468 artes
1510 4409 1866 4501 ambitipnis
1896 4413 2202 4501 improbae,
2237 4416 2620 4501 conciliantis
2647 4427 2704 4478 et
2729 4418 3061 4480 dirimentis
3098 4421 3258 4481 inter
3306 4425 3469 4482 alios
3513 4424 3772 4501 gratiam

451 4483 532 4573 ad
555 4493 848 4561 quaestum
873 4483 1392 4573 propr-{antroque
1415 4492 1776 4573 peremnia
1830 4483 2054 4554 scelera
2099 4483 2448 4573 grassantis.
2502 4497 2709 4558 Obiter
2754 4501 2946 4560 multa
2991 4501 3341 4561 inseruntur
3388 4483 3543 4564 aliud
3569 4506 3764 4565 varias

450 4563 587 4622 vita:
613 4580 689 4622 ac
716 4563 1510 4647 moralis'doctrz'nm'partes
1541 4568 1960 4649 in/ormantz'a.

441 4712 881 4804 Abessalomus,
916 4718 1188 4774 Indorum
1224 4734 1343 4789 rex,
1375 4721 1672 4776 consuluit
1702 4726 2014 4795 quemdam
2049 4727 2091 4792 C
2131 4726 2330 4796 vitam,
2365 4728 2469 4784 hos
2500 4730 2878 4787 admonuisse
2908 4733 3102 4788 verbis
3133 4733 3482 4804 hujusmodi
3518 4753 3532 4790 :
3564 4736 3609 4792 Ο
3665 4735 3772 4791 mei

372 4815 402 4854 e
433 4801 558 4855 suis
591 4801 983 4860 familiaribus
1013 4808 1586 4880 gymnosophistam,
1619 4811 1822 4868 dicens
1845 4815 2020 4870 :Volo

377 4906 408 4943 a
437 4894 492 4944 te
521 4889 667 4944 mihi
699 4891 983 4948 declarari
1018 4912 1118 4966 per
1147 4897 1432 4968 exempla,
1466 4914 1582 4968 quo
1634 4902 1804 4956 modo
1859 4903 2016 4957 (τως

369 4977 649 5033 dulentus
704 4985 760 5035 et
814 4981 1111 5055 malignus
1160 4985 1270 5052 vir,
1323 4986 1636 5044 insinuans
1685 5006 1812 5046 sese
1861 4991 2014 5046 inter

367 5068 588 5124 amicos
621 5069 789 5135 duos,
823 5070 1061 5127 dirimat
1092 5077 1148 5127 et
1178 5074 1236 5129 in
1269 5075 1470 5130 odium
1505 5084 1828 5135 commutet
1877 5097 2015 5136 enn-

370 5162 618 5213 tractam
652 5158 818 5229 prius
851 5160 1002 5216 inter
1030 5161 1191 5232 ipsos
1221 5163 1561 5222 amicitiam.

441 5247 483 5302 I.
520 5248 602 5301 Ad
636 5264 704 5302 ea
743 5248 804 5303 in
850 5247 1008 5304 hunc
1061 5251 1300 5306 modum
1352 5256 1654 5326 respondit
1703 5273 2014 5329 gymnoso-

371 5337 568 5410 phista
601 5354 616 5392 :

442 5431 645 5483 Fertur
674 5433 964 5485 mercator
993 5431 1232 5501 quidam
1265 5431 1537 5504 copiosus
1570 5452 1634 5490 ac
1666 5436 2017 5501 dives,ﬁlios

368 5515 590 5572 habens
624 5518 821 5589 pigros
853 5523 910 5574 et
959 5536 1061 5592 per
1109 5520 1396 5574 desidiam
1449 5539 1683 5577 aversos
1731 5526 1803 5578 ab
1849 5526 2014 5578 addi-

371 5607 587 5661 scenda
623 5608 1057 5682 factitandaque
1087 5614 1210 5664 arte
1242 5610 1518 5682 quapiam
1552 5627 1620 5666 ex
1653 5613 1897 5669 utilibus
1945 5616 2016 5669 ad

2128 4815 2257 4881 ﬁlii,
2308 4818 2406 4887 qui
2461 4818 2518 4873 in
2571 4819 2680 4874 hac
2726 4821 2845 4876 vita
2893 4827 3296 4890 conversatur,
3326 4824 3525 4879 tribus
3553 4825 3773 4896 indiget

2129 4905 2338 4960 rebus:
2365 4921 2541 4977 opum
2575 4907 2740 4980 copia
2767 4909 3095 4965 sufficiente
3121 4912 3192 4965 ad
3214 4911 3432 4967 victum
3457 4920 3517 4968 et
3537 4913 3772 4980 cultum,

2130 4993 2280 5048 bona
2315 4995 2465 5050 fama
2495 5001 2552 5050 et
2579 4996 3012 5053 existimatione
3063 5001 3217 5071 apud
3272 5000 3572 5072 homines,
3620 5003 3774 5057 deni-

2127 5097 2240 5151 que
2290 5081 2442 5138 felici
2491 5085 2858 5141 assecutione
2907 5087 3298 5156 repositorum
3341 5090 3400 5144 in
3434 5090 3558 5145 vita
3588 5092 3774 5146 futura

2119 5169 2300 5239 justis
2329 5171 2636 5229 bonorum.
2663 5177 2794 5228 Haec
2825 5191 2997 5245 porro
3029 5175 3142 5231 tria
3173 5194 3288 5232 non
3323 5177 3499 5233 aliter
3522 5179 3627 5234 ulli
3651 5195 3774 5233 con-

2128 5258 2367 5330 tingunt
2397 5277 2572 5330 quam
2606 5279 2707 5333 per
2737 5262 2849 5319 ista
2890 5268 3165 5336 quatuor,
3215 5282 3472 5336 quorum
3526 5269 3768 5340 primum

2127 5352 2217 5403 est
2250 5364 2263 5403 :
2299 5349 2600 5420 possidere
2631 5351 2865 5407 divitias
2887 5353 3050 5423 jusle
3082 5358 3320 5425 partas;
3357 5355 3638 5421 alterum,
3684 5371 3770 5411 eas

2127 5437 2545 5494 administrare
2577 5456 2641 5494 ac
2671 5440 3012 5512 dispensare
3055 5441 3383 5513 sapienter;
3418 5445 3680 5513 tertium,
3708 5461 3767 5498 ex

2127 5527 2197 5579 iis
2229 5542 2467 5598 erogare
2499 5527 3250 5601 indigentibus,prmsertim
3283 5532 3424 5587 dum
3453 5535 3761 5604 postulant:

2127 5615 2235 5670 hoc
2267 5618 2422 5671 enim
2451 5633 2598 5690 opus
2630 5623 2686 5673 et
2716 5618 2773 5673 in
2807 5617 2915 5674 hac
2945 5621 3062 5675 vita
3092 5619 3236 5676 utile
3265 5627 3356 5677 est
3385 5624 3527 5678 etin
3559 5625 3758 5684 futura;
