4002 6202
268 314 417 370 1249
1267 311 1626 366 SPECIMEN
1675 309 1952 364 SAPIENT

2062 312 2077 362 Β
2114 311 2187 362 IN
2199 309 2444 365 DORUM
2489 312 2650 364 VET.
3546 311 3682 365 1250

262 442 549 512 quartum
596 435 870 507 denique,
899 434 957 489 in
988 433 1395 490 occasionibus
1435 436 1506 490 ad
1558 435 1918 506 peccandum
1950 435 2005 499 Α
2036 431 2232 502 puisse
2280 432 2593 489 videatur?
2628 433 2770 489 Huic
2817 432 3137 488 Ccrcnatus
3189 433 3272 488 sic
3330 437 3632 505 respondit
3667 452 3680 489 :

272 526 665 585 invitantibus
695 524 989 579 sustinere
1018 540 1080 579 se
1102 523 1326 595 alapsu
1353 524 1695 595 connitique
1727 524 1785 578 in
1818 523 1925 578 hoc
2029 521 2177 585 Quid
2208 521 2312 576 tibi
2347 538 2482 577 cum
2514 522 2674 577 hisce
2706 521 3057 577 inconsultis
3083 522 3684 593 interrogationibus?

271 614 329 670 vi
362 630 622 670 summa.
651 613 871 668 Horum
904 618 1157 683 quatuor
1185 612 1235 667 si
1266 611 1400 682 quis
1438 613 1527 668 vel
1559 628 1743 667 unum
1779 629 1925 683 praz-
2031 608 2339 665 Enimvero
2380 609 2526 664 nihil
2578 609 2681 664 ulli
2733 617 3003 665 nostrum
3050 611 3369 683 imprcperi
3419 613 3688 683 contigit,

266 702 618 771 termiserit,
654 700 800 756 nihil
832 701 1094 773 perficiet
1125 719 1139 769 ;
1187 700 1302 756 nisi
1352 700 1512 756 enim
1559 700 1669 756 erit
1715 700 1929 755 idonea
2032 714 2149 768 quo
2180 697 2379 753 dolere
2405 699 2749 754 debeamus.
2776 700 2889 754 Sed
2923 701 2994 754 ad
3028 701 3179 755 fores
3215 701 3399 755 nostri
3432 701 3587 771 regis
3618 718 3685 755 ex

272 809 455 865 cpum
514 790 681 862 copia
730 790 1077 856 instructus,
1112 806 1218 845 nec
1248 790 1440 845 vivere
1486 789 1612 861 ipse
1662 790 1929 855 honeste,

273 898 381 938 nec
416 881 565 935 bene
596 878 729 934 aliis
778 878 989 950 poterit
1038 880 1247 934 facere.
1280 880 1441 943 Quod
1493 880 1545 933 si
1593 878 1927 933 divitiarum

274 972 518 1042 quidem
570 968 791 1040 aliquis
838 968 1060 1022 affatim
1114 967 1349 1036 haheat,
1388 966 1539 1022 male
1584 972 1780 1022 autem
1832 983 1932 1021 eas

278 1058 655 1116 administrat
682 1059 982 1129 vitamque
1038 1058 1325 1129 gubernet
1363 1074 1556 1124 suam,
1586 1058 1700 1113 cito
1731 1058 1933 1128 egenis

281 1147 810 1204 annumerabitur:
844 1163 1081 1202 necesse
1129 1147 1349 1218 quippe
1398 1152 1508 1211 est,
1546 1146 1596 1201 si
1644 1151 1932 1216 quantum

276 1237 578 1309 expendit,
601 1240 904 1307 utcunque
926 1236 983 1290 id
1003 1236 1081 1291 sit
1112 1236 1431 1302 modicum,
1460 1252 1573 1291 non
1605 1239 1766 1289 curet
1797 1251 1933 1289 con-

276 1325 455 1381 tinue
504 1325 758 1395 reficere,
793 1324 1127 1380 accessione
1177 1325 1462 1380 damnum
1513 1328 1840 1394 reparante,
1873 1328 1937 1378 ut

279 1414 416 1483 ejus
446 1415 660 1469 sensim
686 1430 779 1469 res
803 1413 1114 1469 familiaris
1136 1418 1423 1468 atteratur
1442 1429 1509 1468 ac
1532 1414 1770 1468 tandem
1802 1429 1935 1467 eva-

279 1507 505 1573 nescat,
536 1501 699 1558 velut
730 1502 997 1570 stibium,
1034 1502 1190 1573 quod
1227 1501 1506 1573 paulatim
1557 1500 1935 1556 imminutum

285 1592 348 1647 in
398 1590 716 1664 pulverem,
766 1592 1156 1647 consumitur.
1190 1595 1366 1647 Porro
1415 1591 1462 1645 si
1514 1594 1571 1646 et
1618 1590 1829 1645 divitiis
1878 1590 1936 1644 in

286 1682 775 1752 supplementum
804 1697 1192 1752 expensarum
1232 1679 1635 1749 acquirantur.
1660 1685 1719 1734 et
1744 1680 1803 1735 in
1833 1677 1936 1734 ha-

2032 784 2225 841 ol'ﬁcio
2257 792 2609 858 apparentes
2632 787 2969 844 dimensum
2993 806 3127 843 cum
3147 790 3258 843 fide
3276 790 3687 861 quotidianum

2034 874 2398 946 accipimus;
2434 875 2493 931 in
2527 892 2731 947 regum
2765 882 2962 932 antem
2997 895 3210 933 arcana
3238 879 3503 933 curiosos
3535 879 3690 947 adji-

2035 979 2165 1018 cere
2193 962 2418 1027 oculos,
2453 968 2510 1019 et
2554 965 2899 1020 abscondita
2928 965 3193 1035 improbe
3224 966 3450 1035 rimari,
3485 972 3693 1037 prmter

2036 1070 2212 1125 quam
2236 1058 2411 1125 captu
2442 1071 2509 1109 ac
2532 1054 2807 1111 facultate
2830 1062 3033 1112 nostra
3060 1058 3252 1127 majus
3275 1058 3556 1128 quiddam
3581 1063 3690 1122 est,

2039 1143 2213 1197 etiam
2248 1143 2507 1214 periculo
2541 1160 2655 1198 non
2680 1149 2867 1199 vacat.
2890 1145 3125 1200 Absiste
3168 1145 3346 1217 igitur
3370 1164 3403 1200 a
3436 1145 3690 1215 talibus;

2040 1248 2178 1286 nam
2215 1230 2317 1301 qui
2348 1232 2433 1287 vel
2468 1248 2641 1302 agere
2672 1232 2756 1287 vel
2793 1233 2953 1303 loqui
2985 1251 3101 1287 suae
3130 1235 3269 1289 sorti
3322 1251 3435 1289 non
3487 1251 3697 1289 conve-

2040 1319 2269 1376 nientia
2291 1322 2809 1384 audebit.umninc
2832 1323 3089 1393 patietur
3120 1325 3273 1393 quod
3291 1324 3463 1379 simio
3485 1325 3693 1379 evenit.

2040 1409 2264 1465 Simius
2296 1410 2478 1477 enim,
2512 1415 2575 1465 ut
2601 1410 2792 1480 aiunt,
2814 1412 3132 1467 observans
3164 1412 3484 1483 aliquando
3514 1414 3695 1485 ligna-

2043 1502 2229 1553 torem
2272 1499 2514 1554 dantem
2547 1515 2787 1571 cperam
2819 1503 3027 1555 trunco
3060 1500 3335 1556 lindendo
3368 1504 3697 1559 successive

2044 1588 2349 1645 adactione
2392 1590 2643 1645 duorum
2695 1605 3037 1657 cuneorum,
3069 1607 3318 1661 quorum
3351 1611 3585 1665 semper
3614 1594 3701 1649 al-

2045 1682 2238 1733 terum
2287 1694 2356 1733 ex
2401 1694 2470 1733 ea
2518 1682 2681 1750 parte
2715 1678 2811 1732 ubi
2845 1676 3155 1733 laxabatur
3194 1681 3495 1737 diductius
3527 1684 3697 1750 rima,

285 1786 422 1825 rum
454 1769 898 1842 dispensatione
933 1770 1079 1824 ratio
1111 1774 1358 1838 constet,
1392 1769 1528 1823 inde
1560 1772 1752 1823 tamen
1794 1767 1939 1822 nihil
1970 1786 2019 1849 B
2051 1767 2107 1821 in
2139 1766 2538 1838 angustiorem
2583 1771 2639 1822 et
2685 1767 2923 1821 tenuius
2953 1767 3213 1823 hiantem
3247 1769 3389 1841 ligni
3425 1773 3696 1828 fissuram

280 1858 585 1915 tribuatur
609 1858 1248 1931 indigentibus,talium
1269 1874 1576 1929 possessor
1603 1856 1939 1911 divitiarum

285 1964 514 2019 pauper
544 1946 936 2018 reputabitur,
971 1953 1028 2001 et
1055 1964 1164 2002 sua
1198 1946 1362 2001 illum
1397 1946 1562 2016 c0pia
1592 1946 1947 2016 disrumpet,

292 2043 361 2092 ut
381 2037 675 2107 contingit
704 2036 762 2091 in
795 2035 1102 2091 canalibus
1119 2041 1219 2090 aut
1240 2034 1459 2091 fistulis
1494 2035 1762 2102 fontium,
1797 2050 1948 2103 quae,

305 2126 546 2197 quando
578 2142 695 2181 non
736 2130 896 2197 patet
940 2126 1130 2181 exitus
1178 2141 1343 2196 aquas
1381 2124 1604 2195 jugiter
1657 2122 1950 2190 influenti,

306 2220 572 2286 crepant.

383 2323 454 2376 ll.
482 2321 581 2376 His
615 2320 778 2392 pueri
808 2321 1047 2391 auditis,
1079 2321 1343 2393 persuasi
1378 2320 1562 2392 patris
1586 2320 1949 2390 auctoritate,

304 2412 713 2482 obtemperare
766 2416 922 2466 recta
970 2410 1232 2466 monenti
1278 2410 1679 2466 decreverunt.
1711 2411 1781 2464 Et
1830 2409 1952 2477 pri-

304 2514 445 2553 mus
502 2514 704 2554 eorum
765 2498 1231 2569 peregrinatione
1286 2506 1559 2569 suscepta
1616 2503 1954 2553 mercatura

302 2587 513 2657 gratia,
547 2586 709 2643 dedit
739 2604 801 2643 se
831 2588 889 2642 in
923 2588 1074 2642 viam
1118 2588 1341 2642 ducens
1392 2586 1745 2658 plaustrum,
1796 2586 1952 2657 quod

304 2676 462 2732 tauri
493 2677 609 2732 duo
640 2676 972 2732 trahebant.
998 2676 1076 2731 Eo
1114 2675 1322 2731 itinere
1352 2677 1586 2731 devenit
1617 2676 1673 2730 in
1710 2674 1956 2747 paludo-

306 2782 441 2821 sum
474 2766 690 2831 locum,
723 2766 823 2822 ubi
856 2772 1162 2822 taurorum
1195 2764 1341 2820 alter
1370 2765 1508 2821 limo
1541 2765 1790 2820 haustus
1821 2780 1955 2835 pro-

2056 1856 2440 1921 intrudebat;
2492 1856 2693 1927 sicque
2751 1860 2955 1910 trunco
3013 1855 3281 1912 insidens
3310 1861 3381 1913 ab
3417 1877 3531 1916 uno
3570 1863 3699 1931 ejus

2055 1946 2245 2015 capite
2275 1946 2348 2000 ad
2380 1944 2628 2000 alterum
2656 1945 2877 2000 sensim
2909 1947 3255 2015 procedebat
3286 1963 3299 2002 :
3335 1949 3414 2017 Id,
3435 1948 3698 2021 inquam,

2058 2033 2359 2089 admirans
2390 2033 2622 2102 simius,
2655 2033 2955 2105 explorare
3003 2034 3141 2104 quid
3193 2042 3459 2106 ageretur
3496 2038 3699 2093 voluit.

2060 2124 2205 2194 Ergo
2253 2121 2412 2195 ligno
2456 2127 2515 2177 et
2561 2123 2687 2194 ipse
2719 2127 2851 2193 post
2883 2123 3108 2177 fabrum
3140 2123 3477 2195 inequitans
3506 2126 3704 2198 inspe-

2058 2213 2251 2267 ctabat
2281 2212 2692 2277 attentissime,
2726 2212 2961 2283 quando
2991 2228 3124 2267 ecce
3153 2214 3591 2271 discedentibus
3623 2215 3705 2271 la-

2059 2300 2175 2354 tius
2234 2300 2578 2371 segmentis,
2622 2302 2884 2372 fragmen
2937 2302 3230 2370 quoddam
3292 2303 3705 2359 acutissimum

2059 2388 2339 2445 curiosuli
2400 2404 2461 2444 se
2522 2388 2880 2460 genitalibus
2928 2389 3139 2443 infixit.
3183 2389 3286 2445 Ille
3341 2392 3708 2446 exanimatus

2061 2478 2178 2533 acri
2212 2483 2430 2548 punctu
2464 2477 2682 2533 doloris
2713 2477 2997 2548 ejulatum
3032 2480 3194 2534 dedit
3228 2481 3570 2536 maximum.
3607 2481 3713 2535 Rc-

2061 2572 2333 2639 spectans
2355 2567 2425 2620 ad
2448 2582 2660 2621 sonum
2684 2566 3193 2633 faber,mclestum
3214 2568 3709 2640 interpellatorem

2062 2654 2257 2724 operis
2299 2654 2489 2727 plagis
2532 2654 2763 2725 egregie
2812 2659 3148 2723 contusum,
3182 2657 3340 2713 calce
3372 2658 3572 2728 procul
3605 2659 3708 2713 ab-

2053 2743 2219 2813 jecit.
2252 2742 2409 2798 Nihil
2441 2742 2646 2799 mitius
2675 2743 2974 2813 impendet
3016 2745 3120 2800 tibi
3172 2746 3223 2801 si
3273 2745 3543 2802 curiosus
3587 2764 3715 2802 esse

307 2854 533 2911 cubuit.
569 2856 716 2911 Puer
744 2872 879 2911 cum
909 2855 1037 2912 suis
1085 2870 1222 2910 eum
1272 2870 1485 2926 magno
1534 2854 1730 2910 labore
1760 2871 1826 2910 ac
1856 2870 1960 2908 co-
2065 2833 2281 2905 μετείθ-

306 2948 455 2999 natu
486 2944 609 2999 luto
638 2948 918 3012 extraxit;
966 2949 1239 3000 caeterum
1274 2960 1342 2998 ea
1371 2944 1763 3009 contentione,
1814 2942 1957 2996 dum

307 3034 497 3090 trahit
526 3039 584 3088 et
610 3033 871 3089 vicissim
906 3034 1162 3089 trahitur
1192 3051 1225 3089 a
1254 3032 1463 3101 bestia,
1497 3038 1728 3087 tantum
1757 3030 1959 3103 fatiga-

2136 2955 2233 3011 IV.
2260 2957 2343 3011 Ad
2368 2972 2435 3011 ea
2457 2955 3064 3028 reposuitVestigator
3086 2973 3099 3011 :
3122 2958 3253 3012 Jam
3290 2975 3563 3013 noveram
3586 2976 3712 3029 qua

2066 3060 2304 3111 mones;
2355 3044 2455 3098 sed
2483 3050 2539 3098 et
2570 3042 2713 3097 illud
2764 3045 2917 3099 scias
2946 3044 3145 3114 velim,
3179 3062 3304 3101 esse
3338 3056 3529 3101 tamen
3568 3063 3713 3117 prac-

306 3132 409 3177 tus
439 3128 548 3193 est,
580 3128 644 3178 ut
670 3123 993 3179 subsistere
1043 3128 1368 3194 cogeretur,
1418 3136 1657 3193 pergere
1708 3120 1952 3175 ulterius

2069 3133 2292 3188 clarum
2342 3132 2604 3187 attollere
2634 3132 2950 3203 aliquando
2981 3135 3245 3189 animum
3279 3137 3350 3190 ab
3384 3135 3719 3191 humilitate

306 3228 427 3267 non
456 3211 678 3268 valens.
712 3213 841 3283 Ipse
872 3218 1078 3267 taurus
1126 3228 1230 3283 pro
1277 3210 1659 3266 semimortuo
1690 3209 1950 3278 relictus,

306 3300 533 3357 sensim
592 3306 821 3371 recepto
878 3301 1087 3373 spiritu
1138 3299 1538 3372 progrediens,
1585 3299 1847 3371 pervenit
1893 3299 1952 3352 in

305 3406 585 3461 campum
619 3391 930 3446 herbosum
962 3391 1229 3461 beneque
1254 3389 1567 3461 irriguum,
1600 3389 1699 3443 ubi
1742 3388 1958 3444 mansit

308 3481 621 3536 attendens
664 3480 876 3549 pastui.
908 3480 1023 3536 Nec
1054 3478 1308 3534 multum
1362 3479 1420 3533 in
1475 3479 1667 3533 medio
1698 3483 1954 3548 tempus,

307 3586 447 3624 cum
478 3568 882 3641 impinguatus
912 3568 1390 3638 incrassatusque
1421 3568 1594 3638 ccepit
1621 3572 1838 3623 terram
1876 3569 1957 3621 fc-

311 3660 450 3713 dere
482 3658 756 3714 cornibus
778 3663 835 3713 et
865 3658 1129 3729 mugitus
1157 3658 1325 3713 edere
1356 3662 1579 3712 acutos.
1613 3656 1956 3711 Diversaba-

310 3753 415 3803 tur
456 3753 651 3804 autem
702 3766 816 3803 non
848 3748 1019 3820 longe
1044 3748 1183 3803 hinc
1211 3748 1300 3802 leo
1332 3764 1432 3802 rex
1463 3746 1813 3814 belluarum,
1846 3762 1960 3799 nu—

315 3854 614 3894 merosum
654 3838 811 3893 circa
852 3855 915 3893 se
960 3838 1185 3893 habens
1238 3835 1581 3891 satellitium
1639 3835 1957 3889 bestiarum

314 3926 509 3982 omnis
532 3927 784 3999 generis.
802 3928 1058 3981 Aderant
1078 3926 1232 3982 enim
1264 3926 1315 3980 ei
1349 3923 1543 3979 leones
1574 3929 1631 3977 et
1662 3923 1804 3989 ursi,
1837 3922 1960 3992 lupi

313 4022 373 4071 et
403 4015 649 4086 lepores,
685 4016 850 4087 pardi
883 4021 939 4070 et
970 4014 1378 4086 vulpes,thoes
1407 4018 1464 4068 et
1494 4011 1961 4083 lycopantberes,

313 4109 653 4177 ceteraeque
693 4105 999 4159 brutarum
1049 4103 1442 4159 animantium
1488 4100 1732 4172 species.
1787 4104 1962 4153 Porro

312 4194 405 4249 leo
435 4194 546 4249 iste
567 4211 635 4249 ex
664 4193 859 4249 servili
893 4192 1243 4257 conditione,
1279 4194 1512 4247 fortuna
1544 4190 1801 4261 quadam
1834 4205 1962 4243 eve-

314 4290 450 4339 ctus
477 4285 548 4337 ad
582 4299 849 4355 regnum,
880 4282 1037 4337 haud
1070 4283 1286 4354 dignus
1315 4286 1439 4336 erat
1482 4280 1582 4334 illo
1636 4282 1757 4334 loco
1792 4298 1805 4346 ;
1859 4278 1964 4333 sti-

312 4372 570 4444 gmatias
591 4378 645 4427 et
668 4372 997 4444 perforatas
1016 4388 1216 4439 nares;
1245 4370 1415 4442 plane
1438 4371 1690 4440 degener
1721 4367 1963 4439 quidam

312 4477 637 4532 expersque
677 4460 926 4518 consilii.
973 4461 1076 4516 Hic
1126 4459 1344 4515 auditis
1402 4459 1556 4513 tauri
1617 4458 1962 4529 mugitibus,

2063 3227 2256 3279 status
2283 3221 2398 3292 sui,
2430 3222 2764 3292 audereque
2820 3222 3084 3294 aspirare
3127 3224 3199 3278 ad
3248 3224 3514 3293 gloriam,
3542 3226 3716 3294 cujus

2062 3312 2164 3383 qui
2214 3312 2364 3366 fiunt
2411 3315 2731 3380 compotes,
2763 3315 2820 3366 et
2850 3310 3055 3366 amicis
3100 3313 3384 3382 gaudium
3417 3320 3472 3367 et
3500 3312 3717 3367 invidis

2065 3416 2370 3456 mmrorem
2397 3400 2468 3454 de
2499 3415 2561 3454 se
2592 3404 2794 3454 creant
2821 3416 2834 3457 :
2859 3401 3015 3470 quod
3049 3401 3189 3472 quid
3224 3402 3616 3472 praestabilius
3650 3418 3717 3456 ac

2065 3488 2309 3560 majus?
2344 3487 2695 3543 Pusillorum
2747 3504 2919 3558 porro
2969 3494 3144 3560 atque
3190 3488 3353 3544 humi
3388 3490 3715 3562 repentium

2064 3580 2396 3634 animorum
2452 3582 2562 3642 est,
2586 3582 2781 3632 tenere
2812 3592 2873 3631 se
2905 3577 3174 3647 angustis
3208 3579 3445 3645 finibus,
3480 3584 3718 3635 conten-

2066 3674 2195 3722 tum
2221 3683 2350 3722 esse
2401 3667 2630 3720 modico
2680 3666 2834 3736 quod
2885 3666 3071 3733 adest,
3106 3667 3252 3720 nihil
3286 3667 3439 3722 ultra
3471 3668 3715 3722 ambire.

2064 3755 2209 3809 Nam
2252 3758 2309 3808 et
2358 3754 2522 3807 canis
2556 3752 2673 3808 ossi
2702 3753 3039 3808 aridissimo
3072 3754 3216 3809 forte
3248 3757 3577 3810 occurrenti
3626 3772 3723 3810 ro-

2067 3844 2257 3899 dendo
2291 3859 2493 3897 secure
2536 3843 2820 3908 accubat;
2869 3859 3072 3896 verum
3121 3842 3454 3898 excelsioris
3485 3844 3571 3897 vir
3600 3844 3723 3914 spi-

2070 3935 2240 3999 ritus,
2276 3930 2646 4000 acquiescere
2680 3929 2944 3984 minimis
2973 3932 3309 4001 inﬁmisque
3342 3930 3715 4002 dedignatus,

2068 4036 2419 4094 generosum
2455 4019 2512 4073 in
2546 4035 2607 4073 se
2641 4020 2815 4088 digna
2850 4020 3253 4090 persequenda
3308 4021 3593 4090 impetum
3626 4037 3722 4074 ex-

2070 4111 2250 4182 pedit,
2284 4108 2444 4163 velut
2496 4108 2583 4161 leo
2634 4124 2888 4177 sequens
2920 4107 3200 4178 leporem,
3234 4109 3279 4163 si
3314 4109 3500 4163 obiter
3530 4124 3720 4163 came-

2073 4202 2165 4256 lus
2187 4196 2672 4263 cccurrerit,huic
2694 4195 2899 4260 instat,
2918 4196 3129 4267 pusilla
3150 4198 3347 4268 praeda
3364 4202 3587 4251 contem
3600 4204 3716 4268 pta.

2072 4296 2159 4342 An
2185 4286 2378 4341 nescis
2410 4302 2614 4339 canem
2648 4284 2888 4354 quidem
2920 4287 3118 4339 cauda:
3165 4285 3508 4341 adulatricis
3560 4292 3719 4341 motu

2074 4376 2293 4441 servili,
2330 4390 2536 4445 panem
2591 4372 2878 4427 cibarium
2930 4372 3237 4441 eblandiri,
3292 4390 3469 4444 seque
3519 4380 3724 4446 putare

2080 4466 2314 4519 beatum
2347 4463 2395 4516 si
2432 4467 2638 4517 nactus
2672 4462 2816 4516 forte
2858 4463 2934 4516 sit
2968 4480 2981 4528 ;
3035 4479 3309 4534 magnum
3356 4468 3558 4518 contra
3606 4463 3725 4518 ele-

533 4514 631 4532 Γ-
978 4514 1015 4515 η
1056 4514 1068 4516 ἡ
1174 4514 1181 4515 ,
1718 4514 1752 4529 υ
1952 4514 1959 4521 ,
2081 4514 2314 4519 --_-_-_-
2352 4514 2394 4516 ν
2674 4514 2713 4516 η
2769 4514 2778 4516 ἡ
3035 4514 3309 4534 magna"-
3612 4514 3687 4518 ---

312 4550 445 4605 soni
477 4550 728 4606 minacis
764 4550 1132 4605 vehementia
1181 4547 1487 4620 perculsus
1535 4547 1747 4602 misere
1797 4544 1970 4615 cmpit
2003 4514 2046 4577 Β
2082 4554 2356 4625 phantem
2392 4551 2692 4605 fastidiose
2742 4551 3049 4605 admittere
3100 4552 3283 4606 bonos
3336 4553 3515 4607 etiam
3572 4553 3723 4607 ultro

313 4643 568 4693 aestuare
598 4638 903 4710 frangique
933 4637 1130 4692 animo
1157 4655 1170 4704 ;
1205 4634 1579 4692 dissimulare
1622 4638 1818 4688 tamen
1866 4649 1964 4686 cu-

314 4726 853 4782 ravitformidinem
879 4726 1237 4797 pudendam,
1263 4741 1333 4780 ne
1352 4722 1785 4779 venerationem
1809 4723 1964 4794 apud

314 4832 459 4871 suos
491 4816 716 4871 detecta
746 4816 976 4886 ignavia
1007 4816 1292 4887 perderet.
1343 4812 1514 4868 Stetit
1542 4812 1725 4883 igitur
1756 4828 1872 4866 uno
1903 4810 1965 4865 in

315 4906 444 4961 loco
477 4904 818 4961 immobilis.

387 5012 485 5067 III.
517 5012 888 5082 Apparebant
933 5015 1129 5067 autem
1165 5011 1215 5066 ei
1262 5008 1536 5065 familiari
1585 5022 1962 5062 accensorum

314 5099 651 5156 ministerio
685 5100 854 5157 thoes
898 5100 1035 5168 duo,
1069 5116 1320 5172 quorum
1353 5096 1520 5153 alteri
1547 5099 1852 5163 Coronato,
1882 5094 1965 5148 al-

310 5189 424 5244 teri
467 5188 822 5261 Vestigatori
871 5204 1082 5244 nomen
1131 5193 1256 5244 erat
1287 5204 1300 5242 :
1330 5186 1551 5243 versuti
1578 5183 1749 5239 ambo
1781 5187 1837 5238 et
1867 5199 1965 5238 so-

305 5278 525 5345 lertes;
559 5281 657 5334 sed
698 5278 1025 5350 Vestigator
1054 5278 1370 5350 aliquando
1403 5275 1650 5331 astutior
1685 5272 1964 5344 pravique

308 5368 522 5433 animi,
545 5368 797 5423 naturali
822 5368 1073 5436 ﬂagrans
1096 5366 1387 5422 desiderio
1420 5381 1513 5420 res
1544 5378 1744 5418 omnes
1775 5377 1966 5431 usque

311 5458 385 5513 ad
414 5456 691 5512 intimum
714 5456 1041 5512 scrutandi.
1064 5456 1120 5511 Is
1142 5461 1281 5511 tunc
1311 5457 1598 5511 Ccronatc
1628 5450 1792 5505 dixit.
1817 5449 1965 5511 Quid

308 5548 606 5611 dicamus,
641 5564 673 5602 o
704 5545 943 5610 sodalis,
977 5562 1107 5601 esse
1136 5561 1324 5600 causa:
1355 5561 1456 5599 cur
1487 5542 1582 5597 hic
1632 5542 1720 5594 leo
1770 5542 1966 5592 noster

308 5636 595 5693 dominus
615 5634 999 5691 immobiliter
1027 5635 1252 5691 defixus
1283 5640 1494 5705 prwter
1524 5644 1746 5685 morem
1777 5628 1966 5683 obtor-

2075 4642 2302 4696 oblatos
2348 4640 2531 4704 cibos,
2568 4655 2672 4693 nec
2706 4637 2816 4692 nisi
2849 4638 3100 4709 supplici
3132 4639 3225 4694 vix
3255 4641 3493 4695 tandem
3530 4658 3728 4697 assen-

2075 4730 2293 4786 tatione
2341 4732 2640 4783 exoratum
2692 4728 2761 4782 ad
2798 4730 3148 4783 vescendum
3210 4730 3469 4785 adduci?
3525 4733 3724 4802 Apage

2076 4819 2345 4875 sordidas
2396 4816 2698 4887 angustias
2747 4816 3070 4872 constrictae
3111 4817 3168 4871 in
3211 4824 3437 4873 arctum
3488 4820 3723 4886 mentis,

2078 4907 2223 4962 nihil
2258 4905 2411 4960 ultra
2441 4904 2835 4959 necessarium
2854 4905 3182 4961 atfectantis
3209 4924 3388 4962 usum
3416 4925 3427 4961 :
3455 4910 3725 4980 mejuvet

2075 4995 2343 5067 adipisci,
2377 5011 2557 5064 supra
2597 5000 2810 5048 sortem
2844 4996 3178 5065 crescendo,
3213 4998 3368 5052 unde
3399 5014 3529 5052 cum
3561 5002 3727 5053 satur

2076 5085 2232 5142 domi
2265 5086 2427 5139 fuero
2449 5081 2506 5137 in
2542 5082 2689 5137 alios
2719 5083 3041 5153 effundam,
3066 5102 3210 5141 aura
3240 5085 3590 5142 mulcendus
3618 5102 3723 5156 po-

2076 5173 2286 5246 pulari.
2312 5177 2427 5227 Hoc
2448 5171 2555 5227 viri
2574 5176 2664 5227 est
2689 5173 3079 5244 magnanimi,
3102 5174 3383 5229 sublimia
3414 5174 3715 5239 tentantis,

2072 5262 2335 5319 liberalis
2367 5278 2380 5315 :
2416 5278 2589 5331 quem
2623 5261 2729 5316 etsi
2763 5279 2935 5318 casus
2979 5267 3114 5319 ante
3161 5269 3395 5334 tempus
3445 5261 3720 5331 praeclara

2075 5358 2381 5409 conantem
2435 5350 2628 5405 fatalis
2686 5351 2979 5420 al'flixerit,
3037 5351 3240 5421 perdiu
3300 5359 3486 5404 tamen
3545 5348 3719 5419 vulgo

2074 5444 2285 5499 vixisse
2312 5445 2642 5502 censeatur,
2680 5445 2907 5494 tantum
2960 5440 3315 5509 adjungente
3347 5438 3500 5490 fama
3531 5436 3718 5507 spatio

2073 5530 2304 5587 vivendi
2363 5534 2651 5598 quantum
2683 5527 2989 5583 calamitas
3022 5526 3359 5580 detraxerit.
3391 5526 3489 5579 Isti
3521 5534 3719 5581 autem

2076 5639 2225 5695 quos
2240 5635 2445 5675 narras
2464 5616 2767 5682 minutuli,
2789 5613 3201 5685 circumspecti
3219 5614 3447 5685 trepide
3462 5615 3721 5688 obnoxii,
