  <div class='ocr_page' id='page_1' title='image "/cluster/home/n/w/nwhite01/storage/ocr_20150623/143/hvd.32044073502585/634.png"; bbox 0 0 4002 6202; ppageno 0'>
   <div class='ocr_carea' id='block_1_1' title="bbox 285 284 429 339">
    <p class='ocr_par' dir='ltr' id='par_1_1' title="bbox 285 284 429 339">
     <span class='ocr_line' id='line_1_1' title="bbox 285 284 429 339; baseline 0.021 -3"><span class='ocrx_word' id='word_1_1' title='bbox 285 287 313 336; x_wconf 81' lang='grc'><strong>1</strong></span> <span class='ocrx_word' id='word_1_2' title='bbox 324 284 429 339; x_wconf 77' lang='grc'>253</span> 
     </span>
    </p>
   </div>
   <div class='ocr_carea' id='block_1_2' title="bbox 1294 296 2662 361">
    <p class='ocr_par' dir='ltr' id='par_1_2' title="bbox 1294 296 2662 361">
     <span class='ocr_line' id='line_1_2' title="bbox 1294 296 2662 361; baseline 0.009 -14"><span class='ocrx_word' id='word_1_3' title='bbox 1294 296 1655 351; x_wconf 82' lang='lat' dir='ltr'>SPECIMEN</span> <span class='ocrx_word' id='word_1_4' title='bbox 1692 298 2092 361; x_wconf 68' lang='grc' dir='ltr'>ΒΑΡΙΕΝΤΙᾸΞ</span> <span class='ocrx_word' id='word_1_5' title='bbox 2127 303 2460 359; x_wconf 85' lang='lat' dir='ltr'>INDORUM</span> <span class='ocrx_word' id='word_1_6' title='bbox 2502 306 2662 359; x_wconf 85' lang='lat' dir='ltr'>VET.</span> 
     </span>
    </p>
   </div>
   <div class='ocr_carea' id='block_1_3' title="bbox 3558 312 3699 365">
    <p class='ocr_par' dir='ltr' id='par_1_3' title="bbox 3558 312 3699 365">
     <span class='ocr_line' id='line_1_3' title="bbox 3558 312 3699 365; baseline 0 0"><span class='ocrx_word' id='word_1_7' title='bbox 3558 312 3699 365; x_wconf 81' lang='grc'>1254</span> 
     </span>
    </p>
   </div>
   <div class='ocr_carea' id='block_1_4' title="bbox 283 408 3703 508">
    <p class='ocr_par' dir='ltr' id='par_1_4' title="bbox 283 408 3703 508">
     <span class='ocr_line' id='line_1_4' title="bbox 283 408 3703 508; baseline 0.008 -45"><span class='ocrx_word' id='word_1_8' title='bbox 283 408 667 508; x_wconf 48' lang='lat' dir='ltr'>{perationem</span> <span class='ocrx_word' id='word_1_9' title='bbox 736 411 1303 508; x_wconf 74' lang='lat' dir='ltr'>periculosissimum.</span> <span class='ocrx_word' id='word_1_10' title='bbox 1375 416 1517 472; x_wconf 87' lang='lat' dir='ltr'>Vera</span> <span class='ocrx_word' id='word_1_11' title='bbox 1586 436 1810 487; x_wconf 81' lang='lat' dir='ltr'>mones,</span> <span class='ocrx_word' id='word_1_12' title='bbox 1856 421 2021 493; x_wconf 66' lang='lat' dir='ltr'>aitA</span> <span class='ocrx_word' id='word_1_13' title='bbox 2052 441 2213 483; x_wconf 89' lang='lat' dir='ltr'>error</span> <span class='ocrx_word' id='word_1_14' title='bbox 2262 426 2680 500; x_wconf 76' lang='lat' dir='ltr'>imperantium</span> <span class='ocrx_word' id='word_1_15' title='bbox 2730 429 2961 499; x_wconf 77' lang='lat' dir='ltr'>publice</span> <span class='ocrx_word' id='word_1_16' title='bbox 3029 431 3415 503; x_wconf 87' lang='lat' dir='ltr'>perniciosus,</span> <span class='ocrx_word' id='word_1_17' title='bbox 3464 436 3703 508; x_wconf 75' lang='lat' dir='ltr'>dispen-</span> 
     </span>
    </p>
   </div>
   <div class='ocr_carea' id='block_1_5' title="bbox 282 498 1928 578">
    <p class='ocr_par' dir='ltr' id='par_1_5' title="bbox 282 498 1928 578">
     <span class='ocr_line' id='line_1_5' title="bbox 282 498 1928 578; baseline 0.009 -27"><span class='ocrx_word' id='word_1_18' title='bbox 282 498 626 568; x_wconf 81' lang='lat' dir='ltr'>Vestigator,</span> <span class='ocrx_word' id='word_1_19' title='bbox 668 500 770 556; x_wconf 87' lang='lat' dir='ltr'>sed</span> <span class='ocrx_word' id='word_1_20' title='bbox 819 503 921 572; x_wconf 86' lang='lat' dir='ltr'>qui</span> <span class='ocrx_word' id='word_1_21' title='bbox 968 518 1083 571; x_wconf 78' lang='lat' dir='ltr'>non</span> <span class='ocrx_word' id='word_1_22' title='bbox 1134 504 1489 575; x_wconf 68' lang='lat' dir='ltr'>periclitatur</span> <span class='ocrx_word' id='word_1_23' title='bbox 1535 513 1707 578; x_wconf 74' lang='lat' dir='ltr'>atque</span> <span class='ocrx_word' id='word_1_24' title='bbox 1736 510 1928 578; x_wconf 85' lang='lat' dir='ltr'>audet,</span> 
     </span>
    </p>
   </div>
   <div class='ocr_carea' id='block_1_6' title="bbox 283 591 1933 665">
    <p class='ocr_par' dir='ltr' id='par_1_6' title="bbox 283 591 1933 665">
     <span class='ocr_line' id='line_1_6' title="bbox 283 591 1933 665; baseline 0.007 -24"><span class='ocrx_word' id='word_1_25' title='bbox 283 591 550 647; x_wconf 85' lang='lat' dir='ltr'>votorum</span> <span class='ocrx_word' id='word_1_26' title='bbox 584 604 819 659; x_wconf 84' lang='lat' dir='ltr'>compos</span> <span class='ocrx_word' id='word_1_27' title='bbox 851 606 1150 663; x_wconf 82' lang='lat' dir='ltr'>nunquam</span> <span class='ocrx_word' id='word_1_28' title='bbox 1185 592 1267 649; x_wconf 85' lang='lat' dir='ltr'>ﬁt.</span> <span class='ocrx_word' id='word_1_29' title='bbox 1304 594 1811 665; x_wconf 77' lang='lat' dir='ltr'>Magnanimorum</span> <span class='ocrx_word' id='word_1_30' title='bbox 1844 602 1933 655; x_wconf 89' lang='lat' dir='ltr'>est</span> 
     </span>
    </p>
   </div>
   <div class='ocr_carea' id='block_1_7' title="bbox 283 675 1929 756">
    <p class='ocr_par' dir='ltr' id='par_1_7' title="bbox 283 675 1929 756">
     <span class='ocr_line' id='line_1_7' title="bbox 283 675 1929 756; baseline 0.009 -27"><span class='ocrx_word' id='word_1_31' title='bbox 283 675 607 733; x_wconf 78' lang='lat' dir='ltr'>discrimen</span> <span class='ocrx_word' id='word_1_32' title='bbox 657 695 757 750; x_wconf 90' lang='lat' dir='ltr'>pro</span> <span class='ocrx_word' id='word_1_33' title='bbox 806 696 905 751; x_wconf 85' lang='lat' dir='ltr'>spe</span> <span class='ocrx_word' id='word_1_34' title='bbox 952 682 1199 750; x_wconf 82' lang='lat' dir='ltr'>pacisci;</span> <span class='ocrx_word' id='word_1_35' title='bbox 1240 683 1787 756; x_wconf 78' lang='lat' dir='ltr'>circumspectantes</span> <span class='ocrx_word' id='word_1_36' title='bbox 1826 706 1929 743; x_wconf 87' lang='lat' dir='ltr'>au-</span> 
     </span>
    </p>
   </div>
   <div class='ocr_carea' id='block_1_8' title="bbox 284 767 1929 847">
    <p class='ocr_par' dir='ltr' id='par_1_8' title="bbox 284 767 1929 847">
     <span class='ocr_line' id='line_1_8' title="bbox 284 767 1929 847; baseline 0.007 -26"><span class='ocrx_word' id='word_1_37' title='bbox 284 770 405 827; x_wconf 87' lang='lat' dir='ltr'>tem</span> <span class='ocrx_word' id='word_1_38' title='bbox 458 767 676 835; x_wconf 84' lang='lat' dir='ltr'>omnia,</span> <span class='ocrx_word' id='word_1_39' title='bbox 729 784 837 837; x_wconf 76' lang='lat' dir='ltr'>nec</span> <span class='ocrx_word' id='word_1_40' title='bbox 886 771 1226 836; x_wconf 86' lang='lat' dir='ltr'>certaminis</span> <span class='ocrx_word' id='word_1_41' title='bbox 1288 772 1463 831; x_wconf 87' lang='lat' dir='ltr'>ullius</span> <span class='ocrx_word' id='word_1_42' title='bbox 1503 776 1696 847; x_wconf 82' lang='lat' dir='ltr'>jacere</span> <span class='ocrx_word' id='word_1_43' title='bbox 1745 776 1929 833; x_wconf 84' lang='lat' dir='ltr'>aleam</span> 
     </span>
    </p>
   </div>
   <div class='ocr_carea' id='block_1_9' title="bbox 282 856 1930 936">
    <p class='ocr_par' dir='ltr' id='par_1_9' title="bbox 282 856 1930 936">
     <span class='ocr_line' id='line_1_9' title="bbox 282 856 1930 936; baseline 0.007 -25"><span class='ocrx_word' id='word_1_44' title='bbox 282 856 585 928; x_wconf 79' lang='lat' dir='ltr'>audentes,</span> <span class='ocrx_word' id='word_1_45' title='bbox 639 866 792 915; x_wconf 83' lang='lat' dir='ltr'>certe</span> <span class='ocrx_word' id='word_1_46' title='bbox 837 863 1029 919; x_wconf 84' lang='lat' dir='ltr'>manet</span> <span class='ocrx_word' id='word_1_47' title='bbox 1077 865 1304 918; x_wconf 71' lang='lat' dir='ltr'>isternre</span> <span class='ocrx_word' id='word_1_48' title='bbox 1335 856 1579 920; x_wconf 68' lang='lat' dir='ltr'>miserisa</span> <span class='ocrx_word' id='word_1_49' title='bbox 1620 868 1930 936; x_wconf 73' lang='lat' dir='ltr'>possessio.</span> 
     </span>
    </p>
   </div>
   <div class='ocr_carea' id='block_1_10' title="bbox 283 944 1934 1026">
    <p class='ocr_par' dir='ltr' id='par_1_10' title="bbox 283 944 1934 1026">
     <span class='ocr_line' id='line_1_10' title="bbox 283 944 1934 1026; baseline 0.008 -28"><span class='ocrx_word' id='word_1_50' title='bbox 283 944 355 1000; x_wconf 84' lang='lat' dir='ltr'>Et</span> <span class='ocrx_word' id='word_1_51' title='bbox 390 946 495 1002; x_wconf 86' lang='lat' dir='ltr'>hoc</span> <span class='ocrx_word' id='word_1_52' title='bbox 526 946 682 1002; x_wconf 91' lang='lat' dir='ltr'>enim</span> <span class='ocrx_word' id='word_1_53' title='bbox 715 964 820 1020; x_wconf 91' lang='lat' dir='ltr'>ego</span> <span class='ocrx_word' id='word_1_54' title='bbox 852 965 881 1004; x_wconf 91' lang='lat' dir='ltr'>e</span> <span class='ocrx_word' id='word_1_55' title='bbox 929 951 1160 1017; x_wconf 87' lang='lat' dir='ltr'>dictatis</span> <span class='ocrx_word' id='word_1_56' title='bbox 1204 952 1530 1023; x_wconf 78' lang='lat' dir='ltr'>sapientum</span> <span class='ocrx_word' id='word_1_57' title='bbox 1571 956 1787 1026; x_wconf 84' lang='lat' dir='ltr'>audivi,</span> <span class='ocrx_word' id='word_1_58' title='bbox 1820 957 1934 1013; x_wconf 87' lang='lat' dir='ltr'>tria</span> 
     </span>
    </p>
   </div>
   <div class='ocr_carea' id='block_1_11' title="bbox 282 1037 1932 1114">
    <p class='ocr_par' dir='ltr' id='par_1_11' title="bbox 282 1037 1932 1114">
     <span class='ocr_line' id='line_1_11' title="bbox 282 1037 1932 1114; baseline 0.007 -23"><span class='ocrx_word' id='word_1_59' title='bbox 282 1051 407 1098; x_wconf 85' lang='lat' dir='ltr'>esse</span> <span class='ocrx_word' id='word_1_60' title='bbox 440 1052 568 1107; x_wconf 68' lang='lat' dir='ltr'>quae</span> <span class='ocrx_word' id='word_1_61' title='bbox 618 1053 786 1097; x_wconf 87' lang='lat' dir='ltr'>nemo</span> <span class='ocrx_word' id='word_1_62' title='bbox 833 1037 1222 1110; x_wconf 79' lang='lat' dir='ltr'>pusillanimis</span> <span class='ocrx_word' id='word_1_63' title='bbox 1270 1043 1641 1114; x_wconf 79' lang='lat' dir='ltr'>aggreditur;</span> <span class='ocrx_word' id='word_1_64' title='bbox 1694 1062 1932 1111; x_wconf 79' lang='lat' dir='ltr'>conver-</span> 
     </span>
    </p>
   </div>
   <div class='ocr_carea' id='block_1_12' title="bbox 278 1124 1935 1209">
    <p class='ocr_par' dir='ltr' id='par_1_12' title="bbox 278 1124 1935 1209">
     <span class='ocr_line' id='line_1_12' title="bbox 278 1124 1935 1209; baseline 0.008 -30"><span class='ocrx_word' id='word_1_65' title='bbox 278 1124 395 1182; x_wconf 88' lang='lat' dir='ltr'>sari</span> <span class='ocrx_word' id='word_1_66' title='bbox 429 1141 559 1182; x_wconf 89' lang='lat' dir='ltr'>cum</span> <span class='ocrx_word' id='word_1_67' title='bbox 590 1126 973 1204; x_wconf 82' lang='lat' dir='ltr'>principibus,</span> <span class='ocrx_word' id='word_1_68' title='bbox 1008 1146 1149 1186; x_wconf 83' lang='lat' dir='ltr'>nave</span> <span class='ocrx_word' id='word_1_69' title='bbox 1181 1133 1358 1191; x_wconf 84' lang='lat' dir='ltr'>maria</span> <span class='ocrx_word' id='word_1_70' title='bbox 1402 1135 1689 1209; x_wconf 75' lang='lat' dir='ltr'>trajicere,</span> <span class='ocrx_word' id='word_1_71' title='bbox 1743 1154 1935 1209; x_wconf 84' lang='lat' dir='ltr'>pugna</span> 
     </span>
    </p>
   </div>
   <div class='ocr_carea' id='block_1_13' title="bbox 285 1214 1934 1291">
    <p class='ocr_par' dir='ltr' id='par_1_13' title="bbox 285 1214 1934 1291">
     <span class='ocr_line' id='line_1_13' title="bbox 285 1214 1934 1291; baseline 0.008 -23"><span class='ocrx_word' id='word_1_72' title='bbox 285 1216 553 1272; x_wconf 87' lang='lat' dir='ltr'>cominus</span> <span class='ocrx_word' id='word_1_73' title='bbox 580 1214 867 1283; x_wconf 82' lang='lat' dir='ltr'>lacessere</span> <span class='ocrx_word' id='word_1_74' title='bbox 897 1229 1183 1279; x_wconf 88' lang='lat' dir='ltr'>armatum</span> <span class='ocrx_word' id='word_1_75' title='bbox 1216 1220 1545 1291; x_wconf 83' lang='lat' dir='ltr'>inimicum.</span> <span class='ocrx_word' id='word_1_76' title='bbox 1580 1225 1738 1287; x_wconf 87' lang='lat' dir='ltr'>Duas</span> <span class='ocrx_word' id='word_1_77' title='bbox 1769 1226 1934 1283; x_wconf 85' lang='lat' dir='ltr'>video</span> 
     </span>
    </p>
   </div>
   <div class='ocr_carea' id='block_1_14' title="bbox 287 1304 1934 1384">
    <p class='ocr_par' dir='ltr' id='par_1_14' title="bbox 287 1304 1934 1384">
     <span class='ocr_line' id='line_1_14' title="bbox 287 1304 1934 1384; baseline 0.006 -25"><span class='ocrx_word' id='word_1_78' title='bbox 287 1304 570 1360; x_wconf 76' lang='lat' dir='ltr'>stationes</span> <span class='ocrx_word' id='word_1_79' title='bbox 600 1305 717 1367; x_wconf 82' lang='lat' dir='ltr'>viro</span> <span class='ocrx_word' id='word_1_80' title='bbox 739 1307 1111 1381; x_wconf 85' lang='lat' dir='ltr'>magnanimo</span> <span class='ocrx_word' id='word_1_81' title='bbox 1134 1312 1478 1381; x_wconf 84' lang='lat' dir='ltr'>propositas,</span> <span class='ocrx_word' id='word_1_82' title='bbox 1504 1313 1668 1373; x_wconf 85' lang='lat' dir='ltr'>aulas</span> <span class='ocrx_word' id='word_1_83' title='bbox 1692 1330 1934 1384; x_wconf 77' lang='lat' dir='ltr'>regnan-</span> 
     </span>
    </p>
   </div>
   <div class='ocr_carea' id='block_1_15' title="bbox 286 1392 1934 1474">
    <p class='ocr_par' dir='ltr' id='par_1_15' title="bbox 286 1392 1934 1474">
     <span class='ocr_line' id='line_1_15' title="bbox 286 1392 1934 1474; baseline 0.005 -23"><span class='ocrx_word' id='word_1_84' title='bbox 286 1392 463 1459; x_wconf 75' lang='lat' dir='ltr'>tium,</span> <span class='ocrx_word' id='word_1_85' title='bbox 511 1397 609 1447; x_wconf 89' lang='lat' dir='ltr'>aut</span> <span class='ocrx_word' id='word_1_86' title='bbox 651 1393 997 1451; x_wconf 82' lang='lat' dir='ltr'>solitudines</span> <span class='ocrx_word' id='word_1_87' title='bbox 1046 1403 1405 1467; x_wconf 80' lang='lat' dir='ltr'>ascetaruni:</span> <span class='ocrx_word' id='word_1_88' title='bbox 1458 1402 1609 1458; x_wconf 82' lang='lat' dir='ltr'>sicut</span> <span class='ocrx_word' id='word_1_89' title='bbox 1657 1403 1934 1474; x_wconf 89' lang='lat' dir='ltr'>elephan-</span> 
     </span>
    </p>
   </div>
   <div class='ocr_carea' id='block_1_16' title="bbox 290 1482 1935 1564">
    <p class='ocr_par' dir='ltr' id='par_1_16' title="bbox 290 1482 1935 1564">
     <span class='ocr_line' id='line_1_16' title="bbox 290 1482 1935 1564; baseline 0.009 -30"><span class='ocrx_word' id='word_1_90' title='bbox 290 1487 378 1537; x_wconf 91' lang='lat' dir='ltr'>tes</span> <span class='ocrx_word' id='word_1_91' title='bbox 430 1482 638 1551; x_wconf 85' lang='lat' dir='ltr'>partim</span> <span class='ocrx_word' id='word_1_92' title='bbox 692 1482 747 1537; x_wconf 91' lang='lat' dir='ltr'>in</span> <span class='ocrx_word' id='word_1_93' title='bbox 800 1482 959 1541; x_wconf 83' lang='lat' dir='ltr'>silvis</span> <span class='ocrx_word' id='word_1_94' title='bbox 1029 1487 1265 1556; x_wconf 83' lang='lat' dir='ltr'>degunt,</span> <span class='ocrx_word' id='word_1_95' title='bbox 1336 1491 1543 1561; x_wconf 83' lang='lat' dir='ltr'>partim</span> <span class='ocrx_word' id='word_1_96' title='bbox 1598 1493 1654 1548; x_wconf 91' lang='lat' dir='ltr'>in</span> <span class='ocrx_word' id='word_1_97' title='bbox 1706 1491 1935 1564; x_wconf 82' lang='lat' dir='ltr'>palatiis</span> 
     </span>
    </p>
   </div>
   <div class='ocr_carea' id='block_1_17' title="bbox 282 1568 1935 1650">
    <p class='ocr_par' dir='ltr' id='par_1_17' title="bbox 282 1568 1935 1650">
     <span class='ocr_line' id='line_1_17' title="bbox 282 1568 1935 1650; baseline 0.011 -28"><span class='ocrx_word' id='word_1_98' title='bbox 282 1568 548 1628; x_wconf 88' lang='lat' dir='ltr'>aluntur.</span> <span class='ocrx_word' id='word_1_99' title='bbox 596 1575 747 1640; x_wconf 72' lang='lat' dir='ltr'>Haec,</span> <span class='ocrx_word' id='word_1_100' title='bbox 797 1589 923 1646; x_wconf 84' lang='lat' dir='ltr'>quae</span> <span class='ocrx_word' id='word_1_101' title='bbox 971 1575 1157 1643; x_wconf 88' lang='lat' dir='ltr'>multa</span> <span class='ocrx_word' id='word_1_102' title='bbox 1204 1593 1642 1650; x_wconf 85' lang='lat' dir='ltr'>commemoras,</span> <span class='ocrx_word' id='word_1_103' title='bbox 1683 1582 1763 1650; x_wconf 82' lang='lat' dir='ltr'>ait</span> <span class='ocrx_word' id='word_1_104' title='bbox 1811 1600 1935 1639; x_wconf 90' lang='lat' dir='ltr'>ser-</span> 
     </span>
    </p>
   </div>
   <div class='ocr_carea' id='block_1_18' title="bbox 281 1660 1936 1739">
    <p class='ocr_par' dir='ltr' id='par_1_18' title="bbox 281 1660 1936 1739">
     <span class='ocr_line' id='line_1_18' title="bbox 281 1660 1936 1739; baseline 0.01 -25"><span class='ocrx_word' id='word_1_105' title='bbox 281 1674 521 1715; x_wconf 88' lang='lat' dir='ltr'>monem</span> <span class='ocrx_word' id='word_1_106' title='bbox 553 1660 905 1733; x_wconf 84' lang='lat' dir='ltr'>abrumpens</span> <span class='ocrx_word' id='word_1_107' title='bbox 936 1662 1277 1733; x_wconf 79' lang='lat' dir='ltr'>Coronatus,</span> <span class='ocrx_word' id='word_1_108' title='bbox 1307 1684 1400 1735; x_wconf 84' lang='lat' dir='ltr'>me</span> <span class='ocrx_word' id='word_1_109' title='bbox 1438 1669 1670 1739; x_wconf 81' lang='lat' dir='ltr'>quidem</span> <span class='ocrx_word' id='word_1_110' title='bbox 1702 1673 1771 1728; x_wconf 93' lang='lat' dir='ltr'>de</span> <span class='ocrx_word' id='word_1_111' title='bbox 1800 1691 1936 1730; x_wconf 86' lang='lat' dir='ltr'>sen-</span> 
     </span>
    </p>
   </div>
   <div class='ocr_carea' id='block_1_19' title="bbox 282 1749 1935 1836">
    <p class='ocr_par' dir='ltr' id='par_1_19' title="bbox 282 1749 1935 1836">
     <span class='ocr_line' id='line_1_19' title="bbox 282 1749 1935 1836; baseline 0.011 -34"><span class='ocrx_word' id='word_1_112' title='bbox 282 1749 462 1817; x_wconf 83' lang='lat' dir='ltr'>tentia</span> <span class='ocrx_word' id='word_1_113' title='bbox 494 1766 609 1806; x_wconf 89' lang='lat' dir='ltr'>non</span> <span class='ocrx_word' id='word_1_114' title='bbox 651 1750 969 1822; x_wconf 83' lang='lat' dir='ltr'>dimovent;</span> <span class='ocrx_word' id='word_1_115' title='bbox 1018 1757 1077 1819; x_wconf 86' lang='lat' dir='ltr'>tu</span> <span class='ocrx_word' id='word_1_116' title='bbox 1129 1755 1241 1825; x_wconf 83' lang='lat' dir='ltr'>abi,</span> <span class='ocrx_word' id='word_1_117' title='bbox 1285 1762 1339 1812; x_wconf 89' lang='lat' dir='ltr'>et</span> <span class='ocrx_word' id='word_1_118' title='bbox 1379 1758 1468 1815; x_wconf 84' lang='lat' dir='ltr'>fac</span> <span class='ocrx_word' id='word_1_119' title='bbox 1499 1763 1562 1816; x_wconf 88' lang='lat' dir='ltr'>ut</span> <span class='ocrx_word' id='word_1_120' title='bbox 1590 1761 1676 1819; x_wconf 89' lang='lat' dir='ltr'>vis</span> <span class='ocrx_word' id='word_1_121' title='bbox 1708 1766 1805 1829; x_wconf 82' lang='lat' dir='ltr'>tuo</span> <span class='ocrx_word' id='word_1_122' title='bbox 1832 1780 1935 1836; x_wconf 73' lang='lat' dir='ltr'>pe,-</span> 
     </span>
    </p>
   </div>
   <div class='ocr_carea' id='block_1_20' title="bbox 289 1837 493 1894">
    <p class='ocr_par' dir='ltr' id='par_1_20' title="bbox 289 1837 493 1894">
     <span class='ocr_line' id='line_1_20' title="bbox 289 1837 493 1894; baseline 0.005 -1"><span class='ocrx_word' id='word_1_123' title='bbox 289 1837 493 1894; x_wconf 85' lang='lat' dir='ltr'>riculo.</span> 
     </span>
    </p>
   </div>
   <div class='ocr_carea' id='block_1_21' title="bbox 358 1961 1941 2044">
    <p class='ocr_par' dir='ltr' id='par_1_21' title="bbox 358 1961 1941 2044">
     <span class='ocr_line' id='line_1_21' title="bbox 358 1961 1941 2044; baseline 0.012 -29"><span class='ocrx_word' id='word_1_124' title='bbox 358 1961 504 2019; x_wconf 82' lang='lat' dir='ltr'>Vill.</span> <span class='ocrx_word' id='word_1_125' title='bbox 572 1964 881 2037; x_wconf 80' lang='lat' dir='ltr'>Digressus</span> <span class='ocrx_word' id='word_1_126' title='bbox 946 1967 1056 2023; x_wconf 89' lang='lat' dir='ltr'>sub</span> <span class='ocrx_word' id='word_1_127' title='bbox 1118 1968 1241 2025; x_wconf 73' lang='lat' dir='ltr'>haec</span> <span class='ocrx_word' id='word_1_128' title='bbox 1314 1970 1653 2044; x_wconf 84' lang='lat' dir='ltr'>Vestigator,</span> <span class='ocrx_word' id='word_1_129' title='bbox 1716 1976 1941 2035; x_wconf 89' lang='lat' dir='ltr'>leonem</span> 
     </span>
    </p>
   </div>
   <div class='ocr_carea' id='block_1_22' title="bbox 282 2052 1936 2127">
    <p class='ocr_par' dir='ltr' id='par_1_22' title="bbox 282 2052 1936 2127">
     <span class='ocr_line' id='line_1_22' title="bbox 282 2052 1936 2127; baseline 0.011 -21"><span class='ocrx_word' id='word_1_130' title='bbox 282 2052 514 2119; x_wconf 82' lang='lat' dir='ltr'>adiens,</span> <span class='ocrx_word' id='word_1_131' title='bbox 548 2055 1008 2123; x_wconf 85' lang='lat' dir='ltr'>profundissime</span> <span class='ocrx_word' id='word_1_132' title='bbox 1055 2057 1309 2127; x_wconf 90' lang='lat' dir='ltr'>primum</span> <span class='ocrx_word' id='word_1_133' title='bbox 1360 2061 1640 2119; x_wconf 44' lang='lat' dir='ltr'>adoravit.</span> <span class='ocrx_word' id='word_1_134' title='bbox 1676 2067 1775 2120; x_wconf 87' lang='lat' dir='ltr'>Cui</span> <span class='ocrx_word' id='word_1_135' title='bbox 1810 2068 1936 2124; x_wconf 89' lang='lat' dir='ltr'>leo:</span> 
     </span>
    </p>
   </div>
   <div class='ocr_carea' id='block_1_23' title="bbox 291 2141 1942 2226">
    <p class='ocr_par' dir='ltr' id='par_1_23' title="bbox 291 2141 1942 2226">
     <span class='ocr_line' id='line_1_23' title="bbox 291 2141 1942 2226; baseline 0.011 -30"><span class='ocrx_word' id='word_1_136' title='bbox 291 2141 452 2197; x_wconf 83' lang='lat' dir='ltr'>Heus</span> <span class='ocrx_word' id='word_1_137' title='bbox 503 2147 588 2210; x_wconf 92' lang='lat' dir='ltr'>tu,</span> <span class='ocrx_word' id='word_1_138' title='bbox 638 2143 850 2214; x_wconf 84' lang='lat' dir='ltr'>inquit,</span> <span class='ocrx_word' id='word_1_139' title='bbox 905 2145 1002 2200; x_wconf 91' lang='lat' dir='ltr'>ubi</span> <span class='ocrx_word' id='word_1_140' title='bbox 1046 2146 1270 2204; x_wconf 86' lang='lat' dir='ltr'>latuisti</span> <span class='ocrx_word' id='word_1_141' title='bbox 1321 2152 1577 2207; x_wconf 81' lang='lat' dir='ltr'>tandiu?</span> <span class='ocrx_word' id='word_1_142' title='bbox 1627 2154 1942 2226; x_wconf 78' lang='lat' dir='ltr'>Respondit</span> 
     </span>
    </p>
   </div>
   <div class='ocr_carea' id='block_1_24' title="bbox 290 2231 1938 2317">
    <p class='ocr_par' dir='ltr' id='par_1_24' title="bbox 290 2231 1938 2317">
     <span class='ocr_line' id='line_1_24' title="bbox 290 2231 1938 2317; baseline 0.011 -30"><span class='ocrx_word' id='word_1_143' title='bbox 290 2231 649 2303; x_wconf 77' lang='lat' dir='ltr'>Vestigator:</span> <span class='ocrx_word' id='word_1_144' title='bbox 700 2236 943 2291; x_wconf 81' lang='lat' dir='ltr'>Assidue</span> <span class='ocrx_word' id='word_1_145' title='bbox 989 2238 1182 2293; x_wconf 90' lang='lat' dir='ltr'>adstiti</span> <span class='ocrx_word' id='word_1_146' title='bbox 1232 2240 1301 2294; x_wconf 91' lang='lat' dir='ltr'>ad</span> <span class='ocrx_word' id='word_1_147' title='bbox 1354 2243 1538 2313; x_wconf 86' lang='lat' dir='ltr'>regias</span> <span class='ocrx_word' id='word_1_148' title='bbox 1588 2249 1721 2302; x_wconf 87' lang='lat' dir='ltr'>tuas</span> <span class='ocrx_word' id='word_1_149' title='bbox 1770 2248 1938 2317; x_wconf 88' lang='lat' dir='ltr'>fores,</span> 
     </span>
    </p>
   </div>
   <div class='ocr_carea' id='block_1_25' title="bbox 288 2320 1939 2409">
    <p class='ocr_par' dir='ltr' id='par_1_25' title="bbox 288 2320 1939 2409">
     <span class='ocr_line' id='line_1_25' title="bbox 288 2320 1939 2409; baseline 0.012 -35"><span class='ocrx_word' id='word_1_150' title='bbox 288 2320 560 2377; x_wconf 89' lang='lat' dir='ltr'>intentus</span> <span class='ocrx_word' id='word_1_151' title='bbox 588 2323 650 2378; x_wconf 91' lang='lat' dir='ltr'>in</span> <span class='ocrx_word' id='word_1_152' title='bbox 672 2326 1035 2381; x_wconf 90' lang='lat' dir='ltr'>occasionem</span> <span class='ocrx_word' id='word_1_153' title='bbox 1068 2329 1343 2384; x_wconf 85' lang='lat' dir='ltr'>navandae</span> <span class='ocrx_word' id='word_1_154' title='bbox 1372 2346 1555 2402; x_wconf 66' lang='lat' dir='ltr'>operae</span> <span class='ocrx_word' id='word_1_155' title='bbox 1579 2335 1637 2389; x_wconf 91' lang='lat' dir='ltr'>in</span> <span class='ocrx_word' id='word_1_156' title='bbox 1662 2339 1939 2409; x_wconf 86' lang='lat' dir='ltr'>quopiam</span> 
     </span>
    </p>
   </div>
   <div class='ocr_carea' id='block_1_26' title="bbox 285 2411 1940 2496">
    <p class='ocr_par' dir='ltr' id='par_1_26' title="bbox 285 2411 1940 2496">
     <span class='ocr_line' id='line_1_26' title="bbox 285 2411 1940 2496; baseline 0.011 -31"><span class='ocrx_word' id='word_1_157' title='bbox 285 2411 573 2481; x_wconf 89' lang='lat' dir='ltr'>obsequio</span> <span class='ocrx_word' id='word_1_158' title='bbox 628 2414 944 2482; x_wconf 85' lang='lat' dir='ltr'>majestatis</span> <span class='ocrx_word' id='word_1_159' title='bbox 1000 2420 1131 2471; x_wconf 86' lang='lat' dir='ltr'>tuae.</span> <span class='ocrx_word' id='word_1_160' title='bbox 1178 2418 1304 2473; x_wconf 90' lang='lat' dir='ltr'>Scio</span> <span class='ocrx_word' id='word_1_161' title='bbox 1354 2421 1512 2477; x_wconf 89' lang='lat' dir='ltr'>enim</span> <span class='ocrx_word' id='word_1_162' title='bbox 1560 2441 1657 2479; x_wconf 87' lang='lat' dir='ltr'>vos</span> <span class='ocrx_word' id='word_1_163' title='bbox 1703 2444 1940 2496; x_wconf 81' lang='lat' dir='ltr'>magnos</span> 
     </span>
    </p>
   </div>
   <div class='ocr_carea' id='block_1_27' title="bbox 290 2502 1940 2579">
    <p class='ocr_par' dir='ltr' id='par_1_27' title="bbox 290 2502 1940 2579">
     <span class='ocr_line' id='line_1_27' title="bbox 290 2502 1940 2579; baseline 0.012 -25"><span class='ocrx_word' id='word_1_164' title='bbox 290 2517 458 2569; x_wconf 70' lang='lat' dir='ltr'>reges</span> <span class='ocrx_word' id='word_1_165' title='bbox 508 2502 804 2557; x_wconf 85' lang='lat' dir='ltr'>interdum</span> <span class='ocrx_word' id='word_1_166' title='bbox 855 2504 1200 2573; x_wconf 90' lang='lat' dir='ltr'>quibusdam</span> <span class='ocrx_word' id='word_1_167' title='bbox 1260 2524 1429 2579; x_wconf 90' lang='lat' dir='ltr'>egere</span> <span class='ocrx_word' id='word_1_168' title='bbox 1474 2514 1815 2571; x_wconf 88' lang='lat' dir='ltr'>ministeriis</span> <span class='ocrx_word' id='word_1_169' title='bbox 1853 2519 1940 2572; x_wconf 89' lang='lat' dir='ltr'>vi-</span> 
     </span>
    </p>
   </div>
   <div class='ocr_carea' id='block_1_28' title="bbox 285 2590 1941 2677">
    <p class='ocr_par' dir='ltr' id='par_1_28' title="bbox 285 2590 1941 2677">
     <span class='ocr_line' id='line_1_28' title="bbox 285 2590 1941 2677; baseline 0.012 -34"><span class='ocrx_word' id='word_1_170' title='bbox 285 2590 436 2645; x_wconf 89' lang='lat' dir='ltr'>lium</span> <span class='ocrx_word' id='word_1_171' title='bbox 478 2608 883 2662; x_wconf 82' lang='lat' dir='ltr'>personarum,</span> <span class='ocrx_word' id='word_1_172' title='bbox 918 2610 1022 2648; x_wconf 90' lang='lat' dir='ltr'>nec</span> <span class='ocrx_word' id='word_1_173' title='bbox 1053 2612 1184 2650; x_wconf 89' lang='lat' dir='ltr'>raro</span> <span class='ocrx_word' id='word_1_174' title='bbox 1216 2600 1496 2667; x_wconf 86' lang='lat' dir='ltr'>quosdam</span> <span class='ocrx_word' id='word_1_175' title='bbox 1528 2618 1558 2657; x_wconf 94' lang='lat' dir='ltr'>e</span> <span class='ocrx_word' id='word_1_176' title='bbox 1606 2603 1741 2660; x_wconf 66' lang='lat' dir='ltr'>faece</span> <span class='ocrx_word' id='word_1_177' title='bbox 1784 2608 1941 2677; x_wconf 81' lang='lat' dir='ltr'>vulgi</span> 
     </span>
    </p>
   </div>
   <div class='ocr_carea' id='block_1_29' title="bbox 283 2678 1940 2766">
    <p class='ocr_par' dir='ltr' id='par_1_29' title="bbox 283 2678 1940 2766">
     <span class='ocr_line' id='line_1_29' title="bbox 283 2678 1940 2766; baseline 0.011 -32"><span class='ocrx_word' id='word_1_178' title='bbox 283 2678 606 2735; x_wconf 86' lang='lat' dir='ltr'>utilissime</span> <span class='ocrx_word' id='word_1_179' title='bbox 630 2682 927 2752; x_wconf 88' lang='lat' dir='ltr'>cooperari</span> <span class='ocrx_word' id='word_1_180' title='bbox 964 2685 1211 2755; x_wconf 79' lang='lat' dir='ltr'>negotiis</span> <span class='ocrx_word' id='word_1_181' title='bbox 1257 2690 1528 2745; x_wconf 84' lang='lat' dir='ltr'>maximis</span> <span class='ocrx_word' id='word_1_182' title='bbox 1563 2711 1575 2759; x_wconf 89' lang='lat'><strong>;</strong></span> <span class='ocrx_word' id='word_1_183' title='bbox 1610 2710 1795 2766; x_wconf 89' lang='lat' dir='ltr'>eoque</span> <span class='ocrx_word' id='word_1_184' title='bbox 1825 2713 1940 2753; x_wconf 89' lang='lat' dir='ltr'>non</span> 
     </span>
    </p>
   </div>
   <div class='ocr_carea' id='block_1_30' title="bbox 282 2771 1940 2856">
    <p class='ocr_par' dir='ltr' id='par_1_30' title="bbox 282 2771 1940 2856">
     <span class='ocr_line' id='line_1_30' title="bbox 282 2771 1940 2856; baseline 0.011 -32"><span class='ocrx_word' id='word_1_185' title='bbox 282 2771 585 2839; x_wconf 87' lang='lat' dir='ltr'>aspernari</span> <span class='ocrx_word' id='word_1_186' title='bbox 617 2786 879 2826; x_wconf 88' lang='lat' dir='ltr'>summos</span> <span class='ocrx_word' id='word_1_187' title='bbox 926 2772 1302 2843; x_wconf 79' lang='lat' dir='ltr'>imperatores</span> <span class='ocrx_word' id='word_1_188' title='bbox 1351 2777 1665 2837; x_wconf 85' lang='lat' dir='ltr'>humilium</span> <span class='ocrx_word' id='word_1_189' title='bbox 1711 2802 1940 2856; x_wconf 75' lang='lat' dir='ltr'>qucque</span> 
     </span>
    </p>
   </div>
   <div class='ocr_carea' id='block_1_31' title="bbox 284 2859 1941 2939">
    <p class='ocr_par' dir='ltr' id='par_1_31' title="bbox 284 2859 1941 2939">
     <span class='ocr_line' id='line_1_31' title="bbox 284 2859 1941 2939; baseline 0.011 -26"><span class='ocrx_word' id='word_1_190' title='bbox 284 2859 700 2914; x_wconf 85' lang='lat' dir='ltr'>clientulorum</span> <span class='ocrx_word' id='word_1_191' title='bbox 734 2866 1001 2931; x_wconf 79' lang='lat' dir='ltr'>prompta</span> <span class='ocrx_word' id='word_1_192' title='bbox 1029 2862 1090 2917; x_wconf 89' lang='lat' dir='ltr'>in</span> <span class='ocrx_word' id='word_1_193' title='bbox 1124 2866 1421 2922; x_wconf 88' lang='lat' dir='ltr'>servitium</span> <span class='ocrx_word' id='word_1_194' title='bbox 1455 2870 1709 2939; x_wconf 88' lang='lat' dir='ltr'>ipsorum</span> <span class='ocrx_word' id='word_1_195' title='bbox 1744 2878 1941 2932; x_wconf 87' lang='lat' dir='ltr'>studia</span> 
     </span>
    </p>
   </div>
   <div class='ocr_carea' id='block_1_32' title="bbox 282 2949 1936 3035">
    <p class='ocr_par' dir='ltr' id='par_1_32' title="bbox 282 2949 1936 3035">
     <span class='ocr_line' id='line_1_32' title="bbox 282 2949 1936 3035; baseline 0.01 -32"><span class='ocrx_word' id='word_1_196' title='bbox 282 2949 444 3004; x_wconf 83' lang='lat' dir='ltr'>sicut</span> <span class='ocrx_word' id='word_1_197' title='bbox 473 2949 565 3003; x_wconf 87' lang='lat' dir='ltr'>cui</span> <span class='ocrx_word' id='word_1_198' title='bbox 613 2949 802 3020; x_wconf 87' lang='lat' dir='ltr'>prurit</span> <span class='ocrx_word' id='word_1_199' title='bbox 850 2951 1132 3017; x_wconf 85' lang='lat' dir='ltr'>auricula,</span> <span class='ocrx_word' id='word_1_200' title='bbox 1183 2955 1461 3025; x_wconf 88' lang='lat' dir='ltr'>stipulam</span> <span class='ocrx_word' id='word_1_201' title='bbox 1511 2976 1936 3035; x_wconf 86' lang='lat' dir='ltr'>nonnunquam</span> 
     </span>
    </p>
   </div>
   <div class='ocr_carea' id='block_1_33' title="bbox 288 3038 1939 3115">
    <p class='ocr_par' dir='ltr' id='par_1_33' title="bbox 288 3038 1939 3115">
     <span class='ocr_line' id='line_1_33' title="bbox 288 3038 1939 3115; baseline 0.01 -22"><span class='ocrx_word' id='word_1_202' title='bbox 288 3040 474 3093; x_wconf 88' lang='lat' dir='ltr'>humo</span> <span class='ocrx_word' id='word_1_203' title='bbox 505 3038 735 3103; x_wconf 89' lang='lat' dir='ltr'>tollens,</span> <span class='ocrx_word' id='word_1_204' title='bbox 800 3056 867 3094; x_wconf 88' lang='lat' dir='ltr'>ea</span> <span class='ocrx_word' id='word_1_205' title='bbox 897 3040 980 3094; x_wconf 93' lang='lat' dir='ltr'>uti</span> <span class='ocrx_word' id='word_1_206' title='bbox 1004 3058 1119 3098; x_wconf 92' lang='lat' dir='ltr'>non</span> <span class='ocrx_word' id='word_1_207' title='bbox 1150 3044 1504 3115; x_wconf 86' lang='lat' dir='ltr'>dedignatur</span> <span class='ocrx_word' id='word_1_208' title='bbox 1534 3051 1591 3103; x_wconf 90' lang='lat' dir='ltr'>in</span> <span class='ocrx_word' id='word_1_209' title='bbox 1618 3068 1755 3107; x_wconf 90' lang='lat' dir='ltr'>aure</span> <span class='ocrx_word' id='word_1_210' title='bbox 1787 3055 1939 3109; x_wconf 85' lang='lat' dir='ltr'>scal-</span> 
     </span>
    </p>
   </div>
   <div class='ocr_carea' id='block_1_34' title="bbox 285 3130 1936 3203">
    <p class='ocr_par' dir='ltr' id='par_1_34' title="bbox 285 3130 1936 3203">
     <span class='ocr_line' id='line_1_34' title="bbox 285 3130 1936 3203; baseline 0.012 -21"><span class='ocrx_word' id='word_1_211' title='bbox 285 3131 481 3201; x_wconf 87' lang='lat' dir='ltr'>penda</span> <span class='ocrx_word' id='word_1_212' title='bbox 513 3130 953 3201; x_wconf 84' lang='lat' dir='ltr'>purgandaque.</span> <span class='ocrx_word' id='word_1_213' title='bbox 986 3131 1186 3202; x_wconf 81' lang='lat' dir='ltr'>Papae!</span> <span class='ocrx_word' id='word_1_214' title='bbox 1220 3135 1506 3193; x_wconf 80' lang='lat' dir='ltr'>exclamat</span> <span class='ocrx_word' id='word_1_215' title='bbox 1538 3139 1660 3196; x_wconf 83' lang='lat' dir='ltr'>haec</span> <span class='ocrx_word' id='word_1_216' title='bbox 1692 3145 1936 3203; x_wconf 89' lang='lat' dir='ltr'>audiens</span> 
     </span>
    </p>
   </div>
   <div class='ocr_carea' id='block_1_35' title="bbox 282 3218 1942 3308">
    <p class='ocr_par' dir='ltr' id='par_1_35' title="bbox 282 3218 1942 3308">
     <span class='ocr_line' id='line_1_35' title="bbox 282 3218 1942 3308; baseline 0.011 -34"><span class='ocrx_word' id='word_1_217' title='bbox 282 3219 363 3274; x_wconf 88' lang='lat' dir='ltr'>ad</span> <span class='ocrx_word' id='word_1_218' title='bbox 416 3218 732 3275; x_wconf 78' lang='lat' dir='ltr'>familiares</span> <span class='ocrx_word' id='word_1_219' title='bbox 788 3218 897 3308; x_wconf 86' lang='lat' dir='ltr'>leo,</span> <span class='ocrx_word' id='word_1_220' title='bbox 950 3237 1125 3292; x_wconf 88' lang='lat' dir='ltr'>quam</span> <span class='ocrx_word' id='word_1_221' title='bbox 1178 3224 1426 3293; x_wconf 89' lang='lat' dir='ltr'>probum</span> <span class='ocrx_word' id='word_1_222' title='bbox 1476 3232 1942 3308; x_wconf 90' lang='lat' dir='ltr'>prudentemque</span> 
     </span>
    </p>
   </div>
   <div class='ocr_carea' id='block_1_36' title="bbox 281 3307 1940 3390">
    <p class='ocr_par' dir='ltr' id='par_1_36' title="bbox 281 3307 1940 3390">
     <span class='ocr_line' id='line_1_36' title="bbox 281 3307 1940 3390; baseline 0.012 -30"><span class='ocrx_word' id='word_1_223' title='bbox 281 3309 480 3361; x_wconf 85' lang='lat' dir='ltr'>virum</span> <span class='ocrx_word' id='word_1_224' title='bbox 496 3308 781 3362; x_wconf 87' lang='lat' dir='ltr'>hactenus</span> <span class='ocrx_word' id='word_1_225' title='bbox 798 3307 1200 3379; x_wconf 87' lang='lat' dir='ltr'>ignoravimus</span> <span class='ocrx_word' id='word_1_226' title='bbox 1220 3313 1234 3367; x_wconf 91' lang='lat' dir='ltr'>l</span> <span class='ocrx_word' id='word_1_227' title='bbox 1251 3312 1433 3370; x_wconf 88' lang='lat' dir='ltr'>Credo</span> <span class='ocrx_word' id='word_1_228' title='bbox 1457 3319 1753 3390; x_wconf 88' lang='lat' dir='ltr'>equidem,</span> <span class='ocrx_word' id='word_1_229' title='bbox 1772 3307 1940 3380; x_wconf 85' lang='lat' dir='ltr'>multi</span> 
     </span>
    </p>
   </div>
   <div class='ocr_carea' id='block_1_37' title="bbox 281 3395 1939 3475">
    <p class='ocr_par' dir='ltr' id='par_1_37' title="bbox 281 3395 1939 3475">
     <span class='ocr_line' id='line_1_37' title="bbox 281 3395 1939 3475; baseline 0.011 -24"><span class='ocrx_word' id='word_1_230' title='bbox 281 3395 437 3451; x_wconf 88' lang='lat' dir='ltr'>tales</span> <span class='ocrx_word' id='word_1_231' title='bbox 452 3396 507 3450; x_wconf 91' lang='lat' dir='ltr'>in</span> <span class='ocrx_word' id='word_1_232' title='bbox 523 3395 749 3451; x_wconf 89' lang='lat' dir='ltr'>occulto</span> <span class='ocrx_word' id='word_1_233' title='bbox 768 3402 1027 3452; x_wconf 90' lang='lat' dir='ltr'>marcent</span> <span class='ocrx_word' id='word_1_234' title='bbox 1042 3399 1141 3469; x_wconf 87' lang='lat' dir='ltr'>qui</span> <span class='ocrx_word' id='word_1_235' title='bbox 1169 3402 1389 3471; x_wconf 90' lang='lat' dir='ltr'>optimo</span> <span class='ocrx_word' id='word_1_236' title='bbox 1407 3405 1635 3475; x_wconf 92' lang='lat' dir='ltr'>publico</span> <span class='ocrx_word' id='word_1_237' title='bbox 1650 3409 1705 3463; x_wconf 89' lang='lat' dir='ltr'>in</span> <span class='ocrx_word' id='word_1_238' title='bbox 1723 3412 1939 3468; x_wconf 85' lang='lat' dir='ltr'>famam</span> 
     </span>
    </p>
   </div>
   <div class='ocr_carea' id='block_1_38' title="bbox 281 3486 1939 3559">
    <p class='ocr_par' dir='ltr' id='par_1_38' title="bbox 281 3486 1939 3559">
     <span class='ocr_line' id='line_1_38' title="bbox 281 3486 1939 3559; baseline 0.01 -18"><span class='ocrx_word' id='word_1_239' title='bbox 281 3486 708 3543; x_wconf 83' lang='lat' dir='ltr'>extrahantur:</span> <span class='ocrx_word' id='word_1_240' title='bbox 761 3486 1068 3555; x_wconf 86' lang='lat' dir='ltr'>nimirum,</span> <span class='ocrx_word' id='word_1_241' title='bbox 1121 3494 1185 3543; x_wconf 88' lang='lat' dir='ltr'>ut</span> <span class='ocrx_word' id='word_1_242' title='bbox 1217 3493 1424 3559; x_wconf 90' lang='lat' dir='ltr'>prunis</span> <span class='ocrx_word' id='word_1_243' title='bbox 1468 3495 1662 3553; x_wconf 91' lang='lat' dir='ltr'>cinere</span> <span class='ocrx_word' id='word_1_244' title='bbox 1711 3501 1939 3559; x_wconf 87' lang='lat' dir='ltr'>obrutis</span> 
     </span>
    </p>
   </div>
   <div class='ocr_carea' id='block_1_39' title="bbox 281 3578 1939 3659">
    <p class='ocr_par' dir='ltr' id='par_1_39' title="bbox 281 3578 1939 3659">
     <span class='ocr_line' id='line_1_39' title="bbox 281 3578 1939 3659; baseline 0.005 -30"><span class='ocrx_word' id='word_1_245' title='bbox 281 3584 514 3643; x_wconf 86' lang='lat' dir='ltr'>ventus,</span> <span class='ocrx_word' id='word_1_246' title='bbox 549 3581 649 3631; x_wconf 89' lang='lat' dir='ltr'>aut</span> <span class='ocrx_word' id='word_1_247' title='bbox 679 3593 851 3633; x_wconf 86' lang='lat' dir='ltr'>casus</span> <span class='ocrx_word' id='word_1_248' title='bbox 884 3578 1101 3650; x_wconf 89' lang='lat' dir='ltr'>aliquis</span> <span class='ocrx_word' id='word_1_249' title='bbox 1141 3597 1289 3651; x_wconf 91' lang='lat' dir='ltr'>opus</span> <span class='ocrx_word' id='word_1_250' title='bbox 1321 3588 1428 3645; x_wconf 73' lang='lat' dir='ltr'>est,</span> <span class='ocrx_word' id='word_1_251' title='bbox 1464 3602 1567 3655; x_wconf 91' lang='lat' dir='ltr'>per</span> <span class='ocrx_word' id='word_1_252' title='bbox 1596 3606 1787 3659; x_wconf 88' lang='lat' dir='ltr'>quem,</span> <span class='ocrx_word' id='word_1_253' title='bbox 1825 3595 1939 3648; x_wconf 82' lang='lat' dir='ltr'>dif.</span> 
     </span>
    </p>
   </div>
   <div class='ocr_carea' id='block_1_40' title="bbox 280 3666 1942 3751">
    <p class='ocr_par' dir='ltr' id='par_1_40' title="bbox 280 3666 1942 3751">
     <span class='ocr_line' id='line_1_40' title="bbox 280 3666 1942 3751; baseline 0.011 -31"><span class='ocrx_word' id='word_1_254' title='bbox 280 3666 427 3721; x_wconf 82' lang='lat' dir='ltr'>ﬂata</span> <span class='ocrx_word' id='word_1_255' title='bbox 467 3668 576 3721; x_wconf 89' lang='lat' dir='ltr'>sub</span> <span class='ocrx_word' id='word_1_256' title='bbox 628 3683 744 3737; x_wconf 88' lang='lat' dir='ltr'>qua</span> <span class='ocrx_word' id='word_1_257' title='bbox 794 3667 1073 3736; x_wconf 88' lang='lat' dir='ltr'>jacebant</span> <span class='ocrx_word' id='word_1_258' title='bbox 1132 3670 1345 3738; x_wconf 80' lang='lat' dir='ltr'>favilla,</span> <span class='ocrx_word' id='word_1_259' title='bbox 1399 3673 1588 3730; x_wconf 89' lang='lat' dir='ltr'>lucem</span> <span class='ocrx_word' id='word_1_260' title='bbox 1645 3680 1942 3751; x_wconf 84' lang='lat' dir='ltr'>explicent</span> 
     </span>
    </p>
   </div>
   <div class='ocr_carea' id='block_1_41' title="bbox 282 3757 1939 3836">
    <p class='ocr_par' dir='ltr' id='par_1_41' title="bbox 282 3757 1939 3836">
     <span class='ocr_line' id='line_1_41' title="bbox 282 3757 1939 3836; baseline 0.009 -24"><span class='ocrx_word' id='word_1_261' title='bbox 282 3772 481 3823; x_wconf 85' lang='lat' dir='ltr'>suam,</span> <span class='ocrx_word' id='word_1_262' title='bbox 531 3771 779 3827; x_wconf 77' lang='lat' dir='ltr'>aereque</span> <span class='ocrx_word' id='word_1_263' title='bbox 829 3757 1164 3828; x_wconf 85' lang='lat' dir='ltr'>potiantur:</span> <span class='ocrx_word' id='word_1_264' title='bbox 1202 3759 1282 3815; x_wconf 86' lang='lat' dir='ltr'>ita</span> <span class='ocrx_word' id='word_1_265' title='bbox 1328 3762 1484 3818; x_wconf 88' lang='lat' dir='ltr'>hunc</span> <span class='ocrx_word' id='word_1_266' title='bbox 1533 3771 1793 3836; x_wconf 74' lang='lat' dir='ltr'>quaedam</span> <span class='ocrx_word' id='word_1_267' title='bbox 1840 3773 1939 3827; x_wconf 82' lang='lat' dir='ltr'>de-</span> 
     </span>
    </p>
   </div>
   <div class='ocr_carea' id='block_1_42' title="bbox 283 3845 1940 3930">
    <p class='ocr_par' dir='ltr' id='par_1_42' title="bbox 283 3845 1940 3930">
     <span class='ocr_line' id='line_1_42' title="bbox 283 3845 1940 3930; baseline 0.01 -30"><span class='ocrx_word' id='word_1_268' title='bbox 283 3862 453 3900; x_wconf 87' lang='lat' dir='ltr'>mum</span> <span class='ocrx_word' id='word_1_269' title='bbox 481 3845 712 3900; x_wconf 81' lang='lat' dir='ltr'>fortuna</span> <span class='ocrx_word' id='word_1_270' title='bbox 743 3862 1096 3915; x_wconf 85' lang='lat' dir='ltr'>congressus</span> <span class='ocrx_word' id='word_1_271' title='bbox 1138 3850 1317 3903; x_wconf 87' lang='lat' dir='ltr'>nostri</span> <span class='ocrx_word' id='word_1_272' title='bbox 1351 3850 1409 3906; x_wconf 91' lang='lat' dir='ltr'>in</span> <span class='ocrx_word' id='word_1_273' title='bbox 1444 3856 1712 3913; x_wconf 87' lang='lat' dir='ltr'>notitiam</span> <span class='ocrx_word' id='word_1_274' title='bbox 1747 3866 1940 3930; x_wconf 88' lang='lat' dir='ltr'>protu-</span> 
     </span>
    </p>
   </div>
   <div class='ocr_carea' id='block_1_43' title="bbox 285 3934 1940 4007">
    <p class='ocr_par' dir='ltr' id='par_1_43' title="bbox 285 3934 1940 4007">
     <span class='ocr_line' id='line_1_43' title="bbox 285 3934 1940 4007; baseline 0.01 -17"><span class='ocrx_word' id='word_1_275' title='bbox 285 3936 375 4000; x_wconf 87' lang='lat' dir='ltr'>lit,</span> <span class='ocrx_word' id='word_1_276' title='bbox 404 3934 713 4005; x_wconf 87' lang='lat' dir='ltr'>indignum</span> <span class='ocrx_word' id='word_1_277' title='bbox 747 3935 1001 4006; x_wconf 84' lang='lat' dir='ltr'>profecto</span> <span class='ocrx_word' id='word_1_278' title='bbox 1046 3938 1145 4006; x_wconf 88' lang='lat' dir='ltr'>qui</span> <span class='ocrx_word' id='word_1_279' title='bbox 1175 3938 1397 3994; x_wconf 86' lang='lat' dir='ltr'>lateret.</span> <span class='ocrx_word' id='word_1_280' title='bbox 1436 3946 1507 3997; x_wconf 80' lang='lat' dir='ltr'>Ex</span> <span class='ocrx_word' id='word_1_281' title='bbox 1540 3944 1631 4001; x_wconf 91' lang='lat' dir='ltr'>his</span> <span class='ocrx_word' id='word_1_282' title='bbox 1664 3953 1727 4003; x_wconf 89' lang='lat' dir='ltr'>ut</span> <span class='ocrx_word' id='word_1_283' title='bbox 1757 3951 1940 4007; x_wconf 87' lang='lat' dir='ltr'>sensit</span> 
     </span>
    </p>
   </div>
   <div class='ocr_carea' id='block_1_44' title="bbox 282 4025 1937 4104">
    <p class='ocr_par' dir='ltr' id='par_1_44' title="bbox 282 4025 1937 4104">
     <span class='ocr_line' id='line_1_44' title="bbox 282 4025 1937 4104; baseline 0.009 -23"><span class='ocrx_word' id='word_1_284' title='bbox 282 4025 611 4096; x_wconf 82' lang='lat' dir='ltr'>Vestigater</span> <span class='ocrx_word' id='word_1_285' title='bbox 645 4026 796 4079; x_wconf 88' lang='lat' dir='ltr'>haud</span> <span class='ocrx_word' id='word_1_286' title='bbox 848 4040 908 4080; x_wconf 89' lang='lat' dir='ltr'>se</span> <span class='ocrx_word' id='word_1_287' title='bbox 959 4025 1267 4096; x_wconf 84' lang='lat' dir='ltr'>displicere</span> <span class='ocrx_word' id='word_1_288' title='bbox 1316 4031 1590 4104; x_wconf 87' lang='lat' dir='ltr'>principi,</span> <span class='ocrx_word' id='word_1_289' title='bbox 1640 4041 1801 4094; x_wconf 88' lang='lat' dir='ltr'>tanto</span> <span class='ocrx_word' id='word_1_290' title='bbox 1834 4057 1937 4096; x_wconf 87' lang='lat' dir='ltr'>au-</span> 
     </span>
    </p>
   </div>
   <div class='ocr_carea' id='block_1_45' title="bbox 281 4112 1936 4195">
    <p class='ocr_par' dir='ltr' id='par_1_45' title="bbox 281 4112 1936 4195">
     <span class='ocr_line' id='line_1_45' title="bbox 281 4112 1936 4195; baseline 0.01 -26"><span class='ocrx_word' id='word_1_291' title='bbox 281 4115 521 4169; x_wconf 88' lang='lat' dir='ltr'>dentius</span> <span class='ocrx_word' id='word_1_292' title='bbox 582 4112 940 4168; x_wconf 88' lang='lat' dir='ltr'>subintulit:</span> <span class='ocrx_word' id='word_1_293' title='bbox 1022 4115 1235 4171; x_wconf 87' lang='lat' dir='ltr'>Vellem</span> <span class='ocrx_word' id='word_1_294' title='bbox 1313 4122 1603 4194; x_wconf 84' lang='lat' dir='ltr'>equidem,</span> <span class='ocrx_word' id='word_1_295' title='bbox 1681 4129 1936 4195; x_wconf 89' lang='lat' dir='ltr'>domine,</span> 
     </span>
    </p>
   </div>
   <div class='ocr_carea' id='block_1_46' title="bbox 282 4203 1938 4285">
    <p class='ocr_par' dir='ltr' id='par_1_46' title="bbox 282 4203 1938 4285">
     <span class='ocr_line' id='line_1_46' title="bbox 282 4203 1938 4285; baseline 0.01 -27"><span class='ocrx_word' id='word_1_296' title='bbox 282 4205 443 4274; x_wconf 91' lang='lat' dir='ltr'>quod</span> <span class='ocrx_word' id='word_1_297' title='bbox 478 4219 507 4257; x_wconf 90' lang='lat' dir='ltr'>e</span> <span class='ocrx_word' id='word_1_298' title='bbox 532 4220 590 4259; x_wconf 86' lang='lat' dir='ltr'>re</span> <span class='ocrx_word' id='word_1_299' title='bbox 622 4209 720 4257; x_wconf 87' lang='lat' dir='ltr'>tua</span> <span class='ocrx_word' id='word_1_300' title='bbox 748 4208 806 4257; x_wconf 90' lang='lat' dir='ltr'>et</span> <span class='ocrx_word' id='word_1_301' title='bbox 836 4203 1067 4273; x_wconf 84' lang='lat' dir='ltr'>publica</span> <span class='ocrx_word' id='word_1_302' title='bbox 1118 4206 1378 4263; x_wconf 87' lang='lat' dir='ltr'>futurum</span> <span class='ocrx_word' id='word_1_303' title='bbox 1415 4212 1683 4285; x_wconf 86' lang='lat' dir='ltr'>arbitror,</span> <span class='ocrx_word' id='word_1_304' title='bbox 1719 4218 1938 4275; x_wconf 91' lang='lat' dir='ltr'>aulicos</span> 
     </span>
    </p>
   </div>
   <div class='ocr_carea' id='block_1_47' title="bbox 280 4294 1939 4365">
    <p class='ocr_par' dir='ltr' id='par_1_47' title="bbox 280 4294 1939 4365">
     <span class='ocr_line' id='line_1_47' title="bbox 280 4294 1939 4365; baseline 0.01 -17"><span class='ocrx_word' id='word_1_305' title='bbox 280 4298 418 4348; x_wconf 90' lang='lat' dir='ltr'>tuos</span> <span class='ocrx_word' id='word_1_306' title='bbox 467 4308 672 4347; x_wconf 89' lang='lat' dir='ltr'>omnes</span> <span class='ocrx_word' id='word_1_307' title='bbox 706 4294 962 4362; x_wconf 87' lang='lat' dir='ltr'>proferre</span> <span class='ocrx_word' id='word_1_308' title='bbox 992 4296 1145 4365; x_wconf 90' lang='lat' dir='ltr'>apud</span> <span class='ocrx_word' id='word_1_309' title='bbox 1182 4301 1233 4349; x_wconf 83' lang='lat' dir='ltr'>te</span> <span class='ocrx_word' id='word_1_310' title='bbox 1264 4300 1511 4356; x_wconf 85' lang='lat' dir='ltr'>candide</span> <span class='ocrx_word' id='word_1_311' title='bbox 1545 4320 1752 4361; x_wconf 84' lang='lat' dir='ltr'>sensus</span> <span class='ocrx_word' id='word_1_312' title='bbox 1798 4307 1939 4363; x_wconf 89' lang='lat' dir='ltr'>inti-</span> 
     </span>
    </p>
   </div>
   <div class='ocr_carea' id='block_1_48' title="bbox 281 4382 1939 4455">
    <p class='ocr_par' dir='ltr' id='par_1_48' title="bbox 281 4382 1939 4455">
     <span class='ocr_line' id='line_1_48' title="bbox 281 4382 1939 4455; baseline 0.01 -18"><span class='ocrx_word' id='word_1_313' title='bbox 281 4399 414 4438; x_wconf 87' lang='lat' dir='ltr'>mos</span> <span class='ocrx_word' id='word_1_314' title='bbox 445 4398 686 4436; x_wconf 90' lang='lat' dir='ltr'>suorum</span> <span class='ocrx_word' id='word_1_315' title='bbox 712 4382 1063 4450; x_wconf 85' lang='lat' dir='ltr'>animorum,</span> <span class='ocrx_word' id='word_1_316' title='bbox 1096 4388 1490 4455; x_wconf 74' lang='lat' dir='ltr'>etprzesertim</span> <span class='ocrx_word' id='word_1_317' title='bbox 1526 4392 1583 4447; x_wconf 89' lang='lat' dir='ltr'>in</span> <span class='ocrx_word' id='word_1_318' title='bbox 1620 4396 1939 4453; x_wconf 90' lang='lat' dir='ltr'>occasioni-</span> 
     </span>
    </p>
   </div>
   <div class='ocr_carea' id='block_1_49' title="bbox 278 4473 1937 4554">
    <p class='ocr_par' dir='ltr' id='par_1_49' title="bbox 278 4473 1937 4554">
     <span class='ocr_line' id='line_1_49' title="bbox 278 4473 1937 4554; baseline 0.009 -27"><span class='ocrx_word' id='word_1_319' title='bbox 278 4473 395 4527; x_wconf 88' lang='lat' dir='ltr'>bus</span> <span class='ocrx_word' id='word_1_320' title='bbox 427 4488 619 4527; x_wconf 90' lang='lat' dir='ltr'>rerum</span> <span class='ocrx_word' id='word_1_321' title='bbox 670 4474 1072 4543; x_wconf 88' lang='lat' dir='ltr'>gerendarum,</span> <span class='ocrx_word' id='word_1_322' title='bbox 1120 4476 1260 4545; x_wconf 90' lang='lat' dir='ltr'>quid</span> <span class='ocrx_word' id='word_1_323' title='bbox 1309 4482 1635 4548; x_wconf 88' lang='lat' dir='ltr'>convenire,</span> <span class='ocrx_word' id='word_1_324' title='bbox 1669 4485 1802 4554; x_wconf 89' lang='lat' dir='ltr'>quid</span> <span class='ocrx_word' id='word_1_325' title='bbox 1835 4504 1937 4542; x_wconf 88' lang='lat' dir='ltr'>ex-</span> 
     </span>
    </p>
   </div>
   <div class='ocr_carea' id='block_1_50' title="bbox 280 4562 1933 4634">
    <p class='ocr_par' dir='ltr' id='par_1_50' title="bbox 280 4562 1933 4634">
     <span class='ocr_line' id='line_1_50' title="bbox 280 4562 1933 4634; baseline 0.01 -18"><span class='ocrx_word' id='word_1_326' title='bbox 280 4563 486 4634; x_wconf 87' lang='lat' dir='ltr'>pedire</span> <span class='ocrx_word' id='word_1_327' title='bbox 535 4562 801 4631; x_wconf 84' lang='lat' dir='ltr'>judicent</span> <span class='ocrx_word' id='word_1_328' title='bbox 847 4562 1053 4617; x_wconf 80' lang='lat' dir='ltr'>edere:</span> <span class='ocrx_word' id='word_1_329' title='bbox 1126 4580 1259 4619; x_wconf 89' lang='lat' dir='ltr'>nam</span> <span class='ocrx_word' id='word_1_330' title='bbox 1317 4566 1447 4622; x_wconf 90' lang='lat' dir='ltr'>hinc</span> <span class='ocrx_word' id='word_1_331' title='bbox 1500 4572 1592 4626; x_wconf 81' lang='lat' dir='ltr'>fiet</span> <span class='ocrx_word' id='word_1_332' title='bbox 1646 4579 1709 4628; x_wconf 92' lang='lat' dir='ltr'>ut</span> <span class='ocrx_word' id='word_1_333' title='bbox 1759 4581 1815 4631; x_wconf 91' lang='lat' dir='ltr'>et</span> <span class='ocrx_word' id='word_1_334' title='bbox 1861 4578 1933 4632; x_wconf 89' lang='lat' dir='ltr'>ab</span> 
     </span>
    </p>
   </div>
   <div class='ocr_carea' id='block_1_51' title="bbox 280 4650 1934 4730">
    <p class='ocr_par' dir='ltr' id='par_1_51' title="bbox 280 4650 1934 4730">
     <span class='ocr_line' id='line_1_51' title="bbox 280 4650 1934 4730; baseline 0.01 -24"><span class='ocrx_word' id='word_1_335' title='bbox 280 4656 484 4707; x_wconf 82' lang='lat' dir='ltr'>exacta</span> <span class='ocrx_word' id='word_1_336' title='bbox 526 4650 733 4721; x_wconf 85' lang='lat' dir='ltr'>judicii</span> <span class='ocrx_word' id='word_1_337' title='bbox 790 4650 871 4705; x_wconf 90' lang='lat' dir='ltr'>tui</span> <span class='ocrx_word' id='word_1_338' title='bbox 942 4668 1183 4706; x_wconf 85' lang='lat' dir='ltr'>censura</span> <span class='ocrx_word' id='word_1_339' title='bbox 1244 4670 1603 4730; x_wconf 85' lang='lat' dir='ltr'>unaquaeque</span> <span class='ocrx_word' id='word_1_340' title='bbox 1642 4667 1934 4723; x_wconf 89' lang='lat' dir='ltr'>sententia</span> 
     </span>
    </p>
   </div>
   <div class='ocr_carea' id='block_1_52' title="bbox 282 4740 1935 4819">
    <p class='ocr_par' dir='ltr' id='par_1_52' title="bbox 282 4740 1935 4819">
     <span class='ocr_line' id='line_1_52' title="bbox 282 4740 1935 4819; baseline 0.01 -23"><span class='ocrx_word' id='word_1_341' title='bbox 282 4746 485 4797; x_wconf 88' lang='lat' dir='ltr'>notam</span> <span class='ocrx_word' id='word_1_342' title='bbox 537 4756 641 4795; x_wconf 91' lang='lat' dir='ltr'>suo</span> <span class='ocrx_word' id='word_1_343' title='bbox 690 4740 897 4794; x_wconf 88' lang='lat' dir='ltr'>merito</span> <span class='ocrx_word' id='word_1_344' title='bbox 948 4747 1366 4811; x_wconf 87' lang='lat' dir='ltr'>congruentem</span> <span class='ocrx_word' id='word_1_345' title='bbox 1445 4749 1712 4819; x_wconf 89' lang='lat' dir='ltr'>accipiat,</span> <span class='ocrx_word' id='word_1_346' title='bbox 1764 4762 1819 4809; x_wconf 93' lang='lat' dir='ltr'>et</span> <span class='ocrx_word' id='word_1_347' title='bbox 1867 4758 1935 4812; x_wconf 89' lang='lat' dir='ltr'>de</span> 
     </span>
    </p>
   </div>
   <div class='ocr_carea' id='block_1_53' title="bbox 280 4828 1936 4909">
    <p class='ocr_par' dir='ltr' id='par_1_53' title="bbox 280 4828 1936 4909">
     <span class='ocr_line' id='line_1_53' title="bbox 280 4828 1936 4909; baseline 0.01 -24"><span class='ocrx_word' id='word_1_348' title='bbox 280 4830 577 4903; x_wconf 88' lang='lat' dir='ltr'>personis,</span> <span class='ocrx_word' id='word_1_349' title='bbox 611 4829 776 4900; x_wconf 89' lang='lat' dir='ltr'>ipsis,</span> <span class='ocrx_word' id='word_1_350' title='bbox 811 4829 952 4900; x_wconf 77' lang='lat' dir='ltr'>quid</span> <span class='ocrx_word' id='word_1_351' title='bbox 976 4828 1197 4885; x_wconf 82' lang='lat' dir='ltr'>valeant</span> <span class='ocrx_word' id='word_1_352' title='bbox 1227 4848 1296 4887; x_wconf 88' lang='lat' dir='ltr'>ex</span> <span class='ocrx_word' id='word_1_353' title='bbox 1328 4834 1485 4892; x_wconf 88' lang='lat' dir='ltr'>hisce</span> <span class='ocrx_word' id='word_1_354' title='bbox 1514 4841 1936 4909; x_wconf 88' lang='lat' dir='ltr'>speciminibus</span> 
     </span>
    </p>
   </div>
   <div class='ocr_carea' id='block_1_54' title="bbox 282 4917 1936 5007">
    <p class='ocr_par' dir='ltr' id='par_1_54' title="bbox 282 4917 1936 5007">
     <span class='ocr_line' id='line_1_54' title="bbox 282 4917 1936 5007; baseline 0.009 -32"><span class='ocrx_word' id='word_1_355' title='bbox 282 4919 533 4975; x_wconf 69' lang='lat' dir='ltr'>solertiae</span> <span class='ocrx_word' id='word_1_356' title='bbox 564 4935 632 4974; x_wconf 88' lang='lat' dir='ltr'>ac</span> <span class='ocrx_word' id='word_1_357' title='bbox 654 4917 944 4991; x_wconf 65' lang='lat' dir='ltr'>sapientiai</span> <span class='ocrx_word' id='word_1_358' title='bbox 968 4920 1273 4991; x_wconf 89' lang='lat' dir='ltr'>cujusque,</span> <span class='ocrx_word' id='word_1_359' title='bbox 1306 4926 1507 4981; x_wconf 87' lang='lat' dir='ltr'>notitia</span> <span class='ocrx_word' id='word_1_360' title='bbox 1530 4944 1661 4985; x_wconf 89' lang='lat' dir='ltr'>cum</span> <span class='ocrx_word' id='word_1_361' title='bbox 1687 4933 1936 5007; x_wconf 86' lang='lat' dir='ltr'>principi</span> 
     </span>
    </p>
   </div>
   <div class='ocr_carea' id='block_1_55' title="bbox 281 5008 1934 5091">
    <p class='ocr_par' dir='ltr' id='par_1_55' title="bbox 281 5008 1934 5091">
     <span class='ocr_line' id='line_1_55' title="bbox 281 5008 1934 5091; baseline 0.011 -29"><span class='ocrx_word' id='word_1_362' title='bbox 281 5016 412 5063; x_wconf 88' lang='lat' dir='ltr'>tum</span> <span class='ocrx_word' id='word_1_363' title='bbox 438 5008 667 5063; x_wconf 83' lang='lat' dir='ltr'>senatui</span> <span class='ocrx_word' id='word_1_364' title='bbox 716 5012 973 5079; x_wconf 87' lang='lat' dir='ltr'>paretur,</span> <span class='ocrx_word' id='word_1_365' title='bbox 1026 5009 1289 5081; x_wconf 88' lang='lat' dir='ltr'>utrisque</span> <span class='ocrx_word' id='word_1_366' title='bbox 1344 5014 1503 5070; x_wconf 88' lang='lat' dir='ltr'>utilis</span> <span class='ocrx_word' id='word_1_367' title='bbox 1550 5020 1622 5073; x_wconf 89' lang='lat' dir='ltr'>ad</span> <span class='ocrx_word' id='word_1_368' title='bbox 1665 5019 1934 5091; x_wconf 89' lang='lat' dir='ltr'>plurima.</span> 
     </span>
    </p>
   </div>
   <div class='ocr_carea' id='block_1_56' title="bbox 281 5097 1937 5168">
    <p class='ocr_par' dir='ltr' id='par_1_56' title="bbox 281 5097 1937 5168">
     <span class='ocr_line' id='line_1_56' title="bbox 281 5097 1937 5168; baseline 0.01 -15"><span class='ocrx_word' id='word_1_369' title='bbox 281 5099 594 5153; x_wconf 87' lang='lat' dir='ltr'>Enimvero</span> <span class='ocrx_word' id='word_1_370' title='bbox 624 5098 812 5167; x_wconf 85' lang='lat' dir='ltr'>quoad</span> <span class='ocrx_word' id='word_1_371' title='bbox 846 5097 1077 5153; x_wconf 85' lang='lat' dir='ltr'>semina</span> <span class='ocrx_word' id='word_1_372' title='bbox 1118 5099 1278 5154; x_wconf 86' lang='lat' dir='ltr'>varia</span> <span class='ocrx_word' id='word_1_373' title='bbox 1310 5107 1474 5159; x_wconf 78' lang='lat' dir='ltr'>terrae</span> <span class='ocrx_word' id='word_1_374' title='bbox 1502 5112 1820 5167; x_wconf 89' lang='lat' dir='ltr'>commissa</span> <span class='ocrx_word' id='word_1_375' title='bbox 1877 5114 1937 5168; x_wconf 90' lang='lat' dir='ltr'>in</span> 
     </span>
    </p>
   </div>
   <div class='ocr_carea' id='block_1_57' title="bbox 280 5186 1938 5267">
    <p class='ocr_par' dir='ltr' id='par_1_57' title="bbox 280 5186 1938 5267">
     <span class='ocr_line' id='line_1_57' title="bbox 280 5186 1938 5267; baseline 0.01 -25"><span class='ocrx_word' id='word_1_376' title='bbox 280 5188 417 5242; x_wconf 88' lang='lat' dir='ltr'>sinu</span> <span class='ocrx_word' id='word_1_377' title='bbox 449 5186 567 5241; x_wconf 88' lang='lat' dir='ltr'>arvi</span> <span class='ocrx_word' id='word_1_378' title='bbox 617 5186 986 5255; x_wconf 89' lang='lat' dir='ltr'>delitescunt,</span> <span class='ocrx_word' id='word_1_379' title='bbox 1034 5186 1194 5244; x_wconf 87' lang='lat' dir='ltr'>nullo</span> <span class='ocrx_word' id='word_1_380' title='bbox 1242 5190 1433 5249; x_wconf 87' lang='lat' dir='ltr'>adhuc</span> <span class='ocrx_word' id='word_1_381' title='bbox 1478 5199 1738 5267; x_wconf 89' lang='lat' dir='ltr'>germine</span> <span class='ocrx_word' id='word_1_382' title='bbox 1783 5203 1938 5257; x_wconf 83' lang='lat' dir='ltr'>foras</span> 
     </span>
    </p>
   </div>
   <div class='ocr_carea' id='block_1_58' title="bbox 279 5274 1940 5347">
    <p class='ocr_par' dir='ltr' id='par_1_58' title="bbox 279 5274 1940 5347">
     <span class='ocr_line' id='line_1_58' title="bbox 279 5274 1940 5347; baseline 0.01 -16"><span class='ocrx_word' id='word_1_383' title='bbox 279 5276 489 5343; x_wconf 89' lang='lat' dir='ltr'>misso,</span> <span class='ocrx_word' id='word_1_384' title='bbox 521 5290 628 5331; x_wconf 88' lang='lat' dir='ltr'>nec</span> <span class='ocrx_word' id='word_1_385' title='bbox 656 5276 727 5329; x_wconf 91' lang='lat' dir='ltr'>de</span> <span class='ocrx_word' id='word_1_386' title='bbox 758 5274 1035 5344; x_wconf 83' lang='lat' dir='ltr'>qualitate</span> <span class='ocrx_word' id='word_1_387' title='bbox 1063 5276 1326 5347; x_wconf 85' lang='lat' dir='ltr'>ipsorum</span> <span class='ocrx_word' id='word_1_388' title='bbox 1360 5300 1463 5339; x_wconf 89' lang='lat' dir='ltr'>nec</span> <span class='ocrx_word' id='word_1_389' title='bbox 1495 5289 1565 5343; x_wconf 89' lang='lat' dir='ltr'>de</span> <span class='ocrx_word' id='word_1_390' title='bbox 1617 5290 1725 5344; x_wconf 89' lang='lat' dir='ltr'>soli</span> <span class='ocrx_word' id='word_1_391' title='bbox 1768 5292 1940 5346; x_wconf 91' lang='lat' dir='ltr'>uber-</span> 
     </span>
    </p>
   </div>
   <div class='ocr_carea' id='block_1_59' title="bbox 282 5363 1941 5451">
    <p class='ocr_par' dir='ltr' id='par_1_59' title="bbox 282 5363 1941 5451">
     <span class='ocr_line' id='line_1_59' title="bbox 282 5363 1941 5451; baseline 0.01 -31"><span class='ocrx_word' id='word_1_392' title='bbox 282 5370 406 5420; x_wconf 83' lang='lat' dir='ltr'>tate</span> <span class='ocrx_word' id='word_1_393' title='bbox 448 5365 741 5434; x_wconf 83' lang='lat' dir='ltr'>judicium</span> <span class='ocrx_word' id='word_1_394' title='bbox 795 5363 931 5419; x_wconf 86' lang='lat' dir='ltr'>ferri</span> <span class='ocrx_word' id='word_1_395' title='bbox 976 5370 1197 5422; x_wconf 84' lang='lat' dir='ltr'>certum</span> <span class='ocrx_word' id='word_1_396' title='bbox 1263 5377 1497 5442; x_wconf 89' lang='lat' dir='ltr'>potest:</span> <span class='ocrx_word' id='word_1_397' title='bbox 1565 5378 1718 5433; x_wconf 90' lang='lat' dir='ltr'>idem</span> <span class='ocrx_word' id='word_1_398' title='bbox 1770 5381 1941 5451; x_wconf 90' lang='lat' dir='ltr'>plane</span> 
     </span>
    </p>
   </div>
   <div class='ocr_carea' id='block_1_60' title="bbox 278 5452 1942 5537">
    <p class='ocr_par' dir='ltr' id='par_1_60' title="bbox 278 5452 1942 5537">
     <span class='ocr_line' id='line_1_60' title="bbox 278 5452 1942 5537; baseline 0.01 -27"><span class='ocrx_word' id='word_1_399' title='bbox 278 5471 395 5510; x_wconf 86' lang='lat' dir='ltr'>usu</span> <span class='ocrx_word' id='word_1_400' title='bbox 421 5456 573 5509; x_wconf 76' lang='lat' dir='ltr'>venit</span> <span class='ocrx_word' id='word_1_401' title='bbox 594 5453 650 5509; x_wconf 90' lang='lat' dir='ltr'>in</span> <span class='ocrx_word' id='word_1_402' title='bbox 683 5452 956 5524; x_wconf 84' lang='lat' dir='ltr'>ingeniis,</span> <span class='ocrx_word' id='word_1_403' title='bbox 978 5469 1105 5523; x_wconf 66' lang='lat' dir='ltr'>qua:</span> <span class='ocrx_word' id='word_1_404' title='bbox 1146 5459 1342 5528; x_wconf 85' lang='lat' dir='ltr'>qualia</span> <span class='ocrx_word' id='word_1_405' title='bbox 1380 5464 1823 5537; x_wconf 86' lang='lat' dir='ltr'>sintignoretur</span> <span class='ocrx_word' id='word_1_406' title='bbox 1846 5487 1942 5526; x_wconf 88' lang='lat' dir='ltr'>ne—</span> 
     </span>
    </p>
   </div>
   <div class='ocr_carea' id='block_1_61' title="bbox 276 5546 1940 5622">
    <p class='ocr_par' dir='ltr' id='par_1_61' title="bbox 276 5546 1940 5622">
     <span class='ocr_line' id='line_1_61' title="bbox 276 5546 1940 5622; baseline 0.01 -22"><span class='ocrx_word' id='word_1_407' title='bbox 276 5561 445 5602; x_wconf 88' lang='lat' dir='ltr'>cesse</span> <span class='ocrx_word' id='word_1_408' title='bbox 496 5549 603 5611; x_wconf 81' lang='lat' dir='ltr'>est,</span> <span class='ocrx_word' id='word_1_409' title='bbox 659 5546 841 5599; x_wconf 86' lang='lat' dir='ltr'>donec</span> <span class='ocrx_word' id='word_1_410' title='bbox 891 5560 1137 5601; x_wconf 83' lang='lat' dir='ltr'>arconos</span> <span class='ocrx_word' id='word_1_411' title='bbox 1188 5552 1605 5622; x_wconf 77' lang='lat' dir='ltr'>cogitationum</span> <span class='ocrx_word' id='word_1_412' title='bbox 1655 5558 1825 5615; x_wconf 83' lang='lat' dir='ltr'>foetus</span> <span class='ocrx_word' id='word_1_413' title='bbox 1880 5562 1940 5616; x_wconf 91' lang='lat' dir='ltr'>in</span> 
     </span>
    </p>
   </div>
   <div class='ocr_carea' id='block_1_62' title="bbox 273 5633 1942 5706">
    <p class='ocr_par' dir='ltr' id='par_1_62' title="bbox 273 5633 1942 5706">
     <span class='ocr_line' id='line_1_62' title="bbox 273 5633 1942 5706; baseline 0.01 -15"><span class='ocrx_word' id='word_1_414' title='bbox 273 5635 475 5691; x_wconf 88' lang='lat' dir='ltr'>lucem</span> <span class='ocrx_word' id='word_1_415' title='bbox 526 5633 891 5690; x_wconf 87' lang='lat' dir='ltr'>enuntiando</span> <span class='ocrx_word' id='word_1_416' title='bbox 964 5636 1365 5705; x_wconf 78' lang='lat' dir='ltr'>produxerim.</span> <span class='ocrx_word' id='word_1_417' title='bbox 1440 5646 1588 5703; x_wconf 87' lang='lat' dir='ltr'>Hinc</span> <span class='ocrx_word' id='word_1_418' title='bbox 1660 5648 1942 5706; x_wconf 84' lang='lat' dir='ltr'>vitabitur</span> 
     </span>
    </p>
   </div>
   <div class='ocr_carea' id='block_1_63' title="bbox 2042 514 3698 594">
    <p class='ocr_par' dir='ltr' id='par_1_63' title="bbox 2042 514 3698 594">
     <span class='ocr_line' id='line_1_63' title="bbox 2042 514 3698 594; baseline 0.007 -27"><span class='ocrx_word' id='word_1_419' title='bbox 2042 514 2214 571; x_wconf 89' lang='lat' dir='ltr'>sandi</span> <span class='ocrx_word' id='word_1_420' title='bbox 2264 522 2614 588; x_wconf 66' lang='lat' dir='ltr'>praepostere</span> <span class='ocrx_word' id='word_1_421' title='bbox 2677 521 2939 589; x_wconf 71' lang='lat' dir='ltr'>praemia,</span> <span class='ocrx_word' id='word_1_422' title='bbox 2985 520 3291 593; x_wconf 72' lang='lat' dir='ltr'>officiaque</span> <span class='ocrx_word' id='word_1_423' title='bbox 3360 526 3698 594; x_wconf 82' lang='lat' dir='ltr'>mandandi,</span> 
     </span>
    </p>
   </div>
   <div class='ocr_carea' id='block_1_64' title="bbox 2042 606 3699 682">
    <p class='ocr_par' dir='ltr' id='par_1_64' title="bbox 2042 606 3699 682">
     <span class='ocr_line' id='line_1_64' title="bbox 2042 606 3699 682; baseline 0.006 -23"><span class='ocrx_word' id='word_1_424' title='bbox 2042 606 2410 675; x_wconf 87' lang='lat' dir='ltr'>perversione</span> <span class='ocrx_word' id='word_1_425' title='bbox 2459 606 2640 671; x_wconf 87' lang='lat' dir='ltr'>multo</span> <span class='ocrx_word' id='word_1_426' title='bbox 2670 607 2915 666; x_wconf 85' lang='lat' dir='ltr'>ridicula</span> <span class='ocrx_word' id='word_1_427' title='bbox 2963 609 3148 679; x_wconf 81' lang='lat' dir='ltr'>magis</span> <span class='ocrx_word' id='word_1_428' title='bbox 3200 627 3265 675; x_wconf 83' lang='lat' dir='ltr'>ac</span> <span class='ocrx_word' id='word_1_429' title='bbox 3319 612 3491 666; x_wconf 82' lang='lat' dir='ltr'>noxia</span> <span class='ocrx_word' id='word_1_430' title='bbox 3523 630 3699 682; x_wconf 87' lang='lat' dir='ltr'>quam</span> 
     </span>
    </p>
   </div>
   <div class='ocr_carea' id='block_1_65' title="bbox 2043 693 3696 773">
    <p class='ocr_par' dir='ltr' id='par_1_65' title="bbox 2043 693 3696 773">
     <span class='ocr_line' id='line_1_65' title="bbox 2043 693 3696 773; baseline 0.004 -24"><span class='ocrx_word' id='word_1_431' title='bbox 2043 693 2093 749; x_wconf 89' lang='lat' dir='ltr'>si</span> <span class='ocrx_word' id='word_1_432' title='bbox 2168 694 2349 751; x_wconf 87' lang='lat' dir='ltr'>tiaras</span> <span class='ocrx_word' id='word_1_433' title='bbox 2425 697 2687 767; x_wconf 87' lang='lat' dir='ltr'>pedibus,</span> <span class='ocrx_word' id='word_1_434' title='bbox 2765 697 2988 767; x_wconf 86' lang='lat' dir='ltr'>calceos</span> <span class='ocrx_word' id='word_1_435' title='bbox 3063 699 3353 769; x_wconf 86' lang='lat' dir='ltr'>capitibus</span> <span class='ocrx_word' id='word_1_436' title='bbox 3412 704 3696 773; x_wconf 87' lang='lat' dir='ltr'>aptarent.</span> 
     </span>
    </p>
   </div>
   <div class='ocr_carea' id='block_1_66' title="bbox 2042 783 3699 858">
    <p class='ocr_par' dir='ltr' id='par_1_66' title="bbox 2042 783 3699 858">
     <span class='ocr_line' id='line_1_66' title="bbox 2042 783 3699 858; baseline 0.003 -17"><span class='ocrx_word' id='word_1_437' title='bbox 2042 783 2227 841; x_wconf 90' lang='lat' dir='ltr'>Probe</span> <span class='ocrx_word' id='word_1_438' title='bbox 2256 784 2413 843; x_wconf 87' lang='lat' dir='ltr'>enim</span> <span class='ocrx_word' id='word_1_439' title='bbox 2455 793 2752 857; x_wconf 84' lang='lat' dir='ltr'>perspecto</span> <span class='ocrx_word' id='word_1_440' title='bbox 2800 787 3089 858; x_wconf 82' lang='lat' dir='ltr'>cujusque</span> <span class='ocrx_word' id='word_1_441' title='bbox 3127 792 3292 857; x_wconf 84' lang='lat' dir='ltr'>captu</span> <span class='ocrx_word' id='word_1_442' title='bbox 3327 788 3493 845; x_wconf 81' lang='lat' dir='ltr'>facile</span> <span class='ocrx_word' id='word_1_443' title='bbox 3525 793 3699 847; x_wconf 81' lang='lat' dir='ltr'>tuerit</span> 
     </span>
    </p>
   </div>
   <div class='ocr_carea' id='block_1_67' title="bbox 2042 874 3698 951">
    <p class='ocr_par' dir='ltr' id='par_1_67' title="bbox 2042 874 3698 951">
     <span class='ocr_line' id='line_1_67' title="bbox 2042 874 3698 951; baseline 0.004 -22"><span class='ocrx_word' id='word_1_444' title='bbox 2042 879 2389 932; x_wconf 87' lang='lat' dir='ltr'>ornamenta</span> <span class='ocrx_word' id='word_1_445' title='bbox 2411 874 2643 937; x_wconf 86' lang='lat' dir='ltr'>dotibus</span> <span class='ocrx_word' id='word_1_446' title='bbox 2676 890 2807 939; x_wconf 86' lang='lat' dir='ltr'>cum</span> <span class='ocrx_word' id='word_1_447' title='bbox 2833 875 3205 947; x_wconf 88' lang='lat' dir='ltr'>proportione</span> <span class='ocrx_word' id='word_1_448' title='bbox 3236 880 3698 951; x_wconf 80' lang='lat' dir='ltr'>accommodare,</span> 
     </span>
    </p>
   </div>
   <div class='ocr_carea' id='block_1_68' title="bbox 2042 961 3700 1038">
    <p class='ocr_par' dir='ltr' id='par_1_68' title="bbox 2042 961 3700 1038">
     <span class='ocr_line' id='line_1_68' title="bbox 2042 961 3700 1038; baseline 0.005 -22"><span class='ocrx_word' id='word_1_449' title='bbox 2042 961 2223 1019; x_wconf 88' lang='lat' dir='ltr'>vitata</span> <span class='ocrx_word' id='word_1_450' title='bbox 2258 962 2505 1019; x_wconf 85' lang='lat' dir='ltr'>stultitia</span> <span class='ocrx_word' id='word_1_451' title='bbox 2534 964 2905 1025; x_wconf 85' lang='lat' dir='ltr'>inscilissimi</span> <span class='ocrx_word' id='word_1_452' title='bbox 2953 966 3278 1035; x_wconf 84' lang='lat' dir='ltr'>gemmarii,</span> <span class='ocrx_word' id='word_1_453' title='bbox 3312 983 3483 1038; x_wconf 87' lang='lat' dir='ltr'>quem</span> <span class='ocrx_word' id='word_1_454' title='bbox 3508 970 3700 1025; x_wconf 80' lang='lat' dir='ltr'>ferunt</span> 
     </span>
    </p>
   </div>
   <div class='ocr_carea' id='block_1_69' title="bbox 2044 1050 3697 1126">
    <p class='ocr_par' dir='ltr' id='par_1_69' title="bbox 2044 1050 3697 1126">
     <span class='ocr_line' id='line_1_69' title="bbox 2044 1050 3697 1126; baseline 0.003 -19"><span class='ocrx_word' id='word_1_455' title='bbox 2044 1050 2424 1122; x_wconf 88' lang='lat' dir='ltr'>hyacinthum</span> <span class='ocrx_word' id='word_1_456' title='bbox 2459 1052 2629 1124; x_wconf 78' lang='lat' dir='ltr'>longe</span> <span class='ocrx_word' id='word_1_457' title='bbox 2660 1053 3161 1122; x_wconf 79' lang='lat' dir='ltr'>speciosissimum</span> <span class='ocrx_word' id='word_1_458' title='bbox 3185 1059 3241 1115; x_wconf 90' lang='lat' dir='ltr'>et</span> <span class='ocrx_word' id='word_1_459' title='bbox 3264 1056 3430 1126; x_wconf 85' lang='lat' dir='ltr'>pretii</span> <span class='ocrx_word' id='word_1_460' title='bbox 3458 1058 3697 1114; x_wconf 87' lang='lat' dir='ltr'>maximi</span> 
     </span>
    </p>
   </div>
   <div class='ocr_carea' id='block_1_70' title="bbox 2044 1141 3701 1219">
    <p class='ocr_par' dir='ltr' id='par_1_70' title="bbox 2044 1141 3701 1219">
     <span class='ocr_line' id='line_1_70' title="bbox 2044 1141 3701 1219; baseline 0.005 -23"><span class='ocrx_word' id='word_1_461' title='bbox 2044 1141 2183 1211; x_wconf 76' lang='lat' dir='ltr'>palea</span> <span class='ocrx_word' id='word_1_462' title='bbox 2228 1141 2433 1203; x_wconf 86' lang='lat' dir='ltr'>annuli</span> <span class='ocrx_word' id='word_1_463' title='bbox 2487 1142 2747 1213; x_wconf 88' lang='lat' dir='ltr'>plumbei</span> <span class='ocrx_word' id='word_1_464' title='bbox 2796 1142 3096 1201; x_wconf 67' lang='lat' dir='ltr'>vilissimae</span> <span class='ocrx_word' id='word_1_465' title='bbox 3145 1144 3452 1217; x_wconf 80' lang='lat' dir='ltr'>indidisse,</span> <span class='ocrx_word' id='word_1_466' title='bbox 3516 1164 3701 1219; x_wconf 88' lang='lat' dir='ltr'>eoque</span> 
     </span>
    </p>
   </div>
   <div class='ocr_carea' id='block_1_71' title="bbox 2045 1231 3695 1304">
    <p class='ocr_par' dir='ltr' id='par_1_71' title="bbox 2045 1231 3695 1304">
     <span class='ocr_line' id='line_1_71' title="bbox 2045 1231 3695 1304; baseline 0.004 -18"><span class='ocrx_word' id='word_1_467' title='bbox 2045 1231 2196 1287; x_wconf 89' lang='lat' dir='ltr'>facto</span> <span class='ocrx_word' id='word_1_468' title='bbox 2247 1232 2602 1293; x_wconf 82' lang='lat' dir='ltr'>contumelia</span> <span class='ocrx_word' id='word_1_469' title='bbox 2660 1232 2898 1304; x_wconf 89' lang='lat' dir='ltr'>quidam</span> <span class='ocrx_word' id='word_1_470' title='bbox 2968 1233 3383 1304; x_wconf 86' lang='lat' dir='ltr'>indignissima</span> <span class='ocrx_word' id='word_1_471' title='bbox 3449 1236 3695 1292; x_wconf 89' lang='lat' dir='ltr'>violasse</span> 
     </span>
    </p>
   </div>
   <div class='ocr_carea' id='block_1_72' title="bbox 2046 1320 3695 1395">
    <p class='ocr_par' dir='ltr' id='par_1_72' title="bbox 2046 1320 3695 1395">
     <span class='ocr_line' id='line_1_72' title="bbox 2046 1320 3695 1395; baseline 0.003 -19"><span class='ocrx_word' id='word_1_472' title='bbox 2046 1320 2483 1381; x_wconf 86' lang='lat' dir='ltr'>nobilissimam</span> <span class='ocrx_word' id='word_1_473' title='bbox 2516 1339 2830 1395; x_wconf 85' lang='lat' dir='ltr'>gemmam,</span> <span class='ocrx_word' id='word_1_474' title='bbox 2874 1323 3211 1393; x_wconf 88' lang='lat' dir='ltr'>plustamen</span> <span class='ocrx_word' id='word_1_475' title='bbox 3243 1323 3359 1395; x_wconf 87' lang='lat' dir='ltr'>ipsi</span> <span class='ocrx_word' id='word_1_476' title='bbox 3391 1325 3505 1385; x_wconf 86' lang='lat' dir='ltr'>sibi</span> <span class='ocrx_word' id='word_1_477' title='bbox 3527 1327 3695 1381; x_wconf 80' lang='lat' dir='ltr'>dede~</span> 
     </span>
    </p>
   </div>
   <div class='ocr_carea' id='block_1_73' title="bbox 2046 1410 3697 1485">
    <p class='ocr_par' dir='ltr' id='par_1_73' title="bbox 2046 1410 3697 1485">
     <span class='ocr_line' id='line_1_73' title="bbox 2046 1410 3697 1485; baseline 0.003 -20"><span class='ocrx_word' id='word_1_478' title='bbox 2046 1410 2198 1466; x_wconf 90' lang='lat' dir='ltr'>coris</span> <span class='ocrx_word' id='word_1_479' title='bbox 2229 1411 2601 1470; x_wconf 88' lang='lat' dir='ltr'>conscivisse.</span> <span class='ocrx_word' id='word_1_480' title='bbox 2642 1412 2815 1469; x_wconf 86' lang='lat' dir='ltr'>Tanti</span> <span class='ocrx_word' id='word_1_481' title='bbox 2847 1413 3020 1475; x_wconf 84' lang='lat' dir='ltr'>refert</span> <span class='ocrx_word' id='word_1_482' title='bbox 3052 1416 3219 1475; x_wconf 84' lang='lat' dir='ltr'>notos</span> <span class='ocrx_word' id='word_1_483' title='bbox 3274 1413 3506 1483; x_wconf 87' lang='lat' dir='ltr'>penitus</span> <span class='ocrx_word' id='word_1_484' title='bbox 3538 1416 3697 1485; x_wconf 86' lang='lat' dir='ltr'>prin-</span> 
     </span>
    </p>
   </div>
   <div class='ocr_carea' id='block_1_74' title="bbox 2047 1500 3697 1574">
    <p class='ocr_par' dir='ltr' id='par_1_74' title="bbox 2047 1500 3697 1574">
     <span class='ocr_line' id='line_1_74' title="bbox 2047 1500 3697 1574; baseline 0.003 -20"><span class='ocrx_word' id='word_1_485' title='bbox 2047 1501 2159 1571; x_wconf 90' lang='lat' dir='ltr'>cipi</span> <span class='ocrx_word' id='word_1_486' title='bbox 2203 1500 2483 1571; x_wconf 88' lang='lat' dir='ltr'>subditos,</span> <span class='ocrx_word' id='word_1_487' title='bbox 2565 1501 2900 1572; x_wconf 87' lang='lat' dir='ltr'>imperatori</span> <span class='ocrx_word' id='word_1_488' title='bbox 2973 1501 3187 1561; x_wconf 83' lang='lat' dir='ltr'>milites</span> <span class='ocrx_word' id='word_1_489' title='bbox 3256 1519 3417 1563; x_wconf 87' lang='lat' dir='ltr'>esse:</span> <span class='ocrx_word' id='word_1_490' title='bbox 3483 1503 3697 1574; x_wconf 86' lang='lat' dir='ltr'>quippe</span> 
     </span>
    </p>
   </div>
   <div class='ocr_carea' id='block_1_75' title="bbox 2048 1588 3699 1662">
    <p class='ocr_par' dir='ltr' id='par_1_75' title="bbox 2048 1588 3699 1662">
     <span class='ocr_line' id='line_1_75' title="bbox 2048 1588 3699 1662; baseline 0.002 -18"><span class='ocrx_word' id='word_1_491' title='bbox 2048 1606 2355 1647; x_wconf 86' lang='lat' dir='ltr'>successus</span> <span class='ocrx_word' id='word_1_492' title='bbox 2390 1589 2757 1661; x_wconf 83' lang='lat' dir='ltr'>negotiorum</span> <span class='ocrx_word' id='word_1_493' title='bbox 2789 1594 2846 1649; x_wconf 85' lang='lat' dir='ltr'>et</span> <span class='ocrx_word' id='word_1_494' title='bbox 2876 1588 3164 1645; x_wconf 87' lang='lat' dir='ltr'>bellorum</span> <span class='ocrx_word' id='word_1_495' title='bbox 3200 1591 3540 1661; x_wconf 86' lang='lat' dir='ltr'>plerumque</span> <span class='ocrx_word' id='word_1_496' title='bbox 3561 1608 3699 1662; x_wconf 88' lang='lat' dir='ltr'>pen-</span> 
     </span>
    </p>
   </div>
   <div class='ocr_carea' id='block_1_76' title="bbox 2049 1677 3706 1749">
    <p class='ocr_par' dir='ltr' id='par_1_76' title="bbox 2049 1677 3706 1749">
     <span class='ocr_line' id='line_1_76' title="bbox 2049 1677 3706 1749; baseline 0.001 -16"><span class='ocrx_word' id='word_1_497' title='bbox 2049 1679 2190 1734; x_wconf 87' lang='lat' dir='ltr'>dent</span> <span class='ocrx_word' id='word_1_498' title='bbox 2217 1694 2248 1733; x_wconf 92' lang='lat' dir='ltr'>e</span> <span class='ocrx_word' id='word_1_499' title='bbox 2276 1684 2433 1735; x_wconf 88' lang='lat' dir='ltr'>certo</span> <span class='ocrx_word' id='word_1_500' title='bbox 2459 1684 2515 1736; x_wconf 87' lang='lat' dir='ltr'>et</span> <span class='ocrx_word' id='word_1_501' title='bbox 2559 1678 2835 1749; x_wconf 87' lang='lat' dir='ltr'>prudenti</span> <span class='ocrx_word' id='word_1_502' title='bbox 2879 1677 3107 1739; x_wconf 82' lang='lat' dir='ltr'>delectu</span> <span class='ocrx_word' id='word_1_503' title='bbox 3138 1679 3483 1745; x_wconf 85' lang='lat' dir='ltr'>idoneorum</span> <span class='ocrx_word' id='word_1_504' title='bbox 3535 1680 3706 1741; x_wconf 48' lang='lat' dir='ltr'>adhi.</span> 
     </span>
    </p>
   </div>
   <div class='ocr_carea' id='block_1_77' title="bbox 1970 1766 3708 1865">
    <p class='ocr_par' dir='ltr' id='par_1_77' title="bbox 1970 1766 3708 1865">
     <span class='ocr_line' id='line_1_77' title="bbox 1970 1766 3708 1865; baseline 0.002 -43"><span class='ocrx_word' id='word_1_505' title='bbox 1970 1788 2018 1865; x_wconf 76' lang='grc' dir='ltr'>Β</span> <span class='ocrx_word' id='word_1_506' title='bbox 2050 1766 2306 1835; x_wconf 81' lang='lat' dir='ltr'>bitorum</span> <span class='ocrx_word' id='word_1_507' title='bbox 2334 1772 2407 1825; x_wconf 79' lang='lat' dir='ltr'>ad</span> <span class='ocrx_word' id='word_1_508' title='bbox 2443 1783 2543 1826; x_wconf 81' lang='lat' dir='ltr'>eas</span> <span class='ocrx_word' id='word_1_509' title='bbox 2578 1784 2670 1823; x_wconf 90' lang='lat' dir='ltr'>res</span> <span class='ocrx_word' id='word_1_510' title='bbox 2702 1767 3011 1839; x_wconf 83' lang='lat' dir='ltr'>gerendas,</span> <span class='ocrx_word' id='word_1_511' title='bbox 3058 1784 3185 1837; x_wconf 84' lang='lat' dir='ltr'>quae</span> <span class='ocrx_word' id='word_1_512' title='bbox 3234 1770 3284 1831; x_wconf 83' lang='lat' dir='ltr'>si</span> <span class='ocrx_word' id='word_1_513' title='bbox 3338 1769 3520 1835; x_wconf 81' lang='lat' dir='ltr'>cuivis</span> <span class='ocrx_word' id='word_1_514' title='bbox 3561 1771 3708 1826; x_wconf 87' lang='lat' dir='ltr'>forte</span> 
     </span>
    </p>
   </div>
   <div class='ocr_carea' id='block_1_78' title="bbox 1970 3153 2015 3228">
    <p class='ocr_par' dir='ltr' id='par_1_78' title="bbox 1970 3153 2015 3228">
     <span class='ocr_line' id='line_1_78' title="bbox 1970 3153 2015 3228; baseline 0 0"><span class='ocrx_word' id='word_1_515' title='bbox 1970 3153 2015 3228; x_wconf 79' lang='lat' dir='ltr'><strong>ﬂ</strong></span> 
     </span>
    </p>
   </div>
   <div class='ocr_carea' id='block_1_79' title="bbox 2048 1857 3707 1929">
    <p class='ocr_par' dir='ltr' id='par_1_79' title="bbox 2048 1857 3707 1929">
     <span class='ocr_line' id='line_1_79' title="bbox 2048 1857 3707 1929; baseline 0 -16"><span class='ocrx_word' id='word_1_516' title='bbox 2048 1857 2379 1913; x_wconf 86' lang='lat' dir='ltr'>cccurreuti</span> <span class='ocrx_word' id='word_1_517' title='bbox 2406 1862 2465 1923; x_wconf 85' lang='lat' dir='ltr'>et</span> <span class='ocrx_word' id='word_1_518' title='bbox 2494 1859 2695 1929; x_wconf 89' lang='lat' dir='ltr'>ignoto</span> <span class='ocrx_word' id='word_1_519' title='bbox 2743 1860 2962 1914; x_wconf 88' lang='lat' dir='ltr'>temere</span> <span class='ocrx_word' id='word_1_520' title='bbox 3012 1858 3520 1927; x_wconf 82' lang='lat' dir='ltr'>commendantur,</span> <span class='ocrx_word' id='word_1_521' title='bbox 3574 1876 3707 1923; x_wconf 62' lang='lat' dir='ltr'>cora</span> 
     </span>
    </p>
   </div>
   <div class='ocr_carea' id='block_1_80' title="bbox 2049 1945 3701 2019">
    <p class='ocr_par' dir='ltr' id='par_1_80' title="bbox 2049 1945 3701 2019">
     <span class='ocr_line' id='line_1_80' title="bbox 2049 1945 3701 2019; baseline 0.001 -17"><span class='ocrx_word' id='word_1_522' title='bbox 2049 1947 2246 2019; x_wconf 90' lang='lat' dir='ltr'>rumpi</span> <span class='ocrx_word' id='word_1_523' title='bbox 2281 1947 2547 2017; x_wconf 82' lang='lat' dir='ltr'>fcedoque</span> <span class='ocrx_word' id='word_1_524' title='bbox 2578 1946 2737 2002; x_wconf 81' lang='lat' dir='ltr'>exitu</span> <span class='ocrx_word' id='word_1_525' title='bbox 2768 1945 3035 2005; x_wconf 87' lang='lat' dir='ltr'>damnari</span> <span class='ocrx_word' id='word_1_526' title='bbox 3068 1963 3305 2003; x_wconf 89' lang='lat' dir='ltr'>necesse</span> <span class='ocrx_word' id='word_1_527' title='bbox 3337 1948 3432 2007; x_wconf 88' lang='lat' dir='ltr'>sit.</span> <span class='ocrx_word' id='word_1_528' title='bbox 3462 1946 3701 2013; x_wconf 85' lang='lat' dir='ltr'>Univer-</span> 
     </span>
    </p>
   </div>
   <div class='ocr_carea' id='block_1_81' title="bbox 2049 2036 3701 2109">
    <p class='ocr_par' dir='ltr' id='par_1_81' title="bbox 2049 2036 3701 2109">
     <span class='ocr_line' id='line_1_81' title="bbox 2049 2036 3701 2109; baseline 0.001 -18"><span class='ocrx_word' id='word_1_529' title='bbox 2049 2036 2161 2092; x_wconf 88' lang='lat' dir='ltr'>sim</span> <span class='ocrx_word' id='word_1_530' title='bbox 2230 2046 2421 2099; x_wconf 86' lang='lat' dir='ltr'>autem</span> <span class='ocrx_word' id='word_1_531' title='bbox 2486 2037 2820 2108; x_wconf 88' lang='lat' dir='ltr'>promiscua</span> <span class='ocrx_word' id='word_1_532' title='bbox 2869 2041 2925 2093; x_wconf 88' lang='lat' dir='ltr'>et</span> <span class='ocrx_word' id='word_1_533' title='bbox 2977 2036 3337 2109; x_wconf 72' lang='lat' dir='ltr'>inexplorata</span> <span class='ocrx_word' id='word_1_534' title='bbox 3387 2037 3701 2099; x_wconf 85' lang='lat' dir='ltr'>multitudo</span> 
     </span>
    </p>
   </div>
   <div class='ocr_carea' id='block_1_82' title="bbox 2049 2125 3696 2198">
    <p class='ocr_par' dir='ltr' id='par_1_82' title="bbox 2049 2125 3696 2198">
     <span class='ocr_line' id='line_1_82' title="bbox 2049 2125 3696 2198; baseline 0.002 -17"><span class='ocrx_word' id='word_1_535' title='bbox 2049 2126 2343 2195; x_wconf 69' lang='lat' dir='ltr'>praeclaris</span> <span class='ocrx_word' id='word_1_536' title='bbox 2372 2127 2565 2198; x_wconf 86' lang='lat' dir='ltr'>inepta</span> <span class='ocrx_word' id='word_1_537' title='bbox 2606 2126 2962 2183; x_wconf 87' lang='lat' dir='ltr'>facinoribus</span> <span class='ocrx_word' id='word_1_538' title='bbox 3007 2130 3114 2182; x_wconf 91' lang='lat' dir='ltr'>est.</span> <span class='ocrx_word' id='word_1_539' title='bbox 3176 2125 3387 2185; x_wconf 59' lang='lat' dir='ltr'>Palma:</span> <span class='ocrx_word' id='word_1_540' title='bbox 3440 2126 3696 2184; x_wconf 86' lang='lat' dir='ltr'>illustres</span> 
     </span>
    </p>
   </div>
   <div class='ocr_carea' id='block_1_83' title="bbox 2048 2215 3703 2287">
    <p class='ocr_par' dir='ltr' id='par_1_83' title="bbox 2048 2215 3703 2287">
     <span class='ocr_line' id='line_1_83' title="bbox 2048 2215 3703 2287; baseline 0 -17"><span class='ocrx_word' id='word_1_541' title='bbox 2048 2232 2408 2287; x_wconf 90' lang='lat' dir='ltr'>operumque</span> <span class='ocrx_word' id='word_1_542' title='bbox 2441 2215 2858 2281; x_wconf 75' lang='lat' dir='ltr'>immortalium</span> <span class='ocrx_word' id='word_1_543' title='bbox 2890 2232 3168 2273; x_wconf 90' lang='lat' dir='ltr'>mansura</span> <span class='ocrx_word' id='word_1_544' title='bbox 3198 2215 3256 2275; x_wconf 89' lang='lat' dir='ltr'>in</span> <span class='ocrx_word' id='word_1_545' title='bbox 3278 2232 3460 2271; x_wconf 61' lang='lat' dir='ltr'>avum</span> <span class='ocrx_word' id='word_1_546' title='bbox 3494 2217 3703 2273; x_wconf 86' lang='lat' dir='ltr'>decora</span> 
     </span>
    </p>
   </div>
   <div class='ocr_carea' id='block_1_84' title="bbox 2051 2304 3705 2376">
    <p class='ocr_par' dir='ltr' id='par_1_84' title="bbox 2051 2304 3705 2376">
     <span class='ocr_line' id='line_1_84' title="bbox 2051 2304 3705 2376; baseline -0.001 -16"><span class='ocrx_word' id='word_1_547' title='bbox 2051 2322 2374 2376; x_wconf 88' lang='lat' dir='ltr'>paucorum</span> <span class='ocrx_word' id='word_1_548' title='bbox 2407 2306 2526 2361; x_wconf 88' lang='lat' dir='ltr'>fere</span> <span class='ocrx_word' id='word_1_549' title='bbox 2574 2323 2639 2360; x_wconf 87' lang='lat' dir='ltr'>ac</span> <span class='ocrx_word' id='word_1_550' title='bbox 2681 2306 2890 2376; x_wconf 62' lang='lat' dir='ltr'>praevia</span> <span class='ocrx_word' id='word_1_551' title='bbox 2941 2304 3155 2360; x_wconf 89' lang='lat' dir='ltr'>notisia</span> <span class='ocrx_word' id='word_1_552' title='bbox 3203 2305 3258 2363; x_wconf 89' lang='lat' dir='ltr'>in</span> <span class='ocrx_word' id='word_1_553' title='bbox 3308 2305 3705 2376; x_wconf 83' lang='lat' dir='ltr'>experimenta</span> 
     </span>
    </p>
   </div>
   <div class='ocr_carea' id='block_1_85' title="bbox 2048 2394 3701 2466">
    <p class='ocr_par' dir='ltr' id='par_1_85' title="bbox 2048 2394 3701 2466">
     <span class='ocr_line' id='line_1_85' title="bbox 2048 2394 3701 2466; baseline -0.001 -16"><span class='ocrx_word' id='word_1_554' title='bbox 2048 2396 2463 2466; x_wconf 85' lang='lat' dir='ltr'>productorum</span> <span class='ocrx_word' id='word_1_555' title='bbox 2522 2395 2718 2451; x_wconf 88' lang='lat' dir='ltr'>virtuti</span> <span class='ocrx_word' id='word_1_556' title='bbox 2785 2400 2960 2466; x_wconf 89' lang='lat' dir='ltr'>atque</span> <span class='ocrx_word' id='word_1_557' title='bbox 3034 2394 3336 2451; x_wconf 70' lang='lat' dir='ltr'>industria</span> <span class='ocrx_word' id='word_1_558' title='bbox 3396 2394 3701 2450; x_wconf 86' lang='lat' dir='ltr'>debentur.</span> 
     </span>
    </p>
   </div>
   <div class='ocr_carea' id='block_1_86' title="bbox 2047 2482 3705 2555">
    <p class='ocr_par' dir='ltr' id='par_1_86' title="bbox 2047 2482 3705 2555">
     <span class='ocr_line' id='line_1_86' title="bbox 2047 2482 3705 2555; baseline 0.001 -18"><span class='ocrx_word' id='word_1_559' title='bbox 2047 2484 2139 2537; x_wconf 84' lang='lat' dir='ltr'>Sic</span> <span class='ocrx_word' id='word_1_560' title='bbox 2190 2499 2434 2554; x_wconf 86' lang='lat' dir='ltr'>gemmae</span> <span class='ocrx_word' id='word_1_561' title='bbox 2485 2484 2737 2555; x_wconf 66' lang='lat' dir='ltr'>parvulas</span> <span class='ocrx_word' id='word_1_562' title='bbox 2782 2490 2977 2540; x_wconf 87' lang='lat' dir='ltr'>vastas</span> <span class='ocrx_word' id='word_1_563' title='bbox 3020 2500 3297 2540; x_wconf 79' lang='lat' dir='ltr'>saxorum</span> <span class='ocrx_word' id='word_1_564' title='bbox 3348 2488 3446 2540; x_wconf 86' lang='lat' dir='ltr'>aut</span> <span class='ocrx_word' id='word_1_565' title='bbox 3494 2482 3705 2538; x_wconf 87' lang='lat' dir='ltr'>similis</span> 
     </span>
    </p>
   </div>
   <div class='ocr_carea' id='block_1_87' title="bbox 2049 2572 3701 2643">
    <p class='ocr_par' dir='ltr' id='par_1_87' title="bbox 2049 2572 3701 2643">
     <span class='ocr_line' id='line_1_87' title="bbox 2049 2572 3701 2643; baseline -0.001 -16"><span class='ocrx_word' id='word_1_566' title='bbox 2049 2574 2312 2643; x_wconf 86' lang='lat' dir='ltr'>cujusvis</span> <span class='ocrx_word' id='word_1_567' title='bbox 2344 2574 2600 2628; x_wconf 68' lang='lat' dir='ltr'>materia)</span> <span class='ocrx_word' id='word_1_568' title='bbox 2648 2573 2833 2629; x_wconf 88' lang='lat' dir='ltr'>moles</span> <span class='ocrx_word' id='word_1_569' title='bbox 2880 2591 2988 2630; x_wconf 90' lang='lat' dir='ltr'>usu</span> <span class='ocrx_word' id='word_1_570' title='bbox 3040 2591 3106 2628; x_wconf 89' lang='lat' dir='ltr'>ac</span> <span class='ocrx_word' id='word_1_571' title='bbox 3151 2572 3335 2642; x_wconf 82' lang='lat' dir='ltr'>pretio</span> <span class='ocrx_word' id='word_1_572' title='bbox 3379 2572 3551 2643; x_wconf 87' lang='lat' dir='ltr'>longe</span> <span class='ocrx_word' id='word_1_573' title='bbox 3601 2589 3701 2626; x_wconf 89' lang='lat' dir='ltr'>su-</span> 
     </span>
    </p>
   </div>
   <div class='ocr_carea' id='block_1_88' title="bbox 2050 2660 3703 2734">
    <p class='ocr_par' dir='ltr' id='par_1_88' title="bbox 2050 2660 3703 2734">
     <span class='ocr_line' id='line_1_88' title="bbox 2050 2660 3703 2734; baseline -0.001 -17"><span class='ocrx_word' id='word_1_574' title='bbox 2050 2667 2274 2733; x_wconf 87' lang='lat' dir='ltr'>perant.</span> <span class='ocrx_word' id='word_1_575' title='bbox 2310 2665 2446 2728; x_wconf 75' lang='lat' dir='ltr'>Quas</span> <span class='ocrx_word' id='word_1_576' title='bbox 2480 2666 2848 2734; x_wconf 88' lang='lat' dir='ltr'>reputantem</span> <span class='ocrx_word' id='word_1_577' title='bbox 2882 2663 3045 2717; x_wconf 89' lang='lat' dir='ltr'>decet</span> <span class='ocrx_word' id='word_1_578' title='bbox 3099 2661 3444 2733; x_wconf 90' lang='lat' dir='ltr'>principem,</span> <span class='ocrx_word' id='word_1_579' title='bbox 3481 2660 3703 2718; x_wconf 88' lang='lat' dir='ltr'>nullius</span> 
     </span>
    </p>
   </div>
   <div class='ocr_carea' id='block_1_89' title="bbox 2048 2749 3703 2823">
    <p class='ocr_par' dir='ltr' id='par_1_89' title="bbox 2048 2749 3703 2823">
     <span class='ocr_line' id='line_1_89' title="bbox 2048 2749 3703 2823; baseline -0.002 -17"><span class='ocrx_word' id='word_1_580' title='bbox 2048 2751 2161 2806; x_wconf 91' lang='lat' dir='ltr'>sibi</span> <span class='ocrx_word' id='word_1_581' title='bbox 2181 2752 2577 2823; x_wconf 81' lang='lat' dir='ltr'>subjectorum</span> <span class='ocrx_word' id='word_1_582' title='bbox 2597 2751 2971 2823; x_wconf 77' lang='lat' dir='ltr'>quantumvis</span> <span class='ocrx_word' id='word_1_583' title='bbox 2993 2750 3388 2815; x_wconf 82' lang='lat' dir='ltr'>humilitatem</span> <span class='ocrx_word' id='word_1_584' title='bbox 3410 2749 3703 2820; x_wconf 89' lang='lat' dir='ltr'>sortisque</span> 
     </span>
    </p>
   </div>
   <div class='ocr_carea' id='block_1_90' title="bbox 2047 2839 3702 2912">
    <p class='ocr_par' dir='ltr' id='par_1_90' title="bbox 2047 2839 3702 2912">
     <span class='ocr_line' id='line_1_90' title="bbox 2047 2839 3702 2912; baseline -0.001 -17"><span class='ocrx_word' id='word_1_585' title='bbox 2047 2841 2391 2897; x_wconf 86' lang='lat' dir='ltr'>tenuitatem</span> <span class='ocrx_word' id='word_1_586' title='bbox 2425 2842 2503 2896; x_wconf 89' lang='lat' dir='ltr'>ita</span> <span class='ocrx_word' id='word_1_587' title='bbox 2536 2842 2855 2912; x_wconf 88' lang='lat' dir='ltr'>despicere,</span> <span class='ocrx_word' id='word_1_588' title='bbox 2906 2845 2970 2895; x_wconf 88' lang='lat' dir='ltr'>ut</span> <span class='ocrx_word' id='word_1_589' title='bbox 3017 2856 3368 2911; x_wconf 87' lang='lat' dir='ltr'>cognoscere</span> <span class='ocrx_word' id='word_1_590' title='bbox 3420 2839 3561 2910; x_wconf 91' lang='lat' dir='ltr'>quid</span> <span class='ocrx_word' id='word_1_591' title='bbox 3614 2839 3702 2894; x_wconf 83' lang='lat' dir='ltr'>in-</span> 
     </span>
    </p>
   </div>
   <div class='ocr_carea' id='block_1_91' title="bbox 2048 2928 3704 2997">
    <p class='ocr_par' dir='ltr' id='par_1_91' title="bbox 2048 2928 3704 2997">
     <span class='ocr_line' id='line_1_91' title="bbox 2048 2928 3704 2997; baseline -0.002 -13"><span class='ocrx_word' id='word_1_592' title='bbox 2048 2933 2143 2985; x_wconf 86' lang='lat' dir='ltr'>tus</span> <span class='ocrx_word' id='word_1_593' title='bbox 2176 2930 2388 2986; x_wconf 87' lang='lat' dir='ltr'>habeat</span> <span class='ocrx_word' id='word_1_594' title='bbox 2417 2947 2529 2985; x_wconf 90' lang='lat' dir='ltr'>non</span> <span class='ocrx_word' id='word_1_595' title='bbox 2564 2940 2746 2986; x_wconf 91' lang='lat' dir='ltr'>curet.</span> <span class='ocrx_word' id='word_1_596' title='bbox 2786 2930 2964 2984; x_wconf 83' lang='lat' dir='ltr'>Parvr</span> <span class='ocrx_word' id='word_1_597' title='bbox 2994 2929 3149 2983; x_wconf 89' lang='lat' dir='ltr'>enim</span> <span class='ocrx_word' id='word_1_598' title='bbox 3192 2945 3324 2983; x_wconf 88' lang='lat' dir='ltr'>cum</span> <span class='ocrx_word' id='word_1_599' title='bbox 3365 2928 3437 2983; x_wconf 90' lang='lat' dir='ltr'>ad</span> <span class='ocrx_word' id='word_1_600' title='bbox 3489 2943 3704 2997; x_wconf 87' lang='lat' dir='ltr'>magna</span> 
     </span>
    </p>
   </div>
   <div class='ocr_carea' id='block_1_92' title="bbox 2048 3016 3694 3090">
    <p class='ocr_par' dir='ltr' id='par_1_92' title="bbox 2048 3016 3694 3090">
     <span class='ocr_line' id='line_1_92' title="bbox 2048 3016 3694 3090; baseline -0.001 -17"><span class='ocrx_word' id='word_1_601' title='bbox 2048 3020 2372 3089; x_wconf 86' lang='lat' dir='ltr'>conferunt,</span> <span class='ocrx_word' id='word_1_602' title='bbox 2408 3036 2605 3090; x_wconf 87' lang='lat' dir='ltr'>parva,</span> <span class='ocrx_word' id='word_1_603' title='bbox 2640 3024 2705 3073; x_wconf 90' lang='lat' dir='ltr'>ut</span> <span class='ocrx_word' id='word_1_604' title='bbox 2732 3018 2903 3089; x_wconf 83' lang='lat' dir='ltr'>vulgo</span> <span class='ocrx_word' id='word_1_605' title='bbox 2937 3016 3169 3084; x_wconf 90' lang='lat' dir='ltr'>dicitur,</span> <span class='ocrx_word' id='word_1_606' title='bbox 3205 3032 3332 3072; x_wconf 89' lang='lat' dir='ltr'>esse</span> <span class='ocrx_word' id='word_1_607' title='bbox 3381 3017 3694 3071; x_wconf 88' lang='lat' dir='ltr'>desinunt:</span> 
     </span>
    </p>
   </div>
   <div class='ocr_carea' id='block_1_93' title="bbox 2050 3104 3697 3180">
    <p class='ocr_par' dir='ltr' id='par_1_93' title="bbox 2050 3104 3697 3180">
     <span class='ocr_line' id='line_1_93' title="bbox 2050 3104 3697 3180; baseline -0.001 -19"><span class='ocrx_word' id='word_1_608' title='bbox 2050 3108 2206 3163; x_wconf 90' lang='lat' dir='ltr'>unde</span> <span class='ocrx_word' id='word_1_609' title='bbox 2234 3126 2335 3180; x_wconf 87' lang='lat' dir='ltr'>par</span> <span class='ocrx_word' id='word_1_610' title='bbox 2350 3112 2439 3164; x_wconf 90' lang='lat' dir='ltr'>est</span> <span class='ocrx_word' id='word_1_611' title='bbox 2462 3107 2826 3179; x_wconf 81' lang='lat' dir='ltr'>reoipublicae</span> <span class='ocrx_word' id='word_1_612' title='bbox 2850 3105 3226 3178; x_wconf 61' lang='lat' dir='ltr'>prepositum</span> <span class='ocrx_word' id='word_1_613' title='bbox 3245 3122 3360 3161; x_wconf 90' lang='lat' dir='ltr'>non</span> <span class='ocrx_word' id='word_1_614' title='bbox 3382 3122 3482 3160; x_wconf 90' lang='lat' dir='ltr'>eos</span> <span class='ocrx_word' id='word_1_615' title='bbox 3508 3104 3697 3160; x_wconf 86' lang='lat' dir='ltr'>solum</span> 
     </span>
    </p>
   </div>
   <div class='ocr_carea' id='block_1_94' title="bbox 2050 3193 3725 3269">
    <p class='ocr_par' dir='ltr' id='par_1_94' title="bbox 2050 3193 3725 3269">
     <span class='ocr_line' id='line_1_94' title="bbox 2050 3193 3725 3269; baseline -0.002 -16"><span class='ocrx_word' id='word_1_616' title='bbox 2050 3214 2158 3253; x_wconf 88' lang='lat' dir='ltr'>sua</span> <span class='ocrx_word' id='word_1_617' title='bbox 2190 3197 2581 3253; x_wconf 84' lang='lat' dir='ltr'>familiaritate</span> <span class='ocrx_word' id='word_1_618' title='bbox 2621 3196 2872 3269; x_wconf 87' lang='lat' dir='ltr'>dignari,</span> <span class='ocrx_word' id='word_1_619' title='bbox 2934 3197 3031 3266; x_wconf 89' lang='lat' dir='ltr'>qui</span> <span class='ocrx_word' id='word_1_620' title='bbox 3080 3211 3292 3267; x_wconf 84' lang='lat' dir='ltr'>genere</span> <span class='ocrx_word' id='word_1_621' title='bbox 3340 3199 3442 3249; x_wconf 90' lang='lat' dir='ltr'>aut</span> <span class='ocrx_word' id='word_1_622' title='bbox 3490 3193 3725 3265; x_wconf 24' lang='lat' dir='ltr'>Opibus.</span> 
     </span>
    </p>
   </div>
   <div class='ocr_carea' id='block_1_95' title="bbox 2048 3282 3692 3359">
    <p class='ocr_par' dir='ltr' id='par_1_95' title="bbox 2048 3282 3692 3359">
     <span class='ocr_line' id='line_1_95' title="bbox 2048 3282 3692 3359; baseline -0.002 -18"><span class='ocrx_word' id='word_1_623' title='bbox 2048 3287 2416 3359; x_wconf 70' lang='lat' dir='ltr'>prmfulgent,</span> <span class='ocrx_word' id='word_1_624' title='bbox 2448 3288 2547 3341; x_wconf 79' lang='lat' dir='ltr'>sed</span> <span class='ocrx_word' id='word_1_625' title='bbox 2597 3291 2653 3341; x_wconf 90' lang='lat' dir='ltr'>et</span> <span class='ocrx_word' id='word_1_626' title='bbox 2698 3302 2798 3341; x_wconf 90' lang='lat' dir='ltr'>eos</span> <span class='ocrx_word' id='word_1_627' title='bbox 2840 3285 3153 3340; x_wconf 86' lang='lat' dir='ltr'>admittere</span> <span class='ocrx_word' id='word_1_628' title='bbox 3196 3300 3345 3355; x_wconf 91' lang='lat' dir='ltr'>quos</span> <span class='ocrx_word' id='word_1_629' title='bbox 3394 3282 3574 3338; x_wconf 85' lang='lat' dir='ltr'>animi</span> <span class='ocrx_word' id='word_1_630' title='bbox 3628 3299 3692 3337; x_wconf 90' lang='lat' dir='ltr'>ac</span> 
     </span>
    </p>
   </div>
   <div class='ocr_carea' id='block_1_96' title="bbox 2047 3372 3691 3444">
    <p class='ocr_par' dir='ltr' id='par_1_96' title="bbox 2047 3372 3691 3444">
     <span class='ocr_line' id='line_1_96' title="bbox 2047 3372 3691 3444; baseline -0.004 -12"><span class='ocrx_word' id='word_1_631' title='bbox 2047 3382 2268 3432; x_wconf 81' lang='lat' dir='ltr'>naturae</span> <span class='ocrx_word' id='word_1_632' title='bbox 2300 3378 2464 3433; x_wconf 90' lang='lat' dir='ltr'>dotes</span> <span class='ocrx_word' id='word_1_633' title='bbox 2495 3377 2887 3431; x_wconf 82' lang='lat' dir='ltr'>instrumenta</span> <span class='ocrx_word' id='word_1_634' title='bbox 2931 3372 3301 3444; x_wconf 89' lang='lat' dir='ltr'>publicorum</span> <span class='ocrx_word' id='word_1_635' title='bbox 3347 3372 3691 3427; x_wconf 86' lang='lat' dir='ltr'>commodo-</span> 
     </span>
    </p>
   </div>
   <div class='ocr_carea' id='block_1_97' title="bbox 2045 3461 3692 3538">
    <p class='ocr_par' dir='ltr' id='par_1_97' title="bbox 2045 3461 3692 3538">
     <span class='ocr_line' id='line_1_97' title="bbox 2045 3461 3692 3538; baseline -0.004 -17"><span class='ocrx_word' id='word_1_636' title='bbox 2045 3483 2176 3521; x_wconf 86' lang='lat' dir='ltr'>rum</span> <span class='ocrx_word' id='word_1_637' title='bbox 2229 3471 2367 3538; x_wconf 88' lang='lat' dir='ltr'>apta</span> <span class='ocrx_word' id='word_1_638' title='bbox 2413 3466 2716 3530; x_wconf 83' lang='lat' dir='ltr'>efﬁciunt;</span> <span class='ocrx_word' id='word_1_639' title='bbox 2766 3481 2830 3519; x_wconf 87' lang='lat' dir='ltr'>ac</span> <span class='ocrx_word' id='word_1_640' title='bbox 2881 3479 3071 3533; x_wconf 92' lang='lat' dir='ltr'>neque</span> <span class='ocrx_word' id='word_1_641' title='bbox 3127 3462 3426 3519; x_wconf 81' lang='lat' dir='ltr'>attendere</span> <span class='ocrx_word' id='word_1_642' title='bbox 3474 3461 3545 3515; x_wconf 88' lang='lat' dir='ltr'>ad</span> <span class='ocrx_word' id='word_1_643' title='bbox 3595 3477 3692 3516; x_wconf 88' lang='lat' dir='ltr'>eos</span> 
     </span>
    </p>
   </div>
   <div class='ocr_carea' id='block_1_98' title="bbox 2042 3548 3696 3626">
    <p class='ocr_par' dir='ltr' id='par_1_98' title="bbox 2042 3548 3696 3626">
     <span class='ocr_line' id='line_1_98' title="bbox 2042 3548 3696 3626; baseline -0.004 -15"><span class='ocrx_word' id='word_1_644' title='bbox 2042 3560 2270 3611; x_wconf 87' lang='lat' dir='ltr'>tantum</span> <span class='ocrx_word' id='word_1_645' title='bbox 2304 3571 2450 3626; x_wconf 89' lang='lat' dir='ltr'>quos</span> <span class='ocrx_word' id='word_1_646' title='bbox 2480 3554 2634 3610; x_wconf 83' lang='lat' dir='ltr'>circa</span> <span class='ocrx_word' id='word_1_647' title='bbox 2664 3571 2726 3609; x_wconf 87' lang='lat' dir='ltr'>se</span> <span class='ocrx_word' id='word_1_648' title='bbox 2747 3553 2940 3620; x_wconf 81' lang='lat' dir='ltr'>habet,</span> <span class='ocrx_word' id='word_1_649' title='bbox 2965 3569 3165 3607; x_wconf 82' lang='lat' dir='ltr'>verum</span> <span class='ocrx_word' id='word_1_650' title='bbox 3197 3550 3492 3622; x_wconf 76' lang='lat' dir='ltr'>explorare</span> <span class='ocrx_word' id='word_1_651' title='bbox 3522 3548 3696 3621; x_wconf 88' lang='lat' dir='ltr'>longe</span> 
     </span>
    </p>
   </div>
   <div class='ocr_carea' id='block_1_99' title="bbox 2044 3640 3695 3716">
    <p class='ocr_par' dir='ltr' id='par_1_99' title="bbox 2044 3640 3695 3716">
     <span class='ocr_line' id='line_1_99' title="bbox 2044 3640 3695 3716; baseline -0.004 -16"><span class='ocrx_word' id='word_1_652' title='bbox 2044 3649 2332 3716; x_wconf 88' lang='lat' dir='ltr'>notosque</span> <span class='ocrx_word' id='word_1_653' title='bbox 2376 3661 2441 3699; x_wconf 89' lang='lat' dir='ltr'>ae</span> <span class='ocrx_word' id='word_1_654' title='bbox 2504 3647 2841 3699; x_wconf 86' lang='lat' dir='ltr'>numeratos</span> <span class='ocrx_word' id='word_1_655' title='bbox 2899 3642 3115 3696; x_wconf 89' lang='lat' dir='ltr'>habere</span> <span class='ocrx_word' id='word_1_656' title='bbox 3162 3640 3403 3695; x_wconf 87' lang='lat' dir='ltr'>solertes</span> <span class='ocrx_word' id='word_1_657' title='bbox 3452 3656 3695 3709; x_wconf 85' lang='lat' dir='ltr'>gnavos,</span> 
     </span>
    </p>
   </div>
   <div class='ocr_carea' id='block_1_100' title="bbox 2043 3729 3697 3803">
    <p class='ocr_par' dir='ltr' id='par_1_100' title="bbox 2043 3729 3697 3803">
     <span class='ocr_line' id='line_1_100' title="bbox 2043 3729 3697 3803; baseline -0.004 -15"><span class='ocrx_word' id='word_1_658' title='bbox 2043 3735 2382 3803; x_wconf 90' lang='lat' dir='ltr'>ubicunque</span> <span class='ocrx_word' id='word_1_659' title='bbox 2414 3735 2651 3787; x_wconf 89' lang='lat' dir='ltr'>demum</span> <span class='ocrx_word' id='word_1_660' title='bbox 2686 3732 2907 3795; x_wconf 87' lang='lat' dir='ltr'>vivant,</span> <span class='ocrx_word' id='word_1_661' title='bbox 2948 3731 3302 3797; x_wconf 87' lang='lat' dir='ltr'>eosdemque</span> <span class='ocrx_word' id='word_1_662' title='bbox 3346 3729 3404 3781; x_wconf 88' lang='lat' dir='ltr'>in</span> <span class='ocrx_word' id='word_1_663' title='bbox 3436 3732 3697 3798; x_wconf 80' lang='lat' dir='ltr'>tempore</span> 
     </span>
    </p>
   </div>
   <div class='ocr_carea' id='block_1_101' title="bbox 2042 3813 3694 3886">
    <p class='ocr_par' dir='ltr' id='par_1_101' title="bbox 2042 3813 3694 3886">
     <span class='ocr_line' id='line_1_101' title="bbox 2042 3813 3694 3886; baseline -0.005 -9"><span class='ocrx_word' id='word_1_664' title='bbox 2042 3837 2359 3878; x_wconf 81' lang='lat' dir='ltr'>accersere.</span> <span class='ocrx_word' id='word_1_665' title='bbox 2406 3821 2569 3876; x_wconf 88' lang='lat' dir='ltr'>Sicut</span> <span class='ocrx_word' id='word_1_666' title='bbox 2619 3820 2798 3886; x_wconf 88' lang='lat' dir='ltr'>enim,</span> <span class='ocrx_word' id='word_1_667' title='bbox 2849 3819 2984 3873; x_wconf 88' lang='lat' dir='ltr'>licet</span> <span class='ocrx_word' id='word_1_668' title='bbox 3028 3818 3196 3873; x_wconf 89' lang='lat' dir='ltr'>nobis</span> <span class='ocrx_word' id='word_1_669' title='bbox 3248 3816 3487 3886; x_wconf 90' lang='lat' dir='ltr'>propius</span> <span class='ocrx_word' id='word_1_670' title='bbox 3549 3813 3694 3869; x_wconf 88' lang='lat' dir='ltr'>nihil</span> 
     </span>
    </p>
   </div>
   <div class='ocr_carea' id='block_1_102' title="bbox 2045 3904 3693 3980">
    <p class='ocr_par' dir='ltr' id='par_1_102' title="bbox 2045 3904 3693 3980">
     <span class='ocr_line' id='line_1_102' title="bbox 2045 3904 3693 3980; baseline -0.005 -14"><span class='ocrx_word' id='word_1_671' title='bbox 2045 3912 2362 3980; x_wconf 88' lang='lat' dir='ltr'>intimeque</span> <span class='ocrx_word' id='word_1_672' title='bbox 2380 3909 2676 3965; x_wconf 87' lang='lat' dir='ltr'>admotius</span> <span class='ocrx_word' id='word_1_673' title='bbox 2697 3924 2873 3979; x_wconf 88' lang='lat' dir='ltr'>quam</span> <span class='ocrx_word' id='word_1_674' title='bbox 2898 3922 3111 3978; x_wconf 83' lang='lat' dir='ltr'>corpus</span> <span class='ocrx_word' id='word_1_675' title='bbox 3135 3909 3189 3960; x_wconf 90' lang='lat' dir='ltr'>et</span> <span class='ocrx_word' id='word_1_676' title='bbox 3213 3904 3475 3959; x_wconf 89' lang='lat' dir='ltr'>membra</span> <span class='ocrx_word' id='word_1_677' title='bbox 3495 3908 3693 3957; x_wconf 86' lang='lat' dir='ltr'>nostra</span> 
     </span>
    </p>
   </div>
   <div class='ocr_carea' id='block_1_103' title="bbox 2045 3991 3689 4071">
    <p class='ocr_par' dir='ltr' id='par_1_103' title="bbox 2045 3991 3689 4071">
     <span class='ocr_line' id='line_1_103' title="bbox 2045 3991 3689 4071; baseline -0.007 -16"><span class='ocrx_word' id='word_1_678' title='bbox 2045 4001 2139 4071; x_wconf 87' lang='lat' dir='ltr'>sit,</span> <span class='ocrx_word' id='word_1_679' title='bbox 2176 4009 2369 4055; x_wconf 88' lang='lat' dir='ltr'>tamen</span> <span class='ocrx_word' id='word_1_680' title='bbox 2402 4016 2535 4054; x_wconf 92' lang='lat' dir='ltr'>cum</span> <span class='ocrx_word' id='word_1_681' title='bbox 2568 3998 2689 4053; x_wconf 74' lang='lat' dir='ltr'>haec</span> <span class='ocrx_word' id='word_1_682' title='bbox 2723 3996 2942 4051; x_wconf 80' lang='lat' dir='ltr'>turbari</span> <span class='ocrx_word' id='word_1_683' title='bbox 2976 3995 3178 4050; x_wconf 89' lang='lat' dir='ltr'>morbo</span> <span class='ocrx_word' id='word_1_684' title='bbox 3213 3991 3542 4063; x_wconf 86' lang='lat' dir='ltr'>contigerit,</span> <span class='ocrx_word' id='word_1_685' title='bbox 3578 4007 3689 4044; x_wconf 81' lang='lat' dir='ltr'>me-</span> 
     </span>
    </p>
   </div>
   <div class='ocr_carea' id='block_1_104' title="bbox 2045 4085 3686 4159">
    <p class='ocr_par' dir='ltr' id='par_1_104' title="bbox 2045 4085 3686 4159">
     <span class='ocr_line' id='line_1_104' title="bbox 2045 4085 3686 4159; baseline -0.009 -14"><span class='ocrx_word' id='word_1_686' title='bbox 2045 4092 2374 4145; x_wconf 85' lang='lat' dir='ltr'>dicamenta</span> <span class='ocrx_word' id='word_1_687' title='bbox 2402 4105 2431 4143; x_wconf 93' lang='lat' dir='ltr'>e</span> <span class='ocrx_word' id='word_1_688' title='bbox 2465 4087 2787 4159; x_wconf 89' lang='lat' dir='ltr'>longinquo</span> <span class='ocrx_word' id='word_1_689' title='bbox 2820 4085 3200 4157; x_wconf 90' lang='lat' dir='ltr'>requirimus.</span> <span class='ocrx_word' id='word_1_690' title='bbox 3236 4099 3335 4154; x_wconf 90' lang='lat' dir='ltr'>per</span> <span class='ocrx_word' id='word_1_691' title='bbox 3358 4096 3480 4148; x_wconf 67' lang='lat' dir='ltr'>quae</span> <span class='ocrx_word' id='word_1_692' title='bbox 3512 4095 3686 4133; x_wconf 86' lang='lat' dir='ltr'>suum</span> 
     </span>
    </p>
   </div>
   <div class='ocr_carea' id='block_1_105' title="bbox 2044 4172 3690 4251">
    <p class='ocr_par' dir='ltr' id='par_1_105' title="bbox 2044 4172 3690 4251">
     <span class='ocr_line' id='line_1_105' title="bbox 2044 4172 3690 4251; baseline -0.008 -18"><span class='ocrx_word' id='word_1_693' title='bbox 2044 4180 2118 4235; x_wconf 88' lang='lat' dir='ltr'>iis</span> <span class='ocrx_word' id='word_1_694' title='bbox 2162 4182 2686 4251; x_wconf 88' lang='lat' dir='ltr'>temperamentum</span> <span class='ocrx_word' id='word_1_695' title='bbox 2719 4183 2771 4231; x_wconf 83' lang='lat' dir='ltr'>et</span> <span class='ocrx_word' id='word_1_696' title='bbox 2824 4176 2980 4245; x_wconf 89' lang='lat' dir='ltr'>prior</span> <span class='ocrx_word' id='word_1_697' title='bbox 3011 4172 3289 4228; x_wconf 85' lang='lat' dir='ltr'>habitudo</span> <span class='ocrx_word' id='word_1_698' title='bbox 3340 4172 3690 4239; x_wconf 88' lang='lat' dir='ltr'>reponatur:</span> 
     </span>
    </p>
   </div>
   <div class='ocr_carea' id='block_1_106' title="bbox 2046 4258 3694 4341">
    <p class='ocr_par' dir='ltr' id='par_1_106' title="bbox 2046 4258 3694 4341">
     <span class='ocr_line' id='line_1_106' title="bbox 2046 4258 3694 4341; baseline -0.01 -17"><span class='ocrx_word' id='word_1_699' title='bbox 2046 4269 2131 4324; x_wconf 91' lang='lat' dir='ltr'>sic</span> <span class='ocrx_word' id='word_1_700' title='bbox 2155 4270 2348 4341; x_wconf 90' lang='lat' dir='ltr'>pigere</span> <span class='ocrx_word' id='word_1_701' title='bbox 2362 4268 2770 4324; x_wconf 87' lang='lat' dir='ltr'>dominantem</span> <span class='ocrx_word' id='word_1_702' title='bbox 2802 4282 2917 4320; x_wconf 90' lang='lat' dir='ltr'>non</span> <span class='ocrx_word' id='word_1_703' title='bbox 2934 4264 3125 4329; x_wconf 85' lang='lat' dir='ltr'>debet,</span> <span class='ocrx_word' id='word_1_704' title='bbox 3153 4258 3694 4332; x_wconf 87' lang='lat' dir='ltr'>peregreinterdum</span> 
     </span>
    </p>
   </div>
   <div class='ocr_carea' id='block_1_107' title="bbox 2046 4346 3695 4429">
    <p class='ocr_par' dir='ltr' id='par_1_107' title="bbox 2046 4346 3695 4429">
     <span class='ocr_line' id='line_1_107' title="bbox 2046 4346 3695 4429; baseline -0.007 -17"><span class='ocrx_word' id='word_1_705' title='bbox 2046 4375 2305 4429; x_wconf 82' lang='lat' dir='ltr'>quaerere</span> <span class='ocrx_word' id='word_1_706' title='bbox 2337 4357 2438 4429; x_wconf 88' lang='lat' dir='ltr'>qui</span> <span class='ocrx_word' id='word_1_707' title='bbox 2469 4356 2803 4429; x_wconf 75' lang='lat' dir='ltr'>reipublicae</span> <span class='ocrx_word' id='word_1_708' title='bbox 2849 4353 3159 4409; x_wconf 86' lang='lat' dir='ltr'>consulant</span> <span class='ocrx_word' id='word_1_709' title='bbox 3208 4349 3363 4420; x_wconf 90' lang='lat' dir='ltr'>quod</span> <span class='ocrx_word' id='word_1_710' title='bbox 3408 4362 3559 4417; x_wconf 84' lang='lat' dir='ltr'>saepe</span> <span class='ocrx_word' id='word_1_711' title='bbox 3591 4346 3695 4400; x_wconf 88' lang='lat' dir='ltr'>do—</span> 
     </span>
    </p>
   </div>
   <div class='ocr_carea' id='block_1_108' title="bbox 2048 4437 3695 4517">
    <p class='ocr_par' dir='ltr' id='par_1_108' title="bbox 2048 4437 3695 4517">
     <span class='ocr_line' id='line_1_108' title="bbox 2048 4437 3695 4517; baseline -0.009 -15"><span class='ocrx_word' id='word_1_712' title='bbox 2048 4447 2271 4502; x_wconf 88' lang='lat' dir='ltr'>mestici</span> <span class='ocrx_word' id='word_1_713' title='bbox 2305 4448 2500 4503; x_wconf 89' lang='lat' dir='ltr'>minus</span> <span class='ocrx_word' id='word_1_714' title='bbox 2532 4451 2801 4517; x_wconf 90' lang='lat' dir='ltr'>possunt.</span> <span class='ocrx_word' id='word_1_715' title='bbox 2835 4449 3030 4501; x_wconf 87' lang='lat' dir='ltr'>Mures</span> <span class='ocrx_word' id='word_1_716' title='bbox 3076 4440 3134 4494; x_wconf 90' lang='lat' dir='ltr'>in</span> <span class='ocrx_word' id='word_1_717' title='bbox 3188 4437 3421 4510; x_wconf 86' lang='lat' dir='ltr'>palatiis</span> <span class='ocrx_word' id='word_1_718' title='bbox 3461 4444 3515 4491; x_wconf 92' lang='lat' dir='ltr'>et</span> <span class='ocrx_word' id='word_1_719' title='bbox 3563 4452 3695 4489; x_wconf 82' lang='lat' dir='ltr'>nas-</span> 
     </span>
    </p>
   </div>
   <div class='ocr_carea' id='block_1_109' title="bbox 2047 4526 3700 4604">
    <p class='ocr_par' dir='ltr' id='par_1_109' title="bbox 2047 4526 3700 4604">
     <span class='ocr_line' id='line_1_109' title="bbox 2047 4526 3700 4604; baseline -0.006 -15"><span class='ocrx_word' id='word_1_720' title='bbox 2047 4541 2261 4591; x_wconf 88' lang='lat' dir='ltr'>cuntur</span> <span class='ocrx_word' id='word_1_721' title='bbox 2309 4542 2367 4591; x_wconf 87' lang='lat' dir='ltr'>et</span> <span class='ocrx_word' id='word_1_722' title='bbox 2412 4535 2613 4590; x_wconf 90' lang='lat' dir='ltr'>vivunt</span> <span class='ocrx_word' id='word_1_723' title='bbox 2674 4536 2931 4604; x_wconf 89' lang='lat' dir='ltr'>adeoque</span> <span class='ocrx_word' id='word_1_724' title='bbox 2978 4547 3047 4587; x_wconf 83' lang='lat' dir='ltr'>ex</span> <span class='ocrx_word' id='word_1_725' title='bbox 3099 4529 3301 4585; x_wconf 78' lang='lat' dir='ltr'>eadem</span> <span class='ocrx_word' id='word_1_726' title='bbox 3355 4526 3700 4599; x_wconf 90' lang='lat' dir='ltr'>plerumque</span> 
     </span>
    </p>
   </div>
   <div class='ocr_carea' id='block_1_110' title="bbox 2047 4616 3697 4696">
    <p class='ocr_par' dir='ltr' id='par_1_110' title="bbox 2047 4616 3697 4696">
     <span class='ocr_line' id='line_1_110' title="bbox 2047 4616 3697 4696; baseline -0.008 -16"><span class='ocrx_word' id='word_1_727' title='bbox 2047 4642 2200 4696; x_wconf 91' lang='lat' dir='ltr'>penu</span> <span class='ocrx_word' id='word_1_728' title='bbox 2250 4642 2383 4680; x_wconf 88' lang='lat' dir='ltr'>cum</span> <span class='ocrx_word' id='word_1_729' title='bbox 2449 4624 2814 4696; x_wconf 89' lang='lat' dir='ltr'>principibus</span> <span class='ocrx_word' id='word_1_730' title='bbox 2876 4627 3229 4677; x_wconf 90' lang='lat' dir='ltr'>vescuntur:</span> <span class='ocrx_word' id='word_1_731' title='bbox 3261 4616 3559 4671; x_wconf 90' lang='lat' dir='ltr'>neminem</span> <span class='ocrx_word' id='word_1_732' title='bbox 3611 4619 3697 4669; x_wconf 83' lang='lat' dir='ltr'>ta-</span> 
     </span>
    </p>
   </div>
   <div class='ocr_carea' id='block_1_111' title="bbox 2048 4706 3694 4786">
    <p class='ocr_par' dir='ltr' id='par_1_111' title="bbox 2048 4706 3694 4786">
     <span class='ocr_line' id='line_1_111' title="bbox 2048 4706 3694 4786; baseline -0.009 -15"><span class='ocrx_word' id='word_1_733' title='bbox 2048 4732 2183 4772; x_wconf 90' lang='lat' dir='ltr'>men</span> <span class='ocrx_word' id='word_1_734' title='bbox 2206 4715 2325 4769; x_wconf 90' lang='lat' dir='ltr'>vidi</span> <span class='ocrx_word' id='word_1_735' title='bbox 2340 4714 2671 4786; x_wconf 87' lang='lat' dir='ltr'>principum</span> <span class='ocrx_word' id='word_1_736' title='bbox 2697 4711 2799 4783; x_wconf 88' lang='lat' dir='ltr'>qui</span> <span class='ocrx_word' id='word_1_737' title='bbox 2822 4707 3271 4767; x_wconf 87' lang='lat' dir='ltr'>contubernales</span> <span class='ocrx_word' id='word_1_738' title='bbox 3287 4706 3505 4760; x_wconf 88' lang='lat' dir='ltr'>sorices</span> <span class='ocrx_word' id='word_1_739' title='bbox 3519 4720 3694 4774; x_wconf 87' lang='lat' dir='ltr'>quam</span> 
     </span>
    </p>
   </div>
   <div class='ocr_carea' id='block_1_112' title="bbox 2052 4795 3699 4875">
    <p class='ocr_par' dir='ltr' id='par_1_112' title="bbox 2052 4795 3699 4875">
     <span class='ocr_line' id='line_1_112' title="bbox 2052 4795 3699 4875; baseline -0.009 -16"><span class='ocrx_word' id='word_1_740' title='bbox 2052 4804 2255 4875; x_wconf 89' lang='lat' dir='ltr'>procul</span> <span class='ocrx_word' id='word_1_741' title='bbox 2288 4805 2347 4858; x_wconf 89' lang='lat' dir='ltr'>in</span> <span class='ocrx_word' id='word_1_742' title='bbox 2380 4803 2544 4858; x_wconf 90' lang='lat' dir='ltr'>silvis</span> <span class='ocrx_word' id='word_1_743' title='bbox 2577 4819 2644 4858; x_wconf 90' lang='lat' dir='ltr'>ac</span> <span class='ocrx_word' id='word_1_744' title='bbox 2676 4801 2976 4857; x_wconf 88' lang='lat' dir='ltr'>mentibus</span> <span class='ocrx_word' id='word_1_745' title='bbox 3024 4801 3079 4855; x_wconf 88' lang='lat' dir='ltr'>et</span> <span class='ocrx_word' id='word_1_746' title='bbox 3108 4802 3267 4853; x_wconf 90' lang='lat' dir='ltr'>ortos</span> <span class='ocrx_word' id='word_1_747' title='bbox 3317 4799 3373 4851; x_wconf 90' lang='lat' dir='ltr'>et</span> <span class='ocrx_word' id='word_1_748' title='bbox 3420 4795 3699 4849; x_wconf 85' lang='lat' dir='ltr'>educatos</span> 
     </span>
    </p>
   </div>
   <div class='ocr_carea' id='block_1_113' title="bbox 2049 4884 3699 4964">
    <p class='ocr_par' dir='ltr' id='par_1_113' title="bbox 2049 4884 3699 4964">
     <span class='ocr_line' id='line_1_113' title="bbox 2049 4884 3699 4964; baseline -0.009 -15"><span class='ocrx_word' id='word_1_749' title='bbox 2049 4894 2353 4964; x_wconf 88' lang='lat' dir='ltr'>accipitres</span> <span class='ocrx_word' id='word_1_750' title='bbox 2412 4892 2564 4964; x_wconf 90' lang='lat' dir='ltr'>pluri</span> <span class='ocrx_word' id='word_1_751' title='bbox 2609 4892 2875 4946; x_wconf 79' lang='lat' dir='ltr'>aestimet.</span> <span class='ocrx_word' id='word_1_752' title='bbox 2928 4890 3052 4945; x_wconf 92' lang='lat' dir='ltr'>Imo</span> <span class='ocrx_word' id='word_1_753' title='bbox 3106 4888 3251 4954; x_wconf 69' lang='lat' dir='ltr'>istae,</span> <span class='ocrx_word' id='word_1_754' title='bbox 3301 4884 3434 4940; x_wconf 91' lang='lat' dir='ltr'>licet</span> <span class='ocrx_word' id='word_1_755' title='bbox 3482 4884 3539 4937; x_wconf 91' lang='lat' dir='ltr'>in</span> <span class='ocrx_word' id='word_1_756' title='bbox 3602 4897 3699 4951; x_wconf 92' lang='lat' dir='ltr'>pe-</span> 
     </span>
    </p>
   </div>
   <div class='ocr_carea' id='block_1_114' title="bbox 2050 4971 3699 5055">
    <p class='ocr_par' dir='ltr' id='par_1_114' title="bbox 2050 4971 3699 5055">
     <span class='ocr_line' id='line_1_114' title="bbox 2050 4971 3699 5055; baseline -0.01 -14"><span class='ocrx_word' id='word_1_757' title='bbox 2050 4984 2376 5041; x_wconf 88' lang='lat' dir='ltr'>netralibus</span> <span class='ocrx_word' id='word_1_758' title='bbox 2407 4984 2615 5055; x_wconf 77' lang='lat' dir='ltr'>genitas</span> <span class='ocrx_word' id='word_1_759' title='bbox 2649 4981 2924 5052; x_wconf 85' lang='lat' dir='ltr'>altaeque,</span> <span class='ocrx_word' id='word_1_760' title='bbox 2960 4979 3207 5036; x_wconf 88' lang='lat' dir='ltr'>sordidae</span> <span class='ocrx_word' id='word_1_761' title='bbox 3239 4994 3302 5031; x_wconf 86' lang='lat' dir='ltr'>ac</span> <span class='ocrx_word' id='word_1_762' title='bbox 3342 4976 3566 5030; x_wconf 86' lang='lat' dir='ltr'>furaces</span> <span class='ocrx_word' id='word_1_763' title='bbox 3598 4971 3699 5025; x_wconf 89' lang='lat' dir='ltr'>bc-</span> 
     </span>
    </p>
   </div>
   <div class='ocr_carea' id='block_1_115' title="bbox 2050 5060 3702 5144">
    <p class='ocr_par' dir='ltr' id='par_1_115' title="bbox 2050 5060 3702 5144">
     <span class='ocr_line' id='line_1_115' title="bbox 2050 5060 3702 5144; baseline -0.01 -15"><span class='ocrx_word' id='word_1_764' title='bbox 2050 5074 2235 5131; x_wconf 78' lang='lat' dir='ltr'>slioles</span> <span class='ocrx_word' id='word_1_765' title='bbox 2263 5076 2662 5144; x_wconf 89' lang='lat' dir='ltr'>spernuntur;</span> <span class='ocrx_word' id='word_1_766' title='bbox 2698 5071 3040 5144; x_wconf 77' lang='lat' dir='ltr'>peregrinus</span> <span class='ocrx_word' id='word_1_767' title='bbox 3074 5068 3171 5122; x_wconf 88' lang='lat' dir='ltr'>ille</span> <span class='ocrx_word' id='word_1_768' title='bbox 3197 5083 3265 5121; x_wconf 79' lang='lat' dir='ltr'>ex</span> <span class='ocrx_word' id='word_1_769' title='bbox 3296 5065 3415 5121; x_wconf 89' lang='lat' dir='ltr'>suis</span> <span class='ocrx_word' id='word_1_770' title='bbox 3448 5060 3602 5133; x_wconf 87' lang='lat' dir='ltr'>agris</span> <span class='ocrx_word' id='word_1_771' title='bbox 3635 5076 3702 5113; x_wconf 90' lang='lat' dir='ltr'>ac</span> 
     </span>
    </p>
   </div>
   <div class='ocr_carea' id='block_1_116' title="bbox 2051 5154 3699 5233">
    <p class='ocr_par' dir='ltr' id='par_1_116' title="bbox 2051 5154 3699 5233">
     <span class='ocr_line' id='line_1_116' title="bbox 2051 5154 3699 5233; baseline -0.013 -12"><span class='ocrx_word' id='word_1_772' title='bbox 2051 5162 2354 5220; x_wconf 89' lang='lat' dir='ltr'>montibus</span> <span class='ocrx_word' id='word_1_773' title='bbox 2389 5168 2620 5233; x_wconf 79' lang='lat' dir='ltr'>propter</span> <span class='ocrx_word' id='word_1_774' title='bbox 2653 5160 2963 5215; x_wconf 86' lang='lat' dir='ltr'>utilitatem</span> <span class='ocrx_word' id='word_1_775' title='bbox 3016 5157 3161 5213; x_wconf 87' lang='lat' dir='ltr'>falco</span> <span class='ocrx_word' id='word_1_776' title='bbox 3214 5154 3536 5225; x_wconf 88' lang='lat' dir='ltr'>expetitur;</span> <span class='ocrx_word' id='word_1_777' title='bbox 3572 5165 3699 5219; x_wconf 87' lang='lat' dir='ltr'>per-</span> 
     </span>
    </p>
   </div>
   <div class='ocr_carea' id='block_1_117' title="bbox 2053 5235 3698 5322">
    <p class='ocr_par' dir='ltr' id='par_1_117' title="bbox 2053 5235 3698 5322">
     <span class='ocr_line' id='line_1_117' title="bbox 2053 5235 3698 5322; baseline -0.013 -14"><span class='ocrx_word' id='word_1_778' title='bbox 2053 5254 2165 5308; x_wconf 88' lang='lat' dir='ltr'>dus</span> <span class='ocrx_word' id='word_1_779' title='bbox 2237 5251 2390 5321; x_wconf 81' lang='lat' dir='ltr'>regie</span> <span class='ocrx_word' id='word_1_780' title='bbox 2457 5250 2736 5322; x_wconf 84' lang='lat' dir='ltr'>pascitur,</span> <span class='ocrx_word' id='word_1_781' title='bbox 2820 5247 3222 5320; x_wconf 84' lang='lat' dir='ltr'>principisque</span> <span class='ocrx_word' id='word_1_782' title='bbox 3289 5258 3440 5312; x_wconf 58' lang='lat' dir='ltr'>saepe</span> <span class='ocrx_word' id='word_1_783' title='bbox 3512 5235 3698 5307; x_wconf 90' lang='lat' dir='ltr'>ipsius</span> 
     </span>
    </p>
   </div>
   <div class='ocr_carea' id='block_1_118' title="bbox 2051 5341 2602 5413">
    <p class='ocr_par' dir='ltr' id='par_1_118' title="bbox 2051 5341 2602 5413">
     <span class='ocr_line' id='line_1_118' title="bbox 2051 5341 2602 5413; baseline -0.009 -14"><span class='ocrx_word' id='word_1_784' title='bbox 2051 5341 2292 5399; x_wconf 88' lang='lat' dir='ltr'>brachio</span> <span class='ocrx_word' id='word_1_785' title='bbox 2320 5346 2602 5413; x_wconf 81' lang='lat' dir='ltr'>gestetur.</span> 
     </span>
    </p>
   </div>
   <div class='ocr_carea' id='block_1_119' title="bbox 2128 5447 3696 5535">
    <p class='ocr_par' dir='ltr' id='par_1_119' title="bbox 2128 5447 3696 5535">
     <span class='ocr_line' id='line_1_119' title="bbox 2128 5447 3696 5535; baseline -0.016 -12"><span class='ocrx_word' id='word_1_786' title='bbox 2128 5470 2222 5523; x_wconf 89' lang='lat' dir='ltr'>IX.</span> <span class='ocrx_word' id='word_1_787' title='bbox 2263 5469 2387 5523; x_wconf 74' lang='lat' dir='ltr'>Haac</span> <span class='ocrx_word' id='word_1_788' title='bbox 2421 5466 2616 5521; x_wconf 91' lang='lat' dir='ltr'>locuto</span> <span class='ocrx_word' id='word_1_789' title='bbox 2667 5463 3049 5535; x_wconf 87' lang='lat' dir='ltr'>Vestigatore,</span> <span class='ocrx_word' id='word_1_790' title='bbox 3095 5455 3464 5513; x_wconf 87' lang='lat' dir='ltr'>vehementer</span> <span class='ocrx_word' id='word_1_791' title='bbox 3511 5447 3696 5502; x_wconf 88' lang='lat' dir='ltr'>admi-</span> 
     </span>
    </p>
   </div>
   <div class='ocr_carea' id='block_1_120' title="bbox 2056 5538 3698 5626">
    <p class='ocr_par' dir='ltr' id='par_1_120' title="bbox 2056 5538 3698 5626">
     <span class='ocr_line' id='line_1_120' title="bbox 2056 5538 3698 5626; baseline -0.015 -12"><span class='ocrx_word' id='word_1_792' title='bbox 2056 5575 2191 5614; x_wconf 87' lang='lat' dir='ltr'>rans</span> <span class='ocrx_word' id='word_1_793' title='bbox 2221 5558 2330 5626; x_wconf 89' lang='lat' dir='ltr'>leo,</span> <span class='ocrx_word' id='word_1_794' title='bbox 2366 5571 2679 5613; x_wconf 89' lang='lat' dir='ltr'>conversus</span> <span class='ocrx_word' id='word_1_795' title='bbox 2708 5556 2774 5609; x_wconf 87' lang='lat' dir='ltr'>ad</span> <span class='ocrx_word' id='word_1_796' title='bbox 2802 5550 3115 5608; x_wconf 89' lang='lat' dir='ltr'>familiares</span> <span class='ocrx_word' id='word_1_797' title='bbox 3147 5545 3292 5599; x_wconf 78' lang='lat' dir='ltr'>dixit</span> <span class='ocrx_word' id='word_1_798' title='bbox 3317 5558 3328 5595; x_wconf 91' lang='lat'>:</span> <span class='ocrx_word' id='word_1_799' title='bbox 3377 5538 3551 5593; x_wconf 83' lang='lat' dir='ltr'>Plane</span> <span class='ocrx_word' id='word_1_800' title='bbox 3572 5538 3698 5607; x_wconf 73' lang='lat' dir='ltr'>jam</span> 
     </span>
    </p>
   </div>
   <div class='ocr_carea' id='block_1_121' title="bbox 2054 5633 3703 5720">
    <p class='ocr_par' dir='ltr' id='par_1_121' title="bbox 2054 5633 3703 5720">
     <span class='ocr_line' id='line_1_121' title="bbox 2054 5633 3703 5720; baseline -0.014 -14"><span class='ocrx_word' id='word_1_801' title='bbox 2054 5664 2373 5720; x_wconf 87' lang='lat' dir='ltr'>persuasus</span> <span class='ocrx_word' id='word_1_802' title='bbox 2397 5662 2553 5716; x_wconf 86' lang='lat' dir='ltr'>sum,</span> <span class='ocrx_word' id='word_1_803' title='bbox 2586 5642 2794 5700; x_wconf 87' lang='lat' dir='ltr'>debere</span> <span class='ocrx_word' id='word_1_804' title='bbox 2822 5639 3142 5711; x_wconf 78' lang='lat' dir='ltr'>principem</span> <span class='ocrx_word' id='word_1_805' title='bbox 3170 5648 3285 5688; x_wconf 87' lang='lat' dir='ltr'>non</span> <span class='ocrx_word' id='word_1_806' title='bbox 3327 5633 3703 5686; x_wconf 83' lang='lat' dir='ltr'>contemnere</span> 
     </span>
    </p>
   </div>
  </div>
