4002 6202
373 315 510 370 1255

1873 297 2256 352 APPENDIX.

3646 300 3672 352 1
3686 299 3786 351 '256

369 445 526 500 viros
573 436 892 497 industrios
946 437 1004 488 et
1056 431 1292 487 dotibus
1360 428 1633 500 prenditos
1698 422 2393 498 praeclaris,Abecillem
2438 423 2894 494 instabilemque
2956 423 3216 480 turbavit
3282 424 3574 479 animum.
3637 426 3785 489 Quid

368 534 542 590 etiam
574 529 621 583 si
655 527 861 581 infima
889 530 1041 578 sorte
1071 537 1138 576 ac
1169 520 1305 574 faece
1348 517 1510 588 vulgi
1564 517 1719 582 sint;
1775 515 1876 569 sed
1925 517 2013 568 ta-

370 621 456 674 les
478 622 534 672 et
554 613 802 686 negotiis
823 610 1101 667 adhibere
1122 613 1181 664 et
1203 607 1526 663 honoribus
1558 605 1808 670 afficere,
1841 605 2017 672 prout

367 707 530 779 digni
557 708 718 774 sunt,
746 710 1042 771 utcunque
1073 699 1264 755 creteri
1295 714 1501 753 omnes
1551 695 1604 749 id
1658 693 1896 749 moleste
1927 691 2014 746 fe-

364 800 514 851 rant.
548 795 628 850 Ea
657 793 832 848 verba
863 807 1077 846 novum
1129 786 1481 860 Vestigatori
1515 793 1568 840 et
1599 782 1804 839 fortius
1836 796 2012 852 quam

363 883 556 955 priora
584 886 998 952 argumentum
1034 879 1267 932 fuerunt
1296 876 1359 928 ad
1385 871 1837 943 intelligendum
1864 867 2013 923 bene

365 973 638 1028 atiectum
669 985 807 1040 erga
837 984 966 1023 sese
995 968 1218 1022 leonem
1242 979 1390 1030 esse,
1414 979 1479 1016 ac
1501 978 1616 1016 non
1647 973 1856 1030 parum
1882 974 2014 1028 pro-

366 1076 615 1134 pensum
641 1060 713 1114 ad
745 1057 1057 1114 favendum
1090 1053 1242 1126 ipsi;
1277 1053 1706 1122 quaretempus
1730 1047 1785 1100 id
1810 1049 2013 1116 aptum

367 1155 532 1206 ratus
564 1165 694 1204 cum
726 1147 825 1202 illo
859 1147 1040 1201 libere
1071 1143 1302 1214 agendi,
1335 1156 1597 1196 seorsum
1630 1156 1694 1193 ac
1745 1137 1874 1192 sine
1923 1151 2013 1190 ar-

367 1237 537 1294 bitris
569 1242 918 1292 conventum
950 1233 1043 1288 his
1076 1232 1267 1286 verbis
1312 1229 1668 1300 alloquitur:
1705 1225 1855 1291 Quid
1878 1229 2012 1306 ‘est,

371 1345 402 1383 ο
436 1326 691 1392 domine,
726 1324 882 1395 quod
907 1322 1083 1392 longo
1114 1322 1235 1389 jam
1268 1324 1527 1388 tempore
1565 1317 1849 1370 immotus
1894 1330 2009 1368 ma-

370 1433 498 1484 nes,
530 1431 634 1470 nec
663 1430 733 1468 ex
762 1411 886 1467 loco
916 1411 1026 1465 isto
1055 1409 1115 1464 in
1147 1409 1401 1463 alterum
1437 1406 1651 1461 transis
1671 1404 1699 1458 ?
1729 1410 2011 1460 Decreve-

372 1509 458 1560 rat
503 1505 623 1559 hazc
671 1501 916 1556 audiens
964 1498 1052 1554 leo
1120 1495 1516 1562 dissimulare,
1587 1491 2012 1564 respondendo,

368 1591 739 1648 formidinem
772 1605 938 1645 suam
964 1605 977 1643 :
1013 1587 1112 1642 sed
1141 1601 1270 1642 cum
1293 1586 1437 1640 forte
1463 1583 1774 1639 accidisset
1795 1598 1859 1637 eo
1887 1583 2013 1651 ipso

371 1684 669 1737 momento
703 1676 1050 1750 ingeminari
1087 1674 1349 1746 mugitus
1371 1673 1544 1743 tauri,
1577 1677 1773 1742 tegere
1797 1673 2014 1725 metum

373 1787 488 1824 non
520 1767 729 1839 potuit,
773 1781 890 1836 quo
936 1767 1025 1820 est
1070 1763 1273 1818 intime
1322 1777 1644 1816 concussus
1701 1776 1888 1828 usque
1939 1759 2013 1813 ad

372 1856 649 1928 pallorem
683 1859 1115 1923 tremoremque
1138 1851 1538 1905 manifestum.
1567 1849 1773 1916 Quare,
1794 1847 2012 1902 omisso

368 1950 673 2016 tamquam
702 1941 895 1998 inutili
924 1947 1132 1996 conatu
1164 1939 1392 1994 celandi
1437 1939 1492 1992 id
1525 1938 1679 2008 quod
1712 1941 1920 2007 sponte
1950 1929 2011 1991 se

361 2033 666 2104 prodebat,
701 2031 906 2086 Vereor
937 2029 1235 2095 nimirum,
1270 2028 1374 2091 ait,
1430 2042 1501 2080 ne
1550 2042 1765 2096 corpus
1807 2023 2010 2078 bestia:

363 2123 537 2192 cujus
562 2119 932 2190 istimugitus
949 2123 1108 2184 sunt,
1133 2115 1522 2188 magnitudini
1546 2113 1809 2169 terrilicze
1832 2112 2010 2182 hujus

364 2210 520 2266 vocis
536 2209 908 2281 proportione
931 2207 1280 2278 respondeat
1306 2223 1322 2270 ;
1347 2204 1612 2274 adeoque
1635 2207 1755 2257 tam
1774 2207 2008 2256 vastum

365 2303 423 2354 et
450 2298 707 2354 validum
736 2297 832 2365 sit,
867 2300 930 2350 ut
961 2295 1130 2351 nobis
1162 2293 1492 2366 imparibus
1525 2293 1597 2349 ad
1629 2291 1818 2347 ferum
1851 2290 2008 2345 istud

363 2386 582 2442 animal
617 2385 1054 2449 debellandum,
1088 2383 1410 2439 necessitas
1443 2382 1743 2436 incumbat
1785 2397 1854 2434 ex
1903 2379 2010 2434 hoc

363 2475 490 2531 loco
527 2474 809 2546 fugiendi.
843 2473 1104 2544 Subjecit
1149 2473 1513 2543 Vestigator:
1548 2471 1629 2526 Ne
1676 2473 2011 2525 consternat

360 2569 438 2631 te,
474 2563 730 2628 domine,
765 2561 874 2617 hoc
912 2563 1155 2627 tonitru,
1207 2560 1409 2616 inania
1455 2559 1613 2615 enim
1662 2557 2010 2629 plerumque

359 2651 637 2707 terricula
666 2651 957 2722 ejusmodi
1007 2649 1530 2721 deprehenduntur
1567 2646 2008 2718 explorantibus

362 2741 433 2796 ad
464 2740 776 2811 liquidum.
807 2740 992 2803 Quam
1027 2739 1083 2792 in
1120 2754 1241 2793 rem
1275 2738 1471 2809 accipe
1501 2736 1642 2807 quid
1672 2735 1834 2807 vulpi
1866 2751 2005 2789 con-

362 2829 559 2900 tigerit
587 2845 600 2883 :
636 2832 764 2884 Haec
795 2827 1066 2883 famelica
1097 2827 1354 2898 praedam
1377 2841 1667 2896 quaerens,
1693 2823 1914 2895 largam
1939 2841 2008 2878 ex

359 2924 491 2973 voto
525 2918 740 2989 reperit
768 2917 826 2971 in
850 2917 1107 2988 quadam
1139 2915 1318 2983 silva;
1353 2915 1455 2970 sed
1487 2929 1558 2970 ne
1581 2929 1782 2969 secure
1812 2928 2005 2968 vesce-

361 3012 524 3062 retur
554 3007 825 3062 obstabat
856 3003 1136 3060 terribilis
1166 3003 1450 3076 strepitus
1466 3019 1536 3058 ex
1555 3002 1964 3071 altoingruens
1989 3018 2002 3068 ;

361 3110 572 3166 nempe
601 3099 948 3168 tympanum
981 3093 1277 3166 quispiam
1309 3093 1380 3149 de
1411 3109 1574 3148 ramo
1599 3091 1806 3146 vicina;
1837 3089 2004 3145 arbo-

2043 1791 2090 1856 B

361 3184 442 3239 ris
473 3151 896 3254 suspenderat;
930 3189 987 3238 et
1003 3151 1187 3238 |motaa
1219 3199 1363 3238 aura
1393 3182 1627 3238 frondes
1657 3180 1728 3236 ad
1761 3179 1904 3236 illud
1928 3178 2007 3234 al-
2035 3151 2081 3220 (ἶ

361 3271 480 3326 Ῐί8ἱ¹3
517 3273 806 3341 fragorem
837 3272 1090 3326 edebant
1119 3271 1234 3325 alte
1253 3275 1625 3326 resonantem
1648 3274 1705 3325 et
1727 3269 2006 3324 formido-

365 3359 487 3414 lose
518 3358 828 3414 minacem.
862 3359 940 3412 Eo
973 3360 1208 3412 turbata
1240 3359 1455 3412 misera
1483 3357 1688 3428 vulpes
1738 3357 2004 3426 saginam

360 3451 494 3501 ante
544 3445 744 3500 oculos
795 3450 1058 3514 paratam
1110 3443 1345 3515 pinguis
1389 3449 1446 3498 et
1491 3444 1736 3515 copiosae
1785 3445 2001 3514 ferinae,

361 3549 565 3604 pressa
595 3531 728 3585 licet
758 3530 877 3586 acri
931 3530 1219 3586 desiderio
1267 3531 1501 3596 edendi,
1550 3531 1834 3603 attingere
1885 3551 2001 3594 non

358 3621 633 3688 audebat,
666 3619 866 3675 timide
898 3619 1400 3691 circumspiciens.
1445 3637 1574 3676 sese
1623 3622 1996 3692 contrahens,

353 3715 410 3763 et
440 3709 510 3764 ad
544 3725 747 3764 omnes
776 3707 1068 3780 impulsus
1107 3709 1366 3781 tympani
1428 3709 1637 3780 (crebri
1691 3716 1886 3766 autem
1936 3712 1996 3766 hi

354 3804 520 3853 erant
550 3798 847 3870 aspirante
877 3801 1068 3868 vento)
1091 3799 1226 3853 totis
1250 3799 1497 3855 artubus
1518 3801 1993 3857 contremiscens.

352 3887 609 3942 Durante
639 3886 869 3958 longius
909 3903 976 3942 ea
1027 3887 1284 3954 miseria,
1338 3887 1581 3944 consilio
1638 3907 1668 3945 e
1717 3907 1776 3944 re
1822 3897 1993 3961 capto

349 3974 659 4047 vulpecula
689 3993 821 4031 cum
846 3977 1212 4033 observasset
1241 3995 1546 4048 erumpere
1571 3995 1781 4033 sonum
1812 3981 1990 4034 istum

347 4063 686 4120 horrificum
721 4082 790 4120 ex
819 4081 954 4120 arca
984 4067 1239 4138 quadam
1271 4065 1617 4121 orbicularis
1650 4069 1844 4122 formae
1877 4068 1990 4122 alte

346 4171 656 4225 suspensa,
690 4154 850 4209 dedit
881 4171 1139 4224 operam,
1173 4171 1432 4223 omnem,
1474 4155 1628 4225 quod
1662 4157 1844 4222 aiunt,
1896 4158 1986 4210 f'u-

347 4257 479 4296 nem
509 4260 750 4298 movens
782 4249 845 4298 ut
874 4259 1002 4298 eam
1036 4243 1170 4298 inde
1213 4243 1526 4310 dejiceret:
1580 4261 1694 4299 non
1745 4247 1984 4308 frustra,

343 4330 597 4383 concidit
626 4332 782 4385 enim
814 4333 1050 4386 tandem
1087 4338 1429 4401 tympanum
1469 4337 1526 4386 et
1554 4331 1722 4404 lapsu
1756 4334 1982 4388 confra-

343 4422 500 4472 ctum
533 4424 640 4473 est.
675 4420 1024 4488 Uontingere
1057 4421 1110 4474 id
1147 4425 1272 4473 tum
1308 4419 1507 4491 vulpes
1537 4439 1683 4475 ausa
1716 4422 1978 4493 propius-

2122 513 2233 584 egi,
2266 512 2458 568 aiebat
2496 529 2697 568 secum
2745 513 2961 569 tacitus
3006 512 3118 579 leo,
3169 515 3326 584 quod
3385 518 3631 569 versuto
3689 515 3782 569 isti

2122 618 2277 656 nunc
2309 601 2567 673 primum
2594 608 2730 658 noto
2757 619 2849 657 me
2880 605 3067 658 totum
3091 602 3268 657 effudi
3295 605 3319 657 Ρ
3344 603 3524 674 Atqui
3559 604 3780 658 artium

2123 690 2453 762 imperandi
2485 708 2602 746 una
2640 707 2745 747 nec
2797 696 3096 762 postrema
3141 695 3255 760 est,
3306 707 3422 746 non
3474 693 3660 747 fidere
3714 694 3782 748 iis

2122 796 2270 850 quos
2315 780 2417 836 diu
2462 781 2714 852 superbe
2779 780 3233 852 contempseris,
3280 797 3393 835 non
3442 780 3784 838 ambitiosis

2122 887 2236 925 non
2268 869 2523 941 cupidis.
2560 888 2674 927 non
2707 870 2996 926 fraudatis
3031 873 3296 925 mercede
3337 871 3635 937 laborum,
3670 890 3781 928 non

2121 958 2333 1030 opibus
2363 964 2466 1014 aut
2493 957 2783 1030 dignitate
2813 958 3103 1030 spoliatis.
3139 959 3242 1013 Hic
3275 959 3630 1031 Vestigator,
3683 962 3770 1016 in-

2120 1049 2297 1119 genii,
2330 1053 2396 1103 ut
2425 1053 2688 1120 apparet,
2707 1047 3085 1116 astutissimi,
3119 1047 3455 1103 diutissime
3475 1049 3771 1121 neglectus

2122 1162 2154 1198 a
2181 1162 2272 1200 me
2301 1146 2374 1200 ad
2408 1162 2568 1200 meas
2604 1147 2752 1200 fores
2783 1144 3071 1218 inglorius
3094 1145 3323 1214 jacuit;
3358 1151 3417 1200 et
3444 1163 3549 1219 ego
3571 1146 3667 1202 tali
3690 1147 3770 1202 ir-

2122 1235 2360 1289 ritatum
2393 1233 2750 1291 contumelia
2781 1235 2969 1305 primo
3023 1239 3260 1305 repente
3309 1250 3630 1306 congressu
3679 1253 3774 1291 ar-

2122 1339 2403 1378 canorum
2453 1323 2798 1395 imprudens
2847 1339 3112 1378 meorum
3174 1323 3446 1378 omnium
3508 1323 3780 1380 festinavi

2121 1413 2422 1468 conscium
2474 1413 2681 1467 facere.
2727 1411 2875 1476 Quid
2925 1417 3124 1467 autem
3191 1413 3436 1467 attinuit
3501 1419 3782 1483 praeterea

2123 1502 2393 1556 eumdem
2427 1502 2498 1556 ad
2531 1505 2767 1556 taurum
2802 1499 3118 1556 videndum
3146 1501 3402 1571 mittere,
3425 1518 3562 1556 cum
3591 1504 3782 1557 mani-

2122 1590 2268 1645 festo
2299 1589 2577 1660 periculo,
2609 1606 2681 1644 ne
2725 1590 2774 1644 is
2815 1588 2915 1644 ubi
2962 1606 3156 1644 meum
3207 1590 3616 1645 adversarium
3655 1608 3778 1645 ma-

2113 1679 2305 1748 jorem
2373 1695 2438 1733 ac
2499 1677 2883 1733 valentiorem
2943 1678 3363 1745 observaverit,
3439 1686 3780 1736 contemnat

2122 1766 2395 1838 deinceps
2426 1784 2540 1838 me,
2579 1784 2752 1837 quem
2795 1771 3039 1822 eatenus
3088 1771 3314 1822 tantum
3361 1769 3776 1834 honoraverat,

2122 1863 2417 1927 quatenus
2457 1857 2719 1912 nondum
2773 1861 3210 1928 comparaverat
3252 1874 3388 1912 cum
3440 1859 3778 1929 potentiori.

2123 1947 2252 2002 Haec
2281 1947 2436 2018 apud
2469 1964 2530 2002 se
2559 1945 2850 2017 reputanti
2884 1947 3054 2001 anxie
3082 1945 3234 2000 leoni
3276 1947 3624 2017 supervenit
3675 1949 3774 2003 Ve-

2121 2036 2369 2106 stigator
2397 2053 2432 2089 a
2463 2040 2628 2090 tauro
2659 2040 2940 2090 convento
2969 2036 3175 2102 redux,
3205 2052 3380 2105 quem
3436 2035 3527 2091 leo
3577 2037 3770 2092 solum

2120 2123 2511 2196 conspicatut,
2554 2128 2789 2195 sumpto
2815 2123 3012 2178 animo
3060 2123 3566 2195 dissimulataque
3597 2127 3774 2181 tristi—

2120 2214 2223 2279 tia,
2256 2212 2624 2285 compellavit
2656 2212 2716 2267 in
2748 2213 2904 2268 hunc
2935 2215 3177 2268 modum
3205 2231 3218 2266 :
3250 2219 3643 2286 Exspectatus
3673 2217 3773 2270 ad-

2120 2302 2319 2370 venis;
2355 2318 2480 2372 age,
2511 2302 2662 2356 refer
2691 2302 2830 2373 quid
2863 2302 3034 2374 egisti
3062 2303 3089 2356 ‘I
3120 2302 3271 2372 Vidi,
3305 2304 3388 2358 ait
3419 2305 3765 2376 Vestigator,

2121 2397 2182 2446 ut
2202 2391 2464 2462 jussisti,
2493 2390 2935 2447 vocalissimum
2971 2391 3120 2447 illud
3145 2393 3385 2449 animal.
3416 2395 3654 2451 Taurus
3678 2396 3766 2451 hic

2118 2486 2226 2538 est.
2256 2480 2480 2537 Accessi
2512 2482 2581 2536 ad
2621 2497 2753 2537 eum
2801 2481 3092 2552 cominus,
3148 2481 3568 2556 allocutusque
3618 2502 3768 2551 sum,

2120 2587 2224 2626 nec
2256 2569 2578 2642 quidquam
2609 2587 2678 2624 ex
2706 2587 2772 2626 eo
2817 2570 3019 2626 damni
3067 2575 3170 2628 aut
3219 2573 3503 2628 molestias
3551 2575 3770 2645 accepi.

2117 2669 2265 2733 Quid
2297 2673 2423 2723 tum
2460 2668 2706 2740 postea?
2737 2668 2824 2724 leo
2867 2668 3060 2739 inquit
3082 2669 3324 2737 ;indene
3343 2670 3769 2742 colligisimbe-

2117 2757 2318 2813 cillum
2349 2759 2420 2812 ad
2454 2758 2783 2812 nocendum
2816 2763 3052 2813 taurum
3083 2758 3260 2815 esse?
3299 2761 3387 2814 An
3421 2760 3616 2816 nescis
3647 2763 3761 2815 vio-

2115 2846 2477 2902 lentissimae
2503 2845 2768 2901 turbines
2801 2862 3034 2918 parcere
3084 2847 3380 2902 interdum
3437 2847 3762 2903 humilibus

2117 2933 2397 3001 arbustis,
2423 2934 2780 3004 eosdemque
2828 2934 3273 3005 procerissimae
3321 2952 3582 3007 quercus
3633 2938 3757 2992 imis

2114 3023 2466 3095 exstirpatas
2488 3022 2787 3078 radicibus
2808 3023 2930 3077 fran
2939 3038 3072 3094 gere
3092 3023 3120 3078 ?
3142 3025 3228 3078 Ad
3260 3040 3330 3080 ea
3350 3024 3682 3095 Vestigator
3702 3027 3760 3080 fi-

2121 3112 2325 3168 denter
2353 3112 2639 3179 arridens,
2672 3115 2816 3167 Cave
2843 3111 3073 3178 eredas,
3103 3111 3318 3183 inquit,
3350 3113 3617 3182 domine,
3658 3115 3761 3170 hu-

2114 3199 2379 3271 jusmodi
2445 3197 2660 3254 animal
2716 3199 3202 3255 robustissimum
3251 3217 3421 3257 esse:
3493 3203 3663 3273 quin,
3713 3203 3759 3257 si

2116 3287 2282 3358 velis,
2315 3287 2518 3343 sistam
2552 3287 2665 3342 huc
2699 3286 2842 3343 illud
2874 3287 3003 3354 tibi,
3045 3288 3486 3360 obnoxiumque
3536 3308 3608 3347 ac
3659 3292 3758 3347 sub

2115 3394 2293 3432 manu
2325 3382 2427 3432 tua
2458 3381 2733 3431 statuam.
2769 3375 3096 3433 Delectatus
3141 3378 3433 3448 promisso
3485 3378 3601 3445 leo,
3650 3386 3760 3453 Age

2114 3490 2256 3529 sane
2285 3474 2441 3546 quod
2475 3473 2789 3544 polliceris,
2823 3474 2925 3541 ait,
2961 3475 3106 3530 nihil
3141 3475 3285 3529 mihi
3314 3476 3512 3547 possis
3543 3479 3763 3549 gratius

2113 3563 2317 3618 facere.
2349 3562 2753 3633 Continuoque
2784 3563 3121 3635 Vestigator
3168 3580 3476 3636 regressus
3528 3567 3604 3621 ad
3637 3573 3758 3622 tau-

2112 3668 2264 3722 rum,
2299 3651 2441 3706 dicit
2484 3651 2569 3706 illi
2625 3653 3028 3722 przefidenter:
3064 3655 3216 3708 Heus
3263 3659 3350 3720 tu,
3411 3654 3509 3710 hic
3551 3658 3757 3712 adsum

2109 3742 2180 3797 ad
2223 3746 2278 3795 te
2310 3739 2530 3795 missus
2562 3757 2596 3794 a
2641 3739 2827 3807 leone,
2860 3740 2960 3810 qui
3006 3758 3359 3814 magnopere
3409 3745 3658 3799 mandat
3701 3750 3758 3799 ut

2109 3829 2383 3884 continuo
2415 3828 2612 3883 venias
2643 3830 2712 3882 ad
2749 3845 2831 3898 se,
2866 3830 3248 3897 denuntians,
3282 3830 3332 3886 si
3381 3833 3757 3904 obtempera-

2105 3918 2280 3984 veris,
2315 3917 2567 3989 gratiam
2600 3917 2700 3972 tibi
2730 3934 2791 3972 se
2827 3918 3115 3972 facturum
3169 3921 3415 3991 neglecti
3468 3921 3756 3977 hactenus

2105 4009 2304 4079 officii,
2341 4025 2445 4064 nec
2494 4025 2695 4079 pmnas
2753 4008 3136 4079 repetiturum
3190 4027 3256 4064 eo
3308 4011 3557 4066 meritas
3607 4013 3755 4082 quod

2103 4098 2306 4151 tandiu
2337 4095 2394 4149 in
2428 4101 2592 4150 tanta
2622 4095 2835 4150 vicinia
2865 4095 3136 4151 omiseris
3167 4096 3427 4151 debitam
3463 4099 3752 4168 majestati

2099 4185 2228 4255 ejus
2265 4184 2694 4239 venerationem
2729 4183 2988 4239 reddere.
3020 4185 3124 4239 Ais
3157 4202 3228 4238 an
3293 4202 3475 4254 negas
3497 4187 3527 4240 ?
3557 4187 3756 4258 expedi

2101 4288 2444 4343 responsum
2473 4292 2486 4340 ;
2525 4288 2656 4326 nam
2689 4271 2737 4326 si
2765 4271 3018 4337 dubitas,
3043 4275 3224 4328 refero
3247 4274 3451 4328 statim
3473 4277 3544 4330 ad
3565 4278 3751 4347 ipsum

2099 4362 2387 4434 quidquid
2421 4361 2491 4416 de
2521 4367 2579 4415 te
2610 4361 2864 4432 comperi
2897 4377 2910 4416 :
2944 4378 3136 4417 moras
3167 4361 3322 4417 enim
3359 4364 3595 4418 trahere
3644 4380 3751 4419 non

2100 4456 2282 4508 vacat.
2317 4451 2527 4522 Ecquis
2569 4457 2787 4514 autem,
2821 4451 3124 4522 respondit
3153 4456 3385 4520 taurus,
3418 4451 3514 4507 leo
3547 4454 3642 4508 hic
3669 4459 3750 4508 est

343 4523 455 4577 que
488 4507 725 4571 intueri,
759 4509 1145 4579 deprehendit
1175 4525 1376 4563 cavum
1426 4509 1601 4564 inane
1631 4509 1777 4581 pelle
1825 4511 1985 4566 tenui
2020 4513 2064 4575 D
2097 4541 2332 4607 horum,
2364 4507 2569 4594 algam.
2599 4507 3030 4610 mand'utorém,
3063 4545 3121 4595 et
3171 4507 3417 4594 ubinat'n
3464 4541 3742 4596 habitat?

341 4599 697 4662 contectum,
732 4597 1137 4668 ἱιοι·ὶ‹.ι‹ςίιδ‹,ιηθ;
1174 4597 1362 4669 Papae,
1395 4597 1606 4669 inquit,
1629 4616 1805 4669 quam
1828 4617 1986 4656 men-

337 4685 446 4736 dax
490 4686 716 4754 species
753 4685 1081 4755 falsumque
1132 4687 1414 4742 indicium
1445 4688 1694 4744 tumoris
1742 4689 1871 4744 est!
1921 4695 1987 4746 ut

338 4771 574 4843 turgida
607 4773 725 4826 haec
759 4775 1247 4846 vocalissimaque
1279 4793 1523 4848 corpora
1566 4777 1778 4833 inaniis
1821 4779 1983 4836 intus

335 4860 620 4915 exhausta
651 4863 1005 4927 vanissimis,
1051 4864 1295 4920 ridicule
1336 4867 1637 4920 minantur
1683 4871 1738 4921 et
1797 4869 1981 4923 risum

335 4949 549 5004 debent
583 4949 595 5004 !
630 4949 831 5004 Simile
866 4968 970 5005 nos
1001 4952 1330 5022 quidpiam,
1382 4954 1638 5021 domine,
1671 4955 1844 5011 hodie
1879 4974 1981 5028 pa-

333 5037 536 5107 timur,
571 5038 802 5093 fremitu
833 5056 1009 5109 quam
1039 5039 1277 5110 minaci,
1325 5047 1442 5097 tam
1491 5043 1655 5099 irrito
1706 5045 1980 5101 animalis

329 5125 508 5196 hujus
539 5126 746 5182 territi.
784 5127 932 5195 Quin
966 5127 1216 5198 sijubes
1257 5131 1329 5184 ad
1380 5131 1526 5187 illud
1582 5136 1875 5204 accedam,
1922 5140 1978 5191 et

329 5215 627 5288 explorato
654 5217 795 5288 quid
841 5218 1076 5273 demum
1108 5218 1206 5286 sit,
1260 5220 1330 5273 ad
1380 5225 1435 5275 te
1491 5222 1778 5278 curriculo
1828 5226 1975 5280 refe-

334 5324 479 5362 ram.

392 5521 456 5576 X.
492 5524 712 5579 Annuit
746 5524 853 5592 leo,
883 5523 1164 5594 misitque
1198 5522 1412 5594 ipsum.
1446 5527 1730 5579 Craterum
1773 5527 1971 5583 statim

321 5623 388 5664 eo
418 5612 674 5681 profecto
713 5612 1094 5670 moestissima
1123 5613 1253 5685 ejus
1286 5612 1420 5669 facti
1467 5613 1812 5686 pcenitsntia
1861 5619 1971 5675 im-

2096 4631 2180 4684 Ad
2213 4645 2281 4684 ea
2311 4627 2653 4698 Vestigator,
2692 4627 2810 4683 Rex
2841 4633 2950 4694 est,
2986 4628 3195 4698 inquit,
3233 4645 3491 4700 magnus
3528 4631 3740 4685 bestia—

2094 4736 2249 4785 rum,
2280 4722 2336 4772 et
2367 4717 2461 4771 hic
2494 4717 2549 4770 in
2599 4716 2929 4788 propinquo
2969 4723 3162 4771 castra
3188 4721 3448 4772 metatus
3481 4737 3592 4774 sua
3641 4726 3742 4786 est,

2093 4816 2193 4871 ubi
2228 4813 2432 4870 statin
2463 4813 2780 4882 augustali,
2815 4830 3125 4869 numeroso
3147 4813 3580 4871 circumstante
3603 4816 3744 4870 fera-

2092 4921 2220 4961 rum
2252 4902 2529 4969 exercitu,
2563 4902 2779 4973 quibus
2812 4902 3078 4972 imperat.
3122 4902 3385 4958 Territus
3416 4904 3514 4959 his
3547 4910 3744 4960 taurus

2090 4996 2349 5057 secutus,
2383 4989 2676 5044 dicentem
2707 4988 3106 5061 est,leonique
3137 4989 3555 5062 aVestigatore
3587 4993 3746 5048 obla-

2087 5088 2207 5150 tus,
2238 5079 2290 5134 ei
2319 5094 2382 5134 se
2414 5076 2747 5132 humillime
2777 5078 3048 5148 subjecit.
3083 5083 3247 5134 Hunc
3277 5079 3629 5136 humaniter
3657 5083 3741 5136 leo

2087 5169 2383 5240 excipiens
2414 5166 2591 5223 etiam
2625 5171 2997 5238 percontatus
3026 5168 3274 5235 benigne
3323 5177 3414 5223 est
3437 5170 3512 5223 de
3558 5169 3733 5224 fortu-

2087 5279 2175 5317 nas
2206 5277 2271 5314 ac
2304 5273 2499 5313 rerum
2531 5273 2774 5310 suarum
2806 5261 2983 5312 statu.
3024 5255 3240 5312 Retulit
3292 5273 3363 5311 ex
3392 5257 3509 5314 fide
3535 5264 3738 5314 taurus

2086 5352 2315 5417 cuncta,
2359 5344 2675 5417 gratiaeque
2725 5361 2839 5400 non
2887 5344 3145 5415 vulgaris
3187 5346 3342 5416 apud
3398 5346 3628 5404 leonem
3661 5348 3735 5402 lo-

2085 5458 2218 5495 cum
2252 5435 2495 5503 invenit,
2518 5434 2663 5488 adeo
2697 5441 2761 5489 ut
2793 5433 2887 5489 hic
2919 5435 2970 5489 ei
3016 5434 3162 5490 bona
3192 5435 3394 5490 omnia
3436 5439 3732 5508 promitte-

2083 5533 2198 5597 ret,
2221 5527 2549 5595 eodemque
2582 5523 2708 5593 jam
2742 5540 2900 5578 nunc
2933 5523 3207 5578 ministro
3239 5540 3617 5580 summarum
3651 5542 3730 5579 re-

2083 5636 2215 5675 rum
2249 5623 2463 5673 utetur.
2508 5612 2582 5667 Ac
2633 5611 2791 5669 brevi
2840 5616 3048 5668 taurus
3096 5629 3161 5668 eo
3205 5615 3493 5685 pervenit,
3547 5620 3611 5670 ut
3639 5630 3732 5671 au-
