3984 6202
225 293 361 349 1257

1250 293 1607 346 SPECIMEN
1643 293 2041 348 SAPIENTl/E
2079 298 2412 355 INDORUM
2450 303 2613 354 VET.

3494 305 3628 358 1258

220 417 489 471 ctoritate
514 433 580 469 ac
610 414 875 486 polentia
903 414 1075 485 longe
1106 415 1381 469 omnibus
1410 414 1558 470 leoni
1590 416 1872 486 subjectis
1904 433 1955 497 Α
1988 423 2367 487 ρνεριιριτθ,υι)ἱ
2402 424 2913 479 mansuetudinem
2948 430 3005 481 et
3035 425 3285 496 speciem
3310 427 3631 484 clementiae

223 505 622 561 antecelleret.

294 724 385 777 Χῐ.
418 723 547 776 Haec
579 737 825 775 cernens
856 720 1191 791 Vestigator
1238 719 1355 775 acri
1397 719 1573 774 livore
1607 721 1878 793 ringeba-

224 814 425 867 tur.Ac
456 828 592 865 eum
626 810 724 864 diu
780 826 981 864 secum
1043 815 1322 880 reputans
1380 810 1700 865 volutasset
1757 810 1881 882 plu-

228 903 673 966 rima,veterem
707 899 945 953 tandem
981 899 1243 953 sodalem
1267 899 1619 953 Coronatum
1652 899 1879 969 adiens,

227 990 417 1061 erupit
450 990 510 1042 in
558 989 692 1042 sinu
754 987 922 1041 amici
977 987 1373 1053 stomachum,
1416 993 1472 1042 et
1528 989 1681 1058 apud
1736 988 1883 1042 fidas

226 1097 399 1134 aures
432 1076 845 1149 aegritudinem
879 1077 1061 1130 animi
1084 1092 1412 1147 arcanaque
1444 1075 1690 1132 consilia
1714 1078 1879 1131 fateri

225 1185 429 1232 ausus,
481 1167 543 1219 Et
588 1164 843 1229 miraris,
903 1170 959 1218 et
992 1164 1291 1219 miseraris
1326 1165 1605 1235 profecto,
1669 1163 1881 1234 inquit,

228 1254 459 1326 me,qzei
496 1260 610 1308 tam
638 1253 946 1307 infeliciter
969 1269 1203 1323 cperam
1231 1253 1489 1307 locaviin
1518 1252 1884 1308 conciliando

242 1345 398 1401 leoni
430 1349 619 1411 tauro,
646 1342 834 1412 utipsi
870 1340 1049 1395 miser
1080 1342 1220 1395 mihi
1257 1342 1499 1397 exitium
1533 1342 1883 1397 confecerim

240 1432 664 1505 ingratissimis
715 1431 1104 1485 benefaciens.
1155 1431 1280 1485 Scis
1332 1448 1507 1486 unam
1570 1433 1765 1487 dexlre
1823 1448 1887 1486 ac

228 1522 413 1595 perite
447 1521 707 1575 discussi
741 1519 1270 1591 suspiciones,quee
1304 1524 1539 1575 taurum
1570 1527 1628 1576 et
1660 1521 1887 1576 leonem

229 1611 477 1666 invicem
514 1612 921 1664 commissurae
956 1608 1327 1675 videbantur,
1372 1611 1533 1681 gravi
1580 1611 1890 1681 utriusque

232 1700 509 1771 periculo.
556 1700 695 1753 Inde
728 1703 922 1753 autem
955 1698 1094 1769 quid
1142 1698 1381 1753 evenit?
1410 1699 1627 1771 Nempe
1684 1705 1748 1753 ut
1805 1699 1889 1752 illi

1986 512 2242 565 affectari
2290 530 2382 568 res
2434 515 2747 584 poscebat;
2802 515 3062 582 tertium,
3108 532 3222 569 non
3276 517 3413 570 dare
3476 519 3635 587 ipsos

1985 608 2316 669 operam,ut
2344 604 3448 674 eruditorum,prudentorum,ﬁdorum
3483 622 3639 660 sem-

1988 705 2088 757 per
2119 690 2271 759 apud
2296 707 2357 744 se
2376 691 2846 747 consiliariorum
2882 693 3108 764 copiam
3144 692 3438 762 habeant;
3472 711 3641 765 quar-

1987 780 2480 848 tum,permittere
2513 782 2821 852 digladiari
2856 782 3006 836 inter
3054 798 3116 835 se
3158 783 3427 837 subditos
3472 799 3538 837 ac
3578 784 3637 836 in

1990 866 2268 921 factiones
2294 870 2521 933 scindi;
2575 870 2871 939 quintum,
2925 889 3036 925 non
3092 872 3374 927 moderari
3419 872 3637 927 affecti-

1991 956 2231 1017 bus,sed
2267 958 2880 1026 cupiditate,libidine
2925 976 2991 1013 ac
3046 962 3363 1031 praesertim
3418 961 3505 1015 ira
3553 962 3637 1016 ef-

1995 1045 2123 1098 ferri
2160 1062 2220 1100 se
2254 1047 2481 1109 sinere;
2515 1052 2745 1101 sextum
2781 1049 3054 1119 denique,
3080 1067 3193 1104 non
3228 1050 3641 1120 invigilarer-

1991 1135 2140 1203 giler
2168 1134 2427 1190 intentos
2471 1152 2569 1190 eos
2624 1135 2683 1189 in
2744 1139 3082 1207 contingere
3143 1138 3490 1209 plerumque
3550 1157 3639 1193 so-

1992 1223 2126 1275 litas
2182 1225 2535 1278 mutationes
2593 1229 2951 1295 temporum,
3001 1234 3055 1280 et
3109 1228 3419 1281 adversum
3471 1246 3644 1283 casus

1993 1318 2514 1383 omnes,quotquot
2544 1314 2825 1367 exsistere
2859 1316 3063 1384 quavis
3104 1316 3485 1370 conversione
3516 1334 3645 1387 pos—

1994 1400 2129 1464 sint,
2184 1417 2296 1455 non
2348 1418 2416 1456 ex
2478 1401 2651 1472 longo
2703 1403 3029 1473 providisse
3082 1404 3291 1459 idonea
3352 1406 3646 1474 praesidia,

1997 1493 2320 1561 parataque
2352 1491 2424 1545 ad
2458 1507 2696 1545 manum
2734 1498 2949 1547 tenere.

2067 1707 2502 1769 Xll.Quomodo
2535 1723 2669 1761 vero
2722 1707 2961 1777 poteris,
2996 1707 3077 1760 ait
3124 1707 3471 1771 Coronatus,
3528 1712 3651 1759 tau-

236 1808 340 1860 Pe“
373 1806 460 1842 me
492 1788 787 1842 οοηείίίδιῖί
843 1786 1038 1841 felices
1074 1788 1384 1858 imperent:
1422 1806 1755 1860 rerumque,
1797 1805 1887 1843 me
1922 1817 1966 1880 Β
2000 1814 2130 1850 rum
2162 1796 2583 1851 circumvenire
2631 1797 2813 1851 multo
2860 1797 3242 1866 potentiorem
3298 1807 3372 1861 te,
3430 1796 3647 1849 amico-

229 1877 810 1947 excluso,potiantur
844 1892 855 1928 :
893 1892 1046 1945 rege,
1071 1877 1163 1931 cui
1217 1892 1419 1931 curam
1475 1879 1661 1932 exemi
1716 1877 1887 1931 mole.

231 1968 586 2031 stissimam,
622 1972 744 2020 tam
782 1966 897 2019 sibi
926 1964 1087 2019 utilis
1116 1965 1229 2019 mei
1264 1966 1575 2021 ministerii
1611 1966 1814 2033 oblito,
1838 1971 1895 2020 et

228 2058 429 2129 ipsum
462 2055 631 2109 illum
665 2055 831 2125 prius
865 2054 1248 2109 formidatum
1282 2055 1702 2123 adversarium,
1736 2060 1889 2126 post-

230 2161 408 2215 quam
433 2161 564 2198 mea
596 2141 887 2196 industria
919 2142 1030 2197 sibi
1063 2144 1396 2212 subjectum
1430 2143 1657 2212 habuit,
1686 2144 1743 2197 in
1776 2147 1891 2201 mei

234 2235 409 2304 longe
449 2232 707 2287 submoti
766 2231 962 2286 locum
1005 2233 1074 2286 ad
1110 2232 1457 2303 dignitatem
1494 2238 1887 2303 promovente.

237 2324 442 2387 Video,
495 2322 688 2391 inquit
734 2322 1083 2390 Coronatus,
1129 2328 1185 2376 et
1237 2323 1452 2377 sentire
1494 2323 1619 2391 jam
1678 2322 1890 2394 incipio

236 2429 357 2466 non
384 2428 626 2482 prorsus
652 2427 803 2464 vana
834 2410 1137 2465 monuisse
1178 2427 1286 2479 me,
1330 2428 1461 2465 cum
1493 2411 1595 2465 illa
1625 2429 1751 2482 quae
1783 2412 1888 2465 du-

232 2502 377 2555 dum
411 2500 655 2563 audisti,
681 2499 919 2570 aggredi
942 2500 1012 2552 ad
1049 2498 1157 2553 hoc
1190 2500 1487 2571 negotium
1511 2500 1616 2554 tibi
1642 2500 1892 2571 paranti,

237 2590 661 2644 disserueram.
696 2588 842 2653 Quid
878 2591 1073 2641 autem
1117 2587 1268 2642 circa
1312 2605 1379 2644 ea
1417 2605 1542 2659 quae
1606 2606 1762 2643 nunc
1807 2590 1892 2643 in-

236 2684 400 2733 stant
434 2677 664 2733 consilii
712 2678 892 2749 capis,
951 2677 1163 2747 quidve
1223 2695 1395 2749 paras
1452 2679 1668 2751 agere?
1723 2679 1890 2747 Volo,

234 2770 439 2840 inquit
467 2766 894 2838 Vestigator,in
922 2768 1230 2836 pristinam
1265 2768 1464 2840 reponi
1497 2769 1767 2840 gratiam,
1806 2786 1889 2823 re-

230 2873 635 2928 cuperareque
659 2856 1005 2927 dignitatem
1038 2857 1442 2924 interversam;
1470 2863 1527 2912 et
1549 2874 1716 2929 spero
1739 2857 1891 2911 viam

231 2947 308 3001 ad
346 2947 401 3000 id
437 2945 696 3017 aliquam
732 2946 1109 3001 inventurum
1144 2961 1258 3011 me,
1285 2946 1398 3000 tria
1445 2947 1707 3001 faciendo
1765 2964 1892 3016 quaa

228 3037 428 3089 virum
464 3035 809 3106 prudentem
844 3050 1015 3105 agere
1046 3033 1334 3089 convenit.
1371 3034 1559 3105 Hujus
1589 3034 1744 3089 enim
1764 3035 1890 3089 offi-

234 3124 399 3178 cium
426 3127 536 3191 est,
569 3122 826 3193 primum
858 3122 1226 3177 considerare
1272 3138 1399 3192 quae
1431 3122 1544 3193 ipsi
1575 3127 1891 3178 evenerunt

240 3214 403 3267 bona
431 3211 726 3282 malaque,
751 3228 816 3266 ac
846 3211 1043 3265 causis
1074 3214 1452 3282 utrorumque
1482 3212 1888 3283 deprehensis,
1921 3177 1964 3243 ϐ

239 3301 353 3356 illa
384 3300 620 3371 quidem
655 3300 852 3370 fugere
885 3300 1037 3354 unde
1060 3302 1187 3354 crta
1207 3299 1319 3354 sibi
1346 3300 1500 3355 mala
1523 3302 1897 3373 compererit,

238 3408 313 3445 ea
346 3394 551 3445 contra
584 3389 750 3460 sequi
774 3405 838 3442 ac
870 3403 1183 3459 procurare
1215 3401 1448 3444 summo
1470 3390 1666 3446 studio
1685 3390 1899 3459 quibus

242 3497 310 3536 se
345 3476 591 3534 senserit
638 3477 930 3547 adjutum.
963 3476 1256 3547 Inspicere
1298 3478 1509 3534 deinde
1531 3478 1681 3535 idem
1705 3484 1901 3535 atten.

235 3575 420 3640 teque
453 3567 622 3621 debet
654 3566 1010 3637 perpendere
1059 3583 1185 3637 quae
1218 3567 1415 3638 ipsum
1448 3568 1754 3640 praesentia
1785 3570 1896 3623 cir-

241 3662 552 3714 cumstant
583 3658 887 3711 commoda
921 3656 1429 3729 incommodaque,
1485 3663 1723 3730 totoque
1764 3659 1898 3712 nisu

238 3748 448 3803 conari
494 3746 593 3800 illa
638 3747 872 3817 quidem
923 3750 1117 3801 tenere
1165 3745 1395 3817 sibique
1445 3762 1726 3813 asserere,
1780 3747 1901 3801 haec

238 3842 445 3893 autem
489 3851 664 3906 quam
723 3834 1067 3906 longissime
1115 3840 1369 3890 avertere
1410 3852 1474 3890 ac
1532 3835 1897 3907 propulsare.

243 3928 553 3981 Postremo
586 3924 646 3978 in
678 3925 939 3979 futurum
963 3925 1076 3995 ipsi
1109 3924 1537 3979 consulendum
1571 3930 1679 3979 est.
1710 3924 1773 3979 In
1807 3924 1901 3980 his

241 4032 359 4087 ego
391 4015 532 4069 dum
566 4014 827 4068 animum
862 4030 1026 4068 verso
1052 4030 1163 4068 non
1198 4014 1475 4086 segniter,
1527 4014 1612 4070 sic
1675 4014 1900 4085 reperio

240 4105 512 4169 tandem,
547 4103 839 4158 subducta
875 4101 1252 4157 consiliorum
1288 4102 1723 4175 summa,plane
1756 4102 1899 4156 mihi

241 4194 635 4251 occidendum
674 4192 805 4246 dolo
837 4192 1089 4261 quodam
1146 4196 1377 4247 taurum
1410 4208 1538 4248 esse
1572 4209 1585 4248 :
1621 4193 1703 4247 sic
1743 4192 1899 4248 enim

238 4289 305 4339 et
342 4284 456 4337 iter
487 4281 752 4351 aperiens
784 4281 851 4335 ad
886 4282 1387 4351 recuperationem
1437 4284 1706 4352 potentiae
1747 4282 1900 4354 prio-

235 4374 328 4429 ris
365 4372 583 4442 Optime
620 4371 764 4426 mihi
815 4371 1142 4437 consulam,
1177 4376 1233 4425 et
1262 4371 1489 4427 leonem
1524 4373 1719 4443 ipsum
1754 4388 1901 4426 novo

235 4462 533 4518 beneficio
566 4461 915 4515 devinciam.
945 4461 1061 4515 Hoc
1085 4466 1449 4532 postremum
1477 4463 1631 4533 quod
1666 4460 1751 4515 ais
1787 4479 1899 4516 non

2003 1904 2250 1957 rumque
2318 1905 2382 1942 ac
2427 1888 2705 1943 clientum
2768 1888 2978 1941 validis
3024 1887 3234 1958 Opibus
3285 1886 3652 1940 subnixum?

2004 1976 2327 2047 Respondit
2390 1977 2760 2048 Vestigator:
2804 1976 2885 2031 Ne
2933 1981 3296 2041 contemnas,
3359 1974 3506 2029 heus
3564 1980 3650 2041 tu,

2004 2064 2253 2119 nimium
2286 2066 2632 2119 tenuitatem
2666 2070 2722 2119 et
2768 2064 3229 2120 imbecillitatem
3282 2080 3491 2119 meam.
3551 2061 3652 2115 Vi-

2001 2154 2207 2221 ctoria,
2242 2153 2289 2208 si
2325 2154 2661 2219 nescis,non
2693 2158 2781 2208 est
2809 2152 3046 2225 alligata
3077 2152 3310 2207 lacertis
3334 2169 3399 2206 ac
3431 2152 3649 2217 robori,

2002 2259 2269 2313 smpeque
2298 2243 2554 2297 vidimus
2589 2242 2936 2297 valentiores
2967 2243 3037 2297 ab
3071 2241 3494 2296 infirmioribus
3518 2258 3653 2311 pro-

2002 2336 2237 2386 stratos.
2272 2333 2354 2386 Ad
2403 2349 2469 2387 ea
2515 2334 2857 2401 Coronatus,
2910 2331 3059 2385 Vera
3104 2331 3382 2400 IOqueriB,
3417 2331 3518 2395 ait,
3552 2331 3653 2383 sed

2001 2420 2150 2483 vide,
2186 2438 2257 2475 ne
2290 2421 2386 2474 ubi
2422 2420 2842 2492 perpetraveris
2889 2422 3041 2491 quod
3098 2437 3290 2491 paras,
3353 2420 3408 2473 in
3468 2417 3657 2488 perni-

2002 2507 2149 2563 ciem
2186 2511 2480 2565 laborasse
2512 2515 2567 2564 te
2601 2509 2897 2581 propriam
2932 2525 3062 2563 sero
3095 2504 3424 2578 intelligas;
3452 2506 3657 2561 multis

2001 2599 2156 2653 enim
2183 2599 2345 2668 paria
2380 2598 2730 2653 machinatis
2761 2598 2819 2651 id
2846 2596 3113 2668 contigit,
3146 2602 3205 2651 et
3226 2597 3375 2651 tanti
3398 2602 3484 2651 est
3507 2612 3657 2664 quaa-

2002 2688 2135 2742 dam
2178 2688 2272 2741 hic
2294 2689 2422 2757 ejus
2453 2686 2684 2758 generis
2713 2686 2980 2757 exempla
3024 2702 3404 2740 memorasse.
3439 2688 3655 2739 Ascetze

2001 2776 2236 2830 cuidam
2270 2775 2609 2831 solitudinis
2642 2792 2760 2830 suae
2795 2780 3036 2845 pertaeso
3069 2775 3343 2829 accedere
3374 2774 3549 2827 libuit
3581 2774 3652 2826 ad

2002 2864 2245 2936 regiam,
2279 2870 2429 2931 et,ut
2460 2864 2539 2919 ibi
2584 2869 2672 2920 est
2728 2864 2993 2929 solitum,
3054 2880 3194 2935 opes
3254 2862 3652 2917 assentatione

2002 2952 2476 3008 nundinari.Nec
2506 2957 2635 3007 voto
2662 2952 2878 3008 excidit
2926 2969 2938 3005 :
2994 2950 3273 3006 delinitus
3321 2950 3477 3006 enim
3524 2951 3652 3021 ejus

2002 3041 2302 3112 obsequiis
2335 3058 2433 3097 rex
2466 3058 2677 3113 magno
2710 3057 2845 3096 eum
2868 3055 3113 3096 numero
3140 3040 3379 3095 donavit
3408 3039 3659 3111 conchy-

2002 3130 2280 3185 liatorum
2312 3134 2663 3185 stromatum
2696 3134 2754 3184 et
2784 3129 2961 3185 vestis
2994 3128 3240 3184 attalicze
3276 3128 3496 3184 summi
3526 3145 3655 3200 pre-

2005 3218 2296 3274 tii.Rediit
2325 3223 2575 3274 onustus
2616 3218 2815 3291 opima
2842 3218 3036 3290 praeda
3083 3217 3383 3273 solitarius
3442 3234 3659 3272 avarus

2007 3310 2067 3364 in
2102 3325 2277 3364 suum
2310 3308 2638 3375 rusculum,
2672 3312 2729 3363 et
2762 3324 2972 3378 magno
3024 3307 3219 3361 fructu
3282 3322 3345 3360 se
3386 3321 3662 3376 peccasse

2007 3404 2208 3454 contra
2242 3397 2665 3469 professionem
2719 3413 2888 3452 suam
2942 3396 3000 3450 in
3043 3394 3176 3450 sinu
3225 3394 3658 3467 gratulabatur.

2009 3488 2186 3543 Breve
2216 3485 2499 3558 gaudium
2532 3486 2590 3540 id
2641 3485 2771 3540 fuit.
2835 3482 3246 3553 Latrunculus,
3297 3500 3357 3539 re
3405 3482 3658 3554 cognita,

2009 3591 2208 3631 senem
2243 3574 2594 3631 aditznarrat
2626 3575 2845 3629 fessum
2896 3590 2959 3627 se
3013 3573 3219 3630 mundi
3272 3571 3659 3639 tumultuum,

2009 3664 2310 3735 appulisse
2342 3664 2606 3717 animum
2643 3662 2711 3715 ad
2750 3660 3105 3716 desiderium
3139 3660 3268 3713 vita:
3302 3660 3654 3729 tranquillae;

2007 3758 2183 3821 atque
2218 3752 2359 3804 adeo
2392 3749 2541 3820 ipso,
2578 3750 2625 3803 si
2682 3749 3045 3815 dignaretur,
3105 3747 3384 3817 magistro
3443 3765 3656 3819 cupere

2008 3856 2221 3911 ponere
2250 3838 2585 3892 tirocinium
2622 3836 2935 3891 sanctioris
2958 3834 3281 3905 disciplinae
3315 3850 3328 3889 :
3354 3834 3439 3889 sic
3470 3836 3648 3903 enim,

2007 3928 2391 3984 consideratis
2422 3926 2895 3997 comparatisque
2928 3923 3153 3990 multis,
3187 3922 3649 3990 statuisse,haud

2007 4035 2069 4073 se
2093 4033 2262 4087 posse
2294 4014 2431 4070 alibi
2474 4015 2727 4086 reperire
2759 4013 3075 4085 perfectius
3133 4010 3431 4081 exemplar
3473 4011 3650 4065 virtu-

2006 4112 2128 4161 tum
2153 4106 2544 4177 egregiarum,
2581 4103 2793 4175 cuique
2824 4102 3104 4157 intuendo
3154 4100 3650 4171 exprimendoque

2007 4196 2336 4250 imitatione
2370 4192 2576 4248 utilius
2608 4193 2957 4247 attenderet.
2982 4190 3129 4256 Quid
3163 4188 3351 4243 multa
3378 4188 3405 4243 ‘I
3435 4178 3648 4243 admit-

2008 4284 2191 4351 titur;
2223 4281 2465 4338 simulat
2497 4282 2785 4347 studium,
2818 4281 2996 4334 fidem
3030 4279 3167 4334 facit
3186 4280 3423 4333 sincerae
3454 4277 3655 4331 volun-

2008 4374 2170 4439 tatis,
2204 4390 2269 4427 ac
2289 4371 2491 4443 paucis
2523 4370 2735 4425 diebus
2768 4368 3105 4424 facultatem
3139 4372 3346 4423 nactus
3364 4382 3539 4438 quam
3560 4383 3657 4421 vo-

2006 4463 2511 4529 lebat,convasata
2540 4460 2700 4515 senis
2732 4456 3095 4529 supellectile
3136 4461 3377 4511 strenue
3408 4456 3655 4527 aufugit.

234 4549 539 4621 intelligo,
572 4550 768 4621 inquit
817 4550 1177 4617 Coronatus;
1240 4567 1374 4604 nam
1428 4555 1493 4605 ut
1552 4550 1898 4605 beneficium
1933 4537 1978 4597 υ
2012 4552 2167 4605 Ictus
2190 4551 2406 4604 damno
2440 4548 2761 4604 solitiarius
2792 4548 2892 4602 dat
2920 4563 2981 4602 se
3038 4547 3096 4601 in
3147 4546 3299 4601 viam
3359 4549 3423 4601 ut
3470 4545 3658 4601 furem

233 4641 409 4696 leoni
439 4644 594 4695 esset
623 4640 808 4694 caedes
839 4640 1016 4708 tauri,
1059 4644 1351 4711 oporteret
1390 4639 1546 4695 hunc
1578 4639 1905 4695 incommo-

233 4731 392 4786 dare
437 4728 544 4795 illi,
580 4728 732 4800 quod
794 4733 999 4784 contra
1048 4732 1169 4795 est;
1224 4746 1361 4783 nam
1419 4745 1489 4783 ex
1548 4745 1661 4798 quo
1702 4734 1909 4785 taurus

234 4818 411 4875 leoni
443 4817 641 4881 servit,
672 4818 815 4873 satis
849 4818 1020 4883 bono,
1059 4822 1123 4871 ut
1154 4817 1405 4886 videtur,
1437 4817 1561 4873 loco
1603 4835 1695 4873 res
1728 4818 1907 4888 hujus

234 4911 416 4964 sunt.
452 4906 715 4975 Falleris,
740 4907 1045 4978 respondit
1094 4906 1448 4979 Vestigator,
1491 4906 1905 4977 contemptibi-

232 4999 370 5055 lem
404 4996 621 5068 quippe
652 5011 713 5051 se
745 4996 917 5066 leo,et
946 5013 1049 5067 per
1078 4996 1187 5052 hoc
1236 4995 1465 5051 insidiis
1510 5000 1907 5066 opportunum

235 5086 414 5157 apud
447 5103 587 5141 suos
619 5102 819 5141 omnes
853 5086 1123 5153 reddidit,
1168 5086 1281 5140 isto
1328 5085 1508 5140 nimio
1560 5084 1621 5139 in
1671 5090 1905 5139 taurum

234 5174 479 5241 studio,
513 5192 687 5245 quem
720 5174 1050 5230 inconsulte
1084 5174 1313 5230 cunctis
1366 5173 1638 5246 praetulit.
1672 5179 1779 5228 Sex
1811 5192 1907 5229 au-

231 5274 378 5322 tem
405 5269 597 5319 errata
630 5280 832 5334 regum
866 5269 1022 5332 sunt,
1065 5264 1283 5335 quibus
1342 5263 1745 5318 auctoritatem
1781 5281 1909 5335 per-

229 5358 409 5413 dunt
438 5359 494 5409 et
525 5353 754 5424 gladios
784 5353 1087 5409 rebellium
1121 5354 1179 5407 in
1231 5370 1293 5409 se
1346 5356 1583 5408 acuunt.
1645 5353 1908 5407 Primum

227 5450 343 5502 est
378 5442 458 5497 ibi
492 5441 702 5497 resolvi
755 5442 815 5497 in
849 5442 1145 5497 lenitatem
1182 5441 1505 5508 ﬂaccidam,
1542 5440 1638 5495 ubi
1676 5445 1913 5497 austera

226 5534 565 5591 severitate
597 5550 746 5604 opus
781 5534 1006 5599 fuerat;
1059 5535 1409 5598 secundum,
1456 5531 1514 5585 in
1550 5531 1909 5586 contrarium

224 5625 587 5679 extremum
624 5637 894 5691 peccans,
928 5621 1007 5674 ibi
1041 5636 1101 5674 se
1135 5622 1381 5674 ferocem
1426 5623 1482 5673 et
1526 5619 1909 5690 implacidum

543 5739 804 5799 PATROL.
854 5735 967 5799 Gn.
1013 5736 1270 5797 CXLIII.

2017 4644 2321 4712 quaereret.
2345 4642 2600 4710 Apparet
2624 4639 2787 4694 eunti
2819 4637 3076 4709 primum
3128 4653 3318 4708 omen,
3344 4641 3662 4693 commissa

2016 4730 2072 4784 in
2107 4745 2246 4800 agro
2278 4745 2477 4800 pugna
2502 4728 2749 4783 arietum
2784 4728 3058 4793 duorum,
3082 4726 3663 4797 magnaira,lateque

2016 4821 2328 4873 resonante
2360 4815 2709 4871 collinarum
2764 4814 2957 4870 sonitu
3021 4813 3301 4869 frontium
3352 4814 3662 4869 incursan-

2017 4908 2163 4960 tium
2198 4905 2469 4960 invicem.
2494 4902 2835 4976 Tulpecula,
2895 4919 3039 4957 sono
3064 4902 3274 4967 excita,
3308 4902 3541 4974 utrique
3572 4902 3657 4956 in.

2020 4993 2244 5049 sidians
2277 4995 2552 5059 accurrit,
2585 4997 2642 5047 et
2698 4993 2837 5047 dum
2872 4995 3145 5047 eventum
3180 4996 3495 5061 exspectat,
3528 4990 3666 5056 sibi,

2020 5088 2081 5139 ut
2108 5082 2383 5154 sperabat
2413 5082 2678 5137 futurum
2713 5081 2943 5146 utilem,
2972 5080 3116 5135 tanti
3159 5080 3522 5146 certaminis,
3572 5079 3667 5133 in-

2020 5172 2190 5227 terim
2225 5171 2470 5243 sanguis
2506 5170 2665 5242 large
2708 5170 2898 5225 ﬂuens
2950 5186 2981 5224 e
3025 5168 3365 5224 vulneribus
3408 5183 3669 5239 pugnan-

2024 5262 2168 5316 tium
2212 5261 2296 5315 illi
2348 5260 2592 5317 salivam
2656 5261 2873 5327 movit;
2931 5276 3112 5331 quare
3170 5258 3451 5314 accedens
3496 5255 3670 5326 ccepit

2022 5352 2264 5423 lingere,
2297 5352 2709 5424 auspicarique
2735 5351 2902 5424 quasi
2932 5349 3356 5422 promulsidem
3380 5345 3669 5403 uberioris

2024 5458 2154 5497 mox
2208 5442 2507 5497 afﬂuxuraa
2560 5458 2760 5498 σωθῶ.
2818 5440 3035 5500 Verum
3096 5438 3179 5491 illi
3239 5453 3371 5490 caro
3410 5435 3674 5489 constitit

2024 5548 2132 5586 sua
2164 5530 2455 5602 cupiditas
2488 5548 2500 5584 ε
2536 5548 2674 5585 nam
2708 5529 2820 5585 acti
2862 5527 3031 5583 furiis
3068 5527 3165 5579 irae
3208 5524 3671 5579 recrudescentis

2024 5622 2194 5677 ambo
2226 5620 2445 5685 aemuli,
2474 5621 2615 5675 dum
2650 5618 2847 5673 infesti
2881 5633 2940 5672 se
2974 5618 3179 5670 mutuo
3202 5614 3515 5685 impetunt,
3546 5613 3673 5668 vul-

3322 5733 3400 5793 40
