3984 6202
307 318 447 376 1259

1829 315 2212 369 APPENDIX.

3582 316 3726 370 1260

305 466 437 521 pem
490 448 635 502 forte
682 443 1074 497 incurrentem
1138 439 1391 495 mediam
1427 438 1942 495 vehementissimo
1973 445 2027 509 Α
2060 439 2173 496 vita
2204 441 2518 514 indignum
2550 442 2854 514 profitetur
2879 444 3146 500 obnoxie.
3191 444 3409 500 Tundit
3460 444 3535 499 ad
3598 442 3728 501 haec

306 537 563 608 capitum
596 530 771 589 allisu
802 529 1219 586 contriverunt.

376 660 522 718 XIII.
592 658 846 731 Pergens
906 662 1099 716 asceta
1173 661 1359 729 coepto
1426 655 1656 728 itinere,
1713 673 1951 729 vespere

306 749 513 808 incidit
564 748 623 805 in
674 747 989 805 coriarium
1023 746 1169 803 satis
1200 746 1548 815 humanum,
1582 746 1685 819 qui
1731 745 1950 802 reveri-

305 845 400 897 tus
454 837 771 911 hospitem.
826 836 1068 893 deduxit
1141 837 1384 892 domum
1454 835 1740 907 uxorique
1786 852 1948 892 com-

307 930 629 996 mendavit,
660 944 941 985 excusans
965 942 1027 984 se
1068 925 1402 983 condixisse
1457 924 1643 982 amico
1702 926 1774 980 ad
1833 941 1949 980 cce-

306 1017 737 1076 nam.Habebat
768 1021 1090 1073 amatorem
1122 1016 1337 1087 conjux
1367 1013 1617 1082 coriarii,
1648 1019 1705 1070 et
1736 1030 1951 1086 seque-

304 1114 427 1165 stra
450 1106 723 1179 ﬂagitiosi
754 1104 1086 1163 commercii
1104 1104 1296 1162 vicina
1319 1105 1844 1173 utebantur,uxore
1857 1121 1949 1159 ar-

304 1197 482 1255 tiﬁcis
512 1193 904 1253 umbellarum
930 1212 945 1260 ;
977 1196 1071 1252 cui
1102 1198 1243 1250 tunc
1272 1193 1328 1250 in
1370 1210 1590 1263 aurem,
1621 1210 1827 1250 secura
1846 1193 1949 1249 ho-

305 1288 500 1361 spitis.
521 1287 717 1355 Curre,
731 1286 835 1349 ait,
867 1284 1054 1341 amico
1086 1282 1539 1354 nuntiatempus
1561 1298 1690 1339 esse
1718 1282 1951 1338 venien-

305 1379 362 1433 di
389 1392 525 1433 cum
556 1375 644 1431 vir
675 1373 859 1431 abest.
895 1371 1089 1429 Fluxit
1119 1372 1257 1428 inde
1309 1376 1397 1429 sat
1444 1371 1699 1428 multum
1754 1370 1951 1442 spatii,

307 1463 796 1533 morante,nescio
828 1479 1005 1533 quam
1067 1462 1140 1519 ob
1185 1477 1451 1527 causam,
1503 1459 1766 1517 adultero
1800 1477 1814 1516 :
1849 1459 1951 1527 qui

307 1554 405 1612 ubi
439 1555 680 1611 tandem
713 1552 784 1607 ad
817 1551 971 1606 fores
994 1550 1200 1620 astitit,
1232 1550 1505 1620 eccejam
1540 1550 1721 1604 redux
1762 1550 1949 1604 coria-

306 1646 428 1701 rius
459 1645 702 1699 domum
735 1641 1009 1697 intrabat.
1034 1640 1278 1694 Multum
1310 1638 1362 1694 is
1386 1638 1503 1693 vini
1535 1654 1698 1695 coma
1729 1637 1831 1694 illa
1860 1655 1950 1694 ex-

305 1733 603 1799 hauserat,
639 1746 744 1784 nec
788 1728 1094 1784 constabat
1155 1726 1325 1798 plane
1382 1726 1695 1795 sensibus;
1755 1730 1948 1783 tamen

2054 531 2350 602 pectus,in
2377 548 2571 604 genua
2600 533 2871 604 procidit,
2923 534 3148 589 veniam
3194 538 3383 605 rogat,
3424 538 3728 589 aeternum

2055 635 2315 675 amorem
2349 621 2900 694 venerationemque
2927 621 3252 695 pollicetur.

2125 743 2278 801 XIV.
2333 746 2484 803 Lena
2533 746 2763 802 interim
2831 746 3047 804 misera
3093 746 3519 814 dormientem,
3554 752 3732 804 nocte

2056 834 2261 913 utique
2295 836 2603 905 concubia,
2639 834 2797 892 domi
2829 837 3018 893 virum
3052 843 3248 906 nacta,
3278 838 3598 894 assidebat
3626 854 3729 909 ge.

2056 940 2222 980 mens
2251 924 2498 994 jacentis
2532 924 2702 988 lecto.
2736 925 2985 982 sollicita
3010 943 3183 999 quam
3218 943 3469 982 causam
3504 925 3727 997 allega-

2056 1018 2144 1068 ret
2174 1010 2650 1080 deprehendendi
2684 1030 2817 1069 mox
2848 1013 3132 1072 vulneris.
3171 1015 3319 1071 Dum
3354 1014 3549 1071 multa
3579 1014 3727 1070 deli-

2058 1103 2238 1170 berat,
2274 1105 2331 1157 et
2361 1102 2509 1157 nihil
2538 1103 2790 1175 expedit,
2822 1103 2991 1174 signo
3034 1104 3381 1161 admonitus
3442 1104 3720 1160 familiari

2057 1190 2300 1247 secundi
2334 1190 2616 1262 gallicinii
2652 1192 3065 1263 umbellarius,
3095 1196 3274 1250 strato
3324 1210 3385 1251 se
3445 1194 3719 1266 proripit,

2056 1297 2123 1335 ac
2156 1278 2308 1335 inter
2325 1282 2647 1337 sumendas
2666 1286 2861 1338 vestes
2883 1281 2957 1338 de
2980 1298 3142 1338 more
3163 1299 3405 1339 uxorem
3432 1283 3725 1351 excitans,

2056 1369 2228 1431 Cedo,
2251 1368 2461 1442 inquit,
2494 1370 2569 1426 da
2617 1368 2674 1425 in
2717 1388 2922 1427 manus
2953 1372 3401 1445 quamprimum
3435 1372 3496 1428 in
3530 1372 3731 1427 ofﬁci-

2058 1475 2193 1513 nam
2227 1460 2297 1515 ad
2329 1476 2474 1533 opus
2517 1460 2847 1532 profecturo
2899 1460 3297 1519 instrumenta
3345 1461 3581 1519 laboris
3633 1478 3736 1517 no-

2057 1548 2452 1604 stri.Utuntur
2510 1550 2992 1607 umbraculorum
3051 1568 3081 1608 e
3139 1550 3396 1623 pellibus
3456 1555 3731 1618 sutores,

2054 1641 2264 1707 printer
2295 1654 2435 1693 acus
2464 1641 2525 1694 et
2551 1638 2781 1695 forﬁces
2812 1638 3353 1712 similiaque,brevi
3385 1641 3733 1711 praesertim

2055 1727 2154 1781 sed
2191 1726 2308 1781 lato
2340 1727 2936 1801 cultro,semilunaris
2971 1728 3194 1795 formae,
3230 1745 3367 1784 cum
3402 1728 3737 1784 manubrio

307 1820 413 1876 tali
446 1820 569 1875 loco
601 1822 658 1875 et
680 1823 935 1889 tempore
967 1818 1181 1889 compti
1206 1815 1445 1887 juvenis
1478 1832 1758 1873 occursus
1791 1815 1947 1872 haud
1983 1806 2031 1874 Β
2060 1832 2092 1869 a
2118 1818 2304 1889 tergo,
2339 1816 2588 1873 rotundo
2621 1834 2725 1873 nec
2755 1816 2953 1889 longo,
2985 1835 3102 1890 quo
3137 1823 3376 1890 arrepto
3410 1817 3608 1890 pelles
3641 1835 3746 1874 su-

307 1916 526 1965 temere
559 1907 957 1979 suspicionem
992 1905 1191 1961 movit.
1241 1905 1608 1976 Temperavit
1649 1903 1947 1961 nihilomi-

308 2016 419 2055 nus
453 1999 601 2053 facto
634 1997 861 2052 dictove
909 1994 1182 2067 graviori,
1225 2000 1281 2050 et
1339 1993 1506 2049 illum
1564 1995 1734 2050 modo
1793 1998 1951 2051 torve

307 2087 580 2154 intuitus,
616 2084 764 2140 mdes
795 2084 971 2152 subit,
1010 2087 1251 2155 portans
1298 2082 1458 2139 intus
1507 2096 1636 2139 acre
1686 2084 1950 2156 jurgium

306 2179 377 2232 ad
409 2193 645 2232 uxorem
669 2178 965 2247 ;quam,ut
996 2173 1246 2245 primum
1282 2172 1571 2245 apparuit,
1607 2173 1795 2245 plagis
1824 2190 1954 2228 con-

310 2271 505 2321 tusam
531 2265 602 2320 ad
626 2262 757 2319 lecti
792 2263 1045 2318 fulcrum
1078 2259 1373 2332 alligat;ac
1405 2262 1823 2334 rcpente,quod
1848 2263 1955 2318 du-

312 2358 451 2413 dum
486 2356 765 2429 poscebat
794 2359 1098 2426 gravatum
1152 2370 1311 2408 mero
1362 2359 1557 2425 caput,
1610 2370 1837 2409 sommo
1895 2370 1958 2409 se

313 2446 514 2502 tradit.
546 2446 835 2500 Stertente
869 2444 994 2515 jam
1045 2442 1192 2509 viro,
1238 2448 1404 2498 vocat
1448 2460 1688 2498 susurro
1750 2441 1959 2498 mulier

314 2552 493 2607 prope
522 2535 801 2589 latentem
827 2532 1017 2587 lenam
1038 2532 1389 2602 ,et,Amabo,
1417 2532 1631 2604 inquit,
1651 2531 1808 2588 solve
1836 2536 1959 2588 tan-

315 2625 499 2697 tisper
524 2639 637 2688 me,
668 2627 842 2694 teque
873 2619 1145 2676 vicariam
1206 2621 1276 2675 ad
1334 2620 1503 2676 breve
1561 2621 1816 2694 spatium
1868 2621 1962 2678 his

318 2715 626 2771 commoda
672 2710 944 2766 vinculis.
991 2709 1328 2765 Admonebo
1377 2726 1408 2765 e
1461 2710 1716 2766 fenestra
1760 2709 1961 2782 paucis

319 2803 510 2860 verbis
541 2800 853 2866 amasium,
886 2803 1048 2856 extra
1098 2804 1160 2854 ut
1208 2804 1331 2855 tute
1389 2798 1663 2854 indicasti
1723 2803 1961 2871 praesto-

318 2895 557 2963 lantem,
590 2907 697 2947 nos
737 2887 832 2944 hic
870 2889 997 2961 ejus
1046 2906 1223 2945 causa
1260 2888 1478 2957 vexari,
1519 2888 1961 2961 quamprimum

322 2984 490 3038 abeat
510 2988 567 3038 et
596 2979 960 3052 suspiciones
989 2978 1149 3045 vitet,
1183 2994 1430 3049 moxque
1460 2977 1574 3033 huc
1626 2994 1719 3033 me
1773 2975 1964 3049 ligan-

322 3073 457 3127 dam
492 3072 700 3126 iterum
736 3069 999 3124 reddam.
1035 3067 1283 3123 Necesse
1334 3071 1524 3122 autem
1569 3071 1659 3122 est
1717 3065 1812 3121 hic
1853 3064 1964 3120 mei

2060 1922 2163 1978 per
2196 1905 2457 1962 tabulam
2489 1911 2760 1964 extensas
2788 1907 3200 1974 incumbendo,
3230 1912 3287 1963 et
3330 1907 3740 1963 semiorbicu-

2059 1992 2243 2048 larem
2276 1993 2447 2049 cultri
2480 1995 2768 2051 ambitum
2790 1995 3074 2068 gyrando,
3105 1998 3336 2063 secant;
3373 1993 3741 2050 novaculam

2061 2084 2369 2139 coriariam
2401 2083 2642 2141 dixeris.
2663 2084 2825 2142 Hanc
2850 2103 3029 2142 unam
3056 2102 3126 2141 ex
3146 2085 3455 2149 omnibus,
3479 2101 3739 2155 poscen-

2060 2172 2103 2228 ti
2129 2173 2272 2228 artis
2304 2190 2522 2243 organa
2562 2174 2792 2241 marito,
2850 2176 3104 2248 perrexit
3149 2175 3211 2231 in
3260 2175 3531 2231 tenebris
3590 2191 3739 2230 uxor

2062 2262 2728 2336 obtrudere,excipiente
2758 2270 2962 2320 contra
2991 2263 3115 2333 illo,
3146 2270 3235 2321 Da
3261 2269 3488 2320 cuncta
3547 2262 3743 2319 simul

2063 2351 2121 2405 in
2156 2369 2331 2407 unam
2366 2351 2606 2407 collecta
2637 2355 2871 2419 cistam,
2909 2371 3025 2409 non
3084 2355 3190 2409 hoc
3246 2355 3739 2409 instrumentum

2064 2438 2255 2495 solum
2288 2446 2440 2513 peto.
2482 2446 2624 2496 Cum
2673 2448 2869 2499 autem
2902 2442 3003 2499 illa
3050 2442 3235 2498 nihilo
3296 2443 3501 2497 secius
3562 2444 3747 2497 tertio

2066 2537 2400 2602 quartoque
2440 2531 2694 2587 cultrum
2754 2531 3228 2589 semirotundum
3256 2538 3599 2604 oggereret,
3635 2530 3742 2586 ille

2066 2620 2289 2692 impetu
2324 2636 2579 2693 praeceps
2611 2619 2707 2675 irae
2742 2620 2990 2676 furentis
3024 2638 3037 2676 :
3069 2620 3163 2675 Dii
3195 2625 3254 2676 te
3303 2621 3566 2692 perdant
3619 2637 3750 2692 per-

2068 2709 2356 2763 ducantve
2388 2708 2448 2763 in
2487 2708 2699 2764 malam
2729 2725 2851 2764 rem
2885 2726 3020 2766 cum
3051 2713 3155 2765 tua
3184 2707 3381 2765 isthac
3414 2708 3747 2777 novacula,

2069 2815 2246 2870 quam
2284 2797 2340 2852 in
2374 2802 2550 2870 caput
2580 2794 2705 2866 tibi,
2747 2803 2811 2854 ut
2840 2797 3020 2870 digna
3048 2815 3132 2867 es,
3167 2798 3432 2865 remitto,
3497 2800 3739 2869 quando

2067 2886 2248 2942 istum
2284 2888 2473 2960 placet
2501 2871 3201 2959 ejus,tanquam'pilae,ad
3227 2903 3323 2942 me
3355 2903 3557 2960 usque
3590 2888 3740 2943 mis-

2071 2974 2341 3043 sitandee,
2387 2977 2591 3033 ludum
2644 2975 2959 3032 ridiculum
2992 2975 3215 3033 ludere.
3250 2976 3358 3032 Hic
3392 2984 3639 3049 arrepto
3668 2977 3743 3032 ad

2070 3070 2268 3120 votum
2326 3071 2588 3138 tempore
2637 3064 2851 3122 mulier
2907 3066 3252 3122 acutissime
3309 3065 3680 3122 vociferatur
3720 3082 3744 3121 :

322 3161 447 3217 loco
491 3164 749 3232 perstare
805 3163 883 3224 te,
921 3173 991 3211 ne
1040 3156 1155 3225 ille,
1211 3157 1357 3211 forte
1413 3155 1720 3229 evigilans,
1770 3159 1827 3211 et
1882 3155 1965 3211 fu-
1997 3169 2043 3235 ο
2078 3156 2196 3210 Heu
2225 3156 2438 3211 nasus!
2468 3155 2581 3211 heu
2606 3173 2789 3212 nasus
2815 3158 2827 3212 ι
2853 3156 3057 3212 Excita
3085 3155 3282 3211 sonitu
3306 3156 3577 3211 accurrit
3596 3155 3743 3212 vici-

324 3250 480 3320 gisse
511 3266 602 3303 me
633 3246 916 3316 sentiens,
951 3250 1221 3316 erumpat
1244 3245 1301 3299 in
1335 3245 1532 3301 furias.
1588 3245 1840 3311 Dictum,
1876 3245 1962 3299 fa-

326 3335 586 3390 ctum.At
614 3350 745 3388 ecce
781 3333 923 3386 dum
958 3336 1222 3386 moratur
1252 3331 1538 3399 adultera,
1556 3332 1839 3387 coriarius
1868 3348 1969 3386 ex-

331 3422 703 3495 pergiscitur,
778 3437 1015 3474 uxorem
1092 3422 1280 3474 vocat.
1349 3420 1504 3474 Lena
1553 3437 1622 3476 ne
1677 3437 1812 3475 voce
1870 3420 1971 3475 de-

332 3507 927 3582 prehendatur,silet;
964 3506 1408 3575 iterum,tertio,
1438 3507 1783 3563 contentiori
1817 3525 1969 3564 sem-

334 3615 435 3671 per
464 3615 607 3654 sono
639 3614 849 3653 nomen
884 3595 1180 3652 inclamat.
1229 3597 1413 3651 Surdo
1451 3597 1701 3652 canitur.
1756 3599 1840 3653 Ad
1872 3616 1969 3654 ex-

330 3695 582 3744 tremum
615 3685 964 3743 vociferatur
992 3685 1423 3743 excandescens
1456 3703 1468 3742 :
1503 3690 1638 3754 ρυω
1670 3687 1814 3759 haec,
1850 3704 1971 3744 ma-

334 3777 476 3835 lum!
513 3774 923 3835 contumacia?
953 3774 1246 3848 simulque
1277 3781 1505 3849 arrepto
1549 3793 1653 3848 per
1701 3778 1971 3833 tenebras

330 3867 957 3938 cultello,negantis,ut
984 3865 1250 3938 putabat,
1273 3864 1698 3921 contumeliose
1731 3882 1969 3939 respon—

325 3977 455 4015 sum
490 3957 688 4013 uxoris
723 3972 927 4012 nasum
963 3955 1291 4024 abscindit;
1343 3972 1668 4027 rursusque
1724 3973 1972 4028 praegra-

323 4053 490 4104 vante
520 4045 761 4119 crapula
793 4060 1060 4116 soporem
1099 4043 1324 4116 repetit.
1369 4044 1539 4100 Redit
1596 4062 1759 4115 uxor,
1809 4044 1970 4100 adul-

322 4144 443 4194 tero
475 4137 743 4202 dimisso,
777 4135 1181 4207 ejulatumque
1207 4150 1419 4206 magno
1450 4139 1663 4190 conatu
1699 4150 1966 4207 premen-

324 4228 401 4282 tis
432 4226 788 4282 lenaelocum
821 4231 880 4281 et
934 4223 1164 4279 vincula
1216 4222 1484 4290 resumit,
1539 4223 1667 4296 ipsa
1725 4224 1967 4280 domum

322 4333 455 4369 cum
489 4332 632 4370 naso
665 4314 723 4368 in
760 4332 938 4369 manu
974 4312 1328 4369 remissa.Ea
1357 4312 1622 4385 digressa
1654 4312 1859 4385 incipit
1877 4330 1968 4368 va-

322 4405 409 4460 fra
441 4403 653 4459 mulier
679 4404 838 4460 clara
857 4421 995 4459 voce
1028 4402 1296 4459 invocare
1343 4403 1483 4457 deos
1531 4418 1756 4471 omnes,
1788 4405 1967 4457 testes

2080 3244 2178 3299 nia
2209 3260 2340 3298 cum
2377 3243 2628 3312 facibus,
2658 3245 2858 3302 vident
2889 3262 3100 3301 nasum
3120 3244 3395 3301 mulieris
3422 3262 3461 3300 a
3483 3244 3636 3301 facie
3657 3261 3753 3301 re-

2076 3332 2265 3389 cisum
2293 3332 2539 3389 :tollunt
2567 3335 2857 3405 iacentem
2885 3334 3141 3390 cultrum
3174 3337 3519 3404 auctorem,
3541 3339 3612 3390 ut
3641 3353 3744 3406 pu-

2077 3422 2934 3491 tabant,vulneris.Accersitus
2956 3422 3143 3478 aedilis
3166 3422 3743 3493 cumlictoribusﬁio

2082 3528 2208 3567 rum
2225 3512 2443 3567 lrustra
2460 3516 2797 3568 causantem
2814 3512 3090 3569 tenebras
3103 3515 3160 3567 et
3170 3517 3753 3585 errorem,tanquam

2079 3599 2359 3657 immanis
2373 3600 2723 3658 carnificinae
2741 3605 3105 3674 compertum
3129 3601 3375 3674 abripit,
3390 3601 3525 3674 lege
3544 3603 3744 3675 utique

2081 3689 2474 3763 plectendum.
2509 3690 2805 3748 Crebescit
2835 3689 3129 3747 tumultus
3148 3694 3273 3746 toto
3292 3690 3469 3760 vico;
3512 3691 3745 3764 inquie-

2076 3782 2239 3834 tatur
2267 3779 2354 3835 vel
2380 3778 2631 3836 maxime
2653 3779 2887 3837 coriarii
2915 3780 3158 3848 domus;
3191 3778 3380 3850 hujus
3412 3797 3603 3837 uxore
3632 3798 3743 3854 quo

2078 3886 2250 3925 suum
2283 3868 2473 3942 magis
2502 3869 2760 3926 dedecus
2791 3874 3031 3942 tegeret,
3069 3869 3358 3926 admirari
3389 3886 3456 3926 se
3490 3871 3747 3927 maxime

2075 3956 2175 4012 ind
2185 3957 2494 4032 ignarique
2524 3957 2942 4015 simulante.At
2967 3974 3166 4015 secum
3188 3958 3538 4017 solitarius:
3564 3961 3749 4027 Itane,

2078 4047 2293 4118 inquit,
2320 4047 2381 4102 in
2413 4046 2665 4121 singulis
2715 4047 2991 4119 hospitiis
3036 4049 3360 4120 tragoedias
3402 4049 3741 4107 inveniam!

2077 4136 2323 4192 Praestat
2354 4137 2596 4192 domum
2619 4137 2853 4207 reverti,
2875 4138 3310 4210 desperareque
3340 4141 3743 4211 recuperatio-

2079 4242 2212 4280 nem
2243 4224 2573 4283 ablatarum
2599 4226 2754 4283 furto
2775 4227 3049 4283 vestium.
3076 4228 3183 4282 Sed
3205 4228 3378 4300 prius
3400 4229 3745 4286 ebitat-con-

2075 4316 2272 4370 venire
2300 4331 2496 4388 regem
2517 4314 2943 4387 placet,uteum
2971 4332 3112 4372 mea;
3132 4317 3501 4388 poenitentia:
3531 4323 3741 4374 testem

2076 4405 2414 4463 adhibeam.
2442 4406 2521 4461 Ad
2556 4405 2753 4462 aulam
2781 4406 3069 4480 pervenit,
3121 4408 3494 4478 admittitur,
3529 4409 3742 4464 aﬂ‘atur

318 4493 671 4568 innocentiae
699 4492 921 4548 scilicet
952 4509 1092 4559 suae,
1122 4508 1186 4546 ac
1216 4491 1286 4547 de
1320 4490 1612 4547 industria
1644 4507 1786 4547 sono
1836 4495 1965 4547 tan-
2006 4530 2053 4593 ὓ
2081 4492 2405 4566 principem
2447 4492 2539 4550 his
2567 4494 2761 4551 verbis
2795 4512 2808 4549 :
2842 4494 3102 4562 Peccavi,
3150 4494 3417 4565 domine,
3446 4512 3590 4551 eum
3622 4512 3743 4552 ere-

318 4587 376 4637 to
404 4581 502 4654 qui
537 4587 733 4655 posset
764 4582 1021 4654 sopitum
1064 4581 1333 4648 excitare,
1387 4579 1711 4637 vetularum
1766 4596 1970 4652 super-

316 4670 660 4729 stitionibus
691 4671 890 4727 tristes
912 4670 1193 4726 formulas
1218 4670 1343 4726 sine
1358 4670 1471 4726 fine
1486 4669 1969 4743 replicat.Excus-

318 4779 382 4818 so
414 4760 575 4817 hisce
608 4760 969 4817 clamoribus
993 4776 1199 4815 somno
1222 4759 1567 4834 indignatus
1590 4757 1827 4815 vieron
1851 4776 1972 4815 ces-

315 4850 499 4919 sabis,
536 4851 746 4921 inquit,
793 4850 1127 4922 obstrepere
1158 4847 1245 4906 vel
1276 4848 1428 4906 malo
1460 4849 1684 4905 domita
1715 4849 1966 4904 trivene-

316 4940 519 4997 ﬁca?Si
538 4938 755 5015 pergis,
789 4943 921 5012 post
946 4956 1159 4995 nasum
1192 4937 1455 5013 linguam
1478 4938 1969 4995 exscindam.Non

316 5031 482 5104 prius
515 5024 1314 5103 quidem,inquitilla,quam
1330 5028 1520 5084 exhac
1539 5028 1821 5098 audieris,
1852 5028 1968 5084 vir-

315 5124 502 5177 tutem
537 5136 725 5175 meam
744 5117 962 5175 cmlesti
987 5135 1115 5174 esse
1135 5118 1472 5174 testimonio
1495 5119 1824 5190 probatam;
1841 5135 1971 5174 nam

313 5210 534 5269 exorati
551 5209 733 5283 justis
757 5209 904 5264 meis
928 5208 1197 5282 precibus
1221 5207 1549 5278 dei,nasum
1567 5206 1713 5262 mihi
1735 5211 1844 5264 ate
1866 5208 1973 5263 im-

317 5303 408 5373 pie
447 5304 793 5357 truncatum
845 5296 1249 5353 reddiderunt.
1309 5296 1620 5352 Perculsus
1671 5295 1824 5351 dicto
1884 5296 1973 5351 vir

315 5392 526 5465 raptim
560 5405 880 5462 exsurgens
914 5387 1194 5460 lychnum
1222 5384 1573 5456 accendit,et
1599 5401 1809 5440 nasum
1836 5401 1972 5440 uxo-

316 5480 594 5552 ris,cujus
629 5477 844 5534 exsecti
874 5492 1081 5533 cruore
1115 5490 1324 5530 manus
1357 5472 1549 5528 adhuc
1598 5472 1847 5529 habebat
1878 5491 1968 5528 1n-

315 5569 653 5636 fectas,sine
685 5565 977 5623 cicatricis
1008 5561 1255 5636 vestigio
1285 5578 1495 5618 sanum
1558 5561 1785 5629 videns,
1841 5579 1970 5619 san-

319 5660 468 5711 ctam
502 5658 691 5727 ipsam
724 5660 779 5710 ct
810 5653 921 5709 diis
956 5670 1062 5711 suo
1099 5652 1304 5708 merito
1336 5651 1673 5724 cbaram,se
1705 5668 1870 5708 reum
1915 5652 1972 5709 et

2085 4599 2247 4638 mum
2283 4583 2426 4638 urbe
2457 4582 2615 4656 regis
2646 4583 2901 4650 mutavi;
2939 4599 3072 4638 cum
3105 4581 3453 4640 eblanditae
3486 4601 3523 4640 a
3544 4588 3603 4640 te
3624 4601 3747 4640 mn~

2082 4688 2242 4740 nera,
2274 4669 2465 4727 libens
2488 4671 2905 4743 gratulansque
2935 4672 3175 4728 domum
3207 4672 3413 4740 retuli,
3444 4689 3569 4729 non
3600 4672 3747 4729 talia

2082 4760 2401 4833 pollicitus,
2452 4762 2688 4834 quando
2719 4761 2779 4817 in
2815 4762 2962 4818 hanc
2994 4766 3217 4821 sectam
3250 4779 3472 4819 nomen
3505 4765 3742 4821 dabam.

2080 4850 2190 4906 Sed
2224 4854 2529 4922 peccatum
2553 4848 2638 4905 lui
2670 4849 3103 4906 circumventus
3124 4849 3278 4906 furto
3304 4851 3644 4908 domestico
3672 4854 3742 4909 ab

2079 4937 2431 4995 ementiente
2461 4937 2733 5004 ascesim,
2765 4938 2922 4995 sicut
2948 4956 3055 5012 ego
3087 4940 3275 4994 vitam
3303 4940 3571 4997 aulicam
3601 4959 3747 4999 con-

2079 5032 2169 5081 tra
2200 5024 2545 5101 institutum
2584 5026 3013 5083 ati‘ectaveram.
3048 5026 3309 5099 Spoliato
3331 5033 3393 5084 et
3422 5030 3749 5101 requirenti

2079 5114 2455 5187 rapta,biduo
2487 5114 2743 5186 plurima
2762 5115 3138 5188 contigerunt
3158 5133 3288 5190 quae
3320 5133 3417 5174 me
3440 5120 3749 5185 docerent,

2078 5203 2383 5276 invigilare
2416 5204 2637 5260 mundo
2670 5204 3181 5276 providentiam,id
3204 5207 3414 5264 sedulo
3446 5215 3745 5280 agentem,

2086 5298 2151 5350 ut
2181 5292 2240 5348 in
2270 5294 2590 5365 perniciem
2623 5299 2930 5351 auctorum
2956 5311 3130 5367 prave
3153 5301 3284 5352 acta
3311 5298 3607 5355 recidant.
3641 5299 3744 5355 Hic

2084 5382 2205 5455 regi
2230 5382 2483 5439 narravit
2512 5400 2644 5456 qua:
2672 5383 2959 5440 hactenus
2981 5383 3140 5440 dicta
3168 5390 3335 5455 sunt,
3364 5387 3581 5460 sicque
3604 5404 3740 5444 con-

2084 5472 2249 5527 tinuo
2280 5470 2564 5543 colligens
2594 5470 2796 5527 intulit
2831 5489 2844 5528 :
2876 5471 3062 5528 Avida
3085 5473 3293 5546 vulpes
3342 5475 3608 5548 ingluvie
3636 5493 3743 5532 sua

2083 5560 2679 5634 periit;temulentum
2695 5561 3218 5634 etirapmcipilem
3240 5564 3568 5621 curiarium
3601 5582 3741 5622 suns

2080 5667 2243 5707 error
2260 5649 2419 5705 ultus
2437 5649 2683 5717 est;lena
2701 5648 2919 5721 proprii
2941 5648 3378 5721 nasijacturam
3406 5653 3736 5709 nundinan-
