4002 6202
279 290 417 349 1261

1304 315 1662 371 SPECIMEN
1701 320 2105 375 SAPIENTIE
2144 326 2469 384 INDORUM
2511 334 2670 385 VET.

3556 347 3578 399 1
3588 349 3692 402 262

278 419 366 473 dae
398 419 599 475 aliena:
634 424 926 493 pudieitim
948 428 1199 497 pretium
1227 432 1379 503 tulit;
1416 436 1669 510 denique
1700 442 1928 497 umbel-
1960 450 2013 517 Α
2048 446 2165 501 Etsi
2198 453 2255 503 te
2287 452 2455 508 nobis
2486 455 2883 513 adversarium
2915 460 3158 529 scimus,
3192 467 3387 520 tamen
3404 468 3692 543 quiapru.

278 507 463 543 Ιιηηιηι
501 511 707 543 «mitra-
742 514 964 543 ἰαί-μην.
993 519 1100 543 ..μμ
1139 520 1277 543 ιιι--
1308 525 1413 543 Ana,
1456 526 1465 537 -
1726 530 1760 543 ..
1808 532 1817 542 .
2056 536 2068 543 .
2182 536 2193 543 .

274 507 464 563 larum
500 511 710 566 artifex
733 514 965 583 justum
992 519 1105 572 sub
1139 520 1281 577 falso
1301 525 1546 581 crimine
1569 507 1927 602 supplicium

273 614 489 669 passus
516 606 604 656 est
635 602 707 658 ob
740 620 854 659 non
906 606 1259 676 prohibitam
1316 613 1605 673 lenocinio
1666 637 1926 679 uxorem.

275 687 416 743 Vere
446 688 528 743 ita
557 696 683 745 est:
720 692 871 747 male
902 696 1169 754 consulta
1203 700 1258 755 in
1293 710 1467 774 caput
1510 708 1662 762 male
1712 726 1927 765 consu-

269 774 518 833 lentium
550 780 839 847 recidunt;
874 785 1125 856 quisque
1156 790 1373 846 damno
1397 810 1503 849 suo
1536 802 1773 866 peccat;
1801 816 1927 869 quae

281 865 550 935 facimus,
586 869 865 939 patimur.
904 873 1106 930 Refero
1157 894 1249 934 me
1280 879 1334 933 in
1370 865 1567 938 meum
1618 888 1924 957 angulum,

272 954 417 1009 satis
449 958 691 1012 edoctus
725 960 815 1014 his
844 964 1239 1024 successibus:
1273 970 1371 1039 qui
1395 974 1593 1043 cupiat
1641 954 1829 1031 vivere
1862 981 1928 1031 ut

272 1044 477 1111 vult,ei
500 1049 817 1103 cavendum
846 1052 997 1107 serio
1027 1069 1155 1110 esse
1177 1074 1248 1111 ne
1270 1064 1401 1130 agat
1422 1064 1575 1132 quod
1604 1081 1715 1119 non
1740 1066 1923 1120 decet.

341 1169 466 1226 XV.
503 1172 599 1227 llis
629 1175 931 1245 expositis,
976 1179 1335 1239 concludens
1378 1202 1705 1244 sermonem
1756 1192 1924 1247 Coro-

266 1265 471 1327 natus,
506 1262 868 1318 familiariter
898 1283 1215 1326 conversus
1246 1273 1317 1327 ad
1347 1274 1792 1349 Vestigatorem,
1819 1282 1918 1338 ait:

264 1348 414 1406 Vide
446 1358 575 1422 post
605 1353 724 1408 haec
756 1358 1020 1429 exempla
1042 1363 1181 1431 quid
1201 1364 1271 1417 de
1294 1368 1348 1419 te
1377 1371 1625 1423 statuas.
1648 1372 1761 1441 Ego
1786 1375 1919 1443 qui-

260 1440 397 1494 dem
441 1440 587 1496 male
621 1448 839 1514 metuo,
866 1464 935 1502 ne
969 1465 1093 1519 quae
1128 1452 1186 1505 in
1222 1458 1457 1511 taurum
1484 1463 1537 1512 te
1590 1460 1919 1517 machinari

261 1529 584 1600 significas,
620 1532 725 1587 tibi
758 1537 1135 1605 potissimum
1167 1541 1279 1611 ipsi
1304 1552 1569 1602 noceant.
1606 1549 1691 1603 Illi
1719 1553 1917 1609 statim

260 1618 592 1689 Vestigator
624 1625 1069 1693 reposuitzNon
1104 1630 1302 1686 iverim
1328 1634 1574 1702 inficias,
1616 1656 1750 1693 vera
1790 1658 1917 1696 esse

261 1723 392 1776 quae
425 1708 642 1778 dixisti;
671 1716 866 1768 tamen
900 1721 955 1770 et
976 1731 1081 1787 ego
1132 1735 1331 1775 verum
1375 1722 1519 1778 illud
1554 1742 1913 1784 commemo-

257 1813 421 1852 rasse
463 1815 554 1854 me
586 1807 853 1869 autumo,
885 1807 1039 1876 quod
1072 1806 1285 1864 iterum
1319 1812 1573 1880 affirmo,
1624 1835 1775 1889 saepe
1811 1837 1910 1890 po-
1943 1825 1988 1889 B

256 1887 539 1943 tentiores
571 1890 641 1943 ab
671 1890 1097 1950 infirmioribus
1136 1897 1309 1953 vinci.
1369 1887 1730 1973 Argumento
1786 1926 1911 1964 ser-

253 1991 401 2045 pens
426 1982 484 2032 et
514 1994 731 2050 cycnus
764 1982 901 2052 sint;
928 2000 1041 2038 non
1061 1982 1235 2058 longa
1256 1995 1344 2043 est
1367 2007 1471 2045 nec
1491 1995 1799 2050 incelebris
1824 1998 1909 2052 fa-

257 2064 417 2119 bula.
450 2066 694 2135 Corvus,
725 2068 1052 2142 inquilinus
1083 2082 1323 2132 vetustae
1352 2079 1576 2137 arboris
1610 2084 1666 2138 in
1691 2091 1906 2157 monte,

248 2150 614 2212 luculentam
668 2160 985 2230 quotannis
1018 2162 1294 2233 injuriam
1331 2166 1661 2237 patiebatur
1704 2192 1736 2228 a
1786 2192 1906 2229 scr-

250 2250 427 2315 pente
457 2247 512 2301 in
549 2265 686 2304 cavo
731 2251 993 2319 ejusdem
1041 2255 1268 2311 arboris
1322 2263 1524 2316 trunco
1580 2264 1904 2323 nidulante.

248 2333 391 2389 Cum
426 2338 577 2391 enim
634 2356 790 2394 more
832 2341 1024 2396 avium
1060 2362 1265 2399 corvus
1294 2365 1433 2404 suos
1474 2368 1648 2407 verna
1681 2360 1906 2426 tempe-

247 2430 399 2480 state
421 2428 608 2496 pullos
628 2429 971 2501 excluserat,
989 2449 1087 2487 eos
1116 2434 1267 2489 clam
1295 2438 1582 2509 adrepens
1612 2444 1787 2497 draco
1813 2448 1907 2499 de-

246 2516 511 2583 vorabat,
545 2522 775 2589 captato
834 2525 1025 2576 astute
1082 2526 1365 2595 tempore,
1408 2544 1523 2598 quo
1556 2537 1905 2589 necessariis

250 2600 366 2657 alio
389 2604 694 2675 digressus
717 2609 932 2674 causis,
958 2628 991 2664 a
1016 2611 1149 2667 nido
1173 2630 1378 2671 corvus
1403 2619 1624 2674 aberat.
1657 2624 1774 2676 Hoc
1800 2624 1903 2677 ite-

251 2708 383 2746 rum
419 2696 476 2747 et
506 2696 677 2751 tertio
695 2698 1028 2770 saepiusque
1053 2702 1267 2757 factum
1290 2720 1517 2775 corvus,
1544 2712 1734 2781 utpar
1755 2717 1901 2783 erat,

249 2782 554 2850 aegerrime
595 2784 805 2853 ferens,
840 2788 1069 2842 consilii
1104 2806 1282 2847 causa
1330 2794 1527 2850 thoem
1590 2782 1899 2870 quemdam

247 2885 473 2937 senem,
506 2873 703 2928 multae
735 2878 1056 2947 prudentiae
1105 2881 1259 2935 fama
1308 2883 1611 2955 inclytum,
1647 2891 1807 2945 adiit.
1843 2893 1900 2946 Ei

245 2976 380 3014 cum
414 2964 785 3033 exposuisset
816 2981 942 3035 qure
979 2983 1189 3037 passus
1210 2976 1354 3038 erat,
1383 2978 1742 3047 proponebat
1772 2996 1901 3050 quae

243 3050 1148 3127 cogitarat:Ego,inquiens,quo
1178 3060 1356 3115 simul
1390 3064 1604 3120 damna
1654 3066 1901 3124 ulciscar

246 3140 562 3209 praeterita,
597 3147 651 3195 et
684 3142 884 3197 futura
909 3152 1269 3216 praevertam,
1304 3151 1549 3222 decrevi,
1572 3155 1681 3209 nisi
1715 3160 1774 3210 tu
1809 3175 1895 3212 se-

248 3244 359 3283 cus
392 3228 595 3296 sentis,
628 3230 937 3287 observare
979 3238 1214 3304 quando
1246 3238 1521 3296 inimicus
1554 3245 1727 3300 draco
1760 3248 1895 3303 dor-

245 3318 412 3384 miat,
446 3322 706 3390 tuncque
738 3322 864 3376 sine
904 3324 1150 3394 strepitu
1203 3329 1503 3397 accedens,
1564 3335 1761 3390 oculos
1815 3340 1896 3393 illi

242 3411 436 3461 rostro
469 3408 737 3463 effodere.
772 3411 855 3463 Ad
878 3427 945 3464 ea
979 3413 1111 3467 thos
1138 3418 1388 3472 vetulus:
1415 3420 1536 3475 Non
1574 3422 1680 3479 hoc
1709 3428 1895 3483 tenta-

242 3496 593 3566 bis,inquit,
619 3498 666 3552 si
701 3515 793 3553 me
826 3501 1049 3565 audies;
1073 3519 1280 3571 magno
1311 3508 1466 3562 enim
1490 3511 1758 3569 malotuo
1781 3521 1897 3572 ten-

244 3588 426 3638 tares.
459 3584 528 3637 Et
563 3584 1077 3658 vigilantissimus,
1129 3597 1184 3645 et
1240 3594 1534 3663 facillime,
1570 3600 1617 3653 si
1664 3607 1898 3672 quando

241 3673 571 3739 conniveat,
609 3676 930 3732 excitabilis
963 3679 1139 3734 draco
1190 3686 1298 3749 est,
1354 3684 1637 3757 habetque
1668 3708 1900 3763 semper

242 3762 307 3815 in
337 3766 611 3833 promptu
648 3778 811 3818 arma
846 3766 1023 3821 nimis
1048 3770 1321 3839 expedita
1351 3773 1407 3826 in
1443 3778 1711 3834 cominus
1744 3762 1900 3837 acce-

234 3850 375 3905 dere
394 3865 593 3917 ausos,
628 3852 834 3907 dentes
858 3858 913 3908 et
943 3868 1254 3912 venenum.
1284 3863 1624 3919 Cumulares
1647 3870 1896 3937 graviori

239 3944 349 3993 tua
378 3938 541 3994 clade
564 3940 830 4010 jacturas
862 3942 1161 4013 priores.si
1196 3952 1596 4019 aggredereris
1624 3960 1774 4026 quod
1806 3962 1896 4015 di-

234 4030 347 4083 cis.
385 4031 573 4095 Quare
602 4032 780 4085 aliam
815 4048 1026 4088 censeo
1055 4036 1336 4093 adhibeas
1392 4043 1746 4111 machinam,
1781 4065 1898 4119 qua

232 4118 466 4174 hostem
506 4134 707 4191 queas,
758 4122 904 4176 citra
949 4128 1107 4179 tuam
1155 4127 1343 4198 ipsius
1390 4134 1729 4202 perniciem,
1766 4118 1894 4208 per-

234 4210 396 4275 dere,
433 4224 502 4263 ne
534 4210 775 4281 patiaris
808 4214 963 4282 quod
999 4230 1177 4285 cycno
1202 4219 1464 4285 contigit.
1493 4222 1708 4279 Ferunt
1738 4227 1892 4282 enim

234 4314 489 4369 cycnum
525 4302 843 4370 quemdam
871 4302 1184 4358 stationem
1216 4306 1497 4365 habuisse
1530 4329 1889 4382 percommo-

233 4388 373 4441 dam
402 4404 579 4458 prope
598 4393 867 4457 stagnum
891 4391 1124 4461 plenum
1150 4394 1685 4469 piseibus,quorum
1706 4408 1896 4475 praeda

232 4475 584 4546 quotidiana
615 4478 754 4532 vixit
785 4481 855 4533 ad
888 4487 1251 4538 senectutem
1286 4502 1472 4559 usque
1523 4490 1891 4564 lautissime;

2038 536 2229 592 dentia
2265 546 2636 610 praestantem
2670 550 2937 603 eumdem
2976 555 3029 605 te
3056 553 3348 621 novimus,
3378 536 3489 610 non
3524 536 3689 616 dubi-

2036 629 2229 681 tamus
2260 645 2327 683 ex
2357 634 2413 685 te
2442 649 2696 701 quaerere
2726 638 3057 706 consilium,
3109 644 3262 712 quod
3322 649 3458 699 tunc
3508 650 3683 705 etiam

2037 716 2109 768 ab
2133 714 2299 771 hoste
2331 734 2443 774 non
2478 722 2655 778 stulte
2688 725 2923 796 petitur,
2954 730 3190 799 quando
3213 732 3269 785 in
3305 750 3364 787 re
3401 734 3682 792 utilitate-

2037 817 2149 873 que
2179 810 2477 863 communi
2510 812 2940 870 consulentium
2976 818 3191 888 pariter
3220 825 3276 875 et
3306 825 3559 879 consulti
3583 828 3681 882 de-

2036 892 2305 950 liberatio
2336 906 2619 955 versatur.
2658 905 2787 973 Age,
2817 906 2954 975 quid
2989 923 3190 963 censes
3212 911 3495 981 optimum
3524 915 3678 970 factu

2034 998 2148 1053 quo
2182 984 2353 1040 istam
2388 988 2557 1043 nobis
2607 994 2999 1049 communiter
3044 997 3344 1054 exitiosam
3406 1004 3681 1059 omnibus

2033 1071 2389 1141 piscatorum
2423 1079 2915 1150 conspirationem
2952 1083 3261 1139 eludamus
3291 1089 3319 1141 ‘2
3372 1091 3676 1163 Equidem,

2032 1174 2249 1230 cycnus
2282 1162 2473 1235 inquit
2501 1172 2808 1239 postquam
2862 1172 2929 1225 ad
2965 1174 3160 1228 omnia
3190 1192 3281 1230 me
3333 1180 3471 1233 verti
3530 1181 3679 1236 nihil

2031 1253 2421 1319 opportunius
2455 1257 2679 1327 reperio
2710 1274 2887 1328 quam
2922 1262 3123 1333 fugere
3154 1264 3428 1321 infestum
3462 1269 3676 1337 locum,

2029 1342 2085 1390 et
2118 1339 2366 1408 migrare
2396 1360 2495 1396 vos
2525 1361 2731 1401 omnes
2761 1364 2827 1402 ex
2853 1349 2962 1404 hoc
3005 1350 3133 1405 lacu
3175 1352 3231 1407 in
3284 1355 3456 1410 aliam
3514 1357 3677 1428 igno-

2027 1429 2147 1481 tam
2208 1428 2540 1503 inviamque
2596 1435 2757 1491 hisce
2817 1440 3191 1508 praedonibus
3242 1442 3532 1511 paludem,
3578 1449 3676 1501 ubi

2027 1530 2161 1570 cum
2194 1519 2332 1574 satis
2365 1537 2528 1592 aqua:
2559 1524 2773 1591 subsit,
2806 1543 2878 1580 ne
2906 1527 2988 1581 illi
3015 1538 3397 1600 supernatent
3432 1535 3678 1604 piscato-

2026 1604 2123 1657 ria:
2154 1608 2394 1677 cymbae,
2430 1615 2725 1666 exstantes
2788 1615 3100 1683 prohibent
3160 1621 3501 1677 arundines.
3537 1624 3676 1679 Novi

2023 1691 2239 1762 locum,
2264 1700 2320 1752 et
2349 1716 2415 1754 eo
2436 1701 2530 1769 qui
2565 1701 2757 1757 volent
2779 1710 3057 1774 vestrum,
3087 1725 3197 1762 non
3222 1719 3457 1781 gravate
3482 1719 3675 1771 trans-

2024 1785 2222 1841 feram.
2258 1787 2502 1845 Oramus
2528 1796 2602 1859 te,
2638 1792 2966 1849 acclamant
3002 1811 3139 1851 voce
3178 1815 3290 1853 una
3333 1803 3521 1871 pisces
3544 1820 3673 1859 om-

2021 1891 2143 1943 nes,
2182 1879 2388 1934 exhibe
2422 1882 2572 1951 quod
2606 1881 2801 1949 oﬂ‘ers,
2863 1901 3085 1956 nosque
3138 1887 3271 1943 hinc
3332 1907 3553 1945 amove.
3609 1894 3674 1949 Et

2018 1964 2133 2020 ille:
2160 1968 2374 2022 Vereor
2404 1970 2641 2040 quidem
2678 1977 2742 2026 ut
2775 1990 2887 2027 non
2922 1990 3119 2029 serum
3153 1978 3434 2034 auxilium
3460 1981 3557 2049 sit,
3591 1981 3671 2038 ita

2018 2056 2295 2113 festinare
2328 2060 2647 2131 piscatores
2679 2063 2866 2119 video:
2900 2069 3096 2121 tamen
3127 2084 3229 2137 pro
3254 2069 3402 2123 virili
3437 2076 3669 2127 conten-

2017 2146 2172 2201 dam.
2208 2149 2306 2203 Ilis
2330 2150 2504 2206 dictis
2534 2152 2783 2223 piscium
2818 2154 3046 2224 aliquos
3077 2157 3365 2226 majorum
3401 2161 3665 2215 certatim

2016 2252 2077 2291 se
2119 2240 2438 2307 praabentes
2483 2240 2753 2311 arripuit,
2818 2248 3098 2314 tanquam
3162 2247 3574 2317 deportaturus
3603 2251 3663 2304 in

2015 2328 2369 2396 promissum
2395 2334 2694 2400 stagnum;
2716 2346 2813 2386 eos
2845 2337 3063 2401 autem,
3090 2334 3262 2388 simul
3289 2353 3319 2389 a
3351 2343 3664 2407 conspectu

2014 2417 2314 2483 abscessit,
2339 2418 2395 2471 in
2428 2418 2549 2473 loco
2576 2422 2814 2475 seducto
2838 2422 3152 2477 devoravit.
3189 2426 3337 2479 Tum
3373 2427 3537 2496 quasi
3564 2444 3667 2495 ge~

2013 2506 2264 2561 statione
2285 2508 2624 2577 perfunctus
2647 2508 2797 2564 alios
2810 2510 3074 2582 aliosque
3089 2513 3363 2568 similiter
3377 2517 3667 2585 sumebat,

2012 2594 2285 2648 similiter
2315 2597 2681 2664 absumebat,
2707 2599 2954 2654 subinde
2980 2600 3236 2657 rediens.
3254 2603 3415 2657 Tunc
3438 2620 3667 2674 cancer,

2014 2681 2373 2753 multisjam,
2400 2691 2466 2739 ut
2486 2686 2752 2755 putabat,
2773 2686 2830 2741 in
2856 2692 3050 2743 tutum
3072 2692 3499 2759 subduetis,sui
3522 2708 3668 2763 quo-

2011 2786 2144 2841 que,
2177 2772 2276 2841 qui
2307 2788 2483 2827 causa
2506 2774 2729 2828 caeteris
2761 2776 3028 2831 beneficii
3089 2778 3316 2833 fuisset.
3382 2781 3667 2836 rationem

2010 2861 2234 2926 haberi,
2268 2878 2513 2933 cycnum
2548 2879 2783 2933 rogans,
2838 2867 3027 2937 petiit.
3092 2867 3206 2923 Nec
3264 2867 3359 2923 ille
3421 2870 3663 2937 abnuit;

2009 2951 2334 3021 deportavit
2365 2957 2563 3007 autem
2596 2958 2654 3007 et
2686 2953 2851 3009 illum
2893 2955 2952 3008 in
2989 2956 3293 3011 macellum
3333 2974 3531 3022 suum,
3568 2958 3664 3012 ubi

2010 3040 2258 3111 piscium
2296 3040 2512 3112 perfide
2542 3042 2738 3096 abillo
2762 3049 3155 3099 comestorum
3178 3047 3379 3100 tristes
3403 3047 3664 3117 reliquiae

2002 3131 2296 3199 jacebant,
2315 3147 2382 3185 ac
2403 3131 2870 3185 dissimulatione
2893 3132 3158 3201 dimissa,
3183 3151 3245 3189 se
3268 3138 3332 3188 ad
3358 3152 3491 3189 cum
3517 3151 3665 3205 quo-

2010 3235 2123 3290 que
2154 3220 2481 3273 vorandum
2513 3220 2785 3275 accinxit.
2818 3221 3077 3275 Territus
3110 3238 3319 3277 cancer
3349 3228 3406 3277 et
3436 3228 3658 3293 specta-

2007 3308 2135 3362 culo
2168 3315 2225 3361 et
2270 3308 2527 3379 periculo
2580 3309 3092 3379 inopinatissimis,
3127 3316 3321 3366 tamen
3359 3311 3663 3366 constituit

2009 3414 2121 3452 non
2158 3399 2361 3452 deesse
2393 3397 2530 3462 sibi,
2559 3414 2664 3453 nec
2695 3398 2754 3452 in
2787 3398 3275 3455 miserrimalicet
3296 3400 3664 3455 circumven-

2007 3487 2162 3541 tione
2194 3486 2448 3541 inultum
2481 3504 2543 3542 se
2574 3488 2823 3558 opprimi
2858 3489 3069 3544 sinere.
3101 3490 3380 3560 Juvitque
3412 3507 3537 3545 sors
3566 3507 3664 3545 au-

2008 3576 2240 3629 dentem
2269 3592 2284 3642 ;
2319 3576 2585 3645 nihilque
2616 3576 2772 3632 aliud
2795 3578 3175 3633 nisimortem
3202 3597 3314 3634 non
3350 3578 3662 3650 ingloriam

2007 3665 2120 3719 isto
2149 3664 2513 3735 repugnandi
2547 3670 2757 3719 conatu
2809 3667 3091 3736 captanti,
3123 3669 3304 3723 vitam
3365 3670 3539 3722 etiam
3574 3670 3663 3721 vi-

2004 3752 2189 3807 ctoria
2221 3753 2499 3824 inclytam
2533 3754 2858 3809 concessit:
2894 3754 3179 3824 siquidem
3231 3772 3441 3811 cancer
3478 3755 3662 3810 chelis

2005 3842 2130 3895 suis
2164 3846 2321 3895 arcte
2339 3841 2680 3913 complexus
2709 3844 3062 3913 robusteque
3084 3844 3480 3913 comprimens
3495 3844 3659 3913 cycni

2004 3928 2245 3998 collum,
2278 3929 2475 4000 ipsum
2529 3932 2749 3986 frustra
2809 3931 3186 3986 reluctantem
3241 3930 3652 4000 strangulavit.

2005 4021 2135 4075 llaec
2166 4036 2230 4074 eo
2266 4020 2560 4091 pertinent
2602 4026 2665 4073 ut
2712 4020 3032 4091 intelligas,
3086 4035 3273 4086 corve,
3324 4019 3455 4073 aliis
3510 4019 3655 4072 insi-

2005 4109 2264 4164 diantem
2300 4125 2413 4163 non
2449 4125 2578 4163 raro
2611 4108 2865 4162 incidere
2900 4111 3089 4178 ipsum
3137 4109 3189 4161 in
3227 4108 3445 4162 foveam
3480 4124 3657 4177 quam

2006 4198 2161 4254 facit.
2197 4199 2481 4262 Quocirca
2512 4213 2868 4268 magnopere
2897 4200 3103 4251 auctor
3130 4196 3233 4249 tibi
3261 4212 3393 4249 sum
3420 4211 3489 4249 ne
3525 4212 3659 4264 pro-

2005 4289 2139 4358 pius
2161 4291 2217 4341 te
2249 4288 2562 4341 admoveas
2591 4286 2974 4341 astutissime:
3008 4302 3073 4339 ac
3108 4284 3536 4339 nocentissima:
3563 4285 3659 4339 be-

2005 4377 2151 4441 stiae;
2185 4376 2403 4430 docebo
2436 4382 2490 4430 te
2521 4382 2713 4430 autem
2750 4374 3033 4429 rationem
3050 4374 3097 4427 ei
3126 4376 3301 4436 certo,
3327 4378 3383 4427 et
3412 4373 3663 4443 graviter

2004 4470 2063 4519 et
2083 4465 2210 4519 sine
2239 4468 2342 4517 tuo
2376 4463 2633 4533 periculo
2669 4462 2945 4517 nocendi.
2980 4464 3135 4532 Rape
3166 4477 3284 4530 qua
3314 4459 3468 4515 vales
3518 4466 3660 4531 arte,

231 4565 337 4620 sed
373 4569 513 4621 tunc
542 4566 843 4623 debilitate
874 4571 1066 4640 gravis
1098 4574 1304 4644 aetatis,
1335 4551 1449 4633 non
1495 4582 1750 4652 amplius
1792 4551 1891 4655 pi-Y
1914 4571 1956 4631 Π
1990 4553 2414 4655 “Omilﬁusﬂc
2446 4553 2677 4655 ‘2'“?“3
2701 4552 3015 4650 hominpm.
3039 4551 3659 4655 {inquidjpsmgreuot

233 4652 712 4710 scationislabori
736 4658 1713 4728 sufficiens,ascenditfamelieusin
1733 4652 1894 4728 mon-

231 4747 379 4809 tem,
409 4742 511 4796 ubi
545 4744 692 4798 forte
722 4745 930 4801 obvius
954 4763 1185 4807 cancer:
1208 4752 1324 4806 Cur
1346 4756 1421 4820 te,
1454 4754 1667 4829 inquit,
1698 4777 1895 4832 cyone,

236 4830 561 4886 sollicitum
588 4841 792 4903 praeter
811 4850 1030 4890 morem
1057 4845 1382 4912 mmstoque
1413 4844 1665 4901 similem
1700 4830 1899 4907 video?

236 4919 480 4984 Quidni,
514 4920 593 4975 ait
621 4921 739 4989 ille,
772 4923 1061 4980 sollicitus
1093 4927 1205 4981 sim
1239 4933 1295 4983 et
1328 4938 1595 5001 moestus,
1629 4938 1727 5008 qui
1762 4956 1895 4996 cum

236 5009 530 5064 hactenus
550 5009 773 5067 fruerer
802 5014 1012 5084 opibus
1045 5016 1282 5086 piscosi,
1308 5021 1399 5075 cui
1428 5025 1785 5095 assidebam,
1810 5029 1896 5085 la-

238 5115 349 5154 cus
367 5099 585 5157 victum
620 5104 987 5173 suggerentis
1021 5107 1518 5181 cepiosissimum,
1552 5117 1741 5172 audivi
1792 5119 1895 5176 ho-

239 5189 338 5244 die
368 5190 688 5260 piscatores
712 5193 1083 5251 consulentes
1105 5197 1256 5254 inter
1276 5217 1337 5255 se
1365 5205 1717 5279 saginasque
1749 5227 1901 5267 com-

241 5283 546 5349 parantes,
580 5282 794 5352 quibus
826 5287 1009 5338 totum
1044 5288 1363 5347 everriculo
1393 5298 1666 5366 stagnum
1690 5300 1901 5356 exhau-

244 5367 424 5436 riant,
450 5368 677 5424 nullum
708 5388 779 5426 ne
811 5372 879 5426 ad
898 5373 1156 5431 sobolem
1178 5380 1407 5449 quidem
1436 5383 1782 5454 pisciculum
1810 5406 1898 5445 re-

244 5457 479 5527 liquum
513 5457 747 5514 facturi.
783 5460 911 5516 Hac
942 5479 1152 5519 cancer
1178 5469 1376 5525 audita
1396 5470 1655 5542 piscibus
1679 5478 1900 5545 retulit,

246 5544 522 5600 indicans
554 5564 655 5617 pro
685 5549 949 5605 amicitia
1008 5554 1353 5624 periculum.
1390 5561 1477 5616 Illi
1511 5581 1651 5621 sane
1672 5572 1902 5624 contur-

242 5632 368 5688 bati
401 5649 651 5705 cycnum
686 5636 968 5694 adeuntes
1001 5642 1158 5697 affati
1191 5652 1330 5702 sunt
1360 5650 1416 5704 in
1452 5650 1606 5708 hunc
1639 5657 1898 5713 modum:

2012 4641 2552 4711 sum,illudqueita
2583 4641 2641 4695 in
2676 4657 2881 4695 cavum
2904 4639 3072 4695 invisi
3097 4640 3309 4711 anguis
3341 4642 3667 4712 conjice,ut

2012 4731 2234 4785 laciniae
2277 4729 2567 4785 similiave
2617 4731 2833 4785 indicia
2880 4729 3132 4785 exterius
3190 4731 3491 4801 prodeant.
3546 4730 3668 4786 Fiet

2013 4818 2168 4883 inde,
2190 4822 2255 4872 ut
2282 4819 2361 4872 rei
2394 4820 2627 4874 amissae
2661 4819 2908 4884 domini,
2942 4818 3131 4890 signis
3162 4819 3325 4874 hisce
3357 4819 3664 4875 admoniti.

2010 4909 2154 4964 dum
2185 4912 2453 4977 quaerunt
2482 4909 2668 4976 anxie,
2712 4908 3025 4969 latibulum
3049 4909 3104 4963 id
3122 4909 3460 4979 pervadant,
3481 4908 3667 4963 malc-

2011 5014 2127 5067 que
2154 4996 2407 5052 multant
2435 4998 2858 5068 deprehensum
2879 4999 2935 5053 in
2951 5016 3017 5054 eo
3046 4999 3448 5055 subsessorem
3474 5002 3664 5052 tuum.

2017 5086 2167 5143 Fecit
2224 5103 2431 5142 corvus
2491 5088 2646 5158 quod
2723 5088 3086 5143 suadebatur
3139 5105 3353 5160 magno
3413 5102 3519 5141 suo
3576 5084 3665 5137 lu-

2012 5192 2133 5241 cro;
2170 5191 2303 5230 nam
2340 5175 2424 5230 sic
2450 5175 2639 5231 occiso
2672 5192 2850 5231 manu
2884 5180 2941 5230 et
2971 5176 3153 5230 armis
3188 5176 3489 5231 hominum
3535 5173 3667 5225 dra-

2016 5279 2178 5333 cone,
2204 5263 2528 5334 hospitium
2560 5265 2836 5337 deinceps
2859 5282 3032 5321 suum
3060 5264 3238 5319 nullis
3268 5263 3545 5317 infestum
3578 5258 3667 5312 in-

2006 5353 2188 5423 juriis
2210 5351 2512 5408 insidiisve
2542 5354 2770 5408 habuit.

2086 5480 2230 5536 XVI.
2266 5481 2394 5536 Haec
2430 5481 2620 5537 fusius
2671 5483 2825 5554 apud
2879 5485 2955 5541 te,
3016 5476 3324 5547 subjungit
3384 5489 3669 5544 peroraris

2018 5570 2302 5624 Coronato
2330 5570 2675 5641 Vestigator,
2692 5571 2897 5635 amice,
2923 5563 3192 5629 disserui,
3222 5568 3284 5616 ut
3304 5561 3669 5616 ostenderem

2018 5658 2206 5731 pluris
2236 5673 2364 5714 esse
2391 5658 2764 5729 prudentiam
2784 5670 2956 5726 quam
2990 5652 3186 5708 robur.
3226 5655 3295 5705 At
3343 5652 3669 5705 Coronatus
