3984 6202
437 292 577 347 1263

1935 283 2328 339 APPENDIX.

3630 291 3726 344 l‘ltil

435 421 610 474 Recte
631 413 994 484 ista,inquit,
1026 412 1274 481 diceres,
1306 413 1355 469 si
1388 413 1567 469 robur
1603 417 1808 468 taurus
1849 407 2086 465 solertia
2113 407 2164 471 Α
2199 407 2394 478 ipsum
2427 424 2632 464 ausus.
2664 408 2809 464 Fuhi
2841 424 2971 481 ego;
3008 408 3148 480 quid
3169 408 3316 464 enim
3343 413 3566 480 poteram
3592 413 3731 470 aliud?

439 503 785 558 destitutum
818 499 1146 561 obtineret:
1181 500 1344 572 atqui
1403 501 1556 556 idem
1613 505 1892 572 praeterea
1939 514 2081 569 pru-

436 589 816 645 dentissimus
863 593 970 644 est.
1021 589 1188 656 Vere,
1242 590 1324 644 ait
1363 590 1715 662 Vestigator,
1763 594 1819 644 et
1847 589 1956 644 hoc
1996 588 2083 644 lo-

435 677 654 748 queris.
696 679 983 733 Caeterum
1032 683 1090 733 et
1138 695 1244 734 nos
1288 677 1511 750 aliquid
1554 679 1819 734 valemus
1860 680 1916 734 in
1974 677 2085 732 hac

434 769 601 837 parte
649 783 764 837 quo
827 783 942 822 non
1003 767 1298 822 immerito
1350 785 1654 839 speremus
1716 767 2086 840 praevalitura

435 855 815 926 quantalibet
845 856 1150 928 sagacitati
1180 857 1307 928 ejus
1331 858 1580 913 artificia
1610 863 1828 924 nostra,
1873 873 2083 928 passu-

431 959 684 1014 rumque
716 942 884 998 illum
917 945 1032 998 tale
1055 943 1356 1016 quidpiam
1381 962 1413 999 a
1445 945 1612 1001 nobis
1636 945 1805 1016 quale
1835 944 1973 1000 olim
1996 943 2085 998 leo

430 1032 674 1103 quidam
705 1050 738 1086 a
760 1032 977 1103 lepore,
1008 1033 1273 1103 dejectus
1299 1034 1369 1089 ab
1392 1051 1458 1090 eo
1489 1039 1651 1090 tanto
1683 1033 2002 1088 inﬁrmiore
2021 1050 2086 1088 ac

433 1119 768 1191 perculsus,
801 1124 865 1174 ut
897 1137 1029 1175 mox
1062 1121 1284 1176 audies.
1314 1122 1634 1177 Incubabat
1666 1121 1887 1192 regioni
1944 1121 2085 1175 laetae

434 1210 696 1281 pascuis,
713 1215 770 1266 et
785 1227 884 1281 per
897 1210 1004 1266 hoc
1024 1212 1182 1266 omni
1199 1213 1590 1268 animantium
1607 1228 1816 1283 genere
1839 1213 2083 1277 refertae,

431 1301 592 1356 ferus
639 1299 878 1371 quidam
943 1299 1054 1365 leo,
1107 1302 1471 1372 quotidianis
1530 1301 1851 1356 latrociniis
1908 1317 2087 1371 agens

439 1391 749 1462 ferensque
782 1389 1028 1446 miseras
1047 1390 1288 1458 bestias,
1313 1392 1456 1445 adeo
1476 1395 1540 1444 ut
1564 1390 1732 1445 anxio
1759 1390 2086 1446 constrictis

435 1481 620 1544 metu,
685 1477 796 1532 frui
859 1479 1027 1549 copia
1088 1479 1399 1550 nequirent
1453 1496 1627 1550 quam
1683 1478 1791 1533 soli
1851 1479 2088 1533 ubertas

433 1567 812 1638 suggerebat.
847 1568 996 1639 Ergo
1028 1567 1163 1638 illae,
1186 1569 1432 1623 consilio
1459 1569 1682 1635 habito,
1739 1569 2086 1640 legationem

431 1655 502 1709 ad
565 1672 698 1710 eum
750 1656 1074 1711 decernunt
1139 1657 1318 1728 hujus
1368 1658 1702 1713 sententiae:
1763 1660 1978 1712 Omnes
2034 1661 2089 1710 te

2190 503 2246 552 et
2277 514 2491 569 magno
2522 499 2793 564 circuitu,
2817 498 3239 570 laboriosisque
3265 500 3495 570 latebris,
3514 502 3607 558 huc
3639 510 3730 560 tan-

2190 587 2320 640 dem
2380 604 2451 641 ne
2513 587 2870 658 promissum
2934 587 3041 642 tibi
3108 589 3432 644 demensum
3485 591 3556 645 vel
3601 596 3728 648 semel

2191 676 2430 744 deferet,
2463 693 2642 747 quam
2676 677 2930 748 primum
2954 676 3123 732 licuit
3149 678 3380 732 accurri.
3409 680 3649 736 Turbatus
3673 684 3731 738 ira

2190 763 2246 817 in
2306 764 2578 820 aemulum
2638 765 3155 820 vehementissima
3212 767 3615 837 superbissimus
3655 772 3730 838 leo,

2191 852 2378 918 Potes,
2405 853 2612 924 inquit,
2648 870 2737 908 me
2767 855 2837 909 ad
2873 854 3051 910 istum
3087 853 3362 910 latronem
3404 855 3614 912 ducere?
3637 863 3730 913 Pos-

2191 959 2347 1011 sum,
2401 941 2595 1012 inquit
2649 943 2841 1015 lepus,
2897 960 3004 999 nec
3065 944 3231 1015 longe
3279 945 3447 1000 abest.
3499 946 3730 1017 Statimque

2192 1030 2433 1102 prmiens
2466 1031 2622 1087 sistit
2645 1032 2873 1088 leonem
2898 1033 2966 1087 ad
3018 1051 3082 1088 os
3116 1034 3291 1104 putei,
3335 1050 3488 1104 quem
3517 1035 3562 1088 in
3597 1036 3728 1090 vicino

2192 1121 2369 1174 situm
2435 1120 2876 1188 observaverat;
2934 1139 3383 1193 conversusque,
3443 1123 3528 1188 lbi,
3577 1124 3724 1194 inquit,

2189 1208 2438 1276 habitat,
2497 1211 2632 1265 inde
2690 1213 2759 1265 ad
2797 1211 2902 1266 nes
2941 1211 3172 1282 erupit;
3215 1211 3424 1283 inspice
3467 1213 3554 1275 sis,
3590 1214 3726 1266 statim

2189 1297 2434 1364 videbis,
2460 1298 2809 1368 Despectant
2839 1301 3012 1356 ambo
3053 1299 3250 1360 simul,
3270 1304 3324 1354 et
3345 1316 3488 1370 aqua:
3508 1304 3732 1372 superﬁcie

2191 1385 2506 1457 imaginem
2541 1387 2791 1442 intuenti
2836 1388 2988 1443 leoni
3042 1389 3334 1460 propriam
3367 1389 3618 1453 reddente,
3649 1390 3730 1444 Non

2188 1475 2584 1548 vides,inquit
2606 1482 2933 1549 opportune
2979 1477 3173 1549 lepus,
3221 1483 3581 1533 contumacem
3617 1484 3658 1533 et
3679 1481 3733 1533 fe-

2188 1565 2350 1618 rum?
2381 1564 2431 1619 is
2463 1565 2587 1637 ipse
2619 1572 2706 1621 est
2738 1570 3106 1638 contemptor
3147 1567 3254 1634 tui,
3303 1567 3566 1639 vectigalis
3610 1567 3732 1620 inter-

2190 1670 2407 1722 versor,
2441 1655 2750 1710 devorator
2782 1655 3035 1710 ministri
3072 1656 3310 1728 publici.
3342 1661 3452 1710 Non
3479 1657 3631 1711 tenuit
3661 1657 3732 1709 im-

435 1744 742 1799 dominum
759 1746 1158 1817 agnoscimus,
1182 1751 1238 1801 et
1261 1751 1326 1801 ut
1347 1747 2088 1811 talistudentes,rationem
2121 1761 2166 1826 B
2197 1749 2398 1813 petum
2431 1744 2750 1799 iracundia:
2780 1743 3010 1799 ultricis
3064 1761 3132 1799 ea
3181 1760 3413 1799 cernens
3466 1745 3735 1814 audiensque

440 1833 864 1904 exquisivimus
889 1852 1006 1905 qua
1035 1840 1093 1890 et
1125 1840 1186 1890 tu
1223 1836 1480 1891 laborem
1537 1835 1867 1892 venationis
1916 1833 2095 1890 lucri-

439 1923 681 1989 faceres,
709 1927 765 1978 et
788 1940 915 1992 nos,
951 1925 1104 1995 quod
1139 1929 1241 1980 tua
1269 1924 1443 1980 etiam
1480 1925 1745 1992 interest,
1773 1923 1931 1996 pasci
1954 1923 2099 1978 citra

447 2012 1004 2081 consternationem,
1037 2018 1210 2085 atque
1242 2014 1323 2069 ita
1353 2015 1735 2086 pinguescere
1756 2027 2094 2085 possemus:

447 2125 562 2164 non
595 2125 937 2166 recusamus
964 2110 1144 2179 enim,
1195 2111 1430 2180 quando
1485 2110 1605 2165 haec
1660 2115 1763 2165 tua
1811 2115 1868 2164 et
1898 2114 2099 2166 nostra

442 2200 681 2254 fortuna
713 2205 824 2266 est,
858 2200 1002 2272 quin
1035 2199 1334 2270 carnibus,
1367 2205 1432 2254 ut
1481 2200 1654 2267 soles,
1691 2200 1908 2255 nostris
1950 2217 2097 2271 epu-

442 2287 602 2344 leris.
627 2287 1032 2344 Conditionem
1054 2306 1185 2346 ecce
1210 2289 1391 2362 igitur
1411 2289 1518 2344 tibi
1549 2289 1791 2344 ferimus
1823 2289 2096 2360 utrinque

444 2377 857 2433 commodam:
899 2384 962 2433 ut
1018 2378 1125 2434 tibi
1186 2395 1368 2434 unum
1419 2394 1448 2432 e
1499 2378 1714 2434 nostris
1772 2395 1985 2450 corpus
2035 2379 2094 2432 in

445 2465 642 2520 cibum
678 2466 970 2534 mittatur,
1007 2472 1069 2522 tu
1129 2471 1324 2522 autem
1378 2483 1445 2521 eo
1505 2466 1716 2521 diurno
1762 2471 2094 2536 contentus,

446 2552 692 2622 fatigare
720 2557 775 2608 te
807 2571 874 2609 ac
897 2558 1111 2610 terrere
1139 2573 1245 2612 nos
1296 2555 1550 2612 desinas.
1605 2555 1829 2610 Placuit
1886 2572 2094 2627 propo-

444 2639 577 2696 sitio
601 2640 751 2696 leoni
776 2658 790 2696 :
811 2642 1203 2716 deincepsque
1233 2644 1578 2716 quotidiana
1616 2644 1916 2700 sortitione
1942 2644 2094 2700 desi-

445 2734 692 2800 gnatum
752 2729 967 2786 animal
1019 2748 1220 2800 unum,
1279 2750 1313 2788 a
1364 2733 1586 2788 delecto
1634 2734 1705 2788 ad
1754 2733 1812 2787 id
1864 2733 2095 2805 publica

447 2819 716 2875 ministro
747 2820 1147 2877 deducebatur
1177 2823 1247 2878 ad
1279 2821 1528 2894 leonem.
1553 2822 1691 2878 Post
1722 2823 1939 2879 multos
1969 2822 2096 2878 dies

447 2913 603 2964 sorte
634 2911 948 2966 damnatus
970 2911 1138 2984 lepus
1168 2911 1254 2967 sic
1284 2911 1342 2966 in
1375 2911 1621 2968 concilio
1652 2912 1973 2968 bestiarum
2005 2915 2096 2967 est

446 3000 711 3057 locutus:
737 3003 794 3058 Si
832 3019 924 3059 me
955 3021 1070 3060 non
1097 3002 1247 3058 fallit
1277 3003 1532 3070 animus,
1574 3012 1628 3059 et
1658 3003 1812 3059 Deus
1843 3003 2097 3076 cogitata

2203 1830 2314 1898 leo,
2338 1833 2437 1886 sed
2486 1832 2717 1886 fremitu
2779 1833 2978 1887 statim
3038 1833 3280 1887 immani
3311 1833 3453 1887 velut
3479 1835 3528 1888 in
3576 1834 3736 1887 hostem

2206 1918 2457 1990 irruens,
2489 1921 2658 1992 aquis
2681 1921 2838 1993 putei
2861 1921 3112 1976 haustus
3147 1930 3196 1976 et
3229 1922 3519 1977 suffocatus
3551 1923 3739 1988 interiit;

2205 2008 2399 2079 lepore
2421 2027 2553 2065 cum
2587 2009 2768 2064 accito
2789 2026 2818 2065 e
2841 2009 3083 2066 latebris
3114 2011 3368 2075 ductore,
3392 2009 3543 2065 salvis
3569 2010 3622 2065 ad
3647 2026 3738 2064 suos

2204 2099 2608 2166 redeuntibus,
2643 2116 2709 2154 ac
2768 2099 2997 2171 magnis
3047 2101 3306 2172 ipsorum
3350 2099 3737 2171 gratulationibus

2201 2189 2476 2258 exceptis.
2512 2189 2597 2242 Ad
2631 2187 2740 2243 hoc
2788 2189 3119 2260 exemplum
3184 2189 3400 2244 confido
3452 2205 3529 2244 me
3576 2203 3735 2260 quoque

2205 2292 2625 2347 persuasurum
2657 2282 2848 2344 tauro,
2884 2295 3010 2349 qua:
3042 2277 3211 2332 illum
3246 2277 3415 2334 stulte
3439 2277 3675 2332 credulum
3699 2277 3733 2329 in

2202 2367 2440 2422 exitium
2474 2366 2858 2438 prmcipitent.

2272 2492 2434 2547 XVII.
2469 2492 2556 2546 Tu
2617 2508 2771 2562 vero,
2815 2492 2898 2546 ait
2947 2491 3291 2557 Coronatus,
3339 2490 3590 2562 siquidem
3635 2491 3737 2560 quod

2202 2583 2348 2638 dicis
2375 2588 2557 2654 potes,
2583 2583 2884 2654 providere
2909 2587 3131 2653 tamen,
3159 2584 3485 2655 priusquam
3517 2583 3560 2636 id
3600 2598 3739 2653 aggre.

2201 2672 2402 2738 diaris,
2442 2672 2619 2727 debes
2653 2688 2725 2726 ne
2757 2688 2933 2742 quam
2978 2672 3338 2728 machinaris
3390 2676 3534 2727 tauro
3569 2677 3738 2742 pestem,

2201 2777 2270 2817 ea
2298 2777 2432 2816 cum
2460 2760 2646 2817 leonis
2671 2761 2825 2832 regis
2856 2761 3038 2816 nostri
3072 2761 3330 2832 pernicie
3357 2766 3450 2817 aut
3469 2759 3738 2816 incommodo

2202 2851 2518 2920 conjuncta
2548 2850 2626 2905 sit
2649 2868 2663 2917 ;
2687 2849 2971 2905 denuntio
2993 2851 3154 2906 enim
3190 2851 3295 2906 tibi
3352 2866 3438 2906 me
3482 2853 3736 2917 ceterasque

2202 2940 2533 2995 animantes
2583 2956 2711 3011 quae
2752 2944 3120 2996 sacramento
3198 2940 3344 2996 leoni
3399 2940 3628 3006 diximus,
3661 2952 3735 2990 non

2201 3028 2595 3099 permissuros
2613 3029 2741 3099 (nec
2757 3029 2912 3084 enim
2934 3029 3096 3084 salva
3112 3030 3230 3085 ﬁde
3254 3035 3557 3102 possumus;
3576 3027 3736 3082 domino

446 3092 722 3162 fortunat,
756 3091 1017 3148 liberabo
1047 3110 1149 3149 vos
1179 3093 1341 3166 gravi
1363 3109 1537 3148 onere
1567 3093 1852 3165 tyrannici
1887 3093 2092 3148 tributi
2125 3129 2168 3194 Ο
2201 3091 2406 3173 "nostro
2437 3091 2787 3190 quocu‘nque
2819 3123 3098 3189 praetextu
3129 3124 3189 3174 te
3223 3091 3433 3174 n'ocew
3466 3091 3614 3182 Qum
3635 3128 3735 3180 cum,

444 3182 617 3235 modo
648 3183 802 3251 quod
836 3186 989 3252 peto,
1024 3181 1366 3236 facillimum
1407 3198 1710 3249 concessu,
1763 3181 2090 3254 impetrem.

440 3275 754 3331 Jusserunt
793 3294 997 3332 omnes
1035 3279 1227 3333 dicere
1277 3295 1402 3348 quae
1436 3277 1629 3333 vellet.
1681 3279 1748 3333 Et
1788 3278 1922 3346 ille;
1985 3279 2094 3334 Po-

442 3364 620 3431 stulo,
653 3364 866 3433 inquit,
901 3365 1017 3420 duo
1049 3367 1120 3419 ab
1151 3383 1216 3420 eo
1239 3366 1338 3436 qui
1375 3383 1465 3420 me
1495 3367 1566 3420 de
1597 3383 1757 3421 more
1804 3367 2094 3424 ducturus

441 3453 511 3506 ad
554 3451 780 3506 leonem
815 3457 925 3507 est:
954 3453 1210 3524 primum
1243 3469 1315 3508 ne
1347 3470 1440 3509 me
1482 3458 1686 3524 urgeat
1711 3455 1770 3510 in
1827 3455 1939 3523 via,
1986 3457 2088 3511 sed

443 3555 534 3593 me
557 3538 812 3594 arbitatu
837 3556 966 3595 meo
984 3541 1274 3596 moderari
1325 3558 1596 3612 gressum
1629 3543 1803 3600 sinat:
1839 3543 2089 3600 alterum

441 3632 507 3682 ut
538 3645 671 3683 cum
704 3645 885 3701 prope
915 3631 1338 3687 accesserimus
1355 3632 1428 3686 ad
1452 3632 1638 3688 leonis
1659 3649 1924 3704 specum,
1948 3633 2092 3688 deli-

440 3721 626 3772 tescat
656 3718 804 3789 ipse;
841 3735 975 3774 nam
1009 3737 1102 3775 me
1119 3737 1394 3792 apparere
1419 3725 1646 3793 oportet
1663 3721 1853 3777 solum
1884 3727 2090 3793 utquaa

441 3806 726 3862 destinavi
786 3824 1128 3864 successum
1191 3809 1478 3866 habeant.
1538 3809 1865 3881 Utrumque
1930 3812 2087 3868 haud

437 3901 673 3967 gravate
703 3896 934 3964 datum,
966 3904 1024 3953 et
1053 3899 1207 3970 quod
1239 3899 1387 3954 bene
1431 3903 1678 3955 verteret
1733 3901 2087 3972 imperatum

437 3987 709 4042 ministro
768 3988 1004 4059 publico
1071 3989 1538 4059 repraesentatori
1591 3989 1796 4044 tributi
1855 3995 1973 4056 est,
2025 3996 2089 4047 ut

435 4074 615 4146 lepori
653 4093 781 4148 quas
846 4075 1019 4132 vellet
1067 4079 1506 4148 obsequeretur.
1566 4078 1852 4134 Postridie
1912 4079 2084 4148 profi-

433 4164 757 4230 ciscuntur,
791 4183 985 4221 moras
1012 4167 1082 4221 de
1111 4166 1406 4222 industria
1437 4171 1706 4222 nectente
1745 4167 1940 4238 lepore
1971 4185 2085 4239 quo

433 4267 610 4321 quam
634 4254 975 4310 tardissime
1025 4271 1087 4310 se
1147 4255 1399 4311 sisteret.
1458 4255 1567 4310 Leo
1626 4255 1882 4322 interim,
1943 4257 2087 4312 hora

431 4339 657 4394 dudum
717 4343 1011 4412 praeterita
1067 4345 1329 4400 consueti
1381 4349 1608 4415 pastus,
1668 4346 1817 4399 fame
1882 4345 2083 4416 iraque

427 4427 1403 4504 stimulantibusimpatientissime
1435 4433 1686 4496 furebat,
1727 4449 1858 4488 cum
1913 4434 2082 4488 offert

425 4529 556 4570 ecce
605 4516 686 4571 illi
739 4535 801 4574 se
845 4521 956 4575 sub
1016 4537 1321 4592 vesperam
1382 4521 1544 4577 solus
1598 4526 1809 4593 praeter
1856 4539 2076 4578 morem

425 4601 617 4675 lepus,
649 4607 754 4662 Cui
783 4607 900 4674 ille,
925 4610 1060 4673 Quae.
1110 4609 1308 4665 isthaac
1368 4610 1586 4666 malum
1636 4610 1881 4683 perfidia
1937 4613 2073 4667 est?

421 4702 634 4774 inquit:
669 4707 887 4762 docebo
919 4724 1023 4779 ego
1045 4726 1145 4763 vos
1169 4711 1353 4781 pactis
1375 4715 1548 4765 stare.
1575 4708 1751 4764 Plura
1773 4710 2070 4766 dicturum

420 4796 477 4845 et
543 4791 882 4861 irruentem,
950 4796 1284 4868 interpellat
1340 4798 1767 4855 demississime
1821 4799 2070 4872 supplex

416 4878 607 4952 lepus.
652 4883 710 4938 Si
736 4900 828 4939 me
859 4885 1054 4952 audis,
1075 4887 1330 4957 domine,
1355 4889 1509 4958 quod
1530 4892 1633 4942 tua
1653 4888 1802 4943 scire
1824 4905 2064 4960 magno-

413 4984 550 5040 pere
583 4971 844 5042 interest,
879 4971 1198 5044 dicturum,
1224 4993 1337 5031 non
1363 4977 1555 5032 solum
1581 4977 1849 5048 ignosces
1873 4977 2064 5048 nobis,

409 5068 513 5122 sed
545 5072 601 5125 et
631 5069 903 5126 laudabis
935 5072 1108 5128 fidem
1147 5078 1421 5130 nostram.
1455 5075 1694 5130 Obvium
1731 5093 1794 5131 se
1823 5076 2062 5131 venien-

402 5155 563 5214 tibus
594 5157 710 5215 huc
744 5160 916 5216 nobis
945 5160 1190 5216 tulitleo
1213 5162 1386 5230 alius,
1411 5164 1508 5235 qui
1532 5165 1834 5219 ductorem
1858 5180 2057 5220 meum

403 5263 493 5302 me
553 5249 838 5320 majorem
897 5251 1192 5322 arripuit;
1253 5270 1317 5308 ac
1349 5253 1821 5308 contestantibus
1890 5254 2057 5310 enixe

398 5337 588 5404 nobis,
626 5345 957 5396 commeatu
996 5357 1100 5395 nos
1133 5345 1268 5395 tuos
1299 5355 1366 5396 ac
1390 5341 1565 5410 jussu
1625 5341 1886 5397 debitum
1946 5343 2053 5398 tibi

398 5427 636 5496 vectigal
718 5446 1005 5500 pensuros
1083 5429 1398 5499 proficisci,
1471 5429 1655 5484 nihilo
1710 5429 1808 5485 ille
1859 5432 2053 5487 secius

397 5516 620 5584 peregit
654 5519 805 5586 quod
840 5525 1092 5589 cmperat
1125 5517 1502 5573 contumeliis
1533 5517 1708 5574 etiam
1744 5535 1810 5574 ac
1870 5519 2048 5574 male-

395 5601 586 5670 dictis,
621 5621 746 5672 quae
790 5607 846 5660 in
879 5611 1055 5676 caput
1083 5607 1214 5676 ejus
1261 5612 1510 5673 vertant,
1570 5607 1936 5664 incomitiare
1992 5616 2048 5666 te

2201 3221 2316 3277 quo
2360 3206 2486 3261 loco
2543 3224 2635 3262 res
2683 3208 2856 3262 modo
2914 3212 3076 3273 sunt,
3136 3212 3258 3263 tam
3309 3200 3734 3263 necessariusleoni

2201 3295 2466 3366 regnanti
2485 3296 2832 3351 administer
2847 3295 3067 3367 publici
3092 3296 3394 3368 regiminis
3415 3294 3524 3350 tolli
3539 3294 3594 3348 de
3612 3289 3733 3345 medio

2200 3399 2314 3438 non
2347 3383 2532 3454 possit
2567 3385 2696 3440 sine
2726 3384 2887 3457 gravi
2937 3386 3289 3457 imperantis
3344 3387 3552 3442 damno.
3600 3394 3734 3436 revoca

2196 3473 2337 3527 dum
2370 3472 2506 3528 licet
2527 3473 2740 3530 rebelle
2763 3476 3156 3548 propositum,
3183 3481 3354 3547 teque
3374 3474 3427 3529 in
3456 3469 3735 3542 subjectionis

2195 3561 2385 3616 officio
2445 3562 2698 3619 contine.
2760 3563 2860 3618 His
2917 3563 3258 3636 Vestigator
3315 3565 3544 3626 auditis,
3590 3556 3738 3630 quievit

2195 3650 2387 3704 adhuc
2419 3651 2542 3705 dies
2571 3649 2814 3721 aliquot.
2840 3651 2975 3706 Post
3017 3669 3169 3723 quos
3197 3653 3416 3708 leonem
3445 3650 3608 3706 adiens
3644 3646 3734 3700 atla-

2196 3742 2350 3793 ctata
2373 3741 2652 3795 mmstitia
2681 3741 3138 3812 cogitabundus,
3175 3743 3247 3797 ab
3295 3759 3360 3797 eo
3413 3757 3517 3796 rem
3566 3737 3734 3792 mirante

2195 3828 2453 3883 audivit:
2489 3831 2622 3894 Qum
2653 3833 2707 3884 te
2739 3846 2949 3885 causa:
2988 3831 3218 3886 tristem
3242 3830 3411 3886 facit?
3436 3832 3510 3883 An
3529 3826 3608 3881 tibi
3632 3821 3730 3894 quod

2195 3916 2379 3972 nolles
2437 3917 2658 3988 aliquid
2717 3919 2974 3974 accidit?
3021 3923 3088 3974 Et
3131 3920 3272 3976 ille:
3332 3918 3531 3974 Accidit
3571 3912 3731 3970 omnino

2192 4006 2497 4061 infandum
2533 4012 2589 4061 et
2609 4007 2906 4063 funestum
2927 4008 3030 4062 tibi
3049 4009 3222 4078 juxta
3241 4008 3486 4078 mihique
3504 4004 3732 4075 quidpiam.

2193 4100 2368 4166 atque
2399 4094 2541 4150 illud
2568 4096 2860 4167 ejusmodi
2920 4098 3076 4169 quod
3135 4099 3278 4168 quia
3329 4097 3427 4152 tibi
3459 4097 3556 4150 fore
3600 4089 3730 4146 auditu

2194 4181 2503 4239 molestum
2525 4183 2666 4252 scio,
2681 4186 2753 4240 ab
2768 4203 2834 4241 eo
2853 4186 3168 4241 indicando
3194 4186 3509 4242 deterrebar
3526 4179 3729 4252 equidem:

2194 4279 2352 4328 metu
2375 4273 2705 4330 offendendi
2739 4292 2909 4331 aures
2940 4280 3074 4332 tuas
3105 4276 3320 4332 indicio
3351 4277 3582 4347 ingrato:
3605 4276 3728 4323 tamen

2193 4363 2290 4416 ubi
2324 4378 2520 4418 meum
2553 4364 3080 4435 ﬂagrantissimum
3110 4365 3320 4421 salutis
3339 4381 3400 4420 ac
3425 4354 3728 4435 prosperitatis

2112 4487 2155 4550 D
2190 4455 2300 4505 tua:
2345 4452 2610 4506 studium
2661 4455 2926 4524 consulo,
2992 4455 3192 4526 potius
3243 4453 3544 4509 habendam
3589 4441 3728 4550 capitis

2188 4556 2365 4609 quam
2397 4541 2630 4596 aurium
2664 4542 2942 4597 rationem
2984 4544 3226 4614 judico;
3287 4559 3387 4598 nec
3433 4535 3727 4594 dubitandum

2185 4634 2298 4683 tua:
2329 4629 2647 4685 imminens
2675 4631 2802 4685 vitae
2835 4632 3161 4703 periculum
3197 4646 3463 4696 avertere,
3489 4625 3561 4682 vel
3595 4623 3729 4680 obtm-

2183 4719 2395 4787 dendo,
2424 4735 2557 4774 cum
2591 4719 2670 4775 ita
2699 4738 2848 4792 opus
2872 4722 2971 4790 sit,
2998 4722 3234 4778 fastidio
3256 4720 3596 4791 inauspicata
3621 4725 3728 4766 meu-

2181 4807 2377 4862 tionis.
2414 4810 2600 4874 Quare
2633 4813 2753 4878 tua,
2786 4810 3044 4876 domine,
3088 4810 3376 4882 sapientia
3414 4823 3518 4861 rem
3561 4801 3726 4872 dignam

2178 4895 2404 4961 feceris,
2438 4895 2487 4949 si
2521 4912 2609 4951 me
2641 4897 2931 4967 patienter
2960 4897 3163 4953 audies
3195 4915 3262 4954 ea
3303 4899 3602 4952 referentem
3639 4882 3722 4955 ᾳυὶ·

2175 4984 2287 5039 bus
2319 4982 2644 5040 clarissime
2677 4986 2990 5058 perpicias,
3023 4992 3079 5041 et
3138 5003 3325 5042 meam
3356 4985 3409 5040 in
3439 4989 3487 5036 te
3515 4981 3722 5034 sinceram

2175 5073 2372 5142 fidem,
2404 5078 2462 5127 et
2491 5090 2692 5128 eorum
2709 5070 3518 5145 perfidiosasmolitiones,qui
3545 5059 3724 5122 summis

2171 5162 2291 5216 tuis
2308 5161 2603 5217 beneficiis
2623 5165 2936 5219 malefacta
2958 5167 3275 5236 rependere
3299 5162 3496 5218 nefaria
3520 5154 3721 5225 cogitant.

2171 5256 2358 5322 Atque
2389 5266 2495 5322 ego
2529 5250 2586 5305 in
2621 5251 2925 5323 procinctu
2960 5253 3272 5308 delationis
3307 5246 3624 5307 necessariae,
3650 5253 3721 5293 non

2169 5342 2411 5413 ignarus
2441 5339 2820 5396 artificiorum
2853 5341 3267 5408 simulationis,
3320 5337 3475 5394 facile
3523 5326 3717 5417 video

2165 5434 2451 5502 quantum
2487 5445 2580 5484 me
2597 5429 2999 5486 discriminem
3029 5431 3350 5502 projiciam,
3373 5424 3627 5500 periturus
3648 5415 3719 5469 nisi

2163 5534 2512 5590 persuasero
2543 5519 2699 5588 quod
2752 5519 2968 5576 dicam.
3029 5519 3295 5590 Erumpit
3352 5524 3526 5571 tamen
3568 5508 3717 5578 iurati?

2161 5608 2266 5661 tibi
2301 5605 2604 5662 fidelitatis
2635 5607 2894 5663 officium
2931 5613 3094 5664 trans
3124 5607 3318 5662 minas
3348 5600 3718 5662 formidinesque
