4002 6202
263 323 408 378 1265

1283 321 1643 373 SPECIMEN
1682 323 2082 377 SAPIENTIE
2123 326 2461 384 INDORUM
2498 333 2662 384 VET.

3549 332 3687 387 1266

255 448 833 519 omnes,subigitque
857 445 1565 516 aleamjacereinfortunii
1594 446 1913 515 quantivis,
1946 449 1997 514 Α
2031 467 2159 504 rum
2194 458 2431 523 putans,
2470 474 2645 511 manu
2681 456 3036 527 prehensum
3059 457 3306 527 projecit
3329 458 3384 512 in
3411 459 3678 527 ﬂuvium,

253 542 395 594 dum
433 538 564 602 tibi,
592 537 831 592 domine
862 536 1033 605 cujus
1069 551 1167 590 ore
1198 534 1512 589 venerabili
1548 534 1792 605 spiritus
1825 534 1920 590 hic

252 644 422 683 meus
459 627 734 691 trahitur,
768 626 855 680 vel
890 642 1019 679 meo
1053 624 1225 679 exitio
1274 623 1603 689 consulam,
1659 640 1724 678 ac
1779 636 1918 695 quo'

254 733 490 789 cunque
522 731 803 771 successu
837 715 1060 785 aperire
1086 714 1359 779 audeam,
1381 730 1508 783 quae
1544 712 1657 767 nisi
1691 730 1919 784 prieno-

249 806 427 875 veris,
450 804 721 860 ultimam
746 808 856 859 ate
886 802 1110 858 cladem
1148 802 1251 872 (dii
1285 818 1454 855 omen
1474 804 1914 873 averruncent!)

251 898 476 951 frustra
508 893 815 949 conaberis
839 891 1145 962 depellere.
1166 891 1289 945 Erit
1321 890 1529 945 solatio
1557 891 1918 946 conscientia

254 987 356 1039 tati
391 1001 568 1040 causa
597 982 863 1054 pereunti
896 1000 908 1039 :
957 997 1061 1035 nec
1092 979 1453 1052 generositas
1500 979 1913 1050 imprudentia:

251 1074 607 1145 culpabitur,
639 1072 843 1143 utique
874 1072 1283 1125 auctoritatem
1319 1073 1519 1124 secuta
1550 1069 1912 1139 sapientum,

248 1188 504 1245 quorum
563 1170 739 1241 vulgo
797 1169 1021 1224 celebre
1083 1168 1361 1238 probatur
1414 1166 1636 1221 dictum
1675 1184 1686 1221 :
1720 1167 1834 1222 Nec
1879 1185 1912 1223 a

248 1262 489 1317 subdito
521 1258 982 1315 benevolentiam
1020 1256 1291 1328 principi,
1328 1273 1431 1311 nec
1464 1257 1535 1311 ab
1569 1272 1723 1327 zegro
1759 1273 1911 1311 mor-

248 1354 396 1405 bum
431 1351 673 1413 medico,
706 1366 813 1404 nec
846 1367 875 1403 a
908 1362 1161 1419 paupere
1193 1347 1451 1418 inopiam
1505 1347 1668 1401 diviti
1715 1364 1748 1401 a
1782 1370 1783 1373 η
1819 1348 1907 1402 ico

251 1440 538 1495 abscondi
575 1455 830 1510 unquam
864 1442 1150 1508 oportere.
1203 1436 1403 1507 Accepi
1455 1453 1560 1507 ego
1583 1453 1615 1490 a
1647 1438 1903 1507 quodam

247 1529 362 1583 fide
419 1528 618 1599 digno,
669 1533 902 1581 taurum
939 1525 1273 1595 proceribus
1307 1525 1418 1579 sibi
1451 1525 1718 1580 obnoxiis
1752 1524 1902 1580 clam

247 1616 585 1674 convocatis
619 1616 838 1670 dixisse
875 1632 886 1667 :
920 1613 1397 1685 Experimentum
1430 1613 1578 1683 coepi
1604 1618 1697 1667 sat
1730 1614 1899 1683 longo

247 1710 371 1778 jam
398 1723 504 1761 usu
537 1704 901 1760 fortitudinis
933 1708 988 1757 et
1020 1703 1342 1772 prudentiae
1373 1701 1580 1765 leonis,
1613 1703 1903 1773 comperi-

2035 539 2133 592 ubi
2164 543 2475 597 confestim
2511 545 2607 599 ille
2639 545 2815 599 sociis
2846 544 3153 615 gratulans
3190 548 3444 600 narravit
3470 549 3677 603 mortis

2030 643 2092 681 se
2123 628 2496 687 simulatione
2528 634 2701 688 vitam
2734 635 3071 691 redemisse.
3104 634 3676 705 Tertiusimplicitus

2029 717 2138 770 reti
2192 722 2409 775 temere
2439 722 2755 793 cespitans,
2815 739 2881 777 ac
2925 740 3163 778 sursum
3198 724 3470 778 deorsum
3507 725 3674 779 cacis

2029 806 2284 862 motibus
2317 808 2670 880 impingens,
2700 811 2967 865 stultitiae
2992 828 3191 882 pmnas
3213 828 3330 866 suae
3348 815 3553 883 captus
3574 812 3671 866 de-

2029 894 2198 950 dit.Si
2211 895 2372 950 milia
2396 898 2651 967 patietur
2668 899 2938 970 quisquis
2952 901 3294 956 denuntiato
3308 900 3672 955 indormiens

2028 984 2306 1055 periculo,
2333 986 2654 1056 neglexerit
2683 988 2770 1043 vel
2803 991 3151 1061 tempestive
3186 996 3544 1061 przevertere,
3581 989 3669 1044 vel

2025 1072 2270 1127 solerter
2291 1074 2526 1130 eludere
2558 1076 2807 1133 insidias
2836 1078 2951 1133 fido
3001 1078 3216 1134 indicio
3261 1078 3669 1150 praecognitas.

2094 1178 2288 1233 XVIII.
2312 1179 2576 1252 Percipio
2598 1184 2755 1253 quod
2777 1183 2948 1250 dicis,
2972 1183 3059 1240 leo
3112 1185 3219 1251 ait;
3259 1184 3358 1239 sed
3383 1200 3495 1238 non
3530 1189 3670 1255 puto

2020 1271 2253 1321 taurum
2290 1268 2432 1323 nihil
2475 1287 2507 1324 a
2540 1286 2632 1324 me
2664 1288 2904 1342 passum
2941 1272 3099 1341 mali,
3149 1272 3313 1327 dolos
3345 1278 3547 1327 contra
3576 1290 3669 1328 me

2020 1356 2234 1411 moliri.
2268 1358 2483 1413 Contra
2523 1358 2855 1429 Vestigator
2882 1376 2895 1415 :
2923 1360 3040 1415 Hoc
3063 1360 3664 1432 ipsum,inquit,nihil

2018 1462 2051 1498 a
2081 1449 2137 1499 te
2163 1446 2299 1499 mali
2336 1463 2577 1517 passum
2610 1465 2740 1503 esse
2772 1453 3028 1516 taurum,
3063 1449 3257 1519 ipsum
3307 1449 3545 1519 impulit
3593 1451 3664 1504 ad

2017 1535 2420 1591 insidiandum
2460 1537 2565 1591 tibi
2603 1554 2615 1591 :
2650 1555 2783 1592 nam
2837 1538 3002 1593 illum
3062 1556 3243 1609 supra
3291 1554 3497 1593 omnes
3526 1539 3661 1592 eﬂ'e-

2015 1642 2172 1693 rens,
2204 1625 2259 1679 id
2285 1625 2476 1697 egisti,
2501 1632 2563 1681 ut
2585 1632 2641 1681 te
2664 1627 2854 1682 solum
2889 1628 3460 1700 intueretur,quippe
3486 1642 3662 1698 quem

2012 1730 2197 1768 unum
2230 1714 2470 1769 haberet
2499 1732 2677 1786 supra
2708 1733 2789 1787 se,
2819 1716 3103 1787 depositis
3142 1717 3296 1771 infra
3322 1718 3549 1771 cunctis
3573 1731 3663 1770 re-

251 1813 368 1868 que
401 1800 709 1866 utramque
744 1793 1122 1860 mediocrem,
1156 1808 1227 1845 ne
1256 1792 1543 1845 mOdiCdm
1577 1808 1639 1845 ac
1672 1792 1897 1847 ηυηειῐη
1929 1808 1976 1871 Β
2012 1802 2209 1874 liquis.
2264 1804 2363 1858 Est
2407 1809 2601 1859 autem
2657 1810 2868 1860 natura
2899 1806 3301 1874 improbarum
3346 1804 3660 1872 mentium,

244 1886 442 1941 verius
471 1885 683 1939 dicam.
720 1884 797 1937 Ex
828 1882 936 1936 hoc
967 1882 1097 1951 ejus
1127 1880 1359 1934 exordio
1393 1880 1643 1935 divinavi
1698 1882 1897 1936 statim

245 1975 385 2044 quid
421 1973 658 2029 sceleris
690 1988 755 2026 ac
791 1970 1037 2025 monstri
1071 1968 1292 2038 reliqua
1338 1970 1655 2039 parturiret
1688 1971 1896 2025 oratio.

246 2063 486 2118 Minime
544 2061 815 2116 videlicet
872 2061 1186 2114 obscurum
1227 2062 1316 2112 est
1361 2058 1511 2112 hanc
1542 2059 1671 2128 ejus
1704 2059 1898 2131 impu-

245 2153 505 2207 dentiam
540 2169 604 2205 eo
639 2165 1035 2221 prorumpere,
1073 2152 1136 2201 ut
1159 2151 1234 2215 te,
1268 2146 1367 2217 qui
1398 2163 1531 2201 eum
1555 2149 1814 2203 extulisti
1839 2149 1896 2203 in

245 2244 428 2296 ferme
458 2257 657 2311 parem
701 2238 806 2293 tibi
854 2238 1161 2305 honorem,
1196 2236 1412 2291 nefarie
1461 2238 1776 2291 deturbare
1828 2240 1897 2292 de

243 2330 395 2385 solio
437 2329 773 2397 contendat,
820 2326 1045 2397 tibique
1076 2330 1368 2380 extortum
1404 2325 1715 2396 imperium
1751 2327 1896 2381 arri-

245 2433 402 2488 pere.
446 2417 684 2485 Oportet
737 2419 932 2469 autem
999 2429 1163 2484 reges
1223 2414 1419 2467 subito
1478 2430 1543 2467 ac
1604 2414 1899 2469 senserint

248 2506 567 2561 machinari
626 2504 856 2575 aliquos
944 2519 1189 2575 regnum
1264 2502 1525 2572 ipsorum
1584 2502 1895 2572 invadere,

250 2619 660 2677 przeoccupare
693 2608 929 2657 strenue
961 2601 1180 2655 nefaria
1213 2599 1477 2665 consilia,
1527 2601 1896 2673 dejicereque

247 2699 476 2749 mature
504 2692 779 2763 perfidos,
804 2707 908 2745 nec
931 2689 1291 2744 committere
1318 2690 1729 2760 intempestiva
1751 2690 1895 2745 leni-

251 2787 368 2837 tate
419 2787 483 2836 ut
530 2780 960 2836 scelestissima:
986 2778 1317 2833 molitiones
1350 2780 1557 2850 ignava
1588 2779 1894 2835 nutricata:

248 2868 540 2941 patientia
570 2866 889 2921 valentium
928 2865 1235 2936 principiis
1268 2866 1521 2930 obstare,
1555 2866 1894 2922 adolescant

240 2958 304 3013 in
330 2957 446 3010 vim
479 2957 689 3011 deinde
723 2956 1025 3025 majorem,
1076 2970 1255 3024 quam
1308 2958 1371 3007 ut
1429 2954 1479 3008 ei
1534 2959 1801 3023 apertum
1835 2957 1893 3010 in

236 3054 519 3102 conatum
552 3044 881 3115 erumpenti
913 3048 1088 3114 queat
1147 3043 1377 3097 obsisti.
1425 3042 1609 3111 Cujus
1657 3042 1895 3099 laudate

2007 1892 2323 1962 praesertim
2355 1893 2675 1948 ambitione
2697 1898 3131 1965 corruptarum,
3158 1893 3449 1964 quidquid
3474 1892 3662 1947 oculis

2004 1980 2282 2049 objicitur
2314 1980 2689 2051 splendidum
2724 1982 2883 2036 omni
2915 1982 2971 2036 vi
3006 1998 3304 2054 prensare,
3330 1998 3395 2036 ac
3427 1986 3547 2035 toto
3571 1997 3660 2036 co-

2006 2075 2145 2124 natu
2180 2069 2410 2139 insequi
2444 2074 2507 2124 ut
2537 2071 2842 2142 arripiant.
2878 2072 2957 2126 Ex
2990 2072 3095 2126 hoc
3145 2087 3360 2143 genere
3406 2075 3613 2125 taurus
3642 2087 3657 2139 ;

2003 2158 2109 2213 etsi
2154 2175 2255 2229 per
2284 2163 2441 2213 tuam
2492 2175 2788 2214 summam
2821 2160 3247 2231 indulgentiam
3280 2160 3495 2215 solium
3519 2160 3645 2231 jam

2004 2248 2185 2301 ferme
2208 2251 2375 2301 tuum
2401 2247 2908 2320 attigit,supremte
2932 2254 3043 2303 tua:
3067 2248 3433 2305 auctoritatis
3470 2252 3655 2323 parti-

2003 2351 2141 2407 ceps
2172 2335 2231 2390 in
2262 2335 2443 2391 libera
2501 2353 2692 2392 rerum
2750 2337 3255 2393 administratione
3288 2339 3500 2406 factus,
3538 2359 3655 2399 non

2002 2430 2198 2479 tamen
2223 2425 2276 2479 id
2312 2424 2395 2479 illi
2428 2425 2670 2491 sufficit,
2697 2426 2798 2481 sed
2820 2429 2875 2480 et
2895 2430 2949 2480 te
2967 2425 3247 2497 collegam
3271 2426 3639 2499 indignatur,

2002 2514 2281 2585 solusque
2304 2514 2548 2586 imperio
2574 2515 2745 2586 potiri
2777 2515 3161 2570 studensvias
3194 2515 3339 2570 adid
3380 2516 3650 2589 obliquas

2002 2608 2187 2675 parat,
2211 2602 2361 2658 male
2383 2603 2493 2658 sibi
2521 2603 2891 2659 consciorum
2935 2620 3096 2659 more
3143 2620 3446 2676 nunquam
3494 2613 3655 2664 recta

2000 2692 2394 2761 tendentium,
2456 2708 2559 2762 per
2616 2693 2919 2748 anfractus
2978 2708 3210 2762 semper
3248 2709 3313 2748 ac
3361 2694 3652 2753 circuitus

2001 2780 2420 2852 grassantium.
2479 2781 2558 2836 Eo
2619 2781 2871 2836 tendunt
2900 2782 3364 2838 assentationum
3411 2789 3565 2841 artes
3596 2794 3651 2841 et

2001 2868 2271 2923 affectata
2301 2868 2602 2924 simulatio
2628 2870 2915 2940 obsequii,
2950 2886 3055 2925 nec
3086 2887 3287 2941 speres
3316 2871 3641 2943 inexplebi-

2001 2956 2080 3011 lia
2112 2957 2403 3012 desideria
2432 2957 2637 3012 talium
2672 2959 2864 3013 dando
2886 2959 3268 3029 satiarezquo
3312 2958 3480 3029 plura
3510 2979 3653 3017 con-

1998 3047 2248 3116 gesseris
2282 3045 2417 3116 plus
2460 3051 2766 3117 appetunt.
2794 3046 2865 3102 Ut
2895 3046 3050 3117 ignis
3081 3047 3145 3100 fit
3177 3047 3433 3102 voratior
3463 3066 3646 3104 accu-

243 3142 429 3208 atque
463 3137 533 3191 ad
566 3135 843 3207 probrum
873 3134 931 3187 in
962 3132 1283 3187 infortunio
1314 3132 1614 3187 vitandum
1650 3150 1891 3205 prorsus
1921 3162 1963 3227 ρ
2004 3134 2321 3189 mulatione
2353 3134 2606 3190 materiai
2642 3152 2654 3201 ;
2688 3152 2793 3190 nec
2826 3140 2984 3190 recta
3010 3135 3187 3205 hujus
3247 3136 3499 3193 ﬂammae
3555 3139 3648 3195 via

237 3228 584 3284 necessariae
619 3225 910 3279 cautionis
940 3225 1087 3278 duos
1135 3223 1425 3293 quosdam
1460 3224 1675 3293 gradus
1698 3223 1888 3289 video,

239 3316 599 3391 provisionis
629 3313 920 3369 celeritate
949 3313 1305 3367 differentes.
1342 3312 1505 3366 Prior
1537 3313 1721 3366 multo
1757 3317 1892 3367 ante

239 3409 488 3465 odorata
518 3401 864 3475 periculum,
900 3401 1037 3455 huic
1070 3400 1261 3455 adhuc
1292 3400 1462 3472 longe
1499 3402 1686 3472 posito
1720 3418 1889 3457 secu-

241 3514 375 3552 rum
408 3493 686 3563 etfugium
720 3490 1037 3563 przevertit;
1068 3489 1252 3544 altera
1274 3490 1486 3555 cautio,
1511 3491 1749 3561 segnius
1774 3497 1891 3545 sat-

236 3603 424 3658 agens
457 3586 526 3639 ad
566 3583 853 3637 indicium
886 3579 1234 3634 insidiarum
1269 3580 1547 3651 primum,
1592 3581 1889 3637 admoveri

233 3694 299 3731 se
342 3674 485 3729 sinit
540 3671 898 3737 discrimini;
959 3675 1231 3725 caeterum
1292 3669 1349 3722 in
1410 3675 1634 3723 arctum
1694 3676 1890 3727 coacta

234 3780 477 3821 summo
509 3762 741 3816 tandem
775 3764 986 3814 conatu
1049 3758 1299 3813 salutem
1349 3758 1597 3828 expedit.
1652 3760 1735 3813 Ab
1796 3762 1889 3815 his

232 3854 415 3909 tertia
445 3856 535 3906 est
562 3849 815 3921 ingloria
846 3846 1052 3903 classis
1090 3847 1311 3901 inertiae
1345 3848 1888 3917 contemptissimae,

230 3950 491 4023 opprimi
524 3966 586 4003 se
618 3964 719 4019 per
746 3944 1198 4001 somnolentiam
1226 3944 1598 4015 patientium,
1627 3945 1886 4001 immise-

232 4040 409 4095 rabili
444 4039 596 4110 apud
630 4052 831 4091 omnes
862 4034 1217 4100 conditione,
1244 4035 1461 4105 quippe
1489 4051 1738 4104 quorum
1769 4037 1887 4090 cxi-

234 4131 413 4195 tium,
448 4129 725 4183 dedecore
747 4124 1025 4179 socordiae
1053 4123 1443 4191 cumulatum,
1470 4141 1637 4179 nemo
1661 4129 1747 4179 est
1788 4126 1887 4196 qui

238 4236 357 4273 non
392 4218 538 4289 ipsis
572 4214 780 4269 merito
837 4214 1099 4267 evenisse
1159 4213 1424 4268 fateitur.
1476 4213 1794 4283 Imaginem
1830 4214 1885 4266 in

234 4306 509 4377 exemplo
538 4319 856 4375 proponam
892 4302 1141 4373 triplicis
1175 4302 1344 4356 istius
1377 4302 1619 4355 ordinis.
1662 4302 1889 4357 Lacuna

235 4400 367 4450 erat
397 4394 605 4459 brevis,
632 4392 787 4446 amni
811 4391 998 4445 vicino
1023 4391 1362 4455 commissa,
1390 4390 1445 4444 in
1480 4408 1592 4461 qua
1624 4395 1741 4445 tres
1776 4392 1888 4446 ha-

231 4483 511 4539 bitabant
542 4480 851 4535 dissimilis
896 4480 1045 4533 inter
1078 4496 1137 4532 se
1182 4478 1484 4548 qualitatis
1518 4479 1726 4550 pisces.
1761 4480 1883 4534 Pri-

227 4590 370 4627 mus
403 4576 531 4626 erat
562 4568 1076 4644 prudentissimus,
1104 4567 1251 4621 alter
1283 4585 1395 4621 non
1419 4584 1657 4637 prorsus
1684 4569 1883 4635 hebes,

227 4662 445 4717 tertius
478 4659 873 4714 stolidissime
906 4662 1242 4727 compertus
1268 4655 1536 4710 inscitia).
1566 4657 1885 4713 Piscatores

225 4753 299 4805 ad
339 4752 563 4805 lacuna:
588 4765 749 4803 oram
774 4748 957 4801 auditi
982 4748 1052 4800 ab
1076 4746 1352 4800 omnibus
1373 4750 1512 4798 sunt
1544 4764 1673 4800 cum
1696 4747 1885 4818 palam

229 4840 617 4895 condieerent
638 4838 839 4892 horam
871 4840 1089 4890 certam
1110 4852 1223 4903 qua
1244 4835 1563 4889 everriculo
1602 4836 1885 4905 piscinam

231 4934 419 4985 totam
482 4930 905 4981 scrutarentur.
968 4924 1317 4978 Admonitus
1352 4922 1451 4977 illa
1479 4941 1613 4977 voce
1664 4926 1887 4995 primus

232 5029 441 5102 piscis,
480 5028 809 5099 periculosa
844 5026 1035 5080 subito
1070 5026 1355 5079 excedens
1387 5024 1655 5092 statione,
1688 5024 1743 5077 in
1781 5026 1887 5079 flu-

234 5124 400 5175 vium
435 5135 498 5174 se
532 5117 859 5172 transtulit.
894 5116 1200 5169 Secundus
1233 5130 1428 5167 moras
1456 5113 1647 5167 adhuc
1681 5114 1736 5166 in
1766 5113 1889 5168 loco

234 5210 441 5275 traxit,
478 5208 791 5278 quamdam
826 5205 1181 5275 voluptatem
1237 5218 1509 5272 sequens,
1543 5202 1732 5271 quoad
1764 5204 1885 5271 jam

226 5296 530 5369 expeditis
563 5296 787 5350 retibus
819 5294 1006 5347 adorti
1042 5292 1340 5357 negotium
1376 5292 1693 5361 piscatores
1725 5307 1893 5361 agere

230 5391 511 5459 ferreque
548 5387 820 5440 lacunam
848 5388 1159 5453 cceperant.
1194 5384 1357 5435 Tunc
1383 5382 1499 5445 ille,
1534 5381 1617 5434 vel
1647 5398 1775 5435 sero
1806 5399 1893 5433 sa-

231 5479 435 5550 piens,
498 5476 816 5530 intereluso
864 5474 987 5543 jam
1036 5472 1189 5527 exitu
1232 5473 1282 5524 in
1322 5472 1561 5533 ﬂumen,
1599 5475 1893 5523 mortuum

231 5568 557 5635 simulans,
586 5566 902 5636 resupinus
928 5563 1191 5631 ﬂuitavit,
1213 5577 1486 5616 successu
1510 5565 1898 5631 stratagema-

222 5662 254 5713 ι
272 5663 322 5715 is
344 5675 459 5714 non
494 5657 777 5723 infausto;
796 5671 930 5709 nam
952 5653 1301 5708 exstinctum
1320 5668 1449 5707 eum
1474 5667 1628 5705 unus
1648 5651 1899 5721 piscato-

2002 3228 2110 3290 est,
2144 3224 2201 3278 in
2235 3239 2469 3278 omnem
2503 3227 2727 3294 partem
2756 3224 2987 3279 fumosa
3008 3240 3137 3279 sese
3167 3226 3358 3279 vibrat
3383 3241 3447 3280 ac
3471 3226 3651 3297 repli-

2002 3318 2095 3368 cat
2129 3329 2142 3367 :
2178 3312 2260 3367 sic
2306 3312 2453 3367 istos
2501 3328 2710 3383 pravos
2740 3316 3088 3383 astutosque
3119 3313 3357 3369 assidue
3388 3315 3646 3370 circum-

2002 3406 2185 3472 agunt
2208 3401 2539 3472 caliginosaa
2562 3401 2839 3472 ambages
2859 3401 3095 3457 malitiae
3117 3406 3396 3458 versuta):
3423 3408 3487 3459 ut
3508 3420 3644 3460 cau-

2001 3492 2134 3545 dam
2168 3490 2330 3545 canis
2362 3496 2570 3545 natura
2603 3490 2896 3556 inﬂexam,
2922 3492 2969 3545 si
2995 3490 3131 3560 quis
3180 3490 3275 3546 filo
3314 3492 3550 3562 ligatam
3583 3494 3642 3549 in

2000 3580 2285 3634 directum
2318 3581 2660 3647 extenderit,
2690 3580 2842 3634 haud
2869 3581 3215 3635 duraturam
3251 3581 3301 3635 ei
3336 3582 3640 3636 rectitudi-

2000 3684 2131 3722 nem
2174 3668 2482 3733 tribuerit;
2545 3667 2644 3722 illa
2693 3670 2847 3721 enim
2882 3668 3079 3721 statim
3113 3684 3178 3722 ac
3211 3686 3271 3722 se
3306 3670 3644 3724 relaxaverit

1998 3758 2288 3811 contentio
2320 3756 2626 3823 trahentis,
2660 3755 2995 3826 obliquitati
3042 3771 3103 3810 se
3156 3757 3359 3810 reddet
3404 3758 3641 3814 innatae.

1998 3845 2198 3900 Sentio
2244 3845 2395 3914 quod
2435 3844 2603 3897 initio
2639 3844 3040 3914 praevideram,
3075 3843 3229 3897 haud
3267 3844 3371 3897 tibi
3421 3846 3643 3914 placere

1998 3951 2127 4005 quae
2149 3949 2427 3988 memoro.
2460 3936 2747 3987 Caeterum
2784 3948 2885 3986 nec
2918 3932 3229 4003 pharmace
3261 3938 3476 4003 aegroto
3520 3933 3643 4002 pla-

1997 4029 2163 4079 cent:
2190 4030 2385 4078 tamen
2412 4023 2523 4077 nisi
2548 4039 2614 4077 ea
2637 4022 2992 4093 degiutierit,
3023 4022 3139 4077 vita
3165 4023 3429 4088 excidet;
3482 4030 3643 4077 eate-

2000 4129 2229 4183 nusquc
2260 4112 2343 4167 illi
2404 4110 2719 4167 benevolus
2773 4117 2859 4166 est
2904 4111 3188 4176 medicus,
3223 4116 3515 4181 quatenus
3547 4111 3639 4164 in-

1997 4207 2165 4273 grata
2192 4201 2476 4272 praecipit,
2502 4201 2699 4270 qualia
2732 4200 3026 4271 languenti
3051 4200 3309 4254 salubria
3328 4199 3452 4254 sola
3477 4205 3638 4253 sunt.

2001 4299 2077 4346 Ac
2109 4292 2191 4346 sic
2222 4290 2371 4345 habe
2421 4290 2707 4359 optimum
2741 4305 2869 4343 esse
2900 4288 3220 4353 subditum,
3253 4288 3354 4359 qui
3418 4305 3528 4342 non
3564 4289 3634 4342 ad

2000 4382 2251 4453 gratiam
2310 4378 2527 4447 servit;
2588 4380 2840 4433 amicum
2901 4378 2996 4447 qui
3049 4376 3236 4441 utilia,
3274 4394 3387 4432 non
3426 4376 3643 4432 blanda

1997 4469 2279 4534 consulit;
2314 4468 2612 4538 negotium
2673 4468 2825 4537 quod
2888 4466 3039 4521 felici
3096 4465 3251 4519 exitu
3311 4464 3638 4533 clauditur;

1999 4557 2385 4626 laudemiquae
2419 4573 2451 4609 a
2483 4556 2651 4611 bonis
2682 4556 2888 4623 datur;
2922 4554 3242 4625 principem
3272 4553 3644 4623 praesidentia

1998 4664 2111 4701 non
2144 4646 2481 4716 turgidum;
2535 4644 2772 4698 divitem
2822 4660 2933 4697 non
2968 4643 3145 4697 nimis
3178 4647 3469 4697 attentum
3520 4642 3641 4709 rei;

1996 4735 2254 4790 sodalem
2281 4752 2393 4789 non
2436 4733 2889 4788 contentiosum.
2926 4733 3149 4787 Dicitur
3168 4732 3349 4788 ethoc
3375 4733 3546 4802 vulgo
3578 4748 3644 4786 ac

1995 4842 2149 4893 vere,
2182 4821 2498 4893 optabilius
2530 4838 2658 4877 esse
2688 4838 2867 4891 supra
2898 4838 3120 4892 prunas
3159 4821 3358 4876 cinera
3386 4826 3643 4892 opertas,

1997 4919 2098 4968 aut
2129 4929 2303 4981 super
2332 4912 2559 4982 viperas
2591 4911 2877 4974 incedere,
2906 4926 3084 4981 quam
3118 4910 3328 4965 habere
3356 4909 3413 4963 in
3437 4914 3643 4965 contu-

1998 5003 2201 5057 bernio
2232 5000 2612 5054 insidiantem
2647 4999 2774 5053 vitae
2806 5016 2945 5053 suas.

2070 5108 2208 5163 XIX.
2245 5108 2373 5161 Haec
2402 5122 2613 5175 magno
2641 5105 2846 5159 ardore
2890 5105 3275 5159 disserentem
3308 5104 3640 5175 Vestigato-

2001 5215 2122 5253 rem
2158 5199 2395 5251 intuens
2426 5194 2647 5266 placide
2675 5194 2760 5249 leo
2795 5193 3351 5249 Benevolentissime
3402 5200 3460 5245 tu
3512 5192 3641 5261 qui-

2004 5289 2157 5352 dem,
2192 5287 2294 5353 ait,
2318 5302 2517 5339 verum
2542 5285 2722 5338 cruda
2748 5284 3014 5353 quedam
3032 5288 3087 5338 et
3114 5284 3317 5336 auditu
3352 5281 3497 5333 dura
3528 5279 3643 5333 ista

2004 5392 2316 5431 memoras.
2352 5375 2461 5430 Sed
2506 5374 2713 5429 demus
2742 5372 2823 5426 ita
2848 5389 2975 5428 esse
3006 5373 3076 5425 de
3106 5376 3294 5433 tauro,
3340 5372 3404 5421 ut
3459 5368 3641 5421 refers

2006 5474 2199 5519 tamen
2244 5465 2548 5518 herbivora
2572 5462 2752 5516 bestia
2775 5460 2910 5529 quid
2941 5476 3145 5514 nocere
3172 5456 3313 5510 mihi
3338 5456 3638 5508 carnivoro

2008 5554 2256 5627 poterit?
2282 5553 2502 5607 Natura
2532 5552 2694 5605 illum
2724 5566 2867 5603 mea:
2900 5548 3045 5618 gulae
3087 5543 3423 5613 vectigalem
3458 5543 3590 5597 fecit
3624 5562 3636 5599 :

2010 5662 2135 5717 ego,
2170 5643 2283 5698 nisi
2316 5642 2540 5697 iactura
2598 5642 2728 5694 ﬁam
2764 5643 2865 5692 aut
2898 5636 3103 5700 malva,
3138 5635 3338 5687 dentes
3368 5632 3527 5686 illius
3560 5633 3635 5686 tiv
