3984 6202
283 277 423 332 1267

1802 259 2033 316 APPEN
2043 259 2163 313 [ΠΧ
2171 297 2184 311 .

3575 254 3714 310 12138

287 418 445 457 mere
478 415 590 454 nou
623 397 821 450 debeo.
857 393 960 447 Hic
994 393 1329 463 Vestigator
1353 406 1365 444 :
1392 389 1472 444 Ne
1511 404 1689 454 erres,
1722 385 1938 456 inquit,
1973 385 2023 450 Α
2059 383 2372 452 praeferens
2404 379 2859 435 mmstitudinem
2891 378 3091 434 vultus
3119 382 3174 434 et
3205 377 3428 435 indicia
3469 379 3720 451 agritu-

284 488 544 553 domine,
580 484 735 539 haud
785 481 1036 538 solidam
1096 481 1274 535 habet
1331 479 1520 533 basim
1549 479 1665 532 ista
1696 475 1940 530 ﬁducia.

289 578 450 634 Ultro
481 576 668 630 fateor
698 577 932 627 taurum
984 586 1089 642 per
1135 585 1198 624 se
1252 568 1407 623 haud
1459 567 1731 621 idoneum
1781 564 1852 618 ad
1887 569 1942 618 te

285 663 724 722 deturbandum
770 677 898 717 esse
949 676 1150 715 verum
1177 658 1333 729 quod
1361 674 1464 729 per
1488 672 1550 711 se
1581 671 1696 710 non
1729 657 1940 725 potest,

286 771 390 826 per
419 752 566 808 alios
598 751 802 816 faciet;
837 753 937 805 aut
967 749 1037 804 de
1081 747 1370 802 industria
1427 745 1727 801 concitans
1779 743 1836 797 in
1891 746 1945 797 te

289 842 600 916 populum,
621 843 724 895 aut
742 838 1108 894 occasionem
1140 835 1443 892 rebellioni
1469 833 1755 905 praebens,
1783 832 1943 887 odio-

294 947 429 988 sum
493 934 547 984 te
609 928 926 983 reddendo.
977 926 1140 981 Sicut
1173 925 1493 994 aliquando
1527 921 1701 994 pulex
1755 921 1947 975 aerius

296 1034 567 1091 pungens
597 1016 856 1088 sopitum
889 1015 1190 1071 hominem
1223 1030 1403 1068 causa
1453 1010 1734 1083 pereundi
1784 1010 1948 1080 pedi-

301 1109 430 1164 culo
465 1107 755 1177 fuitjuxtu
791 1105 984 1176 ipsum
1038 1103 1363 1158 modestius
1412 1120 1479 1157 ex
1528 1101 1730 1156 eodem
1774 1100 1950 1154 ubere

305 1196 559 1268 augenti.
601 1195 936 1266 Experrecti
968 1193 1124 1248 enim
1161 1209 1370 1248 manus
1404 1209 1468 1246 eo
1491 1206 1799 1246 accurrens
1835 1204 1950 1258 quo

303 1303 512 1342 sensus
534 1284 752 1340 doloris
777 1284 971 1350 traxit,
997 1283 1248 1354 pulicem
1300 1282 1537 1353 quidem
1591 1278 1762 1334 celeri
1796 1278 1949 1333 saltu

305 1374 632 1430 evolantem
668 1372 956 1444 corripere
1011 1389 1126 1426 non
1160 1371 1368 1442 potuit,
1419 1369 1599 1423 alium
1635 1366 1798 1422 illum
1835 1371 1953 1421 tar-

308 1467 552 1531 diorem,
580 1480 686 1519 nec
719 1480 952 1518 morsus
976 1478 1246 1516 somnum
1273 1459 1952 1523 excutientisauctorem,

308 1553 476 1609 alinaa
507 1552 733 1623 injuria
767 1551 997 1623 piaculo
1033 1550 1328 1605 mactavit.
1370 1551 1431 1604 in
1465 1565 1694 1603 summa
1725 1547 1810 1602 sic
1840 1544 1954 1600 col-

313 1643 466 1713 ligo:
493 1640 884 1712 peregrinanti
919 1657 1019 1710 per
1065 1639 1328 1710 ignotam
1363 1638 1656 1709 regionem
1699 1633 1957 1690 certissi—

2051 471 2208 525 dinis
2241 469 2518 539 ingentis.
2561 469 2824 540 Exceptit
2857 469 3028 522 illum
3063 483 3165 539 pro
3199 469 3371 523 veteri
3425 468 3715 537 amicitia,

2051 576 2192 615 sane
2225 558 2616 628 familiariter,
2651 557 2797 612 nihil
2853 556 3078 613 sinistri
3115 559 3430 629 suspicans
3464 567 3714 614 taurus:

2052 657 2232 713 Heusl
2260 662 2346 721 tu,
2366 655 2711 727 inquiens-,0
2737 655 3016 720 bone,ubi
3040 660 3268 710 tantum
3295 659 3387 712 est
3414 657 3722 712 moratus?

2053 747 2328 801 saeculum
2359 749 2450 801 est
2480 762 2547 800 ex
2579 762 2696 816 quo
2740 744 2986 800 invicem
3023 761 3136 800 non
3168 745 3470 810 vidimus;
3506 747 3610 800 sed
3644 762 3713 800 eo

2055 853 2146 891 me
2177 835 2450 891 consolor
2488 836 2642 906 quod
2696 839 3092 905 questuosam
3150 834 3253 889 tibi
3299 835 3483 889 fuisse
3538 851 3717 890 moras

2055 941 2294 981 causam
2319 939 2506 996 spero.
2533 924 2635 979 Dic
2658 924 2870 995 agesis,
2894 925 3029 993 quid
3054 925 3129 979 ab
3152 923 3364 980 ultimo
3389 937 3716 997 congressu

2057 1021 2258 1070 nostro
2290 1015 2553 1070 lucratus
2584 1014 2719 1068 boni
2754 1013 2854 1068 es?
2905 1014 2990 1068 Ad
3042 1030 3108 1068 ea
3157 1012 3507 1083 Vestigator,
3542 1013 3713 1069 nullo

2057 1105 2248 1160 arrisu
2277 1103 2578 1159 tristitiam
2631 1107 2963 1174 temperans
2988 1119 3001 1156 :
3027 1101 3172 1157 Nam
3191 1103 3359 1173 quid,
3384 1104 3483 1169 ait,
3517 1110 3716 1175 potest

2058 1195 2188 1249 boni
2210 1193 2551 1264 contingere
2581 1187 2889 1247 arbitrium
2933 1192 3025 1246 sui
3059 1208 3173 1246 non
3209 1191 3471 1256 habenti,
3511 1195 3611 1247 sed
3644 1209 3720 1248 ex

2061 1283 2280 1338 domini
2312 1283 2638 1354 arrogantis
2656 1289 2713 1336 et
2740 1281 2901 1337 infidi
2931 1287 3071 1336 nutu
3100 1282 3362 1337 instabili
3388 1298 3724 1354 suspensas

2059 1375 2188 1428 vitta
2212 1390 2276 1427 ac
2297 1376 2487 1428 status
2506 1371 2718 1426 misere
2733 1370 2986 1426 trahenti
3013 1370 3309 1426 rationes?
3335 1372 3496 1426 Boas
3521 1374 3726 1437 verba,

2059 1469 2266 1518 taurus
2316 1462 2536 1532 inquit;
2568 1477 2638 1515 an
2673 1477 2884 1532 passus
2913 1477 2977 1516 es
3025 1460 3246 1531 aliquid
3283 1462 3442 1532 quod
3477 1460 3674 1516 nolles
3699 1461 3728 1515 ?

2063 1561 2167 1614 ede
2197 1559 2334 1628 quid
2357 1573 2518 1612 novae
2541 1559 2620 1612 rei
2665 1561 2774 1612 est.
2810 1556 2913 1611 Hic
2955 1555 3326 1627 Vestigator:
3356 1557 3503 1621 Quis
3540 1557 3729 1640 vitare

2063 1653 2240 1720 queat
2271 1647 2430 1702 fatali
2463 1646 2810 1702 necessitate
2869 1646 3152 1718 ingruens
3211 1645 3459 1716 malum,
3494 1654 3602 1701 aut
3635 1647 3731 1702 eu1

317 1732 431 1786 mis
464 1729 811 1802 pignoribus
853 1729 1062 1784 debere
1093 1732 1358 1784 constare
1388 1727 1459 1782 de
1493 1726 1604 1781 fide
1635 1741 1700 1780 ac
1732 1723 1958 1778 sincera

2069 1737 2269 1793 auiicae
2301 1736 2600 1792 servitutis
2656 1736 2714 1789 in
2777 1735 3017 1806 obsequi
3079 1736 3414 1807 principum
3465 1735 3735 1791 trahenti

317 1817 720 1875 benevolentia
749 1818 878 1889 eius
900 1817 992 1872 cui
1017 1834 1078 1873 se
1100 1816 1462 1874 ductandum
1487 1814 1681 1870 tradit.
1711 1817 1958 1868 Persua-

319 1925 422 1964 sus
447 1907 537 1963 bis
573 1907 950 1964 sermonibus
990 1907 1075 1963 leo
1102 1923 1115 1962 :
1142 1905 1288 1972 Quid
1314 1905 1514 1976 igitur,
1549 1902 1759 1973 inquit,
1785 1917 1960 1973 agen-

318 2001 456 2052 dum
504 1998 634 2052 est?
674 1995 779 2053 Cui
828 1995 1162 2066 Vestigator
1195 2012 1208 2049 :
1243 1995 1396 2050 Dens
1447 1993 1814 2065 putrefactus
1845 2009 1960 2046 non

315 2089 481 2143 aliter
518 2085 707 2141 curari
756 2102 933 2157 quam
965 2084 1262 2140 evulsione
1312 2087 1518 2153 potest,
1551 2087 1607 2137 et
1636 2081 1804 2136 cibus
1834 2097 1960 2136 cor-

313 2183 522 2247 ruptus
552 2191 801 2247 gravans
835 2173 1226 2240 stomachum,
1270 2172 1379 2227 nisi
1435 2170 1650 2226 vomitu
1703 2170 1958 2241 ejicitur,

308 2263 538 2322 occidit.
574 2263 775 2319 Dicam
808 2262 987 2334 igitur
1031 2268 1221 2329 tauro,
1256 2262 1345 2316 leo
1385 2260 1599 2331 inquit,
1637 2264 1698 2313 ut
1729 2259 1962 2314 recedat

308 2371 424 2426 quo
455 2352 688 2408 libitum
723 2352 914 2408 fuerit.
939 2354 1154 2423 Apage,
1181 2350 1262 2405 ait
1292 2349 1624 2420 Vestigator
1663 2350 1960 2420 (metuens

312 2461 384 2499 ne
416 2457 734 2514 congressu
768 2441 918 2496 tauri
943 2457 1075 2496 eum
1097 2439 1263 2495 leone
1285 2456 1392 2494 sua
1419 2438 1644 2495 malitia
1663 2438 1957 2508 detegere-

313 2533 456 2603 tur),
477 2548 614 2587 cave
629 2530 856 2586 feceris.
881 2529 983 2585 Ille
1009 2529 1229 2600 quippe
1251 2528 1353 2585 tali
1387 2532 1487 2582 tuo
1514 2544 1783 2582 sermone
1824 2544 1958 2582 sen-

311 2624 461 2678 tiens
509 2619 843 2678 suboluisse
891 2619 997 2674 tibi
1050 2618 1349 2689 quidpiam
1373 2619 1442 2672 de
1464 2617 1695 2672 arcanis
1725 2617 1853 2687 ejus
1900 2617 1959 2670 in

318 2719 375 2770 te
408 2710 833 2777 molitionibus,
869 2709 1204 2781 properabit
1260 2707 1496 2778 exsequi
1529 2708 1684 2779 quod
1739 2705 1958 2762 sensim

315 2801 952 2870 machinabaturzquae
986 2815 1164 2856 causa
1213 2795 1703 2869 prudentissimis
1756 2811 1960 2868 regum

315 2895 427 2960 est,
463 2888 690 2962 publice
714 2888 950 2959 quidem
976 2887 1257 2959 puniendi
1288 2886 1479 2959 palam
1511 2885 1803 2941 convictos
1835 2901 1962 2940 sce-

314 2979 527 3043 lerum,
577 2980 908 3048 compertos
968 2981 1164 3032 autem
1227 2974 1545 3030 coitionum
1601 2973 1960 3029 occultarum

315 3072 464 3123 clam
492 3069 563 3122 de
597 3066 788 3122 medio
823 3065 1079 3122 tollendi.
1112 3065 1313 3136 Atqui,
1347 3062 1649 3136 respondit
1668 3061 1779 3130 leo,
1805 3062 1958 3134 prin-

312 3174 449 3228 ceps
469 3156 564 3227 qui
597 3172 664 3211 ex
696 3155 1032 3226 suspicione
1067 3124 1855 3225 supplicium‘repraasentat,
1905 3153 1956 3208 si
1987 3124 2029 3190 C

319 3251 520 3316 postea
541 3243 836 3299 enotuerit
862 3242 987 3297 sine
1007 3259 1185 3298 causa
1216 3247 1559 3313 suspectum
1583 3241 1766 3296 tuisse
1795 3257 1966 3311 quem

318 3333 471 3388 male
502 3330 836 3398 mutaverit,
867 3347 1143 3401 magnam
1193 3330 1495 3400 iniustitiae
1544 3329 1768 3385 subibit
1822 3329 1964 3386 invi-

315 3422 493 3476 diam.
528 3421 607 3475 Ne
641 3419 909 3473 timueris
952 3419 1062 3474 hoc
1129 3419 1391 3490 quidem,
1442 3419 1670 3489 reponit
1702 3418 1964 3488 Vectiga-

317 3516 434 3576 tor;
467 3515 585 3563 tam
614 3507 789 3563 certis
821 3507 976 3563 enim
1007 3507 1219 3564 indicis
1242 3508 1392 3563 tauri
1424 3506 1710 3562 malitiam
1737 3508 1964 3579 perspi-

318 3598 458 3667 cies,
495 3601 557 3652 ut
589 3597 913 3669 periculum
966 3596 1194 3652 nullum
1229 3598 1307 3652 sit
1337 3614 1408 3652 ne
1440 3597 1488 3652 is
1532 3597 1966 3653 circumventus

319 3705 422 3759 per
451 3686 812 3742 calumniam
845 3685 1025 3742 videri
1069 3687 1344 3758 cuiquam
1379 3686 1583 3758 possit.
1619 3687 1765 3742 Voca
1798 3689 1966 3742 modo

324 3777 490 3832 illum
523 3781 578 3832 et
625 3777 872 3832 observa
919 3781 1103 3832 nutus
1145 3778 1275 3846 ejus
1324 3777 1680 3846 obtutusque
1714 3793 1726 3830 :
1761 3777 1964 3847 depre-

319 3867 541 3922 hendes
574 3865 732 3920 vultu
769 3864 1074 3936 pallidum,
1117 3870 1460 3922 trementem
1511 3866 1650 3921 totis
1700 3867 1965 3935 artubus,

319 3956 540 4010 incerto
578 3955 713 4008 laeva
746 3955 1065 4024 dextraque
1091 3954 1543 4025 circumspectu,
1579 3958 1737 4009 motu
1774 3955 1965 4010 inten-

321 4051 501 4114 tuque
531 4059 817 4098 cornuum
849 4047 1080 4098 tantum
1116 4061 1230 4098 non
1271 4043 1425 4098 clare
1455 4044 1792 4113 prodentem
1825 4042 1964 4114 quid

318 4134 558 4189 sceleris
580 4132 777 4188 animo
804 4132 1112 4204 parturiat.
1145 4133 1199 4186 Si
1235 4131 1357 4187 haec
1389 4149 1514 4203 quae
1549 4133 1718 4197 dicis,
1750 4133 1831 4187 ait
1853 4131 1964 4202 leo,

319 4224 486 4289 signa
531 4224 781 4286 videam,
833 4221 1063 4293 plenam
1100 4223 1272 4276 fidem
1307 4221 1564 4277 tribuam
1605 4222 1794 4276 verbis
1827 4223 1964 4276 tuis.

317 4309 563 4363 Volebat
582 4309 674 4364 his
700 4310 917 4365 auditis
937 4309 1266 4381 Vestigator
1289 4312 1450 4365 adire
1475 4315 1707 4365 taurum
1741 4312 1810 4365 ad
1847 4310 1965 4365 dis-

326 4399 660 4470 ponendum
692 4415 825 4454 eum
862 4404 1036 4471 prout
1066 4416 1211 4468 Opus
1245 4404 1388 4465 erat,
1422 4398 1654 4469 injectis
1678 4399 1966 4470 suspicio-

2061 1828 2299 1898 jugUm,
2327 1841 2440 1880 non
2475 1825 2667 1879 evenit
2711 1825 2984 1896 denique,
3018 1825 3141 1879 vice
3173 1825 3398 1896 premii
3427 1825 3735 1892 laborum,

2069 1917 2274 1987 ingens
2305 1913 2650 1969 calamitas?
2678 1913 2824 1968 Nam
2879 1914 2973 1970 isti
3036 1913 3276 1984 superbi
3308 1915 3567 1982 domini,
3601 1917 3736 1972 suis

2068 2007 2236 2060 unice
2266 2003 2475 2058 intenti
2505 2004 2856 2070 commodis,
2879 2003 3025 2058 alios
3055 2003 3322 2074 aliosque
3346 2003 3731 2061 subditorum

2067 2092 2487 2169 experiuntur;
2534 2109 2747 2164 eosque
2779 2092 2878 2147 ubi
2937 2108 3006 2146 ex
3035 2091 3118 2147 eis
3151 2094 3528 2164 perceperint
3570 2095 3728 2164 quod

2059 2184 2248 2254 juvat,
2275 2181 2522 2237 miseros
2554 2180 2979 2236 obliviscuntur
3010 2179 3392 2251 abjectosque
3413 2188 3740 2254 spernunt,

2069 2271 2214 2326 nihil
2248 2270 2410 2342 pensi
2435 2270 2743 2337 habentes,
2770 2269 2920 2323 male
2941 2286 3015 2324 an
3039 2271 3185 2325 bene
3208 2275 3429 2341 agatur
3463 2287 3597 2325 cum
3627 2273 3738 2325 mi-

2069 2360 2271 2416 nistris
2301 2360 2618 2426 veteribus,
2652 2360 2792 2413 dum
2829 2359 3294 2430 novisuppetant
3327 2359 3430 2430 qui
3456 2377 3604 2416 suas
3625 2360 3742 2415 illis

2069 2450 2381 2506 conficiant
2436 2448 2802 2520 voluptates;
2862 2447 3090 2503 similes
3134 2450 3525 2504 meretricum
3577 2450 3740 2506 inex-

2069 2540 2235 2612 pletae
2256 2538 2540 2607 libidinis,
2581 2554 2708 2610 quas
2726 2538 2874 2592 alios
2900 2541 3074 2608 atque
3092 2537 3262 2605 alios,
3292 2539 3551 2594 fatiditis
3577 2553 3737 2594 sem-

2070 2645 2170 2700 per
2203 2628 2515 2699 prioribus,
2548 2632 2843 2683 amatores
2896 2632 3218 2698 appetunt;
3277 2633 3384 2682 aut
3420 2631 3739 2700 magistro-

2068 2733 2198 2774 rum
2222 2731 2456 2788 operam
2486 2717 3016 2773 docendimercede
3033 2717 3447 2784 vendentium,
3475 2736 3730 2790 quorum

2070 2824 2252 2863 unum
2273 2811 2468 2864 votum
2492 2812 2582 2862 est
2603 2806 2845 2878 plenum
2869 2806 3058 2861 videre
3090 2804 3188 2860 lud
3209 2823 3306 2860 um
3334 2806 3568 2862 afflqu
3596 2822 3735 2880 pre-

2065 2902 2418 2952 textatorum
2458 2895 2736 2952 minerval
2773 2896 3106 2962 ferentium,
3132 2895 3552 2952 securissimis
3575 2899 3734 2969 ipsis,

2067 2989 2377 3061 proficiant
2432 3003 2612 3043 necne
2668 2986 2853 3058 pueri,
2895 2990 2998 3041 aut
3029 2986 3270 3041 omnino
3321 2986 3474 3056 quid
3511 2987 3584 3043 iis
3617 2989 3734 3056 fiat,

2070 3087 2170 3140 ubi
2205 3083 2547 3141 recesserint
2596 3081 2930 3140 mercedula
2972 3089 3300 3140 numerata.
3322 3084 3465 3140 Haec
3489 3086 3569 3140 ita
3602 3103 3731 3141 con-

2069 3175 2315 3230 ﬁdenter
2336 3181 2528 3229 tecum
2563 3173 2793 3228 fabulor
2824 3173 3006 3228 fretos
3036 3172 3210 3228 veteri
3236 3173 3537 3242 amicitia,
3587 3181 3642 3230 et
3688 3175 3737 3230 si

2071 3265 2260 3320 dicere
2294 3281 2386 3318 me
2416 3264 2585 3331 sinis,
2609 3264 2946 3318 conscentia
2971 3261 3234 3318 benevoli
3261 3263 3481 3330 officii,
3539 3281 3653 3336 quo
3684 3271 3736 3320 te

2071 3358 2129 3412 in
2162 3353 2347 3410 leonis
2371 3353 2614 3424 gratiam
2641 3351 2954 3419 insinuavi,
2980 3367 3279 3424 causaque
3305 3352 3417 3407 tibi
3449 3353 3536 3408 fui
3564 3355 3733 3424 hujus

2071 3458 2188 3516 qua
2241 3445 2464 3498 emines
2518 3441 2810 3514 potentiae,
2845 3457 3023 3512 quam
3084 3441 3309 3496 utinam
3349 3443 3466 3497 tibi
3517 3447 3734 3499 cert-am

2073 3534 2485 3605 propriamque
2512 3531 2594 3586 dii
2626 3534 2892 3599 servent;
2956 3530 3148 3586 nescis
3200 3531 3363 3585 enim
3398 3539 3635 3604 quanto
3681 3535 3733 3589 in

2075 3622 2331 3694 periculo
2352 3620 2625 3688 verseris,
2649 3623 2819 3692 cuius
2852 3637 2958 3692 ego
2993 3620 3270 3676 conscius
3301 3622 3506 3677 celare
3539 3625 3599 3678 te
3631 3639 3734 3677 non

2076 3728 2314 3784 possum
2349 3711 2509 3767 salva
2539 3709 2997 3766 necessitudinis
3029 3710 3165 3765 fide.
3199 3710 3295 3765 Sic
3330 3711 3527 3782 igitur
3574 3713 3736 3774 habe,

2074 3803 2436 3872 compertum
2472 3799 2614 3854 mihi
2664 3815 2732 3854 ex
2789 3803 2936 3854 teste
2987 3799 3200 3863 aurito,
3251 3799 3557 3856 excidisse
3592 3801 3733 3856 leoni

2075 3891 2228 3961 apud
2262 3889 2582 3945 familiares
2614 3889 2760 3944 hanc
2790 3905 2987 3944 vocem
3023 3906 3036 3945 :
3070 3887 3254 3944 Cerno
3279 3889 3444 3944 hunc
3464 3896 3732 3945 nostrum

2078 3985 2306 4034 taurum
2343 3978 2740 4050 praepinguem
2761 3979 2886 4049 jam
2911 3993 3061 4045 esse,
3089 3995 3399 4049 nunquam
3425 3981 3730 4051 tempesti-

2075 4069 2198 4122 vior
2217 4069 2286 4123 ad
2321 4067 2527 4139 epulas
2560 4068 2734 4123 fuerit
2765 4086 2778 4123 :
2811 4067 2937 4123 volo
2969 4083 3103 4123 eum
3137 4069 3601 4139 quamprimum
3635 4071 3723 4123 de-

2074 4173 2295 4213 vorare.
2322 4157 2531 4213 Horrui
2563 4157 2792 4224 auditu,
2826 4157 3114 4213 miserans
3141 4157 3318 4212 amici
3357 4163 3587 4213 sortem
3639 4175 3728 4213 ac-

2076 4247 2350 4317 currique
2382 4247 2453 4301 ad
2486 4252 2561 4313 te,
2595 4250 2660 4301 ut
2692 4247 3089 4302 communiter
3144 4246 3466 4301 videamus
3527 4247 3730 4319 ecquid

2075 4336 2330 4406 expediri
2363 4334 2592 4391 consilii
2627 4335 2813 4406 possit
2840 4335 3002 4391 utilis
3029 4337 3098 4390 ad
3127 4334 3356 4390 cladem
3384 4342 3733 4408 praeverten-

2076 4426 2233 4479 dam.
2267 4425 2685 4491 Conturbatus,
2739 4430 2801 4479 ut
2849 4441 2953 4494 par
2977 4430 3119 4490 erat,
3154 4424 3256 4478 tali
3291 4439 3574 4480 sermone
3606 4430 3729 4480 tau-

321 4487 494 4585 n-ibus
520 4493 576 4542 et
605 4488 721 4585 odii
752 4488 1079 4585 seminibus
1110 4488 1169 4542 in
1203 4488 1429 4585 leonem
1455 4510 1475 4585 ς.
1503 4489 1602 4543 sed
1637 4488 1745 4544 hoc
1781 4492 1967 4544 facere
2000 4502 2044 4566 Β
2082 4532 2177 4568 ms
2211 4529 2224 4568 ε
2257 4515 2404 4577 Quid
2438 4513 2540 4568 feci
2575 4487 2681 4568 aut;
2735 4487 2876 4584 quia
2910 4513 3027 4567 dixi
3078 4487 3276 4579 this”,
3313 4513 3536 4585 inquit,
3572 4515 3726 4585 quod

319 4578 445 4631 sine
473 4577 828 4634 conscientia
873 4594 1283 4650 consensuque
1328 4578 1509 4634 leonis
1542 4595 1654 4633 non
1687 4579 1958 4644 audebat,

319 4681 391 4720 ne
423 4666 569 4721 forte
599 4665 832 4722 aliunde
865 4667 1236 4724 innotescens
1279 4667 1362 4723 illi
1393 4667 1824 4723 clandestinum
1857 4669 1960 4723 de-

315 4755 516 4810 latoris
535 4772 666 4812 cum
692 4755 884 4813 delato
915 4755 1298 4827 colloquium,
1331 4758 1555 4812 fraudis
1587 4771 1652 4812 ac
1683 4756 1958 4813 collusio-

319 4845 410 4899 nis
440 4847 592 4900 inter
635 4846 796 4917 ipsos
837 4846 1235 4916 suspicionem
1291 4850 1566 4915 moveret,
1626 4852 1726 4901 aut
1779 4847 1955 4902 aliam

315 4931 570 5004 aliquam
629 4934 783 4987 viam
849 4934 1128 5004 panderet
1189 4933 1417 4989 teehnis
1449 4934 1682 4989 artiﬁcii
1717 4933 1957 5005 maligni

309 5021 671 5090 detegendis.
706 5021 793 5076 Ait
831 5021 1018 5092 igitur
1069 5021 1245 5076 nimis
1281 5023 1516 5078 credulo
1550 5022 1700 5078 leoni
1734 5039 1748 5080 :
1782 5024 1952 5091 Quin,

305 5109 562 5180 domine,
597 5112 642 5165 si
671 5111 871 5182 jubes,
907 5111 1250 5166 conveniam
1293 5129 1398 5183 ego
1435 5113 1558 5183 ipse
1594 5113 1955 5168 machinato-

307 5213 425 5251 rem
466 5200 762 5263 fraudum,
798 5198 1255 5268 observaboque,
1302 5206 1357 5254 et
1405 5199 1634 5254 eliciam
1667 5200 1812 5254 forte
1847 5199 1955 5253 ali-

311 5289 465 5357 quod
529 5287 814 5342 indicium
873 5287 1279 5342 abstrusorum
1331 5289 1457 5359 ejus
1499 5303 1805 5342 sensuum.
1837 5291 1956 5360 Age
2026 5326 2030 5330 »

320 5375 682 5446 sane,inquit
712 5375 824 5439 leo,
849 5375 1266 5448 explorataque
1291 5379 1360 5432 ad
1398 5392 1501 5431 nos
1536 5375 1685 5430 refer
1707 5392 1833 5447 qua)
1855 5377 1954 5433 de-

312 5463 714 5531 prehenderis.

383 5589 511 5641 XX.
538 5588 659 5642 Sub
681 5587 800 5642 haec
819 5587 960 5644 adiit
982 5589 1316 5661 Vestigator
1339 5594 1600 5657 taurum,
1621 5589 1950 5648 affectatam

2072 4603 2210 4659 talia
2243 4605 2315 4658 de
2343 4619 2433 4658 me
2466 4603 2759 4674 cogitandi
2795 4619 3000 4658 ansam
3036 4607 3137 4658 aut
3169 4608 3521 4674 praetextum
3575 4606 3725 4660 leoni

2072 4693 2420 4764 praebuerit?
2453 4708 2663 4764 nempe
2693 4693 2779 4747 hac
2812 4697 2949 4748 sunt
2980 4697 3132 4748 artes
3165 4692 3580 4764 improborum
3629 4695 3728 4766 qui

2071 4808 2161 4846 me
2189 4791 2353 4846 falsis
2374 4791 2524 4862 apud
2551 4808 2683 4846 eum
2705 4790 3052 4846 criminibus
3073 4790 3725 4864 infamaverint.$uspi-

2067 4878 2620 4949 cabarjamdudum
2651 4880 2930 4935 invidiam
2981 4878 3376 4951 malignorum
3414 4897 3567 4950 quos
3602 4898 3730 4937 mea

2070 4969 2320 5024 felicitas
2348 4969 2574 5036 urebat,
2610 4984 2714 5023 nec
2746 4969 2993 5024 obscura
3025 4969 3228 5023 horum
3262 4969 3468 5026 livoris
3500 4972 3720 5027 indicia

2073 5059 2286 5114 notavi.
2322 5058 2715 5128 Nunquamne
2747 5057 2819 5113 ab
2853 5059 3084 5114 insidiis
3130 5059 3561 5115 sceleratorum
3595 5069 3722 5117 tuta

2067 5149 2175 5203 erit
2233 5147 2610 5202 innocentia?
2657 5149 2806 5202 Tum
2858 5147 3229 5220 Vestigator:
3267 5149 3465 5216 Erras,
3505 5151 3716 5224 inquit,

2067 5239 2204 5291 dum
2241 5237 2384 5292 alios
2406 5252 2666 5292 accusas.
2702 5237 2847 5292 Tota
2881 5238 2934 5292 in
2969 5237 3132 5292 leone
3164 5238 3336 5307 culpa
3367 5244 3480 5293 est.
3505 5240 3716 5306 Scires,

2066 5326 2115 5382 si
2149 5343 2283 5381 eum
2317 5343 2543 5396 nosses,
2580 5332 2643 5380 ut
2664 5343 2770 5382 nos
2803 5326 2898 5397 qui
2933 5327 3158 5381 diutius
3198 5327 3353 5397 apud
3408 5329 3570 5385 hunc
3611 5331 3717 5385 fui-

2067 5432 2219 5471 mus.
2253 5415 2433 5471 Crede
2483 5415 2617 5470 ﬁdis
2649 5419 2704 5469 et
2734 5415 3008 5487 expertis,
3042 5415 3189 5470 nihil
3224 5415 3320 5471 illo
3352 5417 3717 5480 instabilius.

2065 5503 2764 5577 perfidiosius,crudeiius
2796 5510 2903 5561 est.
2958 5505 3124 5560 initio
3159 5505 3255 5560 ille
3295 5508 3542 5578 quidem
3597 5509 3714 5580 pla-

2065 5594 2300 5651 ciditate
2354 5595 2603 5664 quadam
2661 5593 2864 5665 allicit,
2897 5594 3300 5651 accedentium
3358 5600 3706 5670 sanguinem
