4002 6202
249 326 399 382 1269

1277 330 1637 384 SPECIMEN
1675 333 2077 388 SAPIENTIA!
2118 333 2451 386 lNDORUM
2488 334 2651 384 VET.

3539 333 3677 388 1270

247 452 449 508 statim
481 452 608 507 sitit
635 467 954 524 paremque
978 452 1246 524 rependit
1273 453 1566 508 dulcedini
1591 454 1906 508 admisio-
1940 473 1988 533 Α
2023 457 2091 512 ad
2125 456 2236 526 ipsi
2266 455 2526 510 officiose
2558 459 2908 526 apparentes
2941 472 3088 526 quos
3121 455 3239 510 dixi
3266 456 3491 511 aulicos
3519 477 3532 513 :
3567 476 3670 514 vos

256 543 349 598 nis
379 542 582 612 primae
602 543 820 598 ultimm
837 542 1242 614 oatastropbes
1263 541 1592 598 amaritiem
1611 545 1914 600 acerbissi-

255 649 436 688 mam.
472 632 845 703 Vera,inquit
876 637 1100 698 taurus,
1127 648 1458 702 memoras;
1487 637 1545 687 et
1575 649 1682 704 ego
1712 633 1915 689 infelix

255 723 570 792 degustata
599 720 704 776 illa
739 720 914 792 priori
948 720 1256 791 suavitate,
1312 735 1467 776 nunc
1513 737 1580 776 eo
1614 722 1815 777 deveni
1849 730 1915 778 ut

258 809 620 866 amarissimi
643 811 804 864 exitii
833 811 983 866 feces
1006 810 1241 866 haurire
1274 812 1445 866 modo
1477 811 1798 867 debeam.0
1822 828 1914 867 me

255 901 694 972 imprudentem
722 899 822 970 qui
849 905 968 955 tam
1002 900 1101 954 diu
1137 900 1234 955 hic
1266 900 1532 955 bisserim
1561 901 1572 954 l
1611 917 1714 957 nec
1745 918 1914 973 repu-

257 991 455 1059 tarim,
489 991 643 1061 quod
680 991 828 1046 ratio
861 991 1154 1057 monebat,
1189 990 1342 1046 haud
1370 997 1554 1047 tutam
1593 1008 1720 1048 esse
1750 1009 1908 1048 com-

257 1080 646 1136 morationem
673 1080 906 1150 longam
933 1079 1247 1134 herbivoraa
1268 1081 1588 1136 animantis
1617 1084 1766 1152 apud
1792 1099 1908 1136 car-

255 1169 782 1226 nivoramModum
800 1169 1102 1239 Oportebat
1119 1185 1208 1223 me
1225 1174 1481 1224 statuere
1496 1171 1908 1227 consuetudini

254 1268 564 1329 suspectae,
607 1264 952 1329 matureque
998 1276 1029 1312 a
1083 1257 1323 1314 macello
1370 1261 1659 1313 recedere.
1697 1260 1904 1316 Fraudi

256 1353 349 1404 est
384 1349 630 1404 incautis
660 1347 911 1402 aviditas
945 1365 1072 1413 sua,
1109 1348 1246 1402 dum
1295 1364 1444 1419 aegre
1491 1348 1826 1404 evelluntur
1875 1368 1906 1404 a

258 1439 650 1510 placentibus,
689 1437 845 1508 passi
878 1438 1030 1507 quod
1053 1437 1312 1506 apiculas
1347 1437 1748 1508 imprudentes
1776 1456 1904 1509 per-

255 1527 364 1593 dit,
397 1545 521 1598 quae
553 1527 694 1582 dum
734 1527 1030 1581 mordicus
1063 1527 1349 1581 inhaerent
1381 1527 1647 1582 dulcibus
1691 1529 1904 1582 floscu-

257 1616 663 1685 lis-,voluerum
698 1615 996 1687 rapacium
1030 1617 1224 1687 praeda
1257 1617 1532 1680 fiunt,aut
1562 1616 1904 1689 superlapso

259 1708 408 1762 forte
457 1706 728 1778 pondere,
783 1704 840 1759 in
891 1705 1196 1776 complexu
1255 1705 1645 1777 intemperant
1703 1712 1904 1762 amata:

257 1794 575 1868 voluptatis
606 1793 1041 1865 opprimuntur.
1101 1795 1383 1850 Decuerat
1433 1795 1634 1867 paucis
1665 1802 1900 1851 conten—

253 1891 406 1949 tum.
441 1901 567 1955 quas
600 1883 788 1954 prima
820 1883 1046 1938 modica
1075 1887 1229 1938 bona
1278 1899 1644 1956 peroeperam
1695 1888 1896 1954 procul

252 1981 382 2031 tuto
429 1974 678 2029 fruenda
727 1974 1053 2044 deportare,
1108 1990 1211 2029 nec
1267 1974 1577 2046 periclitari
1622 1992 1690 2030 ex
1738 1975 1894 2031 inex-

252 2064 412 2136 pleta
440 2063 779 2134 gulositate,
812 2075 1149 2118 muscarum
1185 2062 1461 2134 similem,
1488 2065 1704 2135 quibus
1727 2066 1896 2136 quasi

250 2171 370 2209 non
402 2151 659 2208 sufticiat
690 2152 974 2224 pabulum
1011 2155 1165 2215 quod
1200 2153 1422 2208 affatim
1477 2154 1535 2208 in
1569 2155 1896 2220 frondibus,

248 2243 310 2297 in
341 2242 654 2308 fructibus,
688 2241 748 2296 in
781 2242 941 2296 omni
977 2259 1171 2298 rerum
1203 2243 1512 2315 superficie
1545 2245 1703 2314 jacet
1751 2245 1897 2315 ipsis

249 2333 608 2404 expositum,
640 2332 817 2386 etiam
851 2333 1055 2387 sordes
1107 2332 1477 2388 leoninarum
1532 2335 1765 2388 aurium
1799 2352 1898 2389 ca-

252 2426 443 2492 ptent,
475 2437 689 2492 easque
710 2419 1042 2491 sculpentes
1069 2421 1425 2493 importune,
1457 2422 1759 2478 irritabilis
1785 2423 1900 2478 bel-

253 2510 364 2564 luas
398 2511 693 2579 unguibus
727 2516 989 2592 pereunt.

327 2725 482 2780 XXI.
518 2726 678 2781 Mitte
707 2725 818 2780 ista
855 2735 968 2779 non
1007 2726 1184 2795 hujus
1233 2727 1536 2798 temporis,
1569 2729 1903 2801 interpellat

249 2815 620 2886 Vestigator;
655 2827 811 2869 nunc
842 2814 998 2869 enim
1033 2816 1414 2886 quaerendum
1450 2819 1644 2888 potius
1677 2824 1899 2890 estqua

247 2904 478 2960 ratione
512 2908 758 2959 mortem
790 2903 1056 2974 effugias.
1089 2905 1287 2974 Atqui,
1321 2905 1402 2960 ait
1423 2908 1899 2973 taurus,evellrre

245 2993 394 3048 illud
431 2993 595 3062 mihi,
625 2993 764 3047 dum
787 3005 919 3064 quae
947 2985 1062 3047 vidi
1097 2999 1305 3050 cuncta
1337 2996 1772 3066 reputo,animo
1797 3009 1897 3051 ne-

249 3099 427 3155 queo,
461 3081 766 3137 innoxium
816 3081 1053 3154 propria
1094 3081 1288 3138 indole
1337 3081 1561 3140 leonem
1606 3101 1756 3151 esse,
1810 3092 1896 3141 to-

247 3178 494 3243 tamque
522 3171 710 3265 labem
744 3185 774 3226 e
800 3172 992 3242 pravis
1042 3173 1170 3242 ejus
1222 3173 1609 3229 familiaribus
1655 3175 1896 3231 descen-
1931 3199 1975 3265 ς

251 3263 414 3326 dere,
446 3259 545 3330 qui
577 3257 797 3315 bonum
832 3261 1028 3332 ipsum
1063 3275 1190 3318 esse
1218 3275 1332 3317 non
1366 3261 1900 3336 sinant,proritent-

253 3365 371 3422 que
390 3351 764 3404 voracitatem
788 3347 1050 3421 nihilper
1072 3367 1133 3406 se
1159 3351 1596 3422 talecogitaturi
1620 3354 1679 3408 in
1703 3372 1903 3410 excar-

255 3440 661 3495 nificationem
695 3438 1043 3505 insontium,
1071 3442 1243 3510 quale
1277 3458 1509 3511 passam
1541 3441 1689 3500 alias
1721 3461 1904 3499 came-

251 3529 383 3584 lum
409 3525 647 3582 memini
671 3527 1357 3600 fraudeconspirantium
1382 3529 1702 3587 bestiarum
1724 3539 1902 3587 trium

254 3618 408 3689 lupi,
441 3615 594 3672 corvi
627 3622 684 3671 et
713 3615 889 3672 thois.
925 3616 1228 3689 Regnabat
1261 3617 1349 3674 leo
1394 3619 1634 3690 quidam
1670 3622 1726 3676 in
1760 3621 1908 3676 silva

255 3708 362 3761 via:
394 3706 640 3778 publicae
675 3705 948 3772 finitima,
1001 3706 1316 3762 familiares
1363 3703 1588 3762 habens
1637 3711 1906 3764 subditos

253 3801 379 3851 tres
411 3811 558 3866 quos
591 3795 932 3864 memoravi,
961 3795 1188 3866 lupum,
1223 3812 1459 3852 corvum
1493 3802 1550 3853 et
1581 3798 1904 3870 thoem,ap-

253 3885 450 3957 prime
472 3886 626 3940 inter
647 3901 709 3939 se
740 3885 1078 3941 concordes.
1126 3886 1463 3940 Pertransiit
1521 3904 1636 3958 qua
1667 3887 1782 3942 dixi
1817 3889 1908 3942 via

255 3975 578 4030 comitatus
612 3977 1343 4043 mercatorum,mandram
1377 3994 1554 4048 agens
1587 3978 1904 4048 ingentem.

254 4082 328 4120 ex
360 4080 478 4134 qua
526 4063 784 4118 camelos
836 4081 954 4119 una
1001 4065 1370 4120 inobservata
1427 4084 1488 4121 se
1529 4067 1906 4133 subtrahens,

252 4155 316 4209 in
353 4169 562 4208 nemus
595 4170 656 4209 se
687 4154 951 4222 abdidit;
986 4159 1042 4209 et
1066 4155 1188 4225 jam
1207 4156 1277 4210 ab
1302 4155 1540 4210 homine
1563 4156 1800 4212 domino
1824 4174 1908 4213 se-

254 4245 782 4314 cura,praeoptav‘it
811 4244 1126 4316 imperium
1159 4247 1504 4318 congeneris
1537 4247 1647 4303 sibi
1681 4245 1907 4309 belluas,

254 4334 612 4403 leonemque
643 4333 724 4387 ibi
765 4334 1168 4390 dominantem
1215 4337 1587 4399 conveniens,
1643 4337 1725 4391 illi
1777 4354 1908 4409 per-

253 4423 513 4478 libenter
545 4421 872 4477 admittenti
894 4430 1262 4479 sacramento
1293 4426 1515 4480 addixit
1537 4427 1907 4498 obsequium.

254 4513 409 4578 Quid
442 4511 700 4583 quaeris?
729 4513 1050 4569 Videbatur
1072 4515 1185 4569 sibi
1216 4515 1385 4571 beata
1419 4533 1432 4570 :
1469 4534 1639 4572 nemo
1671 4518 1907 4588 eratqui

254 4619 411 4658 onus
441 4601 788 4673 imponeret,
822 4603 974 4659 viam
1007 4605 1354 4677 injungeret,
1391 4605 1593 4678 plagas
1613 4607 1776 4662 fessae
1800 4607 1906 4661 ad-

255 4693 446 4757 deret,
495 4700 547 4746 et
597 4690 686 4746 leo
730 4693 960 4764 quoties
1031 4700 1366 4749 occurrerat
1417 4695 1703 4763 arridens,
1754 4697 1906 4750 bono

256 4797 391 4836 esse
419 4780 617 4835 animo
659 4781 930 4851 jubebat,
982 4783 1123 4837 nihil
1175 4784 1331 4838 aliud
1390 4791 1693 4840 curantem
1727 4803 1904 4857 quam

248 4870 522 4942 jucunde
552 4871 732 4942 pasci.
769 4871 985 4926 Verum
1021 4871 1112 4928 die
1143 4874 1397 4944 quadam
1439 4891 1710 4945 egressus
1742 4893 1909 4931 vena-

257 4966 390 5014 tum
421 4959 510 5014 leo
545 4959 714 5014 malls
745 4961 1228 5030 avibus,incurrit
1249 4964 1308 5018 in
1339 4963 1906 5035 elephantem,quem

257 5049 550 5104 lacessere
582 5066 787 5120 ausus,
823 5049 970 5106 male
1003 5069 1034 5106 a
1065 5051 1286 5107 fortiori
1331 5052 1670 5123 mulctatus,
1704 5055 1908 5109 vulne-

258 5139 428 5194 ribus
475 5138 687 5194 debilis
737 5156 884 5211 a’gre
931 5156 993 5195 se
1048 5142 1264 5214 recepit
1313 5143 1371 5196 in
1424 5160 1660 5213 specum
1715 5163 1905 5199 suam.

261 5227 352 5281 lbi
386 5226 544 5282 lenta
567 5231 623 5282 et
656 5246 858 5298 parum
877 5230 1210 5301 proﬁciente
1239 5232 1536 5286 curatione
1560 5233 1910 5289 decumbere

255 5321 521 5386 coactus,
558 5318 709 5372 fame
739 5319 912 5390 ccepit
946 5317 1288 5387 conflictari,
1315 5338 1417 5376 nec
1441 5323 1910 5392 viribus,quippe

264 5406 513 5461 defectis
546 5423 754 5477 magna
775 5409 942 5479 copia
973 5409 1281 5480 sanguinis
1314 5412 1665 5478 amissa,nec
1687 5411 1907 5481 praeda-

259 5513 392 5550 rum
426 5496 840 5552 instrumentis
871 5499 1137 5567 artubus,
1173 5499 1308 5555 hinc
1341 5500 1576 5566 luxatis,
1610 5500 1743 5554 inde
1773 5517 1907 5554 con-

260 5585 486 5655 fractis,
523 5587 779 5654 amplius
803 5588 927 5657 jam
960 5587 1160 5645 valens
1192 5591 1617 5660 quotidianam,
1655 5594 1718 5643 ut
1741 5595 1910 5644 antea

261 5681 389 5732 erat
419 5675 652 5747 solitus,
686 5677 951 5748 saginam
986 5679 1097 5733 sibi
1130 5697 1354 5750 parare.
1409 5681 1551 5749 Ergo
1598 5697 1910 5735 conversus

2021 545 2503 616 quidem,inquit,
2529 561 2621 600 me
2653 545 3053 613 honoratis,at
3084 561 3188 615 ego
3220 546 3457 600 tabesco
3489 548 3664 616 fame,

2021 638 2144 700 Quo
2179 636 2289 689 ista
2313 634 2457 688 mihi
2480 632 2702 689 sterilia
2725 633 3008 704 obsequia
3030 634 3056 687 ‘2
3079 633 3155 687 ite
3180 634 3374 704 potius
3396 639 3453 689 et
3470 637 3670 692 afferte

2023 725 2177 780 unde
2207 725 2518 778 vescar.Ad
2552 741 2620 777 ea
2653 723 2734 777 illi
2771 740 2784 778 :
2822 723 3051 778 Dudum
3086 723 3433 779 fecissemus
3461 734 3666 795 sponte

2019 814 2175 878 quod
2224 813 2419 882 jubes,
2478 817 2536 866 et
2584 819 2783 866 noster
2815 813 2871 867 in
2908 817 2960 866 te
3010 829 3175 866 amor
3206 813 3661 868 admonitionem

2021 902 2414 975 praevertisset
2446 902 2751 964 tuam,nisi
2783 903 2936 956 vires
2969 903 3283 957 deficerent
3312 903 3381 956 ad
3402 905 3670 958 conanda

2019 1012 2146 1066 quae
2193 992 2498 1060 vellemus,
2551 992 2880 1063 quibusque
2935 1008 3089 1046 nunc
3135 992 3384 1062 indiges.
3439 993 3665 1048 Tenues

2019 1102 2125 1140 nos
2159 1099 2390 1147 sumus,
2424 1087 2480 1136 et
2523 1097 2728 1154 pugnae
2788 1081 3043 1153 impares
3096 1083 3466 1136 conserendae
3527 1099 3662 1138 cum

2017 1174 2342 1246 pinguibus
2375 1178 2431 1228 et
2460 1171 2674 1226 torosis
2723 1171 2880 1239 feris,
2934 1171 3139 1242 quales
3190 1169 3384 1241 palato
3439 1176 3534 1225 tuo
3567 1189 3658 1226 sa-

2015 1264 2224 1336 piunt:
2258 1263 2399 1333 quin
2437 1261 2603 1316 nobis
2636 1260 2781 1331 ipsis
2814 1261 2904 1314 vix
2936 1260 3267 1314 sufficimus
3307 1259 3532 1314 exiliter
3565 1277 3659 1331 pa-

2014 1352 2245 1408 scendis
2278 1351 2547 1421 hancque
2580 1350 2765 1421 ipsam
2802 1366 3000 1404 suram
3053 1349 3247 1402 studio
3297 1348 3659 1419 imputnmus

2012 1443 2096 1498 tui
2132 1457 2245 1496 non
2301 1440 2417 1495 alia
2465 1441 2535 1494 de
2584 1456 2762 1494 causa
2810 1438 3111 1508 cupientes
3160 1436 3370 1500 vivere,
3427 1438 3538 1492 nisi
3590 1453 3658 1492 ne

2011 1531 2207 1587 desint
2237 1530 2335 1602 qui
2369 1537 2481 1584 tua:
2515 1529 2807 1599 majestati
2843 1525 3222 1581 famulentur.
3248 1527 3329 1580 En
3354 1543 3460 1580 nos
3493 1543 3658 1595 para-

2013 1629 2102 1678 tos
2134 1622 2314 1676 habes
2346 1621 2417 1674 ad
2453 1618 2688 1690 quidvis
2720 1623 2822 1673 tua
2851 1633 3030 1672 causa
3064 1614 3304 1686 periculi
3337 1615 3658 1686 damnique

2010 1709 2429 1774 subeundum;
2464 1722 2663 1761 verum
2709 1704 2960 1775 optimae,
3008 1708 3072 1757 ut
3118 1702 3396 1767 diximus,
3443 1701 3655 1758 volun-

2010 1799 2115 1855 tati
2147 1796 2393 1853 facultas
2425 1796 2579 1851 haud
2618 1811 2720 1866 par
2751 1792 3083 1863 respondet.
3135 1791 3217 1845 De
3264 1795 3459 1845 vestra
3486 1791 3655 1861 equi-

2009 1889 2164 1954 dem,
2199 1886 2428 1958 reponit
2456 1885 2566 1954 leo,
2599 1881 3002 1939 benevolentia
3041 1897 3156 1936 non
3190 1880 3420 1946 dubito,
3467 1895 3654 1950 eoque

2003 1995 2108 2034 vos
2139 1993 2240 2032 ore
2270 1974 2676 2038 conﬁdentius,
2704 1978 2770 2028 ut
2794 1976 3001 2027 euntes
3025 1970 3085 2026 in
3107 1968 3652 2039 eonsilium,exqui-

2007 2067 2149 2122 ratis
2176 2066 2326 2122 viam
2348 2064 2605 2135 aliquam
2629 2060 3010 2118 succurrendi
3029 2059 3214 2130 lapsis
3237 2059 3605 2130 rebus.Agite
3631 2073 3644 2112 :

2007 2183 2125 2221 non
2158 2165 2342 2221 deerit
2363 2165 2597 2219 fortuna
2620 2181 2634 2230 ;
2659 2161 2859 2216 afferte
2882 2158 3149 2214 alicunde
3171 2158 3284 2212 cibi
3311 2157 3647 2228 quidpiam:

2010 2255 2198 2310 brevis
2225 2259 2315 2309 est
2345 2253 2574 2308 occasio
2602 2251 2790 2306 charae
2841 2249 3008 2303 vobis
3059 2248 3268 2302 animas
3299 2247 3598 2301 servandae
3633 2262 3646 2300 :

2006 2347 2054 2400 si
2089 2344 2422 2409 moramini,
2459 2341 2694 2396 morior.
2741 2341 2860 2393 Sub
2895 2338 3015 2392 haec
3063 2336 3148 2390 illi
3181 2353 3293 2390 non
3332 2335 3528 2405 procul
3566 2351 3651 2389 re-

2007 2436 2302 2503 cedentes,
2334 2433 2521 2503 capita
2555 2431 2880 2485 conferunt.
2924 2429 3126 2482 Cuncti
3155 2428 3276 2494 jam
3327 2431 3497 2479 antea
3529 2441 3651 2478 ma-

2009 2525 2186 2596 lignis
2235 2521 2420 2577 oculis
2469 2519 2757 2576 camelum
2825 2517 3226 2571 intuebantur.
3295 2516 3445 2568 Tum
3496 2530 3653 2578 vero,

2007 2620 2242 2684 tempus
2292 2612 2472 2676 nacti,
2521 2609 2669 2672 Quid
2722 2606 2912 2668 nobis,
2973 2605 3271 2675 inquiunt,
3325 2608 3380 2658 et
3433 2603 3652 2673 ignava:

2008 2703 2144 2758 huic
2178 2702 2374 2758 bestias
2396 2700 2424 2754 Ἰ
2455 2713 2764 2770 quousque
2793 2696 3038 2750 ferimus
3073 2694 3253 2760 victu,
3285 2691 3504 2757 indole,
3540 2707 3655 2744 mo-

2007 2794 2171 2848 ribus
2203 2790 2551 2846 dissimilem
2583 2788 2961 2851 animantem,
2996 2783 3148 2837 civili
3185 2781 3352 2836 nobis
3384 2779 3655 2836 societate

2009 2881 2256 2937 misceri.
2294 2886 2368 2934 Eo
2399 2894 2537 2948 ergo
2560 2875 2979 2946 conspirabant
3009 2872 3309 2926 sententiae
3343 2875 3407 2923 ut
3454 2869 3652 2923 decer-

2007 2975 2262 3038 neretur,
2295 2968 2658 3023 suadendam
2681 2964 2830 3018 leoni
2861 2960 3067 3016 cameli
3099 2976 3320 3026 necem,
3355 2959 3525 3027 cujus
3551 2973 3651 3010 va-

2005 3068 2162 3116 stum
2197 3073 2412 3129 corpus
2443 3073 2558 3111 non
2596 3072 2742 3108 unas
2797 3053 2855 3106 in
2899 3050 3103 3122 epulas
3147 3049 3533 3103 suffecturum
3565 3047 3653 3099 vi-

2005 3153 2264 3205 deretur.
2296 3147 2449 3201 Thes
2508 3149 2705 3199 tamen
2756 3159 2823 3196 ea
2875 3142 3231 3196 disserentes
3279 3137 3650 3202 admonebat,

2012 3240 2167 3295 haud
2201 3255 2262 3293 se
2301 3251 2534 3307 sperare
2583 3246 2967 3288 assensurum
3011 3229 3061 3284 ei
3113 3225 3355 3282 consilio
3400 3225 3653 3293 leonem,

2011 3339 2214 3409 utique
2278 3349 2596 3390 memorem
2641 3331 2772 3385 ﬁdei
2825 3331 2997 3394 datae,
3043 3343 3148 3381 nec
3202 3331 3368 3380 antea
3413 3322 3656 3379 solitum

2012 3426 2306 3499 supplices
2339 3425 2399 3479 in
2434 3422 2767 3480 clientelam
2810 3419 3099 3474 admissos
3150 3416 3412 3486 prodere.
3469 3413 3656 3484 Nego-

2013 3519 2158 3572 tium
2194 3516 2306 3571 sibi
2339 3521 2533 3570 tamen
2565 3527 2770 3567 corvus
2793 3507 3051 3577 sumpsit
3082 3505 3163 3560 rei
3186 3504 3658 3570 tentandae,con-

2012 3608 2298 3676 tinuoque
2330 3603 2560 3658 leonem
2613 3601 2841 3666 adiens,
2875 3599 3277 3667 interrogatus
3326 3594 3399 3647 ab
3448 3609 3514 3647 eo
3545 3598 3655 3661 est,

2011 3694 2214 3764 ecquid
2248 3691 2446 3748 auxilii
2481 3689 2934 3761 expedivissent,
2958 3692 3014 3739 et
3047 3701 3118 3738 an
3174 3684 3381 3736 saltem
3416 3681 3538 3750 ερθὶ
3566 3697 3654 3734 ra-

2011 3783 2147 3836 dius
2179 3781 2479 3851 afl‘ulgeret
2502 3779 2796 3832 alicunde.
2827 3776 2933 3829 Cui
2963 3789 3174 3829 corvus
3208 3787 3222 3824 :
3254 3769 3388 3839 Spei
3422 3769 3651 3822 radium

2013 3889 2320 3938 memoras,
2353 3868 2608 3934 domine,
2658 3867 2848 3938 qualis
2887 3865 2973 3919 vel
3007 3865 3054 3918 si
3113 3861 3397 3932 benignos
3444 3858 3655 3911 alluce-

2013 3967 2118 4028 ret,
2150 3955 2344 4016 videre
2376 3963 2573 4013 tamen
2601 3954 2978 4026 nequiremus
3010 3969 3115 4007 nos
3148 3950 3408 4022 quidem,
3437 3946 3654 4018 quibus

2013 4053 2185 4123 longa
2218 4047 2412 4104 inedia
2443 4061 2724 4102 sensuum
2778 4042 2971 4099 afticia
3018 4038 3294 4095 turbavit.
3348 4052 3414 4090 ac
3461 4033 3653 4123 visum

2014 4122 2336 4214 praisertim
2357 4137 2572 4209 eripuit
2595 4151 2608 4191 :
2635 4135 2897 4206 suppetit
2919 4137 3114 4186 tamen
3139 4129 3207 4183 ad
3235 4140 3474 4181 manum
3500 4122 3654 4176 unde

2015 4231 2258 4304 spiritus
2292 4225 2882 4300 recipere,aciemque
2901 4219 3140 4276 defectis
3167 4219 3289 4289 jam
3322 4216 3658 4304 fe-rmeocu-

2013 4301 2089 4376 lis
2123 4320 2430 4375 restituere
2464 4315 2770 4388 pristinam
2818 4309 3132 4384 possimus.
3184 4306 3460 4362 Versatur
3504 4301 3657 4354 inter

2016 4428 2123 4466 nos
2173 4409 2410 4481 pinguis
2460 4413 2515 4462 et
2565 4406 2720 4459 iners
2766 4419 2880 4457 non
2927 4401 3110 4454 nostri
3165 4393 3395 4467 generis
3444 4391 3655 4455 bestia,

2017 4515 2256 4583 paratus
2292 4508 2376 4562 Vel
2409 4507 2467 4561 in
2507 4505 2770 4560 triduum
2829 4501 3015 4568 cibus,
3063 4496 3108 4551 si
3157 4491 3420 4566 jugulari
3457 4489 3654 4561 jubes.

2018 4601 2445 4655 Exhorrescens
2473 4596 2543 4649 ad
2579 4592 2934 4648 mentionem
2977 4585 3213 4642 sceleris
3265 4583 3374 4650 leo,
3435 4589 3657 4650 Apage,

2015 4688 2228 4760 inquit,
2266 4685 2585 4741 remedium
2623 4681 2772 4737 male
2817 4680 3006 4751 pejus.
3067 4677 3260 4746 Egone
3290 4675 3390 4743 jus
3415 4667 3656 4760 hospitii

2017 4757 2280 4847 etjurati
2333 4775 2566 4829 fcederis
2613 4770 2951 4843 religionem
3005 4765 3287 4838 polluam,
3339 4777 3404 4814 eo
3438 4757 3657 4812 interfi-

2018 4867 2224 4923 ciendo
2258 4866 2358 4935 qui
2387 4865 2496 4919 sub
2525 4862 2636 4917 mei
2679 4857 2989 4932 patrocinii
3020 4854 3263 4910 tutelam
3320 4850 3472 4904 ultro
3529 4863 3662 4901 con-

2020 4957 2183 5024 fugit,
2221 4955 2330 5009 fide
2355 4952 2684 5008 securitatis
2739 4945 3022 5019 accepta?
3071 4945 3151 4998 Ad
3203 4943 3324 4996 haec
3371 4936 3662 4993 malitiose

2019 5061 2228 5101 corvus
2265 5061 2278 5100 :
2313 5043 2602 5097 Generose
2630 5050 2802 5111 atque
2825 5042 2882 5092 ut
2910 5042 2964 5092 te
2984 5035 3226 5105 dignum
3244 5035 3334 5084 est
3366 5024 3658 5097 loqueris;

2019 5140 2694 5209 tamen,domine,etiam
2722 5139 2871 5192 inter
2899 5130 3374 5204 religiosissimos
3398 5136 3664 5196 quosque

2021 5233 2078 5286 in
2112 5234 2379 5286 confesso
2411 5246 2539 5284 esse
2587 5229 2759 5282 audio
2811 5227 2896 5280 fas
2945 5240 3070 5280 esse
3119 5219 3287 5275 unius
3335 5214 3542 5285 capitis
3567 5212 3664 5278 ja-

2022 5327 2189 5379 ctura
2221 5319 2426 5375 redimi
2458 5318 2706 5374 salutem
2740 5318 2951 5371 domus
2979 5313 3242 5380 integrae,
3275 5319 3478 5360 rursus
3513 5303 3664 5352 recte

2024 5413 2262 5466 domum
2301 5426 2474 5464 unam
2523 5425 2624 5480 pro
2669 5403 3074 5459 incolumitate
3132 5398 3293 5452 urbis
3352 5391 3531 5484 totius
3564 5389 3663 5484 de-

2024 5500 2192 5567 strui,
2219 5499 2508 5553 civitutem
2544 5513 2775 5568 quoque
2808 5510 2983 5547 unam
3027 5485 3320 5544 servandae
3356 5479 3662 5574 provinciae

2014 5593 2177 5660 juste
2209 5587 2506 5659 impendi;
2542 5585 2793 5656 deniquc
2845 5581 2942 5636 ubi
2978 5577 3135 5648 regni
3185 5569 3488 5664 imp-eriive
3531 5583 3661 5664 un:-

2022 5677 2172 5733 vcrsi
2222 5677 2303 5732 sic
2355 5678 2607 5732 rationes
2659 5676 2930 5746 poscunt,
2977 5670 3100 5723 sine
3151 5660 3395 5718 crimine
3427 5660 3660 5729 provin-
