3984 6202
430 324 560 380 1271

1937 320 2100 376 ΔΡΡῙ

2209 319 2329 372 ΠΧ.
3640 323 3738 380 12ἲὲ

428 455 579 510 ciam
614 453 874 523 aliquam
909 451 1120 522 praadis
1152 450 1468 506 hostilibus
1499 449 1728 522 expeni.
1764 449 1851 503 Ita
1869 461 2079 517 nempe
2108 453 2160 517 Α
2261 445 2451 500 ΧΧΗ.
2484 445 2567 498 Ad
2601 448 2670 499 'ea
2700 444 2786 498 sic
2817 447 3025 499 contra
3055 443 3351 514 ingressus
3379 445 3639 503 vaferrime
3661 449 3737 505 Ve-

433 550 563 601 est:
597 543 656 596 in
688 557 1051 596 summorum
1098 540 1512 595 discriminum
1558 537 1828 593 articulis
1877 536 2079 591 conni-

434 636 572 688 vent
600 631 898 685 interdum
929 629 1087 701 leges
1115 649 1129 696 ;
1165 634 1267 684 aut
1300 629 1512 700 potius,
1567 627 1879 682 silentibus
1911 629 2080 680 ciete-

440 722 544 790 ris,
573 737 682 774 una
730 719 958 774 cunctis
1015 718 1333 790 praevalens
1389 718 1639 788 imperat
1690 732 1960 786 suprema
1993 713 2084 768 lex

441 810 670 865 invictae
702 808 1112 875 necessitatis;
1147 805 1334 878 qualis
1386 806 1505 860 haec
1537 810 1625 860 est
1655 821 1781 876 quae
1827 821 1933 859 nos
1981 804 2081 857 ho-

441 899 536 955 die
568 898 836 954 faucibus
867 902 1024 952 arcte
1054 895 1384 951 constrictis
1435 894 1636 962 trahit,
1669 893 1876 964 utique
1909 893 2082 946 mori-

443 994 630 1056 turos,
659 988 708 1042 si
731 1006 765 1042 a
797 992 997 1058 parato
1037 986 1206 1040 famis
1237 989 1508 1039 extremas
1553 981 1762 1037 solatio
1796 980 2088 1052 supersti-

441 1076 611 1132 tiosis
653 1075 1010 1147 respectibus
1043 1089 1331 1128 arcemur.
1365 1072 1470 1127 His
1499 1071 1671 1125 dictis
1704 1071 1984 1125 revolavit
2015 1070 2086 1124 ad

445 1166 637 1222 socios
679 1181 909 1232 corvus,
971 1168 1028 1218 et
1075 1161 1217 1233 quid
1271 1160 1675 1232 respondisset
1722 1158 1810 1214 leo
1867 1159 2086 1213 retulit.

445 1257 610 1310 Tunc
642 1253 702 1308 hi
737 1259 856 1308 tres
887 1253 1038 1307 hanc
1091 1251 1477 1307 communiter
1527 1249 1794 1303 fraudem
1848 1249 2090 1302 adorna-

447 1350 608 1408 runt,
641 1359 758 1414 qua
787 1341 1074 1396 camelum
1108 1339 1354 1394 nimium
1391 1338 1725 1410 simplicem
1761 1338 2088 1408 perderent.

449 1432 846 1487 Decreverunt
899 1429 1060 1483 adire
1090 1427 1268 1483 simul
1302 1444 1434 1482 cum
1469 1444 1536 1482 ea
1567 1428 1814 1495 leonem,
1846 1426 2090 1481 offerre-

449 1536 564 1592 que
595 1536 657 1574 se
685 1518 769 1572 illi
801 1517 1144 1589 singillatim
1191 1517 1249 1570 in
1298 1516 1516 1571 cibum.
1567 1519 1782 1570 Verum
1831 1515 1914 1570 ita
1943 1515 2094 1569 inter

451 1625 550 1664 eos
579 1612 950 1672 convenerat,
1002 1611 1066 1660 ut
1107 1605 1283 1660 talem
1318 1604 1774 1676 propositionem
1812 1605 2100 1659 uniuscu-

443 1699 664 1769 jusque
711 1697 914 1761 trium,
968 1712 1084 1750 una
1127 1711 1334 1749 omnes
1404 1694 1670 1764 quaesitis
1719 1694 2094 1766 praetextibus

2187 535 2435 603 stigator
2463 537 2571 600 est,
2604 532 2912 605 implicare
2953 532 3239 588 miserum
3268 537 3484 588 taurum
3514 535 3616 591 suis
3640 540 3739 592 arti-

2191 621 2341 677 ﬁciis
2376 637 2646 694 pergens,
2681 627 2738 676 et
2768 622 2850 676 sic
2881 637 3012 675 eum
3047 621 3104 674 in
3139 620 3370 676 exitium
3411 623 3610 678 trudere
3639 631 3740 680 :Ca-

2190 712 2443 765 vendum
2503 711 2775 781 equidem
2827 709 3160 765 censuerim
3225 709 3341 764 viro
3405 712 3652 781 prudenti,
3692 733 3740 770 ne

2190 806 2408 856 temere
2443 815 2505 854 se
2537 799 2809 872 projiciat
2851 799 2911 853 in
2945 798 3134 854 aleam
3165 798 3428 868 ancipitis
3455 805 3505 854 et
3529 802 3650 856 exitu
3671 821 3740 873 pe-

2193 890 2432 946 riculosi
2451 890 2665 962 negotii
2691 907 2704 956 ;
2725 891 2985 961 adeoque
3011 890 3426 960 sapientissimi
3449 894 3742 949 consentiunt

2192 979 2506 1034 tentandas
2538 995 2743 1033 omnes
2775 978 3218 1048 compositionis
3248 979 3674 1050 vias,priusquam
3693 986 3741 1038 ad

2193 1069 2308 1122 vim
2362 1067 2703 1138 bellumque
2758 1069 3051 1136 veniatur,
3103 1067 3278 1122 etiam
3326 1084 3450 1122 cum
3495 1069 3742 1127 adveisario

2196 1158 2432 1212 infirmo
2464 1157 2624 1228 (nam
2645 1157 2845 1211 varius
2877 1157 3030 1211 Mars
3067 1156 3441 1227 ambiguique
3480 1167 3740 1226 successus),

2195 1252 2416 1317 quanto
2450 1245 2632 1317 magis
2653 1246 2697 1300 si
2734 1245 3086 1317 praevalidus
3118 1245 3168 1299 is
3217 1245 3407 1311 fuerit,
3447 1251 3628 1301 etcum
3656 1251 3744 1319 opi-

2198 1337 2308 1390 bus
2348 1333 2600 1388 vallatus
2651 1333 3095 1405 praepotentium
3154 1333 3484 1398 multorum,
3527 1340 3626 1388 tum
3665 1336 3747 1406 ipse

2200 1440 2298 1494 per
2329 1440 2457 1478 sese
2488 1439 2620 1478 acer
2650 1439 2716 1478 ac
2747 1422 2957 1479 solers.
2988 1425 3181 1486 Quare
3236 1423 3282 1477 si
3317 1439 3402 1477 me
3449 1423 3652 1495 dignum
3675 1426 3749 1479 du-

2198 1514 2283 1568 cis
2314 1514 2486 1583 cujus
2513 1511 2774 1567 consiliis
2809 1511 3036 1566 deferas
3067 1511 3388 1583 quidpiam,
3429 1518 3630 1583 pr0pter
3653 1515 3751 1568 satis

2199 1608 2524 1675 Spectatam
2559 1602 2734 1656 fidem
2768 1601 2827 1655 in
2859 1606 2915 1656 te
2947 1618 3166 1664 meam,
3227 1601 3600 1672 sinceramque
3623 1602 3752 1656 chari-

2197 1696 2402 1760 tatem,
2434 1691 2592 1757 audi,
2627 1691 2890 1756 obsecro,
2935 1705 3050 1758 me,
3101 1707 3172 1745 ne
3202 1690 3254 1745 si
3302 1689 3462 1744 amici
3509 1691 3754 1761 suggestio-

449 1788 793 1851 refutarent,
818 1785 876 1838 in
924 1783 1100 1840 unius
1131 1784 1336 1839 cameli
1382 1783 1734 1838 oblationem
1769 1783 1894 1838 sine
1925 1800 2092 1838 exce-
2123 1816 2171 1878 Β
2205 1797 2307 1836 nes
2338 1779 2512 1834 utiles
2547 1778 2842 1849 rejeceris,
2876 1779 3029 1834 idem
3062 1777 3376 1850 experiaris
3427 1779 3561 1846 quod
3589 1778 3752 1850 alcyon,

448 1875 646 1948 ptione
677 1872 1043 1930 consensuri.
1075 1873 1306 1928 Sistunt
1337 1888 1468 1927 ecce
1499 1872 1680 1943 igitur
1729 1888 1858 1928 sese
1891 1889 2094 1927 omnes

447 1980 598 2035 aegro
631 1968 686 2018 et
734 1961 1058 2018 tabescenti
1112 1962 1264 2016 fame
1312 1961 1486 2016 leoni.
1536 1967 1616 2015 Ac
1662 1977 1869 2016 corvus
1913 1962 2092 2032 prior.

445 2054 594 2108 Dum
627 2053 886 2118 domine,
919 2056 976 2106 et
1008 2068 1123 2122 quo
1171 2050 1294 2105 loco
1326 2050 1408 2104 sis
1457 2050 1648 2116 video,
1699 2055 1756 2104 et
1803 2056 2091 2121 quantum

446 2143 552 2197 tibi
585 2143 828 2197 debeam
885 2145 1118 2212 reputo,
1151 2140 1230 2196 sic
1277 2146 1496 2210 statuo,
1546 2140 1688 2194 nihil
1721 2157 1850 2195 esse
1872 2141 2095 2211 justius

446 2249 623 2302 quam
658 2236 723 2286 ut
752 2235 956 2302 sponte
979 2234 1166 2285 morte
1181 2246 1308 2286 mea
1336 2229 1514 2284 vitam
1549 2235 1873 2284 sustentem
1897 2235 2092 2286 tuam:

447 2339 519 2377 en
551 2321 750 2392 igitur,
787 2325 977 2374 macta
1009 2335 1101 2373 me
1133 2319 1216 2373 sis
1259 2324 1314 2373 et
1346 2319 1604 2372 comede.
1658 2317 1760 2373 Hic
1793 2335 1998 2373 omnes
2029 2336 2098 2374 ex

450 2409 777 2481 composito
811 2407 1151 2476 reclamant,
1185 2408 1347 2463 Mitte
1396 2408 1540 2462 istas
1573 2424 1782 2480 nugas,
1813 2413 1875 2462 tu
1909 2408 2098 2462 minu-

453 2504 577 2552 tum
607 2515 668 2552 es
701 2497 1040 2563 animal,vix
1063 2497 1118 2551 in
1156 2495 1477 2551 buccellam
1502 2513 1679 2551 unam
1713 2496 2096 2552 suffecturum

455 2588 595 2642 Inde
625 2586 758 2641 thos
791 2602 1109 2656 assurgens
1139 2602 1152 2640 :
1187 2589 1270 2640 Me
1295 2585 1512 2656 potius,
1564 2587 1825 2652 domine,
1857 2586 2098 2640 devores

452 2691 698 2742 censeo;
736 2691 867 2728 nam
899 2674 959 2728 in
1011 2675 1188 2729 unius
1237 2673 1444 2730 saltem
1499 2675 1614 2729 diei
1671 2680 1901 2745 pastum
1953 2675 2098 2730 satis

453 2763 598 2818 mihi
634 2763 848 2818 habere
879 2763 1145 2817 carnium
1180 2763 1488 2818 videor.Ibi
1521 2779 1728 2818 corvus
1757 2764 1940 2818 vicem
1964 2765 2098 2818 red-

457 2854 626 2921 dens,
658 2851 1062 2906 conclamaute
1095 2853 1246 2907 idem
1294 2853 1434 2923 lupo
1467 2868 1480 2906 :
1516 2852 1747 2916 Desine,
1798 2853 2098 2924 inquiunt,

453 2947 511 2996 et
540 2947 600 2994 tu
653 2939 935 3007 delirare;
991 2958 1198 2996 carnes
1249 2942 1430 2996 habes
1481 2943 1747 3009 fatentes,
1783 2959 1886 2996 nec
1930 2948 2098 3013 aptas

455 3032 525 3084 ad
558 3031 772 3084 cibum.
806 3036 894 3086 Me
936 3030 1153 3101 potius,
1197 3030 1277 3084 ait
1309 3031 1483 3098 lupus
1533 3047 1846 3086 conversus
1877 3032 1947 3086 ad
1981 3031 2098 3086 leo-

455 3137 613 3188 nem,
646 3120 903 3186 domine,
936 3122 1177 3174 comede
1210 3139 1224 3186 ;
1257 3119 1410 3174 haud
1446 3121 1620 3191 paulo
1666 3120 1796 3190 plus
1830 3137 2002 3187 quam
2039 3119 2094 3173 hi

2203 1870 2294 1924 cui
2330 1885 2444 1923 non
2477 1867 2906 1939 obtemperanti
2937 1868 3096 1922 sanis
3139 1866 3397 1932 monitis,
3426 1866 3599 1922 Nereis
3624 1867 3757 1922 furata

2203 1957 2395 2030 pullos
2424 1960 2534 2024 est,
2566 1956 2673 2011 etsi
2707 1973 2806 2011 eos
2847 1957 3052 2010 eadem
3109 1960 3336 2027 postea,
3377 1955 3672 2010 intentatam
3709 1958 3755 2009 ab

2201 2063 2266 2101 eo
2294 2046 2407 2100 vim
2459 2047 2662 2113 verita,
2714 2044 3060 2100 restituerit.
3111 2045 3422 2099 Habitabat
3468 2044 3521 2098 in
3564 2045 3751 2115 quodam

2203 2135 2395 2190 littore
2427 2134 2550 2189 avis
2583 2134 2819 2188 nomine
2849 2133 3074 2205 alcyon,
3106 2150 3244 2189 cum
3278 2134 3527 2204 conjuge,
3557 2135 3752 2204 qumjam

2203 2224 2395 2294 partui
2427 2223 2636 2286 vicina,
2671 2222 2792 2276 viro
2823 2222 2970 2277 dixit
3003 2239 3016 2276 :
3051 2222 3254 2285 Quaere
3303 2223 3383 2277 sis
3428 2221 3595 2277 locum
3638 2224 3754 2277 sedu-

2203 2318 2362 2367 ctum
2392 2329 2457 2367 ac
2488 2313 2780 2366 munitum
2817 2311 2916 2366 ubi
2958 2311 3150 2383 pullos
3198 2310 3592 2376 excludamus;
3621 2318 3754 2364 metuo

2202 2406 2358 2458 enim
2394 2421 2486 2470 ne,
2520 2405 2946 2457 intumescente
2980 2401 3147 2457 statis
3177 2403 3421 2458 aestibus
3451 2402 3596 2468 mari,
3621 2401 3756 2456 veniat

2205 2495 2318 2548 huc
2350 2494 2550 2548 Nereis
2600 2499 2656 2548 et
2688 2493 2878 2564 pullos
2928 2498 3158 2548 nostros
3201 2493 3470 2569 abripiat.
3519 2491 3756 2562 Respondit

2203 2585 2254 2639 ei
2288 2584 2375 2638 vir
2407 2601 2419 2636 :
2457 2585 2582 2651 Abi,
2617 2583 3014 2650 formidolosa,
3049 2584 3328 2638 umbram
3374 2584 3557 2648 times;
3583 2579 3754 2653 periculi

2205 2673 2298 2727 hic
2331 2673 2566 2743 quidem
2603 2672 2748 2726 nihil
2774 2678 2883 2741 est,
2937 2671 3180 2726 exclude
3227 2671 3415 2743 pullos
3445 2688 3635 2726 secura.
3661 2671 3756 2724 Her-

2204 2764 2404 2816 bosam
2431 2768 2486 2816 et
2517 2761 2797 2832 irriguum
2830 2761 3118 2816 habemus
3163 2761 3469 2816 stationem
3501 2779 3511 2815 :
3548 2761 3624 2814 ubi
3649 2775 3758 2814 com-

2207 2851 2461 2918 modius,
2496 2851 2592 2904 ubi
2619 2851 2945 2921 jucundius
2975 2850 3452 2906 diversabimus?
3497 2849 3583 2904 Cui
3624 2864 3755 2901 uxor:

2207 2940 2498 2995 Denuntio
2528 2939 2740 2994 iterum
2773 2940 2904 3007 tibi,
2937 2939 3231 2995 obnoxius
3266 2940 3515 2994 Nereidis
3543 2937 3674 2992 furtis
3693 2934 3754 2988 hic

2201 3028 2367 3082 locus
2399 3032 2528 3090 est;
2563 3028 2856 3097 fugiamus
2893 3034 3028 3083 ante
3081 3029 3370 3083 damnum
3404 3046 3415 3082 :
3449 3044 3560 3082 sero
3601 3026 3672 3078 icti
3696 3041 3759 3076 sa-

2209 3117 2460 3187 piamus.
2492 3117 2770 3182 Reposuit
2791 3117 2993 3188 alcyon
3031 3135 3044 3171 :
3077 3118 3253 3186 Tace,
3307 3117 3552 3187 inquam,
3580 3130 3666 3167 non
3690 3127 3757 3164 au-

451 3208 698 3263 idoneus
731 3209 801 3261 ad
830 3209 886 3261 id
934 3225 1088 3274 sum,
1141 3225 1245 3263 nec
1296 3209 1494 3262 minus
1543 3225 1722 3278 quam
1774 3209 2091 3280 quisquam
2126 3184 2168 3248 C
2207 3203 2368 3257 debit
2411 3209 2611 3258 Nereis
2656 3205 2888 3260 irritare
2938 3221 3050 3274 me,
3091 3205 3247 3260 vires
3300 3221 3455 3259 meas
3504 3204 3649 3268 novit,
3685 3199 3757 3252 sibi

459 3302 721 3366 paratus,
755 3297 855 3366 qui
914 3303 1076 3350 tuam
1129 3313 1361 3366 semper
1393 3296 1854 3351 incolumitatem
1912 3303 1968 3351 et
2014 3298 2102 3350 di-

459 3385 741 3456 gnitatem
774 3391 910 3438 ante
939 3385 1138 3438 omnia
1170 3384 1487 3454 posuerim.
1530 3385 1632 3438 Hic
1666 3385 1993 3440 coorientes
2026 3386 2102 3440 si-

464 3471 585 3526 mul
618 3471 750 3525 thos
780 3477 838 3525 et
867 3487 1098 3538 corvus,
1131 3471 1260 3539 Qui,
1314 3470 1498 3539 aiunt,
1532 3473 1888 3542 strangulari
1915 3490 2105 3528 come-

461 3559 654 3614 dendo
684 3559 829 3626 vult,
862 3559 1066 3630 lupum
1102 3560 1412 3614 manducet
1449 3579 1462 3626 ;
1516 3577 1696 3632 rapax
1748 3567 1836 3616 est
1887 3562 2103 3632 bellua,

466 3649 637 3717 cujus
665 3648 835 3702 etiam
869 3652 1038 3702 sectae
1073 3649 1126 3702 in
1163 3647 1383 3703 frustra
1411 3665 1616 3705 carnes
1648 3654 1706 3704 et
1745 3655 1952 3721 guttur
1979 3651 2106 3722 glu-

464 3737 666 3792 tientis
692 3744 749 3792 et
778 3738 1000 3793 viscera
1029 3739 1448 3809 discerperent.
1474 3739 1642 3794 Absit
1673 3740 1780 3794 hoc
1812 3757 1843 3793 a
1875 3741 2106 3796 domins

463 3827 628 3882 leone
667 3827 814 3882 lnon
853 3827 1110 3898 patimur
1149 3827 1261 3898 ipsi
1313 3829 1527 3899 apponi
1577 3845 1796 3884 veneno
1853 3832 2105 3901 pejorem

462 3933 675 3972 escam.
711 3915 987 3970 Omnium
1022 3922 1162 3971 tunc
1193 3916 1346 3971 oculi
1387 3917 1770 3973 convolarunt
1820 3920 1875 3973 in
1923 3937 2109 3975 came-

462 4005 608 4068 lum,
643 4021 770 4075 qua:
806 4006 1018 4058 misera
1053 4022 1123 4060 ne
1153 4005 1343 4060 officio
1378 4024 1493 4060 una
1541 4008 1744 4063 deesse
1793 4010 2108 4079 videretur,

460 4095 764 4149 conﬁdens
795 4103 990 4148 tamen
1025 4099 1081 4148 et
1111 4094 1239 4164 ipsa
1269 4102 1694 4166 repugnaturos
1728 4097 2109 4168 propositioni

465 4190 727 4242 caeteros.
765 4185 840 4237 En
880 4198 993 4248 me,
1036 4183 1246 4253 inquit,
1299 4184 1534 4238 domine
1584 4185 1694 4250 leo,
1739 4188 1975 4241 comede
2005 4189 2109 4254 sis,

467 4288 599 4324 nam
635 4273 933 4336 carnibus,
984 4278 1040 4326 et
1084 4273 1158 4326 iis
1209 4272 1266 4325 ni
1318 4272 1484 4327 l'ellor
1523 4276 1822 4342 suavibus,
1857 4278 2107 4330 abundo.

464 4360 922 4414 Conclamarunt
956 4361 1151 4415 statim
1191 4379 1395 4415 omnes
1451 4379 1463 4416 :
1511 4363 1741 4433 Optime
1801 4364 1967 4432 dicis,
2015 4383 2108 4419 ca-

469 4447 635 4510 mele,
689 4465 754 4502 ac
817 4451 911 4503 vix
950 4457 1282 4520 exspectato
1334 4451 1517 4506 leonis
1567 4458 1738 4515 nutu,
1772 4453 2107 4522 jugulatam

2209 3298 2448 3346 metuet.
2483 3292 2526 3346 Ο
2559 3299 2634 3357 te,
2667 3293 2860 3364 inquit
2891 3311 3054 3364 uxor,
3087 3293 3581 3362 temerarium,qui
3610 3289 3756 3344 minari

2209 3382 2326 3435 dere
2377 3383 2615 3436 audeas.
2658 3382 2861 3437 Metire
2909 3389 2964 3436 te
3009 3388 3110 3436 tuo
3162 3383 3422 3447 modulo,
3461 3388 3510 3435 et
3560 3392 3754 3450 agnosce,

2212 3470 2478 3525 mortalis
2518 3487 2651 3525 cum
2702 3472 3024 3526 immortali
3066 3473 3217 3526 male
3278 3476 3635 3543 comparatum
3673 3480 3758 3520 esse.

2209 3564 2524 3614 certamen.
2557 3560 2668 3614 Fac
2700 3560 2882 3631 igitur
2919 3561 3072 3631 quod
3120 3561 3310 3631 suasi,
3351 3558 3662 3616 domicilium
3687 3553 3758 3607 alio

2209 3651 2462 3703 transfer
2495 3667 2508 3703 ;
2546 3666 2679 3702 nam
2713 3650 2761 3703 si
2792 3650 3073 3705 obfirmas
3106 3649 3481 3720 pertinaciam
3507 3650 3555 3701 in
3586 3661 3671 3700 non
3694 3642 3759 3696 ob-

2212 3737 2510 3807 sequendo
2545 3738 2825 3792 momenti
2856 3743 3031 3804 recta,
3076 3740 3309 3793 eveniet
3336 3739 3482 3792 idem
3529 3735 3615 3790 tibi
3655 3730 3757 3804 quod

2213 3825 2514 3880 testudini.
2555 3826 2765 3880 Ferunt
2797 3827 3014 3898 quippe
3061 3827 3120 3881 in
3179 3829 3436 3898 quodam
3486 3829 3614 3880 fonte
3653 3819 3762 3874 habi-

2213 3921 2368 3968 tasse
2418 3915 2566 3969 duos
2615 3921 2815 3970 anates
2863 3932 2994 3970 cum
3062 3934 3178 3970 una
3230 3916 3573 3970 testitudine.
3616 3913 3759 3966 Exars-

2214 4008 2411 4058 scente
2443 4009 2636 4058 autem
2672 4022 2773 4074 per
2803 4011 3062 4060 aestatem
3099 4009 3279 4072 fonte,
3313 4005 3596 4060 consilium
3624 4004 3762 4054 anates

2215 4100 2492 4163 ceperunt
2524 4093 2661 4148 alibi
2694 4094 3081 4149 diversorium
3115 4096 3436 4166 quazrendi.
3479 4095 3538 4149 Ut
3562 4090 3758 4161 ergome

2215 4181 2487 4235 collectas
2517 4183 2719 4235 efferre
2760 4183 3022 4237 sarcinas
3053 4191 3371 4254 coeperant,
3414 4185 3700 4248 stabantque
3723 4177 3758 4226 iu

2218 4272 2585 4343 migrationis
2630 4272 2954 4342 procinctu,
3004 4274 3152 4328 dixit
3195 4273 3316 4327 illis
3369 4273 3579 4328 testudo
3607 4287 3615 4320 :
3643 4264 3761 4318 Vobis

2217 4363 2451 4432 quidem
2486 4363 2673 4415 vivere
2705 4361 2830 4416 sine
2871 4378 3022 4430 aqua
3061 4361 3419 4430 valentibus,
3467 4363 3567 4415 isto
3605 4359 3761 4412 alarum

2218 4452 2460 4522 remigio
2495 4452 2678 4518 fretis,
2725 4468 2927 4520 parum
2989 4451 3156 4505 affert
3213 4448 3601 4506 sollicitudinis
3648 4441 3764 4498 fontis

466 4538 871 4592 deartuarunt.
908 4542 1124 4593 Vereor
1153 4547 1209 4594 et
1229 4556 1335 4610 ego
1371 4557 1440 4594 ne
1460 4544 1507 4594 si
1539 4558 1709 4612 agam
1746 4544 2102 4608 molliter,si-
2140 4551 2181 4614 [)
2213 4540 2522 4595 exsiccatio
2552 4556 2572 4599 ;
2605 4539 2750 4593 mihi
2784 4541 3011 4594 miserae
3047 4557 3160 4594 non
3194 4537 3594 4602 consulitis,cui
3619 4540 3661 4589 et
3683 4532 3766 4582 vita”

469 4625 630 4679 milia
663 4626 870 4696 patiar.
903 4627 1024 4681 Non
1059 4645 1194 4699 ergo
1227 4646 1318 4684 me
1343 4630 1705 4684 committam
1733 4631 2109 4687 insidiisisto-

469 4730 618 4779 rum,
670 4721 772 4769 aut
816 4717 1084 4771 subdolis
1139 4719 1584 4787 parasitantium
1642 4719 1794 4774 leoni
1845 4722 2109 4775 artiﬁciis

468 4803 662 4857 locum
737 4803 1008 4868 tribuam,
1076 4806 1284 4876 ignava
1358 4808 1726 4879 obnoxiaque
1795 4811 2101 4874 patientia.

475 4892 662 4945 Lenta:
697 4894 931 4948 fraudes
965 4894 1281 4964 aliquando
1325 4897 1502 4951 robur
1552 4914 1831 4968 magnum
1864 4899 2110 4965 elidunt,

472 4988 645 5051 prout
675 4982 858 5050 aiunt,
896 4984 1012 5054 pati
1048 4990 1268 5054 petram
1319 5002 1350 5038 a
1398 4984 1572 5040 stillis
1615 4987 1838 5057 jugiter
1868 4987 2111 5042 illaben-

473 5071 651 5126 tibus.
686 5072 1002 5143 Expediam
1036 5091 1283 5144 quarum
1310 5073 1452 5128 mihi
1477 5092 1607 5130 sum
1641 5077 2113 5144 conscius,vires,

469 5165 527 5214 et
574 5177 666 5216 me
715 5163 784 5215 ad
834 5162 1028 5233 palam
1083 5163 1492 5218 reluctandum
1562 5167 1821 5220 armabo.
1875 5166 2115 5221 Nullum

469 5248 831 5306 laudabilius
858 5268 1008 5323 opus
1051 5257 1140 5307 est
1185 5269 1361 5323 quam
1409 5269 1637 5307 servare
1686 5255 2114 5325 semetipsum;

473 5339 725 5410 plusque
752 5341 1038 5396 mercedis
1059 5342 1138 5395 dii
1168 5346 1602 5412 proposuerunt
1621 5345 2116 5415 caputproprium

475 5429 548 5482 ah
579 5433 838 5484 extremo
870 5429 1211 5484 discrimine
1241 5430 1451 5496 tuenti,
1500 5446 1673 5499 quam
1725 5437 1826 5485 aut
1855 5431 1980 5487 dies
2013 5451 2116 5488 no-

477 5524 715 5586 ctesque
744 5519 1111 5573 orationibus
1143 5517 1395 5583 vacanti,
1430 5523 1532 5571 aut
1563 5518 1924 5574 misericordi
1962 5521 2121 5592 large

482 5605 861 5675 hilariterque
905 5609 1171 5670 donanti,
1227 5612 1329 5660 aut
1377 5611 1683 5662 asceticam
1738 5607 1888 5663 ultro
1942 5613 2120 5666 susci-

482 5694 662 5761 pienti
693 5699 1145 5767 constanterque
1181 5695 1448 5753 toleranti
1481 5696 1880 5768 disciplinam.

2222 4629 2368 4682 ratio
2401 4645 2466 4682 ac
2500 4645 2632 4699 spes
2665 4628 2857 4683 omnis
2890 4629 2944 4681 in
2980 4646 3134 4700 aqua
3176 4637 3288 4696 est,
3322 4634 3378 4684 et
3424 4629 3568 4682 tarde
3605 4618 3768 4677 mobilis

2221 4723 2459 4772 onerata
2492 4718 2644 4772 mole
2671 4735 2826 4784 sum,
2862 4734 2934 4772 ne
2966 4719 3080 4772 alio
3130 4735 3244 4788 quo
3297 4737 3386 4773 res
3436 4720 3601 4788 poscit
3624 4723 3768 4782 queam

2223 4824 2311 4862 me
2345 4808 2682 4862 transferre.
2717 4809 2942 4871 Quaeso,
2988 4807 3174 4862 tollite
3225 4826 3314 4864 me
3343 4807 3696 4868 vobiscum,et
3721 4795 3768 4846 il-

2226 4899 2318 4952 luc
2349 4896 2523 4951 simul
2557 4897 2850 4967 deportata
2883 4913 2998 4967 quo
3033 4897 3320 4968 migratis.
3371 4898 3470 4953 Cui
3501 4883 3768 4949 anatem‘iisi

2217 4988 2408 5056 juras,
2440 4985 3001 5056 inquiunt,nobis,te
3019 4985 3163 5039 nihil
3196 5004 3296 5056 per
3330 4986 3470 5038 viam
3503 4985 3770 5036 locuturum.

2227 5092 2341 5129 non
2376 5081 2426 5128 le
2455 5073 2742 5128 tollimus.
2789 5073 3032 5128 Admisit
3081 5074 3470 5129 conditionem
3516 5075 3565 5125 et
3600 5063 3771 5137 juravit.

2229 5179 2477 5234 moxque
2505 5168 2727 5228 anates,
2757 5162 3008 5233 oblongo
3040 5163 3228 5234 tigillo
3267 5179 3529 5233 congruae
3575 5149 3772 5211 latitudi-

2228 5252 2319 5307 nis
2353 5256 2576 5322 parato,
2609 5251 2950 5322 impositam
2982 5252 3032 5306 ei
3068 5252 3255 5307 medio
3280 5250 3633 5309 testudinem,
3658 5246 3772 5296 dorso

2230 5345 2404 5398 ambo
2437 5341 2713 5412 utrinque
2743 5340 2996 5396 sublatis
3028 5341 3172 5412 tigni
3207 5341 3495 5413 capitibus
3522 5333 3773 5392 extulerunt

2231 5432 2546 5487 avolantes.
2581 5429 2872 5494 Viatores,
2905 5429 3072 5485 elatis
3103 5432 3244 5485 forte
3273 5430 3475 5494 oculis,
3507 5425 3592 5481 ubi
3622 5422 3770 5478 mirum

2232 5521 2286 5575 id
2323 5520 2719 5590 spectaculum
2756 5520 3046 5586 viderunt,
3089 5516 3459 5589 Prodigium!
3509 5514 3776 5570 exclamant,

2230 5610 2423 5663 videte
2470 5609 2824 5663 testudinem
2881 5610 3034 5662 inter
3097 5610 3240 5663 duos
3304 5612 3498 5662 anates
3543 5601 3774 5658 volantem.

2231 5697 2484 5756 Collecta
2502 5698 2677 5754 turba
2706 5697 3072 5756 curiosorum
3107 5702 3195 5754 est
3229 5697 3544 5767 auditaque
3570 5705 3668 5746 rem
3692 5699 3776 5740 am-
