4002 6202
327 331 471 387 ’1273

1353 332 1712 387 SPECIMEN
1747 334 2146 389 SAPIENTIE
2186 335 2514 395 INDORUM
2552 342 2714 395 VET.

3596 344 3733 403 1274

327 456 538 511 bitiose
564 454 987 510 celebrantium
1025 471 1228 522 voces;
1290 456 1508 527 quibus
1565 455 1847 511 delectata
1888 457 1975 511 in-
2005 462 2054 526 Α
2093 477 2206 515 non
2226 461 2443 532 ignavas
2461 463 2872 536 aleamjacere.
2898 463 3014 522 Hoc
3038 466 3232 539 ipsum
3254 470 3600 527 vaferrimas
3622 467 3734 528 Ve-

326 547 588 616 ﬂataque
634 546 892 611 testudo,
938 545 1111 598 etiam
1167 549 1426 600 vectores
1488 543 1787 614 despicere
1841 561 1976 600 suos

321 639 545 710 coepit;
570 654 635 691 ac
671 637 948 693 titiliante
990 635 1234 709 gloriola
1291 653 1406 691 non
1429 642 1638 692 tenens
1674 636 1972 707 linguam:

324 730 428 796 En,
463 728 678 800 inquit,
712 727 889 783 etiam
914 743 1038 794 vos,
1075 743 1106 782 o
1139 732 1362 796 anates,
1397 726 1724 798 supervolo.
1750 726 1835 782 llli
1870 727 1976 781 hoc

326 819 534 874 audito
576 817 936 872 excutientes
995 817 1248 888 pondus,
1309 817 1607 888 perjuram
1649 815 1976 888 praecipita-

327 913 487 977 runt,
521 924 650 979 quas
669 907 919 961 contrita
939 905 1106 977 lapsu
1134 905 1373 960 interiit.
1403 903 1563 961 Talis
1586 906 1756 960 ruina
1779 909 1976 960 manet

332 1015 448 1054 non
484 995 845 1069 morigerum
878 1000 1036 1050 recta
1070 995 1466 1051 monentibus.

404 1122 612 1178 XXIII.
653 1119 1206 1192 Responditalcyon
1245 1120 1520 1176 :Auditis
1577 1137 1702 1192 qua:
1751 1122 1975 1187 dixisti,

332 1217 531 1284 persto
561 1217 758 1265 tamen
790 1209 846 1262 in
883 1210 1192 1264 sententia.
1228 1209 1338 1263 Fac
1371 1213 1522 1279 quod
1551 1209 1730 1278 jubeo
1765 1228 1777 1264 :
1827 1229 1977 1282 pone

337 1319 466 1366 ova,
495 1299 730 1356 exclude
762 1296 976 1370 pullos,
1011 1314 1116 1352 nec
1148 1299 1356 1352 timeas
1411 1296 1736 1353 Nereidem.
1798 1300 1975 1356 Natos

334 1406 510 1462 porro
529 1387 742 1460 pullos,
765 1386 1082 1441 adveniens
1099 1387 1300 1442 Nereis
1320 1403 1453 1441 cum
1471 1387 1596 1458 ipso
1619 1387 1752 1442 nido
1777 1406 1976 1444 secum

332 1477 613 1543 abstulit;
648 1493 762 1548 quo
781 1476 931 1530 facto
948 1493 1090 1529 uxor
1103 1474 1361 1547 alcyonis
1377 1477 1445 1530 ad
1461 1475 1649 1530 virum
1674 1493 1973 1534 conversa:

329 1567 448 1638 Ego
481 1566 742 1637 quidem,
766 1564 866 1634 ait,
899 1564 1009 1619 hoc
1037 1564 1119 1619 ita
1152 1569 1213 1618 ut
1245 1564 1436 1619 evenit
1467 1564 1728 1620 futurum
1753 1570 1809 1620 et
1830 1583 1977 1637 prae-

327 1655 585 1709 videram
618 1658 676 1709 et
709 1653 1110 1724 praedixeram.
1143 1653 1252 1708 Sed
1271 1654 1448 1709 surdo
1467 1653 1741 1719 cecini,te
1763 1656 1835 1710 ad
1861 1671 1975 1710 non

335 1743 691 1799 credendum
717 1743 1062 1807 obfirmato;
1089 1759 1212 1810 qua:
1246 1759 1422 1797 causa
1441 1742 1610 1797 nobis
1634 1743 1775 1797 tanti
1803 1743 1976 1813 hujus

332 1833 529 1886 damni
567 1831 694 1886 iuit.
726 1831 830 1886 Cui
864 1829 1063 1900 alcyon
1100 1848 1113 1884 ε
1148 1831 1214 1885 Et
1246 1831 1596 1902 praedixeras
1640 1835 1695 1886 et
1739 1833 1978 1888 audivc-
2008 1850 2054 1915 Β

330 1939 492 1987 ram;
529 1920 630 1975 sed
661 1919 874 1975 videris
907 1918 1085 1974 oblita
1141 1920 1282 1990 quid
1345 1924 1468 1974 turn
1528 1922 1928 1988 responderim
1962 1940 1976 1979 :

331 2025 522 2065 nonne
545 2009 660 2063 dixi
685 2009 816 2077 tibi,
852 2008 899 2063 si
930 2008 1069 2079 quid
1102 2009 1328 2078 injurize
1366 2009 1534 2064 nobis
1566 2009 1766 2065 Nereis
1827 2012 1978 2066 face-

329 2103 433 2164 ret,
464 2100 744 2153 daturum
783 2115 872 2153 me
905 2114 1143 2168 operam
1177 2102 1241 2152 ut
1278 2115 1392 2152 non
1447 2099 1622 2154 terret
1681 2099 1924 2172 impune
1954 2102 1980 2156 ‘?

330 2188 446 2242 Hoc
479 2188 633 2259 quod
667 2191 807 2242 tunc
823 2187 1063 2258 promisi
1081 2187 1353 2242 effectum
1371 2187 1550 2254 dabo;
1573 2205 1703 2243 mox
1732 2190 1976 2246 videbis.

330 2278 408 2331 Ea
440 2276 672 2331 locutus
703 2282 979 2346 cognatos
1011 2277 1349 2347 amicosque
1377 2293 1517 2332 suos
1548 2277 1749 2332 adiens
1781 2279 1980 2349 singil-

329 2366 518 2431 latim,
555 2382 680 2436 qua:
706 2382 917 2436 passus
948 2370 1102 2420 esset
1143 2382 1176 2419 a
1233 2365 1475 2420 Nereide
1535 2367 1820 2433 narravit;
1855 2373 1977 2423 tum

332 2457 414 2511 ait
450 2473 462 2510 :
497 2454 748 2509 Obsecro
784 2455 1160 2525 obtestorque
1189 2471 1293 2507 vos
1327 2471 1397 2508 ne
1430 2471 1518 2509 me
1550 2457 1856 2524 deseratis,
1879 2457 1978 2511 sed

334 2546 673 2614 frequentes
697 2542 1061 2597 auxiliamini
1097 2548 1428 2614 pugnaturo
1462 2552 1666 2598 contra
1696 2545 1982 2614 injustam

333 2632 754 2704 przedatricem,
789 2637 1129 2703 reputantes
1159 2638 1353 2687 vestra
1405 2633 1687 2688 interesse
1732 2640 1794 2688 ut
1851 2637 1980 2703 ejus

333 2724 563 2794 generis
596 2721 756 2776 ausis
787 2723 902 2775 cita
933 2720 1077 2775 ultio
1111 2738 1224 2776 non
1259 2722 1442 2788 desit;
1477 2739 1608 2776 nam
1654 2723 1722 2776 ad
1761 2740 1980 2778 unum-

343 2829 638 2885 quemque
669 2816 925 2865 vestrum
961 2809 1130 2865 facile
1185 2811 1480 2882 perveniet
1537 2811 1866 2880 calamitas,
1931 2813 1978 2868 si

335 2903 455 2956 hzec
488 2898 752 2972 exempla
800 2899 1083 2953 invitante
1138 2897 1466 2969 inpunitate
1519 2902 1978 2971 frequententur.

339 2989 793 3062 Responderunt
823 3003 1074 3042 omnes:
1121 2991 1332 3042 Prznsto
1391 3005 1621 3055 sumus,
1681 3006 1749 3043 en
1801 2991 1977 3058 imus,

334 3080 446 3134 duc
481 3094 599 3148 quo
622 3078 725 3132 vis.
753 3077 860 3132 Sed
884 3093 1088 3147 parum
1109 3093 1429 3148 possumus
1452 3083 1654 3132 contra
1675 3077 1979 3133 Nereidem

335 3186 444 3223 suo
476 3167 625 3222 mari
659 3171 842 3221 tutam
874 3183 885 3219 :
913 3182 1015 3219 nec
1047 3182 1153 3220 nos
1187 3165 1455 3234 alcyones
1488 3170 1716 3221 tantum
1751 3167 1861 3235 ala,
1888 3186 1979 3222 ro-

334 3264 454 3313 stro
488 3263 591 3312 aut
620 3257 914 3326 unguibus
943 3255 1226 3319 valemus,
1281 3261 1345 3309 ut
1403 3257 1673 3327 persequi
1734 3274 1861 3312 eam
1921 3258 1980 3312 in

337 3366 514 3402 suum
577 3347 812 3417 penitus
867 3362 1108 3416 regnum
1168 3343 1368 3415 ibique
1411 3344 1612 3399 ulcisci
1663 3346 1982 3416 possimus.

333 3437 566 3506 Mergis,
603 3435 822 3507 cycnis,
857 3440 959 3488 aut
988 3434 1164 3488 etiam
1198 3435 1524 3500 vulturum,
1560 3435 1892 3504 aquilarum
1929 3443 1987 3491 et

339 3523 650 3579 milvorum
694 3527 1156 3592 caeterarumque
1213 3519 1514 3575 volucrum
1577 3521 1981 3590 auxiliaribus,

340 3614 669 3684 iisdemque
703 3611 1055 3679 numerosis,
1090 3629 1238 3682 opus
1271 3611 1339 3664 ad
1402 3611 1509 3664 hoc
1567 3617 1722 3666 esset
1777 3614 1980 3683 copiis.

335 3704 508 3775 Ergo,
531 3702 724 3773 inquit
756 3701 982 3772 alcyon,
1005 3701 1194 3754 venite
1218 3716 1446 3753 mecum
1473 3716 1700 3767 omnes,
1723 3706 1780 3754 et
1800 3701 1980 3755 simul

335 3810 468 3847 aves
505 3808 778 3863 rogemus
814 3807 883 3844 ne
913 3794 1230 3860 graventur
1253 3790 1454 3842 adesse
1470 3788 1658 3851 nobis,
1693 3789 1867 3844 chara
1892 3791 1979 3860 pi-

335 3899 522 3953 gnora
556 3880 754 3951 inique
787 3883 954 3950 rapta
988 3878 1409 3949 repetentibus.
1465 3877 1588 3932 Una
1624 3879 1730 3932 fuit
1781 3881 1976 3932 avium

329 3971 597 4025 omnium
626 3969 927 4040 responsio
956 3968 1288 4023 :Faciemus
1314 3967 1466 4037 quod
1495 3967 1688 4038 petitis
1709 3966 1977 4032 libenter,

331 4061 508 4114 modo
541 4060 596 4112 in
631 4060 685 4114 id
721 4075 819 4112 rex
851 4062 1048 4112 noster
1077 4061 1340 4122 annuat;
1376 4073 1510 4110 nam
1547 4057 1768 4125 absque
1799 4057 1976 4127 hujus

332 4157 480 4204 nutu
510 4149 652 4202 nihil
690 4147 800 4200 tale
834 4147 1002 4201 nobis
1035 4146 1167 4200 licet
1197 4144 1517 4216 suscipere.
1556 4145 1700 4209 Quid
1734 4146 1920 4200 multa
1949 4147 1978 4200 ?

329 4240 594 4293 defertur
624 4254 715 4291 res
748 4237 816 4290 ad
862 4253 1051 4306 regem
1083 4235 1410 4290 volucrum.
1444 4234 1499 4288 ls
1523 4234 1816 4304 negotium
1840 4253 1973 4303 pro-

329 4331 450 4392 bat,
487 4325 704 4380 bellum
737 4331 858 4380 toto
881 4325 1024 4380 cmlo
1057 4325 1111 4378 in
1143 4324 1450 4379 Nereidam
1485 4323 1686 4378 indicit
1720 4341 1784 4378 ac
1806 4341 1973 4394 expe-

327 4417 612 4471 ditionem
650 4421 832 4485 parat.
867 4415 1124 4469 Audiens
1155 4415 1271 4468 ista
1301 4413 1522 4478 Nereis,
1557 4412 1741 4467 etlate
1761 4414 1975 4468 fervere

327 4510 682 4577 apparatum
719 4503 928 4558 ruituri
957 4520 1088 4557 mox
1121 4503 1177 4556 in
1205 4502 1393 4573 ipsam
1429 4502 1716 4555 exercitus
1747 4501 1968 4565 videns,

325 4596 598 4649 difﬁdere
629 4593 940 4665 C(Bpitsuis
965 4593 1212 4658 viribus,
1253 4590 1614 4661 consilioque
1647 4607 1844 4644 secum
1875 4591 1976 4643 ha-

326 4687 477 4750 bito,
537 4683 789 4738 decrevit
841 4681 1162 4753 periculum
1219 4681 1559 4751 poenitentia
1615 4685 1970 4750 praevertere.

329 4774 528 4830 Rediit
559 4789 694 4843 ergo
727 4773 796 4826 ad
825 4771 1146 4841 alcyonem,
1181 4774 1234 4823 et
1267 4768 1506 4822 suosilli
1532 4767 1723 4838 pullos
1756 4767 1974 4821 incolu-

328 4880 458 4918 mes
489 4862 763 4917 reddidit.
800 4865 929 4913 Ηίεο
961 4859 1077 4913 dixi
1112 4863 1175 4912 ut
1208 4857 1520 4929 intelligas,
1548 4856 1894 4927 taure,quid
1921 4861 1974 4910 te

327 4960 589 5009 statuere
614 4950 918 5005 conveniat
950 4949 1005 5002 in
1040 4949 1148 5002 hoc
1172 4947 1479 5002 temerario
1514 4948 1810 5018 procinctu
1838 4945 1973 5000 belli

329 5041 682 5113 captssendi
707 5041 985 5093 adversus
1018 5037 1268 5103 leonem,
1301 5038 1392 5090 cui
1429 5036 1564 5090 totis
1588 5035 1710 5089 suis
1736 5040 1791 5089 et
1812 5035 1972 5106 regni

327 5131 545 5202 opibus
578 5126 820 5182 bellanti
855 5126 1010 5180 haud
1060 5127 1248 5196 magis
1297 5131 1352 5179 te
1399 5125 1721 5179 resistendo
1773 5141 1971 5194 parem

330 5236 511 5291 quam
548 5216 855 5272 Nereidem
891 5216 1009 5285 regi
1053 5214 1422 5282 avium,tute,
1450 5218 1512 5266 ut
1553 5212 1804 5266 arbitror
1833 5213 1971 5266 fate-

328 5309 509 5364 beris.
545 5307 728 5362 Cedes
759 5321 917 5375 ergo,
954 5303 1002 5359 si
1047 5320 1137 5358 me
1190 5303 1418 5368 audias,
1479 5307 1533 5356 et
1579 5300 1974 5372 pacatioribus

325 5397 602 5452 intendes
636 5396 901 5449 animum
937 5393 1215 5448 consiliis.
1251 5393 1374 5447 Non
1407 5391 1736 5462 acquiesco,
1780 5391 1972 5459 inquit

325 5487 599 5544 ferociter
621 5490 827 5538 taurus
857 5501 869 5538 :
893 5486 1098 5554 pacata
1124 5483 1235 5538 ista
1263 5481 1375 5536 ista
1397 5480 1640 5535 consilia
1664 5479 1887 5532 lentum
1910 5479 1970 5533 in

326 5577 580 5633 exitium
615 5589 707 5628 me
743 5571 1166 5642 pertraherent.
1204 5572 1462 5638 Praestat,
1491 5577 1548 5624 et
1578 5574 1802 5622 certum
1859 5573 1968 5636 est,

336 5665 524 5723 semel
565 5662 908 5736 periclitari,
941 5666 996 5716 et
1024 5661 1111 5716 vel
1147 5661 1361 5717 nobilis
1387 5658 1967 5730 victoriazg'elmortis

2084 550 2331 618 etigator
2361 553 2591 624 agebat,
2623 555 2892 625 quamvis
2923 558 3284 612 contrarium
3310 557 3616 629 simulans,
3668 567 3730 616 ut

2083 641 2320 692 taurum
2338 640 3194 700 insidiosissimisscrmonibus
3213 646 3271 700 in
3295 646 3508 702 ferocia
3525 647 3728 704 isthmc

2084 741 2228 780 ausa
2263 727 2626 800 propelleret.
2659 732 2809 803 Ergo
2839 739 3094 805 ereptum
3129 751 3195 788 ex
3225 743 3353 790 voto
3386 735 3495 790 sibi
3529 737 3731 792 videns

2085 816 2420 881 succedere,
2453 822 2518 873 ut
2542 818 2824 877 scelerato
2857 822 3325 879 machinamento
3357 825 3724 880 committen-

2085 904 2293 960 dorum
2327 908 2673 964 aemulorum
2701 927 2941 967 manum
2977 914 3241 970 ultimam
3278 915 3597 986 inponeret,
3631 916 3727 969 de-

2081 993 2362 1051 claranda
2393 997 2623 1068 putavit
2653 1003 2822 1056 tauro
2851 1001 3021 1072 signa
3053 1019 3178 1073 qua:
3200 1005 3254 1058 in
3277 1003 3461 1071 leone,
3485 1005 3624 1058 dum
3651 1004 3722 1057 ad

2087 1083 2441 1139 saeviendum
2457 1101 2519 1141 se
2533 1088 2650 1142 acci
2663 1087 3000 1159 ugit,notari
3020 1097 3463 1159 consueverunt,
3485 1093 3726 1147 sicutvi-

2086 1170 2287 1227 cissim
2314 1175 2654 1230 antealeoni
2677 1185 3025 1248 exposuerat
3046 1181 3260 1235 indicia
3289 1182 3506 1236 ferociae
3530 1181 3589 1236 in
3614 1182 3729 1235 vim

2086 1266 2325 1316 exserta!
2348 1263 2501 1317 tauri
2527 1269 2644 1320 toto
2669 1283 2799 1321 mox
2820 1274 3029 1323 conatu
3057 1271 3405 1341 pugnaturi;
3433 1275 3494 1324 ut
3516 1287 3646 1325 cum
3671 1269 3724 1324 in

2089 1355 2359 1406 mutuum
2378 1369 2509 1408 mox
2523 1363 2898 1426 conspectum
2916 1359 3088 1412 ambo
3103 1359 3415 1414 adversarii
3434 1361 3732 1414 venissent

2086 1455 2154 1494 ex
2187 1446 2394 1496 mutua
2418 1443 2529 1498 ista
2552 1446 2955 1502 observatione
2973 1447 3279 1519 signorum
3300 1449 3729 1519 praedictorum,

2088 1529 2157 1583 ad
2189 1530 2454 1600 praelium
2492 1549 2556 1588 ac
2589 1534 2805 1589 cedem
2839 1535 3232 1592 irritarentur.
3265 1537 3502 1593 lntuéns
3553 1538 3733 1608 igitur

2087 1621 2320 1673 taurum
2342 1619 2470 1675 [icta
2499 1622 2913 1678 benevolentiae
2934 1626 3144 1696 specie.
3175 1626 3650 1697 Quandoinquit,
3673 1626 3728 1680 in

2088 1708 2140 1761 vi
2173 1709 2567 1766 dissuadenda
2601 1712 2788 1768 frusta
2816 1730 2969 1779 sum,
3003 1718 3059 1768 et
3078 1715 3322 1785 experiri
3349 1716 3499 1770 vires
3523 1715 3732 1770 tuasin

2089 1795 2313 1853 leonem
2349 1799 2809 1857 irrevocabiliter
2829 1809 3020 1857 certus
3044 1805 3298 1875 es,quod
3326 1803 3599 1858 ultimum
3629 1805 3730 1859 tali

2085 1892 2345 1958 tempore
2367 1888 2551 1944 fidelis
2574 1890 2846 1945 amicitiae
2870 1892 3124 1948 officium
3149 1909 3216 1947 ex
3239 1909 3330 1947 me
3361 1892 3463 1946 tibi
3485 1908 3610 1948 esse
3637 1912 3733 1965 pe-

2084 1980 2218 2044 test,
2261 1977 2544 2033 admoneo
2566 1983 2641 2045 te,
2667 1981 2882 2050 quibus
2904 1999 2968 2034 ex
2992 1981 3178 2052 signis
3201 1986 3356 2036 certo
3381 1998 3563 2052 queas
3587 1999 3736 2053 prie-

2085 2082 2324 2122 noscere
2343 2068 2710 2134 ignoscentes
2728 2069 2784 2124 in
2804 2076 2855 2124 te
2880 2070 3062 2126 leonis
3086 2070 3288 2136 furias,
3307 2069 3507 2125 moxin
3525 2071 3735 2124 imma-

2085 2155 2360 2210 nissimos
2387 2156 2643 2212 insultus
2667 2165 3000 2230 erupturas.
3031 2159 3130 2214 Ubi
3155 2175 3291 2230 ergo
3313 2159 3500 2214 leonis
3522 2161 3722 2214 effera-

2084 2248 2176 2298 tos
2207 2249 2264 2297 et
2291 2245 2578 2315 sanguine
2610 2247 2867 2302 suffusos
2890 2248 3090 2303 oculos
3122 2248 3356 2315 videris,
3388 2248 3486 2302 ubi
3517 2249 3718 2303 eodem

2084 2337 2346 2404 tempore
2379 2335 2672 2390 notaveris
2704 2336 3104 2407 impatientem
3138 2342 3449 2392 tremorem
3482 2353 3631 2408 aegre
3664 2353 3724 2392 se

2086 2423 2512 2477 continentium
2535 2441 2568 2477 a
2591 2426 2812 2479 ruendo
2827 2432 3085 2496 artuum,
3105 2425 3281 2480 simul
3298 2443 3430 2480 cum
3447 2427 3648 2481 crebro
3666 2431 3723 2481 et

2083 2511 2408 2566 vehementi
2440 2514 2637 2567 caudae
2662 2519 2821 2586 terga
2853 2515 3201 2585 ﬂagellantis
3231 2521 3414 2579 motu,
3439 2532 3573 2570 cave
3599 2519 3724 2570 tum

2086 2599 2211 2667 tibi,
2243 2605 2302 2654 et
2331 2606 2536 2656 contra
2566 2603 2769 2674 expedi
2803 2608 3089 2674 quantum
3126 2603 3306 2658 habes
3349 2604 3460 2658 vim
3499 2619 3512 2656 :
3571 2609 3726 2659 certo

2085 2689 2241 2742 enim
2279 2691 2494 2743 certius
2526 2691 2720 2745 statim
2755 2691 3070 2762 experieris
3129 2693 3484 2747 szevissimos
3544 2691 3728 2764 impe-

2089 2781 2184 2832 tus
2220 2777 2406 2834 hostis
2440 2779 2886 2849 immanissimi,
2917 2783 3052 2836 totis
3087 2781 3143 2835 in
3177 2786 3228 2836 te
3259 2781 3483 2835 viribus
3534 2782 3720 2837 usuri.

2159 2902 2365 2956 XXIV.
2407 2904 2468 2956 In
2503 2903 2660 2958 hunc
2694 2904 2931 2958 modum
2965 2904 3257 2976 instigatis
3293 2905 3348 2958 in
3383 2921 3443 2959 se
3476 2905 3724 2958 invicem

2087 2990 2369 3045 scelerato
2404 2991 2784 3062 Vestigatoris
2816 2993 3060 3047 artificio
3093 2993 3256 3047 leone
3307 2999 3482 3063 atque
3540 2997 3729 3060 tauro,

2088 3080 2180 3133 hic
2211 3080 2282 3134 ad
2319 3079 2484 3134 illum
2519 3081 2866 3152 ingreditur.
2887 3082 3186 3137 Ambobus
3210 3085 3405 3136 autem
3439 3099 3500 3136 se
3525 3087 3730 3137 mutuo

2095 3170 2484 3238 intuentibus,
2521 3188 2584 3225 ac
2611 3171 2776 3226 leone
2807 3172 3043 3243 qnidem
3077 3177 3310 3227 notante
3338 3171 3398 3226 in
3433 3176 3602 3227 tauro
3651 3172 3734 3226 si—

2097 3275 2213 3329 gna
2244 3260 2674 3314 effervescentis
2705 3260 2762 3314 in
2787 3260 2902 3314 vim
2951 3260 3046 3315 iraa
3080 3277 3206 3332 quae
3229 3261 3566 3333 Vestigator
3588 3278 3731 3333 prae-

2098 3352 2407 3402 monuerat
2439 3365 2458 3402 :
2491 3352 2657 3402 tauro
2688 3347 2948 3402 vicissim
2985 3349 3145 3419 paria
3173 3348 3389 3403 indicia
3420 3348 3737 3420 prurientis

2094 3439 2153 3490 in
2188 3453 2449 3508 pugnam
2482 3437 2727 3504 ferocia,
2761 3453 2887 3508 quae
2921 3438 3073 3492 idem
3092 3438 3457 3509 praedixerat,
3491 3438 3548 3493 in
3573 3438 3740 3494 leone

2093 3531 2389 3594 cernente,
2424 3526 2583 3595 prior
2611 3530 2818 3580 taurus
2837 3526 2918 3581 sic
2954 3525 3112 3597 loqui
3139 3543 3310 3582 orsus
3336 3533 3426 3583 est
3459 3531 3741 3582 :Przestat

2092 3615 2350 3668 assidere
2371 3614 2660 3684 speluncze
2685 3617 3068 3685 quantumvis
3099 3616 3207 3670 diri
3235 3616 3530 3680 draconis,
3556 3634 3734 3688 quam

2091 3703 2236 3756 aula.-
2268 3703 2422 3772 regis
2452 3705 2534 3757 tui
2574 3704 2810 3769 similis,
2846 3720 2878 3757 o
2908 3705 3018 3769 leo,
3053 3705 3267 3759 hocest
3291 3705 3493 3774 injusti
3519 3723 3736 3759 acsan—

2090 3791 2340 3858 guinarii
2373 3810 2386 3858 ;
2421 3798 2475 3844 et
2509 3795 2637 3861 post
2668 3791 2816 3845 hanc
2849 3793 3016 3862 quasi
3051 3792 3517 3862 clarigationem,
3551 3794 3734 3864 impc-

2090 3885 2215 3931 tum
2250 3879 2318 3932 ad
2353 3879 2469 3932 vim
2503 3879 2752 3948 expedit.
2785 3881 2892 3934 Sed
2929 3887 3174 3951 occupat
3209 3881 3316 3949 leo,
3345 3898 3411 3935 ac
3434 3881 3734 3936 violentis-

2087 3967 2521 4022 simeinsiliens
2579 3969 2862 4023 miserum
2913 3971 3194 4042 discerpit
3251 3975 3308 4024 et
3339 3969 3731 4026 cxcarniﬁcat.

2085 4057 2179 4110 Sic
2209 4056 2483 4111 occubuit
2514 4064 2714 4110 laurus
2746 4057 2804 4110 in
2827 4057 3013 4112 oculis
3035 4057 3418 4129 Vestigatoris
3449 4061 3505 4110 et
3560 4060 3730 4110 Coro-

2085 4146 2204 4199 nati
2239 4148 2394 4215 (nam
2430 4151 2485 4199 et
2517 4147 2610 4200 hic
2644 4148 2785 4199 forte
2814 4163 3068 4217 praesens
3102 4147 3336 4216 adfuit),
3379 4145 3476 4216 qui
3539 4145 3733 4200 sciens

2085 4235 2217 4306 quis
2249 4236 2605 4306 compositor
2636 4235 2816 4304 hujus
2846 4236 3142 4306 tragoediae
3166 4236 3391 4303 fuisset,
3417 4251 3732 4289 conversus

2083 4325 2152 4378 ad
2190 4325 2469 4378 artificem
2503 4323 2741 4378 sceleris
2773 4325 3215 4393 Vestigatorem,
3251 4321 3321 4377 iis
3355 4323 3516 4376 illum
3551 4323 3734 4378 intui-

2082 4418 2176 4466 tus
2207 4419 2292 4467 cst
2315 4414 2500 4467 oculis
2533 4413 2630 4485 qui
2667 4414 2808 4467 satis
2840 4414 3214 4467 ostenderent
3247 4418 3302 4466 et
3362 4431 3538 4482 quam
3597 4427 3729 4482 grao

2084 4501 2601 4573 viterimproliaret
2627 4506 2863 4565 factum,
2894 4509 2947 4556 et
2966 4501 3403 4573 quantuminde
3437 4502 3728 4556 malorum

2012 4578 2057 4638 Ι)
2093 4591 2145 4642 in
2181 4593 2439 4646 auctoris
2470 4597 2646 4662 caput
2684 4592 3149 4645 redundaturum
3210 4597 3363 4644 esset
3420 4591 3732 4662 prmdicere

2085 4681 2243 4734 taciti
2277 4681 2791 4736 viderentur.’I‘um
2824 4699 2955 4736 eum
2993 4681 3729 4752 privatim,quamprimum

2084 4771 2272 4834 licuit,
2309 4788 2374 4824 ac
2408 4773 2532 4826 sine
2558 4771 2798 4825 arbttris
2832 4772 3207 4837 conveniens,
3243 4771 3335 4824 his
3374 4777 3464 4825 est
3520 4772 3731 4824 affatus

2085 4860 2286 4915 vrrbia
2321 4877 2332 4914 :
2368 4861 2495 4913 Scis
2524 4861 2660 4931 quid
2699 4859 2925 4930 egeris;
2979 4867 3030 4912 ct
3083 4861 3136 4914 in
3199 4861 3330 4914 sinu
3392 4858 3729 4931 gratularis,

2088 4955 2283 5002 nactas
2316 4965 2443 5001 esse
2472 4966 2640 5015 quem
2667 4953 2899 5018 optaras
2923 4965 3257 5002 successum
3283 4954 3413 5002 tuas
3436 4947 3729 5002 scelestis-

2087 5039 2270 5092 simas
2303 5036 2570 5092 insidias.
2605 5037 2776 5106 Atqui
2813 5042 2865 5090 te
2898 5038 3196 5107 providere
3229 5053 3293 5090 ac
3353 5041 3732 5107 praemetucre

2095 5126 2568 5180 t'uncstissimum
2603 5125 2710 5195 ipsi
2749 5126 2846 5178 tibi
2882 5126 2963 5178 tui
2999 5125 3266 5180 screleris
3311 5127 3528 5178 exitum
3563 5140 3730 5193 opor-

2091 5218 2298 5270 tuerat.
2320 5212 2622 5267 Maculasti
2645 5212 2830 5266 leonis
2851 5214 3088 5280 famam,
3114 5213 3571 5268 invidiosissimo
3595 5227 3729 5264 sua-

2089 5306 2281 5359 dendo
2339 5302 2625 5369 facinore;
2683 5307 2918 5357 taurum
2978 5303 3346 5357 innocentem
3405 5299 3728 5371 perdidisti,

2093 5392 2439 5449 commisisti
2473 5391 2638 5463 prius
2660 5392 2980 5446 concordes
3015 5391 3171 5458 regni
3206 5405 3469 5460 proceres
3504 5389 3559 5442 in
3595 5404 3730 5457 per-

2091 5482 2544 5538 niciosissimam
2609 5479 2958 5534 discordiam
2994 5485 3049 5534 et
3080 5477 3509 5534 commilitones
3549 5477 3608 5529 in
3668 5491 3729 5528 se

2085 5572 2355 5634 invicem,
2398 5570 2573 5640 jactis
2635 5570 2991 5624 seditionum
3053 5565 3400 5628 seminibus,
3463 5564 3726 5620 armasti.

2086 5665 2169 5716 An
2201 5663 2439 5731 impune
2463 5665 2518 5714 et
2546 5660 2801 5714 laturum
2836 5673 3037 5728 speras
3059 5654 3303 5709 crimina
3327 5659 3442 5708 tam
3470 5653 3685 5709 atrocia
3704 5658 3732 5712 ?
