3984 6202
430 273 570 328 1275
1934 275 2031 340 ΑΡ

2140 283 2321 344 ΝΒΙΧ.
3630 311 3732 367 mg

424 398 666 455 Falleris
698 416 825 495 mea
858 401 1150 457 sententia
1180 401 1526 474 plurimum,
1556 405 1606 460 si
1630 405 1686 460 id
1708 407 1920 463 credis.
1947 410 2051 465 La-
2082 413 2137 481 Α
2165 413 2422 485 adeoque
2445 416 2632 472 facere
2678 428 2769 474 me
2826 417 2882 475 in
2942 417 3076 487 hoc,
3135 436 3262 478 meo
3312 425 3525 495 damno,
3572 442 3725 492 contra

420 494 539 543 teat
566 489 718 591 forte
752 489 886 590 licet
924 507 1117 591 regem
1153 492 1378 591 malitia
1407 498 1528 560 tua,
1562 501 1620 550 at
1648 511 1776 551 eam
1822 498 2062 568 penitus
2174 503 2581 574 praescriptum
2610 507 2921 576 cujusdam
2951 511 3260 580 sapientis,
3289 514 3383 584 qui
3412 489 3542 572 recte
3565 489 3717 591 preci:

423 576 1032 674 pervidentsapientes
1051 599 1231 652 supra
1250 582 1546 655 vulgarem
1572 590 1809 657 captum
1835 589 2063 644 consilii
2174 591 2260 662 pit
2291 607 2305 646 :
2339 591 2468 648 Noli
2500 608 2744 666 arguere
2765 576 3042 667 stultum,
3073 614 3144 654 ne
3173 576 3395 657 taedio
3447 576 3638 674 habent,
3665 576 3722 667 iet

421 664 561 757 regii
597 666 894 757 prasides,
929 668 1028 738 qui
1051 671 1360 728 conﬂatam
1386 677 1501 728 ate
1533 675 1842 731 factionem
1893 676 2062 732 intel-
2173 680 2222 734 si
2254 685 2466 751 potest,
2500 664 2705 754 perdat
2739 703 2752 749 ;
2803 664 3302 756 quemadmodum
3353 692 3492 747 simii
3541 664 3720 757 corium

419 752 688 823 ligentes,
721 755 947 850 dabunt
976 763 1279 816 strenuam
1310 766 1368 816 et
1395 763 1692 820 efficacem
1725 781 1960 836 operam
1989 769 2061 822 ad
2173 752 2552 841 perdiderunt
2599 752 3120 844 reprehendentem
3181 779 3355 850 ipsos.
3410 783 3562 839 Aiunt
3605 752 3717 845 enim

416 847 843 949 piavertendes
875 855 1121 949 cenat-us
1152 850 1444 949 impios-et
1473 854 1716 911 infestas
1740 857 1920 927 quieti
1951 875 2060 929 pn-
2167 860 2376 949 simios
2399 861 2457 916 in
2491 863 2746 932 quadam
2769 864 2916 920 silva
2933 847 3220 923 montana
3245 885 3342 940 per
3370 870 3586 929 hiemem
3605 878 3720 949 frigi-

412 933 573 990 blicae
608 936 940 995 molitiones
964 941 1019 994 in
1045 941 1169 1012 ipsa
1192 943 1424 997 nefaria:
1454 946 1827 1001 conscientia;
1860 948 2058 1004 adhuc
2168 948 2472 1006 dissimam
2505 954 2798 1019 degentes,
2822 959 3140 1011 trementes
3192 933 3261 1012 in.
3305 975 3516 1015 summo
3557 933 3717 1033 algoiii,

414 1028 648 1083 innoxia
681 1030 1085 1100 designatione
1125 1035 1580 1105 opprimendas:
1644 1055 1750 1094 nec
1807 1040 2056 1094 dubium

413 1117 554 1188 quin
599 1120 900 1190 perﬁciant
929 1123 1084 1193 quod
1117 1123 1341 1180 volunt.
1378 1127 1497 1181 Etsi
1519 1128 1673 1182 enim
1732 1131 2052 1186 multornm

410 1206 514 1261 tibi
541 1209 738 1264 studia
768 1216 824 1265 et
849 1212 1067 1267 auxilia
1091 1215 1328 1285 parasti,
1355 1216 1664 1286 przevalere
1687 1221 1878 1273 tamen
1905 1218 2054 1274 solet

410 1297 728 1367 tranquilla
760 1315 1078 1370 paucorum
1102 1305 1358 1375 capitum
1385 1307 1694 1376 prudentia
1725 1308 2052 1378 quamlibet

411 1386 730 1441 multarum
749 1389 1123 1446 tumultuosae
1148 1392 1435 1449 violentiae
1458 1411 1763 1451 manuum.
1790 1401 1919 1452 Haec
1943 1409 2048 1468 ego

407 1477 717 1545 providens
752 1484 911 1534 tuam
946 1487 1386 1553 prornmpentis
1419 1484 1474 1538 in
1497 1484 1641 1540 tales
1664 1501 1844 1542 ausus
1871 1488 2049 1557 repri-

407 1580 561 1620 mere
591 1561 1004 1624 canfldentiam
1037 1572 1312 1638 conabar,
1377 1579 1583 1644 praeter
1635 1580 1796 1631 tuam
1856 1577 2046 1649 ipsius

403 1652 674 1720 salutem,
707 1656 880 1712 etiam
916 1660 1069 1729 regis
1098 1676 1163 1714 ac
1181 1661 1344 1731 regni
1369 1661 1834 1720 incolumitatem
1856 1666 1912 1720 in
1937 1666 2046 1721 hoc

2167 1039 2384 1094 vidisse
2418 1041 2560 1096 forte
2591 1042 2846 1114 lapidem
2897 1045 3252 1102 carbunculo
3304 1048 3548 1118 similem,
3591 1058 3710 1124 cujus

2165 1128 2386 1200 fulgore
2421 1148 2744 1202 prunarum
2779 1136 3034 1205 speciem
3071 1137 3337 1204 habente,
3369 1139 3421 1192 in
3461 1139 3706 1198 falsamin-

2162 1220 2318 1273 ducti
2354 1219 2710 1289 opinionem,
2727 1223 2890 1278 arida
2915 1225 3066 1280 circa
3085 1225 3252 1280 illum
3275 1235 3575 1298 aggerentes
3596 1231 3710 1296 folia,

2159 1307 2425 1362 certatim
2459 1311 2793 1382 congregati
2828 1311 3045 1367 circum
3071 1330 3297 1380 omnes,
3319 1315 3371 1368 in
3394 1315 3607 1386 lapidem
3625 1321 3710 1372 sul-

2160 1396 2400 1466 ﬂabant,
2447 1397 2770 1464 ﬂammam,
2815 1406 2878 1456 nt
2934 1402 3242 1472 putabant,
3293 1403 3536 1460 elicituri.
3591 1407 3709 1464 Hunc

2157 1487 2407 1542 stultum
2433 1505 2633 1543 eorum
2667 1487 2922 1544 laborem
2957 1491 3301 1563 despectans
3329 1510 3393 1548 ex
3420 1493 3520 1549 alto
3539 1513 3710 1566 corvus,

2155 1575 2257 1644 Ne,
2291 1576 2503 1647 inquit,
2530 1579 2756 1644 erretis,
2791 1595 2822 1632 ο
2867 1579 3023 1648 boni,
3059 1585 3223 1651 petra
3277 1575 3393 1636 haec
3428 1584 3590 1654 gelida
3632 1591 3708 1653 est,

2155 1666 2303 1720 nihil
2345 1667 2463 1738 igni
2495 1668 2718 1724 habens
2744 1675 2951 1740 praeter
3007 1669 3282 1727 colorem.
3337 1673 3453 1728 Haec
3503 1691 3611 1729 cum
3656 1676 3710 1730 illi

406 1747 702 1816 spectans.
745 1745 898 1802 Nihil
930 1749 1085 1804 enim
1113 1749 1416 1808 exitiosius
1475 1754 1771 1826 principes
1830 1756 2042 1826 princi-
2079 1792 2126 1856 Β
2158 1756 2444 1812 dicentem
2480 1758 2822 1830 irridebant,
2857 1763 3253 1818 intentissime
3302 1763 3368 1816 de
3398 1768 3573 1818 caetero
3599 1767 3709 1834 quod

406 1839 695 1908 patnsque
728 1839 1020 1908 pervertit,
1043 1854 1219 1911 quam
1241 1842 1466 1897 auditio
1487 1843 1889 1916 admissioque
1910 1859 2046 1919 sug-

401 1925 734 1995 gestionum
767 1927 995 1996 talium,
1032 1931 1237 2001 quales
1269 1937 1330 1986 tu
1366 1932 1569 2004 tuique
1594 1935 1817 1990 similes
1851 1935 2051 1993 soletis

401 2014 695 2072 inculcare
728 2017 983 2074 incautis
1017 2022 1388 2093 regnantium
1423 2025 1685 2080 auribus.
1723 2025 1863 2080 Mihi
1887 2043 2047 2082 sem-

401 2122 502 2176 per
528 2103 608 2161 ita
641 2108 828 2163 visum
864 2113 992 2165 est:
1026 2110 1191 2166 doles
1222 2113 1610 2185 virtutesque,
1645 2115 1862 2186 quibus
1919 2115 2044 2170 vitae

395 2195 643 2252 felicitas
673 2198 1012 2265 absolvitur,
1050 2199 1156 2255 has
1186 2218 1314 2259 esse
1347 2222 1359 2259 :
1388 2204 1740 2271 doctrinam,
1765 2204 2043 2277 eloquen-

389 2290 565 2362 tiam,
607 2294 928 2366 justitiam,
960 2293 1371 2350 liberalitatem
1433 2295 1703 2361 hilarem,
1780 2295 2046 2367 legitime

392 2385 590 2449 partas
613 2400 772 2453 opes,
809 2385 1268 2440 misericsrdiam
1301 2384 1621 2439 beneficam
1684 2383 1742 2438 in
1803 2399 2042 2455 egenos,

390 2466 1188 2540 longaevitatem,sanitutem,
1233 2472 1588 2530 comitatem.
1639 2474 1740 2528 His
1772 2475 1870 2544 qui
1913 2475 2044 2529 niti-

395 2560 506 2622 tur,
540 2563 596 2611 et
622 2562 1017 2628 profecturum
1049 2578 1250 2617 eorum
1281 2577 1411 2632 ope,
1452 2569 1510 2617 et
1566 2578 1679 2632 quo
1739 2567 2042 2632 promotus

393 2646 598 2701 merito
631 2649 826 2718 fuerit,
859 2651 938 2704 ibi
997 2651 1283 2707 stabiliter
1343 2667 1796 2722 permansurum
1850 2657 2039 2722 puto;

388 2739 624 2795 fraudes
656 2745 709 2794 et
743 2740 854 2794 doli
893 2741 1028 2795 mali
1062 2742 1283 2796 caduca
1315 2742 1698 2796 fundamenta
1729 2747 1868 2796 sunt
1903 2743 2039 2797 bea-

382 2829 659 2884 titudinis
691 2829 1057 2886 mortalium.
1094 2836 1171 2884 Ex
1204 2831 1296 2886 his
1328 2831 1565 2887 dotibus
1607 2831 1837 2902 aliquas
1871 2833 1930 2886 in
1982 2836 2040 2886 te

383 2934 659 2990 agnosco,
687 2919 987 2975 solertiam
1013 2925 1070 2975 et
1106 2920 1436 2987 scientiam,
1460 2921 1560 2976 sed
1581 2937 1685 2976 eas
1707 2921 2040 2992 corrumpis

385 3026 558 3080 pravo
593 3027 725 3064 usu.
761 3009 1008 3065 Fructus
1030 3015 1224 3065 autem
1251 3026 1365 3065 non
1391 3016 1680 3081 corrupta
1708 3011 2032 3082 sapientiae,

391 3099 710 3154 moderatio
741 3104 849 3164 est,
883 3104 940 3154 et
969 3099 1236 3170 quaedam
1279 3099 1566 3155 sobrietas
1599 3101 1827 3170 agendi,
1851 3117 2027 3172 quam
2057 3141 2106 3210 C

386 3188 488 3259 qui
521 3205 635 3244 non
669 3193 892 3255 tenent,
925 3205 1033 3245 sua
1064 3188 1190 3259 ipsa
1221 3188 1467 3244 scientia
1495 3189 1638 3243 ebrii
1673 3205 1790 3242 non
1833 3189 2031 3244 vident

385 3295 512 3349 qua:
545 3282 684 3332 sunt
714 3283 846 3332 ante
877 3276 1100 3344 oculos,
1130 3281 1187 3331 et
1217 3276 1436 3332 invidia
1479 3282 1823 3332 noctuarum
1886 3278 2029 3347 ipsis

387 3371 656 3421 naturam
690 3366 991 3432 induente,
1026 3365 1283 3436 caligant
1314 3367 1385 3420 ad
1406 3365 1888 3431 multamlucem,
1911 3369 2028 3422 vir-

387 3461 578 3509 tutum
613 3453 940 3508 alienarum
971 3453 1343 3524 splendorem
1377 3471 1488 3509 non
1526 3457 1794 3509 terentes.
1829 3455 2030 3519 Qualis

383 3543 615 3614 generis
638 3542 878 3599 asseclis
906 3543 1006 3614 qui
1041 3542 1447 3599 cirdumdatus
1481 3561 1578 3599 rex
1606 3549 1715 3611 est,
1773 3545 2028 3600 similem

383 3651 518 3688 cum
551 3633 795 3688 dixerim
821 3633 1018 3699 ﬂuvio,
1049 3631 1296 3703 limpido
1329 3632 1412 3687 illi
1453 3635 1693 3704 quidem
1753 3639 1811 3690 et
1864 3633 2026 3690 uberi

385 3723 801 3796 prespicuitate
833 3723 1104 3782 invitanti
1137 3725 1386 3781 viatores
1414 3728 1729 3780 aestuantes
1756 3725 1828 3779 ad
1855 3741 2026 3780 usum

387 3813 500 3882 sui,
533 3815 632 3870 sed
667 3815 855 3870 eidem
887 3817 1098 3871 referto
1141 3815 1473 3881 crocodilis,
1533 3830 1785 3886 quorum
1847 3823 2030 3868 terror

385 3902 556 3975 longe
587 3910 744 3975 arcet
769 3905 840 3960 ab
873 3921 1112 3962 accessu
1144 3904 1396 3960 crudelis
1454 3905 1591 3976 ripae
1653 3904 2028 3975 praemonitos

382 3992 624 4065 periculi
659 3994 938 4066 hospites,
973 3993 1143 4067 longe
1174 3994 1362 4049 satius
1385 3995 1666 4048 ducentes
1706 3998 2024 4064 quantum-

378 4083 522 4139 libet
545 4089 807 4140 nrentem
838 4084 996 4138 sitim
1031 4086 1142 4154 pati
1177 4100 1352 4154 quam
1378 4099 1440 4138 se
1466 4083 1752 4138 vorandos
1771 4082 2026 4152 praebere

376 4172 830 4228 immanissimis
863 4172 1097 4229 belluis.
1132 4173 1218 4227 Tu
1251 4188 1378 4228 vero
1427 4172 1722 4227 neminem
1780 4171 2018 4227 voluisti

378 4266 584 4329 praeter
605 4267 661 4316 te
691 4261 966 4331 peculiari
1000 4261 1185 4317 leonis
1217 4262 1370 4332 regis
1402 4259 1590 4332 gratia
1649 4261 1852 4315 ﬂorere
1885 4276 1899 4326 ;
1962 4261 2017 4314 in

384 4363 502 4417 quo
535 4349 788 4419 pessime
819 4351 889 4405 de
920 4351 1047 4421 ipso
1080 4349 1370 4406 meruisti.
1431 4350 1596 4405 Sicut
1649 4349 2014 4418 majestatem

378 4437 559 4492 maris
583 4455 816 4494 omnem
842 4457 908 4495 ac
930 4440 1186 4512 speciem
1212 4439 1460 4506 tolleret,
1486 4440 1586 4512 qui
1602 4440 1671 4494 ad
1704 4439 2012 4494 unieumid

373 4526 619 4582 ﬂuctum
652 4528 824 4583 vellet
850 4530 1132 4601 redigere,
1165 4545 1298 4584 cum
1332 4547 1401 4585 ex
1431 4529 1812 4584 multitudine
1843 4528 2015 4584 innu-

369 4615 630 4671 merabili
666 4619 1027 4675 trndentium
1063 4619 1180 4676 illic
1211 4636 1336 4676 sese
1367 4636 1434 4674 ac
1493 4619 1841 4692 stipantium
1899 4620 2010 4673 ﬂu-

369 4714 572 4761 ctuum
603 4712 774 4774 atque
805 4709 1119 4775 undarum,
1151 4709 1331 4764 maris
1364 4709 1666 4780 dignatus,
1699 4714 1758 4764 et
1789 4725 1915 4779 quae
1945 4725 2015 4764 ex

369 4795 478 4849 hac
509 4793 714 4860 oritur,
749 4797 1151 4868 navigantium
1172 4798 1440 4869 quaedam
1471 4797 1787 4865 veneratio,
1810 4813 2016 4852 nasca-

369 4889 486 4938 tur.
522 4888 802 4938 lnsannm
837 4901 970 4940 vero
1004 4904 1242 4957 prorsus
1273 4893 1363 4943 est
1392 4887 1665 4942 amicitize
1694 4887 1833 4942 foris
1874 4903 2015 4957 prae-

371 4976 519 5029 ferre
551 4973 962 5043 simulacrum,
997 4977 1283 5032 foventem
1319 4977 1479 5033 intus
1513 4978 1659 5033 nihil
1696 4976 1854 5032 aliud
1904 4975 2016 5030 nisi

366 5071 736 5137 quaestuosae
765 5066 1140 5136 cupiditates,
1172 5069 1415 5138 privatis
1469 5070 1636 5124 unice
1690 5069 2016 5126 rationibus

363 5158 647 5223 intentas,
699 5155 938 5211 sordido
999 5156 1340 5212 avidissime
1371 5157 1774 5215 inhiabnndas
1832 5160 2016 5224 lucro,

366 5245 631 5317 nihilque
665 5246 829 5317 pensi
868 5247 1176 5309 habentes,
1211 5248 1505 5318 propriam
1538 5247 1649 5302 sibi
1701 5251 2020 5317 quomodo~

361 5350 591 5405 cunque
619 5335 746 5390 utili
783 5340 958 5390 tatem
992 5337 1298 5402 conﬁcere,
1332 5334 1418 5389 vel
1447 5335 1752 5406 dispendio
1811 5338 2018 5392 exitio-

365 5440 477 5492 que
511 5425 858 5494 qnornmvis
892 5423 1222 5494 quamlibet
1254 5423 1599 5478 insontium.

441 5547 613 5604 XXV.
656 5548 786 5602 Haec
819 5564 924 5618 ego
953 5549 1097 5602 satis
1129 5547 1416 5620 intelligo,
1454 5548 1679 5620 pridem
1716 5555 2020 5637 expertus,

375 5640 433 5686 et
463 5637 641 5689 surdo
672 5653 765 5690 me
793 5638 1078 5696 cecinisse
1111 5637 1414 5708 hactenus,
1441 5643 1498 5695 et
1558 5656 1728 5711 porro
1785 5657 2018 5708 canere,

2158 1850 2449 1914 cmperant
2480 1853 2738 1916 agentes.
2794 1851 3123 1905 Arbitratns
3174 1867 3375 1905 corvus
3417 1868 3514 1905 non
3563 1869 3710 1922 perve-

2158 1932 2314 1988 nisse
2345 1935 2416 1988 ad
2448 1935 2606 2006 ipsos
2634 1953 2851 2004 vocem,
2887 1937 3194 1992 descendit
3218 1937 3274 1992 in
3299 1939 3589 1993 viciniorem
3610 1939 3709 2008 ipsis

2155 2039 2408 2088 ramum,
2425 2031 2485 2078 et
2505 2025 2704 2079 eadem
2735 2026 2946 2081 admon
2960 2027 3065 2096 uit,
3087 2029 3215 2097 pari
3240 2045 3515 2095 successu;
3534 2027 3706 2098 quando

2153 2129 2283 2166 eum
2319 2115 2656 2185 praeteriens
2683 2117 2921 2186 quidam
2950 2117 3135 2171 viator
3155 2122 3213 2172 ct
3253 2117 3453 2172 frustra
3503 2127 3704 2188 salagen-

2152 2206 2267 2256 tem
2303 2202 2609 2258 miserans.
2644 2203 2875 2273 Desine,
2910 2221 3099 2272 corve,
3136 2206 3348 2277 inquit,
3389 2207 3533 2277 paria
3579 2213 3623 2261 et
3663 2219 3704 2260 tu

2151 2307 2280 2346 cum
2329 2291 2402 2347 iis
2435 2295 2735 2363 quosjure
2757 2295 3054 2366 vituperas
3088 2312 3347 2366 peccare,
3381 2295 3539 2350 nihilo
3575 2313 3701 2365 quam

2147 2381 2186 2434 ii
2208 2381 2404 2435 minus
2421 2381 2712 2437 inutiliter
2735 2383 3187 2440 laborans.Tam
3210 2385 3360 2439 enim
3382 2386 3700 2457 nequidquam

2147 2471 2343 2538 sudat,
2378 2472 2476 2543 qui
2513 2473 2854 2528 naturaliter
2886 2475 3082 2528 bardis
3111 2480 3173 2529 et
3194 2481 3378 2530 mente
3393 2475 3704 2544 caSSlSinSpl-

2147 2576 2275 2614 rare
2296 2561 2623 2632 sapientem
2657 2565 2875 2629 studet,
2909 2581 2974 2618 ac
2993 2563 3236 2634 quirem
3257 2570 3452 2619 natura
3473 2563 3701 2634 obliquam

2145 2649 2394 2721 dirigere
2424 2651 2480 2704 in
2515 2651 2729 2706 lineam
2762 2654 3094 2719 contendit;
3133 2655 3277 2725 quin
3309 2653 3589 2724 periculum
3627 2658 3702 2710 est.

2143 2739 2190 2793 si
2214 2739 2430 2809 pergis,
2455 2757 2525 2794 ne
2543 2745 2932 2812 praeterquam
2958 2743 3107 2813 quod
3140 2742 3287 2797 nihil
3306 2741 3703 2813 proﬁcies,eliam

2142 2828 2424 2882 damnum
2460 2829 2562 2884 tibi
2590 2831 3056 2900 accersas,quale
3087 2832 3524 2902 illicontigitqui
3547 2832 3703 2884 acutis-

2141 2915 2361 2970 simum
2393 2917 2589 2972 eximii
2620 2919 3068 2988 temperamenti
3100 2937 3304 2975 ensem
3328 2921 3383 2974 in
3405 2926 3515 2976 cole
3532 2935 3704 2991 aggres-

2139 3023 2242 3061 sus
2275 3007 2596 3062 durissima
2625 3011 2897 3078 probare,
2928 3008 3092 3063 illum
3131 3010 3321 3081 primo
3352 3010 3479 3075 ictu,
3525 3027 3605 3064 ceu
3646 3008 3700 3060 vi-

2145 3101 2300 3149 trum
2331 3096 2516 3163 futile,
2531 3096 2807 3168 diﬂregit.
2826 3097 2948 3153 Non
2972 3101 3235 3168 pervasit
3251 3099 3514 3154 monitum
3532 3095 3702 3168 sapiens

2148 3185 2204 3239 in
2233 3184 2498 3240 animum
2531 3185 2710 3242 stulte
2742 3185 2927 3241 seduli
2961 3187 3141 3253 corvi,
3178 3190 3278 3260 qui
3313 3187 3575 3260 prurigine
3598 3202 3702 3254 qua-

2139 3274 2272 3328 dam
2305 3274 2666 3328 ostentandae
2725 3275 3042 3345 sapientiae,
3099 3277 3276 3348 quasi
3331 3293 3396 3331 ex
3448 3275 3696 3346 prepinquo

2138 3381 2551 3435 persuasnrns,
2584 3366 2741 3436 quod
2773 3366 3005 3420 distans
3040 3367 3435 3438 nequidquam
3467 3364 3696 3426 suadebat,

2137 3454 2207 3510 ad
2239 3454 2446 3509 simios
2476 3455 2861 3522 descendens,
2893 3455 3163 3526 ipsisque
3198 3456 3534 3512 familiariter
3560 3451 3694 3506 immi-

2137 3549 2268 3599 stus
2295 3559 2309 3598 :
2341 3545 2556 3615 Apage,
2587 3543 2898 3611 clamabat,
2933 3546 3212 3601 absistite
3245 3545 3478 3601 ridiculo
3504 3549 3662 3598 conatu
3688 3559 3696 3603 ;

2135 3650 2208 3688 an
2241 3635 2487 3704 speratis
2519 3633 2730 3703 spiritu
2765 3649 2795 3688 e
2829 3639 2993 3704 petra
3047 3635 3350 3691 ﬂammam
3403 3629 3696 3689 extundere?

2133 3722 2294 3778 Talia
2327 3722 2495 3777 illum
2530 3723 2978 3779 concionantem
3011 3725 3341 3780 coorientes
3373 3721 3598 3780 concordi
3631 3736 3694 3772 ra-

2134 3813 2226 3866 bie
2258 3812 2315 3867 in
2351 3813 2696 3867 monitorem
2731 3813 3218 3884 intempestivum
3271 3815 3418 3870 simii
3448 3813 3692 3878 discerpse-

2133 3907 2291 3958 runt.
2327 3901 2436 3956 Par
2465 3902 2653 3957 exitus
2686 3918 2755 3958 ne
2779 3919 2872 3957 me
2905 3909 3169 3971 maneat,
3229 3904 3486 3976 equidem
3535 3913 3694 3954 vereor.

2131 3990 2255 4046 Non
2280 3991 2520 4046 cessabo
2543 3997 2738 4046 tamen
2773 3992 2984 4062 adhuc,
3013 3992 3306 4048 charitate
3325 3998 3588 4064 provectus
3603 4001 3694 4039 vera

2127 4080 2237 4148 tui,
2271 4081 2458 4135 ethoc
2488 4081 2854 4149 denuntiare,
2889 4081 2938 4136 si
2970 4084 3115 4137 torte
3149 4084 3380 4138 tandem
3410 4080 3486 4137 vel
3515 4080 3599 4134 hoc
3625 4091 3690 4146 po-

2129 4173 2350 4224 stremo
2380 4185 2449 4224 ex
2481 4186 2572 4224 me
2599 4169 2889 4226 audiendo
2921 4171 3191 4242 exemplo
3223 4172 3431 4227 moveri
3485 4170 3543 4224 ad
3584 4165 3690 4220 salu-

2126 4259 2290 4313 brem
2323 4259 2786 4330 resipiscentiam
2820 4261 3032 4331 possis.

2195 4385 2396 4440 XXVI.
2429 4385 2555 4454 Aio,
2591 4391 2668 4454 te,
2721 4387 2763 4441 si
2799 4386 3063 4442 consiliis
3089 4387 3492 4443 benevolorum
3519 4378 3692 4452 spretis,

2046 4502 2094 4566 Ι)
2129 4475 2346 4530 astutia
2378 4480 2435 4529 et
2463 4492 2610 4529 caeco
2649 4476 2734 4529 tui
2790 4491 2984 4530 amore
3042 4493 3214 4531 ruere
3275 4493 3488 4548 perges,
3535 4466 3693 4526 similia

2128 4581 2442 4636 passurum
2471 4569 2708 4619 versuto
2743 4565 3018 4620 nebuloni
3053 4567 3180 4620 suis
3208 4566 3394 4637 ipsius
3447 4563 3506 4617 ad
3557 4562 3689 4614 extre

2127 4671 2286 4708 mum
2326 4655 2722 4709 circumvento
2754 4653 3001 4710 technis.
3049 4655 3444 4712 Scholasticus
3491 4649 3691 4721 quidam.

2123 4744 2212 4799 vir
2243 4743 2493 4814 simplex
2526 4749 2584 4798 et
2615 4744 2729 4800 l‘nci
2763 4759 2990 4816 expers,
3013 4745 3115 4799 viae
3150 4744 3460 4815 aliquando
3513 4737 3691 4794 societa-

2124 4840 2243 4890 tem
2277 4834 2452 4889 inivit
2475 4851 2606 4889 eum
2644 4833 2940 4890 ardelione
2971 4833 3377 4891 callidissimo.
3419 4831 3568 4888 Bonis
3607 4825 3693 4880 avi-

2126 4927 2239 4980 bus
2318 4926 2428 4980 iter
2484 4925 2753 4996 ingressi,
2816 4941 3054 4996 peregre
3109 4927 3169 4980 in
3229 4925 3544 4980 thesaurum
3591 4914 3694 4969 iaci-

2129 5013 2277 5069 dunt
2300 5014 2645 5081 maximum,
2679 5013 2840 5069 mille
2862 5015 2989 5069 auri
3023 5015 3399 5071 talentorum.
3456 5015 3568 5064 Post
3607 5018 3694 5073 κη’

2126 5104 2470 5160 tulationem
2503 5110 2623 5158 tam
2685 5103 2860 5158 fausti
2915 5121 3115 5168 casus,
3171 5102 3552 5168 scholasticus,
3597 5109 3693 5149 con-

2128 5211 2331 5249 versus
2389 5194 2460 5249 ad
2523 5193 2772 5257 socium,
2837 5193 2982 5248 Mihi
3039 5194 3289 5263 videtur,
3347 5191 3540 5263 inquit,
3581 5187 3690 5240 factu

2130 5284 2418 5355 optimum
2447 5283 2647 5354 partiri
2682 5299 2752 5338 ex
2781 5299 2944 5354 sequo
2976 5283 3128 5338 inter
3190 5299 3298 5339 nos
3355 5283 3454 5336 hoc
3509 5279 3692 5332 fortuna

2131 5377 2373 5442 donum,
2403 5375 2616 5429 etdare
2656 5374 2930 5445 deinceps
2964 5391 3260 5446 quemque
3317 5377 3562 5458 nostrum,

2134 5481 2257 5519 ram
2295 5463 2716 5535 comportando
2748 5464 2805 5518 in
2838 5468 3029 5518 tutum
3064 5463 3259 5519 locum
3295 5461 3443 5534 quod
3472 5457 3565 5528 ipsi
3591 5453 3693 5506 obli~

2132 5553 2282 5624 gerit
2310 5572 2328 5606 :
2362 5554 2472 5608 nisi
2497 5553 2546 5609 si
2578 5553 2716 5625 quid
2750 5558 2810 5607 tu
2849 5569 3020 5608 secus
3051 5553 3257 5608 sentis.
3299 5551 3435 5606 Huic
3463 5540 3692 5615 improbUS

2133 5643 2352 5712 socius,
2389 5643 2486 5714 qui
2547 5649 2704 5714 parte
2765 5643 2966 5714 praedae
3023 5643 3235 5713 opimae
3285 5657 3390 5695 non
3433 5639 3691 5691 contentus:
