3984 6202
296 332 436 387 1277

1313 328 1676 384 SPECIMEN
1717 330 2115 385 SAPIBNTIE
2155 322 2487 385 INDORUM
2524 320 2685 383 VET.

3565 324 3704 380 i278

289 462 473 511 totam
516 467 692 509 avara
721 450 1047 524 cupiditate
1086 450 1505 506 devoraverat:
1545 450 1942 506 Periculosum
1976 454 2029 520 Α
2131 453 2361 509 XXVII.
2410 452 2720 521 Digressus
2763 451 3062 507 fraudator
3115 450 3394 519 nefarius,
3448 452 3696 521 patrem,

289 541 831 616 inquit,consilium
867 540 1174 611 suggeris;
1210 557 1343 594 nam
1368 540 1508 593 dum
1540 556 1943 605 numeramus,

287 637 433 691 dum
467 634 770 689 efferimus
801 647 1041 697 aurum,
1080 628 1468 684 intervenient
1498 628 1731 684 molesti
1762 635 1817 685 et
1852 648 1951 685 rae

286 738 466 796 paces
500 721 728 777 arbitri.
762 725 883 791 Age
908 719 1103 790 potius
1134 717 1486 773 infodiamus
1512 719 1949 789 quamprimum

287 815 403 868 sub
435 812 539 866 illa
590 826 803 881 quercu
856 809 1011 879 quod
1065 808 1412 879 reperimus,
1463 808 1599 862 inde
1650 808 1951 879 sumpturi

289 902 545 959 subinde
575 900 732 972 quod
768 916 913 953 usus
947 902 1186 969 poscet;
1233 897 1315 953 sic
1347 898 1502 952 enim
1557 904 1948 969 prwterquam

289 993 447 1063 quod
482 991 673 1047 securi
704 990 924 1043 erimus
956 986 1320 1041 acalumniis
1352 986 1569 1052 litium,
1591 1004 1623 1041 a
1656 988 1946 1043 liscalium

289 1078 807 1143 concussionibus,
840 1077 913 1131 ab
949 1076 1183 1131 insidiis
1209 1076 1427 1140 furum,
1462 1077 1635 1131 etiam
1663 1076 1770 1131 huc
1802 1094 1949 1132 novo

291 1169 562 1224 indivisa:
596 1165 986 1239 possessionis
1048 1166 1280 1219 vinculo
1310 1166 1710 1234 astringemus
1742 1166 1947 1220 fortius

293 1260 513 1313 initum
538 1258 687 1311 inter
706 1272 813 1310 nos
854 1254 1131 1310 amicitia:
1162 1254 1522 1319 societatem,
1558 1255 1726 1323 cujus
1758 1254 1947 1324 initia,

298 1350 404 1419 qui
437 1346 583 1402 tanti
637 1361 947 1401 successus
1003 1343 1252 1414 augurio
1297 1344 1675 1398 fortunarunt
1727 1344 1943 1414 superi,

288 1437 592 1491 declarare
643 1435 917 1489 videntUr
968 1432 1224 1487 voluisse
1282 1433 1429 1487 nihil
1487 1449 1600 1488 non
1656 1432 1947 1488 felicitatis

286 1542 358 1580 ex
397 1528 527 1595 ejus
569 1541 673 1578 nos
726 1539 963 1593 sperare
1012 1522 1451 1591 perseverantia
1506 1523 1735 1576 debere.
1797 1523 1941 1589 Quid

284 1612 853 1669 multa?Persuasit
891 1611 1040 1667 latro
1090 1611 1347 1681 perfidus
1408 1610 1612 1681 ignaro
1673 1613 1943 1666 fraudum

285 1704 446 1775 quod
478 1701 710 1757 volebat
739 1718 753 1755 :
794 1701 1081 1771 amboque
1112 1700 1412 1755 communi
1455 1716 1653 1771 opera,
1687 1701 1797 1755 sub
1830 1717 1946 1771 qua

2060 559 2227 614 quem
2279 542 2435 597 domi
2493 542 2745 597 habebat
2789 540 3078 605 vetulum,
3111 540 3399 605 convenit,
3436 544 3509 601 et,
3536 540 3694 605 Quod

2059 632 2307 687 docuisti
2362 647 2450 686 me
2494 649 2745 703 semper,
2799 632 3014 701 inquit,
3046 630 3206 685 omni
3239 636 3359 683 arte
3392 644 3456 683 ac
3489 633 3699 682 conatu

2057 737 2179 775 rem
2223 737 2447 791 parare,
2482 721 2537 774 in
2572 736 2637 776 eo
2670 722 2949 775 navandw
2982 736 3165 790 operae
3200 718 3453 788 benigna
3503 733 3565 771 se
3598 732 3697 770 no-

2059 812 2149 868 bis
2183 813 2396 883 przebst
2426 813 2675 881 occasio,
2708 813 2809 867 sed
2844 828 2968 882 quae
3019 816 3185 864 tuum
3236 809 3493 879 exposcit
3538 807 3698 861 auxi-

2058 903 2201 957 lium
2251 904 2307 957 in
2362 919 2420 957 re
2481 919 2593 957 non
2652 901 2829 973 gravi.
2891 901 3018 956 Scis
3068 905 3211 971 quot
3268 901 3392 954 auri
3454 896 3694 967 talenta,

2058 995 2317 1049 Laverna
2348 996 2592 1061 favente,
2626 993 2866 1047 domum
2914 1008 3096 1062 nuper
3128 988 3422 1044 intulerim
3453 1005 3466 1043 :
3501 1005 3568 1043 ea
3598 1004 3696 1042 cu-

2058 1084 2283 1139 mulare
2339 1084 2664 1138 addicendo
2724 1083 2891 1137 nobis
2952 1080 3307 1153 patrimonio
3365 1078 3701 1135 scholastici

2058 1174 2228 1229 istius
2261 1171 2689 1243 simplicissimi
2745 1170 3022 1240 hominis,
3056 1174 3113 1225 et
3161 1170 3395 1225 animus
3450 1173 3508 1224 et
3566 1182 3700 1239 spes

2056 1270 2165 1329 est,
2202 1263 2373 1317 modo
2398 1278 2512 1317 non
2546 1262 2806 1333 graveris
2854 1261 3144 1331 cooperari
3182 1276 3282 1330 pro
3338 1259 3488 1313 virili
3520 1264 3705 1328 coepto

2058 1358 2265 1406 nostra:
2300 1350 2537 1406 familias
2573 1351 3095 1422 qumstuosissimo.
3122 1349 3365 1419 Exponit
3396 1349 3528 1403 inde
3559 1348 3701 1417 quid

2048 1441 2234 1511 judici
2270 1441 2624 1512 promiserit,
2655 1441 2794 1510 quid
2828 1439 2878 1494 is
2927 1438 3319 1495 constutuerit
3373 1438 3429 1490 in
3490 1436 3699 1491 crasti-

2056 1545 2219 1585 num.
2254 1530 2404 1584 Tum
2453 1530 2630 1584 infert
2667 1545 2679 1583 :
2719 1530 3017 1599 Exploravi
3063 1526 3377 1597 diligenter
3419 1541 3699 1597 quercum

2054 1619 2241 1689 illam,
2276 1635 2454 1691 quam
2489 1618 2772 1673 affirmavi
2805 1618 3204 1672 testimonium
3230 1632 3333 1684 pro
3386 1631 3475 1670 me
3511 1615 3701 1669 dictu~

2054 1724 2457 1777 ram;cavum
2493 1711 2652 1763 intus
2711 1713 2985 1762 truncum
3045 1708 3242 1773 habet,
3300 1711 3356 1761 et
3406 1705 3464 1759 in
3525 1706 3700 1759 istam

285 1795 514 1849 dictum
546 1798 634 1849 est
658 1809 883 1847 annosa
912 1806 1154 1862 quercu,
1190 1791 1250 1844 in
1304 1791 1429 1845 loco
1460 1790 1586 1845 avio
1646 1791 1781 1858 sita,
1814 1792 1941 1846 the-
1972 1811 2019 1878 Β
2051 1815 2291 1872 specum
2325 1814 2575 1869 superne
2609 1803 2767 1871 patet
2798 1799 2994 1853 aditus
3029 1797 3212 1853 facins
3272 1814 3376 1852 nec
3429 1796 3701 1851 observa-

282 1898 530 1939 saurum
563 1882 866 1937 inventum
917 1879 1325 1948 condiderunt,
1387 1879 1582 1935 ablata
1633 1880 1692 1935 in
1761 1897 1934 1935 usum

284 1976 634 2044 prmentem
714 1971 945 2026 modica
1003 1975 1205 2041 parte;
1292 1969 1495 2040 sicque
1572 1974 1939 2025 recesserunt

285 2064 532 2117 domum
560 2061 815 2131 quisque
845 2075 1037 2125 suam,
1066 2057 1284 2113 omisso
1315 2056 1557 2113 consilio
1592 2059 1928 2129 peregrina-

284 2150 489 2215 tionis,
524 2149 694 2219 cujus
728 2147 1011 2203 instituta:
1037 2146 1183 2201 lucri
1224 2146 1453 2202 honesti
1501 2147 1718 2212 studio,
1780 2152 1938 2202 certa

272 2240 407 2309 jam
468 2243 642 2293 tantas
704 2237 964 2308 pecunia:
1024 2236 1262 2307 adeprio
1314 2253 1528 2291 causus
1588 2237 1933 2293 abstulerat.

283 2334 511 2384 Paucos
544 2332 674 2397 post
714 2327 839 2381 dies
894 2324 1269 2396 consumptis
1326 2324 1734 2391 scholasticus,
1788 2343 1936 2397 quos

279 2434 353 2473 ex
384 2418 661 2472 thesauro
688 2415 1066 2481 delibaverat,
1121 2415 1402 2477 nummis,
1454 2416 1677 2469 socium
1729 2433 1937 2470 conve-

277 2509 392 2575 nit,
424 2512 501 2573 et,
537 2507 597 2562 Si
630 2506 734 2560 tibi
787 2505 1033 2569 videtur,
1070 2504 1284 2575 inquit,
1328 2521 1532 2559 eamus
1580 2506 1651 2559 ad
1696 2506 1934 2561 thesau-

276 2614 455 2664 rum;
516 2596 761 2666 expendi
816 2596 975 2649 enim
1026 2596 1181 2665 quod
1233 2593 1574 2648 extuleram.
1631 2596 1801 2660 Sane,
1853 2596 1936 2650 ait

274 2688 399 2753 ille,
437 2688 544 2742 hoc
582 2688 777 2758 ipsum
813 2687 1147 2757 cupiebam,
1197 2685 1502 2740 vaferrime
1550 2686 1934 2742 dissimulans

274 2782 458 2832 noctu
494 2792 554 2831 se
586 2777 910 2846 profectum
938 2776 1307 2847 adquercum
1337 2790 1468 2828 eum
1495 2775 1656 2829 cistis
1688 2780 1745 2829 et
1763 2775 1935 2845 baju-

274 2866 377 2932 lis,
403 2871 607 2921 cuncta
641 2870 956 2920 convasata
986 2864 1382 2935 praeripuisse.
1417 2865 1571 2918 Eunt
1606 2864 1929 2934 ,efl‘odiunt,

279 2955 432 3011 nihil
465 2956 791 3010 inveniunt.
833 2954 1029 3011 Mirari
1082 2952 1503 3020 scholasticus;
1536 2958 1594 3008 at
1628 2954 1717 3007 fur
1747 2954 1931 3009 scele-

280 3045 585 3100 stissimus
646 3044 913 3100 bacchari
972 3042 1212 3114 tragicis
1246 3042 1636 3114 intemperiis,
1687 3042 1933 3114 capillos

281 3133 399 3189 sibi
466 3134 693 3200 vellere,
748 3138 925 3203 caput
988 3132 1262 3199 tundere,
1340 3132 1545 3187 insane
1603 3131 1928 3199 vociferari,

281 3225 460 3277 deum
494 3222 916 3292 hominumque
946 3223 1223 3276 obtestari
1254 3220 1925 3288 fidem,circumventum

280 3327 416 3366 sese
447 3328 479 3365 ι
520 3310 866 3366 scholastice
916 3310 1198 3380 dejerare.
1251 3311 1360 3375 Tu,
1395 3310 1607 3377 aiebat,
1641 3308 1755 3364 ista
1787 3308 1935 3363 falsa

280 3399 594 3468 probitatis
643 3400 834 3471 specie
883 3402 1104 3452 tantam
1138 3398 1442 3468 perfidiam
1492 3397 1747 3469 legebas.
1800 3397 1930 3452 Tibi

275 3488 387 3543 soli
423 3494 592 3543 notus
632 3491 790 3543 locus
822 3493 965 3555 erat;
1004 3494 1061 3542 tu
1109 3504 1199 3541 me
1247 3486 1784 3557 circumscripsisti,
1840 3505 1927 3541 ra-

276 3579 621 3647 pacissimis
652 3577 781 3633 istis
817 3577 1111 3643 manibus,
1148 3581 1342 3645 noctu,
1388 3593 1613 3630 mecum
1646 3577 1927 3630 tibicom-

274 3685 542 3735 munem,
570 3669 873 3740 pecuniam
910 3684 1063 3721 unus
1093 3668 1384 3722 auferens.
1413 3666 1513 3719 Hic
1548 3666 1726 3720 miser
1756 3666 1922 3720 scho-

272 3757 543 3827 lasticus,
579 3758 675 3812 ubi
714 3774 812 3828 per
842 3773 1043 3811 omnes
1092 3758 1328 3826 juratus
1378 3757 1517 3809 deos
1574 3772 1689 3809 suae
1749 3754 1923 3808 ﬁdem

274 3847 628 3902 innocentia:
664 3864 772 3901 non
811 3847 962 3910 fecit,
1014 3846 1368 3915 adjudicem
1405 3862 1437 3899 a
1469 3844 1651 3899 sodali
1689 3842 1925 3914 nequis-

269 3936 429 3991 simo
491 3942 711 3991 tractus
771 3940 876 3991 est.
939 3936 1176 4000 Praetor,
1241 3950 1351 3988 non
1433 3936 1673 4003 ignarus
1723 3933 1923 4001 ofﬁcii,

266 4042 544 4079 severum
607 4025 850 4080 delatori
909 4023 1137 4078 vultum
1213 4024 1582 4078 obvertens:
1645 4028 1923 4088 Accusas,

264 4114 487 4185 inquit,
516 4119 849 4186 negantem,
885 4112 1075 4167 neutri
1101 4116 1361 4166 vestrum
1396 4112 1718 4166 credimus.
1752 4114 1926 4166 (Stete-

264 4220 400 4258 rum
436 4202 540 4257 tibi
579 4204 761 4258 actori
794 4219 946 4256 onus
977 4200 1268 4256 incumbit
1325 4200 1708 4255 convincendi
1749 4201 1925 4255 certis

259 4292 502 4346 indiciis
536 4291 762 4357 rei.Age
798 4291 997 4363 igitur,
1056 4307 1168 4359 quo
1207 4296 1355 4345 teste
1405 4290 1616 4360 probas
1666 4293 1921 4345 furatum

269 4383 429 4435 hunc
463 4382 770 4452 pecuniam
810 4381 918 4435 sub
965 4396 1179 4451 quercu
1226 4380 1518 4435 defossam
1546 4378 1573 4433 ?
1604 4382 1724 4445 Quo
1758 4384 1923 4449 teste,

255 4470 481 4540 inquit,
516 4470 775 4542 quaeris?
816 4470 981 4540 quasi
1014 4469 1265 4524 arbitros
1295 4468 1411 4523 illic
1442 4469 1774 4523 adhibuerit
1802 4486 1923 4523 ma-

256 4558 452 4614 leficio
489 4564 815 4626 nocturno;
860 4564 1053 4613 tamen
1110 4562 1173 4611 ut
1205 4557 1312 4611 diit
1344 4559 1561 4613 scelera
1591 4556 1772 4613 latere
1805 4575 1918 4611 non

255 4649 492 4715 sinunt,
557 4652 762 4703 testem
825 4647 975 4702 dabo
1037 4646 1226 4718 ipsam
1306 4647 1573 4701 arborem
1623 4647 1917 4701 consciam

264 4736 429 4790 furti.
466 4738 603 4792 Cras
639 4752 706 4791 ne
756 4736 1014 4808 graveris
1074 4753 1138 4791 eo
1200 4734 1506 4789 nobiscum
1570 4740 1695 4799 (nec
1746 4734 1921 4805 longa

250 4822 350 4876 via
380 4825 484 4892 est)
532 4823 808 4890 tendere;
862 4822 1064 4877 audies
1116 4838 1229 4877 rem
1290 4822 1523 4885 miram,
1583 4820 1914 4892 loquentem

262 4912 537 4967 arborem
560 4918 615 4967 et
631 4912 852 4966 facinus
882 4912 1392 4982 improbissimum
1416 4912 1913 4983 prodentem.Jam

249 5001 481 5055 dudum
520 5001 832 5056 subolebat
892 5001 1168 5070 prudenti
1220 5001 1411 5071 judici
1473 5017 1540 5055 ex
1601 5000 1727 5071 ipsa
1787 5002 1914 5069 ejus

239 5090 691 5161 inquietissima
717 5090 1065 5160 jactatione,
1087 5094 1143 5144 et
1174 5090 1513 5145 scholastici
1539 5089 1912 5159 simplicitate

236 5180 541 5235 eminente
588 5197 651 5235 ex
700 5197 797 5235 ore
852 5185 1027 5251 atque
1086 5179 1295 5248 oculis,
1358 5179 1667 5236 nebulonis
1717 5181 1907 5249 fraus;

234 5284 382 5338 ergo
442 5269 775 5341 suspicans,
839 5271 992 5339 quod
1058 5286 1149 5324 res
1209 5274 1352 5336 erat,
1415 5268 1614 5324 dolum
1693 5270 1764 5324 ab
1844 5286 1908 5323 eo

232 5359 563 5430 quemdam
607 5360 981 5425 adornatum;
1026 5359 1125 5412 sed
1164 5360 1481 5430 prudenter
1507 5358 1904 5430 suspicionem

234 5448 657 5517 dissimulans,
694 5447 1090 5504 conditionem
1138 5448 1424 5515 admisit;
1485 5448 1793 5518 edictoque
1844 5454 1907 5502 ut

219 5540 523 5611 postridie
566 5541 711 5596 hora
763 5540 933 5594 tertia
991 5543 1105 5592 tam
1164 5542 1469 5592 accusator
1528 5555 1705 5609 quam
1770 5555 1902 5594 reus

217 5628 301 5683 ad
344 5644 626 5695 quercum
661 5630 955 5695 adessent,
991 5628 1190 5682 eodem
1254 5626 1381 5696 ipse
1425 5626 1733 5683 lictoribus
1788 5646 1895 5683 cce-

212 5723 495 5788 terteque
527 5719 747 5775 forensi
783 5718 1012 5773 familiae
1046 5715 1324 5771 condixit.

2050 1890 2185 1945 bilis
2219 1889 2588 1944 intuentibus
2623 1906 2691 1943 ex
2724 1889 2920 1959 plano.
2952 1894 3093 1959 Age,
3130 1892 3262 1942 ante
3305 1887 3496 1941 lucem
3530 1903 3703 1941 occu-

2047 1996 2253 2050 pemus
2284 1995 2349 2033 eo
2403 1980 2577 2035 ambo
2636 1996 2741 2034 nos
2800 1978 3083 2033 conferre.
3130 1977 3317 2032 Scalis
3376 1977 3442 2031 ad
3509 1992 3701 2031 ramos

2049 2076 2316 2126 evectum
2350 2074 2404 2125 te
2434 2084 2539 2140 ego
2599 2070 3009 2141 percommode
3063 2070 3365 2123 demittam
3420 2066 3477 2121 in
3528 2084 3701 2138 pene-

2044 2160 2217 2216 tralia
2243 2177 2391 2215 cavae
2424 2161 2649 2216 arboris
2676 2178 2688 2227 ;
2714 2159 2794 2213 ibi
2826 2165 2951 2215 tuto
2985 2158 3701 2227 delitescens,uhistatuta

2042 2251 2206 2320 hora,
2244 2256 2528 2323 praesente
2552 2252 2677 2321 jam
2714 2254 2978 2322 prmtore,
3013 2250 3471 2320 interrogabitur
3528 2264 3698 2318 quer-

2042 2355 2146 2395 cus
2177 2340 2676 2409 quisthesaurum
2711 2338 3040 2403 abstulerit,
3097 2344 3393 2392 memento
3450 2356 3518 2392 ex
3575 2339 3693 2391 imo

2042 2432 2417 2501 respondere,
2452 2430 2869 2485 scholasticum
2929 2428 3319 2500 praeripuisse.
3375 2430 3695 2499 ltespondit

2043 2520 2112 2572 ad
2148 2536 2213 2573 ea
2245 2537 2420 2574 senex
2453 2536 2465 2573 :
2496 2519 2724 2574 Faciam
2756 2519 3048 2589 equidem,
3101 2518 3201 2585 fili,
3254 2520 3405 2587 quod
3440 2519 3560 2585 vis;
3591 2520 3689 2573 sed

2042 2613 2099 2664 te
2129 2609 2304 2664 etiam
2336 2615 2512 2679 atque
2560 2609 2735 2664 etiam
2770 2610 3141 2663 considerare
3188 2615 3399 2662 cuncta
3433 2609 3593 2679 prius
3627 2624 3691 2662 ac

2042 2714 2365 2768 praseavere
2396 2714 2693 2769 cuperem,
2728 2714 2797 2751 ne
2833 2698 2975 2751 forte
3018 2697 3133 2751 tuis
3191 2697 3316 2766 ipse
3357 2696 3688 2767 implicitus

2044 2787 2293 2855 laqueis,
2332 2786 2570 2857 patiaris
2628 2786 2779 2856 quod
2814 2803 2993 2857 cycno
3025 2785 3293 2854 contigit,
3347 2786 3577 2839 insidiis
3622 2788 3692 2838 ad

2041 2882 2363 2929 extremum
2397 2891 2697 2945 oppresso,
2732 2892 2880 2944 quas
2915 2873 3010 2928 ille
3049 2873 3289 2939 inimico
3321 2890 3692 2943 comparave-

2040 2964 2303 3017 rat.Audi
2336 2963 2619 3029 fabulam,
2654 2980 2771 3017 non
2806 2963 2981 3032 longa
3011 2967 3248 3017 narratu
3312 2968 3421 3017 est.
3476 2962 3697 3016 Ferunt

2040 3052 2339 3107 nidificare
2357 3053 2598 3107 solitum
2615 3068 2862 3122 cycnum
2882 3068 2996 3106 non
3025 3051 3193 3121 longe
3210 3068 3241 3104 a
3256 3067 3394 3105 cavo
3421 3050 3691 3105 familiari

2045 3140 2176 3192 ferre
2200 3140 2655 3209 serpentis.quze
2690 3139 2955 3192 malefico
2984 3137 3300 3208 indulgens
3333 3138 3526 3208 genio,
3563 3137 3689 3209 pul-

2043 3225 2130 3280 los
2162 3227 2322 3299 cycni
2354 3227 2532 3281 simul
2582 3226 2801 3281 exclusi
2840 3228 3086 3291 fuerant,
3111 3227 3235 3296 jam
3271 3227 3485 3297 saepius
3516 3227 3691 3281 devo-

2042 3321 2287 3371 raverat.
2329 3317 2590 3372 [rritatus
2649 3316 2867 3384 injuria
2928 3322 3049 3371 tam
3091 3316 3417 3370 vehementi
3450 3332 3690 3387 cycnus,

2042 3406 2285 3461 consilia
2308 3411 2504 3461 tamen
2540 3404 3359 3477 neglexitamicorum,locum
3384 3404 3692 3469 infestum,

2042 3501 2340 3565 utcunque
2374 3494 2456 3548 illi
2490 3495 2559 3547 ad
2593 3503 2801 3547 caetera
2856 3494 3254 3561 commodum,
3316 3494 3429 3546 alio
3492 3493 3693 3547 tutiori

2037 3589 2399 3638 commutare
2428 3584 2823 3638 suadentium.
2860 3584 2969 3638 Sed
3033 3588 3189 3637 totus
3221 3583 3483 3637 intentus
3517 3583 3573 3636 in
3609 3582 3694 3635 ul-

2036 3673 2252 3726 tionem
2291 3673 2491 3742 injusti
2526 3672 2898 3742 grassatoris,
2932 3672 3275 3741 exquirebat
3316 3688 3517 3726 secum
3565 3689 3689 3726 mo-

2035 3762 2140 3814 dos
2184 3760 2499 3830 reponendi
2560 3760 2610 3814 ei
2645 3761 2867 3814 damni.
2904 3759 3068 3813 Talia
3102 3760 3483 3813 meditantem
3510 3761 3691 3814 adivit

2033 3866 2261 3917 cancer,
2295 3854 2371 3913 et,
2406 3850 2540 3917 Cur,
2577 3851 2679 3915 ait,
2714 3865 2912 3919 cycne,
2945 3847 3379 3918 cagitabundus
3411 3853 3466 3901 et
3499 3850 3686 3902 tristis

2034 3938 2143 3993 es?
2174 3939 2346 3991 Justa
2378 3936 2545 4004 mihi,
2582 3954 2799 4004 cycnus
2827 3935 3041 4007 inquit,
3072 3941 3128 3989 et
3158 3936 3579 3990 sollicitudinis
3630 3943 3688 3989 et

2035 4026 2298 4082 maeroris
2349 4043 2527 4081 causa
2575 4030 2664 4080 est
2704 4025 2915 4080 vicinia
2946 4024 3335 4078 voracissima:
3365 4024 3684 4094 serpentis,

2034 4134 2175 4171 mea:
2238 4114 2456 4171 sobolis
2507 4131 2708 4169 cruore
2753 4114 3007 4185 saginari
3042 4112 3247 4169 solitaz.
3305 4114 3402 4167 llic
3452 4128 3684 4175 cancer,

2034 4204 2565 4276 Vides,inquit,hoc
2593 4203 2829 4259 cavum?
2860 4204 3231 4273 (ostendebat
3289 4220 3352 4257 os
3412 4200 3680 4272 patulum

2033 4294 2387 4349 carvernulaz
2416 4292 2752 4364 oppositum
2788 4310 2817 4347 e
2839 4292 3073 4362 regione
3096 4290 3348 4361 hOSpitio
3368 4290 3681 4362 serpentis)

2033 4386 2109 4439 ibi
2148 4386 2368 4441 habitat
2408 4384 2877 4457 nymphe,nostri
2910 4400 3254 4438 cancrorum
3290 4382 3520 4454 generis
3553 4384 3678 4437 ani-

2036 4475 2151 4529 mal
2186 4492 2359 4530 vorax
2383 4480 2440 4528 et
2472 4473 2657 4528 valide
2690 4478 3005 4531 armatum.
3068 4472 3138 4526 ad
3188 4471 3306 4525 haec
3341 4472 3683 4527 inimicissi—

2034 4582 2195 4619 mum
2230 4563 2787 4634 serpentibus.Atl‘er
2816 4579 2844 4615 e
2878 4561 3133 4632 piscibus
3165 4560 3381 4631 quibus
3406 4563 3683 4627 vescaris,

2031 4658 2087 4707 et
2120 4671 2219 4724 per
2252 4652 2629 4707 intervallum
2663 4651 3019 4705 foraminum
3052 4650 3303 4705 duorum
3336 4668 3569 4722 sparge,
3604 4652 3680 4705 ita

2031 4748 2095 4796 ut
2128 4746 2319 4812 partes
2350 4740 3030 4795 ultimusostiocavernm
3054 4739 3343 4810 serpentis
3366 4742 3678 4796 admoveas

2030 4832 2310 4903 proxime.
2348 4831 2616 4900 Egressa,
2652 4838 2711 4883 ut
2767 4829 2938 4893 solet,
2998 4829 3253 4900 nymphe
3312 4831 3381 4884 ad
3444 4832 3681 4885 odorem

2026 4918 2360 4989 praedae,ubi
2397 4917 2662 4988 saginam
2697 4932 2975 4989 sequens,
3009 4919 3079 4972 ad
3117 4935 3356 4988 specum
3391 4921 3682 4990 serpentis

2025 5006 2573 5079 pervenerit,isthuc
2606 5022 2840 5077 quoque
2872 5008 3396 5079 penetransipsam
3431 5009 3677 5063 occidet.

2020 5097 2177 5151 Fecit
2209 5096 2361 5166 quod
2398 5096 2826 5150 admonebatur
2857 5100 3171 5165 cycnus,et
3204 5100 3419 5151 factum
3445 5114 3673 5151 succes-

2023 5186 2119 5253 sit,
2156 5184 2309 5239 ultra
2335 5184 2569 5255 quidem
2606 5185 2794 5255 ipsius
2827 5190 3047 5253 votum,
3082 5186 3151 5240 ad
3188 5186 3501 5256 perniciem
3527 5187 3677 5253 ejus;

2020 5290 2156 5327 nam
2190 5273 2381 5327 occisa
2415 5278 2706 5342 serpente,
2760 5273 3033 5345 nymphe,
3099 5291 3339 5343 cycnum
3400 5278 3679 5343 praeterea

2016 5376 2196 5429 prope
2231 5359 2618 5414 dormientem
2657 5365 2846 5425 nacta,
2902 5360 3169 5421 confecit,
3231 5358 3407 5428 pullis
3457 5359 3673 5427 quibus

2016 5448 2328 5503 incubabat
2364 5449 2581 5518 pariter
2612 5448 2960 5518 absumptis.
3016 5446 3203 5501 Simili
3239 5446 3528 5515 exemplo,
3562 5447 3673 5516 fili,

2010 5554 2214 5592 vereor
2248 5556 2316 5593 ne
2353 5556 2458 5593 nos
2492 5556 2723 5610 quoque
2758 5538 3105 5592 insidiantes
3140 5534 3327 5595 alteri,
3373 5538 3672 5592 confracta

2011 5626 2068 5680 in
2106 5645 2209 5681 nos
2247 5646 2424 5698 quam
2445 5628 2731 5682 struimus
2757 5626 3025 5679 machina
3051 5622 3674 5692 opprimatuurl‘ilius

2009 5716 2173 5771 adea
2210 5733 2220 5771 :
2260 5718 2415 5771 Bono
2467 5715 2663 5769 animo
2719 5719 2862 5779 esto,
2899 5717 3083 5782 pater,
3135 5709 3342 5780 inquit,
3400 5716 3675 5772 trrricula
