3984 6202
394 267 533 333 12⁸79

1892 278 2282 339 APPENDIX.

3581 292 3683 346 1280

391 389 594 462 isthaee
625 419 771 458 vana
813 405 996 466 sunt;
1046 397 1391 473 navigamus
1437 402 1492 457 in
1541 405 1731 474 portu.
1784 401 2030 458 Talenta
2058 405 2111 470 Α
2141 405 2223 460 tni
2261 405 2484 461 reditus
2543 407 2859 463 incolumis
2909 407 3268 480 interpellare
3319 411 3680 480 gratulationem

393 498 560 550 modo
594 502 649 547 et
682 492 930 561 praedam
965 490 1219 560 opimam
1241 491 1428 562 cogita
1451 492 1701 548 fructum
1729 491 2027 564 paratissi-

388 600 547 639 mum
579 598 690 634 non
727 579 1024 634 laboriosae
1060 580 1304 636 fraudis.
1340 582 1485 646 Quid
1525 581 2027 637 multa?Persua-

385 689 486 727 eus
518 686 693 725 senex
723 685 922 723 cavam
959 669 1228 724 arborem
1261 669 1438 725 subit.
1473 669 1661 726 Judex
1699 671 1770 726 ad
1830 671 2028 727 condi-

384 761 541 814 ctum
577 752 1137 830 adest.Interrogata
1168 773 1382 831 magna
1423 775 1561 815 voce
1606 777 1845 831 quercu,
1899 758 2031 830 quis

384 851 611 903 furatus
642 848 981 902 thesaurum
1017 847 1216 902 esset?
1257 849 1412 904 s'enis
1461 865 1808 919 responsum
1859 848 2027 903 audi-

383 943 500 1006 tur,
535 955 568 993 a
606 937 958 992 scholastice
998 936 1270 992 ell‘ossam
1323 938 1693 1009 ablatamque
1727 937 2030 1009 pecuniam

387 1029 708 1082 afﬁrmans.
745 1026 1095 1084 Mirantibus
1125 1027 1378 1093 cunctis,
1411 1043 1587 1098 sagax
1621 1031 1832 1098 praeter
1862 1025 2030 1080 intel-

387 1117 526 1172 lexit
556 1117 709 1188 quod
747 1133 839 1170 res
871 1120 1012 1182 erat,
1050 1115 1181 1170 dolo
1212 1117 1364 1171 male
1396 1117 1695 1171 conditum
1747 1116 1904 1171 intra
1945 1132 2033 1170 ca-

383 1224 513 1262 vam
546 1222 820 1276 quercum
856 1205 1153 1260 hominem
1189 1207 1398 1260 auditas
1431 1205 1588 1261 vocis
1621 1209 1950 1271 auctorem;
1975 1209 2034 1258 et

390 1291 621 1351 sublato
655 1296 712 1350 in
745 1309 1014 1350 severum
1048 1294 1906 1365 supercilionentiris,inquit,
1941 1310 2032 1349 ar-

393 1386 498 1440 bor
527 1385 813 1455 improba,
843 1383 1175 1439 innocentia
1196 1383 1528 1439 scholastici
1557 1389 1859 1455 perspecta
1889 1382 2036 1437 mihi

393 1475 594 1529 εει.Ἰύ
618 1490 747 1528 vero
769 1472 893 1526 falsi
911 1473 1224 1527 testimonii
1242 1473 1464 1542 justam
1491 1489 1720 1543 pri-nam
1740 1471 2036 1541 mejudice

396 1579 508 1617 non
542 1563 804 1632 effugies.
838 1567 967 1616 Mox
996 1562 1065 1616 ad
1110 1562 1493 1632 apparitores,
1527 1561 1762 1627 Atl‘erte,
1793 1561 2030 1626 clamat,

391 1652 586 1723 ignem
607 1648 1206 1720 ocius,hucstipulam
1231 1657 1286 1704 et
1313 1649 1814 1719 faces;contlagret
1835 1649 2034 1704 statim

2137 488 2378 562 debeat;
2446 495 2870 552 obliviscamur
2929 499 3062 563 ista,
3115 503 3173 553 et
3225 500 3418 554 soteria
3450 506 3532 556 tua
3569 505 3680 560 cele-

2141 582 2383 638 bremus
2415 584 2657 653 hilares,
2705 604 2822 642 una
2854 588 3044 642 simus
3077 587 3241 641 hodie
3270 590 3334 642 ad
3364 605 3567 645 cmnam.
3593 597 3684 658 Dic,

2141 672 2331 739 sodes,
2385 675 2614 744 spernis
2663 675 2946 745 sodalem,
2979 692 3052 731 an
3082 680 3459 747 exspectamus
3491 681 3688 737 te‘lHac

2143 768 2428 817 mercator
2458 764 2726 833 audiens,
2764 766 2868 821 etsi
2906 765 3136 836 penitus
3168 765 3550 836 indignabatur,
3588 770 3681 824 inli-

2141 850 2377 905 ciatoris
2414 853 2842 923 impudentiam
2893 855 3213 921 admirans,
3262 855 3397 910 iram
3441 861 3593 912 tamen
3645 860 3683 915 in

2145 944 2431 1011 potestate
2462 941 2687 1012 habuit,
2746 950 2803 998 et
2858 943 2984 999 suis
3029 945 3210 998 furem
3267 945 3470 998 artibus
3511 949 3684 1017 aggredi

2143 1035 2356 1094 certus,
2390 1031 2756 1086 occasionem
2800 1033 3149 1104 exsequendi
3185 1032 3463 1096 meditata,
3489 1032 3532 1087 in
3567 1051 3682 1091 cinna

2145 1119 2257 1173 ista
2291 1121 2358 1172 ad
2395 1137 2570 1190 quam
2606 1121 2984 1186 invitabatur,
3042 1122 3382 1176 offerendam
3428 1123 3518 1177 sibi
3547 1131 3679 1189 ratus,

2143 1208 2372 1262 voeanti
2407 1209 2650 1264 comiter
2679 1210 2968 1281 promisit.
3021 1211 3170 1264 Tum
3206 1209 3369 1280 paulo
3396 1216 3508 1264 ante
3530 1214 3685 1266 consti-

2144 1300 2336 1350 tutum
2363 1298 2698 1362 adveniens,
2732 1298 3033 1353 ludentem
3068 1300 3124 1353 in
3157 1299 3300 1353 ostio
3355 1299 3529 1368 perﬁdi
3568 1301 3687 1355 amici

2146 1384 2388 1440 ﬁliolum
2425 1393 2656 1451 nactus,
2691 1387 3061 1443 familiariter
3093 1388 3152 1442 in
3184 1387 3344 1442 ulnas
3369 1387 3610 1442 sublatum
3647 1389 3689 1443 in

2145 1491 2312 1529 suam
2346 1476 2582 1531 domum
2613 1477 2823 1547 aufert,
2855 1482 2913 1532 et
2954 1479 3082 1532 suis
3113 1477 3189 1530 ibi
3244 1475 3521 1547 diligenter
3557 1493 3691 1531 asser-

2144 1565 2399 1618 vandum
2434 1566 2812 1620 commendat
2842 1566 3060 1636 pueris.
3119 1566 3391 1619 Reversus
3426 1565 3559 1618 vultu
3587 1565 3693 1620 reni-

2147 1652 2327 1717 denti,
2353 1658 2619 1724 paratum
2654 1670 2716 1709 se
2749 1655 2820 1708 ad
2853 1654 3342 1709 discumbendum
3371 1654 3528 1708 offert.
3555 1657 3609 1708 At
3631 1671 3696 1724 ρι-

387 1741 636 1795 mendax
658 1744 1035 1804 truncus,nec
1050 1737 1271 1793 diutius
1288 1737 2037 1794 mundofallaeibusoracu-
2067 1773 2116 1839 B
2147 1746 2233 1796 ter
2260 1742 2520 1808 infantis,
2552 1745 2681 1812 ejus
2727 1744 2995 1797 absentia
3048 1742 3354 1806 sollicitus,
3398 1743 3564 1796 statim
3609 1744 3695 1796 viso

386 1831 462 1884 lis
495 1830 720 1885 illudat.
757 1829 995 1884 Paretur
1026 1826 1176 1884 illico
1211 1830 1375 1900 :jam
1408 1833 1604 1884 cortex
1651 1829 1858 1894 fumat,
1893 1829 2019 1898 jam

389 1921 637 1976 ﬂammea
668 1921 751 1975 vis
783 1921 938 1975 intus
964 1921 1369 1992 penetrat,jam
1387 1937 1564 1975 sensu
1588 1920 1874 1975 excitatus
1898 1918 2037 1973 mali

387 2014 444 2064 et
475 2009 730 2080 imagine
761 2013 1169 2064 consternatus
1204 2008 1448 2078 periculi
1485 2007 1989 2078 senex,exclamat
2021 2023 2034 2060 :

389 2099 568 2152 Vivus
595 2099 790 2162 ardeo,
833 2096 1062 2152 educite
1108 2113 1219 2152 me.
1274 2097 1580 2152 Extractus
1627 2094 2036 2152 semiustulato

391 2191 600 2241 trunco
633 2192 796 2257 pater
826 2190 881 2241 et
911 2203 1082 2240 suum
1115 2194 1166 2240 el
1199 2186 1302 2239 ﬁlii
1363 2185 1556 2241 scelus
1595 2185 2035 2257 impudentissi-

391 2293 552 2331 mum
589 2277 872 2347 prodit.ln
907 2275 1113 2330 ambos
1142 2275 1267 2346 lege
1295 2279 1510 2330 actum:
1547 2280 1604 2331 et
1631 2276 1945 2330 thesaurus
1975 2275 2032 2330 in

389 2366 645 2420 solidum
671 2365 1045 2435 adjudicatus
1077 2364 1426 2420 scholastice
1449 2365 1878 2435 est.Ejuemodi
1911 2381 2038 2419 suc-

387 2471 588 2510 cessus
611 2454 800 2509 solent
824 2471 952 2508 esse
973 2453 1323 2508 insidiarum
1342 2453 1633 2510 malitiose
1654 2457 2036 2511 structarum.

464 2571 708 2626 XXVIII.
765 2571 952 2634 Quare
1026 2571 1240 2642 (pergit
1310 2571 1662 2643 Vestigatori
1717 2575 2039 2628 Coronatus

394 2662 606 2731 dicere)
643 2661 935 2716 infaustus
967 2661 1096 2725 tibi,
1143 2665 1198 2715 et
1227 2661 1450 2716 utinam
1486 2662 1669 2718 falsus
1700 2665 1884 2731 vates,
1916 2665 2039 2718 exi-

398 2754 545 2808 tium
571 2753 892 2821 denuntio;
926 2754 1127 2808 deesse
1159 2753 1450 2824 siquidem
1491 2770 1604 2809 non
1655 2757 1844 2825 potest
1894 2753 2037 2824 quin

399 2844 549 2900 male
607 2862 671 2900 ac
705 2849 929 2900 mature
963 2861 1164 2917 pereas
1215 2844 1432 2900 scelere
1468 2844 1692 2917 linguae
1731 2844 1904 2900 istius
1935 2844 2038 2899 ob-

396 2935 744 2991 trectatricis
793 2940 849 2990 et
895 2934 1152 2990 rixarum
1185 2935 1420 2990 satricis
1451 2939 1583 3005 tuae,
1618 2951 1792 3006 quam
1829 2938 1892 2989 ut
1917 2952 2038 2990 ser-

398 3027 696 3097 pentinam
734 3025 960 3095 horreo,
987 3025 1170 3080 nihilo
1202 3025 1356 3081 enim
1393 3041 1568 3096 quam
1604 3024 1724 3079 hinc
1755 3025 1951 3078 minus
1983 3027 2040 3079 et

398 3118 497 3173 illa
526 3133 817 3174 venenum
850 3117 1092 3189 spargit.
1128 3117 1244 3173 Nec
1275 3117 1465 3189 magis
1514 3122 1569 3172 te
1623 3122 1792 3172 vetus
1840 3121 2040 3171 nostra

403 3211 545 3264 mihi
579 3209 948 3264 necessitudo
979 3207 1453 3278 conciliat,quam
1478 3223 1708 3262 morum
1740 3224 1804 3262 ac
1835 3206 2038 3262 volun-

402 3299 539 3354 tatis
597 3297 994 3354 irrevocabilis
1054 3297 1392 3367 malignitas
1443 3313 1682 3352 exosum
1721 3298 1873 3354 facit.
1905 3296 2042 3352 Novi

401 3390 554 3444 enim
591 3394 649 3445 et
679 3388 860 3460 probo
892 3387 1174 3458 sapientis
1231 3387 1492 3452 effatum,
1553 3386 1890 3452 sceleratos,
1943 3390 2042 3440 ut-

407 3494 636 3548 cunque
667 3475 1278 3546 intimi,quantumvis
1308 3475 1653 3547 cognatione
1687 3480 1788 3530 aut
1837 3475 2045 3546 quovis

407 3565 522 3622 alio
555 3567 640 3620 vel
669 3561 996 3621 arct’issimo
1043 3564 1348 3620 afﬁnitatis
1395 3563 1626 3619 vinculo
1667 3563 1862 3633 juncti
1913 3581 2044 3635 pro-

407 3657 558 3712 xime
583 3657 718 3722 sint,
750 3671 891 3709 eane
914 3656 1083 3726 pejus
1113 3659 1170 3708 et
1200 3670 1386 3722 angue
1416 3653 1744 3725 fugiendos.
1776 3653 1884 3708 Sed
1917 3657 2046 3708 tan-

410 3746 589 3817 tisper
611 3747 780 3816 juvat
813 3745 1105 3800 remittere
1141 3759 1232 3798 me
1258 3760 1327 3798 ex
1359 3743 1672 3797 acerbitate
1702 3743 2046 3805 tanta,tibi-

409 3853 523 3908 que
583 3835 990 3890 imminentem
1053 3833 1508 3904 detegendarum
1583 3849 1714 3886 mox
1772 3832 2047 3886 fraudum

409 3925 787 3996 ignominiam
823 3923 1040 3977 mitiori
1063 3922 1323 3993 exemplo
1375 3937 1716 3993 proponere.
1767 3922 2052 3976 Mercator

408 4015 724 4086 aliquando
759 4029 959 4066 navem
997 4011 1228 4066 solvens
1260 4011 1318 4064 in
1371 4011 1784 4080 profectionem
1820 4010 2047 4080 longin-

409 4121 604 4176 quam,
632 4103 885 4158 laminos
911 4101 1044 4154 ferri
1073 4101 1298 4171 probati
1333 4104 1571 4154 centum
1607 4100 1757 4169 apud
1793 4100 2046 4153 amicum

409 4192 876 4263 deposuit.Redit
907 4189 1102 4245 salvus
1134 4195 1266 4260 post
1298 4205 1529 4243 menses
1565 4188 1873 4263 aliq_uot.,et
1904 4189 2048 4241 ami-

410 4299 541 4335 cum
575 4281 854 4349 invisens,
884 4280 956 4334 ab
1006 4295 1092 4348 eo,
1143 4277 1191 4333 si
1241 4278 1526 4342 videatur,
1571 4261 1901 4345 depositum
1963 4295 2049 4331 re-

412 4370 575 4440 petit.
612 4369 713 4423 llle
765 4369 1041 4438 perﬁdus,
1085 4367 1184 4438 qui
1220 4368 1430 4420 ferrum
1481 4366 1704 4419 dudum
1748 4365 2047 4419 venditum

411 4461 468 4512 in
503 4474 623 4511 rem
656 4474 823 4512 suam
857 4460 1126 4520 verterat,
1165 4455 1426 4526 Ignosce,
1458 4455 1671 4524 inquit,
1705 4458 1760 4508 et
1809 4455 2051 4508 eondole

410 4545 686 4600 humanis
713 4546 967 4599 casibus.
995 4545 1107 4615 Ego
1135 4549 1300 4598 tuum
1363 4542 1695 4612 depositum
1757 4543 2046 4612 apothecze

405 4636 717 4690 tutissimae
749 4634 1187 4700 commiseram,
1223 4635 1415 4702 portas
1448 4635 1504 4685 et
1550 4647 1712 4686 seras
1761 4630 2053 4685 validissi-

411 4742 536 4779 mas
579 4724 876 4777 obduccns
922 4723 1200 4776 adversus
1259 4725 1527 4775 externos
1588 4720 1764 4786 fures,
1811 4721 2054 4789 ignarus

407 4813 719 4883 nequiores
742 4813 896 4882 apud
930 4828 1016 4864 me
1037 4811 1194 4865 nasci
1221 4827 1286 4864 ac
1313 4810 1468 4863 domi
1497 4810 1809 4864 nundinari
1835 4809 2055 4863 latrun-

408 4903 572 4957 culos
605 4899 937 4970 mures,qui
966 4917 1137 4969 quam
1191 4902 1334 4953 bene
1380 4899 1596 4952 dentati
1659 4899 1774 4953 sint
1825 4899 2052 4952 labora-

409 4991 774 5063 liis,0pinor,
817 4989 875 5043 in
912 4989 1234 5056 credendo;
1300 5005 1432 5043 nam
1493 5005 1564 5042 ne
1619 4987 1760 5042 mihi
1816 4988 2050 5058 quidem

410 5081 746 5153 persuaderi
781 5079 1084 5150 potuisset,
1122 5077 1231 5131 nisi
1278 5077 1578 5132 vidissem.
1639 5077 1821 5131 Narro
1853 5083 2051 5133 autem

407 5188 538 5242 quze
569 5169 752 5224 oculis
789 5185 1042 5240 praesens
1074 5167 1298 5236 subjeci
1354 5183 1366 5220 :
1419 5166 1664 5222 Circiter
1717 5175 1842 5236 post
1891 5183 2052 5222 men-

407 5278 530 5314 sem
567 5275 745 5330 quam
780 5257 1033 5312 laminas
1074 5262 1207 5310 tuas
1252 5256 1308 5307 in
1360 5259 1487 5307 tuto
1545 5270 1941 5324 reposueram,
1994 5257 2051 5310 in

407 5352 679 5405 intimum
715 5349 860 5403 illud
910 5349 1214 5417 ingressus
1270 5342 1588 5414 penetrale,
1643 5345 1866 5413 reperio
1899 5360 2049 5412 ecce,

411 5443 615 5496 miram
664 5441 817 5495 rem!
853 5437 1070 5494 comesi
1113 5454 1141 5488 a
1183 5434 1474 5488 soricibus
1509 5433 1640 5486 ferri
1660 5435 2050 5503 exiguasdun-

410 5534 568 5584 taxat
595 5529 890 5598 reliquias,
937 5533 992 5581 et
1022 5524 1157 5577 vilia
1203 5521 1345 5575 nulli
1398 5521 1477 5575 rei
1538 5520 1705 5575 utilia
1765 5531 2048 5582 ramenta.

409 5617 623 5672 Verum
660 5635 773 5674 non
807 5633 875 5672 ea
905 5615 1052 5670 tanti
1086 5619 1208 5668 tota
1247 5613 1482 5666 demum
1527 5611 1758 5682 jactura
1818 5619 1925 5684 est,
1984 5621 2047 5670 ut

2147 1837 2511 1887 mercatore:
2547 1832 2739 1888 Heus!
2789 1848 2904 1903 quo
2966 1831 3178 1900 inquit,
3222 1830 3500 1902 pusionem
3543 1832 3693 1902 depor-

2143 1921 2330 1976 tasti?
2385 1938 2518 1976 nam
2553 1926 2607 1976 te
2637 1920 2955 1976 abstulisse
3005 1919 3196 1991 geruli
3252 1924 3548 1974 narrarunt.
3591 1920 3694 1972 Tum

2146 2011 2582 2078 mercator,lleu
2617 2027 2819 2064 casum
2851 2009 3183 2064 infelicem!
3221 2009 3536 2064 exclamavit
3572 2025 3581 2060 :
3616 2015 3696 2061 sta-

2143 2100 2248 2154 tim
2283 2099 2543 2154 sedatius
2575 2099 3375 2170 subjungenszﬂeferendum
3404 2097 3538 2151 enim
3563 2102 3607 2149 et
3628 2112 3699 2164 ego

2147 2188 2327 2244 habeo
2396 2188 2937 2258 inepinatissimum
3012 2193 3068 2244 et
3146 2187 3248 2242 tibi
3306 2186 3392 2240 vix
3436 2184 3692 2240 credibilem

2144 2281 2435 2332 eventum.
2469 2279 2764 2332 'I‘enebam
2814 2277 3081 2347 amplexu
3148 2279 3414 2332 suavians
3450 2273 3694 2345 parvulum,

2145 2384 2278 2422 cum
2311 2367 2588 2438 accipiter
2618 2366 2843 2438 impetu
2858 2367 3136 2422 devolans
3189 2370 3442 2436 ereptum
3483 2380 3509 2418 e
3541 2362 3697 2434 gremio

2146 2457 2326 2514 altum
2359 2459 2573 2529 rapuit,
2633 2457 3003 2529 avolavitque
3062 2457 3263 2512 nescio
3319 2472 3444 2526 quo,
3487 2452 3702 2523 disparuit

2145 2549 2363 2619 quippe
2411 2563 2476 2602 ex
2537 2547 2722 2602 oculis
2766 2547 3074 2601 citissime.
3141 2548 3353 2618 Apage,
3397 2548 3594 2598 vocator
3631 2539 3701 2602 ait,

2147 2653 2330 2706 nugas
2365 2636 2527 2701 istas,
2559 2637 2732 2691 redde
2762 2635 2844 2691 sis
2877 2637 3165 2690 infantem
3199 2652 3210 2689 :
3245 2633 3525 2704 accipitres
3549 2644 3700 2701 pueros

2147 2725 2642 2797 rapiant,sci|ieet.
2669 2725 2879 2787 Quidni
2913 2724 3195 2795 rapiant?
3227 2723 3445 2794 reponit
3471 2723 3702 2780 mercator,

2148 2815 2366 2871 ironieo
2399 2814 2618 2880 arrisu;
2647 2814 2920 2884 equidem
2953 2830 3021 2868 ex
3052 2831 3195 2883 quo,
3230 2817 3294 2868 ut
3324 2826 3592 2870 memoras,
3638 2822 3703 2858 ro-

2148 2905 2281 2960 dere
2332 2921 2529 2959 mures
2589 2904 2806 2957 ferrum
2866 2907 3193 2974 cwperunt,
3252 2901 3440 2956 eadem
3479 2902 3697 2952 astrorum

2148 2995 2237 3048 vis
2269 3009 2636 3064 arcanaquae
2661 2993 2866 3048 dentes
2905 2993 3169 3047 sericum
3214 2989 3580 3046 adamantinos
3617 2985 3702 3038 red-

2149 3083 2318 3144 didit,
2355 3099 2580 3153 ungues
2613 3098 2843 3154 quoque
2905 3080 3204 3136 falconum
3267 3095 3374 3134 aere
3426 3083 3527 3132 tam
3575 3073 3704 3143 rigido

2153 3173 2424 3238 armavit,
2459 3177 2524 3226 ut
2545 3173 2668 3241 jam
2723 3171 2810 3227 vel
2855 3169 3204 3242 elephantes
3235 3171 3293 3223 in
3326 3168 3492 3223 altum
3542 3164 3704 3219 tollant.

2153 3263 2246 3318 Sic
2277 3263 2456 3332 igitur
2480 3261 2648 3328 habe,
2682 3260 2805 3330 pari
2844 3259 3138 3314 ambobus
3172 3257 3340 3312 nobis
3369 3271 3493 3310 casu
3533 3251 3703 3324 periisse

2153 3350 2295 3407 mihi
2329 3353 2568 3414 ferrum,
2621 3350 2728 3404 tibi
2763 3348 2969 3404 ﬁlium.
3018 3347 3421 3412 Deprehensus
3471 3343 3596 3397 dicto
3638 3355 3703 3392 ne-

2152 3440 2310 3505 bulo,
2373 3438 2606 3494 nonnisi
2683 3437 2952 3508 abnegati
3023 3435 3279 3508 depositi
3339 3431 3591 3506 persoluto
3633 3427 3704 3480 rite

2153 3529 2336 3601 pretio
2369 3536 2568 3583 natum
2603 3527 2853 3597 denique
2883 3525 3125 3596 recepit.

2225 3651 2628 3708 XXIX.Talem
2663 3656 2718 3705 et
2741 3656 2794 3706 te
2813 3651 3222 3705 confusionem
3244 3652 3547 3717 exspectare
3569 3641 3710 3712 jubeo,

2154 3743 2273 3798 tuis
2306 3743 2543 3796 tandem
2580 3740 2886 3794 fraudibus
2915 3738 3362 3808 mendaciisque
3399 3728 3711 3806 deprehensis.

2153 3833 2264 3888 Sed
2298 3830 2424 3886 lavo
2457 3831 2696 3884 laterem
2741 3829 2860 3883 haec
2917 3828 3272 3890 admonens,
3304 3837 3590 3895 aquamque
3614 3815 3719 3887 pari-

2155 3926 2240 3976 ter
2272 3927 2441 3989 atque
2473 3935 2708 3991 operam
2742 3917 2798 3970 in
2833 3917 3191 3987 detergenda
3234 3912 3500 3983 {Ethiopis
3528 3904 3713 3977 nigredi-

2158 4028 2249 4074 ne,
2311 4025 2440 4080 quae
2503 4007 2736 4078 penitus
2781 4011 3052 4061 concreta
3104 4005 3275 4058 nullo
3327 4002 3466 4057 nitro
3516 3993 3710 4050 delebilis

2157 4099 2412 4163 inolevit,
2448 4097 2646 4168 perdo.
2681 4097 2776 4151 Sic
2799 4096 2972 4150 homo
3004 4094 3223 4160 malus,
3262 4097 3546 4165 postquam
3575 4082 3712 4139 omnia

2157 4188 2492 4252 tentaveris,
2529 4184 2676 4239 nihil
2709 4186 2946 4239 demum
2981 4183 3138 4237 aliud
3176 4197 3354 4254 quam
3390 4182 3540 4234 homo
3583 4170 3713 4226 malos

2160 4286 2291 4332 est:
2329 4281 2392 4331 ut
2413 4291 2650 4347 pomum
2694 4273 2991 4338 acerbum,
3041 4277 3348 4343 utcunque
3391 4269 3560 4340 ipsum
3600 4259 3713 4316 mi’ilc

2161 4368 2374 4438 saepius
2407 4365 2656 4431 oblinas,
2682 4363 2956 4418 acerbum
2985 4367 3181 4416 tamen
3227 4364 3420 4414 manet
3449 4375 3460 4412 :
3493 4372 3584 4409 non
3609 4348 3714 4438 enim

2165 4437 2393 4511 mutare
2428 4458 2693 4508 naturam
2729 4451 3005 4524 applicita
3036 4451 3296 4506 exterius
3330 4452 3504 4522 potest
3545 4437 3717 4496 unctio:

2166 4551 2265 4601 aut
2296 4545 2406 4599 mel
2436 4545 2489 4598 in
2525 4542 2831 4613 superﬁcie
2889 4541 3204 4610 all'rictum,
3232 4539 3537 4595 amaritiem
3581 4542 3720 4583 emen-

2164 4637 2299 4689 dare
2323 4632 2479 4687 succi
2499 4630 3161 4703 maligni,substantiam
3188 4629 3449 4683 intimam
3466 4615 3722 4677 inticientis.

2163 4729 2350 4791 Quare
2382 4722 2566 4775 satius
2597 4721 3016 4790 est,desperala
3047 4720 3351 4774 curatione
3382 4712 3722 4785 imprebm'ums

2164 4815 2429 4869 recedere
2459 4812 2532 4864 ab
2563 4826 2759 4865 eorum
2790 4808 3215 4864 consuetudine
3241 4827 3254 4874 ;
3289 4804 3591 4872 versarique
3630 4807 3721 4846 cum

2163 4903 2334 4957 bonis
2363 4907 2419 4955 et
2450 4897 3226 4954 innocentibus.Periculum
3261 4896 3412 4950 enim
3445 4897 3519 4946 est
3545 4903 3602 4941 ne
3621 4897 3726 4936 rnor-

2162 4991 2270 5043 l:us
2293 4987 2636 5056 contagione
2669 4990 3042 5056 prepagetur,
3104 4990 3163 5039 et
3214 4983 3340 5036 sani
3376 4982 3723 5050 supervacaneo

2163 5077 2350 5132 seduli
2385 5073 2748 5146 injuvandis
2799 5074 2968 5145 aegris
3014 5073 3374 5136 istiusmodi,
3424 5085 3515 5122 nec
3559 5060 3726 5134 prosint

2161 5168 2303 5235 illis,
2336 5171 2393 5218 et
2423 5165 2533 5219 sibi
2571 5169 2852 5229 noceant;
2887 5179 2953 5218 ae
2983 5163 3032 5217 si
3066 5161 3266 5216 minus
3309 5160 3590 5228 languores
3613 5151 3724 5217 ipso-

2163 5274 2286 5311 rum
2325 5253 2707 5320 contrahant;
2739 5257 2892 5306 certe
2924 5252 3100 5306 afﬁati
3137 5250 3295 5305 malo
3345 5265 3410 5301 ex
3459 5245 3522 5299 iis
3548 5240 3726 5327 halante

2163 5347 2359 5408 odore,
2395 5343 2648 5408 feteant;
2684 5358 2795 5395 non
2833 5341 2986 5395 enim
3021 5342 3163 5395 bene
3216 5339 3369 5394 olere
3426 5333 3634 5402 possunt
3657 5336 3724 5392 qui

2163 5432 2394 5487 latrinis
2426 5435 2525 5485 aut
2556 5430 2770 5484 cloacis
2796 5430 3078 5494 assident,
3114 5434 3178 5483 ut
3226 5445 3258 5484 e
3311 5422 3576 5481 contrario
3625 5428 3728 5467 nun-

2163 5539 2338 5594 quam
2399 5521 2565 5575 abest
2607 5519 2748 5589 quin
2802 5519 3058 5574 suaviter
3111 5519 3338 5589 spirent
3385 5516 3473 5584 qui
3519 5502 3725 5576 seplasiis

2163 5612 2651 5668 aromatariorum
2711 5609 3117 5665 immorantur.
3178 5607 3296 5664 Nec
3321 5621 3410 5659 me
3438 5601 3723 5672 fugitquam
