3984 6202
258 346 395 400 1281

1283 353 1647 406 SPECIMEN
1689 353 2088 407 SAPIENTUE
2126 354 2459 409 INDORUM
2498 357 2661 410 VET.

3531 365 3672 419 1282

255 472 420 526 nulla
447 489 585 542 spes
616 473 897 543 alfulgeat
928 473 1065 528 huic
1082 491 1229 529 vano
1252 479 1308 528 et
1340 475 1484 529 mihi
1518 475 1686 530 noxio
1719 474 1902 531 labori
1933 485 1983 546 Α
2017 494 2140 544 rus,
2164 479 2378 532 nedum
2412 495 2655 551 regnare
2690 479 2823 534 felix
2844 486 3097 551 poteras.
3135 487 3321 549 Quare
3363 489 3514 542 refer
3535 492 3669 545 ani~

259 578 416 627 meo,
448 562 650 632 gratiae
684 560 896 616 saltem
930 563 1199 618 ineunda
1226 581 1259 618 a
1286 569 1360 631 te,
1384 581 1560 635 quem
1584 564 1704 620 scio
1727 564 1915 635 gravi-

258 655 350 706 ter
379 650 594 705 offendi
631 650 874 706 monitis
904 651 1067 707 hisce
1100 652 1258 719 meis,
1293 668 1356 706 ac
1391 669 1461 708 ne
1492 654 1640 708 ferre
1680 653 1917 724 quidem

256 738 513 795 libenter
560 746 943 811 conspectum
996 758 1215 796 meum.
1259 742 1351 796 Sic
1401 742 1556 796 enim
1607 758 1914 812 compara-

260 834 390 883 tum
433 832 647 883 natura
697 833 808 897 est,
844 833 908 884 ut
968 830 1180 900 ingrati
1244 837 1451 885 mutuo
1501 831 1622 886 sint
1681 836 1917 885 contra—

256 918 480 972 riorum
535 934 865 972 occursus:
929 923 985 973 et
1033 918 1203 974 stulti
1256 920 1637 990 sapientium,
1698 921 1914 975 indocti

257 1007 667 1073 eruditorum,
724 1009 879 1078 parci
934 1007 1271 1079 largorum,
1321 1008 1639 1063 irritabiles
1690 1010 1916 1080 patien—

260 1102 411 1161 tum,
463 1113 818 1166 congressus
868 1104 1232 1167 aversentur,
1294 1102 1350 1152 et
1391 1097 1737 1153 exhorreant
1784 1100 1911 1153 visu

258 1184 390 1255 ipso
451 1185 620 1254 quasi
685 1184 878 1239 avium
939 1186 1182 1240 infausti
1242 1187 1511 1256 augurii.
1573 1187 1702 1240 Haec
1754 1186 1912 1241 locu-

263 1278 368 1328 tus
427 1274 751 1328 Coronatus
811 1278 1065 1330 recesuit
1108 1277 1368 1329 domum.
1418 1275 1702 1330 Caeterum
1738 1276 1915 1331 inter-

263 1364 418 1418 fecto
439 1369 625 1429 tauro,
643 1363 838 1418 statim
863 1363 1090 1419 leonem
1107 1365 1239 1419 facti
1260 1365 1550 1435 pmnituit,
1572 1365 1913 1419 exstabant-

259 1470 380 1523 que
405 1453 461 1506 in
481 1453 610 1521 ejus
632 1452 797 1506 vultu
828 1470 944 1508 non
969 1453 1451 1508 obscuraindicia
1474 1454 1761 1519 mceroris;
1787 1470 1913 1524 quae

258 1560 397 1597 cum
418 1542 790 1597 observasset
818 1543 1275 1599 scelestissimus
1308 1543 1658 1614 Vestigator,
1710 1548 1767 1599 et
1801 1543 1915 1599 sibi

261 1630 419 1685 male
446 1631 718 1686 conscius
748 1638 1035 1687 metueret
1065 1649 1135 1688 ne
1168 1633 1537 1687 retractanda
1562 1632 1715 1687 tauri
1738 1649 1917 1687 causa

261 1720 488 1791 aliquid
521 1722 911 1791 detegeretur,
954 1723 1109 1792 quod
1152 1740 1261 1777 sua
1311 1723 1563 1776 maxime
1607 1722 1916 1777 interesset

2026 585 2188 623 mum
2222 557 2293 623 ad
2319 571 2705 625 constantiam
2732 577 2788 626 te
2810 573 3070 643 dignam,
3094 580 3171 639 et,
3195 591 3439 631 excussa
3463 581 3669 636 mulie-

2027 656 2114 710 bri
2148 657 2416 724 mollitie,
2451 659 2745 730 gratulare
2780 662 2883 715 tlbi
2907 668 2964 716 et
2996 664 3163 718 nobis
3194 681 3567 721 communem
3588 672 3671 724 fe-

2025 744 2327 813 licitatem,
2360 764 2463 817 pro
2523 753 2678 803 certo
2712 750 2957 816 habens,
3015 750 3072 805 id
3114 754 3268 822 quod
3332 758 3524 809 actum
3586 762 3675 812 est
3754 820 3755 823 η

2026 835 2422 889 necessarium
2461 837 2785 891 remedium
2824 839 2961 893 mali
2993 840 3329 911 gravissimi
3366 843 3567 898 fuisse.
3605 846 3675 899 Ut
3756 826 3759 833 V

2023 922 2177 976 enim
2209 926 2539 979 membrum
2572 927 2727 997 quod
2759 927 2952 997 vipera
2995 931 3331 997 momordit,
3382 933 3493 987 nisi
3544 952 3675 989 sca—

2024 1012 2303 1083 riﬁcetur,
2339 1019 2443 1068 aut
2481 1017 2656 1069 etiam
2706 1018 3078 1087 praecidatur,
3126 1036 3414 1076 venenum
3470 1043 3670 1096 propa-

2022 1106 2121 1172 gat
2179 1102 2235 1155 in
2299 1120 2513 1173 corpus
2572 1103 2887 1175 reliquum,
2948 1110 3137 1177 quoad
3200 1110 3256 1163 in
3319 1111 3445 1183 ipso
3498 1118 3669 1170 corde

2021 1190 2195 1245 vitam
2231 1192 2583 1260 exstinguat,
2613 1193 2697 1247 sic
2728 1197 2936 1248 taurus
2959 1196 3068 1249 iste
3088 1199 3335 1267 negotiis
3369 1218 3403 1254 a
3436 1206 3489 1255 te
3522 1220 3671 1273 prae-

2024 1279 2275 1349 positus,
2309 1286 2425 1335 ete
2470 1282 2754 1336 membris
2814 1291 3025 1338 nostrae
3088 1287 3417 1356 reipublicae
3477 1294 3676 1362 princi—

2023 1388 2233 1442 puum,
2264 1372 2633 1443 indulgentia
2653 1378 2755 1429 tua
2786 1375 2999 1440 factus,
3045 1383 3357 1449 postquam
3409 1382 3672 1454 viperino

2024 1460 2277 1529 quodam
2304 1461 2710 1533 ingratissima:
2734 1462 3159 1519 invidiaelivore
3181 1482 3366 1536 usque
3388 1471 3458 1523 ad
3473 1474 3670 1526 odium

2024 1549 2110 1602 tui
2167 1553 2224 1603 et
2286 1550 2581 1604 nefarium
2642 1551 2958 1605 insidiandi
3019 1554 3151 1607 vitae
3189 1558 3301 1608 tua:
3360 1558 3672 1615 consilium

2023 1636 2587 1705 extabuit,abscindi
2606 1639 3070 1707 maturedebuit,
3095 1657 3167 1695 ne
3194 1646 3377 1698 totum
3404 1660 3673 1716 regnum.

2025 1728 2081 1777 et
2110 1732 2165 1779 te
2199 1726 2473 1792 maxime,
2507 1744 2606 1781 cor
2654 1743 2720 1781 ac
2751 1733 2928 1798 caput
2979 1728 3159 1797 hujus
3204 1735 3487 1803 corporis,
3524 1735 3675 1790 male

267 1809 564 1864 occultum
603 1826 966 1900 permanere,
1003 1811 1504 1900 conﬁdentissime
1536 1811 1763 1900 leonem
1808 1811 1911 1865 ad-
1951 1838 1993 1900 Β
2026 1818 2311 1888 perderet.
2358 1819 2437 1873 Ea
2487 1819 2693 1889 perfidi
2745 1821 3085 1874 veteratoris
3130 1822 3287 1877 dicta
3337 1824 3489 1879 leoni
3538 1832 3677 1882 tunc

262 1903 413 1955 iens:
439 1901 587 1966 Quid
615 1905 691 1967 te,
726 1899 938 1969 inquit,
975 1899 1230 1964 domine,
1260 1899 1493 1954 tristem
1551 1899 1718 1954 video
1778 1915 1910 1953 cum

260 1997 487 2064 injuria
519 1996 784 2062 fortuna,
819 1995 913 2049 cui
944 1995 990 2050 si
1024 1999 1246 2066 gratus,
1284 2000 1347 2049 ut
1381 1994 1577 2062 debes,
1630 2009 1759 2048 esse
1805 1993 1913 2060 vis,

266 2098 587 2154 agnoscere
645 2087 703 2137 et
736 2083 1048 2153 praedicare
1105 2086 1160 2137 te
1214 2087 1442 2152 oportet
1500 2098 1798 2136 summum
1860 2085 1918 2135 et

266 2170 747 2225 recentissimum
794 2173 923 2241 ejus
953 2170 1324 2239 beneﬁcium,
1355 2187 1470 2241 quo
1517 2187 1550 2224 a
1594 2168 1917 2240 proditione

259 2259 621 2329 insidiisque
652 2260 804 2314 tauri
869 2264 1138 2313 servatus
1173 2276 1255 2314 es.
1285 2262 1355 2313 At
1412 2263 1472 2313 tu
1508 2265 1715 2314 contra
1773 2258 1916 2313 mihi

260 2349 511 2416 videris,
544 2349 716 2402 fatuae
748 2348 981 2403 cuidam
1032 2347 1349 2418 indulgens
1398 2348 1591 2402 cordis
1630 2348 1915 2402 teneritu.

261 2437 435 2506 dini,
513 2436 754 2492 fallaces
815 2436 1179 2491 insidiatoris
1248 2436 1544 2491 vaferrimi
1602 2434 1918 2490 blanditias

261 2527 583 2593 recordari,
609 2527 874 2596 adeoque
898 2542 1044 2596 pene
1066 2524 1404 2581 desiderare
1427 2526 1592 2595 justo
1624 2523 1916 2595 supplicio

260 2623 663 2687 peremptum,
700 2633 816 2687 quo
848 2614 1126 2671 incolumi
1163 2630 1234 2669 ne
1260 2614 1449 2669 vivere
1481 2613 1717 2685 quidem
1751 2629 1917 2668 secu-

2026 1904 2375 1976 scrupulum
2400 1910 2761 1970 exemerunt,
2787 1906 2867 1961 ita
2892 1913 2954 1961 ut
2978 1912 3355 1980 aequumjam
3386 1913 3671 1983 animum,

2027 1998 2093 2047 ut
2123 1997 2278 2060 ante,
2314 1994 2568 2065 negotiis
2612 1995 2959 2061 adverteret,
3006 2012 3325 2066 persuasus
3389 2003 3675 2058 meruisse

2026 2088 2263 2136 taurum
2294 2099 2421 2152 quae
2442 2100 2654 2153 passus
2679 2084 2885 2138 fuerat.
2915 2084 3017 2138 His
3037 2088 3527 2159 gymnosophista
3550 2108 3673 2162 per-

2026 2171 2207 2227 oratis
2264 2172 2728 2243 disputationem
2789 2173 3145 2230 concludens
3206 2178 3325 2248 regi
3368 2180 3566 2236 dixit:
3610 2183 3675 2236 In

2028 2258 2184 2312 hunc
2216 2262 2480 2327 modum,
2514 2262 2771 2331 domine,
2805 2263 2958 2333 quod
2984 2264 3322 2333 quaesieras,
3348 2266 3521 2323 homo
3545 2286 3676 2325 sce-

2027 2346 2249 2403 leratus
2280 2354 2337 2404 et
2371 2350 2603 2405 invidus
2637 2354 2784 2405 duos
2833 2355 3003 2406 antea
3037 2353 3190 2407 inter
3238 2372 3299 2410 se
3357 2361 3676 2415 concordes

2028 2437 2411 2496 calumniosis
2445 2439 2715 2495 artiﬁciis
2748 2440 2993 2497 invicem
3026 2445 3361 2511 committit,
3399 2464 3467 2501 ex
3490 2448 3683 2504 aliena

2029 2530 2085 2580 et
2116 2543 2267 2599 saepe
2301 2529 2534 2600 publica
2564 2529 2899 2585 calamitate
2958 2531 3249 2601 privatum
3306 2535 3681 2592 astutissime

2033 2621 2324 2685 quaestum
2357 2622 2622 2688 captans.

1392 2850 1915 2912 DISSERTATIO
1942 2852 2441 2914 PARABOLICA
2472 2855 2553 2911 II.

268 2972 610 3046 Ercprimit
668 2967 999 3046 ingenium
1056 2971 1153 3025 rei
1210 2966 1475 3025 audacis
1523 2976 1584 3024 et
1638 2969 1863 3028 callidi
1919 2974 1991 3027 in
2037 2969 2348 3030 eludendo
2403 2968 2671 3036 iudicio,
2732 2977 2792 3025 et
2849 2970 3239 3029 demonstrat
3300 2978 3533 3033 inutile
3594 2978 3682 3035 ad

1290 3055 1646 3106 extremum
1674 3066 1800 3107 esse
1832 3058 2034 3108 totum
2076 3050 2252 3108 istud
2281 3051 2655 3125 artiﬁcium.

350 3173 500 3227 Dixit
525 3178 721 3227 autem
755 3188 853 3226 rex
884 3168 1402 3243 gymnosophistae:
1436 3170 1719 3241 Cuperem
1750 3173 1921 3227 audi-
1952 3183 1996 3249 α
2036 3173 2265 3245 pungit,
2297 3187 2510 3241 corpus
2540 3170 2736 3241 ipsum
2768 3171 2959 3226 exedit
2981 3177 3036 3227 et
3069 3180 3345 3231 macerat.
3399 3178 3681 3237 Praeterea

270 3278 338 3317 re
372 3262 513 3332 quid
562 3261 913 3333 Vestigatori
968 3259 1225 3316 evenerit
1255 3263 1388 3330 post
1415 3276 1614 3315 necem
1648 3262 1823 3316 tauri.

360 3352 400 3405 Ι.
437 3350 759 3422 Respondit
786 3347 1291 3421 gymnosophista:
1315 3348 1516 3403 Occiso
1547 3353 1737 3415 tauro,
1763 3354 1929 3405 nocte

277 3441 540 3511 quadam
618 3456 888 3510 egressus
975 3437 1330 3509 leopardus,
1408 3438 1509 3509 qui
1583 3437 1724 3493 olim
1805 3439 1929 3493 fue-

277 3534 373 3583 rat
407 3529 686 3601 magister
743 3527 950 3595 leonis,
982 3532 1038 3582 et
1084 3532 1224 3581 tunc
1282 3526 1436 3580 inter
1484 3527 1613 3596 ejus
1657 3526 1928 3581 consilia-

272 3617 399 3672 rios
431 3618 674 3672 intimos
698 3617 808 3671 ﬁde
830 3623 1007 3687 atque
1028 3615 1369 3671 aucloritate
1394 3616 1724 3686 przecipuus
1747 3616 1928 3669 habe-

276 3709 478 3777 batur,
512 3707 799 3778 applicuit
846 3723 1045 3761 aurem
1081 3706 1227 3761 forte
1271 3707 1564 3759 transiens
1606 3705 1677 3758 ad
1711 3704 1927 3758 ostium

277 3796 693 3867 Vestigatoris,
725 3812 791 3851 eo
823 3796 1197 3851 commodum
1230 3799 1493 3865 tempore
1515 3810 1630 3860 quo
1661 3810 1730 3848 ea
1756 3796 1929 3846 Coro-

283 3890 511 3941 nantus
534 3885 583 3939 ei
618 3900 952 3950 succesens,
1000 3883 1373 3954 loquebatur,
1394 3899 1520 3953 quas
1555 3880 1726 3936 retuli
1755 3880 1928 3952 paulo

275 3975 578 4046 superius.
610 3974 846 4029 Audivit
877 3973 1051 4042 igitur
1081 3971 1525 4044 exprobrantem
1580 3969 1928 4041 Vestigatori

274 4066 636 4121 Coronalum
675 4064 963 4136 malignas
1008 4068 1162 4119 artes
1210 4062 1448 4133 quibus,
1483 4061 1711 4117 invidiae
1753 4066 1929 4133 atque

273 4154 414 4208 odio
444 4153 762 4225 indulgens
803 4153 1077 4224 prepriis,
1112 4162 1344 4207 laurum
1396 4152 1765 4207 innocentem
1816 4154 1927 4208 cir-

275 4247 675 4306 cumvenerat,
709 4242 936 4297 leonem
973 4242 1087 4296 ﬁdo
1117 4244 1175 4295 et
1206 4240 1335 4295 utili
1369 4239 1641 4295 ministro
1674 4242 1929 4312 privave-

272 4338 390 4387 rat:
427 4332 890 4386 comminantem
925 4331 1100 4385 etiam
1134 4331 1280 4384 iram
1320 4330 1583 4399 deorum,
1636 4334 1692 4384 et
1740 4348 1928 4403 augu-

274 4423 509 4475 rantem
544 4420 593 4474 ei
622 4438 654 4474 a
687 4420 852 4474 leone
883 4418 1010 4490 ipso
1057 4434 1229 4489 quem
1293 4419 1618 4488 deceperat,
1679 4418 1924 4489 dignum

271 4527 386 4563 suo
420 4508 636 4564 scelere
668 4509 1046 4580 supplicium.
1080 4512 1213 4562 Haec
1253 4507 1568 4577 leopardus
1626 4508 1927 4579 inapinato

268 4596 514 4668 cognita
544 4597 745 4651 statim
787 4613 999 4651 arcano
1050 4595 1259 4650 detulit
1307 4596 1375 4649 ad
1418 4594 1604 4649 leonis
1656 4602 1925 4654 matrem.

270 4686 519 4740 Interim
552 4690 747 4740 autem
784 4685 869 4739 leo
891 4684 1031 4756 quid
1064 4684 1284 4754 egisset
1316 4689 1617 4755 reputans,
1671 4685 1924 4743 revolve-

267 4776 453 4830 batur
481 4774 539 4828 in
571 4772 929 4829 desiderium
966 4774 1152 4828 tauri:
1186 4789 1288 4827 nec
1331 4772 1550 4827 ultima:
1596 4772 1707 4827 ille:
1740 4774 1925 4830 Vesti-

266 4865 494 4935 gatoris
520 4880 693 4918 voces
719 4864 845 4933 jam
874 4867 1107 4917 tantum
1133 4863 1287 4932 apud
1320 4862 1449 4930 ejus
1479 4861 1741 4916 animum
1766 4864 1921 4918 vale-

266 4954 443 5019 bant,
468 4957 532 5007 ut
564 4969 677 5007 non
715 4952 842 5023 ipse
868 4951 1201 5022 Vestigator
1232 4951 1456 5004 fraudis
1480 4955 1651 5020 atque
1686 4951 1922 5006 insidia-

264 5060 405 5097 rum
439 5040 777 5113 suspicione
808 5040 1121 5095 laboraret.
1156 5040 1298 5095 Cum
1334 5038 1447 5094 ista
1478 5039 1692 5093 mentis
1717 5040 1916 5094 conﬂi-

264 5137 526 5189 ctantem
551 5131 902 5204 (egritudine
927 5130 1200 5185 convenit
1231 5135 1497 5184 materna
1521 5129 1920 5185 familiaritate

257 5238 465 5293 regem
500 5222 731 5277 leonem
760 5221 887 5291 ejus
937 5237 1148 5290 parens
1185 5224 1278 5285 ;et
1322 5223 1601 5273 moestum
1652 5218 1818 5272 illum
1851 5236 1919 5273 ea

263 5328 451 5384 quam
470 5312 587 5366 dixi
609 5327 807 5376 causa,
833 5310 1194 5380 conspicata,
1220 5307 1463 5363 Vultum
1489 5308 1916 5377 babes,inquit,

256 5403 374 5466 fili,
408 5402 644 5457 solliciti
678 5418 744 5455 ac
779 5401 930 5456 male
961 5401 1072 5456 sibi
1103 5398 1344 5455 conscii:
1381 5400 1534 5469 quod
1564 5398 1833 5469 equidem
1864 5406 1920 5453 et

254 5493 451 5547 miror
480 5498 535 5546 et
561 5508 710 5563 aegre
740 5491 883 5557 fero,
912 5490 1058 5545 satis
1081 5506 1285 5561 gnara,
1319 5488 1463 5542 nihil
1490 5488 1672 5559 magis
1696 5488 1913 5542 valetu-

252 5580 388 5636 dini
422 5584 731 5635 adversum
768 5595 945 5648 quam
976 5594 1177 5632 curam
1212 5594 1429 5645 acrem,
1478 5580 1533 5630 et
1590 5576 1913 5646 praesertim

249 5668 675 5742 paenitentiam
706 5664 1001 5729 inutilem,
1034 5682 1161 5736 qua:
1195 5666 1334 5720 dum
1371 5663 1636 5720 animum
1673 5661 1913 5718 moleste

2039 3265 2191 3335 quod
2227 3261 2619 3334 perniciosum
2650 3260 2735 3315 vel
2771 3262 3025 3317 maxime
3068 3266 3333 3336 regnanti
3384 3273 3495 3336 est,
3549 3271 3683 3326 cali-

2036 3355 2231 3425 ginem
2266 3350 2503 3406 obducit
2535 3349 2736 3417 menti,
2762 3366 2940 3420 quam
2971 3351 3068 3406 ille
3100 3370 3332 3424 semper
3364 3357 3592 3427 vigilem
3626 3367 3682 3415 et

2036 3440 2356 3514 tranquille
2412 3442 2695 3494 attentam
2729 3438 3008 3495 adhibere
3067 3443 3319 3513 negotiis
3374 3446 3677 3504 debuerat.

2034 3533 2166 3600 Sed,
2200 3546 2397 3601 quaso
2430 3533 2504 3597 te,
2541 3529 2719 3583 fatere
2749 3527 2891 3583 mihi
2927 3529 3067 3600 quid
3111 3534 3164 3585 te
3195 3537 3410 3604 angat;
3474 3542 3576 3592 aut
3633 3537 3684 3591 si

2035 3620 2225 3675 dicere
2260 3616 2579 3683 cunctaris,
2613 3616 2761 3681 sine,
2797 3616 3075 3679 divinem;
3110 3636 3219 3674 non
3273 3623 3427 3677 enim
3465 3630 3685 3681 temere

2036 3708 2402 3761 afﬁrmatura
2459 3702 2680 3770 videor,
2739 3703 2987 3758 cruciari
3042 3710 3096 3758 te
3150 3722 3280 3761 sera
3340 3712 3685 3778 pmnitentia

2036 3796 2195 3850 necis
2230 3792 2406 3857 tauri,
2439 3791 2609 3861 quasi
2640 3791 2766 3859 ejus
2798 3800 3105 3846 accusator
3146 3793 3322 3848 nimis
3369 3799 3534 3853 facile
3567 3818 3684 3857 cre-

2035 3882 2277 3938 dideris:
2312 3896 2441 3934 cum
2474 3877 2763 3932 aestimare
2796 3883 2850 3932 te
2884 3880 3078 3948 potius
3110 3882 3180 3935 de
3213 3883 3341 3951 ejus
3376 3885 3433 3938 in
3468 3890 3522 3940 te
3556 3890 3681 3943 ani-

2037 3992 2130 4030 mo
2161 3991 2229 4029 ex
2254 3979 2354 4027 tuo
2389 3971 2447 4024 in
2479 3985 2613 4024 eum
2642 3970 2851 4023 affectu
2884 3986 2990 4040 par
3044 3970 3280 4042 fuisset;
3330 3974 3445 4029 fere
3494 3978 3679 4048 siqui-

2036 4067 2167 4121 dem
2200 4064 2313 4117 ista
2361 4059 2471 4115 sibi
2525 4061 2731 4112 mutuo
2781 4060 3174 4129 respondent:
3228 4080 3546 4135 rarumque
3592 4072 3681 4122 est

2036 4170 2149 4208 non
2183 4149 2473 4206 redamari
2507 4147 2730 4202 sincere
2789 4148 2887 4217 qui
2923 4163 3052 4201 vere
3108 4148 3323 4221 diligit,
3369 4153 3511 4207 adeo
3570 4154 3682 4209 ista

2034 4241 2387 4297 commercia
2416 4238 2682 4295 cordium
2720 4237 2919 4291 fucum
2951 4237 3289 4293 excludunt.
3323 4243 3440 4312 Age
3476 4243 3679 4314 igitur,

2035 4331 2126 4385 dic
2160 4329 2303 4384 mihi
2326 4326 2619 4400 quomodo
2651 4328 2711 4377 tu
2745 4325 2986 4379 affectus
3018 4342 3153 4396 erga
3181 4331 3411 4384 taurum
3429 4332 3682 4387 eras?Ad

2034 4438 2102 4474 ea
2136 4420 2245 4474 leo:
2282 4418 2589 4490 Equidem,
2622 4419 2830 4482 mater,
2864 4413 3080 4485 inquit,
3124 4414 3368 4471 charum
3411 4436 3544 4473 eum
3580 4422 3685 4476 ha-

2039 4508 2247 4563 bebam
2302 4506 2675 4573 ﬁdebamque
2717 4501 2799 4555 illi
2862 4501 3112 4556 maxime
3146 4509 3242 4570 ;et
3302 4522 3435 4561 cum
3484 4514 3684 4566 mente

2041 4601 2235 4665 repeto
2268 4611 2445 4665 quam
2480 4595 2752 4664 prompta
2783 4606 3011 4660 semper
3034 4592 3161 4661 ejus
3212 4597 3270 4647 et
3312 4594 3593 4651 benevola
3628 4599 3685 4653 in

2036 4701 2127 4738 me
2158 4684 2350 4738 ofﬁcia
2381 4685 2696 4747 exstarent,
2723 4679 2907 4734 facere
2929 4679 3021 4733 vix
3056 4697 3295 4746 possum
3327 4684 3468 4753 quin
3492 4688 3685 4759 suspi-

2034 4790 2128 4827 cer
2158 4772 2351 4828 scelus
2386 4770 2621 4840 aliquod
2654 4766 2897 4821 artiﬁcis
2954 4768 3331 4839 Vestigatoris
3393 4775 3492 4843 qui
3550 4792 3685 4832 eum

2033 4861 2197 4916 falsis
2229 4862 2397 4932 apud
2420 4876 2510 4913 me
2542 4854 3049 4912 criminationibus
3084 4857 3475 4931 infamaverit,
3510 4870 3567 4919 et
3619 4883 3685 4921 eo

2032 4952 2285 5021 denique
2311 4967 2403 5005 me
2435 4946 2695 5019 adegerit
2729 4948 2792 4999 ut
2841 4944 3087 5000 facerem
3119 4950 3275 5018 quod
3340 4954 3683 5009 meminisse

2031 5044 2229 5098 horret
2258 5043 2514 5107 animus,
2547 5044 2602 5095 et
2625 5036 2935 5109 quantovis
2955 5038 3139 5109 pretio
3164 5042 3534 5115 redemptum
3565 5046 3683 5099 vel-

2028 5131 2142 5187 lem
2180 5149 2293 5186 non
2326 5130 2533 5202 egisse.
2560 5129 2645 5183 Tu
2680 5142 2837 5193 vero,
2857 5143 3068 5196 parens
3096 5129 3335 5200 optima,
3364 5150 3433 5187 ne
3456 5151 3652 5204 qumso
3672 5176 3686 5201 ,

2029 5221 2325 5275 caalaveris
2356 5217 2405 5274 si
2432 5217 2569 5288 quid
2603 5216 2732 5285 eius
2767 5216 2911 5269 forte
2944 5214 3025 5269 rei
3058 5217 3341 5286 didicisti;
3378 5222 3492 5275 fere
3524 5222 3678 5275 enim

2029 5308 2392 5364 emanautin
2425 5305 2693 5361 notitiam
2730 5302 3095 5373 quantalibet
3142 5310 3263 5361 arte
3308 5308 3679 5364 dissimulata

2028 5401 2272 5464 scelera,
2310 5415 2414 5453 nec
2444 5395 2632 5451 caveri
2666 5392 2819 5448 dolis
2851 5392 3126 5447 omnibus
3179 5400 3385 5463 potest,
3434 5398 3530 5465 qui
3564 5398 3675 5452 sal.

2025 5492 2147 5542 tem
2164 5486 2390 5541 timidis
2404 5484 2663 5542 susurris
2689 5480 3049 5554 proditiones
3064 5481 3522 5537 abstrusissimaa
3540 5501 3676 5554 pro-

2028 5576 2257 5630 dantur.
2294 5575 2371 5628 Ea
2404 5591 2573 5646 porro
2615 5573 2765 5625 fame
2798 5568 2930 5621 licet
2957 5566 3186 5620 incertae
3221 5584 3285 5621 ac
3335 5569 3672 5642 vulgarium

2026 5682 2335 5721 rumorum
2374 5662 2807 5734 qualiacunque
2848 5654 3208 5721 testimonia,
3243 5673 3395 5728 saepe
3443 5659 3683 5721 interio-
