4002 6202
375 346 513 399 1283

1880 335 2264 392 APPENDIX.

3653 343 3774 400 1284

367 471 536 526 ribus
569 466 800 523 indiciis
827 466 1107 535 adjuncta
1135 463 1386 520 multum
1431 464 1738 520 conferunt
1769 463 1839 518 ad
1885 478 2024 517 con-
2057 465 2106 530 Α
2139 464 2548 517 emunctarum
2583 462 2962 533 sagacitatem
2998 463 3243 533 fallunt;
3275 469 3516 537 quando
3560 485 3776 525 moven-

369 559 690 612 victionem
723 552 1126 609 scelestorum.
1189 553 1469 624 Reposuit
1509 552 1579 607 ad
1629 551 1750 606 haec
1782 554 1970 605 mater
2001 565 2014 604 :

378 646 583 701 Audivi
617 661 650 701 a
699 644 948 714 quodam
1011 643 1124 698 ﬁde
1183 643 1531 714 dignissimo
1589 640 2016 710 Vestigatorem

367 734 601 790 invidiae
635 734 953 788 instinctus
989 733 1293 788 rneutitum
1330 731 1437 786 tibi
1494 746 1624 786 esse
1671 734 1882 784 cuncta
1914 727 2018 783 illa

366 841 500 896 quae
531 824 600 878 de
637 829 802 877 tauro
836 821 1064 889 detulit,
1101 821 1321 892 alioqui
1372 820 1730 875 alienissime
1780 833 1812 872 a
1859 830 2013 886 vero,

361 919 418 967 et
449 912 572 967 sola
604 914 731 981 ejus
771 912 977 964 fraude
1009 909 1278 964 conﬁcta.
1319 909 1533 963 Amabo
1562 912 1640 974 te,
1677 911 1879 974 mater,
1927 905 2014 961 leo

362 1002 579 1072 inquit,
618 1001 742 1067 ede,
778 1000 824 1054 si
861 1017 972 1053 non
998 1015 1167 1068 grave
1201 1001 1310 1060 est,
1345 997 1476 1067 quis
1508 999 1617 1052 iste
1662 996 1737 1051 sit
1780 1011 1847 1049 ex
1898 1011 2014 1066 quo

362 1091 504 1145 talia
535 1089 782 1145 audisti?
811 1089 890 1143 Ne
918 1105 1132 1159 quaare,
1196 1087 1320 1153 ﬁlii,
1365 1088 1446 1142 ait
1496 1090 1702 1154 mater,
1757 1089 2011 1139 actorem

370 1181 532 1249 dicti,
569 1181 667 1251 qui
702 1179 1048 1232 nominatim
1083 1194 1143 1231 se
1168 1176 1330 1247 prodi
1360 1178 1563 1239 vetuit,
1591 1191 1723 1228 cum
1756 1191 1873 1228 rem
1901 1173 2011 1227 sibi

368 1267 898 1340 compertissimam
946 1265 1089 1320 mihi
1139 1281 1349 1320 arcano
1398 1267 1808 1329 commztteret,
1860 1261 2004 1315 indi-

364 1359 636 1422 candam,
669 1357 715 1411 si
747 1356 1018 1426 expedire
1050 1370 1363 1423 censerem,
1399 1353 1525 1408 tibi.
1571 1351 1691 1406 Etsi
1737 1362 1926 1406 autem
1964 1351 2013 1406 is

371 1447 527 1514 talis,
564 1452 628 1500 ut
661 1445 799 1513 dixi,
851 1448 958 1507 est,
995 1445 1087 1498 cui
1142 1448 1266 1498 tuto
1300 1443 1531 1513 quidvis
1590 1443 1740 1496 credi
1806 1440 2008 1510 possit,

369 1554 481 1591 non
516 1539 646 1607 peto
705 1541 897 1588 tamen
932 1539 994 1588 ut
1025 1537 1125 1588 aut
1170 1549 1331 1598 meas,
1383 1535 1483 1586 aut
1541 1531 1701 1585 illius
1757 1529 2012 1585 auctori-

363 1624 467 1678 tati
496 1625 855 1693 acquiescas,
910 1640 976 1678 ac
1034 1628 1235 1677 nostro
1293 1620 1629 1676 testimonio
1686 1619 2013 1692 prazcipites

361 1712 716 1769 sententiam
753 1713 809 1766 in
845 1727 1009 1766 reum
1035 1711 1393 1776 inauditum,
1431 1710 1653 1779 nequid
1689 1708 1879 1764 simile
1910 1725 2008 1779 pa-

2126 555 2227 606 tur
2253 551 2690 623 agitanturque,
2723 552 3031 624 mephitim
3065 555 3356 623 exhalant,
3392 561 3449 611 et
3471 559 3775 616 manifesto

2127 639 2326 695 fetoris
2379 640 2595 695 indicio
2654 643 3203 714 deprehenduntur.
3269 645 3472 717 Itaque
3533 648 3775 703 viderint

2125 745 2304 800 quam
2335 735 2768 800 consequenter
2797 737 3174 788 accusatores
3206 735 3319 790 mei
3361 737 3642 791 eumdem
3674 751 3773 807 me,

2126 835 2298 890 quem
2335 821 2528 876 nimiae
2557 821 2898 876 calliditatis
2929 822 3303 890 insimulant,
3354 831 3476 880 tam
3541 826 3773 882 stultum

2126 913 2349 979 putent,
2385 915 2448 964 ut
2474 909 2614 964 mihi
2650 909 2802 964 male
2853 913 3146 978 conscius,
3201 912 3356 967 ultro
3401 916 3657 969 examini
3691 933 3772 971 me

2124 999 2457 1069 subjiciam.
2482 999 2790 1070 Nunquam
2817 1002 3072 1070 profecto
3094 1000 3433 1058 inevitabile
3460 1007 3770 1060 convictio-

2125 1089 2214 1142 nis
2248 1087 2576 1158 periculum
2611 1089 3007 1160 deposcerem,
3040 1089 3167 1145 alea
3192 1091 3408 1162 judicii
3446 1095 3760 1159 subeunda,

2123 1176 2235 1231 nisi
2270 1194 2396 1233 mea
2429 1193 2522 1232 me
2562 1182 2753 1232 tutum
2812 1178 3145 1235 innocentia
3184 1185 3488 1251 prestat-et
3519 1199 3533 1248 ;
3568 1184 3654 1236 sin
3689 1185 3762 1237 ita

2121 1270 2298 1332 esset,
2335 1283 2447 1320 non
2484 1283 2576 1321 me
2607 1265 2700 1321 hic
2734 1267 2938 1338 utique
2971 1269 3390 1341 videretisgjam
3409 1270 3568 1326 enim
3598 1272 3766 1327 alicu-

2122 1351 2179 1408 bi
2212 1360 2498 1410 terrarum
2534 1373 2806 1410 securum
2845 1357 3173 1428 perfugium
3207 1364 3446 1430 captare
3497 1377 3770 1432 occupas-

2121 1459 2262 1507 scm,
2298 1446 2466 1512 cujus
2499 1447 2578 1498 rei
2613 1446 2945 1500 facultatem
2983 1463 3256 1517 magnam
3313 1449 3500 1503 cuivis
3563 1450 3772 1520 prabet

2119 1530 2411 1588 latissime
2440 1538 2644 1604 patens
2676 1534 2834 1590 orbis
2874 1535 3133 1590 universi
3189 1538 3454 1591 vastitas.
3519 1539 3609 1592 Ab
3673 1539 3772 1594 hcc

2121 1620 2390 1692 ingressu
2421 1622 2775 1678 vaferrimus
2806 1623 3162 1694 Vestigator,
3196 1631 3434 1696 repente
3451 1641 3772 1682 conversus

2119 1710 2191 1762 ad
2217 1708 2468 1774 leonem,
2502 1710 2614 1765 Oro
2660 1711 2861 1781 igitur,
2911 1712 3013 1780 ait,
3064 1712 3449 1784 obsecroque,
3509 1715 3766 1778 domine,

361 1803 527 1857 tiaris
557 1806 687 1872 post
721 1800 1095 1871 Vestigatoris
1128 1817 1357 1872 pernam
1392 1798 1440 1853 ei
1475 1800 1628 1870 quod
1686 1802 1814 1869 post
1862 1797 2009 1852 tauri
2042 1830 2087 1895 Β
2119 1798 2338 1868 regiam
2361 1800 2720 1869 majestatem
2745 1803 2933 1866 tuam,
2959 1801 3254 1872 utinquiri
3281 1803 3566 1859 continuo
3594 1820 3772 1875 quam

365 1891 724 1962 supplicium
761 1905 820 1944 es
853 1906 1086 1961 passus,
1123 1905 1186 1943 ac
1210 1894 1347 1943 tunc
1381 1904 1614 1960 quoque
1636 1887 1768 1941 ﬁdei
1796 1891 2011 1940 temere

363 1979 574 2034 habitae
607 1979 724 2034 acri
759 1995 956 2033 morsu
997 1977 1367 2032 conscientiae
1413 1991 1613 2048 pmnas
1659 1976 1808 2030 luas.
1840 1978 2012 2030 Recte

358 2083 584 2137 mones,
609 2073 820 2131 mater,
849 2067 1044 2138 inquit
1070 2067 1179 2121 leo.
1207 2067 1352 2137 Ergo
1375 2066 1642 2136 quamvis
1664 2064 1768 2118 tibi
1791 2064 2007 2131 tribuo,

363 2158 448 2212 uti
481 2157 683 2224 debeo,
718 2155 1041 2226 plurimum
1078 2155 1232 2217 ﬁdei,
1293 2160 1489 2209 tamen
1550 2153 1851 2224 explorare
1910 2167 2011 2223 per

367 2263 456 2300 me
491 2245 788 2316 negotium
844 2245 1092 2307 decrevi,
1156 2259 1258 2297 nec
1291 2242 1658 2297 committere
1693 2242 1906 2296 iterum
1943 2243 2007 2295 ut

371 2338 681 2392 festinasse
715 2352 806 2389 me
839 2352 968 2389 sero
999 2334 1293 2406 poeniteat.

427 2465 493 2516 ll.
529 2463 631 2516 His
661 2461 749 2514 leo
781 2467 836 2514 et
868 2478 899 2513 a
958 2465 1144 2514 matre
1175 2460 1393 2525 auditis
1420 2464 1474 2512 et
1504 2459 1573 2514 ad
1630 2462 1878 2512 matrem
1921 2458 2005 2512 di-

351 2549 486 2613 ctis,
521 2566 661 2603 suos
688 2566 891 2602 omnes
924 2549 1284 2615 convocavit,
1317 2555 1368 2600 el
1401 2564 1534 2602 cum
1569 2547 1642 2600 iis
1677 2546 2004 2617 Vestigato-

350 2653 495 2691 rem.
531 2637 646 2705 Qui
670 2653 769 2706 pro
804 2654 906 2690 sua
936 2636 1109 2690 solita
1139 2636 1494 2690 conﬁdentia
1525 2635 1749 2689 leonem
1797 2634 2002 2689 videns

351 2725 810 2797 cogitabundum
836 2735 890 2778 et
921 2730 1128 2779 moesto
1159 2724 1433 2790 similem,
1461 2724 1612 2778 ultro
1637 2724 1703 2777 ad
1740 2728 2000 2778 astantes

353 2831 715 2870 conversus:
751 2813 896 2876 Quid
933 2830 1144 2878 causze,
1209 2812 1415 2882 inquit,
1462 2818 1551 2866 est
1609 2825 1715 2866 cur
1767 2811 1997 2867 leonem

351 2903 674 2958 sollicitum
705 2921 768 2957 ac
802 2903 1030 2957 tristem
1065 2919 1236 2956 cerno
1267 2901 1293 2955 ?
1323 2900 1426 2956 Cui
1463 2905 1646 2956 mater
1704 2900 1910 2966 leonis,
1943 2905 2000 2954 et

352 2993 481 3064 ipsa
515 3009 794 3064 praesens,
821 2992 1122 3064 respondit
1154 2992 1209 3046 in
1245 2991 1401 3045 hunc
1428 2992 1794 3045 moduszu
1819 3007 1998 3045 causa

351 3082 601 3137 tristitia:
633 3081 816 3136 leonis
848 3099 908 3136 es
945 3099 955 3136 :
991 3081 1145 3135 hunc
1178 3080 1332 3134 enim
1386 3079 1541 3134 dolet
1590 3081 1742 3150 quod
1783 3085 1834 3133 te
1888 3079 1996 3133 hac

555 3171 744 3225 vivere
772 3187 836 3224 ac
1079 3187 1244 3239 agere
1269 3170 1344 3224 sit
1368 3187 1600 3240 passus,
1626 3175 1697 3239 te,
1723 3169 1990 3240 inquam,
2020 3191 2065 3250 Γ
2108 3169 2397 3196 ιιυυῖαιιιι
2420 3169 2995 3198 ιυιιυυυιιιιωιυυυιυ
3015 3169 3377 3200 [tantatanta
3393 3169 3648 3200 lurlune
3665 3169 3759 3200 εξε-

355 3259 451 3289 nn;
485 3258 595 3289 an;
631 3259 936 3289 “mune..-
972 3276 1034 3289 ..η
1071 3257 1389 3289 "mmmam.
1441 3259 1682 3289 ἰηηηηιη
1749 3263 1808 3289 ..ι
1862 3262 1986 3289 ,ηπ
2045 3230 2063 3252 ¹
2105 3230 2245 3284 vitia
2264 3230 2554 3289 exercitis.
2586 3235 2791 3286 testem
2847 3232 3116 3288 invocare
3168 3233 3264 3287 Dei
3295 3239 3512 3288 cuncta
3547 3234 3759 3289 intime

353 3259 455 3330 qui
485 3258 598 3313 sibi
631 3259 938 3313 fraudibus
971 3276 1034 3313 ac
1071 3257 1391 3312 mendaciis
1440 3259 1704 3329 decepto,
1749 3263 1813 3312 ut
1862 3262 1991 3312 tau-

352 3365 482 3400 rum
512 3347 883 3401 innocentem
911 3347 1127 3415 injuste
1155 3347 1482 3416 perimeret,
1510 3345 1988 3416 persuaseris.Ad

349 3452 418 3490 ea
451 3436 696 3488 minime
729 3437 999 3488 turbatus
1031 3433 1380 3504 Vestigator,
1406 3434 1645 3504 Nempe,
1678 3435 1992 3504 inquit,hic

351 3541 479 3578 mos
514 3525 781 3578 aularum
813 3527 900 3577 est
941 3529 1004 3577 ut
1036 3525 1295 3594 ingratas
1324 3529 1473 3578 recte
1505 3525 1764 3577 actorum
1816 3524 1990 3591 vices,

347 3613 636 3684 supplicia
691 3631 793 3684 pro
857 3612 1152 3666 beneﬁciis
1214 3617 1547 3684 exspectare
1613 3612 1993 3668 verisimilius

347 3719 526 3773 quam
562 3701 822 3773 prwmia,
842 3701 939 3772 qui
965 3699 1690 3774 principibusinserviunt,
1718 3702 1987 3759 debeant.

342 3794 476 3856 Quae
503 3791 843 3860 justissima
874 3794 964 3844 est
989 3791 1201 3845 ascetis
1231 3791 1284 3844 in
1314 3789 1666 3846 solitudines
1699 3808 1728 3846 e
1754 3790 1988 3863 palatiis

343 3885 516 3950 atque
551 3880 795 3935 urbibus
840 3879 1149 3934 secedendi
1182 3896 1378 3949 causa,
1418 3897 1489 3934 ne
1541 3898 1654 3935 non
1707 3881 1986 3935 virtutem

339 3985 605 4024 exercere
639 3968 887 4041 possint,
915 3967 1014 4022 ubi
1046 3967 1095 4023 ei
1127 3977 1344 4023 certam
1372 3968 1709 4040 intelligunt
1757 3985 1987 4041 poenam

341 4074 469 4112 esse
500 4056 901 4112 constitutam.
961 4056 1077 4110 ista
1127 4074 1231 4128 ego
1280 4055 1402 4128 lege
1453 4057 1749 4127 periclitor
1794 4057 1990 4123 hodie,

341 4145 441 4214 qui
475 4145 630 4215 quod
667 4143 803 4198 ﬁdei
835 4144 1026 4198 ofﬁcio
1060 4145 1398 4213 instinctus,
1427 4145 1705 4201 benevole
1737 4145 1985 4201 iudicavi

338 4233 460 4303 regi
493 4239 728 4303 paratas
777 4252 809 4288 a
869 4238 1034 4289 tauro
1092 4233 1364 4298 insidias,
1400 4242 1452 4290 et
1513 4235 1983 4304 conjurationem

344 4337 498 4388 mox,
532 4321 590 4374 ni
624 4328 990 4392 praecaveret,
1025 4323 1082 4377 in
1117 4321 1304 4394 ipsius
1337 4341 1402 4378 ac
1453 4327 1616 4394 regni
1669 4326 1983 4395 perniciem

339 4413 703 4480 erupturam,
739 4428 892 4465 nunc
927 4413 1108 4466 miser
1139 4411 1197 4466 in
1227 4412 1626 4483 suspicionem
1658 4414 1981 4469 calumnia-

342 4515 474 4553 rum
501 4515 675 4554 vocor
709 4516 722 4552 :
756 4501 813 4555 iu
843 4517 958 4572 quo
982 4517 1113 4556 cum
1149 4499 1334 4555 multa
1394 4507 1534 4556 sunt
1588 4503 1824 4569 misera,
1858 4509 1982 4560 tum

340 4587 483 4642 illud
521 4589 815 4644 enimvero
836 4591 970 4659 jure
1025 4607 1152 4645 meo
1184 4591 1480 4661 deprecor,
1543 4606 1613 4645 ne
1647 4597 1865 4648 temere
1913 4595 1982 4649 de

337 4694 430 4732 me
459 4677 598 4732 talia
630 4679 956 4734 credantur.
985 4679 1330 4750 Exploretur
1361 4681 1525 4752 prius
1559 4697 1672 4749 res,
1713 4682 1983 4753 inquira-

333 4771 431 4822 tur
459 4766 772 4839 diligenter
803 4769 872 4824 de
913 4769 1166 4841 impacto
1201 4769 1345 4824 mihi
1371 4770 1649 4840 crimine;
1679 4788 1980 4844 nunquam

335 4863 456 4914 tam
490 4858 608 4914 alte
638 4859 779 4915 latet
802 4861 992 4915 scelus
1025 4860 1221 4916 animo
1255 4867 1605 4934 conceptum
1634 4863 1775 4934 quin
1799 4863 1985 4936 legiti-

341 4945 954 5019 misindagationibus
976 4947 1244 5003 eliciatur
1261 4949 1496 5004 tandem
1522 4965 1587 5004 ac
1611 4951 1986 5021 protrahatur

336 5037 392 5090 in
427 5035 641 5091 lucem:
678 5052 813 5091 nam
847 5041 902 5091 et
934 5036 1300 5106 penitissime
1352 5040 1666 5095 abstrusus
1711 5039 1768 5094 in
1820 5042 1982 5099 venis

337 5124 571 5180 silicum
605 5125 791 5198 perite
821 5128 1024 5179 attritu
1075 5125 1228 5195 ignis
1281 5128 1666 5199 exsculpitur,
1700 5134 1754 5184 et
1803 5147 1980 5201 quam

337 5230 508 5268 nemo
550 5213 956 5283 suspicaretur
1014 5213 1203 5268 inesse
1262 5217 1516 5285 putridis
1550 5216 1727 5287 lignis
1775 5221 1981 5276 artifex

337 5304 599 5358 ati‘rictus
633 5303 850 5357 excitat
883 5302 1207 5357 ﬂammam.
1261 5304 1514 5358 Omnino
1560 5307 1608 5360 si
1658 5307 1799 5375 quid
1848 5325 1982 5364 con-

333 5392 580 5446 scientia
613 5396 786 5462 turpe
819 5389 1147 5456 abscondit,
1183 5392 1358 5446 odore
1382 5408 1444 5446 se
1473 5392 1565 5446 sui
1594 5394 1982 5464 prodet,certa

333 5482 610 5536 methodo
643 5483 698 5535 in
745 5482 874 5550 ejus
917 5478 1314 5550 exploratione
1361 5481 1770 5539 versantibus:
1823 5487 1978 5544 haud

332 5569 499 5625 aliter
533 5586 598 5624 ac
631 5570 1030 5642 gruveolentes
1066 5573 1273 5625 natura
1305 5587 1411 5625 sua
1444 5571 1616 5641 feces,
1663 5573 1803 5629 dum
1855 5595 1982 5648 per-

329 5663 451 5715 stat
483 5660 768 5716 immotus
800 5660 893 5715 cui
953 5658 1212 5716 subsunt
1269 5658 1482 5731 liquor,
1516 5660 1748 5717 narium
1803 5671 1978 5730 etiam

2119 1887 2562 1943 accuratissime
2595 1889 2664 1942 de
2698 1903 2786 1942 me
2810 1889 3048 1958 jnbeas,
3105 1906 3209 1961 per
3244 1892 3512 1961 judicem
3567 1907 3774 1962 quam-

2113 1975 2258 2032 libet
2288 1991 2580 2042 severum,
2616 1978 2940 2032 dummodo
2964 1979 3164 2048 justus
3210 1980 3364 2035 idem
3423 1982 3772 2054 integerque

2115 2066 2209 2133 sit,
2243 2083 2349 2121 nec
2370 2067 2669 2122 veritatem
2705 2068 2862 2122 sinat
2893 2069 3061 2124 obrui
3097 2070 3460 2140 praejudiciis
3510 2073 3769 2140 invidiae,

2111 2174 2288 2229 quam
2325 2159 2465 2213 mihi
2503 2173 2777 2229 magnam
2811 2159 3077 2232 intelligo
3109 2161 3448 2226 conﬂatam,
3486 2179 3604 2218 non
3658 2163 3772 2218 ullo

2113 2261 2241 2300 meo
2273 2247 2585 2315 maleﬁcio,
2619 2248 2720 2300 sed
2755 2249 2987 2318 magnis
3019 2249 3135 2304 tuis
3167 2267 3308 2321 erga
3340 2265 3437 2306 me
3460 2251 3769 2307 beneﬁciis

2111 2353 2236 2407 qum
2271 2337 2508 2390 livorem
2531 2336 2904 2390 concitarunt
2929 2337 3294 2409 iniquorum.
3320 2341 3465 2406 Tua,
3495 2342 3767 2411 inquam,

2110 2430 2230 2494 tua,
2264 2425 2522 2489 domine,
2559 2426 2853 2496 praecipua
2888 2427 2943 2479 in
2972 2444 3059 2482 me
3089 2429 3276 2499 gratia
3304 2445 3506 2484 meum
3542 2432 3766 2485 crimen

2107 2519 2218 2568 est:
2249 2529 2364 2584 quo
2393 2518 2450 2568 te
2479 2519 2568 2568 est
2591 2514 2816 2585 aequius
2877 2516 3016 2570 dare
3046 2532 3308 2587 operam,
3369 2533 3442 2572 ne
3465 2519 3769 2589 pernicio-

2107 2619 2172 2658 sa
2206 2609 2305 2659 tua
2329 2619 2574 2659 munera
2611 2608 2914 2674 pu'entur,
2945 2611 3002 2660 et
3034 2621 3205 2676 quem
3243 2622 3446 2662 amore
3478 2609 3771 2680 dignatus

2109 2694 2289 2748 fueris
2339 2693 2634 2764 amplecti,
2686 2692 2945 2748 voluisse
2993 2697 3232 2765 perdere
3278 2697 3560 2751 videaris.
3615 2698 3765 2752 Nam

2106 2785 2155 2839 si
2182 2785 2334 2838 hanc
2366 2783 2759 2839 conditionem
2786 2785 2919 2838 ferri
2953 2786 3151 2840 virtuti
3179 2787 3352 2852 sinis,
3386 2805 3519 2857 quae
3573 2793 3767 2842 tutam

2106 2874 2249 2926 forte
2283 2870 2745 2926 benevolentiam
2781 2874 3189 2942 promeruerit,
3222 2879 3283 2928 ut
3305 2875 3490 2929 vitare
3511 2883 3769 2945 nequeat

2104 2961 2243 3032 quin
2278 2961 2525 3016 dedatur
2555 2961 2706 3016 odiis
2738 2961 3164 3035 improborum,
3199 2965 3499 3036 quodnam
3538 2971 3648 3020 aut
3669 2966 3765 3020 ubi

2103 3057 2392 3106 terrarum
2427 3049 2652 3122 asylum
2686 3052 2898 3107 deinde
2931 3052 3225 3125 reliquum
3270 3055 3348 3111 sit
3402 3056 3642 3110 afflictae
3703 3073 3764 3111 ac

2108 3141 2397 3196 laboranti
2418 3141 2839 3198 innocentia‘lU
2854 3160 2886 3196 n
2899 3160 2995 3197 um
3014 3149 3197 3200 restat
3209 3149 3377 3200 tanta
3393 3145 3648 3200 fortuna!
3665 3163 3760 3200 sae-

2101 3320 2490 3390 pervidentem
2550 3320 2810 3376 oculum.
2863 3321 3147 3392 Equidem
3189 3323 3391 3392 hujus,
3435 3322 3756 3393 puritatem

2102 3426 2240 3464 meae
2280 3409 2649 3464 conscientiae
2682 3411 2996 3475 cernentis,
3033 3411 3220 3467 fretus
3267 3413 3616 3484 incorrupto
3670 3418 3758 3467 te-

2099 3497 2650 3568 stimonic,mortem
2669 3500 2859 3570 ipsam
2875 3500 3251 3556 inimicorum
3268 3502 3446 3556 mihi!
3462 3504 3758 3559 raudibua

2098 3591 2364 3659 paratam
2399 3589 2586 3644 audeo
2608 3593 3001 3653 contemnere;
3036 3606 3142 3646 nec
3165 3592 3289 3662 jam
3343 3609 3557 3647 recuso
3610 3595 3756 3662 quin

2098 3677 2255 3748 quod
2309 3676 2630 3746 aliquando
2674 3679 3009 3734 necessitati
3051 3684 3271 3735 natura
3327 3681 3539 3744 debeo,
3593 3680 3760 3736 livori

2099 3764 2544 3835 praevalentium
2589 3767 3006 3822 sceleratorum
3064 3768 3366 3824 exsolvere
3417 3785 3706 3840 occupem
3742 3811 3754 3835 ,

2098 3859 2434 3909 extremum
2499 3855 2708 3922 fatum,
2743 3856 2964 3927 quippe
3017 3859 3117 3928 qui
3175 3859 3362 3913 vitam
3411 3858 3759 3929 impendere

2095 3946 2210 3996 tuae
2250 3941 2449 4013 gloriae
2504 3949 2680 4015 atque
2711 3944 2994 4016 obsequio
3028 3947 3148 4015 jam
3183 3952 3311 4001 tum
3370 3961 3441 4001 ex
3475 3963 3595 4018 quo
3626 3947 3759 4010 tibi,

2095 4040 2353 4106 domine,
2391 4042 2562 4096 ﬁdem
2600 4041 2796 4096 addixi
2829 4057 3043 4111 meam,
3094 4044 3373 4099 omnibus
3429 4045 3754 4100 momentis

2096 4136 2340 4201 paratus
2380 4131 2484 4186 fui.

2167 4257 2213 4312 Il
2229 4257 2438 4312 l.'l‘alia
2452 4274 2662 4329 magna
2681 4258 2894 4314 ﬁducia
2909 4260 3331 4331 Vestigatcrem
3351 4265 3751 4331 perorantem,

2093 4347 2475 4419 interpellans
2507 4365 2537 4403 e
2588 4348 2877 4404 militibus
2937 4350 3277 4405 astantibus
3329 4351 3580 4422 quidam
3620 4368 3632 4406 :
3675 4350 3758 4405 Ne

2096 4437 2266 4508 ﬁnge,
2302 4436 2648 4508 Vestigator,
2685 4437 2911 4508 inquit;
2947 4457 3060 4494 non
3092 4444 3147 4494 te
3197 4440 3266 4494 ad
3320 4439 3498 4495 istam
3553 4440 3754 4495 defen-

2020 4525 2270 4616 Ddendi
2333 4525 2766 4580 contentionem
2825 4527 3085 4581 studium
3163 4528 3318 4598 quod
3381 4527 3640 4582 simulas
3697 4529 3752 4580 in

2096 4614 2440 4686 principem,
2470 4615 2569 4670 sed
2623 4633 2764 4672 cura
2794 4617 3028 4688 tegendi
3061 4617 3145 4672 tui
3178 4617 3418 4673 sceleris
3482 4627 3543 4673 et
3577 4634 3756 4690 pcenas

2091 4720 2265 4775 quam
2297 4720 2358 4758 es
2419 4705 2662 4760 meritus
2704 4724 2738 4761 a
2790 4711 2891 4761 tuo
2943 4707 3133 4778 capite
3192 4706 3464 4762 arcenda:
3520 4705 3749 4762 incitat.

2093 4790 2285 4858 Salus,
2316 4793 2580 4864 inquam,
2613 4799 2718 4850 tua
2758 4796 3014 4867 propria,
3075 4813 3188 4852 non
3241 4795 3400 4851 zelus
3458 4795 3755 4868 obsequii,

2093 4885 2194 4936 aut
2226 4883 2546 4938 reverentia
2580 4885 2928 4955 majestatis,
2957 4891 3012 4941 te
3036 4885 3320 4942 disertum
3347 4885 3404 4940 in
3432 4886 3546 4941 hac
3578 4903 3757 4941 causa

2094 4969 2252 5026 facit.
2287 4970 2452 5027 Hunc
2479 4971 2873 5030 audacissimo
2908 4973 3093 5046 ﬁgens
3151 4977 3364 5030 obtutu
3393 4973 3752 5048 Vestigator,

2093 5059 2216 5114 Non
2253 5064 2308 5114 te
2357 5061 2560 5132 pudet,
2614 5062 2827 5134 inquit,
2879 5062 3231 5119 stultissime
3282 5063 3639 5131 viventium,
3689 5079 3754 5119 eo

2065 5149 2399 5204 'mortalem
2433 5149 2758 5218 criminari,
2792 5153 2948 5222 quod
2983 5158 3197 5208 natura
3254 5153 3542 5210 omnibus
3607 5153 3752 5209 lucis

2094 5253 2337 5292 usuram
2394 5238 2882 5311 participantibus
2941 5241 3068 5313 lege
3126 5242 3552 5313 antiquissima
3611 5260 3754 5316 prae-

2093 5326 2358 5397 scripsit?
2390 5331 2550 5383 Itane
2599 5334 2698 5384 tuo
2740 5329 2967 5402 judicio
3028 5330 3352 5388 sceleratus
3401 5351 3566 5399 sum,
3623 5331 3754 5404 quia

2094 5415 2367 5486 salutem,
2398 5432 2513 5487 quo
2548 5434 2787 5486 possum
2821 5418 3302 5490 prmsidio,tutari
3328 5437 3527 5476 meam
3552 5436 3745 5484 conor,

2093 5504 2245 5574 quod
2281 5504 2330 5558 si
2363 5521 2488 5576 quae
2521 5506 2914 5562 animantium
2949 5508 3007 5561 in
3054 5509 3242 5564 multo
3273 5510 3492 5565 minori
3545 5508 3745 5566 discri-

2095 5609 2252 5647 mine
2285 5610 2400 5648 non
2435 5594 2628 5665 faciat,
2662 5596 2940 5653 omnibus
2983 5599 3125 5652 orba
3186 5600 3486 5666 sensibus,
3521 5605 3579 5654 et
3638 5599 3744 5650 vita

2093 5679 2341 5752 indigna
2397 5684 2738 5741 censeatur?
2795 5685 2970 5758 Atqui
3024 5687 3110 5742 sic
3170 5683 3340 5754 habe,
3405 5699 3737 5743 mensuram
