4002 6202
273 337 417 394 1285

1289 338 1653 391 SPECIMEN
1694 334 2096 409 SAPIENTIE
2133 337 2465 390 INDORUM
2509 338 2667 391 VET.

3543 345 3686 398 12:6

272 460 637 520 fortitudinis
668 462 725 516 in
762 461 1081 517 amicorum
1126 464 1181 515 et
1239 458 1612 514 dominorum
1647 456 1921 530 periculis
1952 459 2004 523 Α
2036 459 2273 513 modum
2311 476 2322 513 :
2355 458 2517 514 Paris
2551 459 2749 531 flagitii
2784 462 3119 517 viderentur
3150 463 3231 518 rei
3265 465 3362 535 qui
3411 470 3686 538 mysteria

274 556 345 611 ab
378 554 576 625 aliquo
637 552 960 624 sperandaz,
993 568 1062 606 ex
1101 551 1367 620 ejusdem
1410 566 1523 620 pro
1577 565 1684 603 suo
1740 546 1929 618 ipsius

275 643 463 715 capite
495 640 817 698 certamine
849 640 1002 696 sumi
1036 641 1275 705 debere;
1312 655 1417 694 nec
1468 654 1672 708 regum
1724 652 1929 707 quem-

278 750 453 804 quam
540 736 898 802 exspectare,
959 729 1007 784 si
1067 728 1307 802 quidem
1381 728 1592 799 sapiat,
1684 724 1929 780 militem

278 822 541 894 quemvis
574 838 750 876 suum
776 822 832 875 in
867 820 1011 884 acie,
1047 836 1154 874 sua
1186 835 1363 873 causa
1388 818 1475 873 vel
1512 816 1768 888 publica,
1820 832 1930 887 pu-

280 912 525 984 gnacius
559 911 979 965 dimicaturum
1022 925 1198 980 quam
1257 908 1409 962 idem
1456 905 1641 960 soleat
1674 904 1730 959 in
1763 921 1929 959 occa-

282 1001 551 1057 sionibus
583 1000 797 1056 salutis
833 1000 1078 1070 propriae
1125 1015 1157 1052 a
1205 997 1442 1052 casibus
1494 995 1727 1050 infestis
1758 1010 1932 1065 expe-

282 1093 511 1147 diendas
533 1106 879 1162 repugnare.
904 1088 1216 1143 Tacuisses
1240 1103 1375 1158 ergo
1404 1082 1732 1140 consultius
1755 1100 1933 1155 quam

282 1184 397 1237 ista
418 1181 620 1236 insana
646 1178 999 1250 professione
1017 1182 1127 1231 tua:
1148 1181 1373 1232 contem
1387 1176 1665 1246 ptissimaa
1691 1173 1932 1239 inertiae,

282 1271 484 1343 palam
545 1270 691 1341 quod
730 1268 943 1333 fecisti,
1004 1266 1387 1331 declarasses,
1430 1269 1485 1319 te
1545 1281 1647 1319 nec
1709 1262 1937 1317 ﬁdelem

289 1361 626 1425 subditum,
662 1377 766 1415 nec
804 1360 1039 1413 ﬁrmum
1076 1356 1357 1425 amicum,
1410 1373 1514 1410 nec
1556 1355 1762 1410 fortem
1811 1370 1940 1407 esse

291 1452 561 1519 militem,
596 1450 861 1520 nihilque
894 1450 1128 1504 demum
1162 1446 1319 1502 aliud
1373 1462 1547 1517 quam
1583 1444 1936 1499 vilissimum

288 1539 652 1611 mancipium
685 1537 1063 1610 injustissimi
1097 1541 1273 1608 atque
1305 1533 1670 1608 ignavissimi
1718 1531 1938 1587 livoris.

290 1647 408 1701 quo
439 1630 629 1683 efferri
662 1633 715 1683 te
750 1626 1046 1683 levissime
1079 1628 1161 1682 sis
1194 1643 1405 1698 passus
1438 1627 1495 1679 in
1525 1624 1672 1678 hanc
1706 1621 1945 1694 probro-

293 1719 600 1775 sissimam
661 1723 772 1772 tua
833 1718 1020 1788 ipsius
1079 1714 1507 1771 confessionem
1538 1711 1875 1785 ignominiae
1929 1728 1940 1763 :

2041 564 2151 602 non
2189 548 2442 604 initiatis
2474 550 3021 622 vulgat,muliebres
3053 569 3246 607 mores
3276 555 3364 608 vir
3384 557 3684 626 atfectans,

2040 634 2460 693 muliervirum
2486 640 2789 707 simulans,
2830 640 3045 713 hospes
3068 660 3129 698 se
3153 661 3256 715 pro
3281 646 3519 699 domino
3556 647 3684 716 ejus

2040 726 2097 780 in
2131 744 2248 797 qua
2281 729 2539 798 precario
2562 730 2906 801 diversatur,
2932 732 3145 788 domus
3171 734 3358 789 ferens
3392 751 3403 789 :
3432 736 3685 806 denique

2041 816 2138 885 qui
2170 816 2288 887 regi
2321 817 2389 871 de
2424 816 2515 873 bis
2549 821 2860 892 respondet
2911 820 2979 874 de
3031 822 3245 893 quibus
3278 841 3389 878 non
3442 824 3686 880 interro-

2041 909 2231 974 gatur.
2269 904 2429 959 Talia
2459 907 2813 976 garrientem
2858 926 3093 964 rursum
3129 910 3510 983 interpellans
3536 915 3689 984 regis

2045 999 2275 1048 mater:
2310 996 2450 1065 Age,
2508 995 2718 1067 inquit,
2781 998 2871 1051 his
2930 997 3229 1055 tralatitiis
3264 1001 3407 1056 nihil
3442 1005 3513 1057 ad
3568 1020 3688 1058 rem

2046 1083 2397 1138 facientibus
2429 1086 2687 1151 omissis,
2722 1086 2814 1141 dic
2845 1088 3052 1159 ecquid
3088 1093 3333 1154 sentias,
3367 1092 3600 1162 quantis
3634 1101 3690 1148 te

2045 1171 2367 1228 sceleribus
2396 1172 2797 1246 inquinaveris
2819 1178 2844 1231 ?
2868 1178 2945 1231 Ad
2978 1196 3039 1233 ea
3102 1180 3429 1251 Vestigator
3453 1202 3465 1237 :
3488 1186 3593 1248 Qui
3628 1203 3689 1240 se

2047 1260 2176 1316 istis
2208 1280 2337 1333 quae
2360 1264 2445 1319 ais
2473 1264 2793 1321 sceleribus
2813 1267 3102 1338 inquinat,
3131 1270 3349 1325 nemini
3375 1272 3685 1330 benevolus

2048 1360 2127 1405 est
2167 1350 2383 1408 nullam
2418 1355 2774 1425 operationis
2808 1358 3060 1422 nefarias,
3118 1359 3187 1412 ad
3239 1376 3414 1430 quam
3467 1366 3689 1433 qumvis

2051 1439 2229 1495 libido
2291 1441 2609 1513 impulerit,
2645 1443 2834 1498 labem
2892 1450 3213 1501 aversatur.
3266 1448 3353 1502 Me
3415 1467 3510 1504 rex
3568 1452 3690 1523 ipse

2048 1530 2259 1584 fatetur
2290 1529 2400 1584 sibi
2432 1532 2778 1587 benevolum
2815 1533 2997 1589 fuisse
3051 1552 3063 1587 :
3108 1535 3454 1591 innocentiae
3497 1546 3691 1593 autem

2050 1636 2190 1673 mea:
2223 1624 2440 1674 craterae
2476 1624 2556 1675 tot
2587 1626 2766 1676 testes
2811 1621 3142 1679 habeantur
3200 1630 3343 1697 quot
3399 1634 3538 1682 sunt
3597 1629 3696 1700 qui

2052 1708 2195 1761 nihil
2218 1726 2308 1764 me
2329 1709 2847 1781 agereimprobum
2873 1712 3329 1770 viderunt.Nond
3346 1734 3436 1771 um
3460 1717 3576 1772 haec
3597 1720 3695 1774 al)-

294 1823 429 1892 post
457 1834 634 1888 quam
669 1815 906 1887 spoliari
942 1814 1219 1870 continuo
1242 1829 1540 1868 merueras
1571 1810 1704 1866 istis
1736 1810 1940 1877 armis,

2069 1797 2320 1866 solverat,
2342 1816 2473 1853 cum
2518 1798 2735 1871 regina,
2764 1802 2843 1857 Ne
2871 1819 3091 1872 speres,
3116 1804 3220 1871 ait,
3254 1804 3694 1877 scelestissime,

299 1908 429 1963 istis
462 1905 800 1978 insignibus
826 1903 1091 1959 muneris
1124 1902 1365 1974 publici,
1402 1906 1456 1956 et
1488 1902 1559 1955 ab
1610 1900 1745 1954 ostii
1798 1897 1943 1969 regii

295 1995 581 2063 custodia,
618 1994 715 2049 ubi
749 1994 943 2049 locum
975 1992 1233 2048 melioris
1266 1991 1547 2063 indignus
1581 2006 1855 2060 occupas,
1883 1992 1947 2042 ut

296 2085 545 2140 inﬁdum
576 2090 754 2156 atque
787 2082 1018 2137 imbelle
1043 2098 1219 2153 pecus
1268 2079 1443 2150 abigi.
1466 2078 1622 2134 lctus
1648 2078 1947 2147 inepinata

297 2172 753 2246 reprehensione
790 2170 978 2239 miles,
1010 2174 1349 2225 cunctorum
1379 2170 1503 2240 jam
1538 2166 1723 2222 oculis
1748 2166 1944 2238 ipsum

297 2264 637 2333 ﬁgentibus,
695 2261 904 2332 plenus
966 2260 1246 2314 dedecore
1306 2256 1546 2313 recessit
1574 2256 1947 2311 erubescens.

298 2353 542 2419 Quando
575 2350 926 2406 exsultantis
949 2366 1067 2404 suae
1100 2346 1475 2419 impudentiae
1508 2361 1783 2400 successu
1806 2344 1947 2399 Vcs-

300 2442 568 2512 tigatoris
598 2439 910 2497 retundere
964 2439 1380 2493 conﬁdentiam
1432 2436 1583 2507 regis
1636 2438 1822 2489 mater
1852 2450 1947 2488 vo-

300 2532 452 2597 lens,
487 2530 667 2585 Miror
696 2535 858 2583 tuam
918 2528 1129 2599 inquit,
1164 2545 1195 2582 o
1228 2527 1582 2597 Vestigator,
1643 2524 1947 2579 effrontem

301 2619 632 2688 audaciam,
680 2636 796 2689 qua
855 2622 1012 2672 totus
1072 2616 1362 2671 conﬂatus
1421 2631 1489 2668 ex
1547 2612 1784 2677 scelere,
1835 2628 1949 2665 non

302 2710 541 2765 dubitas
564 2708 699 2763 huic
718 2706 1156 2779 sapientissimo
1180 2704 1509 2772 consessui,
1536 2709 1588 2758 te
1614 2720 1714 2773 pro
1734 2699 1949 2755 insonti

302 2798 689 2863 vanditando,
724 2798 922 2852 fucum
958 2794 1469 2867 impudentissime
1512 2794 1697 2847 facere
1728 2788 1949 2845 conari.

304 2898 387 2953 Ne
419 2898 529 2954 hoc
560 2897 796 2967 quidem
852 2900 971 2950 tam
1031 2911 1175 2949 acrae
1222 2898 1390 2948 tanta:
1424 2908 1683 2963 persona:
1728 2890 1951 2943 dictum

304 2985 680 3043 conturbavit
708 2990 984 3056 argutum
1028 2982 1405 3050 nebulonem,
1456 2986 1519 3035 ut
1576 2997 1691 3034 non
1750 2977 1951 3032 statim

306 3076 597 3149 intrepide
632 3078 981 3146 reponeret:
1019 3071 1208 3126 Altero
1263 3072 1563 3140 nimirum,
1614 3086 1645 3123 0
1692 3065 1952 3132 domina,

311 3183 403 3221 me
481 3164 802 3219 etiamnum
877 3162 1124 3217 intueris
1184 3158 1372 3230 oculo,
1433 3159 1531 3229 qui
1592 3155 1957 3212 calumniosa

310 3255 654 3327 praejudicia
684 3253 1012 3325 grassantis
1047 3252 1104 3305 in
1138 3255 1404 3305 nostrum
1431 3247 1668 3303 exitium
1701 3245 1957 3312 invidiae,

311 3342 622 3413 caliginem
649 3342 1006 3398 effuderunt.
1028 3343 1109 3396 Tu
1138 3355 1270 3395 vero
1293 3338 1445 3403 vide,
1478 3355 1549 3391 an
1575 3353 1690 3391 non
1715 3335 1960 3406 dignum

313 3434 513 3506 potius
546 3430 723 3487 fuerit
753 3432 866 3486 ista
894 3430 1080 3484 aetatis
1132 3432 1187 3482 et
1237 3426 1561 3482 nobilitatis
1593 3425 1961 3480 auctoritate.

319 3530 775 3605 periclitantium
855 3529 1051 3585 causis
1128 3531 1309 3581 totam
1369 3534 1424 3581 et
1482 3525 1729 3579 liberam
1788 3539 1964 3593 (equae

317 3622 537 3676 mentis
560 3620 742 3675 aciem
768 3620 1086 3686 advertere,
1126 3613 1695 3687 circumspicerequc
1730 3627 1965 3666 omnem

320 3712 383 3765 in
418 3714 639 3784 partem
673 3714 908 3777 cuncta,
940 3724 1005 3761 ac
1033 3705 1261 3760 nullum
1314 3701 1627 3772 vestigium
1674 3698 1968 3771 negligere

319 3801 666 3870 indagandae
724 3795 989 3851 veritatis
1038 3810 1055 3848 ι
1100 3793 1204 3859 rei,
1274 3790 1417 3846 heul
1470 3788 1643 3845 hodie
1701 3788 1968 3844 omnium

312 3887 701 3952 exosissimaa,
733 3901 911 3958 quam
946 3887 1010 3939 ut
1039 3883 1298 3954 impune,
1334 3880 1416 3935 sic
1468 3878 1710 3950 passim,
1765 3892 1968 3932 omnes

312 3981 680 4042 aversantur,
706 3991 913 4030 omnes
945 3973 1129 4028 libere
1151 3974 1515 4042 oppugnant;
1535 3966 1794 4039 rege,qui
1814 3982 1969 4019 unus

312 4071 516 4139 posset
541 4060 1371 4128 obsistere,connivente,dum
1400 4075 1515 4130 pra:
1558 4056 1740 4111 nimia
1776 4053 1968 4109 facili-

309 4161 435 4209 tate
465 4172 529 4209 ac
564 4150 947 4223 benignitatis
980 4150 1344 4205 ostentandae
1376 4147 1599 4212 studio,
1645 4143 1874 4200 nullum
1912 4146 1969 4199 in

314 4243 540 4298 malum
575 4258 823 4314 pronum
858 4238 1274 4295 comminando
1306 4238 1620 4300 deterrere,
1675 4234 1970 4289 neminem

312 4337 685 4403 compertum
701 4329 945 4401 neglecti
966 4327 1139 4383 ofﬁcii
1156 4326 1447 4398 castigare
1465 4325 1829 4396 objurgando
1846 4340 1975 4377 sus-

306 4426 482 4478 tinet.
500 4425 618 4475 Hac
639 4417 1028 4490 Vcstigatoris
1051 4417 1322 4471 libertate
1347 4416 1575 4469 irritata
1598 4413 1880 4482 majorem
1912 4411 1972 4464 in

312 4513 559 4566 modum
583 4509 737 4581 regis
764 4512 971 4563 mater.
1015 4506 1242 4571 Videte,
1285 4504 1499 4575 inquit,
1532 4503 1639 4557 hoc
1670 4498 1967 4572 nequissi-

301 4566 1967 4667 mumetscalhratissimumcaput,utomniumflagi-torum
2002 4566 2048 4629 D
2088 4566 2806 4677 ᾗθξῇβηάξίηνέξίξέξίορ

311 4690 685 4747 deformatus
708 4688 957 4742 maculis
990 4691 1045 4741 et
1076 4683 1563 4757 gravissimorum
1588 4686 1819 4736 tantum
1856 4697 1967 4734 non

305 4789 614 4846 convictus
649 4786 994 4851 criminum,
1026 4791 1219 4839 tamen
1283 4783 1459 4837 audet
1507 4781 1679 4836 istam
1730 4780 1971 4835 menda-

320 4882 552 4935 ciorum
585 4877 871 4932 artiﬁcem
904 4874 1175 4946 linguam
1234 4887 1519 4940 exserere,
1576 4886 1682 4925 nec
1740 4869 1974 4925 dubitat

309 4972 806 5038 argumentorum
841 4965 1134 5031 inanium,
1159 4968 1261 5016 aut
1294 4961 1489 5032 potius
1538 4958 1972 5030 sophismatum

309 5049 1266 5125 vanissimorum,captiosissimis
1294 5048 1521 5119 laqueis
1553 5047 1855 5119 implicare
1877 5064 1976 5103 co-

312 5146 447 5202 nari
478 5145 807 5211 veritatem,
836 5161 901 5199 eo
938 5158 1147 5212 usque,
1184 5146 1249 5194 ut
1280 5155 1411 5194 cum
1448 5137 1667 5208 injuria
1690 5136 1972 5192 intolera-

313 5234 419 5291 bili
454 5239 537 5288 tot
568 5233 899 5305 sapientum
930 5231 1019 5285 hic
1044 5227 1515 5302 praesentium,se
1538 5224 1632 5281 his
1656 5225 1973 5297 praestigiis

312 5328 515 5397 speret
542 5340 606 5377 os
638 5320 934 5377 sublinere
991 5318 1269 5375 omnibus
1327 5332 1519 5388 posse.
1576 5315 1702 5370 Non
1748 5314 1975 5370 inultus

308 5414 467 5467 hanc
497 5416 619 5466 tam
653 5426 916 5465 amaram
969 5408 1430 5480 increpationem
1483 5403 1702 5458 ardelio
1750 5403 1969 5474 impro~

312 5502 606 5557 bissimus
637 5499 878 5555 audivit.
911 5498 1017 5553 Per
1047 5498 1323 5567 ambages
1347 5493 1503 5549 enim
1527 5492 1810 5563 quasdam
1831 5492 1978 5547 obli-

326 5609 441 5665 que
490 5590 899 5663 perstringens
939 5587 1223 5657 reginam,
1260 5582 1635 5657 generalibus
1667 5582 1979 5637 sententiis

311 5678 752 5749 declamandis,
813 5676 1126 5733 audientiae
1202 5673 1391 5728 illusit
1446 5670 1505 5725 in
1560 5670 1718 5725 hunc
1794 5672 1979 5731 ferme

2054 1893 2110 1942 te
2142 1888 2249 1943 hac
2281 1889 2645 1960 impudentia
2678 1891 3144 1947 mendacissimee
3190 1893 3548 1950 defensionis
3579 1897 3697 1950 veri

2047 1976 2255 2047 judicii
2285 1978 2649 2033 severitatem
2684 1980 3005 2035 elusurum.
3032 1983 3112 2035 Ad
3152 1982 3259 2037 hoc
3282 1984 3455 2039 solita
3484 1986 3697 2057 lingua:

2056 2068 2522 2139 promptitudine
2599 2068 2858 2140 reposuit
2936 2069 3285 2141 Vestigator,
3367 2074 3473 2138 Qui
3551 2074 3700 2131 falsa

2058 2156 2607 2222 comminiscuntur,
2660 2159 2756 2229 qui
2812 2159 3059 2215 scientes
3118 2164 3187 2216 ab
3248 2179 3412 2233 teque
3471 2170 3527 2220 et
3566 2168 3700 2235 jure

2059 2246 2377 2314 declinant,
2439 2246 2656 2318 quibus
2732 2249 2799 2302 ad
2891 2250 3263 2320 purgandum
3327 2252 3698 2311 innocentem

2060 2336 2315 2407 impacto
2367 2353 2467 2406 per
2522 2335 2879 2391 calumniam
2942 2340 3189 2395 crimine
3240 2358 3343 2397 nec
3389 2345 3565 2399 verba
3599 2363 3702 2400 nec

2061 2443 2231 2496 opera
2274 2425 2598 2493 sufﬁciunt,
2625 2428 2779 2496 paris
2811 2444 3016 2483 omnes
3070 2429 3375 2499 injustitire
3406 2437 3702 2503 tenentur,

2062 2515 2218 2570 Inter
2249 2514 2367 2567 haec
2404 2515 2659 2585 prudens
2694 2514 2893 2587 regina
2925 2516 3094 2572 silere
3124 2519 3350 2575 leonem
3373 2522 3597 2589 videns,
3648 2534 3707 2579 et

2065 2605 2275 2657 merito
2307 2603 2486 2657 verita
2509 2622 2579 2658 ne
2613 2622 2712 2675 per
2746 2605 2923 2659 frictae
2955 2608 3159 2663 frontis
3183 2613 3487 2679 prmsenlis
3519 2614 3701 2669 animi

2064 2693 2326 2748 etmultze
2342 2692 2566 2747 astutia:
2592 2694 2801 2749 nebulo
2825 2696 3024 2751 fucum
3050 2697 3131 2751 illi
3160 2698 3393 2771 faceret,
3426 2705 3709 2758 accedens

2067 2782 2184 2837 ﬁlio
2220 2782 2274 2835 in
2310 2800 2507 2837 aurem
2546 2788 2809 2839 materna
2853 2786 3202 2843 auctoritate
3233 2794 3553 2862 suggessit,
3588 2794 3707 2849 ﬁeri

2068 2888 2238 2942 posse
2272 2872 2458 2941 utqui
2492 2876 2603 2925 tam
2632 2878 2967 2927 constanter
2997 2893 3191 2931 coram
3221 2894 3350 2949 rege
3384 2897 3448 2933 ac
3501 2890 3707 2936 senatu

2070 2978 2171 3033 pro
2205 2977 2265 3014 se
2297 2960 2485 3014 dicere
2518 2961 2778 3030 auderet,
2814 2980 3009 3018 revera
3034 2966 3333 3034 innocens,
3355 2974 3507 3024 esset
3530 2988 3711 3041 quare

2068 3049 2249 3103 videri
2299 3050 2650 3104 sumendum
2701 3052 2957 3120 spatium
2993 3055 3399 3111 examinandis
3445 3061 3710 3115 testimo-

2070 3138 2201 3193 niis.
2241 3139 2317 3193 Eo
2351 3156 2444 3192 rex
2475 3138 2672 3193 audito
2706 3140 2893 3209 palam
2930 3145 3347 3213 pronuntiavit,
3392 3149 3602 3216 jubere
3651 3168 3714 3206 se

2074 3228 2133 3282 in
2186 3228 2496 3299 praesentia
2544 3228 2967 3300 Vestigatorem
3001 3233 3282 3289 custodia
3331 3238 3497 3304 tradi,
3534 3240 3716 3294 donec

2075 3323 2340 3373 accurate
2367 3322 2489 3373 tota
2518 3336 2696 3373 causa
2726 3326 3131 3389 cognoscatur.
3166 3325 3435 3395 Conjecto
3471 3344 3601 3381 mox
3624 3346 3717 3383 reo

2074 3407 2133 3461 in
2168 3424 2481 3475 carcerem,
2516 3409 2661 3463 adiit
2710 3409 2933 3465 leonem
2996 3421 3198 3481 mater,
3243 3420 3300 3467 et
3358 3415 3406 3469 ei
3450 3418 3719 3472 confessa

2077 3502 2165 3553 est
2195 3516 2257 3552 se
2289 3516 2415 3570 quae
2448 3500 2519 3552 de
2554 3499 2916 3569 Vestigatore
2965 3502 3278 3569 detulerat,
3323 3521 3390 3559 ex
3448 3504 3722 3577 leoparde

2077 3592 2225 3641 teste
2257 3587 2448 3642 aurito
2481 3588 2856 3658 cognovisse;
2912 3591 3084 3660 hujus
3138 3593 3397 3661 probitas
3430 3611 3603 3665 quam
3641 3595 3722 3649 illi

2078 3679 2234 3730 esset
2262 3681 2564 3747 perspecta
2596 3676 2745 3732 scire
2768 3694 2917 3743 sese,
2953 3696 3121 3748 posse
3146 3681 3308 3735 illum
3352 3682 3723 3753 interrogari,

2079 3774 2287 3818 cuncta
2342 3764 2675 3819 distinctius
2711 3765 3128 3821 indicaturum.
3157 3769 3239 3822 Ad
3269 3785 3336 3824 ea
3367 3769 3476 3834 leo,
3510 3772 3725 3826 Secura

2081 3851 2185 3921 sis,
2220 3857 2425 3919 mater,
2462 3852 2572 3919 ait;
2609 3853 2720 3907 cito
2772 3854 2998 3911 videbis
3050 3856 3253 3926 judice
3280 3874 3372 3912 me
3405 3875 3518 3912 non
3566 3860 3724 3914 abire

2080 3941 2370 4011 impunita
2403 3942 2641 3997 scelera.

2156 4068 2245 4125 IV.
2280 4067 2456 4121 Nocte
2490 4067 2752 4122 insecuta
2782 4068 3055 4125 convenit
3088 4071 3509 4142 Vestigatorem
3552 4072 3722 4127 Coro-

2084 4164 2280 4226 natus,
2313 4161 2367 4211 et
2395 4156 2652 4212 vinctum
2688 4175 2817 4213 eum
2842 4175 3107 4223 cernens,
3131 4176 3243 4214 non
3270 4160 3395 4214 sine
3427 4159 3724 4232 lacrymis,

2084 4247 2411 4301 Evenerant
2448 4264 2656 4319 nempe
2720 4248 2931 4319 inquit,
2981 4265 3105 4319 quae
3166 4249 3269 4303 tibi
3329 4250 3727 4320 praedixeram.

2083 4337 2167 4390 Tu
2200 4342 2420 4404 autem,
2453 4353 2604 4393 caeco
2646 4341 2727 4392 tui
2760 4355 2957 4393 amore
3012 4356 3077 4394 ac
3128 4339 3484 4409 prmﬁdentia
3514 4339 3727 4407 elatus,

2085 4426 2504 4482 contemnebas
2537 4444 2681 4482 sana
2715 4428 2953 4493 monita,
2985 4433 3044 4484 et
3072 4428 3569 4494 denuntiationes,
3603 4447 3729 4499 quae

2085 4530 2264 4583 quam
2325 4532 2469 4569 vera:
2522 4516 2738 4571 fuerint
2812 4534 2937 4572 sero
2997 4517 3249 4588 denique
3309 4536 3463 4573 nunc
3521 4520 3729 4574 sentis.

2864 4625 2876 4661 :
2936 4607 3084 4661 Vera
3167 4609 3508 4678 exprobras,
3584 4609 3732 4665 nihil

2088 4693 2195 4748 tibi
2258 4694 2551 4762 relictum,
2609 4712 2640 4749 ο
2695 4695 2901 4765 amice,
2961 4702 3095 4754 est:
3170 4698 3531 4753 admonuisti
3616 4700 3736 4753 uti-

2088 4781 2167 4837 lia
2228 4781 2639 4838 interminatus
2696 4800 2759 4838 es
2816 4801 2971 4839 vera.
3023 4785 3139 4856 Ego
3198 4790 3395 4841 autem
3457 4805 3573 4842 non
3633 4789 3739 4843 ob-

2091 4872 2408 4942 temperavi
2469 4872 2594 4939 tibi,
2655 4871 3025 4945 inexplebilis
3097 4876 3432 4946 cupiditatis
3510 4878 3741 4931 insania

2095 4962 2273 5016 miser
2301 4961 2691 5018 dementatus.
2744 4966 2963 5019 Passus
2996 4964 3152 5019 enim
3186 4982 3359 5020 suum
3393 4967 3548 5021 idem
3582 4968 3736 5035 quod

2087 5050 2549 5120 intemperantes
2603 5052 2762 5123 aegri,
2825 5053 2925 5123 qui
2987 5053 3122 5109 licet
3163 5054 3406 5126 experti,
3439 5055 3599 5127 gravi
3633 5072 3738 5107 suo

2088 5141 2329 5210 damno,
2362 5140 2476 5195 vim
2510 5140 2837 5197 maleﬁcam
2872 5143 3191 5199 insalubris
3222 5143 3333 5197 cibi
3388 5148 3579 5198 tamen
3613 5144 3739 5210 ejus

2093 5225 2583 5285 malesuadavicti
2616 5230 2948 5299 dulcedine,
2993 5248 3104 5288 non
3140 5248 3200 5287 se
3226 5232 3527 5286 continent
3575 5230 3643 5282 ab
3674 5244 3739 5281 eo

2092 5320 2474 5390 regustando.
2564 5319 2654 5375 Me
2712 5339 2843 5377 vero
2898 5338 3055 5376 nunc
3113 5321 3171 5376 in
3236 5320 3345 5376 has
3430 5316 3738 5389 angustias

2092 5406 2397 5463 redactum
2458 5426 2573 5464 non
2634 5426 2763 5465 mea
2821 5410 3035 5475 solum,
3123 5425 3299 5480 quam
3363 5407 3535 5478 culpa
3596 5404 3741 5458 mihi

2088 5498 2367 5554 accersivi
2427 5498 2688 5571 propria,
2746 5499 3049 5554 calamitas
3109 5498 3286 5568 angit,
3357 5497 3454 5552 sed
3548 5500 3744 5550 metus

2092 5592 2373 5659 praeterea
2434 5587 2747 5642 conturbat
2777 5588 2846 5641 de
2889 5592 2941 5640 te
2986 5602 3056 5640 ne
3095 5584 3380 5640 innocens
3437 5582 3747 5640 involwiris

2095 5693 2226 5734 meo
2287 5675 2554 5732 crimine.
2621 5673 2871 5731 Pronum
2937 5673 3094 5727 enim
3155 5673 3308 5727 factu
3369 5676 3477 5743 est,
3521 5677 3758 5745 propter
