3984 6202
404 313 541 366 1287

1894 281 2272 337 APPENDIX.

3603 276 3705 333 1283

408 443 603 496 notam
635 435 787 487 inter
820 444 922 482 nos
969 421 1312 489 amicitiam,
1355 422 1420 472 ut
1471 415 1569 486 qui
1626 429 1716 466 me
1748 409 2043 481 perditum
2074 412 2128 477 Α
2158 403 2531 459 excruciatur
2553 400 2682 471 ejus
2705 401 2960 467 animus,
2987 416 3093 452 nec
3113 398 3317 470 quietis
3345 415 3522 470 capere
3543 410 3710 472 partem

407 527 673 598 cupiunt,
707 537 773 574 ex
823 521 878 572 te
924 530 1119 571 rerum
1151 511 1415 566 omnium
1466 503 1704 559 conscio
1760 514 2049 565 mearum,

407 585 810 670 testimonium
880 606 1165 660 conentur
1225 603 1589 668 extorquere,
1651 607 1717 646 ac
1775 594 1878 643 tua
1940 585 2055 639 fide

408 699 709 773 cupiditati
745 712 947 752 eorum
979 709 1095 749 non
1143 691 1525 760 obsequente,
1571 689 1690 738 tam
1723 679 1866 734 diris
1901 694 1966 732 ex
2000 680 2056 730 te

409 770 830 862 quaestionibus
889 785 1041 856 quod
1104 799 1195 836 me
1261 780 1462 850 gravet
1533 771 1790 836 eliciant,
1852 771 1913 820 ut
1993 770 2054 862 tu

411 876 772 935 cruciatibus
837 874 1262 928 tormentorum
1323 867 1586 927 enectus,
1655 874 1761 929 ego
1820 851 2057 909 indiciis

412 965 703 1039 expressis
776 959 1098 1034 quaestione
1183 954 1504 1020 convictus,
1593 946 1809 1019 pariter
1887 942 2057 997 ambo

415 1033 744 1128 pereamus.
798 1033 1132 1121 Respondit
1187 1044 1512 1099 Coronatus
1549 1055 1560 1091 :
1595 1040 1709 1091 Hoc
1758 1034 1953 1105 ipsum
2005 1033 2061 1083 et

413 1163 518 1216 ego
575 1141 799 1215 providi
855 1140 1140 1202 futurum,
1173 1139 1230 1189 et
1292 1137 1489 1186 metuo
1523 1144 1637 1182 non
1676 1123 1866 1194 magis
1915 1119 2059 1174 mihi

415 1251 592 1306 quam
622 1231 744 1286 libi.
777 1229 835 1284 Si
879 1227 1036 1283 enim
1094 1224 1280 1279 alieno
1339 1215 1678 1275 testimonio
1737 1211 2059 1277 convictus,

416 1329 730 1379 contumax
763 1324 819 1375 et
847 1316 1223 1389 imposnitens
1273 1315 1458 1366 morte
1508 1304 1807 1372 afficiaris,
1841 1301 1955 1356 scis
2007 1303 2062 1352 te

417 1415 486 1469 ad
520 1412 708 1466 dirius
769 1408 926 1462 aliud
986 1404 1138 1460 trahi
1197 1399 1478 1467 tribunal,
1508 1415 1540 1451 a
1571 1412 1686 1466 quo
1731 1390 2064 1460 inexpiatus

423 1501 843 1573 deprehensus,
894 1491 1271 1565 sempiternis
1350 1485 1639 1543 addiceris
1718 1478 2062 1551 suppliciis;

419 1609 544 1662 quas
603 1605 736 1643 cum
790 1588 1152 1640 commutare
1209 1577 1487 1634 brevibus
1544 1573 1722 1643 hujus
1757 1566 2062 1639 temporis,

419 1653 606 1751 pmnis
637 1677 791 1731 ultro
824 1670 1135 1729 subeuntis
1167 1667 1358 1724 adhuc
1411 1662 1626 1735 possis,
1677 1674 1926 1730 suggero
1959 1653 2063 1708 tibi

2160 493 2343 548 ullam
2367 493 2540 559 valet,
2562 491 2752 561 quoad
2777 487 3275 544 ealumniatiorem
3295 489 3712 563 scelestissimum,

2162 583 2331 651 cujus
2363 581 2591 636 artibus
2619 578 2859 635 nefariis
2910 577 2968 632 in
3013 595 3140 633 eam
3175 578 3420 632 fraudem
3454 579 3716 650 implicatus

2163 677 2272 736 est,
2301 668 2484 740 poenis
2509 669 2736 724 meritis
2786 666 3123 736 subjecerit.
3144 669 3324 732 Quare
3345 668 3498 738 agite,
3524 672 3715 727 conferte

2165 761 2222 813 in
2275 759 2385 814 hoc
2431 775 2669 831 operam
2705 762 2764 812 et
2793 756 3124 828 reipublicm
3168 761 3223 811 et
3269 758 3400 827 regi,
3432 767 3489 810 ut
3515 759 3596 812 rite
3622 777 3716 815 reus

2168 849 2362 920 peragi
2396 846 2922 917 legitimojudicio,
2955 850 3236 899 veterator
3271 845 3615 916 nequissimus
3639 849 3715 905 iste

2167 938 2499 1010 Vcstigator
2523 937 2730 1009 possit.
2751 937 3035 1005 Pernegat
3057 935 3210 989 enim
3233 936 3432 988 factum
3447 952 3540 989 non
3562 938 3714 992 minori

2171 1027 2489 1092 pervicacia
2512 1043 2688 1097 quam
2737 1030 2960 1095 quanta
2976 1025 3104 1094 ejus
3130 1023 3307 1076 fuitin
3327 1040 3386 1076 eo
3419 1029 3715 1094 perpetrando

2170 1116 2432 1187 perfidia.
2467 1116 2575 1169 Sed
2608 1113 2975 1186 impudentia
3009 1112 3312 1166 nebulonis
3362 1112 3558 1182 perditi,
3595 1116 3715 1168 testi-

2175 1205 2385 1260 moniis
2415 1205 2683 1260 convicta
2725 1203 3115 1269 consciorum,
3159 1201 3395 1254 illudere
3418 1201 3596 1256 diutius
3620 1204 3715 1256 fidei

2171 1295 2411 1366 publicae
2444 1292 2869 1365 prohibebitur.
2923 1296 3155 1345 Promat
3187 1291 3351 1344 modo
3398 1290 3553 1345 libere
3588 1309 3718 1345 unus-

2171 1384 2415 1455 quisque
2470 1386 2728 1436 vestrum
2786 1381 2941 1451 quod
2993 1381 3063 1434 de
3111 1379 3210 1434 illo
3231 1380 3400 1444 novit,
3433 1381 3723 1449 respondebit

2172 1491 2274 1544 pro
2306 1490 2367 1528 se
2405 1488 2538 1528 reus
2594 1487 2849 1542 praesens
2902 1470 3055 1540 quod
3088 1469 3389 1523 videbitur.
3435 1469 3722 1537 Qumsilores,

2173 1563 2398 1617 cunctis
2433 1561 2707 1631 utrinque
2743 1559 2984 1624 auditis,
3017 1558 3479 1623 arbitrabuntur;
3510 1557 3579 1610 sic
3604 1559 3720 1626 judi-

2175 1652 2330 1708 cium
2357 1651 2464 1705 rite
2487 1654 2661 1720 atque
2683 1649 2904 1717 ordine,
2931 1650 3082 1719 quod
3109 1664 3209 1701 rex
3230 1647 3547 1701 nominatim
3575 1649 3724 1715 jussit,

419 1770 526 1823 hoc
555 1766 828 1821 ultimum
886 1765 943 1816 et
998 1776 1101 1831 pro
1151 1761 1306 1812 statu
1371 1769 1565 1808 rerum
1616 1758 1849 1804 tuarum
1897 1744 2063 1798 unice
2098 1762 2142 1825 Β
2175 1747 2558 1804 exercebitur.
2619 1745 2900 1817 Leopardi
2957 1745 3279 1800 orationem
3335 1743 3533 1813 excepit
3569 1744 3726 1796 arbiter

420 1857 561 1911 utile
583 1851 923 1920 consilium,
943 1853 1007 1902 ut
1023 1851 1231 1918 sponte
1255 1839 1586 1899 confitearis
1609 1855 1736 1910 quae
1762 1833 2012 1907 peccasti
2041 1850 2058 1902 ;

431 1961 498 2000 ac
544 1943 616 2010 si,
677 1941 828 2012 quod
893 1952 1130 2010 sperare
1188 1934 1324 1989 licet
1378 1948 1410 1986 e
1467 1929 1621 2001 regis
1680 1923 2058 1996 benignitate,

421 2032 671 2106 gratiam
707 2027 982 2100 supplicii
1023 2021 1403 2087 nanciscaris,
1440 2019 1615 2074 vitam
1669 2016 2060 2070 condonatam

420 2100 580 2178 lucro
643 2119 935 2190 imputes;
995 2115 1086 2170 sin
1138 2112 1264 2184 lege
1322 2111 1380 2164 in
1444 2114 1499 2163 te
1557 2110 1783 2178 agetur,
1836 2100 2062 2174 piaculo

419 2209 747 2267 voluntarie
799 2209 1073 2276 suscepto
1108 2217 1288 2274 poenae
1345 2195 1709 2268 temporariae
1760 2194 2063 2263 purgatus,

421 2306 772 2356 mternorum
805 2295 958 2367 apud
1018 2308 1222 2347 manes
1274 2288 1643 2344 cruciatuum
1678 2280 1934 2355 periculo
1967 2280 2064 2334 de-

423 2387 709 2461 fungaris.
745 2386 874 2440 Haec
894 2382 1225 2453 Vestigator
1254 2377 1521 2440 audiens,
1565 2378 1622 2429 et
1668 2371 1839 2427 solita
1871 2387 1932 2424 se
1961 2369 2068 2423 ob-

425 2479 666 2533 firmans
698 2476 975 2530 adversus
1008 2487 1149 2526 sana
1177 2466 1399 2522 monita
1439 2462 1674 2531 duritie,
1721 2456 2025 2530 respondit
2055 2471 2068 2512 :

427 2565 699 2621 Nondum
733 2563 812 2616 ita
843 2561 1153 2632 desperata
1203 2571 1332 2610 mea
1359 2569 1538 2609 causa
1568 2554 1678 2613 est,
1707 2553 1773 2602 ut
1804 2547 1874 2601 ad
1912 2543 2069 2598 istud

428 2657 755 2710 extremum
782 2647 1256 2705 descendendum
1285 2637 1761 2697 mihiconsilium
1780 2633 2068 2706 judicem.

425 2738 702 2813 Experiar
755 2737 918 2808 prius
971 2733 1236 2806 quaedam
1297 2729 1430 2794 alia,
1496 2739 1808 2794 morasque
1856 2720 2073 2790 quibus

423 2811 621 2904 potero
652 2828 877 2885 artibus
908 2826 1222 2890 obducam,
1257 2821 1305 2877 si
1345 2821 1488 2875 forte
1519 2815 1858 2888 insperatis,
1894 2816 1959 2866 ut
2006 2811 2074 2864 fit

431 2921 753 2989 interdum,
817 2913 1134 2971 momentis
1193 2927 1258 2966 ac
1310 2907 1546 2964 casibus
1605 2904 1838 2960 fortuna
1863 2897 2074 2971 judicii

428 3009 857 3083 prosperiorem
937 3005 996 3060 in
1063 3002 1283 3057 exitum
1371 3001 1548 3069 queat
1631 3007 1884 3065 vergere.
1981 2987 2077 3042 His

428 3106 750 3160 Coronatus
783 3097 1022 3163 auditis,
1084 3095 1393 3164 desperata
1448 3085 1751 3144 curatione
1793 3079 2072 3138 obstinati
2106 3127 2148 3193 Ο

429 3189 629 3258 animi,
663 3185 905 3244 recessit
934 3180 1315 3240 acerbissime
1353 3177 1577 3243 dolens,
1617 3177 1674 3229 et
1703 3175 1860 3228 certo
1895 3167 2070 3226 amici

425 3279 619 3345 exitio,
653 3281 710 3332 et
743 3293 848 3331 suo
894 3273 1082 3345 ipsius
1131 3267 1477 3343 gravissimo
1511 3262 1768 3336 periculo
1804 3277 1817 3317 :
1855 3259 2073 3332 quippe

425 3367 525 3439 qui
586 3361 1129 3438 perspectissimum
1189 3357 1450 3424 haberet,
1506 3353 1677 3408 vitari
1739 3366 1852 3404 non
1903 3363 2074 3418 posse

426 3457 567 3526 quin
591 3437 1006 3524 perseverante
1038 3447 1096 3501 in
1128 3444 1396 3500 criminis
1426 3439 1784 3496 inficiatione
1803 3437 2073 3507 Vestiga-

429 3549 571 3608 tore,
605 3523 728 3610 ipse
759 3552 932 3608 quem
968 3549 1173 3589 omnes
1202 3530 1252 3586 ei
1277 3525 1804 3584 familiarissimum
1831 3523 2074 3592 scirent,

434 3637 535 3686 aut
589 3625 898 3700 quaestioni
957 3622 1365 3693 subjiceretur,
1399 3622 1501 3673 aut
1540 3614 1692 3672 velut
1723 3613 1990 3669 conscius
2023 3615 2078 3664 et

431 3719 718 3792 particeps
750 3712 987 3771 sceleris
1017 3709 1304 3782 ejusdem,
1341 3706 1465 3779 pari
1502 3721 1635 3760 cum
1688 3703 1788 3758 illo
1830 3703 2074 3756 damna-

429 3808 574 3864 tioni
630 3803 1054 3863 succumberet.
1110 3799 1240 3853 Haec
1290 3813 1426 3868 ergo
1460 3792 1877 3850 maestissimus
1905 3805 2077 3860 repu-

431 3904 582 3966 tans,
616 3898 674 3949 et
699 3897 984 3965 pertaasus
1011 3888 1164 3958 vitae,
1198 3887 1410 3942 hausto
1458 3885 1613 3939 ultro
1660 3896 1882 3937 veneno
1912 3877 2077 3933 effla-

429 3988 510 4041 vit
541 3984 820 4041 animam.

500 4112 568 4166 V.
607 4105 892 4165 Postridie
945 4105 1120 4175 jussu
1180 4100 1336 4172 regis
1391 4115 1493 4170 pro
1553 4094 1834 4152 tribunali
1870 4096 2083 4166 praetor

437 4201 615 4270 sedit,
645 4196 1046 4255 assidentibus
1091 4191 1397 4264 judicibus
1455 4187 1717 4244 delectis.
1780 4185 1992 4240 Eodem
2027 4187 2084 4238 et

434 4291 749 4361 leopardus
770 4286 947 4343 venit.
979 4286 1345 4342 Coucussum
1368 4281 1550 4336 densa
1567 4293 1783 4333 corona
1805 4274 2084 4330 circums-

435 4387 484 4434 ta
498 4381 596 4435 bat
643 4379 926 4434 universa
976 4375 1244 4447 palatium
1269 4371 1514 4426 militia.
1541 4369 1845 4424 Adductus
1868 4365 1926 4419 in
1955 4380 2080 4418 me-

435 4471 598 4524 dium
645 4487 675 4525 e
720 4484 950 4524 carcere
971 4465 1303 4536 Vestigator
1324 4467 1434 4526 est,
1480 4475 1717 4515 causam
1749 4456 1806 4510 in
1839 4454 2084 4509 vinculis
2114 4490 2160 4553 Ι)

433 4561 722 4616 dicturus.
754 4559 1004 4623 Primus,
1038 4553 1410 4626 congregatis
1443 4549 1695 4618 cunctis,
1729 4545 1903 4602 verba
1951 4544 2084 4598 fecit

435 4649 746 4722 leopardus
776 4649 833 4702 in
866 4647 1024 4702 hunc
1057 4647 1293 4701 modum
1323 4660 1335 4697 :
1362 4643 1481 4698 Rex
1513 4643 1729 4709 noster,
1775 4655 1806 4693 o
1838 4634 2079 4692 commi-

434 4740 671 4806 litones,
704 4737 1048 4810 participem
1074 4751 1167 4790 me
1216 4733 1353 4790 fecit
1383 4731 1694 4802 cujusdam
1717 4726 1908 4800 gravis
1931 4740 2082 4780 curas

433 4845 550 4884 suae
579 4844 752 4900 quam
795 4825 969 4882 etiam
1021 4820 1444 4880 communicari
1485 4817 1648 4874 vobis
1680 4815 1882 4872 voluit.
1917 4811 2084 4868 Acris

435 4934 568 4972 eum
619 4913 964 4988 poenitentia
1021 4911 1266 4968 incessit
1315 4909 1599 4965 interfecti
1658 4904 1833 4971 tauri,
1867 4901 2085 4958 idcirco

434 5007 589 5079 quod
624 5021 737 5060 non
770 5000 1218 5059 contemnendis
1252 4998 1486 5054 indiciis
1544 5011 1675 5051 sero
1703 4993 1877 5064 coepit
1909 4989 2087 5045 intel-

435 5078 634 5167 ligere,
667 5094 1042 5149 innocentem
1095 5089 1292 5156 illum,
1323 5104 1385 5144 se
1417 5085 1567 5142 dolis
1601 5083 1775 5139 malis
1829 5085 1886 5138 et
1927 5078 2086 5135 dela-

429 5187 694 5242 tionibus
727 5182 890 5240 falsis
952 5183 1009 5236 in
1067 5182 1198 5253 ejus
1239 5194 1441 5236 necem
1492 5175 1792 5247 instigato,
1846 5170 2088 5244 periisse

431 5279 560 5334 Jam
593 5277 703 5332 hoc
736 5277 890 5348 ejus,
914 5291 1016 5344 per
1043 5273 1158 5329 alia
1180 5285 1412 5343 quoque
1436 5265 1835 5337 experimenta
1858 5261 2089 5317 cunctis

437 5375 580 5425 nota:
596 5367 879 5425 bonitatis
897 5363 1207 5436 etjustitiae
1219 5379 1285 5417 eo
1303 5353 1660 5415 laudabilius
1674 5355 2088 5426 argumentum

434 5465 543 5528 est,
604 5476 716 5521 nuo
777 5460 888 5513 fert
959 5455 1173 5527 aegrius
1248 5452 1493 5506 illusum
1549 5447 1660 5502 sibi
1722 5461 1855 5500 cum
1927 5446 2093 5498 tanta

436 5548 689 5603 insontis
722 5545 932 5620 capitis
965 5543 1202 5615 injuria.
1235 5540 1291 5596 Si
1324 5537 1464 5610 quid
1497 5535 1651 5593 enim
1676 5533 1822 5589 mihi
1854 5531 2091 5587 creditis

435 5619 807 5692 intimorum,
837 5636 968 5706 ejus
1027 5648 1309 5690 sensuum
1362 5626 1619 5694 conscio,
1668 5619 2092 5680 incredibiliter

2174 1837 2516 1909 quaestionis
2541 1838 2751 1907 praetor
2775 1834 2832 1888 in
2869 1834 2987 1889 haec
3022 1833 3200 1887 verba
3225 1850 3237 1884 :
3259 1831 3727 1888 Convenientissime

2166 1927 2282 1998 juri
2319 1943 2382 1980 ac
2416 1925 2565 1980 mori
2599 1925 2888 1995 majorum
2925 1928 2982 1977 et
3011 1921 3098 1976 leo
3123 1922 3471 1992 praecepit,et
3495 1919 3727 1988 leopardus

2171 2015 2480 2086 peroravit.
2515 2014 2679 2077 Quod
2712 2015 3003 2083 superest,
3048 2015 3334 2076 vestrum,
3365 2012 3610 2080 quotquot
3635 2008 3726 2061 adc-

2171 2105 2303 2173 stis,
2331 2103 2738 2173 unusquisque
2760 2118 2822 2156 se
2843 2101 3114 2170 accingat
3129 2099 3199 2154 ad
3224 2098 3593 2171 proferendum
3613 2113 3726 2150 sum-

2176 2211 2270 2248 ma
2292 2193 2404 2246 fide
2423 2191 2667 2264 parique
2690 2190 2954 2244 libertate
2982 2189 3138 2259 quod
3178 2188 3248 2242 de
3292 2188 3390 2241 hac
3421 2202 3572 2240 causa
3593 2185 3725 2255 deque

2173 2281 2540 2354 Vestigatore
2581 2284 2944 2350 compertum
2978 2277 3169 2332 habet.
3206 2276 3625 2347 Cooperabimini
3651 2273 3723 2326 hoc

2177 2372 2401 2442 agendo
2446 2368 2532 2424 vel
2593 2368 2841 2423 maxime
2896 2366 3198 2421 communi
3260 2364 3513 2430 utilitati;
3561 2361 3728 2434 publice

2180 2460 2394 2531 quippe
2453 2459 2696 2512 interest
2754 2474 2866 2512 non
2919 2457 3163 2526 impune
3198 2455 3353 2510 abire
3383 2453 3660 2514 sceleratos,
3687 2467 3733 2503 ne

2180 2548 2368 2604 securi
2401 2547 2729 2603 severitatis
2755 2547 2945 2618 legum
2973 2543 3266 2616 quidlibet
3287 2542 3514 2615 improbi
3533 2540 3734 2596 aude-ml.

2179 2639 2297 2693 Sub
2327 2637 2450 2692 haec
2505 2637 2661 2691 dicta
2715 2634 3018 2690 silentium
3089 2632 3422 2704 aliquandiu
3469 2634 3734 2685 cunctorum

2184 2728 2312 2795 fuit,
2347 2726 2500 2798 quod
2553 2724 2780 2796 primus
2825 2724 3189 2794 abrumpens
3234 2720 3550 2789 Vestigator,
3595 2714 3733 2771 lleus!

2180 2834 2304 2883 vos,
2361 2815 2577 2886 inquit,
2638 2817 2771 2886 post
2822 2817 2942 2867 tam
2999 2812 3158 2868 acria
3220 2809 3440 2866 dicendi
3485 2810 3625 2879 jussa
3667 2822 3738 2858 cur

2182 2904 2434 2975 tacetis?
2490 2902 2675 2976 Agite,
2751 2919 2844 2958 me
2911 2917 3151 2972 quoque
3213 2901 3496 2968 invitante,
3549 2896 3734 2968 proferte

2186 2993 2474 3066 quidquid
2499 2993 2569 3047 de
2601 3008 2692 3048 me
2719 2992 2937 3059 nostis;
2961 3007 3076 3046 non
3101 3007 3334 3057 recuso,
3358 2988 3488 3061 quin
3511 2987 3649 3042 etiam
3664 2984 3734 3038 fla-

2186 3093 2238 3165 gi
2252 3091 2547 3148 to.Audire
2562 3089 2732 3160 cupio
2749 3088 2888 3161 quid
2905 3088 3050 3143 mihi
3073 3092 3422 3160 opponatur,
3440 3090 3736 3156 paratuscon-

2181 3181 2346 3237 tinuo
2393 3196 2525 3236 vere
2555 3180 2782 3250 objecta
2824 3175 3012 3244 fateri,
3047 3175 3198 3232 falso
3219 3175 3482 3245 imposita
3525 3171 3736 3228 refellam.

2181 3272 2276 3328 Sic
2309 3287 2444 3342 ergo
2477 3270 2742 3325 dicturus
2798 3267 3050 3340 quisque
3094 3283 3158 3324 se
3191 3271 3492 3338 comparet,
3519 3272 3568 3318 ut
3592 3265 3736 3316 contra

2183 3378 2370 3416 meum
2398 3359 2800 3415 defensionem
2823 3357 2974 3413 tueri
2999 3357 3403 3414 testimonium
3425 3365 3572 3411 suum
3591 3354 3738 3422 queat;

2183 3451 2282 3522 qui
2315 3467 2486 3505 secus
2518 3449 2720 3504 fecerit
2779 3449 2838 3502 in
2894 3455 3070 3519 caput
3119 3464 3298 3503 suum
3355 3444 3605 3518 peccabit.
3641 3442 3736 3504 Qua

2184 3541 2338 3595 enim
2374 3539 2593 3594 nostris
2647 3537 2874 3610 legibus
2898 3538 3262 3608 mquissimae
3293 3535 3590 3592 constitutae
3617 3543 3742 3602 posse

2185 3635 2324 3686 sunt
2356 3631 2413 3684 in
2444 3628 2712 3684 falsarios
2743 3627 2955 3699 lingua:
3015 3643 3080 3682 ac
3145 3626 3284 3682 fidei
3340 3624 3556 3688 venalis,
3589 3636 3665 3674 eas
3704 3631 3745 3670 se

2186 3721 2558 3776 subituorum
2585 3733 2676 3772 me
2705 3721 2932 3789 agente,
2956 3733 3020 3771 ac
3045 3721 3317 3788 praetore,
3366 3718 3524 3788 prout
3544 3707 3750 3779 lexjubet

2185 3814 2243 3865 et
2275 3825 2364 3863 res
2394 3807 2992 3879 exiget,decernente,
3026 3805 3197 3862 sciat.
3242 3808 3424 3876 Atque
3445 3803 3568 3858 adeo
3589 3798 3745 3856 videat.

2187 3897 2237 3953 si
2268 3897 2368 3968 qui
2418 3896 2620 3966 lingua
2652 3896 2707 3948 in
2742 3895 3232 3950 obtrectationem
3279 3892 3480 3965 prurit,
3507 3906 3566 3944 ne
3591 3882 3748 3942 similia

2188 3986 2448 4058 patiatur
2473 3984 2744 4055 imperito
2784 3983 3007 4038 medico
3039 3982 3142 4054 qui
3176 4000 3385 4055 parum
3418 3980 3610 4036 habens
3635 3971 3743 4044 quod

2189 4078 2385 4147 ageret
2415 4075 2472 4128 in
2507 4073 2713 4145 patria,
2748 4072 2849 4127 ubi
2883 4072 3151 4145 cognitus
3208 4071 3602 4144 negligebatur,
3628 4075 3741 4135 pere-

2189 4181 2290 4237 gre
2349 4162 2648 4236 simplices
2697 4162 2967 4234 quaesivit
3023 4161 3244 4232 quibus
3304 4166 3426 4217 tuto
3479 4153 3740 4228 imponeret.

2192 4263 2494 4317 Profectus
2525 4276 2661 4330 ergo
2692 4260 2751 4313 in
2784 4258 3102 4328 civitatem,
3123 4259 3300 4330 cujus
3345 4256 3586 4330 princeps
3617 4248 3744 4304 filiam

2193 4351 2446 4407 habebat
2482 4367 2552 4404 ex
2582 4348 2781 4403 morbo
2812 4347 2972 4419 gravi
3017 4348 3481 4412 decumbentem,
3511 4344 3558 4397 in
3587 4341 3748 4412 partem

2193 4440 2323 4510 ejus
2370 4435 2693 4491 curationis
2753 4435 3056 4490 adhibitus
3111 4435 3372 4508 periculo
3423 4450 3518 4488 suo
3563 4423 3750 4495 est,hac

2194 4527 2449 4601 quadam
2472 4541 2541 4580 ex
2557 4541 2730 4579 causa
2751 4540 2763 4577 :
2789 4528 2913 4579 erat
2946 4525 3003 4579 in
3022 4542 3090 4580 ea
3110 4526 3257 4581 urbe
3280 4524 3526 4580 medicus
3543 4525 3750 4591 perquam

2191 4616 2478 4685 eruditus,
2539 4614 2634 4668 sed
2687 4613 2874 4668 aetatis
2927 4614 3090 4682 vitio,
3152 4623 3253 4670 aut
3295 4609 3754 4668 calamitatiscasm

2193 4705 2430 4778 penitus
2461 4703 2701 4758 orbatus
2749 4701 2881 4758 luce
2936 4703 3267 4760 oculorum.
3317 4703 3551 4758 Vocatus
3600 4693 3674 4749 ille
3702 4686 3751 4742 ad

2193 4811 2429 4866 aegram,
2461 4808 2530 4846 ex
2560 4795 2779 4848 attactu
2813 4789 3023 4863 pulsus
3055 4793 3397 4863 ceterisque
3431 4806 3544 4861 qua:
3571 4778 3752 4841 audivit,

2194 4882 2492 4939 intellecta
2547 4881 2735 4936 morbi
2782 4897 2960 4936 causa
3020 4881 3344 4936 remedium
3411 4879 3458 4934 ei
3511 4865 3755 4931 indubitati

2196 4987 2507 5029 successus
2538 4968 2832 5042 opposuit,
2857 4969 3288 5040 praescribenda
3321 4969 3538 5041 potione
3555 4979 3612 5018 ex
3629 4969 3752 5012 succo

2196 5063 2388 5118 hersz
2447 5059 2540 5115 cui
2598 5057 2845 5131 capillus
2902 5060 3146 5115 Veneris
3197 5075 3406 5114 nomen
3462 5059 3557 5110 est.
3601 5050 3755 5103 Verum

2197 5151 2353 5224 quod
2387 5148 2574 5205 oculis
2605 5148 2730 5219 ipse
2761 5152 2971 5219 captus
3029 5148 3359 5204 discernere
3416 5143 3630 5200 herbam
3674 5149 3754 5188 non

2197 5240 2436 5308 valeret,
2523 5237 2868 5309 proficisens
2948 5238 3007 5291 in
3084 5237 3420 5310 apothecam
3476 5226 3761 5287 herbariam.

2199 5340 2474 5398 comitem
2507 5336 2727 5410 optavit
2766 5352 3006 5408 peregre
3036 5335 3350 5408 appulsum
3394 5331 3666 5387 medicum.
3695 5319 3760 5374 Hic

2202 5429 2348 5487 nihil
2382 5429 2582 5484 nimus
2612 5443 2789 5498 quam
2845 5426 2998 5497 quod
3032 5425 3411 5497 proﬁtebatur
3455 5417 3644 5476 callens
3681 5415 3762 5463 tam

2201 5519 2472 5592 imperite
2504 5518 2563 5572 in
2599 5515 2826 5572 delectu
2859 5520 3128 5570 versatus
3175 5518 3284 5578 est,
3333 5517 3397 5568 ut
3443 5511 3656 5564 cicutam
3683 5499 3765 5578 vice

2200 5610 2400 5684 capilli
2434 5606 2668 5667 Veneris
2705 5605 3024 5677 pharmaco
3055 5603 3421 5672 admisceret,
3465 5615 3569 5671 quo
3612 5593 3764 5648 hausto
