3984 6202
260 344 287 396 1
299 343 407 395 28‘.)

1290 345 1650 398 SPECIMEN
1689 345 2089 398 SAPIENTIIE
2128 345 2461 401 lNDORUM
2497 347 2660 399 VET.

3546 349 3685 402 1290

256 466 379 521 ﬁlia
409 465 692 538 principis
724 470 960 537 repente
1003 470 1090 521 est
1137 469 1386 521 mortua.
1420 468 1662 522 Cunctis
1696 467 1914 521 miran-
1947 472 1999 535 Α
2033 468 2216 523 sentis
2251 474 2304 523 te
2334 474 2687 541 praepostere
2711 470 3365 541 perspicacem,vidisse
3400 474 3677 530 festucam

256 561 454 627 tibus,
517 564 572 614 et
631 576 778 615 czeco
840 559 1067 614 medico
1138 563 1283 614 nota:
1354 560 1575 630 peritiae
1634 578 1700 615 ac
1761 560 1915 628 ﬁdei,

259 652 701 721 perseverante,
762 665 878 703 non
938 648 1201 719 potuisse
1261 648 1570 705 mulierem
1624 649 1914 720 exstingui

258 739 519 811 potione,
556 738 668 792 nisi
703 742 961 792 erratum
1015 742 1170 793 esset
1200 739 1257 792 in
1289 738 1711 809 compositione
1741 738 1915 809 phar-

259 828 435 896 maci,
490 828 675 884 herba
725 827 897 881 noxia
952 844 1056 898 pro
1112 827 1242 882 utili
1295 828 1616 898 supposita.
1660 828 1918 900 Dynasta

260 903 435 988 pater
484 921 752 981 mortuae,
782 917 1137 987 ﬁexpressum
1188 933 1255 971 ex
1304 917 1507 971 eadem
1558 915 1739 971 herba
1789 932 1915 987 qua:

265 1008 453 1062 ﬁliam
483 1006 777 1061 occiderat
825 1022 1067 1060 succum
1115 1006 1345 1061 ebibere
1377 1022 1573 1061 coram
1622 1024 1685 1061 se
1734 1005 1915 1060 medi-

265 1114 401 1151 cum
434 1101 697 1151 exterum
730 1095 938 1166 coegit,
977 1096 1075 1166 qui
1110 1095 1289 1150 miser
1324 1096 1601 1151 continuo
1633 1096 1915 1161 extabuit,

264 1185 576 1256 imperitia:
609 1184 979 1253 audaciaeque
1020 1200 1137 1238 suae
1181 1202 1381 1255 pmnas
1412 1184 1713 1239 exsolvens
1741 1184 1918 1238 meri-

267 1275 558 1329 tissimas.
593 1274 685 1328 Sic
717 1272 961 1337 eveniet,
987 1274 1111 1343 jam
1145 1272 1282 1327 hinc
1313 1271 1619 1342 denuntio,
1648 1272 1913 1328 testimo-

267 1364 432 1418 nium
466 1368 666 1417 contra
698 1379 787 1416 me
820 1362 1035 1417 falsum
1078 1366 1180 1416 aut
1216 1362 1633 1417 inconveniens
1665 1363 1914 1429 dicenti;

266 1450 755 1521 strangulabitur,
808 1467 981 1520 quem
1043 1449 1195 1505 male
1252 1451 1544 1517 nexuerit,
1604 1450 1810 1522 laqueo
1861 1456 1918 1506 et

266 1539 461 1611 gladio
493 1540 702 1594 inscite
733 1539 935 1594 stricto
969 1555 1096 1594 sese
1130 1540 1437 1595 confodiet.

338 1664 432 1717 Vl.
468 1662 622 1717 Nihil
655 1664 763 1718 hac
791 1664 1246 1719 comminatione
1278 1665 1541 1734 territus,
1563 1670 1621 1719 et
1650 1664 1917 1721 irritatus

268 1750 621 1806 confidentia
670 1749 934 1821 loquacis
985 1751 1089 1817 rei,
1122 1752 1444 1807 assurrexit
1486 1753 1596 1807 sub
1645 1770 1712 1808 ea
1760 1753 1915 1808 dicta

273 1841 505 1912 primus
563 1856 883 1910 coquorum
936 1841 1110 1911 regis.
1162 1842 1249 1909 Et,
1299 1842 1509 1897 Audite
1561 1859 1673 1910 me,
1704 1843 1919 1913 inquit,

272 1931 373 2003 qui
408 1930 630 1985 adestis
672 1929 729 1983 in
775 1929 1017 1983 consilio
1059 1930 1331 1986 :afi‘eram
1373 1932 1527 1986 enim
1562 1932 1714 2002 quod
1746 1948 1919 1987 nosse

274 2021 345 2074 ad
380 2035 617 2073 causam
654 2018 859 2089 prosit,
874 2035 940 2072 ex
968 2020 1222 2089 quadam
1246 2020 1418 2090 longo
1443 2020 1584 2074 mihi
1620 2038 1727 2075 usu
1754 2026 1921 2092 parta

271 2109 481 2181 peritia
514 2124 707 2163 mores
734 2125 801 2162 ex
835 2108 978 2162 facie
1009 2109 1309 2164 noscendi.
1332 2114 1533 2166 Certos
1562 2109 1821 2165 vultibus
1853 2128 1918 2165 ac

267 2198 559 2253 frontibus
601 2214 950 2251 arcanorum
993 2197 1176 2251 animi
1224 2214 1507 2252 sensuum
1553 2198 1919 2254 characteres

264 2292 477 2341 natura
536 2286 771 2352 indidit,
822 2302 889 2340 ex
947 2286 1224 2357 qualibus
1283 2293 1547 2357 apparet,
1596 2287 1915 2358 Vestigato-

261 2392 388 2430 rem
433 2391 684 2445 nequam
719 2391 783 2428 ac
818 2375 1133 2429 subdolum
1179 2374 1520 2446 nulliusque
1564 2376 1695 2430 fidei
1734 2377 1916 2429 nebu-

264 2465 461 2519 lonem
514 2480 662 2529 esse,
700 2464 918 2533 quippe
952 2464 1049 2533 qui
1099 2463 1299 2517 oculos
1347 2465 1584 2534 oblique
1616 2465 1916 2527 distortos,

262 2560 324 2608 et
373 2554 583 2608 horum
634 2553 836 2607 laevum
888 2553 1087 2606 dextro
1138 2553 1484 2619 breviorem,
1527 2554 1919 2625 eumdemque

260 2642 695 2713 inquietissime
738 2640 1012 2696 mobilem
1059 2641 1299 2709 habeat;
1336 2643 1404 2696 ad
1440 2643 1581 2710 haec,
1616 2648 1794 2713 caput
1823 2643 1916 2697 in-

260 2738 354 2787 ter
386 2732 771 2786 incedendum
827 2736 1042 2784 temere
1072 2730 1313 2785 inclinet
1348 2748 1360 2784 :
1396 2749 1520 2801 qua:
1571 2733 1738 2803 signa
1792 2749 1915 2786 cer-

260 2820 496 2875 tissima
526 2820 669 2874 vafri
714 2818 1157 2873 calumniatoris
1190 2837 1256 2874 ac
1288 2820 1600 2890 proditoris
1641 2822 1915 2891 perﬁdio-

262 2909 516 2976 sissimi,
559 2925 775 2978 magno
834 2924 1121 2963 consensu
1182 2908 1641 2979 physiognomici
1692 2910 1915 2963 dudum

258 3000 577 3053 tradidere.
612 2998 825 3053 Contra
874 2997 1019 3063 ha‘c,
1072 2999 1352 3053 innuente
1394 2999 1616 3068 judice,
1650 2999 1920 3054 dicturus

254 3087 618 3157 Vestigator,
642 3104 812 3142 orsus
840 3091 928 3142 est
954 3104 986 3141 a
1016 3086 1357 3143 laudatione
1388 3088 1605 3143 ironica
1638 3088 1919 3159 principis

2028 556 2086 610 in
2118 558 2285 612 oculo
2318 558 2583 627 alterius,
2619 560 2720 631 qui
2774 560 2999 615 trabem
3036 562 3091 614 in
3128 566 3225 616 tuo
3270 579 3382 616 non
3416 564 3679 619 attende-

2029 644 2129 699 ris.
2162 645 2382 701 Similis
2437 647 2737 703 malesana
2796 648 3026 703 mulieri
3087 667 3117 704 e
3176 650 3371 705 fabula
3417 651 3674 722 vulgata.

2030 733 2234 787 Fertur
2258 735 2436 805 enim,
2469 737 2613 791 duas
2665 737 2986 808 aliquando
3039 755 3269 793 sorores
3321 740 3675 811 proripicndi

2029 839 2156 877 sese
2186 824 2375 877 nudas
2406 842 2435 879 e
2460 826 2749 891 custodia,
2784 844 2902 897 qua
2933 829 3078 882 dura
3111 828 3480 897 tenebantur,
3512 845 3675 884 occa—

2029 911 2253 966 sionem
2287 918 2511 979 nactas,
2543 915 2683 969 dum
2725 932 2842 970 una
2877 932 3010 970 cum
3043 922 3205 987 patre
3235 917 3441 972 iisdem
3477 918 3675 989 elapso

2027 1002 2277 1056 vinculis
2310 1003 2562 1073 fugiunt,
2586 1003 2793 1058 harum
2828 1004 3071 1060 alteram
3108 1006 3253 1061 forte
3284 1006 3516 1061 invento
3548 1023 3675 1061 cen-

2030 1095 2161 1145 tone
2192 1090 2284 1144 vix
2335 1093 2608 1160 pudenda
2651 1098 3077 1163 contegentem,
3112 1095 3412 1166 increpare
3444 1112 3673 1166 germa-

2029 1197 2163 1234 nam
2197 1179 2445 1251 coepisse
2474 1182 2631 1251 quod
2664 1183 2823 1237 nuda
2863 1182 3176 1238 incederet.
3212 1184 3313 1239 Cui
3347 1190 3528 1255 pater,
3562 1184 3670 1239 Sa-

2028 1285 2197 1336 uane,
2244 1269 2454 1340 inquit,
2490 1287 2572 1339 es,
2606 1287 2733 1341 qua:
2784 1271 2969 1327 sorori
3018 1274 3349 1343 exprobres,
3384 1274 3512 1329 sine
3561 1291 3668 1329 sua

2028 1358 2200 1431 culpa
2232 1360 2495 1429 patienti,
2522 1360 2676 1430 quod
2721 1364 2777 1413 et
2821 1365 2880 1414 tu
2934 1361 3058 1430 pari
3107 1362 3448 1416 necessitate
3498 1379 3669 1433 passa

2028 1468 2089 1505 es
2140 1455 2196 1505 et
2244 1449 2499 1520 pateris?
2554 1448 2684 1503 Haec
2733 1449 2979 1504 audiens
3032 1450 3302 1520 princeps
3349 1467 3665 1520 coquorum

2026 1541 2177 1608 quod
2211 1541 2517 1609 reponeret
2556 1555 2669 1593 non
2719 1538 2944 1605 habuit,
2980 1539 3270 1592 universis
3323 1556 3669 1609 responsum

2026 1626 2402 1696 Vestigatoris
2435 1626 2591 1680 haud
2624 1625 2799 1680 dubie
2837 1627 3244 1696 probantibus.
3282 1628 3523 1697 Ipseque
3562 1626 3671 1694 leo,

2029 1717 2125 1772 ubi
2178 1733 2298 1771 rem
2350 1715 2632 1785 cognovit,
2668 1714 2843 1769 stulte
2894 1714 3154 1769 locutum
3204 1716 3528 1786 principem
3575 1732 3672 1769 co-

1954 1835 1996 1897 Β
2028 1822 2279 1876 quorum
2311 1804 2435 1859 loco
2471 1803 2665 1870 movit,
2701 1820 2771 1858 ne
2812 1803 2868 1857 in
2903 1803 3101 1858 culina
3141 1805 3372 1874 quidem
3409 1821 3517 1859 sua
3549 1810 3668 1858 tam

2030 1893 2250 1948 nullius
2274 1894 2479 1963 judicii
2516 1893 2819 1947 ministros
2861 1893 2973 1947 sibi
3012 1893 3278 1948 ferendos
3310 1899 3543 1963 putans.
3568 1893 3671 1947 His

2027 2000 2091 2038 eo
2124 2000 2398 2037 consessu
2435 1983 2602 2047 aclis,
2634 1987 2689 2035 et
2722 1998 2820 2051 per
2862 1982 3191 2036 actuarium
3224 1982 3280 2035 in
3314 1987 3671 2037 commenta-

2027 2072 2179 2126 rium
2226 2071 2443 2137 relatis,
2479 2071 2703 2142 riteque
2749 2070 3016 2141 signatis,
3050 2071 3195 2125 hora
3218 2071 3339 2141 jam
3376 2076 3667 2141 provecta,

2027 2160 2252 2217 solutus
2283 2166 2466 2215 cretus
2495 2166 2602 2230 est,
2630 2178 2724 2215 reo
2758 2162 3015 2215 nondum
3051 2159 3311 2215 convicto
3343 2161 3576 2215 reducto
3611 2160 3667 2213 in

2027 2267 2339 2305 ORFCCI‘BID.

2096 2375 2219 2429 VII.
2258 2376 2568 2429 Redditum
2623 2375 2902 2429 custodia}
2935 2374 3359 2445 Vestigatorem
3410 2376 3678 2428 convenit

2029 2465 2180 2519 alius
2230 2466 2469 2534 quidam
2505 2482 2571 2518 ex
2601 2465 2726 2533 ejus
2773 2463 3182 2530 familiaribus,
3216 2465 3483 2518 Coronati
3516 2482 3675 2517 com—

2030 2556 2227 2610 munis
2260 2556 2432 2609 amici
2464 2559 2712 2608 mortem
2747 2554 3166 2608 maestissimus
3199 2554 3501 2608 nuntians.
3537 2554 3677 2606 Con-

2028 2651 2324 2698 sternatus
2378 2644 2586 2698 acerbo
2646 2660 2782 2695 casu
2840 2643 3169 2711 Vestigator
3219 2642 3508 2713 lacrymas
3562 2659 3672 2695 non

2028 2735 2237 2798 tenuit,
2270 2732 2424 2787 inter
2454 2750 2600 2803 quas
2646 2732 2732 2785 hae
2763 2748 2933 2786 voces
2965 2734 3090 2801 ejus
3120 2732 3511 2786 audiebantur
3544 2749 3554 2783 :
3589 2734 3677 2785 Me

2029 2823 2311 2877 miserum
2362 2822 2463 2892 qui
2513 2839 2664 2889 vero,
2694 2820 3109 2891 experimentis
3157 2822 3422 2891 probato,
3457 2826 3512 2874 ct
3551 2838 3672 2874 om-

2026 2914 2191 2965 nium
2227 2918 2556 2982 temporum
2604 2911 2790 2965 amico
2842 2911 3105 2981 privatus
3136 2910 3307 2965 hodie
3340 2908 3486 2964 sim!
3521 2911 3667 2974 Qu1d

2027 3019 2120 3055 me
2178 3001 2365 3054 vivere
2425 2998 2631 3053 attinet
2686 3004 2740 3053 te
2799 2999 2965 3065 mihi,
3021 3001 3304 3054 Coronate
3364 2998 3668 3063 fidissime,

2026 3089 2374 3146 subtracto?
2432 3089 2605 3143 Recte
2658 3088 2823 3142 aiuut
2872 3087 3062 3158 vulgo,
3123 3091 3330 3143 catena
3379 3104 3671 3144 connexas

251 3194 608 3249 coquorum,
634 3179 740 3245 En,
766 3178 1063 3248 inquiens,
1088 3178 1353 3233 omnium
1379 3178 1477 3250 qui
1510 3179 1619 3233 sub
1643 3179 1784 3234 caelo
1811 3197 1911 3233 su-
1944 3202 1987 3269 ρ
2025 3179 2283 3250 quadam
2337 3192 2439 3248 per
2494 3177 2693 3231 orbem
2754 3193 3082 3232 commeare
3140 3176 3525 3242 calamitates,
3569 3193 3673 3231 nec

251 3283 394 3321 mus
425 3265 594 3338 longe
638 3266 1139 3337 sapientissimus,
1173 3266 1267 3321 cui
1315 3282 1483 3321 nemo
1533 3267 1914 3337 quantumvis

252 3355 531 3411 eminens
586 3355 912 3426 comparari
962 3355 1232 3411 doctrina
1279 3359 1336 3410 et
1371 3355 1585 3426 judicii
1635 3356 1918 3427 gravitate

253 3450 458 3515 queat.
492 3445 735 3500 Miseros
784 3462 884 3501 vos
933 3445 1267 3500 conditores
1318 3445 1538 3516 legum,
1584 3447 1684 3517 qui
1738 3445 1914 3501 talem

244 3551 370 3588 non
403 3533 792 3589 adhibueritis
845 3534 901 3587 in
932 3533 1273 3603 consilium,
1304 3532 1745 3588 lucrifecissetis
1777 3551 1918 3604 ope-

242 3640 375 3677 ram
414 3624 648 3677 inanem
700 3622 997 3678 statuendi
1051 3639 1253 3693 paenae
1304 3621 1518 3676 sceleri
1571 3639 1637 3678 ac
1692 3623 1921 3692 praemia

252 3714 491 3766 virtuti.
541 3713 598 3766 Si
653 3712 808 3766 enim
856 3710 1217 3765 ineluctabili
1266 3711 1611 3765 necessitate
1669 3711 1925 3764 trahitur

258 3801 506 3858 animus
555 3802 625 3855 ad
659 3816 724 3854 ea
756 3801 1023 3854 facienda
1055 3816 1182 3870 quae
1225 3798 1342 3853 oris
1394 3798 1749 3853 lineamenta
1799 3799 1924 3853 sine

263 3894 475 3945 nostro
511 3889 678 3943 nobis
709 3889 949 3943 arbitrio
992 3905 1025 3943 a
1077 3892 1281 3942 natura
1312 3887 1534 3941 tributa
1565 3888 1923 3957 signiﬁcent,

266 3979 414 4050 quid
449 3977 653 4032 attinet
705 3977 987 4031 mulctare
1036 3975 1338 4047 suppliciis
1389 3976 1488 4047 qui
1541 3976 1689 4031 male
1721 3983 1925 4048 agunt,

268 4068 680 4122 characterum
714 4066 1105 4133 ingenitorum
1138 4081 1351 4131 errare,
1377 4070 1439 4118 ut
1469 4064 1562 4119 hic
1594 4067 1782 4133 docet,
1808 4084 1923 4122 non

261 4155 617 4223 valentium,
651 4154 982 4210 necessario
1018 4155 1193 4208 ﬁdem
1227 4153 1601 4209 sancientes?
1651 4155 1924 4226 Alioquin

269 4245 562 4317 puniatur
592 4244 745 4315 ignis
779 4244 918 4315 quia
950 4243 1086 4309 urit,
1114 4260 1275 4314 aquae
1311 4250 1594 4298 tormenta
1618 4245 1929 4299 decernan-

270 4341 376 4390 tur
406 4334 545 4405 quia
572 4334 661 4387 vel
712 4349 959 4388 excussa
984 4348 1013 4387 e
1046 4332 1201 4386 nube
1248 4333 1525 4387 viatorem
1578 4335 1930 4389 mandefacit

267 4422 367 4478 vel
398 4423 704 4477 exundans
736 4439 765 4476 e
797 4426 1052 4477 torrente
1083 4426 1213 4475 sata
1242 4420 1417 4475 laedit.
1452 4421 1600 4484 Quid
1636 4422 1739 4477 tibi
1768 4424 1926 4478 vide-

2028 3284 2291 3339 unquam
2337 3266 2438 3321 uni
2488 3265 2817 3336 singulares
2864 3282 3188 3321 occurrere.
3222 3267 3304 3320 En
3337 3266 3481 3321 mihi
3515 3266 3673 3337 capi-

2027 3357 2130 3412 tali
2167 3355 2393 3426 judicio
2442 3354 2817 3424 periclitanti,
2851 3371 2917 3411 ac
2965 3354 3111 3409 diris
3144 3355 3396 3411 vinculis
3428 3355 3676 3410 constri-

2028 3450 2142 3511 cto,
2178 3446 2475 3499 funestum
2528 3443 2868 3515 supervenit
2896 3444 3227 3499 auctarium
3280 3444 3680 3516 irreparabilis

2021 3539 2265 3607 jactura:
2310 3535 2522 3607 capitis
2572 3534 2927 3600 charissimi,
2979 3535 3179 3602 etiam,
3213 3536 3365 3607 quod
3420 3534 3679 3590 dolorem

2030 3624 2311 3689 incendit,
2346 3641 2522 3678 causa
2576 3641 2705 3679 mea
2756 3624 3043 3679 exstincti.
3080 3625 3209 3679 Haec
3258 3625 3338 3678 ita
3370 3624 3677 3695 deploran-

2030 3719 2142 3767 tem
2179 3716 2544 3774 invenerunt,
2578 3713 2673 3779 qui
2724 3712 3005 3781 postridie
3049 3714 3223 3781 jussu
3276 3713 3542 3781 praetoris
3574 3714 3676 3764 de-

2031 3818 2147 3855 nuo
2180 3803 2436 3854 citarunt
2483 3801 2877 3869 stiteruntque
2909 3800 3328 3865 Vestigatorem
3364 3800 3435 3852 ad
3486 3800 3672 3853 tribu-

2034 3890 2147 3945 nal.
2186 3890 2265 3943 Ibi
2293 3890 2475 3959 judex
2523 3888 2636 3943 alte
2683 3889 2994 3943 considens
3028 3905 3041 3941 :
3077 3888 3223 3953 Quid
3266 3887 3395 3949 tibi,
3427 3904 3458 3941 o
3495 3887 3673 3941 Vesti-

2032 3985 2214 4051 gator,
2250 3979 2349 4041 ait,
2382 3976 2611 4031 consilii
2665 3994 2776 4030 nox
2826 3976 3057 4030 attulit?
3098 3994 3238 4030 num
3294 3976 3531 4030 tandem
3580 3974 3670 4027 in-

2032 4067 2249 4121 duxisti
2280 4068 2335 4121 in
2369 4066 2631 4121 animum
2678 4066 2840 4120 fateri
2897 4067 3052 4136 quod
3102 4064 3408 4131 agnoscis?
3438 4064 3675 4118 Cunctis

2028 4158 2149 4227 jam
2176 4160 2375 4225 patent
2396 4160 2497 4209 tua
2518 4155 2759 4222 scelera,
2784 4170 3072 4225 nemoque
3097 4172 3210 4208 non
3236 4155 3480 4207 miratur
3500 4154 3678 4205 conti-

2035 4245 2295 4299 dentiam
2350 4249 2534 4309 tuam,
2572 4243 2995 4314 perseverantis
3046 4244 3293 4298 inficiari
3344 4242 3677 4297 manifesta.

2040 4334 2211 4389 Nulla
2232 4333 2337 4388 tibi
2360 4334 2481 4403 jam
2514 4333 2739 4403 reliqua
2761 4335 3057 4387 excusatio
3080 4337 3196 4401 est;
3222 4349 3288 4387 ac
3311 4330 3425 4387 nisi
3448 4347 3684 4385 summa

2037 4428 2092 4477 et
2143 4422 2373 4476 inﬁnita
2421 4422 2688 4493 quedam
2740 4420 3139 4478 misericordia
3188 4422 3343 4491 regis
3394 4424 3568 4486 esset,
3623 4424 3685 4474 tu

268 4521 392 4581 tur,
425 4510 833 4581 archimagire,
862 4511 933 4564 de
964 4509 1077 4564 ista
1102 4514 1206 4563 tua
1238 4509 1491 4563 mirabili
1525 4510 1930 4581 physiologia?
1961 4550 2007 4613 D
2040 4510 2497 4566 foedissimorum
2548 4511 2905 4567 constrictus
2936 4511 3293 4565 conscientia
3337 4510 3684 4575 facinorum,

272 4601 487 4656 Utrum
532 4599 740 4664 mavis,
774 4598 873 4669 qui
924 4598 1203 4670 praeditus
1254 4597 1403 4664 istis,
1440 4615 1586 4669 quas
1634 4599 1930 4670 indicasti,

272 4689 437 4743 notis
485 4687 542 4741 in
590 4687 780 4742 lucem
829 4686 1075 4751 venerit,
1109 4702 1309 4741 cavere
1338 4704 1369 4739 a
1414 4686 1567 4741 malo
1616 4704 1808 4759 posse,
1859 4705 1933 4743 an

269 4775 689 4833 inevitabiliter
710 4792 839 4831 esse
870 4774 1249 4845 improbum?
1278 4774 1329 4828 Si
1358 4774 1521 4845 prius
1551 4775 1718 4846 dicis,
1742 4777 1935 4832 inanis

273 4870 375 4921 est
404 4869 504 4919 tua
535 4863 800 4919 collectio
829 4880 840 4918 :
869 4862 1115 4919 forsitan
1138 4863 1296 4918 enim
1328 4879 1434 4935 ego
1466 4880 1637 4935 quem
1670 4882 1936 4934 accusas,

278 4959 390 5010 aut
420 4952 689 5007 similiter
719 4952 1038 5025 insignitus
1072 4952 1284 5023 quivis,
1321 4952 1532 5008 indolis
1565 4954 1775 5008 innatis
1806 4972 1934 5025 pro-

273 5043 627 5116 pensionem
657 5048 870 5097 conatu
895 5041 1135 5096 virtutis
1169 5040 1566 5096 inﬂexerimus
1598 5043 1654 5096 in
1684 5049 1935 5113 rectum;

274 5134 332 5189 si
397 5132 648 5187 alterum
709 5132 931 5197 fateris,
975 5148 1168 5187 nonne
1216 5148 1393 5203 quam
1454 5131 1942 5205 inconsequenter

271 5223 546 5293 loquaris
580 5222 766 5288 vides,
794 5223 896 5292 qui
930 5239 1159 5293 poenam
1195 5239 1457 5293 apponas
1489 5222 1588 5277 ubi
1620 5224 1793 5296 culpa
1825 5243 1940 5282 non

275 5315 394 5369 est.
429 5312 592 5375 Quod
628 5312 676 5367 si
714 5311 1012 5383 recipitur,
1051 5311 1189 5381 quid
1241 5313 1311 5365 de
1366 5316 1418 5365 te
1467 5312 1602 5366 fiet?
1632 5330 1767 5368 nam
1801 5320 1944 5385 quot

270 5401 400 5458 eris
433 5401 749 5471 suppliciis
784 5401 1156 5466 mactandas,
1186 5400 1235 5455 si
1266 5400 1531 5455 omnium
1566 5418 1691 5472 quas
1724 5419 1825 5473 per
1852 5403 1940 5457 vi-

272 5496 406 5545 tam
435 5489 765 5545 necessario
789 5488 880 5544 vel
907 5488 1092 5546 fecisti
1116 5488 1203 5545 vel
1230 5506 1440 5561 passus
1469 5506 1552 5556 es,
1577 5507 1751 5546 causa
1787 5509 1943 5546 nunc

268 5579 390 5635 tibi
422 5579 697 5648 dicenda,
730 5578 948 5634 invidia
991 5579 1358 5643 sustinenda,
1388 5580 1601 5634 luenda
1631 5580 1944 5651 expianda—

266 5683 395 5741 que
416 5668 780 5724 cruciatibus
807 5668 1169 5725 conscientia
1192 5668 1269 5725 sit
1288 5671 1310 5723 Ρ
1328 5668 1573 5741 Ecquid,
1599 5671 1797 5738 stulte,
1814 5670 1941 5741 jam

560 5785 831 5846 PATROL.
882 5786 990 5846 Ga.
1040 5783 1303 5845 CXLIII.

2044 4599 2422 4669 omniumque
2444 4601 2569 4669 jam
2602 4599 2959 4671 pra-judiciis
2991 4600 3329 4666 damnatus,
3353 4599 3546 4653 adhuc
3577 4599 3689 4654 uti-

2045 4705 2155 4759 que
2205 4704 2321 4742 non
2370 4688 2611 4743 viveres.
2658 4690 2744 4743 Ad
2795 4703 2862 4743 ea
2892 4688 3224 4759 Vestigator
3270 4688 3684 4754 audacissime,

2046 4776 2507 4847 Quantaeunque
2538 4776 2634 4842 sit,
2657 4776 2756 4843 ait,
2781 4777 2894 4831 ista
2924 4794 3102 4848 quam
3135 4793 3426 4832 memoras
3452 4793 3688 4831 summa

2046 4870 2103 4921 et
2150 4865 2382 4920 inﬁnita
2434 4864 2835 4921 misericordia
2883 4866 3058 4937 regis,
3101 4870 3296 4921 tamen
3344 4882 3472 4921 eam
3522 4866 3691 4935 longe

2047 4960 2286 5025 superat
2348 4954 2755 5009 inenarrabilis
2820 4955 3238 5025 importunitas
3304 4955 3692 5011 immanitatis

2047 5048 2180 5098 tuae.
2219 5043 2396 5097 Video
2433 5043 2589 5098 enim
2623 5048 2679 5098 te
2709 5042 3155 5111 sanguinarium
3204 5044 3563 5114 mancipium
3605 5043 3693 5095 in-

2050 5131 2287 5203 expletae
2336 5132 2724 5200 crudelitatis,
2751 5132 2913 5187 sitire
2960 5150 3223 5189 cruorem
3271 5150 3481 5200 meum,
3514 5147 3697 5201 eoque

2052 5224 2171 5277 fera
2199 5221 2499 5277 voluntate
2532 5238 2941 5295 praeoccupare
2980 5241 3135 5279 sanae
3168 5223 3384 5279 mentis
3415 5221 3698 5283 officium,

2053 5329 2184 5368 mea
2224 5329 2329 5368 nec
2379 5312 2625 5368 convicti
2677 5330 2783 5369 nec
2832 5314 3097 5369 damnati
3134 5318 3338 5379 morte,
3365 5315 3567 5365 contra
3614 5306 3701 5362 fas

2051 5418 2244 5471 omne,
2263 5402 2646 5458 decernenda.
2667 5407 2782 5458 Nec
2805 5402 2989 5458 miror
3009 5410 3061 5458 te
3084 5399 3388 5469 talem,qui
3405 5396 3545 5452 olim
3574 5415 3703 5468 pes-

2054 5491 2269 5546 simum
2304 5492 2585 5562 noverim,
2608 5497 2664 5547 et
2706 5493 2785 5546 ita
2819 5497 3029 5547 natura
3059 5491 3460 5559 comparatum
3496 5486 3699 5556 sciam,

2055 5586 2118 5634 ut
2162 5597 2396 5652 semper
2442 5583 2695 5654 optimos
2747 5580 3090 5651 nequissimi
3145 5576 3400 5647 pessime
3449 5576 3696 5631 oderint.

2058 5671 2169 5725 Has
2219 5671 2607 5727 contumelias
2655 5686 2857 5739 aequus
2907 5685 2971 5723 ac
3023 5668 3361 5722 moderatus
3404 5666 3602 5736 judex,
3638 5670 3702 5719 ut

3340 5786 3409 5843 4|
