4002 6202
341 315 473 384 1291

1848 314 2236 368 APPENDIX.

3623 320 3642 368 l
3653 316 3746 369 292

340 440 550 497 medici
597 438 764 491 mites
815 449 1103 506 aegrorum
1151 433 1531 488 delirantium
1584 433 1982 501 intemperias,
2016 437 2068 502 Α
2098 435 2189 490 sui
2233 435 2481 503 domini,
2514 455 2647 494 cum
2681 455 2798 509 quo
2849 438 2997 510 ipsis
3029 438 3427 495 intercedebat
3475 440 3748 508 amicitia,

339 529 630 600 sapienter
673 527 885 589 ferens,
922 524 1078 578 Bona
1129 523 1321 588 verba,
1355 521 1566 593 inquit,
1599 527 1656 577 et
1687 523 1901 578 frustra
1925 528 1982 578 et

339 634 454 672 non
486 617 542 669 in
574 619 857 685 tempore,
888 613 1241 684 Vestigator,
1267 612 1569 678 irasceris;
1603 629 1731 682 quae
1763 612 1980 668 audisti

335 705 534 760 minus
583 704 690 758 tibi
741 709 928 776 grata,
961 720 1029 759 ex
1080 703 1268 759 cilicio
1318 703 1504 757 nostri
1535 701 1796 757 muneris
1827 702 1983 756 dicta

331 794 511 849 libere
544 801 684 850 sunt
717 814 729 851 :
767 813 900 850 nam
958 794 1336 850 dissimulare
1365 809 1471 848 nos
1521 791 1676 847 haud
1709 793 1983 848 convenit

331 901 480 954 quos
513 888 581 941 ad
632 887 1010 942 coercendam
1060 885 1464 955 improborum
1517 883 1820 937 audaciam
1875 899 1979 937 au-

329 975 598 1032 ctoritate
629 993 695 1032 ae
730 980 1013 1047 potestate
1064 973 1297 1045 publica
1331 972 1600 1043 princeps
1633 989 1698 1026 ac
1728 971 1979 1042 populus

329 1070 596 1128 armavit.
631 1072 936 1132 Craterum,
969 1065 1018 1119 si
1050 1065 1182 1135 quis
1219 1065 1373 1134 apud
1417 1070 1472 1118 te
1511 1062 1772 1116 consiliis
1805 1063 1978 1116 bene-

328 1162 475 1218 volis
510 1162 672 1217 locus
705 1162 814 1222 est,
845 1161 1047 1211 auctor
1079 1169 1433 1225 magnopere
1467 1153 1570 1206 tibi
1603 1169 1754 1220 sum,
1784 1155 1848 1206 ut
1880 1169 1976 1206 ne-

293 1253 296 1257 ’
332 1252 602 1308 cessitate
637 1249 692 1303 in
727 1263 899 1302 usum
923 1261 1111 1310 versa,
1138 1243 1432 1308 brevibus,
1461 1259 1607 1312 quas
1632 1243 1830 1312 fugere
1863 1256 1975 1294 non

335 1347 518 1412 potes,
555 1339 732 1408 hujus
775 1335 1058 1406 temporis
1113 1333 1296 1402 pcenis
1347 1331 1643 1402 sapienter
1694 1330 1877 1384 utaris
1904 1331 1974 1383 ad

331 1430 665 1488 redimenda
697 1424 986 1496 supplicia
1016 1428 1229 1477 aeterna
1261 1438 1388 1491 quia
1418 1419 1682 1492 gravium
1715 1418 1979 1474 conscios

331 1523 611 1579 scelerum
665 1519 990 1589 inexpiatos
1030 1531 1098 1571 ex
1142 1514 1248 1568 hac
1283 1515 1398 1568 vita
1445 1518 1818 1568 transeuntes
1850 1527 1974 1565 ma-

332 1617 492 1669 nent.

401 1738 547 1791 VIII.
585 1734 684 1789 His
716 1736 918 1788 contra
962 1729 1045 1785 sic
1077 1727 1331 1784 occurrit
1363 1723 1885 1781 obfirmatissimus
1918 1723 1975 1778 in

330 1825 700 1882 contumacia
733 1820 945 1876 nebulo
971 1836 984 1874 :
1010 1819 1151 1874 Novi
1184 1822 1239 1872 et
1271 1834 1396 1887 ego,
1434 1815 1666 1886 quando
1699 1818 1754 1869 et
1785 1817 1981 1884 quate-

331 1934 442 1970 nus
473 1931 621 1986 opus
660 1917 767 1978 est,
805 1909 1141 1982 praahabere
1191 1906 1550 1977 sempiterna
1601 1901 1978 1958 transitoriis.

328 2005 548 2060 Verum
583 2002 723 2074 quid
777 2000 899 2055 hinc
929 1999 998 2054 ad
1046 2001 1384 2067 przcsentem
1421 2010 1680 2057 causam,
1714 1991 1811 2046 ubi
1865 2008 1978 2046 non

334 2095 475 2166 quid
510 2108 678 2163 agere
710 2090 952 2144 debeam
987 2086 1094 2141 rite
1126 2084 1580 2151 damnatus,sed
1608 2099 1677 2136 an
1711 2077 1978 2134 damnari

325 2186 462 2256 jure
493 2181 714 2253 possim
756 2176 1071 2250 quaeritur?
1119 2177 1226 2230 Aio
1279 2191 1380 2243 ego
1430 2177 1487 2226 et
1537 2187 1858 2242 persevero,
1897 2167 1979 2270 uti

331 2273 534 2336 debeo,
584 2267 1081 2332 constantissime,
1133 2266 1505 2318 innocentem
1567 2278 1659 2315 me
1718 2266 1980 2315 accusari

329 2363 477 2417 falso
537 2377 602 2415 ac
662 2355 1069 2413 circumveniri
1132 2369 1234 2426 per
1290 2351 1638 2408 calumnias.
1701 2351 1786 2405 Tu
1846 2363 1979 2402 vero

326 2467 561 2521 aequum
596 2465 820 2514 censes,
856 2445 1148 2517 cooperari
1185 2458 1276 2498 me
1308 2439 1607 2512 iniquitati
1641 2439 1978 2509 opprimen-

326 2541 476 2594 tium
507 2555 617 2592 me.
645 2538 791 2602 Quid
827 2537 980 2590 enim
1011 2535 1169 2589 aliud
1211 2532 1386 2588 fuerit
1417 2529 1705 2595 mendaci,
1731 2529 1884 2598 quod
1918 2531 1979 2580 tu

325 2629 602 2693 hortaris,
639 2626 1006 2682 confessione
1055 2625 1356 2694 imponere
1386 2619 1757 2675 conscientia:
1816 2632 1979 2685 meae,

325 2723 382 2774 et
416 2719 635 2789 tingere
686 2732 778 2770 me
827 2713 1034 2768 fecisse
1065 2729 1194 2783 quas
1246 2727 1359 2765 non
1414 2708 1570 2764 feci?
1617 2705 1823 2761 Scelus
1871 2705 1981 2759 hoc

326 2807 618 2863 enimvero
669 2805 837 2871 foret,
890 2803 1020 2857 istis
1067 2817 1194 2872 qua:
1243 2796 1544 2854 intentasti
1597 2797 1803 2850 futurae
1853 2793 1980 2848 vita:

328 2896 641 2951 immensis
691 2892 999 2965 suppliciis
1054 2890 1357 2955 luendum,
1388 2904 1506 2960 quo
1557 2889 1779 2942 avertat
1829 2889 1980 2938 Deus

329 3005 398 3044 ne
444 3004 534 3041 me
575 2983 988 3041 contaminem.
1014 2987 1101 3034 An
1125 2980 1282 3035 enim
1316 2978 1499 3032 levius
1525 2975 1830 3031 arbitraris
1854 2989 1984 3044 pse-

326 3094 480 3143 eare,
504 3077 670 3131 fama:
696 3090 761 3129 ac
786 3072 998 3128 salutis
1018 3069 1417 3126 voluntarium
1453 3065 1809 3138 proditorem
1837 3081 1979 3133 sua},

326 3183 503 3235 quam
529 3163 875 3218 insidiantes
898 3162 1085 3216 alieno
1109 3159 1282 3230 capiti
1311 3174 1376 3212 ac
1396 3153 1712 3226 sanguini?
1737 3153 1982 3224 Equius

323 3271 458 3325 ergo
489 3270 589 3308 vos
624 3269 750 3306 mea
779 3252 901 3305 vice
941 3265 1231 3314 moneam,
1267 3253 1330 3300 ut
1375 3245 1550 3300 etiam
1584 3248 1761 3314 atque
1787 3243 1964 3297 etiam

323 3342 568 3396 videatis
602 3357 672 3395 ne
703 3340 850 3394 fmde
901 3337 1082 3392 ruatis
1113 3337 1229 3390 isto
1260 3350 1472 3390 cursu:
1522 3334 1720 3402 idque,
1773 3346 1966 3386 meam

321 3429 570 3483 insontis
618 3426 1053 3481 damnationem
1110 3421 1543 3494 praecipitando,
1594 3419 1967 3474 consciscatis

323 3518 479 3587 quod
530 3531 661 3569 sera
713 3513 922 3568 deinde
954 3511 1293 3582 pmnitentia
1345 3509 1743 3580 nequidquam
1798 3512 1966 3579 opta-

322 3606 460 3661 bitis
520 3603 824 3668 infectum,
859 3601 976 3656 tale
1034 3600 1398 3671 experientes
1444 3597 1744 3669 quidpiam
1797 3596 1971 3668 quale

324 3695 459 3750 olim
495 3691 739 3764 contigit
768 3691 1004 3746 testanti
1040 3707 1164 3760 quas
1203 3705 1318 3744 non
1359 3688 1601 3743 viderat.
1635 3686 1735 3742 Vir
1767 3687 1876 3741 fuit
1908 3687 1968 3741 in

326 3784 529 3856 primis
560 3783 738 3838 totius
788 3782 965 3837 Indiae
1011 3780 1285 3851 copiosus
1316 3782 1372 3832 et
1403 3776 1635 3844 nobilis,
1671 3780 1770 3847 qui
1819 3775 1966 3831 acci-

325 3875 546 3946 pitrum
583 3872 823 3928 custode
851 3871 1124 3924 utebatur
1154 3884 1405 3938 nequam
1440 3883 1505 3921 ac
1537 3866 1850 3920 libidinoso
1876 3867 1964 3935 ju-

321 3980 485 4029 vene,
512 3963 745 4017 natione
776 3965 968 4015 Persa.
1007 3958 1108 4013 Hic
1140 3957 1325 4013 oculis
1357 3955 1696 4027 cupiditatis
1726 3954 1972 4024 adjectis

323 4058 392 4110 ad
429 4071 665 4109 uxorem
709 4051 802 4107 sui
843 4050 1088 4117 domini,
1123 4054 1446 4103 matronam
1499 4048 1692 4101 forms:
1743 4046 1974 4118 pudici-

321 4147 528 4215 tichuc
561 4141 917 4214 praestantis,
953 4156 1022 4194 eo
1059 4137 1404 4193 temeritatis
1433 4136 1549 4190 ruit
1597 4141 1662 4190 ut
1717 4137 1968 4191 furorem

320 4234 370 4288 ei
405 4250 573 4288 suam
626 4231 790 4286 fateri
833 4247 947 4285 non
982 4233 1297 4297 vereretur,
1332 4243 1397 4282 ac
1446 4228 1720 4294 reiectus,
1757 4230 1819 4279 ut
1868 4241 1974 4297 par

318 4328 461 4389 erat,
495 4323 565 4375 ab
621 4319 1038 4375 honestissima
1088 4317 1353 4384 muliere,
1387 4320 1543 4370 totus
1597 4314 1864 4369 incubuit
1911 4315 1970 4368 in

323 4410 683 4479 propositum
749 4409 1026 4463 atrociter
1080 4406 1430 4461 ulciscendae
1487 4403 1754 4475 repulsae.
1825 4405 1971 4474 Ergo

317 4515 450 4553 cum
486 4499 756 4552 familiari
794 4499 1112 4553 exercendo
1155 4495 1406 4566 aucupio
1439 4495 1585 4548 duas
1618 4495 1762 4549 forte
1794 4509 1971 4549 vena-

2096 525 2356 597 hospitio
2383 544 2614 584 usuros.
2649 529 2889 584 Interim
2921 534 3119 585 autem
3176 530 3314 599 picae
3364 530 3589 586 dictata
3616 547 3748 602 quo-

2096 615 2236 670 tidie
2269 617 2580 673 recitantes
2623 618 3002 675 oblectationi
3046 619 3393 675 domesticis
3442 625 3632 685 erant,
3660 636 3749 692 pe-

2095 705 2394 776 regrinum
2428 706 2688 764 humano
2739 707 2992 764 similem
3024 725 3055 764 e
3087 709 3293 764 rostris
3332 707 3624 764 emissum
3654 725 3746 764 vo-

2094 792 2323 850 lucrum
2357 796 2790 853 admirantibus
2821 814 3054 865 sonum,
3087 797 3319 854 nemine
3348 802 3550 854 tamen
3578 798 3742 853 intel-

2093 883 2309 954 ligente
2341 887 2482 957 quid
2516 888 2691 943 verba
2731 888 3133 960 signiﬁcarent
3165 906 3178 944 :
3213 890 3428 961 quippe
3459 905 3596 945 cum
3632 905 3738 944 non

2091 980 2248 1028 esset
2303 975 2382 1030 ibi
2438 976 2592 1031 ullus
2640 977 2740 1048 qui
2776 977 2950 1033 sciret
3006 979 3258 1047 Persice,
3293 984 3503 1050 praeter
3559 995 3738 1034 unum

2092 1063 2286 1134 ipsum
2314 1065 2538 1121 fraudis
2573 1067 2878 1123 artiticem.
2902 1068 3154 1139 Jamque
3187 1068 3244 1122 in
3279 1068 3552 1124 viciniam
3584 1070 3735 1123 fama

2090 1159 2486 1223 emanaverat,
2537 1160 2595 1210 et
2651 1156 2863 1212 domus
2917 1158 3408 1228 frequentabatur
3453 1174 3732 1213 concursu

2088 1250 2483 1321 curiosorum,
2516 1253 2721 1308 audire
2761 1253 3134 1324 gestientium
3183 1254 3446 1310 humano
3478 1271 3739 1311 sermone

2089 1345 2320 1396 utentes
2378 1341 2570 1409 alites,
2627 1358 2692 1397 ac
2747 1343 3018 1398 videlicet
3073 1343 3460 1400 invidentium
3522 1345 3746 1400 Persidi

2087 1428 2430 1486 felicitatem
2492 1447 2722 1500 raram;
2779 1433 2905 1505 ipsa
2962 1445 3196 1504 quoque
3248 1434 3544 1490 interdum
3608 1449 3745 1505 gau-

2089 1519 2262 1574 dente
2290 1520 2758 1588 matrefamilias,
2780 1522 2982 1592 quanti
3007 1522 3098 1576 sui
3126 1524 3364 1592 periculi
3391 1523 3746 1580 miraculum

2087 1606 2195 1663 hoc
2238 1614 2414 1677 esset,
2467 1613 2593 1665 tum
2644 1611 2838 1667 adhuc
2869 1611 3074 1682 ignara
3121 1616 3178 1667 et
3225 1613 3353 1669 ideo
3400 1630 3636 1669 secura.
3671 1619 3747 1671 Ba

2086 1696 2208 1753 vice
2239 1713 2434 1752 rerum
2487 1700 2804 1755 adveniunt
2842 1701 3160 1772 exspectati
3211 1702 3396 1759 Persa:
3447 1720 3748 1774 proceres,

2013 1829 2058 1897 Β
2092 1791 2149 1841 et
2177 1804 2307 1897 cujm
2350 1793 2469 1887 toto
2521 1789 3206 1897 comitatu‘excipiuntur
3254 1791 3537 1897 hospitali
3570 1799 3747 1894 tecto,

2093 1892 2195 1946 pro
2228 1876 2452 1932 domini
2491 1879 2658 1951 cepia
2705 1885 2762 1934 et
2809 1879 3202 1949 humanitate,
3235 1880 3748 1953 splendidissime.

2095 1973 2284 2028 Prima
2331 1979 2519 2046 nocte,
2556 1976 2808 2032 triclinio
2862 1978 3172 2048 magniﬁce
3220 1984 3450 2047 ornato,
3484 1979 3750 2036 lautissi-

2093 2061 2205 2117 mis
2237 2063 2430 2135 epulis
2459 2065 2778 2135 gratulatio
2822 2070 3137 2122 admentus
3167 2069 3496 2124 amicorum
3531 2069 3751 2140 geniali

2093 2150 2298 2206 laetitia
2343 2151 2748 2210 celebrabatur
2782 2171 2795 2209 :
2829 2156 3061 2226 quando
3109 2155 3219 2212 rite
3267 2155 3466 2213 libatis
3513 2160 3630 2214 sub
3665 2177 3753 2215 se-

2090 2241 2320 2296 cundas
2360 2259 2592 2299 mensas
2647 2243 2770 2299 Jovi
2821 2245 2989 2301 xenio
3043 2246 3292 2317 poculis,
3342 2249 3629 2304 renidens
3681 2251 3748 2304 ad

2089 2330 2353 2402 hospites
2402 2333 2549 2389 festa
2597 2333 2891 2390 hilaritate
2942 2352 3117 2391 ccanm
3166 2339 3331 2407 pater
3364 2353 3379 2391 :
3411 2339 3748 2408 Assuetam,

2091 2419 2300 2489 inquit,
2355 2421 2630 2493 hospitiis
2676 2423 3019 2479 vestratium
3070 2425 3263 2480 inistis
3313 2427 3596 2494 domum;
3633 2445 3749 2483 non

2091 2509 2246 2564 enim
2280 2527 2379 2565 vos
2411 2527 2442 2565 e
2471 2511 2706 2567 Perside
2755 2515 2977 2583 primos
3015 2515 3361 2586 accipimus.
3399 2517 3581 2571 Bonis
3629 2519 3750 2572 avi-

2090 2598 2205 2654 bus
2251 2600 2539 2671 auspicati
2587 2602 3004 2658 commercium
3056 2604 3341 2670 faustum,
3377 2606 3674 2663 fecundas
3721 2626 3752 2664 e

2089 2694 2281 2744 vestra
2314 2691 2500 2760 patria
2529 2691 2752 2746 dudum
2790 2694 3105 2749 accersitae
3139 2694 3227 2748 hic
3258 2693 3556 2751 habemus
3586 2697 3750 2752 volu-

2088 2793 2241 2833 ores.
2273 2779 2422 2833 Tum
2466 2780 2720 2835 innuens
2770 2782 3140 2853 accipitrario
3189 2787 3252 2838 ut
3298 2783 3552 2840 inferret
3584 2786 3753 2855 picas

2092 2867 2562 2938 Recognoscetis,
2615 2870 2868 2940 perrexit
2919 2871 3132 2939 dicere,
3181 2888 3315 2926 cum
3367 2874 3658 2944 quadam,
3690 2880 3753 2930 ut

2090 2972 2282 3026 spero,
2304 2956 2603 3029 voluptate
2633 2959 2894 3028 linguam
2924 2965 3200 3017 vestram.
3233 2967 3448 3033 Magna
3479 2965 3750 3020 omnium

2090 3045 2517 3114 exspectatione
2563 3048 2907 3105 introductae
2936 3050 3065 3104 duas
3117 3067 3323 3116 caveae,
3355 3052 3634 3122 picarum
3667 3059 3751 3108 to-

2090 3134 2269 3188 tidem
2322 3135 2656 3203 diversoria,
2715 3136 2842 3193 loco
2899 3138 3178 3194 eminenti
3237 3139 3633 3198 collocantur.
3665 3143 3750 3198 Fit

2029 3233 2054 3257 λ
2089 3221 2414 3293 silentium,
2447 3224 2567 3282 illis
2612 3227 2924 3282 edentibus
2952 3232 3009 3282 et
3051 3229 3266 3300 saepius
3317 3231 3747 3300 replicantibus

2076 3312 2428 3368 cantilenam
2474 3315 2732 3370 solitam.
2764 3316 2869 3372 Hie
2910 3315 3203 3373 enimvero
3236 3323 3427 3375 Persae
3459 3338 3736 3392 proceres

2079 3401 2300 3468 mirari,
2353 3403 2599 3460 innuero
2645 3404 2919 3476 invicem,
2957 3423 3090 3461 mox
3141 3407 3318 3462 etiam
3366 3409 3747 3479 erubescere,

2079 3500 2320 3556 asseclis
2352 3500 2614 3571 ipsorum
2657 3507 2718 3558 et
2758 3503 3047 3559 ministris
3076 3521 3146 3560 ex
3175 3507 3379 3561 eadem
3435 3515 3616 3580 gente
3649 3510 3747 3580 qui

2078 3593 2371 3662 astabant,
2424 3593 2556 3649 aliis
2625 3595 2826 3648 furtim
2894 3595 3316 3667 arridentibus,
3375 3599 3740 3669 quibusdam

2079 3699 2229 3755 mgre
2260 3681 2668 3738 cohibentibus
2691 3683 3045 3739 cachinnum
3068 3691 3505 3758 erumpentem.
3534 3690 3746 3746 Obstu-

2083 3773 2206 3842 puit
2238 3771 2360 3827 haec
2388 3771 2709 3828 observans
2753 3789 2926 3828 comae
2970 3775 3270 3844 presbiter,
3299 3782 3358 3832 et
3386 3777 3548 3833 Num
3603 3780 3742 3852 quid

2079 3877 2204 3927 vos,
2238 3861 2338 3930 ait,
2373 3861 2658 3932 hospites,
2689 3861 2747 3918 in
2781 3867 2955 3918 cantu
2991 3863 3375 3920 familiarium
3410 3867 3606 3936 vobis,
3641 3886 3744 3924 no-

2083 3952 2174 4006 bis
2225 3953 2667 4023 peregrinarum
2714 3954 2958 4010 offendit
2989 3954 3236 4010 avium?
3283 3963 3370 4012 An
3425 3957 3655 4031 aliquid
3690 3960 3746 4015 in

2083 4041 2377 4096 sententia
2407 4041 2500 4096 hic
2538 4041 2739 4113 ignota
2769 4043 2935 4099 vobis
2971 4045 3440 4116 percipientibus
3473 4050 3617 4119 quid
3649 4067 3746 4105 so-

2084 4134 2202 4198 net,
2246 4132 2390 4186 forte
2425 4131 2738 4187 molestum
2785 4132 3037 4189 accidit?
3088 4136 3595 4206 Interpretamini,
3632 4137 3740 4194 nisi

2083 4235 2256 4290 grave
2302 4225 2412 4287 est,
2463 4221 2604 4291 quid
2655 4223 2892 4277 tandem
2925 4223 2982 4278 id
3034 4222 3131 4278 sit.
3162 4225 3248 4279 Ad
3305 4241 3371 4280 ea
3427 4228 3628 4283 senior
3671 4243 3738 4282 ex

2082 4308 2276 4380 ipsis:
2322 4313 2449 4364 Non
2507 4315 2614 4377 est,
2675 4310 2889 4382 inquit,
2941 4312 3199 4380 domine,
3257 4315 3507 4385 pudoris
3560 4315 3740 4372 nostri

2084 4398 2378 4453 notionem
2413 4399 2722 4455 verborum
2775 4417 2902 4471 quis
2934 4402 3236 4470 audimus,
3269 4403 3477 4475 lingua
3521 4406 3628 4460 tibi
3661 4407 3742 4460 fa-

2085 4485 2322 4555 miliari,
2358 4504 2532 4558 quam
2574 4493 2634 4543 et
2683 4504 2789 4545 nos
2821 4489 2918 4544 hic
2945 4491 3372 4562 peregrinando
3422 4493 3740 4550 didicimus

319 4595 415 4642 tus
447 4587 609 4658 picas
641 4591 815 4653 esset,
841 4591 1078 4642 domum
1114 4585 1318 4639 ambas
1341 4583 1498 4639 vivas
1526 4582 1778 4653 pertulit,
1806 4599 1967 4637 men-
2002 4574 2044 4638 D
2078 4577 2433 4647 exprimere;
2467 4578 2608 4648 quia
2639 4583 2834 4634 tamen
2861 4595 2952 4634 res
2976 4585 3066 4636 est
3087 4581 3404 4651 ejusmodi,
3431 4599 3608 4655 quam
3641 4591 3737 4639 tua

321 4677 463 4732 titus
495 4693 562 4732 ex
594 4676 831 4732 Perside
883 4677 1174 4743 advectas,
1209 4674 1460 4728 disertae
1495 4690 1629 4727 aves
1677 4671 1837 4726 illius
1870 4671 1969 4726 ubi

319 4771 516 4823 essent
572 4769 720 4821 natae
780 4765 1038 4836 regionis
1093 4764 1316 4835 lingua.
1365 4762 1506 4818 Inde
1557 4761 1688 4816 illas
1735 4761 1972 4817 assidue

322 4874 386 4912 ac
440 4855 903 4912 laboriosissime
955 4854 1171 4909 institit
1219 4853 1458 4907 edocere
1507 4867 1739 4905 carmen
1775 4851 1840 4905 ad
1876 4868 1966 4906 ra-

317 4948 509 5004 tiones
568 4944 1075 5001 accommodatum
1137 4941 1413 4998 destinati
1473 4939 1730 4996 sceleris.
1789 4939 1968 4995 Alteri

318 5051 572 5108 namque
609 5034 823 5106 saepius
873 5032 1133 5104 quotidie
1166 5029 1498 5086 inculcabat
1527 5029 1677 5084 hanc
1726 5034 1968 5084 senten-

312 5129 454 5183 tiam
501 5125 777 5180 idiomate
830 5122 1058 5178 Persico
1092 5138 1105 5177 :
1143 5122 1268 5176 Vidi
1312 5119 1595 5175 dominam
1637 5136 1763 5174 cum
1808 5120 1966 5189 lani-

309 5223 431 5273 tore
475 5215 942 5282 concumbentcm,
983 5211 1148 5266 alteri
1199 5211 1321 5265 haec
1369 5211 1545 5264 verba
1595 5209 1798 5264 eadem
1846 5208 1968 5262 lin-

308 5325 421 5377 gua
457 5325 468 5363 :
502 5308 610 5379 Ego
643 5321 766 5362 vero
816 5306 946 5359 licet
978 5305 1120 5360 idem
1149 5303 1412 5368 viderim,
1445 5301 1591 5355 nihil
1639 5299 1778 5354 dico.
1816 5300 1964 5354 Insi-

308 5397 632 5453 diosissimi
662 5393 892 5450 artificii
947 5393 1068 5449 haec
1101 5398 1226 5448 erat
1266 5391 1433 5447 ratio.
1468 5389 1701 5444 Sciebat
1749 5387 1963 5460 accipi-

303 5487 520 5542 trarius
570 5486 779 5541 Persas
833 5485 1120 5554 quosdam
1180 5481 1484 5552 primarios
1531 5479 1709 5544 viros,
1739 5477 1960 5532 visendi

305 5580 432 5630 tum
466 5593 531 5630 ac
563 5575 825 5630 discendi
871 5590 1049 5629 causa
1096 5570 1538 5643 peregrinantes
1567 5584 1666 5637 per
1712 5566 1958 5636 Indiam,

308 5681 422 5719 non
457 5664 532 5719 ita
578 5666 764 5718 multo
816 5667 946 5734 post
973 5667 1254 5718 venturos
1286 5659 1342 5712 in
1373 5659 1580 5712 urbem
1628 5657 1872 5728 regi-am,
1903 5662 1960 5714 et

2081 4665 2404 4736 plurimum
2437 4667 2682 4723 interest
2714 4684 2908 4738 nosse,
2927 4669 3178 4740 explicet
3206 4671 3354 4725 eain
3380 4688 3584 4727 aurem
3611 4674 3739 4738 tibi,

2079 4780 2252 4836 quem
2306 4765 2826 4837 circumducimus,
2863 4765 3174 4839 interpres.
3205 4769 3366 4823 Tunc
3390 4770 3577 4839 jussu
3609 4772 3739 4826 Per-

2077 4869 2276 4908 sarum
2311 4855 2594 4911 accedens
2635 4855 2926 4926 interpres
2975 4858 3044 4911 ad
3095 4858 3607 4929 patremfamilias,
3642 4863 3735 4916 In-

2077 4944 2204 4998 dice
2251 4944 2526 5014 reddidit,
2561 4959 2698 5000 voce
2746 4946 3050 5001 submissa
3102 4949 3256 5017 quod
3308 4947 3451 5019 pica
3503 4949 3734 5006 Persice

2078 5033 2487 5104 loquebantur.
2522 5034 2766 5090 Astabat
2814 5034 3076 5091 intentus
3121 5037 3191 5090 ad
3244 5053 3310 5092 ea
3358 5053 3486 5108 quae
3517 5038 3736 5094 ﬁebant

2076 5123 2568 5178 sceleratissimus
2625 5128 2860 5180 curator
2920 5124 3290 5196 accipitrum,
3351 5127 3452 5197 qui
3517 5129 3730 5184 ferrum

2077 5213 2217 5266 dum
2252 5213 2509 5267 fervebat
2546 5213 2919 5269 tundendum
2979 5220 3166 5281 ratus,
3213 5215 3734 5286 impudentissime

2076 5301 2350 5357 clamavit
2393 5301 2590 5357 Indico
2623 5318 2914 5372 sermone,
2949 5302 3187 5359 intuens
3235 5306 3552 5362 dominum
3590 5325 3604 5363 :
3639 5313 3726 5362 Ar-

2074 5396 2264 5460 guunt
2295 5407 2387 5446 me
2418 5391 2726 5447 inofficiosi
2759 5391 2976 5447 silentii
3012 5393 3233 5459 bestiis,
3265 5393 3406 5449 dum
3444 5399 3722 5466 probrum

2072 5486 2184 5534 tuae
2217 5481 2427 5535 domus
2465 5480 2740 5550 evulgare
2777 5487 3086 5552 occupant.
3119 5484 3272 5553 quod
3302 5500 3429 5555 ego,
3468 5501 3584 5541 non
3618 5487 3725 5540 mi-

2073 5585 2185 5623 nus
2217 5585 2396 5639 quam
2427 5569 2576 5641 ipsis
2608 5570 2753 5626 mihi
2788 5575 3162 5642 perspectum
3197 5574 3610 5644 superstitiosa
3636 5589 3722 5628 ve-

2074 5658 2352 5713 recundia
2397 5658 2690 5714 hactenus
2727 5658 2900 5714 tacui.
2937 5658 3007 5714 Ut
3035 5658 3218 5731 igitur
3247 5659 3400 5732 quod
3455 5663 3719 5718 omittere
