4002 6202
273 341 405 397 1293

1294 342 1654 395 SPECIMEN
1691 341 2091 394 SAPIENTl/E
2130 343 2459 396 INDORUM
2499 342 2659 399 VET.

3550 359 3683 412 1294

273 467 455 536 salva,
488 481 665 537 quam
704 464 808 519 tibi
844 463 1185 528 debeo,fide
1215 479 1329 518 non
1378 479 1646 534 possum,
1678 462 1764 517 vel
1804 479 1933 518 sero
1962 466 2013 531 Α
2045 478 2287 535 gravare
2326 469 2663 525 testimonio
2718 472 2959 542 paratis,
3022 492 3122 543 pro
3174 494 3241 532 ea
3298 496 3418 547 qua)
3476 483 3691 553 cuique

271 573 577 628 exsequar,
613 556 704 610 aio
756 566 1142 624 asseveroque
1192 554 1345 609 idem
1393 555 1550 624 quod
1594 554 1732 624 plcre
1784 554 1926 608 refe-

274 652 441 715 runt,
493 645 711 701 vidisse
762 644 1043 698 nimirum
1098 660 1191 697 me
1240 658 1475 714 quoque
1525 642 1687 697 hisce
1744 641 1929 697 oculis

277 754 388 792 non
440 734 621 791 semel
673 742 727 789 et
778 733 1016 802 iterum,
1073 734 1172 788 sed
1235 733 1469 803 saapius,
1512 732 1825 787 adulterari
1858 731 1929 786 ab

277 826 702 883 ostiariotuam
755 826 1069 895 conjugem
1119 822 1411 878 volentem
1453 827 1511 877 et
1566 826 1928 893 poscentem.

280 918 562 972 Efferatus
594 920 755 970 tanto
788 930 894 969 suo
940 915 1224 968 dedecore
1264 911 1707 983 paterfamilias,
1751 910 1931 965 simul

281 1006 499 1062 furioso
530 1006 730 1060 defixit
766 1007 972 1059 obtutu
1007 1002 1221 1069 eidem,
1252 1006 1307 1056 et
1338 1001 1526 1073 ipsam
1576 1017 1787 1055 mensae
1828 1017 1926 1055 ac-

282 1095 653 1151 cumbentem
691 1108 947 1157 uxorem,
993 1090 1167 1146 simul
1224 1104 1437 1144 manus
1466 1094 1521 1143 et
1567 1105 1729 1143 arma
1760 1104 1931 1157 expe-

283 1185 481 1240 diebat
510 1182 560 1237 ei
592 1181 790 1237 statim
823 1180 880 1236 in
912 1181 1101 1235 oculis
1133 1180 1508 1234 convivarum
1548 1178 1928 1233 trucidandaz.

285 1275 645 1331 Obstiterunt
701 1276 1126 1341 consurgentes
1184 1268 1467 1340 hospites,
1524 1284 1636 1322 non
1682 1270 1931 1338 gratiam

289 1362 579 1437 supplicii,
632 1362 729 1416 sed
786 1378 1006 1417 moram
1059 1361 1129 1414 ad
1185 1358 1579 1430 cognitionem
1630 1374 1692 1412 se
1743 1363 1936 1427 petere

288 1451 530 1506 aientes.
562 1447 800 1503 Interim
836 1446 1172 1502 miserrima
1229 1451 1519 1513 matrona,
1580 1450 1816 1515 sumpto
1866 1460 1934 1498 ex

290 1538 643 1595 conscientia
687 1537 917 1604 animo,
968 1536 1155 1590 virum
1209 1535 1301 1589 his
1345 1536 1537 1590 verbis
1577 1535 1936 1589 confidenter

288 1635 376 1685 est
398 1630 606 1685 affata:
640 1628 723 1683 Ne
777 1627 1104 1699 praecipites
1160 1627 1599 1682 damnationem
1656 1624 1934 1679 inauditas

292 1736 421 1787 reas,
455 1718 597 1773 adeo
647 1734 762 1773 non
813 1717 1139 1772 recusantis
1190 1716 1574 1771 saevissimam
1622 1730 1846 1777 necem,
1889 1713 1934 1768 si

2041 555 2460 626 antiquissima
2491 564 2579 614 est
2611 561 2857 633 propriae
2883 562 3303 623 incolumitatis
3331 586 3489 634 cura,
3524 588 3691 642 repu-

2039 648 2251 711 tantes,
2284 650 2541 703 metuere
2575 666 2678 719 par
2707 656 2796 705 est
2830 652 3117 709 intentam
3159 655 3214 710 in
3249 658 3680 714 calumniarum

2042 732 2324 790 ultionem
2356 735 2615 807 vigiliam
2653 739 3049 809 Providentia,
3083 748 3453 818 statuereque
3490 749 3688 804 vobis—

2042 836 2198 892 cum,
2233 838 2345 880 non
2381 826 2591 882 minori
2637 845 2739 883 vos
2796 834 2986 886 vestro
3036 849 3210 903 quam
3244 851 3371 889 meo
3432 837 3688 907 periculo

2042 912 2099 966 in
2132 911 2242 967 hoc
2265 913 2490 983 judicio
2526 919 2892 974 mentituros.

2114 1002 2212 1056 IX.
2252 1004 2376 1056 Haec
2408 1021 2441 1057 a
2472 1004 2829 1076 Vestigatore
2863 1010 3059 1065 audita
3121 1012 3417 1068 silentium
3471 1016 3697 1087 excepit

2044 1090 2388 1162 astantium,
2424 1093 2656 1149 nemine
2691 1112 2802 1151 non
2856 1115 3057 1153 eorum
3092 1103 3188 1171 qui
3223 1103 3433 1157 dicturi
3469 1105 3694 1177 aliquid

2043 1188 2343 1250 venerant,
2376 1199 2485 1237 sua
2516 1197 2692 1239 causa
2742 1185 3113 1257 formidante,
3163 1196 3281 1245 tam
3333 1199 3607 1264 argutum
3642 1198 3698 1249 et

2044 1268 2349 1340 loquacem
2384 1288 2547 1325 reum
2581 1278 2796 1328 temere
2818 1275 3163 1333 lacessendo
3196 1279 3253 1333 in
3286 1298 3412 1335 sese
3445 1282 3693 1338 irritare.

2044 1359 2432 1423 Quaestionem
2468 1362 2649 1431 igitur
2698 1363 2981 1434 ampliare
3023 1372 3257 1422 coactus
3298 1370 3500 1439 judcx,
3552 1390 3691 1427 con-

2044 1452 2278 1503 ventum
2313 1447 2506 1514 solvit,
2550 1448 2703 1506 diem
2754 1450 2888 1507 inde
2943 1456 3251 1525 septimam
3315 1458 3695 1516 instaurando

2036 1535 2261 1607 judicio
2292 1538 2626 1596 condicens.
2662 1539 2875 1595 Verum
2911 1558 2975 1596 eo
3007 1544 3198 1615 spatio
3235 1548 3697 1611 prudentissima

2045 1626 2200 1698 regis
2231 1632 2416 1681 mater
2446 1627 2628 1682 [ilium
2663 1629 2890 1696 adiens,
2923 1632 3253 1703 Quousque,
3283 1636 3498 1707 inquit,
3522 1639 3696 1693 susti-

2046 1731 2149 1770 nes
2180 1723 2478 1771 versutum
2513 1718 2670 1773 hunc
2725 1717 3185 1791 vitilitigatorem
3218 1722 3323 1778 tibi
3368 1731 3423 1779 et
3469 1726 3698 1797 legibus

293 1809 509 1864 crimen
540 1809 692 1878 quod
719 1807 997 1877 objicitur
1038 1821 1233 1862 verum
1292 1810 1402 1862 est.
1462 1808 1527 1859 ut
1581 1809 1939 1901 occupatura
1970 1837 2015 1901 Β
2047 1804 2329 1861 illudere?
2366 1807 2602 1876 Excute,
2645 1824 2842 1880 quaeso
2893 1816 2966 1881 te,
3009 1811 3329 1883 proculque
3377 1813 3544 1885 abige
3594 1834 3695 1871 su-

294 1898 443 1954 ultro
475 1898 671 1953 fuerit.
696 1902 835 1951 Cave
872 1901 1042 1968 putes
1067 1894 1293 1950 vocales
1316 1911 1450 1949 aves
1482 1894 1635 1964 quod
1688 1891 1939 1948 viderint

289 1990 535 2055 referre;
571 1987 824 2042 reddunt
856 2002 981 2056 quae
1013 1984 1347 2049 audierunt,
1380 1999 1506 2053 quae
1556 1982 1761 2036 artifex
1810 1997 1936 2035 sce-

294 2077 432 2133 leris
468 2076 687 2143 docuit,
724 2073 1218 2146 recitant,iguara3
1252 2072 1387 2143 ipsis
1429 2071 1568 2142 quid
1600 2071 1938 2142 loquuntur.

290 2168 459 2235 Jube,
484 2166 531 2221 si
566 2165 823 2231 dubitas,
873 2161 1220 2233 interrogari
1280 2177 1350 2216 ne
1409 2160 1539 2216 aliis
1592 2175 1692 2216 eas
1738 2158 1940 2230 lingua

291 2274 406 2328 qua
436 2256 558 2310 haec
598 2255 823 2322 dicunt,
856 2252 903 2308 si
940 2252 1176 2307 verbum
1232 2254 1531 2321 praeterea,
1563 2249 1651 2305 vel
1696 2248 1934 2303 unicum

285 2344 572 2402 sermonis
606 2343 841 2409 Persici,
895 2345 997 2396 aut
1044 2339 1369 2411 intelligere
1416 2339 1796 2403 videbuntur,
1836 2341 1940 2393 aut

286 2451 564 2507 reponere
597 2436 870 2503 poterunt
894 2430 1257 2501 rogantibus,
1291 2428 1522 2483 cunctis
1554 2445 1647 2483 me
1674 2432 1937 2483 tormen-

278 2526 356 2581 tis
380 2522 670 2579 excrucia.
705 2526 852 2577 Fons
886 2519 1099 2591 piaculi
1134 2519 1311 2574 totius
1344 2518 1521 2587 hujus
1580 2517 1936 2589 accipitrarii

280 2612 625 2685 nequissimi
678 2607 1132 2666 effrenatissima
1185 2606 1359 2663 libido
1436 2611 1543 2661 est.
1604 2606 1704 2661 llle
1753 2623 1936 2661 ausus

278 2709 506 2759 tentare
544 2699 883 2772 pudicitiam
918 2713 1131 2763 meam,
1168 2696 1264 2749 ubi
1298 2697 1550 2765 rejectus
1581 2695 1769 2749 audiit
1812 2712 1936 2765 quas

285 2792 520 2861 meruit,
556 2790 662 2845 has
687 2787 991 2843 adornavit
1013 2786 1254 2841 technas
1279 2785 1423 2839 mihi
1456 2785 1783 2855 perdendae;
1810 2801 1938 2837 suc-

286 2882 546 2948 cedente,
593 2882 661 2933 ut
713 2878 829 2932 fere
881 2876 962 2943 fit,
1010 2874 1068 2929 in
1132 2874 1323 2929 locum
1387 2873 1657 2945 flagitiosi
1719 2874 1936 2927 amoris

286 2976 484 3044 optato
536 2968 820 3035 frustrati,
871 2966 1252 3037 sanguinaria
1300 2964 1667 3019 immanitate
1732 2965 1936 3034 tragici

286 3060 617 3118 odii.Plura
652 3059 941 3112 dicturam
1000 3053 1387 3125 interpellavit
1440 3072 1504 3109 os
1540 3056 1783 3109 ferreum
1837 3070 1938 3107 au-

287 3149 588 3206 dacissimi
613 3145 1082 3210 calumniatoris,
1112 3142 1940 3215 perseveransimprobissime

288 3255 493 3295 verum
544 3253 607 3293 se
657 3236 880 3301 testari,
934 3234 1112 3289 falsas
1165 3233 1570 3288 excusationes
1629 3233 1939 3287 obtendere

282 3333 545 3385 astutam
573 3325 923 3381 adulteram.
959 3322 1083 3378 Tali
1115 3322 1360 3377 articulo
1411 3322 1622 3388 adfuit,
1665 3327 1944 3392 tanquam

291 3421 443 3474 Deus
473 3434 504 3472 e
526 3414 821 3483 machina,
843 3411 1107 3467 mirabile
1134 3416 1453 3467 ostentum.
1482 3410 1688 3481 Ruptis
1712 3415 1945 3479 repente

293 3506 436 3562 loris
458 3504 765 3577 expeditus
790 3520 820 3557 e
852 3502 1072 3571 pertica
1105 3500 1397 3555 falconum
1450 3500 1765 3564 maximus,
1799 3516 1948 3570 quos

291 3598 407 3652 istc
442 3594 652 3651 nebulo
686 3593 952 3657 curabat,
986 3590 1213 3645 infestis
1244 3594 1301 3644 et
1334 3592 1520 3643 rostro
1543 3592 1599 3643 et
1650 3590 1949 3660 unguibus

294 3684 588 3750 involans,
634 3682 685 3737 ei
737 3679 938 3735 oculos
982 3678 1175 3746 eruit;
1224 3676 1738 3747 consternavitque
1783 3678 1947 3744 adeo,

289 3781 416 3831 tam
450 3771 765 3829 manifesto
798 3768 1063 3824 numinis
1095 3767 1312 3822 indicio
1343 3765 1698 3833 convictum,
1750 3771 1813 3819 ut
1847 3765 1950 3820 fla-

292 3866 511 3939 gitium
535 3865 661 3933 jam
688 3877 887 3928 suum,
924 3863 1232 3930 totumque
1280 3855 1627 3910 insidiarum
1687 3855 1951 3909 ordinem

290 3956 452 4012 ultro
498 3952 783 4008 confitens
845 3948 1141 4020 panderet.
1206 3948 1290 4001 Ita
1343 3944 1564 4010 oculos,
1618 3943 1832 4014 quibus
1894 3960 1955 3997 se

299 4043 700 4100 mentiebatur
728 4039 947 4095 vidisse
986 4053 1114 4107 quae
1146 4036 1424 4107 fingebat,
1470 4032 1803 4105 justissima
1835 4032 1957 4087 vice

300 4136 593 4206 impostor
623 4130 847 4199 amisit,
881 4134 937 4184 et
987 4132 1255 4183 matrona
1310 4126 1587 4180 innocens
1639 4126 1958 4180 subornato

300 4224 498 4279 avium
546 4218 851 4276 mendacio
883 4217 1187 4285 infamata,
1207 4214 1332 4270 avis
1355 4214 1580 4269 ultricis
1606 4230 1719 4269 non
1748 4213 1959 4285 implo-

300 4318 435 4368 rata
475 4309 816 4366 defensione
851 4310 1097 4377 purgata
1125 4308 1233 4359 est.
1268 4304 1410 4358 Tam
1443 4319 1575 4357 caro
1608 4303 1837 4374 procaci
1864 4304 1960 4373 ju-

2048 1895 2415 1965 pertitiosum
2453 1901 2669 1953 metum
2699 1899 2952 1969 errandi,
2998 1896 3301 1957 subdendo
3346 1904 3532 1973 poenis
3566 1922 3693 1959 ma-

2050 1985 2255 2040 nifeste
2288 1987 2509 2042 meritis
2537 1988 3044 2059 improbissimum
3074 1996 3271 2062 caput,
3304 1995 3473 2062 cujus
3504 2009 3574 2047 ex
3596 2009 3693 2048 ore

2048 2074 2173 2142 ipso
2203 2073 2361 2129 domi
2393 2090 2510 2130 sum
2538 2077 2663 2131 sine
2710 2077 2917 2132 timore
2976 2078 3178 2134 arbitri
3238 2094 3373 2135 vera
3432 2080 3694 2147 fatentis,

2046 2163 2379 2234 leopardus,
2413 2166 2736 2236 quantaevis
2784 2173 2987 2223 auctor
3034 2164 3189 2235 fidei,
3238 2169 3459 2224 audivit
3506 2170 3697 2226 diser~

2050 2254 2339 2307 tissimam
2369 2254 2793 2309 confessionem
2820 2254 3197 2312 circumventi
3232 2257 3562 2328 proditione
3594 2275 3696 2314 ne-

2048 2342 2473 2399 fariainsontis
2506 2344 2679 2399 tauri.
2712 2347 2857 2410 Quid
2921 2342 3051 2401 aliis
3111 2352 3391 2417 praeterea
3447 2350 3697 2405 testibus

2048 2446 2195 2501 opus
2226 2438 2333 2499 est,
2364 2438 2463 2486 aut
2493 2448 2775 2503 quorsum
2831 2432 3135 2505 inquisitio
3196 2437 3561 2506 producitur,
3598 2437 3697 2493 ubi

2048 2520 2266 2575 crimen
2300 2524 2533 2576 tenetur
2553 2522 2581 2576 ?
2604 2522 2726 2577 Non
2760 2521 2920 2579 vides
2938 2522 3043 2578 hoc
3062 2538 3489 2595 supervacaneo
3508 2524 3699 2596 legiti-

2049 2610 2511 2680 mazqueestionis
2540 2616 2823 2682 apparatu
2875 2628 3106 2667 scenam
3127 2612 3399 2669 adornari
3434 2613 3699 2669 artificiis

2048 2697 2419 2753 callidissimi
2452 2700 2687 2764 rabulaz,
2725 2701 2876 2755 unde
2903 2702 3203 2770 sejactent
3227 2717 3414 2772 usque
3434 2700 3503 2757 ad
3532 2701 3695 2773 plau-

2050 2805 2181 2842 sum
2216 2789 2635 2859 impcritorum,
2659 2795 2714 2844 et
2734 2790 3091 2861 triumphata
3116 2790 3473 2859 judiciorum
3509 2796 3705 2847 aucto-

2052 2876 2213 2943 ritas,
2236 2878 2495 2949 str0pbis
2518 2878 2871 2934 cavillatoris
2898 2879 3423 2947 impudentissimi,
3451 2878 3705 2933 ludibrio

2042 2969 2167 3038 jam
2199 2969 2353 3037 vulgi
2390 2970 2750 3023 traducatur.
2785 2970 2847 3024 In
2880 2986 3117 3025 summa
3156 2969 3239 3024 sic
3280 2969 3467 3023 habe:
3502 2969 3550 3023 si
3596 2969 3706 3023 hoc

2052 3056 2147 3111 ille
2171 3058 2393 3112 diutius
2420 3059 2842 3129 feratimpune,
2868 3060 3129 3113 futurum
3159 3058 3401 3113 omnino
3432 3061 3495 3111 ut
3519 3056 3705 3127 major

2053 3146 2326 3217 deinceps
2360 3147 2671 3202 securitate
2721 3148 2937 3202 scelera
2988 3148 3425 3219 frequententur
3466 3164 3708 3219 persua-

2054 3237 2136 3292 sis
2158 3236 2329 3291 istius
2347 3236 2700 3307 experientia
2718 3252 3025 3293 successus
3051 3237 3431 3308 aequissimis
3454 3237 3707 3307 quibus-

2053 3343 2187 3397 quc,
2215 3327 2357 3381 satis
2382 3332 2579 3380 tutum
2604 3326 2967 3395 improbitati
2996 3328 3335 3398 praesidium
3357 3327 3411 3379 in
3441 3325 3709 3380 formulis

2052 3415 2465 3486 leguleiorum,
2497 3432 2561 3469 ac
2613 3415 2947 3470 forensibus
2978 3417 3227 3486 argutiis
3279 3416 3561 3470 adversus
3594 3415 3709 3468 vim

2057 3505 2249 3575 legum
2280 3522 2408 3560 esse
2440 3503 2849 3559 constitutum.
2878 3505 3007 3559 Haec
3028 3506 3242 3575 regina:
3264 3505 3451 3559 oratio
3475 3519 3714 3558 causam

2058 3593 2327 3649 absolvit.
2378 3592 2581 3648 Victus
2629 3593 2786 3648 enim
2832 3592 3083 3647 evidenti
3135 3593 3378 3647 veritate
3428 3592 3713 3662 sapientis

2060 3682 2265 3736 moniti
2318 3681 2406 3736 leo
2451 3697 2570 3749 rex,
2628 3681 2787 3736 misit
2845 3680 3230 3751 spiculatores
3300 3680 3357 3733 in
3418 3695 3709 3733 carcerem

2054 3772 2253 3840 jussos
2284 3768 2363 3823 ibi
2388 3768 2802 3838 Vcstigatorem
2837 3767 3182 3822 interficere.
3219 3770 3355 3820 Post
3398 3783 3525 3837 quae
3576 3784 3714 3820 nar-

2061 3862 2189 3912 rata
2209 3857 2488 3927 coiiigens
2521 3855 2941 3925 disputationis
2973 3872 3090 3909 suae
3117 3870 3409 3909 summam
3461 3870 3711 3924 gymno-

2064 3946 2348 4016 sophista,
2375 3944 2497 4001 haec
2528 3944 2651 4015 regi
2681 3943 3063 4000 Abessalomo
3092 3944 3277 3997 dixit:
3313 3944 3373 3995 In
3407 3941 3563 3995 hunc
3597 3959 3717 3995 mo-

2067 4034 2228 4093 dum.
2262 4032 2519 4098 domine,
2554 4031 2775 4102 ubique
2814 4048 2878 4086 ac
2907 4048 3139 4102 semper
3170 4030 3357 4085 serius
3387 4030 3553 4084 ocius
3584 4045 3713 4083 eve-

2068 4122 2188 4177 niet
2210 4121 2388 4191 utqui
2409 4120 2559 4175 male
2588 4121 2709 4192 agit
2741 4120 2892 4175 male
2924 4120 3203 4191 patiatur,
3235 4125 3291 4173 et
3322 4120 3649 4186 insidiator,
3671 4117 3721 4172 si

2071 4227 2184 4265 non
2202 4208 2400 4264 statim
2426 4209 2669 4263 cadatln
2696 4209 2918 4263 foveam
2945 4224 3120 4279 quam
3136 4206 3302 4263 alteri
3332 4205 3725 4273 foderit,brevi

2073 4299 2281 4355 saltem
2316 4298 2611 4354 similibus
2648 4298 2873 4368 laqueis
2905 4299 3362 4365 circumventus,
3395 4295 3728 4351 calamitate

298 4400 437 4457 veni
466 4398 754 4463 constitit,
804 4395 993 4452 aliena
1026 4412 1137 4449 non
1187 4392 1469 4448 merentis
1516 4392 1768 4463 pernicie
1798 4408 1963 4448 men-
2073 4388 2438 4460 opprimatur
2463 4390 2590 4459 ejus
2624 4386 2747 4459 pari
2775 4404 2951 4457 quam
2988 4385 3377 4459 procuraverit
3412 4386 3652 4441 insonti.

306 4490 409 4546 tiri
442 4488 738 4545 voluisse:
768 4485 925 4557 quod
952 4500 1073 4551 vos,
1109 4482 1154 4538 si
1188 4480 1289 4552 qui
1336 4498 1429 4537 me
1478 4482 1770 4537 insontem
1821 4482 1966 4539 falso

1483 4731 1952 4788 DISSEBTATIO
1986 4733 2443 4790 PARABOLICA
2469 4734 2568 4788 IIl.

1252 4840 1472 4909 Ofﬁcia,
1502 4838 1726 4909 praxim
1755 4848 1805 4894 et
1831 4841 2045 4909 fructus
2070 4854 2215 4896 verae
2241 4839 2510 4896 amicitia:
2540 4840 2810 4896 declarat.

391 4965 496 5021 His
530 4963 747 5019 auditis
779 4961 925 5017 dixit
954 4977 1053 5015 rex
1083 4955 1622 5030 gymnosophistae:
1656 4958 1807 5012 Satis
1866 4958 1978 5013 ista
2008 4962 2053 5025 D
2089 4958 2159 5013 ab
2192 4958 2769 5029 Urbanajuventute,
2805 4958 3031 5029 praedas
3072 4956 3193 5014 illic
3246 4959 3616 5030 quotidianae
3666 4958 3746 5009 fa.

315 5054 579 5128 percepi;
637 5051 845 5107 vellem
905 5048 1046 5105 mihi
1081 5047 1353 5116 deinceps
1384 5044 1664 5115 exemplis
1697 5045 1983 5102 declarari
2093 5063 2218 5104 cere
2248 5048 2440 5104 solita.
2484 5049 2765 5104 Arborem
2825 5048 2943 5104 illic
2995 5066 3279 5105 annosam
3333 5049 3446 5104 late
3501 5060 3745 5117 opacam

319 5145 486 5216 leges
515 5148 576 5198 et
602 5141 796 5198 officia
819 5136 1091 5195 amicitiae
1122 5135 1470 5191 constantis.
2095 5138 2273 5194 ramis
2305 5139 2742 5205 frondentibus,
2779 5143 2929 5193 stato
2953 5139 3175 5193 dudum
3211 5136 3508 5193 domicilio
3542 5148 3749 5188 corvus

402 5232 445 5290 Ι.
482 5232 564 5289 Ad
623 5248 693 5287 ea
734 5225 1222 5301 gymnosophista
1274 5223 1619 5296 respondit:
1678 5223 1982 5280 Amicitiae.
2095 5227 2426 5295 insederat;
2455 5229 2624 5299 cujus
2656 5244 2685 5282 e
2717 5226 3020 5282 cacumine
3054 5244 3186 5283 cum
3220 5222 3473 5281 staretin
3509 5220 3752 5294 specula

324 5321 592 5388 domine,
623 5336 792 5387 vera},
826 5334 945 5389 qua
977 5314 1122 5370 nihil
1155 5312 1547 5385 expetibilius,
1584 5311 1727 5366 nihil
1770 5314 1986 5382 pretio-
2100 5316 2328 5387 prodire
2368 5317 2514 5371 vidit
2544 5321 2901 5386 venatorem,
2925 5332 3101 5371 manu
3130 5318 3361 5371 dextera
3394 5308 3746 5367 venabulum

325 5411 460 5468 sius
490 5410 550 5464 in
576 5408 693 5464 vita
723 5412 831 5473 est,
879 5406 1192 5476 imaginem
1250 5401 1575 5457 informabo
1630 5397 1987 5459 luculentam
2100 5410 2218 5461 rete
2241 5405 2478 5459 sinistra
2510 5411 2861 5477 portantem.
2911 5405 3100 5461 Facile
3131 5402 3412 5459 intellexit
3460 5402 3581 5455 haec
3626 5414 3751 5453 cer-

326 5501 393 5556 in
429 5498 520 5555 his
550 5513 681 5568 quae
711 5510 845 5551 mox
879 5496 1121 5549 referam
1155 5494 1225 5548 de
1258 5491 1550 5560 columba,
1587 5504 1779 5555 corvo,
1802 5507 1990 5563 mure,
2103 5510 2245 5550 nens
2278 5510 2505 5562 corvus,
2539 5511 2645 5550 suo
2675 5496 2854 5551 istum
2910 5501 2966 5550 et
3014 5494 3104 5549 sui
3152 5491 3438 5547 similium
3491 5488 3751 5561 periculo

328 5588 637 5646 testudine
671 5590 727 5641 et
756 5601 987 5656 caprea.
1039 5584 1176 5638 Erat
1211 5598 1390 5653 prope
1436 5580 1757 5652 quamdam
1791 5580 1990 5637 civita-
2104 5586 2322 5650 venire,
2357 5601 2748 5655 mussansque
2779 5602 2843 5639 ac
2875 5584 2987 5638 sibi
3039 5598 3268 5647 cavens,
3318 5580 3620 5636 constituit
3664 5583 3753 5631 ta-

330 5688 457 5735 tem
491 5677 656 5733 locus
685 5679 859 5748 aptus
894 5672 1169 5743 aucupio,
1228 5672 1632 5741 frequentatus
1691 5675 1994 5741 propterea
2105 5689 2236 5728 men
2268 5677 2571 5729 observare
2595 5673 2823 5729 curiose
2854 5687 2967 5741 quo
3001 5670 3109 5725 iste
3142 5670 3337 5725 avium
3382 5665 3582 5742 generi
3625 5668 3763 5737 jure
