4002 6202
319 339 458 396 1295

1827 332 2196 385 APPENDIX
2210 367 2222 382 .

3603 330 3737 384 1296

291 470 631 538 suspectus
663 464 981 534 apparatus
1012 461 1364 530 erumperet.
1398 458 1541 512 Ecce
1561 460 1758 512 autem
1773 455 1971 512 statim
2005 458 2058 524 Α
2090 455 2228 522 Quis
2260 459 2458 510 autem
2484 472 2599 510 non
2631 455 2890 511 adversis
2936 458 3238 510 exercetur
3293 455 3536 511 deﬁnito
3593 460 3739 511 tem-

330 560 486 630 pest,
522 557 644 608 rete
673 567 890 622 auceps
921 549 1222 621 aliquanto
1256 565 1436 620 supra
1467 563 1743 618 campum
1791 547 1980 617 spatio

324 643 526 714 tigillis
557 657 913 714 suspensum
946 639 1244 709 explicuit,
1277 638 1474 710 granis
1507 637 1783 692 frumenti
1835 637 1973 692 sub—

322 739 420 788 tus
450 730 676 804 sparsis
711 755 725 797 ;
757 729 973 800 quibus
1005 727 1204 799 procul
1248 727 1392 783 visis
1450 725 1723 781 columba
1779 725 1977 780 senior

324 821 469 876 alias
491 819 716 890 aliquot
749 817 1019 888 juniores
1068 833 1266 872 secum
1299 816 1544 880 ducens,
1579 814 1871 869 advolavit
1901 813 1972 867 ad

321 909 594 965 viciniam
632 907 770 962 retis
801 912 858 961 et
889 907 1076 977 ipsam
1113 904 1433 961 seminibus
1461 905 1813 974 inspersam,
1848 918 1972 972 qua:

325 999 514 1055 obiter
544 997 816 1053 columba
847 1013 980 1051 cum
1012 995 1314 1050 sodalibus
1345 993 1566 1065 legens,
1597 992 1819 1047 sensim
1846 991 1975 1061 ipsa

325 1089 486 1160 prior
515 1085 730 1142 subivit
762 1090 880 1140 rete
911 1084 1170 1154 aliasque
1203 1084 1403 1138 eodem
1440 1082 1634 1136 traxit.
1697 1081 1825 1135 Haac
1858 1097 1972 1134 non

325 1177 498 1248 longe
531 1175 879 1231 delitescens
914 1174 969 1227 in
1006 1172 1236 1227 insidiis
1277 1170 1692 1242 speculabatur
1735 1186 1971 1240 auceps,

327 1267 426 1338 qui
463 1265 562 1320 ubi
597 1265 846 1336 praidam
877 1262 935 1315 in
964 1278 1160 1316 casses
1200 1261 1467 1315 indutam
1521 1259 1687 1327 vidit,
1721 1263 1972 1312 attractu

325 1356 538 1409 furtivo
557 1351 795 1407 funiculi
813 1350 1234 1404 statuminibus
1255 1349 1712 1411 subductis,rete
1731 1345 1976 1402 devolvit

326 1447 386 1500 in
418 1446 466 1500 ei
492 1445 788 1513 subjectae
810 1442 1093 1497 volucres.
1119 1442 1514 1496 Consternata:
1543 1439 1653 1493 illae
1672 1439 1866 1493 subito
1891 1438 1974 1492 la-

327 1553 434 1606 psu
470 1539 630 1602 sunt,
666 1549 793 1588 sese
824 1537 1026 1603 captas
1075 1534 1430 1586 sentientes:
1481 1535 1670 1585 tamen
1731 1528 1833 1583 illa
1881 1546 1970 1585 se.

324 1625 470 1690 nior,
507 1627 845 1677 cmterarum
888 1621 1132 1687 ductrix,
1177 1622 1327 1676 bono
1363 1638 1487 1676 esse
1535 1621 1732 1676 animo
1783 1621 1973 1677 socias

317 1712 520 1783 jussit,
555 1728 659 1766 nec
687 1716 806 1766 tam
838 1711 949 1765 cito
981 1711 1310 1781 desperare,
1345 1710 1485 1781 quin
1520 1711 1664 1764 ratio
1698 1709 1831 1763 iniri
1864 1708 1973 1762 ali-

326 1819 441 1874 qua
497 1806 696 1872 posset
743 1800 1114 1870 expediendae
1171 1816 1239 1854 ex
1294 1816 1360 1854 eo
1424 1798 1681 1870 periculo
1739 1796 1968 1852 salutis.

325 1892 573 1960 Moxque
594 1890 1037 1961 circumspectis
1067 1891 1343 1944 omnibus
1372 1889 1430 1943 in
1461 1889 1675 1943 ﬁducia
1705 1889 1968 1942 ﬁrmata:

324 1987 484 2036 Heus
506 1997 627 2047 vos,
653 1980 937 2050 inquitad
971 1980 1235 2046 comites,
1268 1979 1421 2049 agite
1454 1977 1825 2034 connitimini
1872 1994 1974 2048 pro

327 2088 389 2126 se
421 2087 663 2140 quaeque
684 2087 910 2124 mecum
941 2087 952 2123 :
988 2069 1185 2124 multae
1212 2087 1444 2136 sumus,
1464 2073 1521 2123 et
1545 2074 1660 2123 rete
1680 2067 1973 2122 modicum

325 2163 437 2224 est,
471 2160 768 2214 evolemus
807 2159 982 2213 simul
1017 2159 1072 2213 in
1106 2175 1260 2227 aera,
1291 2163 1410 2213 rete
1459 2174 1696 2212 sursum
1729 2155 1974 2210 evehen—

328 2255 436 2305 tes.
472 2250 712 2304 Factum
748 2249 990 2303 dictum.
1035 2250 1267 2303 Abeunt
1315 2247 1600 2302 sublimes
1645 2248 1976 2301 auferentes

327 2338 661 2409 reticulum,
691 2355 804 2409 quo
836 2341 1011 2393 etiam
1043 2338 1738 2411 implicataetcnebantur.
1775 2336 1977 2406 Suspi-

330 2430 522 2484 ciebat
564 2429 865 2484 admirans
895 2433 1157 2496 venator,
1209 2446 1312 2484 nec
1361 2429 1733 2500 dcspondens
1783 2432 1974 2481 tamen

330 2519 632 2584 animum;
667 2520 1005 2589 providebat
1035 2519 1188 2572 enim
1225 2524 1384 2572 tanto
1417 2518 1612 2573 labore
1660 2523 1834 2588 atque
1865 2516 1977 2570 im-

331 2609 659 2676 pedimento
705 2610 1086 2680 implexarum
1132 2609 1386 2664 cassium
1421 2609 1577 2662 haud
1616 2607 1811 2679 procul
1843 2623 1980 2661 avo-

333 2699 575 2752 laturas.
611 2698 975 2766 Sequebatur
1005 2715 1142 2769 ergo
1175 2713 1417 2752 currens
1458 2697 1513 2750 in
1567 2712 1981 2766 quamcunque

333 2785 466 2840 illas
495 2791 718 2857 partem
755 2787 858 2840 niti
894 2788 1117 2842 alarum
1154 2786 1396 2856 remigio
1419 2786 1712 2840 cernebat.

407 2905 472 2958 ll.
507 2904 698 2960 Variis
722 2921 788 2959 ea
811 2921 1020 2959 corvus
1043 2905 1282 2960 intuens
1307 2904 1662 2958 miscebatur
1679 2902 1984 2957 aﬁ'ectibus

332 3011 396 3048 ac
432 2997 703 3050 sensibus
738 2995 1490 3060 formidinis,miserationis
1521 3000 1578 3048 et
1606 2992 1986 3046 curiositatis.

330 3086 484 3141 Vicit
514 3087 635 3142 haec
669 3086 878 3142 ultima
902 3093 962 3142 ut
991 3087 1336 3146 attenderet.
1355 3093 1412 3140 et
1431 3102 1546 3140 non
1573 3085 1765 3139 solum
1797 3082 1983 3147 oculo,

332 3178 434 3231 sed
466 3183 521 3232 et
550 3184 722 3233 cauto
754 3179 950 3232 volatu
975 3183 1322 3248 sequeretur
1337 3176 1642 3231 columbas
1668 3175 1977 3246 fugientes,
2010 3187 2054 3250 ο

331 3265 483 3319 haud
539 3266 666 3320 sine
717 3283 894 3320 causa
935 3283 1139 3321 verens
1172 3271 1236 3320 nt
1282 3266 1457 3335 longa
1488 3263 1606 3318 illis
1637 3272 1689 3318 et
1721 3263 1854 3317 felix
1906 3263 1979 3316 ad

332 3358 656 3406 extremum
712 3354 848 3422 fuga
888 3353 1275 3421 contingeret.
1335 3352 1566 3406 Audivit
1615 3355 1809 3404 autem
1866 3349 1983 3420 pri-

331 3441 578 3493 muriam
604 3439 1013 3493 columbarum
1047 3440 1129 3494 sic
1161 3441 1573 3494 admonentem
1609 3440 1836 3493 socias:
1891 3437 1980 3492 Vi-

333 3528 484 3580 detis
517 3528 671 3580 hunc
719 3544 1004 3598 aucupem
1057 3545 1233 3582 cursu
1282 3533 1671 3582 assectantem
1724 3528 1980 3582 volatum

336 3621 620 3681 nostrum;
650 3617 702 3669 id
738 3615 835 3670 ille
883 3617 1052 3670 faciet
1091 3618 1349 3687 quandiu
1403 3635 1581 3688 supra
1632 3616 1985 3687 campestria

335 3712 390 3757 et
439 3705 609 3774 plana
661 3706 784 3760 loca
840 3706 1189 3761 volabirnus.
1223 3706 1543 3761 Flectamus
1573 3706 1745 3777 igitur
1779 3722 1983 3760 censeo

335 3811 538 3847 versus
573 3802 824 3849 montem
860 3796 1037 3849 istum
1074 3797 1326 3863 scopulis
1380 3797 1684 3866 prmruptis
1719 3795 1979 3848 invium:

340 3885 517 3936 simul
563 3901 628 3937 eo
690 3901 793 3938 nos
853 3886 1087 3938 tendere
1141 3885 1369 3944 viderit.
1431 3884 1761 3953 desperabit
1817 3883 1980 3952 sequi

340 3989 512 4044 posse
545 3989 609 4025 ac
639 3989 874 4027 securas
909 3973 1219 4044 relinquet.
1247 3975 1342 4028 Est
1365 3974 1520 4028 aliud
1560 3980 1833 4044 praeterea
1864 3989 1979 4042 quo

337 4061 476 4115 illuc
509 4061 726 4116 trahor:
763 4061 990 4116 habitat
1021 4061 1098 4116 ibi
1129 4063 1368 4132 quidam
1403 4061 1628 4116 amicus
1686 4077 1848 4115 meus
1882 4061 1980 4130 qui

335 4167 441 4205 nos
474 4152 735 4220 expediet
778 4150 870 4206 his
922 4150 1168 4222 laqueis.
1227 4154 1618 4207 Assenserunt
1675 4151 1978 4206 columbae.

333 4238 578 4294 Volatus
610 4239 1004 4294 communiter
1033 4241 1295 4295 omnium
1342 4258 1520 4311 super
1563 4239 1780 4294 montis
1813 4240 1978 4293 fasti-

335 4326 498 4395 gium
535 4328 876 4395 intenditur;
905 4333 1166 4393 venator,
1198 4346 1301 4400 spe
1332 4345 1516 4399 opera
1550 4327 1719 4400 pretii
1752 4328 1978 4397 perdita

333 4415 573 4469 recedit.
627 4416 865 4483 Corvus,
926 4435 1072 4473 nova
1125 4418 1464 4473 curiositate
1521 4417 1838 4472 instinctus
1893 4417 1975 4470 vi-

334 4503 508 4558 dendi
539 4505 710 4561 amici
742 4523 917 4577 quam
948 4507 1221 4562 columba
1261 4512 1702 4572 memoraverat,
1758 4511 1814 4561 et
1859 4522 1974 4576 quo

2089 561 2249 616 pore,
2282 561 2415 599 cum
2449 548 2506 599 et
2537 544 2622 600 sol
2672 545 2824 600 luna:
2874 544 3227 616 interpositu
3285 545 3539 611 deﬁciat,
3601 543 3742 601 luna

2088 635 2307 688 umbrae
2338 639 2508 688 terrae
2539 634 2814 690 imn'erso
2847 635 3217 701 obscuretur,
3249 634 3429 705 piscis
3477 652 3546 690 ex
3607 652 3738 706 pro-

2087 723 2269 778 fundo
2329 722 2519 794 pelagi
2579 723 2754 779 hamo
2815 723 3115 790 evellatur,
3173 741 3306 778 aves
3350 723 3554 794 sagitis
3612 724 3736 779 icta

2087 811 2440 881 dejiciantur
2461 829 2528 867 ex
2558 829 2710 880 aere,
2745 817 2921 884 atque
2974 813 3031 867 in
3081 817 3296 868 terram
3329 813 3584 883 delapsa:
3641 829 3731 868 ca-

2085 901 2338 972 piantur,
2377 903 2611 972 quando
2644 903 2728 957 sic
2751 903 2840 957 lex
2871 902 3065 958 fatalis
3098 903 3328 957 statuit.
3381 903 3537 958 Adeo
3597 903 3734 972 quid

2084 991 2335 1063 quisque
2365 992 2525 1058 vitet,
2557 992 2701 1046 nulli
2737 993 2880 1048 satis
2911 997 3149 1048 cautum
3183 998 3294 1059 est,
3327 1009 3459 1046 cum
3493 992 3611 1046 sint
3632 1009 3734 1046 suc

2085 1099 2286 1138 cessus
2304 1088 2623 1138 conatuum
2641 1083 3034 1150 itaincerti,ut
3059 1084 3263 1138 eadem
3282 1082 3525 1154 sapevel
3548 1082 3730 1136 simili

2083 1188 2258 1242 opera
2290 1189 2408 1242 qua
2430 1172 2644 1228 stultus
2669 1178 2866 1244 optato
2890 1173 3398 1244 potitur,sapiens,
3422 1176 3725 1242 quantum-

2081 1261 2168 1315 vis
2195 1261 2481 1317 sollicitus
2511 1268 2568 1316 et
2606 1266 2842 1317 strenue
2896 1268 3192 1334 satagens,
3255 1278 3432 1332 scopo
3484 1262 3729 1316 excidat.

2156 1367 2251 1422 Ill.
2287 1373 2415 1423 Haic
2437 1368 2726 1440 loquentis
2758 1369 3044 1424 columbae
3075 1386 3206 1423 mus
3238 1367 3736 1436 ofﬁciosissimus,

2083 1473 2186 1527 per
2217 1472 2280 1511 se
2309 1457 2642 1529 intelligens
2673 1458 2809 1530 quid
2839 1475 2988 1530 opus
3022 1459 3172 1513 facto
3203 1463 3358 1513 esset
3377 1457 3552 1526 erepit
3575 1474 3737 1511 arro-

2082 1547 2218 1600 dere
2250 1547 2526 1602 dentibus
2557 1547 2789 1602 vincula
2821 1553 2885 1602 ut
2913 1565 3039 1603 eam
3077 1547 3286 1602 horum
3338 1563 3493 1601 nexu
3546 1544 3740 1599 exsol-

2080 1641 2256 1690 veret.
2294 1640 2363 1690 At
2393 1636 2511 1701 illa,
2554 1637 2744 1708 magis
2783 1636 3036 1692 sollicita
3093 1654 3196 1708 pro
3254 1636 3452 1701 sociis,
3520 1634 3742 1705 Incipe,

2083 1725 2288 1793 amice,
2325 1725 2535 1796 inquit,
2560 1725 2965 1796 gratissimum
2990 1726 3249 1781 ofﬁcium
3275 1743 3308 1780 a
3328 1723 3584 1779 vinculis
3617 1741 3742 1794 quae

2084 1813 2314 1868 sodales
2335 1814 2749 1885 constringunt
2772 1831 2930 1869 meas
2965 1814 3103 1869 mihi
3141 1814 3380 1886 meipsa
3412 1813 3739 1869 chariores.

2085 1903 2322 1957 Audivit
2354 1919 2504 1972 mus,
2567 1919 2670 1958 nec
2730 1905 2952 1959 destitit
2999 1920 3191 1974 agere,
3243 1905 3397 1974 quod
3459 1910 3741 1974 emperat,

2084 1991 2244 2046 omni
2275 1993 2494 2047 ratione
2525 1993 2768 2063 cupiens
2796 1998 2929 2048 ante
2956 2010 3159 2048 omnes
3182 1994 3435 2048 amicam
3468 1992 3742 2046 liberare.

2083 2081 2294 2151 Sicque
2346 2082 2561 2137 surdus
2618 2083 2690 2136 ad
2767 2083 3054 2136 monitum
3115 2083 3502 2137 incumbebat
3553 2080 3742 2151 operi,

2086 2170 2278 2240 quoad
2303 2170 2578 2225 columba
2609 2172 2798 2241 major
2827 2171 3104 2226 intentius
3164 2172 3515 2229 vociferans.
3559 2170 3742 2240 Atqui

2087 2258 2134 2312 si
2168 2258 2310 2312 mihi
2347 2258 2573 2328 placere
2605 2261 2830 2325 studes,
2880 2259 3091 2332 inquit,
3152 2261 3377 2314 audiet
3435 2260 3529 2314 fac
3585 2259 3745 2328 quod

2091 2364 2310 2419 precor.
2345 2347 2490 2403 Vilis
2524 2349 2668 2403 mihi
2703 2365 2830 2404 mea
2855 2355 2944 2405 est
2975 2349 3158 2416 salus,
3192 2354 3363 2419 prout
3423 2348 3585 2402 hisce
3651 2365 3748 2401 co-

2087 2437 2644 2508 gnatisjunioribus
2678 2440 3006 2494 consultum
3068 2444 3298 2494 mature
3351 2437 3554 2505 velim,
3610 2455 3752 2492 con-

2089 2533 2266 2580 testor
2295 2532 2350 2580 et
2380 2527 2661 2582 denuntio
2696 2528 2838 2582 nihil
2868 2545 3040 2600 agere
3078 2534 3134 2581 te
3169 2529 3324 2599 quod
3390 2527 3598 2596 gratia:
3634 2525 3753 2580 im-

2091 2620 2311 2686 putem,
2345 2616 2392 2669 si
2426 2634 2516 2670 me
2549 2618 2796 2688 primam
2839 2618 3216 2682 liberaveris;
3247 2617 3554 2687 antiquior
3606 2615 3755 2668 mihi

2091 2704 2260 2776 longe
2287 2722 2428 2760 cura
2461 2709 2708 2760 istarum
2739 2711 2828 2760 est
2861 2723 2998 2761 mea:
3057 2707 3190 2761 ﬁdei
3251 2706 3746 2760 commissarum.

2091 2793 2148 2844 Si
2180 2795 2418 2846 venator
2449 2793 2839 2864 superveniat,
2875 2792 3072 2848 malim
3109 2810 3200 2847 me
3230 2792 3422 2846 adhuc
3458 2793 3755 2846 irretitam

2095 2897 2266 2944 quam
2293 2880 2423 2936 illas
2444 2881 2718 2952 opprimi.
2763 2883 2905 2936 Dum
2939 2881 3100 2938 salva
3133 2899 3230 2937 eas
3292 2881 3638 2951 liberaeque
3673 2880 3757 2932 vi-

2098 2970 2290 3036 deam,
2319 2987 2517 3025 casum
2554 2972 2820 3042 quemvis
2853 2974 2997 3026 ferre
3030 2989 3269 3043 possum
3305 2988 3472 3041 arquo
3528 2970 3753 3024 animo.

2097 3061 2306 3127 Quare,
2340 3060 2388 3114 si
2421 3077 2513 3114 me
2571 3078 2758 3125 amas,
2810 3063 3110 3116 sororibus
3155 3069 3288 3116 ante
3345 3060 3553 3115 omnia
3609 3060 3754 3113 meis

2099 3148 2463 3204 exsolvendis
2485 3167 2642 3205 vaca.
2677 3150 2782 3205 Ubi
2825 3168 3028 3206 omnes
3061 3150 3192 3205 illas
3238 3149 3599 3221 expedieris,
3661 3165 3752 3202 me

2097 3255 2331 3308 quoque
2362 3239 2540 3292 simili
2591 3239 2908 3309 dignabere
2948 3239 3265 3295 beneﬁcio:
3326 3257 3443 3293 non
3477 3238 3638 3292 enim
3699 3243 3753 3291 te

2098 3327 2480 3397 quantumvis
2534 3327 2757 3383 lassum
2808 3345 3037 3385 cessare
3065 3334 3263 3384 tunca
3296 3345 3389 3382 me
3443 3327 3752 3382 liberanda

2097 3416 2250 3470 sinet
2310 3417 2780 3488 compertissima
2832 3418 2975 3472 mihi
3033 3422 3136 3472 tua
3184 3418 3241 3471 in
3297 3434 3389 3470 me
3450 3416 3748 3472 Charitas:

2098 3504 2258 3575 quali
2289 3521 2422 3560 cum
2455 3505 2561 3560 has
2585 3523 2697 3560 non
2719 3507 3092 3578 amplectere,
3117 3507 3382 3562 nondum
3419 3511 3594 3560 notas
3623 3504 3751 3570 tibi,

2095 3610 2324 3648 vererer
2358 3593 2700 3657 ne,liberata
2756 3612 2869 3663 me,
2932 3597 2988 3650 in
3048 3595 3257 3651 harum
3319 3595 3524 3666 aliqua
3585 3595 3754 3649 extri-

2097 3684 2281 3738 canda
2313 3685 2510 3752 segnis
2542 3702 2725 3748 esses,
2757 3691 2813 3739 et
2840 3685 2937 3739 illa
2968 3686 3182 3740 misera
3215 3686 3409 3755 praeda
3440 3685 3752 3739 ﬁeret’huc

2100 3776 2241 3827 forte
2273 3775 2357 3828 vel
2391 3793 2519 3828 sero
2555 3777 2889 3846 adrepentis
2918 3778 3183 3846 aucupis.
3211 3776 3374 3838 Quod
3408 3779 3457 3830 si
3486 3776 3750 3830 aeei‘iere

2098 3870 2361 3917 nostrum
2424 3865 2674 3935 cuipiam
2755 3866 2871 3919 fato
2931 3867 3230 3920 decretum
3290 3872 3400 3935 est,
3459 3881 3746 3935 occupare

2096 3953 2248 4006 is:ud
2275 3954 2659 4008 infortunium
2686 3954 2744 4008 in
2777 3972 2970 4010 meum
3000 3956 3362 4026 caputlonge
3384 3954 3544 4009 malo
3569 3971 3741 4025 quam

2095 4043 2274 4095 ullam
2305 4042 2783 4098 dulcissimarum
2819 4045 2960 4098 mihi
2994 4046 3272 4100 comitum
3310 4045 3744 4115 prodere.’l‘alia

2095 4147 2226 4185 mus
2274 4132 2550 4185 audiens:
2613 4137 2797 4196 Quam
2848 4140 3069 4202 sancte,
3119 4135 3199 4188 ait
3247 4136 3528 4189 amicitiae
3587 4134 3738 4203 leges

2091 4220 2271 4286 colas,
2305 4226 2408 4275 tua
2441 4221 2560 4276 haec
2592 4223 2960 4278 demonstrat
2990 4224 3194 4278 oratio.
3244 4225 3418 4280 Porro
3481 4224 3598 4279 ista
3645 4226 3738 4278 lvo-

2092 4308 2242 4363 nitas
2273 4315 2330 4363 et
2379 4326 2636 4366 amorem
2699 4312 2758 4366 in
2809 4318 2863 4368 te
2921 4319 3170 4368 veterem
3223 4315 3433 4368 fortius
3491 4313 3738 4370 intendit

2089 4414 2308 4464 meum,
2342 4405 2398 4454 et
2427 4401 2719 4455 sodalium
2744 4401 2848 4455 tibi
2874 4409 3108 4457 tuarum
3137 4405 3520 4473 majorem,ut
3549 4421 3738 4475 spero,

2089 4487 2423 4543 conciliabit
2453 4489 2819 4545 charitatem.
2855 4491 2931 4546 Ea
2962 4490 3208 4562 loquens
3240 4492 3450 4548 sedulo
3473 4494 3741 4550 incubuit

328 4590 382 4646 is
412 4597 580 4663 ρει,ιο
613 4593 967 4650 liberaturus
997 4612 1124 4652 eam
1158 4600 1330 4659 esset,
1374 4595 1484 4651 αιίε
1516 4599 1572 4650 ει
1622 4595 1746 4666 ipse
1799 4611 1980 4666 supra
2011 4577 2055 4639 1)
2092 4578 2147 4630 in
2181 4578 2441 4632 rodenda
2473 4579 3097 4651 ﬁlaquibuscolumbae
3121 4582 3377 4639 minores
3401 4584 3741 4656 ligabantur

330 4686 588 4737 montem
644 4682 872 4739 nititur.
926 4688 1138 4739 Cavum
1198 4685 1276 4738 ibi
1330 4689 1454 4740 erat
1509 4684 1695 4739 muris
1747 4683 1969 4739 vetuli:

322 4785 503 4841 prope
535 4772 956 4829 descendentes
999 4773 1418 4845 acquieverunt
1465 4773 1744 4829 columbae
1792 4771 1970 4828 simul

322 4874 549 4924 omnes.
583 4863 863 4917 Prodicus
895 4878 1032 4917 cavo
1070 4879 1198 4917 mus
1246 4861 1580 4917 columbam
1642 4862 1969 4934 principem

318 4947 432 5004 sibi
464 4948 606 5006 olim
635 4951 988 5006 familiarem
1013 4967 1223 5022 magno
1245 4952 1542 5025 excipiens
1571 4952 1803 5019 affectu,
1829 4952 1970 5016 Quis

319 5041 398 5098 te.
432 5038 646 5109 inquit,
678 5038 1047 5110 charissima,
1088 5039 1180 5096 his
1228 5040 1518 5112 implicuit
1575 5040 1870 5097 vinculis?
1897 5046 1970 5096 At

316 5124 440 5194 illa,
474 5126 696 5196 Nescis,
731 5127 830 5196 ait,
875 5129 1027 5184 bona
1084 5135 1142 5185 et
1198 5129 1350 5186 mala
1397 5130 1558 5186 fatali
1620 5130 1967 5187 mortalibus

317 5215 666 5272 necessitate
686 5215 990 5289 provenire
1012 5218 1039 5272 ?
1071 5219 1274 5274 Fatum
1295 5236 1385 5275 me
1418 5220 1653 5290 impulit
1683 5221 1752 5275 ad
1786 5237 1966 5292 grana

314 5304 598 5362 insidiose
627 5322 834 5378 sparsa
864 5308 1229 5378 appetenda;
1280 5307 1432 5378 quod
1464 5309 1603 5362 dum
1665 5324 1768 5376 ago
1828 5324 1962 5363 cum

311 5392 472 5448 hisce
508 5395 654 5451 meis
691 5395 992 5451 sororibus
1043 5396 1352 5468 implicatas
1404 5396 1514 5451 hoc
1575 5396 1681 5451 reti
1731 5413 1959 5452 sumus.

309 5483 448 5552 quia
505 5487 554 5538 id
617 5484 888 5540 aviditate
938 5486 1242 5540 obcaecataa
1305 5502 1419 5540 non
1470 5484 1634 5556 prius
1684 5485 1959 5555 vidimus,

309 5588 483 5642 quam
527 5574 622 5628 illo
655 5573 1005 5628 constrictas
1030 5590 1136 5628 nos
1169 5573 1489 5642 sensimus,
1517 5589 1618 5628 nec
1642 5573 1828 5629 mirus
1860 5580 1959 5630 aut

308 5661 441 5715 mihi
478 5681 661 5717 novus
712 5663 806 5717 hic
861 5679 1035 5716 casus
1084 5668 1209 5718 est:
1265 5679 1293 5716 e
1349 5662 1718 5734 gravioribus
1778 5665 1955 5718 evasi.

2085 4669 2272 4737 quoad
2306 4667 2376 4721 iis
2411 4666 2578 4739 plane
2609 4670 2798 4740 ruptis
2833 4670 2943 4725 illaa
2974 4688 3179 4727 omnes
3213 4673 3270 4727 in
3302 4689 3580 4729 securum
3611 4691 3740 4729 avo-

2081 4754 2300 4810 larunt.
2325 4755 2439 4810 Has
2476 4755 2681 4812 ultima
2712 4759 2999 4824 omnium,
3031 4759 3226 4816 soluta
3281 4767 3338 4816 et
3394 4763 3547 4833 ipsa,
3609 4769 3736 4834 post

2080 4845 2301 4901 multas
2331 4850 2490 4901 actas
2519 4847 2800 4902 servatori
2832 4847 3070 4920 gratias,
3110 4851 3294 4921 major
3315 4851 3599 4908 columba
3646 4858 3737 4908 est

2079 4939 2303 4990 secuta.

2151 5041 2242 5096 IV.
2269 5040 2370 5095 His
2401 5056 2606 5096 corvus
2639 5041 3062 5099 animadversis
3092 5047 3368 5101 continuo
3400 5064 3461 5101 se
3484 5049 3733 5104 contulit

2079 5132 2147 5185 ad
2183 5147 2247 5186 os
2275 5145 2533 5184 caverna:
2566 5131 2776 5200 muris,
2836 5132 2891 5185 in
2945 5150 3097 5200 eam,
3140 5135 3336 5190 statim
3400 5142 3578 5209 atqoe
3634 5155 3729 5192 co-

2074 5219 2286 5275 lumba:
2321 5218 2647 5286 avolarunt,
2672 5220 2864 5276 denuo
2897 5224 3140 5292 conditi,
3202 5224 3492 5297 illumque
3542 5228 3730 5283 nomi-

2077 5309 2256 5364 natim
2292 5307 2568 5364 evocavit.
2629 5310 2948 5380 Respondit
2996 5329 3128 5368 mus
3186 5330 3253 5368 ex
3308 5318 3437 5370 tuto
3491 5317 3731 5370 minime

2075 5398 2371 5468 prodiens:
2405 5396 2548 5460 Quis
2573 5397 2728 5452 enim
2763 5404 2825 5454 tu
2850 5415 2913 5454 es
2933 5401 3031 5471 qui
3065 5403 3375 5459 mevocas?
3417 5403 3732 5475 Resposnit

2074 5487 2168 5541 is:
2203 5488 2318 5558 Ego
2349 5503 2476 5543 sum
2537 5504 2765 5553 corvus,
2828 5489 2928 5560 qui
2981 5493 3292 5548 observata
3349 5494 3466 5550 ﬁde
3523 5501 3628 5550 tua
3679 5500 3729 5549 et

2070 5576 2356 5632 charitate
2387 5577 2444 5631 in
2505 5576 2748 5646 amicos,
2811 5580 3093 5650 majorem
3149 5581 3205 5636 in
3262 5583 3506 5638 modum
3561 5583 3729 5654 cupio

2071 5665 2218 5720 inire
2247 5670 2436 5720 tecum
2469 5665 2809 5735 amicitiam,
2851 5673 2909 5722 et
2933 5684 3000 5724 ea
3056 5670 3241 5739 gratia
3300 5669 3415 5724 huc
3484 5673 3724 5728 accessi.
